4054 6404
565 400 703 458 1075

1353 410 1442 466 DE
1486 409 1873 467 VETERIBUS
1910 410 2312 479 QUIBUSDAM
2353 409 2708 469 ECCLESIAE
2744 408 3040 465 RITIBUS.

3684 404 3827 461 1οη

561 520 685 585 Ῠηθει
713 520 980 591 Virginum
1035 537 1325 579 numerum
1374 527 1727 596 opponebat:
1764 525 1831 581 Ut
1871 544 1997 597 pene
2017 527 2135 596 jam
2165 535 2210 588 Λ
2244 526 2389 591 sint,
2444 541 2607 595 neque
2659 522 3049 578 clandestinum
3108 520 3506 574 matrmtonium
3571 520 3783 573 inierint
3807 558 3825 585 ,

560 613 755 680 major,
783 612 980 683 inquit,
1022 614 1078 667 in
1128 613 1378 671 Ecclesiis
1421 618 1664 672 omnibus
1696 620 1955 690 virginum
2005 619 2147 688 apud

2248 617 2438 687 exiguo
2502 628 2730 687 tempore
2783 616 3099 686 interlapso,
3162 623 3439 685 postquam
3486 611 3722 681 precibus
3777 623 3830 668 et

558 720 667 769 sos,
690 721 850 774 quam
874 704 1155 759 mulierum
1171 709 1521 762 numerositas
1543 708 1819 764 habeatur.
1844 709 1946 765 Cui
1966 710 2144 780 plane;
2240 708 2463 778 jejuniis
2488 710 2808 773 vacaverint,
2833 709 3131 764 communio
3160 707 3269 761 illis
3303 705 3659 776 indulgeatur.
3689 702 3828 761 Neo-

562 804 624 849 ut
680 810 781 849 nos
814 795 1082 851 haereticis
1109 798 1387 853 hodiernis
1421 800 1683 861 solemus.
1713 802 2008 869 respondet
2036 802 2150 855 Au-

558 885 810 954 gustinus
837 926 853 952 ,
888 886 962 941 ita
996 887 1359 958 virginitatem
1380 891 1432 943 in
1475 888 1720 945 Ecclesia
1751 892 2147 957 commendari,

562 979 639 1032 ttti
697 979 904 1048 nuptize
966 995 1310 1050 nequaquam
1380 983 1774 1052 improbentur.
1824 985 2149 1039 Ammianus

557 1069 927 1126 Marcellinus.
953 1080 1147 1127 auctor
1201 1073 1454 1129 ethnicus
1500 1074 1551 1127 in
1586 1075 1736 1130 calce
1789 1075 1884 1130 lib.
1912 1092 2042 1129 xvnt
2076 1076 2149 1130 De

557 1159 760 1229 Sapore
789 1178 809 1216 :
845 1160 1097 1218 Inventas
1162 1174 1333 1217 tamen
1384 1165 1521 1219 alias
1570 1166 1792 1235 virgines
1844 1166 2153 1223 Christiano.

557 1254 667 1306 ritu
704 1254 876 1307 cultui
923 1253 1101 1309 divino
1125 1266 1387 1321 sacratas,
1416 1259 1673 1312 custodiri
1706 1260 1954 1325 intactas,
1989 1268 2039 1313 et
2070 1276 2151 1313 re-

555 1341 742 1414 ligioni
784 1346 974 1399 servire
1012 1347 1166 1401 solito
1207 1364 1382 1413 more,
1451 1349 1596 1404 nullo
1626 1360 1852 1415 vetante,
1882 1351 2144 1421 prwcipit.

556 1434 709 1490 Pleni
739 1445 868 1491 sunt
914 1435 1258 1505 Tertulliani,
1303 1438 1582 1510 Cypriani,
1628 1441 1876 1495 omnium
1912 1442 2150 1512 denique

555 1527 1049 1584 vetustissimorum
1100 1528 1322 1584 Patrum
1385 1531 1507 1585 libri
1551 1571 1567 1594 ,
1646 1542 1703 1587 ut
1757 1533 2147 1605 Augustinum,

557 1616 969 1691 Hieronymum,
1002 1622 1355 1678 Ambrosium
1419 1624 1664 1695 aliosque
1697 1636 2034 1695 praeteream,
2061 1644 2150 1683 sa-

556 1729 774 1769 cratum
809 1715 1087 1771 mentione
1128 1716 1425 1787 virginum,
1454 1733 1593 1787 quas
1642 1717 1754 1774 Deo
1799 1731 2149 1775 consecratas

554 1817 609 1861 et
655 1817 781 1863 voto
831 1808 995 1863 etiam
1049 1808 1367 1874 obstrictas,
1420 1810 1514 1866 Dei
1565 1822 1731 1883 atque
1783 1810 2041 1867 Ecclesiae
2089 1827 2150 1867 se

2249 800 2570 856 czesariense
2609 816 2758 863 vero,
2811 816 2936 856 can.
2983 800 3013 853 7
3051 817 3064 855 :
3110 798 3485 871 Πρεσϐύτερον
3507 799 3587 860 είς
3618 796 3831 867 γάμους

2248 891 2623 963 διγαμούντων
2649 893 2722 965 μὴ
2749 890 3031 946 ἑστιᾶσθαι
3051 907 3066 923 ο
3093 890 3215 943 ἐπεὶ
3234 889 3522 961 μετάνοιαν
3554 889 3827 953 αἰτοῦντος

2248 983 2343 1037 τοῦ
2379 983 2645 1055 διγάμου,
2690 984 2774 1049 τίς
2821 983 2973 1037 ἔσται
3018 984 3047 1037 ὁ
3093 981 3495 1053 πρεσϐύτερος,
3541 982 3570 1035 ὁ
3608 979 3697 1033 διὰ
3731 979 3832 1051 τῆς

2250 1076 2543 1141 ἑστιάσεως
2568 1075 3093 1147 συγκατατιθέμενος
3118 1078 3229 1138 τοῖς
3258 1074 3490 1144 γάμοις;
3515 1070 3667 1127 Vetat
3703 1086 3835 1142 pre-

2250 1170 2528 1239 sbyterum
2557 1169 2899 1239 digamorum
2942 1166 3148 1237 nuptiis
3180 1168 3464 1231 interesse,
3495 1180 3563 1219 ne
3592 1180 3833 1235 praesen-

2251 1261 2324 1315 tia
2366 1277 2461 1317 sua
2504 1262 2617 1318 illis
2653 1261 2941 1333 sutl‘ragari
2987 1262 3254 1315 videatur.
3286 1258 3367 1313 Ad
3402 1260 3516 1314 haec
3546 1261 3833 1330 Ancyrana

2250 1355 2489 1425 synodus
2520 1370 2644 1410 can.
2692 1354 2759 1409 19
2800 1353 2994 1425 jubet,
3028 1362 3090 1409 ut
3120 1353 3211 1423 qui
3251 1351 3637 1422 virginitatem,
3665 1366 3829 1421 quam

2252 1447 2362 1500 Deo
2410 1446 2849 1516 spoponderant,
2897 1445 3175 1509 violarint,
3231 1444 3420 1500 eadem
3469 1459 3576 1514 qua
3629 1442 3834 1512 digami

2250 1553 2412 1607 plena
2474 1519 2844 1591 coerceantur.
2896 1537 3132 1607 Apparet
3187 1535 3352 1605 igitur
3398 1534 3648 1606 digamos
3701 1533 3833 1589 olim

2250 1627 2549 1698 ignominia
2604 1636 2837 1692 notatos,
2886 1638 2937 1683 et
2991 1628 3056 1683 ad
3109 1627 3382 1697 publicam
3432 1626 3832 1697 paenitentiam,

2251 1719 2344 1774 sed
2401 1734 2522 1774 eam
2575 1719 2888 1789 perbrevem
2947 1733 3012 1774 ac
3060 1716 3478 1772 tolerabiliorem
3504 1755 3520 1779 ,
3578 1714 3834 1770 astrictos

2252 1807 2443 1864 fuisse.
2492 1806 2611 1863 Jam
2659 1822 2823 1878 supra
2875 1808 3112 1863 vidimus
3157 1822 3325 1877 quam
3377 1821 3568 1862 severa
3616 1805 3833 1860 concilii

556 1901 837 1970 obsequiis
891 1900 1170 1956 addixisse
1192 1909 1480 1956 testantur.
1528 1901 1586 1957 In
1631 1904 1919 1974 Ancyrano
1958 1903 2145 1958 conci-
2179 1893 2220 1948 Β
2249 1897 2568 1953 Eliberitani
2603 1900 2814 1954 sanctio
2846 1897 3028 1963 fuerit,
3057 1914 3180 1953 cum
3235 1897 3291 1951 in
3328 1895 3583 1966 praesenti
3612 1893 3834 1949 naufra-

556 1993 650 2055 lio,
676 2007 798 2046 can.
842 1992 911 2048 19
941 2011 956 2048 ;
990 1993 1144 2048 Ὅσοι
1179 1994 1480 2066 παρθενίαν
1520 1996 1983 2067 ἐπαγγελλόμενοι
2027 1995 2151 2050 ἀθε-

556 2081 709 2135 τοῦσι
772 2080 871 2154 τὴν
927 2084 1292 2152 ἐπαγγελλίαν
1316 2125 1332 2151 ,
1402 2084 1493 2138 τὸν
1550 2084 1659 2139 τῶν
1718 2085 1964 2157 διγάμων
2021 2087 2148 2158 ὅρον

556 2174 1036 2245 ὲκπληρούτωσαν.
1093 2176 1538 2232 Cltalcedunense
1601 2193 1771 2243 vero,
1828 2194 1950 2233 can.
2016 2180 2085 2235 16
2132 2198 2147 2236 :

559 2265 830 2337 Παρθένον
872 2267 1069 2338 ἑαυτὴν
1094 2269 1386 2323 ἀναθεῖσαν
1426 2269 1506 2340 τῷ
1532 2271 1777 2341 Δεσπότῃ
1803 2270 1945 2341 Θεῷ,
1974 2271 2151 2325 ὡσαύ-

556 2375 665 2422 τως
692 2358 749 2412 δὲ
772 2361 867 2412 καὶ
894 2358 1215 2430 μονάζοντα,
1246 2362 1340 2414 καὶ
1371 2361 1446 2432 μὴ
1469 2360 1669 2427 ἐξεῖναι
1691 2363 1854 2434 γάμῳ
1886 2380 2151 2435 προσομι-

558 2451 696 2505 λεῖν·
735 2453 785 2505 εἰ
837 2452 891 2505 δέ
930 2470 994 2522 γε
1044 2453 1317 2525 εὑρεθεῖεν
1349 2453 1509 2509 τοῦτο
1559 2456 1860 2520 ποιοῦντες,
1905 2456 2149 2510 ἔστωσαν

559 2543 932 2615 ἀκοινώνητοι.
975 2544 1311 2616 Epiphanius
1359 2557 1542 2603 noster
1595 2549 1649 2601 in
1689 2548 1959 2618 Attgclicis
2013 2549 2144 2602 haer.

559 2638 650 2705 60,
682 2655 737 2693 n.
768 2639 823 2703 7,
850 2638 1009 2695 docet
1040 2639 1298 2710 virgines,
1333 2655 1363 2694 a
1389 2640 1589 2709 quibus
1624 2640 1951 2707 virginitatis
1985 2655 2150 2709 spon-

560 2730 668 2794 sio,
697 2746 862 2800 quatn
896 2731 1184 2802 ὁμολογίαν
1225 2731 1494 2795 nominat,
1527 2731 1730 2785 violata
1778 2733 1846 2786 sit
1868 2774 1883 2795 ,
1929 2732 2150 2786 consul-

560 2822 669 2877 tius
712 2822 908 2888 l'acere,
944 2824 992 2879 si
1025 2839 1086 2879 se
1129 2823 1388 2893 legitimis
1415 2823 1618 2893 nuptiis
1674 2823 1900 2894 illigent,
1932 2833 1991 2879 ut
2027 2830 2152 2893 post

561 2914 876 2970 diuturnam
901 2916 1279 2985 paenitentiam
1311 2916 1565 2972 Ecclesia:
1585 2917 2022 2972 communionem
2050 2919 2150 2971 im-

564 3015 799 3076 petrent.
830 3006 1080 3063 Nondum
1115 3008 1322 3063 scilicet
1353 3022 1419 3063 ea
1454 3008 1678 3077 sponsio
1728 3018 1889 3062 tanta:
1932 3008 2143 3079 religio-

566 3099 654 3152 nis
679 3108 814 3163 erat,
842 3109 903 3153 ut
936 3099 1150 3154 irritum
1184 3099 1594 3154 matrimonium
1625 3098 1849 3154 faceret.
1882 3098 2015 3154 Vide
2043 3098 2150 3171 Cy-

564 3188 816 3257 prianum
852 3187 1025 3259 Epist.
1064 3191 1133 3243 ad
1167 3189 1539 3259 Pomponium,
1569 3190 1729 3259 cujus
1768 3190 1982 3244 initium
2014 3201 2099 3245 est
2132 3208 2145 3245 :

564 3278 809 3350 Legimus
834 3280 1043 3335 litteras
1076 3293 1216 3336 tuas.
1247 3282 1338 3337 Sic
1357 3280 1702 3336 Valentinum
1726 3283 2013 3338 concilium
2044 3282 2148 3338 sub

566 3368 820 3434 Damaso,
846 3386 967 3425 can.
996 3373 1052 3435 ἓ,
1122 3370 1384 3442 Virgines,
1412 3390 1529 3442 qua:
1572 3390 1627 3427 se
1664 3373 1772 3427 Deo
1802 3386 2068 3438 voverunt,
2099 3374 2147 3429 si

566 3461 638 3513 ad
674 3471 907 3517 terrenus
964 3465 1175 3533 nuptias
1221 3465 1550 3532 transierint,
1600 3468 1960 3534 penitentiam
1996 3482 2148 3537 agere

563 3550 737 3623 jubet.
769 3552 856 3608 Ea:
885 3571 1048 3624 porro
1078 3557 1148 3611 ab
1175 3558 1433 3628 episcopo
1461 3558 1941 3614 consecrabantur.
1989 3558 2147 3626 Quod

567 3660 639 3699 ne
690 3647 1002 3703 sacerdotes
1049 3661 1396 3717 usurparent,
1444 3651 1643 3720 sapius
1696 3650 2061 3717 interdictum,
2092 3659 2151 3706 ut

567 3736 823 3806 Carthag.
866 3754 903 3792 ιι
950 3747 1005 3792 et
1056 3756 1133 3793 Ill.
1161 3738 1394 3796 Basilius
1449 3741 1530 3793 Ad
1564 3741 1817 3810 Amp/15L.
1869 3758 1993 3797 can.
2058 3743 2145 3806 18,

569 3828 783 3883 illarum
834 3830 1124 3900 ὁμολογίαν
1165 3832 1336 3901 excipi
1382 3831 1537 3901 jubet
1588 3848 1732 3886 anno
1766 3834 1941 3887 aetatis
1975 3832 2040 3887 16
2068 3834 2150 3887 vel

570 3921 659 3973 17.
691 3918 943 3976 Severius
968 3922 1276 3991 Agatltense
1301 3922 1527 3987 concil.,
1558 3938 1679 3977 can.
1713 3923 1815 3978 l9:
1852 3922 2150 3977 Sanctimo-

570 4011 756 4075 niales,
804 4014 1183 4082 quantumlibet
1231 4015 1337 4067 vita
1388 4031 1573 4068 earum
1613 4025 1661 4068 et
1720 4031 1888 4069 mores
1942 4016 2152 4086 probati

569 4104 698 4165 sint,
731 4113 852 4157 ante
886 4120 1085 4157 annum
1116 4107 1289 4159 (etatis
1317 4123 1427 4159 suae
1458 4106 1528 4160 40
1557 4124 1660 4160 non
1685 4110 1936 4161 velentur.

639 4194 757 4248 Col.
778 4193 883 4248 884
903 4196 966 4247 Α.
991 4198 1054 4249 El
1080 4195 1147 4248 δέ
1162 4213 1250 4261 τις
1270 4196 1748 4265 τελευτησάσης.
1767 4196 1825 4252 lu
1846 4198 2037 4254 hteresi
2058 4199 2149 4261 59,

570 4303 627 4340 ιι.
664 4286 747 4348 14,
785 4287 1004 4341 tolerari
1031 4288 1387 4343 nihilominus
1422 4289 1541 4344 illos
1565 4290 1619 4343 in
1650 4289 1890 4346 Ecclesia
1915 4290 2148 4353 dixerat,

569 4378 663 4448 qui
695 4386 817 4447 post
847 4378 1137 4432 divortium
1165 4379 1297 4434 alias
1342 4395 1538 4436 uxores
1568 4380 1671 4435 sibi
1712 4383 2047 4451 copularent.
2076 4381 2151 4436 De

570 4486 681 4540 quo
702 4470 767 4524 ad
792 4469 941 4524 illum
966 4470 1142 4525 locum
1178 4473 1437 4527 nonnulla
1459 4472 1800 4543 scripsimus.
1824 4472 1921 4529 Hic
1945 4483 2148 4538 autem,

2264 1990 2335 2062 gii
2374 1990 2677 2059 mortisque
2701 1989 2944 2059 periculo
2975 2006 3006 2045 a
3036 2003 3366 2060 quocunque
3411 1986 3675 2057 baptizari
3705 2001 3832 2056 per-

2250 2081 2435 2144 mittit,
2468 2080 2702 2151 digamis
2730 2081 2995 2135 duntaxat
3024 2080 3289 2149 exceptis.
3328 2077 3432 2134 Sed
3479 2076 3836 2133 nihilominus

2252 2175 2306 2228 in
2338 2173 2635 2228 Ecclesiam
2686 2173 2886 2244 recepti
2935 2182 3059 2229 sunt
3109 2171 3332 2243 digami,
3381 2180 3435 2226 et
3480 2171 3573 2241 qui
3606 2186 3729 2226 cum
3764 2169 3835 2227 iis

2251 2265 2663 2321 communicare
2689 2265 2892 2320 nollent
2922 2279 3021 2334 pro
3053 2264 3323 2320 haereticis
3354 2262 3544 2318 habiti.
3580 2260 3717 2317 Hinc
3747 2260 3836 2315 Ni-

2251 2372 2486 2419 cenutn,
2524 2371 2644 2411 can.
2689 2356 2746 2423 8,
2785 2372 2909 2412 cum
2940 2354 3255 2411 Novatianis
3303 2354 3573 2410 hatreticis
3621 2353 3837 2424 profes-

2251 2447 2425 2503 sionis
2454 2445 2744 2504 formulam
2773 2448 3095 2518 praescribit,
3140 2448 3440 2503 secundum
3487 2462 3651 2516 quam
3686 2462 3836 2502 recc-

2250 2547 2377 2609 ptus
2413 2539 2523 2593 illis
2577 2538 2646 2593 ad
2695 2539 2995 2594 Ecclesiam
3053 2547 3234 2608 pateat
3285 2561 3297 2594 ;
3350 2536 3465 2611 Πρὸ
3511 2537 3727 2593 πάντων
3777 2536 3835 2591 δὲ

2249 2626 2431 2690 τοῦτο,
2480 2627 2679 2696 inquit,
2710 2627 3043 2699 ὁμολογῆσαι
3096 2627 3294 2691 αὐτοὺς
3344 2627 3637 2700 ἐγγράφως
3676 2644 3837 2698 προσ-

2250 2720 2394 2791 ήκει,
2426 2720 2508 2773 ὅτι
2553 2720 2904 2793 συνθήσονται
2969 2720 3063 2774 καὶ
3097 2718 3522 2791 ἀκολουθήσουσι
3569 2722 3683 2783 τοῖς
3737 2720 3837 2791 τῆς

2254 2809 2551 2881 καθολικῆς
2612 2811 2709 2865 καὶ
2770 2811 3136 2882 ἀποστολικῖκ
3194 2810 3517 2883 Ἐκκλησίας
3564 2811 3832 2882 δόγμασι,

2249 2903 2491 2956 τουτέστι
2527 2904 2621 2958 καὶ
2650 2903 2902 2975 διγάμοις
2940 2907 3246 2968 κοινωνεῖν,
3284 2906 3515 2968 καὶτοῖς
3559 2906 3616 2957 ὲν
3652 2903 3730 2974 τῷ
3765 2903 3837 2957 δι-

2249 2994 2423 3065 ωγμῷ
2452 2995 2950 3067 παραπεπτωκόσιν
2973 3013 2986 3026 ο
3014 2995 3151 3049 Ante
3171 2997 3351 3050 omnia
3371 2998 3568 3066 scripto
3599 2996 3835 3065 proﬁteri

2250 3086 2371 3142 illos
2400 3098 2621 3157 oportet,
2657 3104 2999 3143 consensuros
3032 3104 3085 3142 se
3146 3097 3304 3158 atque
3364 3092 3697 3158 amplexuros
3744 3104 3838 3142 ca-

2253 3178 2460 3233 tltolicte
2512 3189 2562 3233 et
2606 3179 2913 3249 apostolica:
2952 3177 3203 3234 Ecclesiae
3252 3179 3504 3249 dogmata
3534 3197 3552 3234 :
3583 3181 3837 3236 nimirum

2252 3279 2311 3324 ut
2351 3286 2470 3324 cum
2516 3270 2741 3340 digantis
2784 3271 3184 3336 communicent,
3219 3271 3385 3340 iisque
3426 3270 3518 3339 qui
3562 3270 3616 3323 in
3659 3287 3835 3340 perse-

2249 3364 2455 3417 cutione
2484 3361 2625 3432 lapsi
2653 3373 2797 3416 sunt.
2842 3362 2949 3417 Sed
3001 3363 3225 3432 quinam
3272 3362 3473 3432 digami
3525 3361 3602 3415 illi
3633 3360 3835 3417 fuerint

2248 3455 2530 3525 quaeritur.
2560 3453 2698 3509 Nam
2718 3455 3151 3524 juriscousultus
3176 3454 3420 3523 quidam,
3451 3455 3545 3524 qui
3578 3454 3634 3508 in
3662 3470 3834 3510 cano-

2249 3566 2379 3604 num
2418 3549 2674 3605 Ecclesiae
2694 3551 2936 3606 codicem
2968 3560 3124 3606 notas
3149 3550 3340 3615 edidit,
3364 3551 3525 3622 vulgo
3550 3550 3661 3606 fere
3688 3551 3836 3621 igno«

2248 3652 2363 3698 tum
2398 3659 2522 3698 esse
2550 3642 2702 3699 dicit.
2758 3642 2876 3712 Ipse
2921 3653 3103 3698 autem
3164 3652 3274 3699 tres
3329 3643 3582 3714 digamia:
3625 3645 3835 3713 species

2250 3734 2480 3804 explicat
2520 3752 2536 3787 :
2587 3734 2761 3804 prima
2805 3742 2908 3798 est,
2963 3748 3089 3791 cum
3142 3734 3332 3790 eodem
3384 3743 3626 3804 tempore
3675 3734 3834 3790 binas

2250 3840 2449 3880 uxores
2478 3826 2756 3895 quispiam
2809 3827 2990 3891 habet,
3021 3826 3165 3896 quod
3198 3827 3329 3881 olim
3362 3824 3563 3881 ludatis
3600 3825 3835 3893 licitum,

2251 3915 2514 3972 Romanis
2565 3917 2775 3987 legibus
2824 3917 3157 3987 prohibitum
3202 3916 3342 3984 fuit;
3392 3919 3560 3972 altera
3591 3927 3833 3985 est,cum

2250 4010 2375 4078 quis
2405 4019 2578 4064 morte
2603 4010 2801 4078 prioris
2834 4008 3085 4079 conjugis
3128 4010 3310 4064 soluto
3341 4009 3714 4073 matrimonio,
3745 4024 3835 4065 se-

2251 4100 2459 4156 cundas
2488 4100 2704 4170 nuptias
2732 4101 3040 4167 contrahit;
3073 4101 3253 4167 tertia,
3285 4117 3451 4171 quam
3487 4103 3649 4173 vulgo
3676 4102 3837 4173 igno-

2254 4199 2361 4244 tam
2393 4206 2515 4246 esse
2556 4191 2765 4254 statuit,
2802 4200 2886 4246 rst
2925 4206 3071 4254 cum,
3119 4202 3273 4247 extra
3298 4206 3520 4247 causam
3561 4191 3853 4255 adulterii,-

2253 4282 2536 4351 repudiata
2562 4282 2815 4351 conjuge,
2841 4281 3010 4335 altera
3038 4282 3497 4352 superinducitur.
3520 4281 3654 4337 Cum
3683 4280 3830 4337 enim

2253 4375 2418 4428 varia:
2445 4372 2662 4427 divortii
2688 4388 2870 4427 causa!
2897 4374 3033 4427 citra
3053 4373 3378 4444 adulterium
3410 4373 3593 4428 saeculi
3623 4373 3837 4443 legibus

2253 4466 2382 4520 olim
2415 4472 2641 4533 recepta:
2666 4462 2889 4529 fuerint,
2920 4478 3203 4532 nunquam
3241 4464 3484 4519 Ecclesia
3509 4464 3629 4518 illas
3658 4462 3834 4518 admi-

571 4578 695 4615 cum
732 4561 1001 4630 legitimos
1030 4562 1237 4617 scilicet
1271 4572 1325 4617 et
1360 4573 1603 4634 receptos
1630 4565 1700 4619 ab
1723 4563 1966 4621 Ecclesia
1998 4566 2147 4620 ordi-
2179 4571 2225 4625 ι)
2253 4558 2343 4613 δίιο
2371 4554 2637 4622 Ωυοοίτοει
2664 4554 2761 4624 lini
2796 4554 2917 4609 aliis
2947 4554 3014 4609 de
3054 4555 3259 4618 030838.
3290 4570 3454 4624 quam
3479 4565 3696 4626 propter
3735 4553 3833 4609 πά-

575 4670 670 4708 nes
710 4663 764 4707 et
800 4654 1000 4724 gradus
1047 4666 1409 4724 percenseret,
1443 4657 1725 4727 diligenter
1750 4658 2055 4712 cautionem
2088 4659 2153 4712 il-

574 4744 680 4798 lam
716 4745 985 4814 apposuit,
1018 4747 1233 4801 nonnisi
1267 4757 1387 4815 post
1418 4747 1613 4817 prioris
1647 4748 1893 4818 conjugis
1920 4758 2151 4804 mortem

575 4835 844 4890 Secundas
876 4836 1095 4906 nuptias
1147 4838 1459 4907 approbari,
1490 4839 1615 4900 etsi,
1650 4839 1729 4895 uti
1774 4839 2034 4904 diximus,
2070 4842 2152 4895 al-

575 4928 742 4982 terius
772 4928 982 4996 generis
1012 4937 1289 4999 utcunque
1332 4931 1651 4986 tolerentur.
1693 4932 2017 5003 Quanquam
2051 4932 2154 4988 ad-

574 5035 768 5074 versus
812 5019 1077 5090 digamos,
1114 5021 1228 5089 qui,
1266 5022 1445 5089 priore
1492 5037 1722 5088 mortua,
1751 5024 1974 5078 alteram
2013 5040 2152 5079 uxo-

576 5125 691 5163 rem
741 5109 1021 5171 ducerent,
1075 5110 1316 5164 Severior
1357 5110 1497 5179 apud
1553 5111 1806 5180 antiquos
1866 5111 2154 5181 disciplina

579 5199 702 5257 fuit.
751 5197 884 5252 Nam
930 5214 1086 5254 conc.
1124 5197 1316 5263 Laod.,
1350 5216 1472 5255 can.
1522 5200 1573 5264 1,
1623 5202 1694 5255 ita
1735 5202 1915 5256 sanxit
1955 5220 1969 5257 :
2022 5204 2156 5274 Περὶ

578 5291 672 5346 τοῦ
727 5291 836 5344 δεῖν
885 5292 1026 5344 κατὰ
1068 5291 1157 5345 τὸν
1211 5292 1661 5361 ἐκκλησιαστικὸν
1730 5294 1967 5356 κανόνα,
2029 5297 2157 5358 τοὺς

581 5380 874 5452 ἐλευθέραις
912 5379 1007 5433 καὶ
1046 5381 1286 5451 νομίμως
1322 5381 1687 5451 συναφθέντας
1747 5382 2018 5455 δευτέροις
2057 5385 2158 5451 γά-

583 5488 737 5543 μοις,
799 5470 872 5541 μὴ
921 5470 1297 5540 λαθρογαμίαν
1349 5474 1677 5541 ποιήσαντας
1726 5472 1907 5541 ὀλίγου
1965 5475 2160 5545 χρόνου

583 5560 961 5631 παρελθόντος,
990 5561 1085 5614 καὶ
1132 5562 1506 5632 σχολασάντων
1538 5566 1656 5627 ταῖς
1694 5569 2022 5635 προσευχαῖς
2065 5566 2159 5620 καὶ

582 5653 877 5723 νηστείαις,
916 5653 1058 5707 κατὰ
1104 5653 1432 5726 συγγνώμην
1470 5656 1814 5711 ἀποδίδοσθαι
1840 5658 2023 5722 αὐτοῖς
2060 5659 2160 5730 τὴν

583 5747 866 5800 κοινωνίαν
902 5746 1213 5819 ὼρῗσαμεν·
1258 5746 1328 5801 Ut
1373 5748 1659 5802 secundum
1702 5746 1953 5804 Ecclesia:
1997 5767 2158 5804 cano-

586 5853 700 5892 netn
746 5841 835 5911 qui
873 5838 1032 5896 libere
1069 5857 1131 5895 ac
1169 5840 1397 5912 legitime
1435 5841 1678 5898 secundis
1725 5842 1926 5911 nuptiis
1966 5841 2164 5914 illigati

2254 4650 2531 4711 ulterinm,
2573 4663 2742 4703 uxore
2779 4647 3027 4712 dimissa,
3079 4662 3203 4703 cum
3255 4648 3358 4701 alia
3392 4647 3705 4717 conjugium
3741 4661 3832 4702 so-

2252 4742 2442 4806 ciat-et,
2478 4740 2585 4804 hic,
2618 4741 2692 4794 ait
2717 4741 3149 4811 juriscousultus
3196 4741 3307 4804 ille,
3347 4743 3599 4812 digamus
3635 4756 3833 4797 cense-

2254 4831 2435 4894 batur,
2467 4832 2626 4902 eique
2657 4831 2920 4887 canonica
2949 4832 3038 4886 illa
3071 4832 3260 4895 multa,
3324 4833 3482 4902 cujus
3519 4830 3829 4888 Neocazsar.

2253 4934 2309 4979 et
2341 4923 2559 4978 Laodic.
2602 4924 2992 4987 meminerunt,
3038 4924 3399 4995 irrogaltatur.
3438 4923 3515 4977 Ex
3551 4939 3659 4994 qua
3704 4938 3833 4979 ora-

2256 5016 2402 5071 tione
2429 5017 2693 5086 sequitur,
2726 5017 2973 5087 digamos
3002 5015 3147 5082 illos,
3182 5018 3298 5087 qui,
3332 5027 3548 5072 mortua
3576 5017 3829 5087 conjuge,

2255 5109 2408 5163 alteri
2443 5123 2502 5163 se
2534 5110 2871 5177 copularent,
2937 5110 3119 5165 multa:
3156 5110 3318 5180 hujus
3347 5119 3595 5180 expertes
3638 5109 3847 5165 fuisse.‘

2258 5202 2363 5258 Sed
2405 5205 2519 5260 hazc
2564 5204 2814 5274 digamite
2844 5216 3043 5274 genera
3090 5204 3190 5259 tria
3238 5220 3413 5275 neque
3459 5204 3641 5274 ignota
3669 5205 3834 5274 vulgo

2257 5304 2433 5359 erant,
2466 5312 2640 5365 neque
2672 5295 2739 5349 ad
2773 5311 2883 5348 rem
2912 5295 3201 5364 pertinent,
3254 5303 3574 5365 constatque
3622 5295 3688 5349 ad
3731 5310 3830 5364 po-

2259 5396 2495 5442 stremos
2518 5386 2638 5439 illos
2662 5385 2910 5455 digatnos
2935 5393 3045 5439 tres
3071 5384 3195 5438 illos
3220 5382 3441 5437 totidem
3472 5382 3827 5437 conciliorum

2257 5480 2454 5534 citatos
2483 5492 2721 5533 canones
2764 5478 3031 5537 pertinere
3096 5473 3231 5529 Nam
3282 5473 3644 5528 Laodicenum
3676 5473 3829 5541 diga-

2260 5584 2381 5624 mos
2409 5582 2526 5630 eos,
2582 5568 2650 5621 de
2699 5566 2898 5636 quibus
2942 5566 3201 5636 loquitur,
3257 5564 3489 5635 appellat
3532 5562 3834 5634 ἐλευθέρως

2260 5661 2355 5713 καὶ
2379 5659 2623 5731 νομίμως
2648 5657 3014 5727 συναφθέντας
3045 5656 3317 5728 δευτέροις
3347 5654 3577 5725 γάμοις,
3604 5653 3835 5725 legitime

2263 5769 2325 5805 ac
2366 5752 2523 5807 libere
2553 5751 2791 5823 secundis
2843 5749 3039 5819 nuptiis
3077 5748 3337 5819 illigatos,
3374 5748 3476 5802 hoc
3510 5755 3594 5801 est
3638 5745 3730 5817 qui
3763 5743 3835 5800 li-

2264 5843 2441 5900 centia
2475 5852 2528 5900 et
2567 5841 2819 5897 facultate
2860 5841 2961 5897 sibi
2994 5856 3026 5897 a
3063 5839 3280 5897 Christo
3323 5848 3376 5894 et
3422 5836 3659 5894 Ecclesia
3702 5849 3833 5891 con-
