4054 6404
311 371 450 428 i075

1444 373 1782 430 APPENDIX
1819 373 2440 432 DISSERTATIONUM.

3437 375 3573 430 10τό

306 504 463 544 cessa
492 488 574 543 usi
622 487 818 554 forent,
848 489 1052 560 quique
1111 489 1162 543 id
1218 490 1453 561 legitime
1510 491 1783 548 fecissent.
1831 493 1888 547 ln
1921 500 1966 556 Α
1998 495 2073 549 illi
2108 495 2340 551 districti
2368 494 2588 550 fuerint.
2621 493 2730 550 Nec
2763 495 2920 549 aliter
2949 495 3199 551 Balsamo
3225 510 3289 550 ac
3333 493 3577 551 Zonaras

307 595 418 650 quo
465 579 696 634 ridicula
752 588 837 634 est
877 580 1256 649 iurisconsulti
1311 583 1601 651 expositio,
1651 587 1898 656 νομίμως

309 674 452 730 idem
499 689 622 729 esse
668 689 732 728 ac
787 674 1074 727 secundum
1126 674 1257 743 legis
1310 675 1556 730 [imitante
1607 677 1894 734 licentiam.
1963 673 1973 682 ’

307 765 497 836 Neque
543 767 689 821 enim
735 766 1141 821 ecclesiasticus
1194 767 1285 822 ille
1327 767 1550 822 Patrum
1601 783 1899 825 consessus

308 857 558 928 νομίμως
611 856 737 910 iniri
786 856 1007 925 nuptias
1059 855 1182 910 illas
1233 856 1509 924 ediceret,
1554 873 1692 927 quas
1747 858 1898 912 nullo

308 951 472 1006 modo
513 951 693 1007 licitas
740 967 917 1020 neque
949 958 1093 1005 ratas
1123 966 1246 1006 esse
1280 962 1656 1021 cognosceret.
1685 951 1896 1006 Etenim

308 1044 403 1115 qui
435 1045 574 1101 citra
605 1045 954 1108 adulterium,
983 1045 1119 1099 alias
1154 1045 1224 1100 ob
1256 1061 1472 1111 causas,
1510 1054 1733 1116 pr0pter
1761 1061 1899 1116 quas

308 1138 600 1193 divortium
641 1137 817 1192 facere
853 1138 1197 1208 imperatoris
1244 1138 1454 1208 legibus
1501 1137 1582 1192 fas
1626 1145 1729 1201 est,
1763 1153 1899 1191 uxo-

309 1244 425 1284 rem
474 1229 745 1286 dimiserit
795 1231 1071 1300 aliamque
1123 1231 1363 1295 duxerit,
1423 1233 1477 1285 in
1533 1229 1723 1284 eadem
1771 1243 1896 1283 cum

311 1319 572 1376 adulteris
624 1334 789 1376 causa
846 1320 1102 1377 Ecclesiae
1142 1321 1351 1392 judicio
1399 1323 1725 1392 decretoque
1775 1336 1898 1375 ver-

310 1422 502 1480 satur;
570 1428 746 1484 neque
801 1423 896 1468 aut
950 1415 1052 1470 levi
1105 1414 1426 1485 pcenitentia
1471 1414 1692 1485 defungi
1732 1425 1900 1484 pote-

310 1513 416 1570 rat,
450 1513 543 1559 aut
577 1505 733 1560 aliter
779 1521 943 1577 quam
997 1508 1210 1563 dissuto
1249 1507 1550 1578 posteriore
1598 1509 1898 1577 illicitoque

312 1599 691 1663 contubernio,
740 1599 885 1654 illam
942 1600 1114 1669 ipsam
1169 1601 1459 1670 impetrare
1498 1601 1894 1668 paenitentiam.

311 1690 781 1756 Quemadmodum
821 1693 1043 1756 devoue,
1083 1694 1183 1747 hoc
1217 1703 1320 1758 est,
1352 1709 1472 1763 quze
1517 1708 1576 1746 se
1615 1691 1724 1745 Deo
1757 1707 1891 1746 con-

311 1791 680 1847 secraverant,
712 1783 950 1852 virgines
997 1793 1090 1838 aut
1127 1784 1322 1849 viduae,
1365 1785 1410 1837 si
1449 1785 1702 1836 maritum
1745 1798 1896 1836 acce-

311 1875 532 1943 pissent,
567 1891 666 1928 non
699 1874 1108 1928 admittebantur
1135 1875 1203 1926 ad
1241 1874 1623 1942 paenitentiam,
1656 1875 1759 1926 nisi
1803 1873 1899 1925 ad-
1928 1839 1973 1898 Β

312 1966 412 2020 huc
432 1967 541 2036 ipso
559 1967 752 2020 vivente
770 1966 983 2029 marito,
1001 1975 1140 2020 caste
1153 1967 1317 2019 vivere
1337 1967 1628 2034 coepissent,
1647 1973 1739 2017 aut
1753 1973 1898 2034 post-

311 2075 474 2184 qqut
534 2060 644 2128 ipse
691 2060 1032 2126 decessisset,
1085 2059 1161 2112 ait
1209 2057 1528 2113 'l‘oletanum
1572 2074 1611 2121 ι,
1653 2072 1775 2112 can.
1830 2056 1897 2111 16

313 2141 368 2184 et
471 2171 483 2184 .

313 2141 368 2185 et
398 2141 483 2184 19.

388 2221 552 2291 Atqui
583 2222 826 2292 digamos
853 2223 986 2276 istos
1016 2221 1382 2276 Laodicenum
1424 2220 1716 2275 concilium
1750 2219 1898 2274 brevi

317 2321 560 2382 tempore
599 2313 972 2382 paenitentiam
1006 2313 1159 2367 obire
1201 2313 1422 2375 statuit;
1459 2309 1738 2365 Nic-agnum
1769 2326 1900 2364 vero

313 2405 650 2471 Novatianis,
704 2415 758 2460 ut
817 2422 940 2460 cum
981 2405 1090 2460 illis
1143 2405 1462 2460 nominatim
1523 2402 1897 2458 communica-

316 2509 467 2552 turos
519 2512 578 2552 se
623 2511 745 2552 esse
783 2497 1154 2566 profiteantur,
1213 2497 1393 2551 edicit.
1448 2495 1601 2560 Quod
1654 2493 1900 2563 profecto

316 2604 425 2642 non
458 2586 683 2648 faceret,
715 2587 760 2641 si
792 2588 1132 2656 digamorum
1181 2588 1402 2642 nomine
1440 2586 1742 2658 ﬂagitiosos
1775 2585 1896 2640 illos

316 2695 381 2737 ac
420 2681 623 2750 judicio
648 2681 899 2736 Ecclesiae
922 2681 1170 2735 adulterii
1194 2681 1483 2736 damnatos
1521 2679 1895 2734 intellexisset.

316 2771 604 2833 Prarterea,
629 2783 687 2826 ut
718 2788 879 2843 qualn
904 2774 1138 2828 absurda
1173 2774 1243 2828 sit
1271 2774 1651 2843 jurisconsulti
1692 2780 1902 2828 senten-

315 2863 391 2916 tia
417 2861 723 2917 evidentius
741 2872 998 2932 appareat
1024 2883 1036 2916 :
1069 2864 1112 2919 si
1138 2865 1190 2916 in
1219 2863 1310 2917 illo
1332 2862 1533 2918 Nicaeni
1559 2862 1772 2918 concilii
1803 2877 1902 2916 ca-

318 2969 462 3009 none
490 2953 691 3024 digami
718 2965 866 3015 sunt,
895 2957 986 3023 qui
1010 2965 1202 3010 contra
1229 2955 1630 3009 ecclesiasticas
1658 2953 1897 3010 sanctio-

317 3059 416 3097 nes
448 3084 462 3108 ,
499 3044 606 3099 hoc
643 3057 746 3109 est,
795 3056 853 3099 ut
893 3045 1004 3116 ipse
1053 3061 1176 3098 cum
1220 3045 1554 3099 Calvinianis
1600 3043 1898 3108 existimat,

317 3138 453 3193 citra
504 3153 727 3194 causam
775 3137 1047 3197 adulterii,
1092 3137 1163 3190 ob
1214 3152 1306 3190 eas
1341 3150 1560 3199 causas,
1592 3135 1660 3189 de
1699 3135 1901 3204 quibus

317 3229 611 3287 divortium
645 3229 827 3284 saeculi
865 3229 1008 3297 leges
1046 3227 1344 3298 indulgent,
1379 3227 1662 3296 repudiata
1695 3227 1897 3295 priore,
1929 3208 1971 3265 (ἶ

319 3325 544 3376 alteram
607 3322 712 3376 sibi
766 3321 1056 3390 conjugem
1111 3322 1406 3385 asciscunt,
1465 3334 1574 3373 non
1617 3319 1723 3373 alia
1769 3328 1901 3388 puto

319 3415 630 3470 conditione
659 3415 994 3470 Novatianos
1025 3415 1089 3469 ad
1109 3415 1441 3485 jungendam
1471 3428 1594 3468 curn
1625 3413 1732 3468 illis
1757 3427 1902 3467 com-

319 3508 636 3561 munionem
693 3507 889 3576 coegit.
939 3522 1103 3576 quam
1149 3515 1209 3562 ut
1275 3505 1542 3562 dissoluto
1601 3507 1902 3578 posteriore

320 3600 413 3654 illo
439 3600 729 3669 conjugio,
763 3599 1116 3654 fcedissimam
1155 3600 1300 3652 illam
1335 3599 1603 3654 maculam
1635 3600 1902 3668 paeniten-

322 3693 394 3746 tia
434 3693 720 3748 diluerent.
751 3692 912 3761 Atqui
948 3707 1054 3745 non
1086 3693 1257 3762 magis
1289 3701 1347 3746 ut
1372 3707 1496 3746 cum
1524 3691 1626 3746 hoc
1653 3701 1903 3762 peccato-

319 3801 443 3839 rum
473 3802 688 3856 genere,
720 3795 840 3855 post
865 3786 1261 3855 pwnitentiam,
1293 3801 1458 3854 quam
1489 3797 1548 3838 ttt
1587 3800 1712 3838 cutn
1739 3793 1901 3838 caete-

321 3881 401 3932 ris
456 3879 923 3932 communicarent
980 3878 1267 3943 omnibus,
1330 3877 1414 3932 lex
1463 3878 1564 3932 ista
1614 3878 1902 3946 cautioque

323 3969 452 4025 ferri
488 3967 802 4024 Novatianis
843 3969 1046 4023 debuit.
1084 3967 1201 4022 Non
1237 3969 1382 4021 enim
1414 3967 1684 4038 ejusmodi
1725 3967 1899 4022 solum

324 4061 592 4130 digamos,
623 4061 717 4115 sed
748 4076 1106 4132 quoscunque
1156 4060 1337 4114 delicti
1375 4060 1644 4128 gravioris
1678 4073 1800 4115 reos
1833 4062 1903 4114 ab

325 4153 594 4227 omuispc
616 4153 1018 4208 communionis
1066 4154 1435 4206 cxcluserant.
1480 4151 1593 4206 Cur
1631 4153 1794 4223 igitur
1835 4153 1904 4208 de

325 4247 558 4315 digamis
597 4246 726 4312 illis,
772 4247 957 4315 utique
1012 4246 1226 4300 nonnisi
1277 4257 1399 4316 post
1435 4247 1808 4316 paenitentiam
1849 4255 1904 4301 et

323 4339 495 4398 illiciti
545 4339 781 4410 coniugii
833 4338 1244 4406 diremptionem
1289 4338 1656 4404 admittendis,
1705 4339 1903 4394 diserte

324 4432 754 4502 nominatimque
809 4429 1025 4484 Nicaena
1068 4429 1310 4500 synodus
1354 4439 1640 4500 exceptum
1701 4429 1903 4484 voluit?

325 4523 489 4589 Quid,
523 4523 766 4592 inquam,
803 4523 854 4575 in
888 4521 981 4575 illo
1025 4521 1270 4575 criminis
1322 4522 1679 4592 adulteriique
1705 4538 1902 4592 genere

324 4616 503 4672 inesse
549 4625 724 4685 potest
765 4614 1027 4690 mysterii,
1072 4624 1128 4668 ut
1153 4629 1275 4669 cum
1333 4615 1422 4677 iis,
1457 4615 1552 4684 qui
1601 4615 1898 4684 negandam

323 4707 562 4780 peccatis
587 4707 840 4762 omnibus
867 4707 1228 4761 atrocioribus
1257 4706 1630 4775 paenitentiam
1657 4721 1903 4760 commu-

325 4803 652 4869 nionemque
682 4810 1027 4864 censuerant,
1073 4798 1273 4853 Nicazni
1321 4797 1511 4853 Patres
1547 4798 1614 4852 de
1654 4814 1763 4854 uno
1809 4799 1903 4853 illo

325 4892 693 4963 stipulentur?
721 4892 856 4946 Nam
886 4891 1031 4961 quod
1063 4906 1230 4945 unum
1266 4889 1461 4944 aﬂ'erre
1490 4897 1687 4959 potest,
1719 4890 1900 4944 saeculi

325 4986 538 5058 legibus
564 4985 809 5040 adulterii
843 4999 1014 5053 genus
1044 4983 1175 5036 illud
1212 4981 1382 5036 fuisse
1410 4996 1754 5048 concessum,
1783 4981 1902 5036 ideo

323 5087 663 5135 momentum
721 5076 880 5130 habet
931 5073 1158 5138 nullum,
1215 5073 1510 5142 quoniam,
1565 5083 1623 5126 ut
1677 5073 1903 5141 ipsemet

325 5171 542 5236 asserit,
572 5185 848 5240 nunquam
875 5169 926 5223 id
968 5167 1222 5223 Ecclesia:
1258 5166 1568 5236 persuaderi
1618 5164 1814 5235 potuit,
1845 5174 1904 5218 ut

325 5265 545 5320 divortii
579 5279 774 5318 causas
800 5263 920 5316 illas
957 5262 1302 5330 approbaret,
1337 5269 1431 5313 aut
1467 5258 1621 5312 aliter
1649 5257 1716 5311 de
1748 5257 1900 5326 diga-

327 5358 431 5414 tnis
462 5357 581 5412 istis
610 5371 773 5425 quam
803 5355 868 5408 de
899 5353 1159 5408 adulteris
1187 5361 1464 5406 statueret.
1499 5349 1676 5418 Quare
1711 5348 1898 5402 eadem

297 5436 544 5514 diorum,
585 5465 706 5517 qua:
761 5457 814 5502 et
871 5447 1238 5502 adulterorum
1284 5454 1624 5505 cmterorunt,
1671 5451 1723 5494 et
1757 5441 1900 5510 quod

326 5541 392 5597 ad
426 5538 852 5593 Novatianorum
885 5539 1158 5606 negotium
1190 5541 1414 5603 spectat,
1455 5548 1619 5601 quam
1652 5541 1901 5600 peccato-

328 5649 448 5690 rum
483 5633 723 5685 omnium
756 5631 893 5686 ratio
927 5629 1112 5686 haberi
1143 5644 1171 5681 a
1197 5625 1450 5682 Patribus
1479 5625 1680 5681 debuit.
1715 5625 1901 5695 Itaque

329 5726 552 5780 dubium
589 5725 794 5781 nulltttn
828 5734 927 5788 est,
969 5725 1099 5793 quin
1148 5722 1406 5776 adversus
1438 5721 1778 5790 digamorum
1807 5735 1902 5787 ge-

333 5831 434 5872 nus
469 5817 684 5872 tertium
716 5833 745 5871 a
779 5815 1049 5872 veteribus
1083 5813 1327 5872 conciliis
1375 5812 1678 5869 severitatis
1725 5811 1898 5866 aculei

2004 587 2204 656 aliique
2237 586 2560 656 interpretes
2597 602 2834 642 canones
2865 587 2985 640 illos
3009 587 3300 656 explicant.

2071 677 2191 732 Col.
2205 678 2308 731 884
2326 677 2385 732 Β.
2401 677 2672 747 Στεφάνη
2685 677 2753 730 δὲ
2763 679 2988 732 τούτων
2998 678 3260 741 πάντων,
3274 677 3572 742 ὠςεὶπεῖν.

2003 768 2078 823 De
2103 770 2422 824 clericorum
2447 771 2778 825 continentia
2805 785 2866 825 ac
2891 769 3080 824 caelibe
3109 771 3221 823 vita
3241 769 3466 824 illustris
3488 769 3578 822 hic

2002 859 2290 928 Epipltanii
2321 859 2471 913 locus
2501 868 2604 913 est.
2653 857 2759 914 Sed
2806 860 2861 912 in
2897 858 3262 914 Catharorum
3295 858 3486 913 haeresi
3507 858 3577 912 59

2003 969 2156 1007 num.
2188 954 2222 1007 4
2250 954 2407 1022 longe
2437 953 2681 1022 apertius
2739 961 2906 1022 atque
2934 952 3207 1022 insignius
3239 951 3576 1006 ecclesiasti-

2001 1061 2120 1100 cam
2159 1045 2258 1099 hac
2291 1045 2344 1098 in
2382 1061 2438 1099 re
2466 1046 2918 1100 consuetudinem
2946 1046 3220 1114 exposuit.
3249 1044 3416 1099 Docet
3431 1045 3577 1098 enim

2004 1137 2060 1190 in
2081 1137 2273 1205 primis
2307 1137 2650 1206 episcopum,
2687 1147 2783 1190 aut
2810 1137 3213 1207 presbyterum,
3256 1145 3351 1191 aut
3395 1137 3577 1190 diaco-

2002 1245 2132 1284 num
2157 1245 2222 1284 ex
2248 1229 2482 1300 digamis
2507 1230 2750 1284 ordinari
2775 1231 3070 1284 neminem.
3095 1228 3234 1283 Tum
3261 1245 3435 1298 neque
3454 1229 3576 1292 hos,

2003 1336 2179 1389 neque
2211 1320 2612 1375 subdiaconum
2672 1320 2829 1374 aliter
2884 1322 3219 1384 consecrari,
3279 1334 3444 1388 quam
3494 1317 3580 1373 vel

2000 1413 2203 1482 priore,
2253 1427 2425 1481 eaque
2475 1413 2658 1474 unica,
2701 1412 2935 1482 conjuge
2961 1419 3200 1479 mortua,
3227 1411 3313 1467 vel
3342 1412 3410 1467 ab
3430 1411 3579 1480 ejus-

2000 1505 2124 1559 dem
2157 1505 2385 1559 riventis
2425 1503 2704 1558 consortio
2747 1519 2812 1559 ac
2840 1503 3238 1559 consuetudine
3267 1503 3577 1566 distractos,

2002 1597 2106 1651 nisi
2135 1597 2373 1667 virgines
2412 1597 2639 1651 omnino
2683 1596 2828 1651 sint:
2863 1598 3164 1665 praesertim
3200 1595 3294 1651 ubi
3320 1595 3581 1651 ecclesia-

2002 1689 2124 1742 stici
2147 1703 2389 1743 canones
2417 1701 2674 1743 accurate
2709 1697 3028 1754 servantur;
3057 1704 3181 1742 nam
3205 1687 3429 1756 quodin
3457 1687 3580 1757 qui-

2003 1779 2233 1834 busdam
2274 1780 2410 1835 locis
2470 1780 2792 1849 presbyteri,
2828 1779 3043 1834 diaconi
3077 1791 3132 1834 et
3165 1779 3486 1834 subdiaconi
3523 1777 3582 1830 li-

2002 1871 2386 1926 beros'adhuc
2425 1871 2765 1940 suscipiant,
2817 1870 2870 1924 id
2920 1871 3185 1925 abusione
3233 1870 3466 1940 quadam
3515 1883 3581 1922 ae

2001 1963 2302 2034 disciplinae
2352 1965 2663 2034 corruptela
2711 1963 2858 2030 tieri;
2906 1971 3002 2017 aut
3051 1977 3178 2017 vero
3233 1961 3576 2024 necessitate,

2004 2058 2096 2112 ubi
2133 2073 2230 2127 pro
2267 2057 2471 2127 ingenti
2507 2056 2838 2127 populorum
2889 2054 3257 2121 multitudine,
3301 2054 3583 2108 ministro-

2003 2169 2124 2207 rum
2158 2153 2310 2221 copia
2345 2167 2455 2206 non
2489 2148 2765 2220 suppetis;
2803 2164 2927 2204 nam
2965 2149 3168 2214 alioqui
3201 2147 3458 2203 Ecclesia:
3492 2147 3581 2201 de-

2001 2253 2151 2298 creto
2205 2244 2534 2299 clericorum
2573 2244 2858 2298 ordinibus
2904 2242 3026 2297 istis
3074 2241 3407 2297 continentia
3445 2255 3583 2310 pra:-

2001 2339 2265 2394 scribitur
2297 2353 2443 2406 :qua
2490 2335 2778 2407 Epiphanii
2819 2336 3146 2390 auctoritate
3185 2333 3329 2387 nulla
3364 2343 3457 2387 aut
3490 2348 3582 2386 ex-

2001 2430 2263 2498 pressior,
2315 2438 2412 2483 aut
2462 2428 2702 2483 sanctior
2733 2427 2921 2481 haberi
2954 2435 3152 2496 potest.
3203 2423 3342 2478 Huic
3371 2438 3467 2492 par
3498 2432 3581 2476 est

2002 2536 2067 2575 ac
2096 2521 2374 2590 geminum
2407 2518 2724 2590 Hieronymi
2756 2519 3129 2573 testimonium
3157 2517 3287 2571 illud
3316 2515 3580 2569 adversus

2003 2611 2379 2682 Vigilantium,
2415 2612 2532 2680 qui,
2569 2620 2629 2666 ut
2663 2611 2768 2664 hoc
2796 2620 3041 2680 tempore
3086 2617 3358 2664 nostrates
3406 2608 3580 2660 haere—

2005 2705 2118 2769 tici,
2171 2705 2498 2758 clericorum
2557 2701 2938 2758 castimoniam
3003 2701 3370 2771 oppugnabat.
3440 2699 3579 2765 Quid

2005 2796 2224 2864 facient,
2265 2795 2461 2864 inquit,
2501 2793 2735 2847 Orientis
2768 2791 3064 2846 Ecclesiae?
3111 2791 3252 2856 Quid
3282 2790 3503 2860 zEgypti
3532 2799 3582 2842 et

2001 2886 2140 2939 sedis
2172 2884 2496 2954 apostolicae,
2529 2899 2646 2953 quia
2683 2894 2775 2936 aut
2801 2883 3027 2953 virgines
3050 2883 3264 2935 clericos
3293 2882 3579 2949 accipiunt,

2005 2989 2097 3033 aut
2129 2982 2468 3042 continentes,
2497 2989 2568 3040 et,
2610 2979 2655 3030 si
2703 2993 2891 3031 uxores
2939 2977 3238 3038 habuerint,
3271 2977 3451 3028 mariti
3473 2990 3582 3028 esse

2002 3074 2317 3127 desierunt?
2351 3072 2528 3143 Atque
2566 3073 2669 3126 hoc
2701 3071 2920 3140 quidem
2955 3069 3038 3123 vel
3072 3068 3405 3123 recentiores
3430 3066 3578 3120 Grie-

2005 3171 2111 3224 culi
2150 3169 2410 3231 fatentur,
2462 3177 2584 3237 post
2632 3175 2918 3234 susceptos
2967 3177 3154 3218 sacros
3205 3162 3326 3216 illos
3363 3161 3581 3215 ordines

2007 3275 2234 3315 uxorem
2262 3259 2466 3314 nemini
2496 3259 2697 3312 ducere
2727 3256 2965 3310 licuisse.
2987 3253 3142 3319 Quod
3165 3255 3230 3306 ad
3254 3268 3377 3307 catt.
3401 3262 3579 3322 apost.

2000 3354 2093 3417 26,
2129 3351 2380 3407 Balsamo
2419 3358 2474 3405 et
2503 3348 2746 3404 Zonaras
2778 3355 3109 3419 agnoscunt.
3145 3345 3387 3399 Canonis
3420 3343 3582 3397 verba

2005 3455 2133 3502 sunt
2166 3467 2176 3501 :
2213 3443 2337 3498 Τῶν
2367 3447 2447 3508 εἰς
2482 3444 2686 3515 κλῆρον
2717 3441 3088 3513 προελθόντων
3113 3439 3343 3509 ἀγάμων
3365 3434 3585 3489 κελεύου

2006 3555 2104 3607 μεν
2161 3536 2518 3608 βουλομένους
2563 3537 2761 3605 γαμεῖν
2807 3531 3184 3601 ἀναγνώστας,
3237 3530 3328 3583 καὶ
3375 3528 3582 3599 ψάλτας

2007 3631 2220 3700 μόνους.
2273 3629 2353 3682 Ad
2404 3643 2527 3697 qua:
2557 3625 2810 3681 Balsamo
2842 3624 2987 3679 istud
3011 3625 3266 3679 observat
3294 3640 3308 3676 :
3341 3630 3465 3675 ante
3492 3636 3581 3675 or-

2003 3723 2336 3777 dinationem
2368 3721 2738 3792 presbyteros,
2773 3719 3035 3773 diaconos
3067 3725 3122 3770 et
3174 3714 3581 3787 ltypodiaconos

2005 3817 2260 3884 copulare
2285 3814 2524 3883 nuptias,
2559 3821 2724 3882 atque
2755 3811 2828 3865 ita
2862 3809 3104 3864 ordinari
3139 3807 3380 3877 potuisse
3415 3825 3426 3860 :
3460 3814 3585 3873 post

2005 3907 2428 3971 ordinationem,
2481 3904 2614 3959 solis
2669 3904 2772 3957 hoc
2815 3902 3110 3956 lectoribus
3163 3909 3218 3954 et
3265 3897 3590 3953 cantoribus

2005 3999 2300 4054 indultum.
2333 3998 2495 4052 Addit
2530 3997 2796 4064 Zonaras,
2827 4007 2955 4052 ante
2987 3992 3387 4050 ordinationem
3423 3990 3586 4042 inter-

2006 4087 2184 4158 rogari
2231 4087 2601 4159 presbyteros,
2635 4086 2896 4140 diaconos
2951 4095 3005 4138 ct
3046 4082 3475 4154 hypodiaconos,
3511 4094 3581 4130 an

2005 4179 2345 4234 continenter
2392 4186 2447 4231 et
2492 4185 2642 4231 caste
2675 4177 2875 4231 vellent
2905 4177 3106 4230 vivere.
3141 4173 3298 4241 Quod
3337 4174 3381 4228 si
3417 4186 3584 4241 nega—

2004 4271 2202 4332 verint,
2235 4269 2476 4338 permitti
2511 4277 2570 4321 ut
2601 4279 2724 4322 ante
2755 4268 3223 4323 consecrationem
3259 4280 3457 4319 uxores
3489 4264 3584 4316 du-

2003 4371 2150 4417 cant.
2187 4358 2331 4414 Sane
2379 4360 2433 4413 in
2465 4362 2780 4430 Ancyrano,
2832 4374 2956 4413 can.
3007 4357 3092 4421 10,
3112 4359 3178 4411 de
3223 4356 3468 4410 diaconis
3509 4356 3584 4408 ita

2005 4454 2278 4510 sancitum
2314 4453 2533 4522 legitur,
2566 4461 2626 4507 ut
2656 4451 2751 4522 qui
2778 4453 2898 4522 ipso
2921 4450 3285 4506 ordinationis
3314 4465 3427 4503 suae
3455 4459 3585 4503 tetu-

1935 4551 1978 4605 D
2009 4560 2140 4615 pore
2183 4545 2474 4599 contestati
2524 4545 2651 4608 sint,
2700 4558 2759 4598 se
2796 4542 3001 4612 nuptiis
3031 4556 3219 4596 carere
3252 4555 3358 4593 non
3398 4555 3580 4608 posse,

2009 4637 2241 4707 ideoque
2267 4645 2390 4705 post
2415 4635 2813 4690 ordinationem
2846 4649 3047 4688 uxores
3065 4632 3343 4695 duxerint,
3374 4633 3440 4686 de
3473 4641 3584 4686 sta-

2004 4736 2062 4779 tu
2094 4741 2196 4780 suo
2231 4741 2340 4780 non
2371 4725 2773 4787 dimoveantur,
2814 4725 2960 4792 quod
2994 4724 3063 4777 ab
3096 4725 3351 4793 episcOpo
3385 4723 3436 4777 id
3477 4723 3584 4778 illis

2005 4830 2326 4870 concessum
2357 4814 2518 4868 fuerit
2547 4831 2560 4866 :
2589 4811 2761 4866 Τοῦτο
2801 4813 2880 4877 δὲ,
2922 4813 2976 4865 εἴ
3010 4831 3153 4876 τινες
3183 4814 3580 4885 σιωπήσαντες,

2005 4908 2100 4960 καὶ
2133 4905 2557 4974 καταδεξάμενοι
2599 4907 2656 4957 ἐν
2698 4908 2764 4975 τῇ
2814 4904 3118 4976 χειροτονίᾳ
3159 4903 3340 4976 μένειν
3383 4903 3580 4967 οὕτως,

2008 5001 2144 5073 μετὰ
2173 5001 2347 5053 ταῦτα
2367 4995 2530 5071 ἦλθον
2561 4999 2655 5050 ἐπὶ
2680 4999 2878 5068 γάμον,
2921 4998 3232 5051 πεπαῦσθαι
3261 4998 3454 5060 αὐτοὺς
3481 4998 3582 5068 τῆς

2001 5092 2296 5154 διακονίας.
2338 5089 2454 5143 Hoc
2489 5107 2628 5150 vero,
2676 5089 2874 5160 inquit,
2911 5091 2957 5143 si
3000 5093 3090 5157 qui
3124 5091 3262 5160 forte
3296 5095 3581 5154 tacuerint,

2001 5194 2051 5238 et
2078 5186 2130 5237 in
2155 5183 2485 5239 ordinatione
2515 5199 2818 5254 permanere
2852 5185 2904 5236 in
2935 5183 3048 5254 ipso
3074 5184 3443 5253 (continentia:
3472 5189 3584 5239 sci-

2002 5276 2149 5344 licet)
2179 5286 2322 5329 statu
2349 5275 2724 5341 consenserint,
2755 5280 2873 5327 eum
2899 5276 3086 5328 deinde
3108 5278 3321 5346 nuptias
3345 5277 3576 5342 inierint,

2004 5386 2035 5421 a
2067 5368 2352 5420 diaconatu
2381 5367 2724 5437 repellantur.
2754 5365 2875 5432 Quo
2902 5383 2968 5421 ex
3001 5383 3211 5423 canone
3239 5368 3372 5423 illud
3403 5371 3581 5424 evinci

2002 5469 2202 5530 potest,
2241 5459 2560 5514 clericorum
2613 5459 2908 5529 majorum,
2965 5461 3029 5514 ad
3079 5462 3341 5516 diaconos
3385 5462 3580 5516 saltem

2003 5568 2197 5622 usque,
2221 5553 2685 5607 consecrationem
2719 5553 3066 5622 implicitum,
3097 5564 3158 5608 ut
3191 5555 3364 5618 aiunt,
3393 5564 3580 5609 votum

1998 5647 2110 5715 jam
2141 5657 2252 5700 tum
2288 5646 2544 5700 habuisse
2571 5647 2950 5712 continentiae,
2981 5662 3104 5699 nam
3133 5662 3256 5700 cum
3295 5661 3414 5700 eam
3448 5661 3582 5700 con-

2004 5740 2264 5792 ditionem
2302 5737 2544 5808 apponit,
2587 5737 2640 5790 εἴ
2676 5756 2820 5801 τινες
2861 5740 3254 5809 σιωπήσαντες,
3283 5739 3376 5790 καὶ
3406 5754 3580 5791 κατα-

2005 5831 2284 5903 δεξάμενοι
2313 5833 2368 5886 ἐν
2402 5833 2465 5903 τῇ
2493 5831 2796 5906 χειροτονίᾳ
2827 5830 3007 5904 μένειν
3035 5830 3226 5898 οὕτως,
3263 5831 3449 5901 prowl
3471 5831 3578 5886 titt-
