4054 6404
432 429 569 486 1077

1210 416 1298 471 DE
1333 408 1716 470 VETERIBUE
1757 401 2158 474 QUIBUSDAM
2198 400 2554 458 ECCLESIJS
2592 397 2887 455 RlTlBUS.

3553 394 3701 448 {073-

431 549 522 601 bio
552 539 844 611 signiﬁcat,
868 550 990 592 cum
1016 533 1359 590 ordinatione
1384 531 1497 600 ipsa
1522 527 1854 595 implicatam
1885 536 2009 576 esse
2038 522 2085 579 A
2112 534 2287 584 cones,
2343 517 2712 582 subdiacones,
2767 520 2843 570 vel
2889 516 3148 582 deinceps.
3203 512 3392 582 quibus
3464 514 3692 566 ducendi

436 639 656 694 tacitam
707 630 1045 689 castimoniae
1091 628 1286 698 legem,
1337 639 1456 694 quae
1497 621 1714 677 nonnisi
1750 623 2012 684 concepta

435 729 760 786 nominatim
785 721 1182 780 contestatione
1201 717 1432 774 devitari
1456 723 1658 785 posset.
1687 707 2014 781 Cujusmodi

435 823 570 879 etin
605 821 920 890 episcopatu
951 812 1301 883 suscipiendo
1338 809 1506 865 fuisse
1535 822 1600 860 ex
1634 803 1850 874 Synesii
1880 815 2016 854 cau-

438 915 648 970 satione
673 911 862 980 liquet,
889 907 981 978 qui
1011 906 1169 976 epist.
1192 903 1447 967 l05,cum
1477 917 1508 955 a
1531 894 2018 954 Ptolemaeensibus

438 1008 494 1062 in
529 1006 842 1074 episcopum
877 1007 1209 1070 posceretur,
1246 994 1542 1065 praedicere
1593 1006 1654 1047 se
1705 1005 1771 1045 ac
1826 985 2019 1043 testari

442 1095 588 1150 istud
620 1099 919 1155 asseverat,
962 1087 1104 1142 nolle
1153 1101 1184 1140 a
1223 1085 1454 1154 conjuge
1500 1079 1761 1152 separari.
1805 1077 1909 1132 Sed
1953 1075 2022 1130 de

442 1185 715 1258 episcopis
745 1182 971 1238 ridicule
1002 1195 1033 1234 a
1058 1178 1263 1234 Graecis
1289 1175 1567 1232 hodiernis
1590 1173 1878 1242 excipitur,
1906 1169 2024 1241 qui-

445 1281 550 1334 bus
578 1278 711 1333 solis
746 1274 953 1345 nuptiis
1004 1271 1353 1327 interdicunt.
1399 1268 1509 1323 Nec
1553 1268 1737 1321 minus
1772 1265 1952 1334 inepte
1984 1278 2024 1317 tt

448 1370 668 1428 concilii
705 1368 964 1436 Carthag.
1013 1380 1190 1420 canon
1250 1363 1340 1418 ille
1384 1362 1419 1417 5
1464 1361 1774 1431 accipitur:
1811 1356 2026 1412 Placuit

447 1467 736 1535 episcopos,
759 1472 808 1516 et
834 1461 1182 1530 presbyteros,
1201 1466 1250 1512 et
1287 1457 1560 1519 diaconos,
1595 1453 1881 1509 secundum
1905 1468 2029 1520 pro-

449 1559 572 1628 pria
617 1556 708 1627 (al.
739 1554 949 1626 priora)
997 1561 1200 1606 statuta
1238 1551 1398 1605 etiam
1445 1548 1509 1602 ab
1556 1547 1809 1602 umoribus
1859 1545 2030 1599 conti-

451 1665 594 1715 nere,
639 1656 744 1703 etc.
798 1644 859 1700 ln
909 1659 1021 1715 quo
1055 1658 1264 1699 canone
1306 1641 1632 1713 jampridem
1682 1638 1882 1694 eruditi
1927 1636 2030 1690 viri

451 1742 764 1798 Graecorum
793 1749 955 1809 atque
987 1737 1366 1791 haereticorum
1390 1733 1662 1790 inscitiam
1691 1731 2028 1786 refutarunt:

452 1840 507 1884 et
529 1829 870 1886 Balsamonis
905 1829 958 1882 in
991 1828 1200 1898 primis,
1233 1828 1326 1897 qui
1356 1825 1423 1881 ad
1457 1841 1580 1880 can.
1612 1825 1646 1878 4
1670 1822 1863 1896 synodi
1893 1821 2031 1877 Car-

455 1923 622 1992 thag.,
653 1936 773 1991 quae
809 1921 1045 1976 secunda
1097 1919 1258 1988 vulgo
1315 1927 1588 1979 censetur,
1645 1931 1818 1987 nugas
1852 1929 2033 1971 meras

455 2013 672 2069 elfutiit.
709 2013 875 2083 Atqui
906 2027 1175 2067 canonum
1202 2025 1264 2066 ιιι
1307 2018 1360 2065 et
1387 2025 1441 2064 tv
1471 2008 1728 2078 Carthag.
1766 2007 1913 2061 illius
1939 2021 2032 2078 sy-

456 2105 616 2170 nodi,
664 2103 757 2174 qui
809 2103 880 2159 ab
919 2103 1213 2174 episcopis,
1268 2100 1604 2172 presbyteris
1683 2107 1738 2154 et
1784 2098 2033 2154 diaconis

458 2199 852 2255 continentiam
886 2199 1130 2267 exigunt,
1165 2207 1274 2252 tam
1305 2196 1510 2266 liquida
1535 2208 1908 2264 expressaque
1936 2208 2036 2248 au-

459 2292 686 2347 ctoritas
711 2299 814 2357 est,
846 2299 904 2346 ut
933 2289 1358 2345 ludiﬁcationem
1389 2304 1452 2344 ac
1481 2287 1665 2343 fucum
1701 2302 1918 2341 omnem
1949 2301 2038 2340 re-

460 2393 644 2454 spuat.
669 2381 876 2444 Placet,
906 2381 1083 2452 inquit
1102 2382 1358 2453 Carthag.
1389 2397 1428 2435 ιι
1453 2396 1651 2436 canon.
1677 2379 1732 2444 2,
1757 2389 1816 2433 ut
1846 2379 2040 2449 episco-

460 2477 536 2544 pi,
571 2473 861 2545 presbyteri
893 2486 941 2530 et
977 2475 1210 2542 diaconi,
1260 2475 1336 2529 vel
1364 2474 1455 2544 qui
1482 2480 1816 2529 sacramenta
1840 2481 2041 2526 contre-

461 2575 631 2630 ctant,
659 2567 930 2636 pudicitia:
959 2567 1218 2633 custodes,
1246 2568 1409 2621 etiam
1430 2565 1495 2620 ab
1517 2565 1771 2618 uxoribus
1797 2581 1849 2618 se
1869 2563 2039 2618 absti-

463 2667 640 2714 neant.
664 2658 740 2713 Ab
776 2659 1017 2714 omnibus
1041 2659 1244 2713 dictum
1271 2669 1383 2714 est:
1411 2658 1592 2713 Placet
1620 2670 1672 2712 ut
1709 2659 1763 2712 in
1800 2657 2041 2711 omnibus

465 2761 513 2806 et
548 2751 614 2804 ab
643 2753 884 2806 omnibus
913 2753 1172 2821 pudicitia
1202 2753 1553 2818 custodiatur,
1582 2753 1670 2822 qui
1689 2750 1852 2804 altari
1866 2751 2044 2803 deser-

464 2845 633 2898 viunt.
655 2845 867 2900 Accidit
887 2854 940 2900 et
958 2845 1214 2900 Chalced.
1239 2860 1436 2901 canon.
1463 2845 1530 2900 14
1555 2864 1567 2899 :
1595 2843 1814 2914 Ἐπειδὴ
1832 2842 1888 2896 ἐν
1905 2859 2046 2896 τισιν

467 2935 759 3006 ἐπαρχίαις
795 2937 1211 3009 συγκεχώρηται
1236 2940 1348 3001 τοῖς
1382 2937 1759 3007 ἀναγνώσταις
1786 2936 1881 2989 καὶ
1909 2935 2046 3005 ψάλ-

467 3042 592 3090 ταις
619 3029 835 3098 γαμεῖν,
869 3027 1068 3098 ὥρισεν
1104 3031 1138 3096 ἡ
1170 3029 1302 3096 ἁγία
1341 3027 1577 3093 σύνοδος,
1613 3026 1686 3097 μὴ
1717 3024 1914 3090 ἐξεῖναί
1942 3041 2047 3076 τινι

471 3119 650 3176 αὐτῶν
681 3120 985 3193 ἑτερόδοξον
1007 3123 1238 3190 γυναῖκα
1269 3119 1587 3191 λαμϐάνειν.
1611 3118 1744 3173 Cum
1767 3119 1823 3171 in
1844 3117 2051 3187 quibus-

471 3214 597 3266 dam
625 3213 908 3284 provinciis
935 3229 1237 3267 concessum
1269 3213 1336 3266 sit
1364 3211 1647 3265 lectoribus
1673 3219 1720 3266 et
1745 3209 2047 3264 cantoribus

473 3322 664 3361 uxores
696 3306 906 3360 ducere.
934 3304 1050 3360 Non
1079 3305 1246 3376 igitur
1275 3304 1488 3373 caeteris
1520 3303 1719 3358 licebat
1742 3302 2048 3365 ordinibus,

474 3397 713 3452 maxime
763 3396 1153 3461 subdiaconis,
1198 3411 1264 3451 ac
1303 3411 1372 3450 ne
1405 3394 1695 3450 lectoribus
1740 3393 1957 3464 quidem
2000 3402 2056 3448 et

473 3488 790 3544 cantoribus
824 3488 1049 3558 ubique,
1096 3488 1188 3560 sed
1231 3489 1286 3542 in
1320 3487 1487 3542 certis
1525 3487 1790 3542 duntaxat
1829 3486 2054 3556 provin-

475 3578 598 3634 ciis.
645 3579 973 3648 Quanquam
1012 3578 1080 3633 de
1125 3579 1495 3644 subdiaconis,
1552 3592 1662 3631 non
1713 3591 1779 3632 ex
1829 3576 2057 3631 canonis

479 3672 645 3727 ullius
687 3672 928 3735 decreto,
970 3681 1030 3726 ut
1059 3674 1136 3725 ait
1163 3669 1525 3742 Epiphanius,
1577 3669 1671 3724 sed
1716 3684 1780 3723 ex
1816 3669 2056 3738 quadam

478 3765 816 3836 indulgentia
843 3772 900 3820 et
935 3765 1238 3836 οἰκονομίᾳ,
1278 3764 1570 3818 remissum
1595 3762 1890 3832 aliquando
1917 3762 2060 3816 vide-

479 3869 602 3925 tur;
626 3874 754 3914 nam
782 3867 835 3914 et
863 3858 1375 3930 Carthaginensium
1404 3857 1763 3913 conciliorum
1795 3871 2056 3919 canones,

480 3951 682 4022 quibus
733 3951 936 4007 diserte
986 3951 1326 4007 continentia
1379 3951 1714 4021 praecipitur,
1767 3949 2060 4019 episcopos

480 4043 750 4098 duntaxat
782 4051 837 4099 et
871 4044 1216 4115 presbyteros
1244 4058 1309 4098 ac
1331 4042 1591 4097 diaconos
1614 4041 1883 4111 complexi
1907 4049 2056 4095 sunt.

481 4135 953 4203 Quemadmodum
983 4145 1035 4192 et
1063 4137 1382 4191 Arelatense
1424 4151 1616 4202 n,can.
1652 4135 1686 4189 5
1719 4154 1731 4188 :
1761 4134 1820 4189 Si
1848 4136 1965 4204 quis
1997 4135 2060 4188 de

482 4229 691 4282 clericis
721 4245 755 4282 a
785 4231 958 4299 gradu
981 4228 1300 4282 diaconatus
1338 4227 1394 4279 in
1427 4224 1621 4287 solatio
1655 4242 1750 4279 suo
1786 4225 2060 4278 mulierem

482 4333 675 4391 prwter
704 4322 899 4386 aviam,
934 4329 1179 4383 matrem,
1217 4335 1470 4387 sororem,
1514 4317 1684 4388 ﬁliam
1723 4327 1948 4387 neptem,
1985 4316 2062 4370 vel

483 4433 788 4472 conversam
842 4432 1018 4470 secum
1070 4430 1290 4469 uxorem
1337 4414 1524 4467 habere
1566 4413 1984 4481 prazsumpserit,
2029 4428 2061 4464 a

485 4509 852 4565 communione
883 4508 1090 4561 alienus
1125 4506 1413 4568 habeatur;
1439 4521 1562 4559 nam
1590 4519 1918 4560 conversam
1956 4518 2059 4572 ap-

2117 628 2306 665 uxores
2334 612 2551 664 licentia
2591 627 2692 663 non
2722 619 2821 671 est,
2865 609 3022 661 etiam
3057 609 3353 659 alienarum
3385 607 3694 673 nuptiarum

2115 707 2308 760 evitent
2337 706 2626 758 consortia.
2654 702 2729 758 De
2757 703 2929 757 tribus
2951 701 3235 755 ordinibus
3261 699 3469 754 accedit
3496 707 3549 752 et
3572 714 3696 753 con-

2117 799 2208 853 cil.
2233 798 2476 852 Eliberit.
2497 812 2621 851 can.
2653 796 2754 863 55;
2785 805 2838 850 ct
2862 795 3117 864 Carthag.
3151 811 3212 858 ll,
3244 793 3438 852 can.‘2,
3467 802 3692 861 aposto-

2118 889 2278 944 licam
2321 890 2463 943 hanc
2507 887 2905 942 institutionem
2945 901 3067 940 esse
3109 883 3381 954 signiﬁcat
3412 901 3424 937 :
3458 882 3522 936 Ut
3552 882 3693 953 quod

2120 979 2348 1049 apostoli
2377 985 2689 1042 docuerunt,
2729 978 2928 1048 inquit,
2967 958 3016 1031 et
3057 977 3174 1046 ipsa
3209 975 3435 1029 servavit
3465 976 3695 1043 antiqui-

2123 1078 2230 1132 tas,
2257 1084 2350 1122 nos
2378 1084 2579 1138 quoque
2615 1067 3001 1121 custodiamus.
3049 1065 3173 1121 Haec
3210 1081 3312 1121 nos
3355 1081 3424 1121 ex
3466 1066 3694 1122 inﬁnitis

2122 1174 2318 1230 pauca,
2344 1175 2467 1229 quae
2492 1159 2546 1212 in
2574 1159 2901 1213 adversariis
2929 1158 3238 1222 exstabant,
3272 1157 3340 1211 de
3369 1157 3696 1211 clericorum

2125 1253 2374 1307 caelibatu
2403 1251 2712 1321 selegimus.
2749 1250 2957 1305 Caetera
2987 1251 3042 1303 in
3076 1249 3383 1303 Annalibus
3407 1248 3602 1303 eccles.
3631 1247 3710 1302 ad

2128 1360 2329 1400 annum
2365 1344 2434 1400 58
2465 1353 2578 1399 tum
2609 1345 2678 1398 ab
2710 1343 2853 1407 aliis,
2887 1343 2980 1414 qui
3013 1341 3278 1397 adversus
3306 1340 3544 1396 haereses
3573 1339 3703 1394 scri-

2126 1447 2374 1507 pserunt,
2398 1438 2465 1491 ad
2505 1436 2648 1492 idem
2679 1444 3061 1506 argumentum
3091 1434 3368 1504 disputata
3400 1434 3663 1504 reperies.

2198 1533 2293 1588 Col
2301 1572 2315 1587 .
2330 1531 2435 1586 884
2451 1530 2511 1586 Β.
2529 1520 2972 1599 ’Δευτερόγαμον
2981 1528 3049 1583 δὲ
3060 1531 3170 1582 οὐκ
3183 1528 3385 1588 ἔξεστι
3400 1527 3679 1596 δέχεσθαι
3688 1569 3701 1581 .

2130 1625 2408 1696 Digamum
2421 1635 2527 1676 non
2545 1620 2717 1676 solum
2734 1619 2798 1675 ab
2812 1618 3103 1690 episcopali
3125 1615 3469 1681 munere,sed
3493 1619 3654 1674 etiam
3673 1634 3707 1674 a

2133 1717 2306 1771 sacris
2329 1716 2585 1773 omnibus
2619 1719 3195 1774 ordinibusexclusum
3212 1719 3382 1774 fuisse
3417 1718 3704 1782 perpetuo.

2133 1808 2229 1878 qui
2279 1808 2511 1879 probare
2545 1807 2694 1869 velit,
2730 1807 2777 1859 is
2808 1807 2920 1859 utio
2965 1815 3019 1858 et
3052 1805 3240 1858 charta
3281 1803 3704 1874 intemperanter

2063 1881 2107 1936 Β
2136 1901 2412 1956 abutatur.
2434 1899 2512 1956 De
2541 1898 2810 1968 episc0pis
2840 1898 2992 1952 locus
3012 1905 3095 1952 est
3120 1896 3364 1965 Apostoli
3394 1895 3412 1949 l
3441 1894 3581 1950 Tim.
3609 1911 3706 1950 tu:

2140 1993 2360 2062 Oportet
2397 1992 2697 2062 episcopum
2742 2005 2853 2043 esse
2898 1989 3054 2041 unius
3097 1987 3279 2040 uxoris
3319 1987 3529 2049 virum;
3563 1985 3712 2056 quod

2139 2087 2281 2140 idem
2319 2095 2374 2140 et
2399 2085 2468 2139 ad
2495 2084 2676 2137 Titum
2705 2097 2825 2151 cap.
2856 2099 2894 2146 ι,
2919 2083 2971 2147 7,
3003 2081 3214 2151 repetit.
3243 2079 3453 2146 Quibus
3486 2080 3542 2133 in
3577 2079 3713 2133 locis

2139 2175 2302 2241 Beza,
2340 2183 2396 2229 et
2425 2172 2663 2229 haeretici
2695 2187 2902 2234 omnes,
2927 2171 3226 2242 praesertim
3254 2169 3540 2224 Molinteus
3568 2168 3618 2222 in
3643 2169 3711 2238 ﬁ-

2141 2270 2224 2324 dei
2255 2268 2446 2329 Scuto,
2515 2281 2725 2322 necnon
2772 2273 2828 2320 et
2855 2263 3286 2334 jurisconsultus
3318 2263 3407 2317 ille
3434 2277 3595 2333 supra
3627 2276 3718 2315 re-

2141 2359 2348 2415 lutatus
2383 2374 2415 2414 a
2447 2359 2638 2424 nobis,
2669 2359 2736 2413 de
2770 2357 3006 2429 digamis
3049 2357 3156 2413 illis
3191 2357 3512 2427 Apostolum
3548 2356 3720 2410 inter-

2141 2459 2459 2522 pretantur,
2508 2449 2602 2520 qui
2652 2451 2789 2505 citra
2840 2449 3135 2520 legitimam
3180 2463 3437 2511 causam,
3479 2447 3585 2502 hoc
3634 2454 3722 2502 est

2143 2555 2335 2614 praeter
2363 2543 2614 2599 adulterii
2645 2544 2883 2612 culpam,
2909 2543 3192 2612 repudiata
3227 2541 3458 2612 conjuge
3490 2540 3719 2595 alteram

2144 2640 2441 2695 duxissent.
2495 2636 2696 2693 Verum
2741 2637 2956 2693 tametsi
3005 2637 3109 2692 hoc
3151 2635 3328 2706 ipsum
3377 2635 3720 2706 digamorum

2147 2746 2318 2800 genus
2347 2731 2537 2785 eodem
2570 2730 2816 2800 Apostoli
2844 2733 3064 2786 decreto
3088 2727 3594 2799 comprehenditur,
3626 2726 3725 2780 ab-

2147 2824 2532 2880 surdissimum
2571 2833 2752 2878 tamen
2781 2831 2899 2888 est,
2933 2838 3040 2878 non
3075 2836 3170 2877 eos
3202 2834 3421 2891 quoque
3456 2817 3726 2874 contineri

2149 2914 2388 2981 credere,
2419 2913 2551 2984 qui,
2582 2929 2755 2969 uxore
2785 2920 3025 2975 mortua,
3060 2911 3221 2966 aliam
3253 2909 3380 2976 sibi,
3412 2921 3467 2963 et
3503 2907 3726 2977 quidem

2150 3004 2478 3077 legitimam,
2511 3005 2799 3074 conjugem
2841 3003 3154 3058 asciverint.
3200 2999 3275 3054 De
3314 3015 3427 3070 quo
3480 2999 3728 3052 luculen-

2152 3098 2428 3154 tissimum
2449 3097 2556 3153 hoc
2579 3096 2633 3150 in
2660 3096 2782 3150 loco
2807 3093 3178 3149 testimonium
3203 3092 3371 3147 habes
3396 3087 3682 3160 Epiphanii
3707 3104 3724 3142 :

2153 3207 2364 3249 necnon
2398 3198 2454 3246 et
2513 3190 2568 3244 in
2591 3188 2954 3244 Catharorum
2987 3186 3181 3240 haeres.
3215 3183 3304 3249 59,
3335 3197 3492 3238 num.
3534 3181 3589 3245 4,
3632 3181 3724 3235 ubi

2156 3287 2357 3342 diserte
2392 3292 2553 3353 negat
2594 3297 2782 3339 sacros
2824 3282 2891 3335 ad
2932 3279 3151 3335 ordines
3186 3277 3340 3332 illum
3378 3275 3583 3345 recipi,
3632 3272 3730 3343 qni

2155 3379 2338 3450 priore
2369 3377 2601 3448 conjuge
2633 3384 2842 3430 mortua
2879 3375 3106 3428 alteram
3133 3370 3368 3426 duxerit.
3404 3367 3560 3435 Quod
3590 3367 3728 3422 ade.»

2157 3487 2346 3527 verum
2373 3481 2476 3536 est,
2505 3479 2566 3525 ut
2588 3485 2658 3525 ne
2685 3468 2875 3523 Ariani
2911 3467 3132 3538 quidem
3165 3472 3358 3520 contra
3382 3475 3730 3516 communem

2159 3566 2304 3619 illam
2380 3570 2765 3634 receptamque
2846 3557 3297 3615 consuetudinem
3359 3553 3547 3608 venire
3609 3550 3734 3606 ausi

2161 3657 2382 3713 fuerint.
2414 3654 2550 3710 Nam
2596 3657 2650 3709 in
2688 3652 3062 3707 Ebionitarum
3107 3647 3304 3703 hatresi
3348 3645 3440 3711 30,
3490 3659 3643 3699 num.
3678 3643 3732 3709 5,

2160 3747 2430 3818 Josephus
2457 3761 2664 3808 comes,
2699 3759 2824 3797 cum
2853 3741 3062 3808 Ariani,
3099 3749 3158 3795 ut
3184 3739 3250 3794 ad
3288 3746 3470 3808 partes
3501 3750 3631 3791 suas
3669 3733 3734 3788 il-

2161 3840 2274 3894 lum
2333 3840 2643 3902 traherent,
2686 3835 3062 3905 episcopatum
3099 3833 3149 3886 ei
3197 3831 3614 3902 pollicerentur,
3667 3842 3736 3881 ne

2162 3932 2364 3986 invitus
2397 3931 2466 3985 ab
2496 3931 2604 3984 illis
2634 3929 3000 3993 ordinaretur,
3047 3925 3229 3996 priore
3266 3922 3493 3992 conjuge
3541 3917 3736 3975 defun-

2162 4033 2282 4088 cta,
2313 4021 2579 4078 secundas
2614 4021 2834 4090 nuptias
2883 4019 3026 4071 iniit.
3077 4014 3372 4082 Quaesitum
3427 4011 3560 4066 olim
3611 4009 3735 4076 fuit,

2164 4125 2347 4168 tttrtnn
2394 4115 2487 4183 qui
2534 4119 2660 4165 ante
2704 4107 3034 4178 baptismum
3087 4104 3373 4174 conjugem
3430 4100 3736 4167 habuisset,

2163 4207 2413 4277 digatuus
2446 4202 2716 4274 ejusmodi
2742 4208 3080 4263 censeretur,
3111 4197 3202 4268 qui
3237 4199 3306 4251 ab
3351 4193 3738 4251 ecclesiasticis

2164 4299 2446 4354 ordinibus
2500 4305 2794 4352 arceretur.
2839 4293 2956 4361 Qua
3001 4291 3066 4346 de
3095 4307 3155 4346 re
3201 4304 3390 4360 parum
3440 4285 3739 4359 probabilis

2166 4391 2483 4462 Hieronymi
2519 4389 2786 4445 sententia
2819 4393 2999 4442 exstat
3042 4384 3100 4439 in
3131 4383 3303 4454 Epist.
3342 4382 3412 4436 ad
3443 4379 3735 4442 Oceanum,

2165 4500 2288 4555 quas
2316 4493 2402 4539 est
2437 4483 2526 4537 85.
2570 4481 2672 4536 Cui
2717 4480 2988 4534 contraria
3039 4486 3122 4534 est
3176 4475 3464 4547 Augustini
3515 4474 3610 4529 lib.
3663 4474 3740 4525 De

485 4602 670 4670 pellat,
692 4615 815 4670 qua:
837 4608 1029 4668 Sponte
1052 4613 1112 4653 se
1145 4613 1176 4652 a
1193 4597 1295 4653 viri
1320 4595 1716 4652 consuetudine
1741 4565 2058 4664 segregarit,

2169 4578 2300 4632 bono
2328 4575 2582 4646 coniugii,
2609 4589 2730 4644 cap.
2759 4575 2846 4639 18,
2875 4573 3216 4640 aliorumque
3245 4569 3467 4623 Patrum
3507 4565 3694 4636 opinio
3723 4583 3737 4618 :

485 4695 567 4750 uti
595 4707 805 4748 canone
840 4691 1161 4761 praecedenti
1198 4709 1211 4744 :
1250 4691 1460 4744 Assumi
1507 4689 1738 4758 aliquem
1781 4687 1850 4739 ad
1885 4703 2064 4739 sacer-

487 4787 693 4840 dotium
722 4800 827 4839 non
869 4801 1021 4856 posse
1053 4786 1111 4838 in
1139 4782 1350 4837 vinculo
1390 4782 1624 4852 conjugii
1673 4781 2062 4843 constitutum;

489 4880 595 4934 nisi
617 4878 878 4949 promissa
914 4879 1074 4946 fuerit
1101 4877 1392 4937 conversio,
1440 4891 1544 4926 non
1579 4882 1805 4941 oportet.
1837 4875 1905 4926 At
1935 4887 2067 4924 con-

490 4971 582 5027 cil.
619 4968 794 5024 Tolet.
830 4983 867 5035 l,
895 4985 1016 5025 can.
1041 4967 1346 5043 4,decrevit
1375 4986 1387 5020 :
1425 4964 1494 5020 Ut
1535 4965 1888 5020 subdiaconus
1926 4979 2065 5018 utco-

489 5079 600 5118 rem
629 5063 855 5118 alterum
896 5063 1090 5115 ducens
1129 5060 1270 5114 inter
1296 5060 1546 5112 ostiarios
1587 5057 1666 5111 vel
1719 5056 1937 5109 lectores
1971 5056 2067 5107 lia-

493 5154 698 5208 beatur.
733 5152 887 5217 Quod
909 5152 956 5204 si
990 5149 1203 5203 tertiam
1234 5149 1468 5213 duxerit,
1499 5147 1638 5217 quod
1666 5163 1758 5199 nec
1787 5144 2069 5198 dicendum

491 5257 592 5311 est,
631 5245 905 5299 abstentus
935 5244 1142 5297 biennio
1173 5253 1360 5311 postea
1394 5242 1532 5293 inter
1563 5239 1729 5292 laicos
1762 5237 2070 5292 reconcilia-

499 5349 585 5393 tus
616 5346 730 5408 post
763 5337 1122 5410 paenitentiam
1161 5333 1526 5388 communicet.
1580 5331 1662 5385 Ad
1695 5332 1809 5385 haec
1840 5329 2071 5385 Siricius

497 5445 637 5501 papa
670 5430 724 5482 in
749 5429 999 5496 epistola,
1029 5441 1152 5497 qua:
1182 5426 1238 5479 in
1279 5423 1493 5480 Telensi
1523 5422 1760 5478 concilio
1791 5424 1928 5477 lecta
1963 5430 2070 5487 est,

499 5536 625 5577 can.
659 5523 731 5588 9;
775 5518 1122 5576 Innocentius
1167 5517 1328 5589 epist.
1396 5517 1454 5581 2,
1499 5530 1618 5584 cap.
1663 5513 1718 5581 9,
1743 5522 1796 5569 et
1821 5514 1980 5584 epist.
2014 5513 2068 5578 5,

504 5633 626 5688 cap.
650 5617 702 5685 l,
728 5615 1076 5686 presbyteros
1113 5613 1379 5668 duntaxat
1405 5620 1460 5666 et
1483 5609 1744 5665 diaconos
1771 5610 1921 5662 coire
1947 5622 2072 5662 cum

501 5711 768 5768 uxoribus
795 5709 1081 5783 prohibent
1101 5720 1362 5778 :quorum
1388 5705 1606 5760 decreta
1629 5702 1917 5757 conﬁrmat
1932 5701 2075 5770 Aga-

498 5805 693 5860 thense
728 5819 882 5859 conc.
928 5818 1052 5857 can.
1099 5801 1152 5854 9.
1200 5798 1357 5866 Quod
1392 5801 1570 5868 ipsum
1620 5809 1801 5851 tamen
1847 5810 1968 5850 can.
2005 5793 2074 5847 59

505 5895 872 5953 subdiaconos
899 5895 1063 5951 etiam
1109 5890 1558 5963 comprehendit:
1598 5887 1919 5958 Presbyteri,
1951 5885 2071 5939 dia-

2170 4670 2259 4725 cui
2297 4669 2666 4724 ecclesiastica
2708 4665 2928 4720 traditio
2977 4679 3040 4719 ac
3106 4663 3444 4717 consuetudo
3483 4658 3742 4727 suffraga-

2172 4772 2279 4819 tur.
2308 4762 2427 4830 Qua
2453 4763 2518 4817 de
2543 4777 2602 4817 re
2636 4759 2901 4815 Valentini
2930 4757 3169 4821 concilii,
3198 4753 3345 4826 quod
3371 4753 3476 4808 sub
3506 4751 3742 4806 Damaso

2170 4857 2498 4914 celebratum
2549 4864 2634 4910 est
2659 4893 2674 4918 ,
2709 4867 2880 4908 canon
2912 4851 3122 4921 primus
3165 4848 3240 4902 ita
3275 4846 3464 4902 statuit
3493 4863 3507 4900 :
3549 4842 3640 4897 Uti
3667 4842 3743 4895 di-

2172 4951 2313 5022 gami
2363 4967 2426 5003 ne
2458 4949 2768 5002 ordinentur
2797 4945 3015 5009 clerici,
3064 4940 3275 4997 etiamsi
3304 4937 3523 5010 gentiles
3571 4935 3744 4987 adhuc

2173 5047 2269 5098 hac
2301 5060 2356 5098 se
2381 5041 2611 5112 infelicis
2639 5039 2799 5093 sortis
2829 5037 3138 5091 necessitate
3170 5030 3568 5086 maculaverint.
3607 5025 3746 5080 Vide

2172 5141 2360 5192 lnnoc.
2388 5135 2428 5200 l,
2446 5133 2603 5204 epist.
2622 5132 2676 5194 2,
2695 5146 2743 5187 c.
2765 5129 2818 5184 6.
2837 5128 2978 5196 Quin
2994 5139 3050 5183 et
3076 5125 3330 5180 Zosimus
3357 5135 3494 5192 papa
3517 5119 3674 5188 epist.
3712 5119 3738 5170 ι

2172 5245 2281 5286 non
2309 5229 2470 5283 modo
2495 5226 2837 5294 episcopum,
2883 5228 2977 5276 aut
3002 5221 3292 5275 diaconum
3338 5229 3402 5270 ac
3457 5211 3744 5268 subdiaco-

2173 5336 2324 5387 num,
2357 5319 2450 5374 sed
2485 5331 2554 5371 ne
2582 5315 2838 5370 lectorem
2871 5309 3115 5382 quidem,
3139 5317 3236 5362 aut
3259 5305 3588 5361 exorcistam
3621 5301 3740 5356 lleri

2173 5415 2376 5486 patitur
2404 5425 2553 5476 eum,
2586 5408 2679 5478 qui
2709 5405 2886 5462 viduae
2915 5403 2984 5458 sit
3011 5401 3266 5456 maritus.
3297 5397 3482 5453 ltedeo
3506 5395 3572 5450 ad
3602 5395 3744 5464 Apo-

2175 5506 2300 5563 stoli
2325 5505 2506 5559 locum
2536 5502 2686 5555 illum
2717 5497 2738 5551 ι
2769 5498 2836 5553 ad
2858 5495 3114 5568 Tim.,ttt.
3145 5493 3343 5560 Quem,
3371 5491 3449 5544 uti
3475 5489 3607 5554 dixi,
3629 5502 3740 5541 non

2177 5597 2486 5670 negandum
2525 5602 2610 5650 est
2640 5593 2708 5648 ad
2742 5591 2866 5645 illos
2899 5590 3173 5660 pertinere
3210 5599 3432 5656 quoque
3464 5581 3738 5652 digamos,

2176 5694 2271 5764 qui
2314 5689 2595 5760 repudiata
2633 5698 2910 5755 utcunque
2938 5681 3168 5751 conjuge
3193 5693 3362 5733 novas
3408 5675 3625 5745 nuptias
3655 5689 3750 5729 co-

2178 5785 2421 5858 pularint
2453 5801 2467 5837 :
2503 5798 2613 5852 quo
2661 5795 2826 5835 sensu
2872 5777 3297 5847 Chrysostomus
3351 5770 3746 5838 interpretatus

2179 5890 2286 5949 est,
2329 5878 2423 5952 qui
2455 5886 2510 5934 et
2541 5877 2657 5948 ipse
2689 5884 2869 5931 tamen
2899 5871 3124 5928 alterius
3148 5869 3486 5940 digamorum
3515 5862 3749 5936 generis.
