4054 6404
409 371 552 430 1079

1541 370 1882 426 APPENDIK
1935 371 2568 428 DISSERTATIONUM.

3531 371 3550 426 l
3563 368 3670 426 030

407 507 462 550 et
495 494 714 564 quidem
744 507 934 548 eorum
957 535 970 558 ,
1019 492 1114 562 qui
1161 501 1283 560 post
1331 491 1572 560 priorum
1607 493 1815 546 obitum
1851 493 1987 548 alias

2093 495 2356 566 ράκοντα,
2392 495 2486 548 καὶ
2517 491 2720 562 ταύτην
2763 490 2900 562 μετὰ
2929 489 3190 561 ἀκριϐοῦς
3213 488 3557 559 δοκιμασίας.
3593 487 3669 544 De

406 587 728 648 duxissent,
765 583 1034 638 meminit.
1069 583 1226 645 Τινὲς
1265 582 1350 644 δὲ,
1384 582 1590 652 inquit,
1627 583 1716 638 ἵνα
1757 586 1822 636 ὲκ
1859 586 1987 655 μιᾶς

406 676 666 746 γυναικὸς
692 672 758 748 ᾖ,
791 676 924 746 φασὶ
951 674 1110 728 τοῦτο
1141 673 1412 746 εἰρῆσθαι.
1455 674 1686 740 Quidam
1729 675 1846 730 ideo
1899 678 1986 729 di-

410 780 556 822 ctum
603 769 700 822 hoc
731 767 796 820 ab
828 765 1080 836 Apostolo
1109 775 1338 832 censent,
1377 775 1434 820 ut
1473 766 1538 818 ab
1579 783 1686 820 una
1721 783 1885 820 uxore
1917 769 1987 822 sit

407 863 660 920 (rnortua
717 858 926 914 scilicet
959 857 999 930 ).
1044 858 1259 914 Clarius
1291 859 1344 912 in
1381 859 1672 913 Comment.
1705 861 1774 914 ad
1811 859 1988 914 Titum

407 953 558 1007 hom.
587 951 643 1016 ‘2,
670 951 760 1006 ubi
785 967 1008 1006 causam
1051 951 1192 1010 hanc
1215 952 1528 1021 apostolica:
1580 953 1877 1008 sanctionis
1901 953 1988 1006 ai-

409 1044 518 1100 fert
560 1063 572 1097 :
626 1044 685 1096 '0
733 1043 842 1114 γὰρ
889 1043 1025 1116 πρὸς
1061 1043 1158 1114 τὴν
1191 1043 1532 1098 ἀπελθοῦσαν
1577 1044 1846 1116 μηδεμίαν
1887 1063 1988 1115 φυ-

407 1135 574 1202 λάξας
627 1135 844 1190 εὔνοιαν
868 1177 882 1202 ,
936 1135 1052 1200 πῶς
1105 1137 1172 1192 ἂν
1220 1133 1372 1200 οὗτος
1417 1137 1626 1206 γένοιτο
1677 1141 1988 1208 προστάτης

408 1229 606 1295 καλός;
652 1227 757 1296 Qui
801 1231 1063 1298 defuncta:
1119 1231 1275 1284 uxori
1325 1231 1730 1284 benevolentiam
1781 1231 1986 1284 nullam

407 1337 640 1375 servasse
667 1321 1077 1390 deprehenditur
1101 1361 1116 1384 ,
1149 1337 1377 1392 quonam
1419 1331 1574 1390 pacto
1606 1323 1690 1374 hic
1732 1319 1987 1377 Ecclesia:

405 1429 629 1483 pricesse
683 1415 925 1484 poterit?
979 1413 1348 1470 Ἀπελθοῦσαν
1397 1414 1631 1484 appellat
1677 1424 1984 1482 mortuam,

407 1523 516 1560 non
551 1523 698 1570 eam,
731 1523 854 1578 quae
892 1509 1169 1577 repudiata
1193 1507 1438 1563 discessit
1475 1550 1489 1574 ,
1528 1518 1588 1564 ut
1617 1509 1868 1578 imperite
1895 1508 1986 1578 ju-

407 1599 776 1654 risconsultus
811 1601 1007 1665 vertit;
1055 1615 1182 1658 nam
1229 1611 1284 1656 et
1326 1601 1470 1670 apud
1517 1599 1986 1672 TbeOphylactum

409 1689 598 1742 eadem
627 1689 1006 1760 Chrysostomi
1035 1691 1201 1746 verba
1237 1691 1310 1746 ita
1339 1691 1640 1746 redduntur
1669 1711 1682 1746 :
1717 1691 1822 1758 Qui
1847 1695 1986 1746 enim

408 1777 615 1830 nullam
655 1780 880 1834 servavit
927 1780 1336 1836 benevolentiam
1369 1799 1494 1853 erga
1533 1799 1684 1848 eam,
1729 1801 1848 1854 quae
1895 1785 1986 1838 ob-

407 1871 496 1933 iit,
515 1879 620 1926 etc.
642 1869 824 1938 Quare
851 1872 1128 1942 posterius
1163 1873 1294 1928 illud
1323 1887 1386 1928 ac
1411 1875 1714 1944 legitimum
1739 1877 1987 1946 digamo—
2017 1869 2059 1924 Β

409 1977 532 2016 rum
589 1979 760 2034 genus
807 1965 876 2019 ab
923 1967 1224 2036 apostolico
1275 1967 1370 2021 illo
1423 1969 1645 2022 decreto
1705 1983 1984 2038 nunquam

409 2053 835 2126 Chrysostomus
879 2059 1130 2114 exclusit.
1187 2057 1340 2114 Unus
1387 2057 1798 2124 Theodoretus,
1841 2061 1987 2130 quod

409 2149 568 2204 valde
595 2151 791 2216 miror,
810 2152 959 2208 solos
981 2153 1252 2222 digamos,
1268 2153 1360 2223 qui
1389 2155 1575 2224 plures
1595 2155 1760 2210 simul
1787 2171 1988 2210 uxores

411 2243 704 2311 haberent,
739 2245 810 2298 ab
842 2245 1108 2316 Apostolo
1163 2248 1480 2318 rcpudiatos
1513 2249 1721 2304 sentire
1749 2248 1984 2302 videtur.

409 2331 468 2390 In
501 2351 610 2404 quo
639 2337 946 2392 audiendus
979 2353 1086 2392 non
1115 2347 1200 2394 est
1223 2380 1238 2404 ,
1279 2343 1562 2409 multoque
1591 2341 1776 2396 minus
1819 2339 1990 2394 haere—

409 2429 527 2494 tici,
575 2429 655 2484 uti
701 2428 839 2484 Beza
873 2431 1187 2500 caeterique,
1231 2433 1324 2502 qui
1357 2433 1411 2486 in
1444 2433 1764 2502 apostolicis
1809 2433 1990 2487 verbis

409 2529 740 2590 praeceptum
773 2523 1040 2578 contineri
1075 2533 1302 2593 putant,
1333 2525 1480 2596 quod
1523 2525 1734 2580 nullum
1768 2525 1836 2580 ad
1873 2526 1991 2595 epi-

412 2623 729 2682 scopatum,
759 2614 864 2668 nisi
903 2630 1073 2670 uxore
1113 2615 1312 2680 ducta,
1349 2619 1658 2686 promoveri
1689 2619 1984 2688 permittat.

413 2704 568 2770 Quod
596 2705 918 2776 jamdudum
952 2707 1392 2780 Theophylactus
1418 2709 1635 2768 refellit.

481 2797 600 2852 Col.
621 2797 797 2854 8840.
813 2802 880 2853 Et
897 2797 1095 2854 δὲεῖεν
1111 2803 1304 2855 ἱκανοί
1310 2841 1323 2855 .
1340 2801 1807 2870 Quemadmodum
1826 2821 1858 2862 e
1873 2823 1990 2862 nio--

411 2891 605 2948 nachis
621 2891 850 2962 eligendi
863 2893 972 2948 sint
987 2895 1189 2958 clerici,
1203 2896 1359 2951 docet
1373 2898 1708 2968 Augustinus
1719 2901 1878 2968 epist.
1897 2899 1984 2955 76.

483 2981 618 3039 Ibid.
645 2985 753 3040 Kal
776 2983 1154 3042 διακόνισσαι
1175 2987 1243 3040 δὲ
1265 2989 1670 3046 καθίστανται.
1705 2991 1990 3049 Diaconis-

414 3089 599 3130 sarum
637 3090 796 3130 usum
839 3084 892 3132 et
921 3077 1226 3132 institutum
1249 3080 1469 3134 uberius
1496 3081 1986 3152 Collyridianorum

415 3164 607 3220 haeresi
629 3167 888 3231 declarat,
907 3183 1030 3236 quae
1054 3178 1136 3223 est
1155 3169 1241 3233 79,
1269 3187 1420 3226 num.
1443 3171 1476 3226 5
1503 3172 1626 3228 eti.
1651 3173 1748 3229 Ubi
1776 3177 1842 3230 ad
1865 3193 1986 3231 mu—

413 3255 634 3321 lierum,
651 3273 772 3326 quae
792 3258 1157 3327 baptizantur,
1183 3260 1465 3329 obsequia,
1481 3263 1726 3334 aliasque
1747 3266 1798 3321 id
1819 3283 1988 3337 genus

412 3346 721 3401 functiones
767 3347 952 3416 deligi,
1003 3348 1165 3418 idque
1220 3365 1250 3404 e
1297 3352 1580 3407 viduarum
1643 3356 1986 3423 potissimum

415 3439 628 3503 ordine,
655 3439 864 3493 scribit.
887 3437 1042 3495 Unde
1063 3453 1118 3494 et.
1143 3441 1316 3496 virtute
1350 3452 1404 3499 et
1437 3445 1760 3514 presbytides
1803 3449 1988 3518 appel-

415 3531 619 3586 luntur.
653 3529 766 3586 lloc
789 3547 919 3587 vero
947 3533 1068 3586 loco
1117 3549 1222 3586 non
1257 3535 1432 3589 solum
1465 3537 1679 3602 viduas,
1705 3539 1798 3594 sed
1823 3542 1987 3594 etiam

325 3683 328 3686 _
415 3637 714 3694 perpetuas
745 3625 868 3694 capi
897 3627 1138 3696 virgines
1166 3628 1456 3696 signiﬁcat.
1495 3628 1738 3687 Zonaras
1782 3642 1836 3690 ct
1865 3633 1988 3687 Bal-

413 3730 569 3770 samo
593 3715 898 3770 Comment.
923 3717 991 3770 ad
1025 3733 1149 3772 can.
1178 3719 1246 3772 l9
1281 3717 1512 3776 Nicatore
1533 3725 1989 3796 synodi,rirgincs

411 3806 686 3876 praecipue
728 3806 966 3862 delectas
1008 3823 1130 3863 esse
1171 3810 1412 3865 docent:
1461 3813 1730 3884 Παρθένοι
1775 3817 1991 3886 (inquit

413 3898 688 3969 Zonaras)
728 3897 788 3952 τὸ
821 3898 1049 3955 παλαιὸν
1080 3904 1418 3972 προσήγοντο
1454 3904 1532 3976 τῷ
1565 3906 1686 3978 Θεῷ
1739 3907 1989 3975 ἁγνεύειν

411 3989 790 4060 δμολογοῦσαι,
825 3991 891 4056 ἃς
935 3993 984 4046 οἱ
1034 3993 1322 4046 ἐπίσκοποι
1371 3994 1656 4066 καθιέρουν
1709 4001 1851 4056 κατὰ
1897 4001 1988 4054 τὸν

414 4087 467 4146 ς’
509 4081 710 4136 κανόνα
742 4083 842 4154 τῆς
878 4083 935 4134 ὲν
969 4083 1302 4161 Καρθαγένῃ
1339 4087 1554 4141 συνόδου
1574 4129 1588 4152 ,
1621 4091 1842 4162 καὶτῆς
1871 4092 1989 4146 τού-

411 4190 520 4226 των
552 4173 869 4245 ἐφρόντιζον
915 4173 1160 4245 φυλακῆς
1210 4177 1352 4230 κατὰ
1397 4179 1487 4232 τὸν
1535 4181 1616 4250 μδ⁹
1659 4183 1860 4236 κανόνα
1889 4185 1988 4256 τῆς

411 4263 583 4332 αὐτῆς
617 4263 833 4317 συνόδου
854 4278 868 4293 ο
911 4261 970 4325 ἐξ
1007 4257 1082 4318 ὧν
1109 4265 1172 4335 δὴ
1215 4264 1500 4336 παρθένιον
1531 4269 1624 4323 καὶ
1651 4269 1987 4326 διακόνισσαι

411 4356 844 4428 ὲχειροτονοῢντο
899 4356 1038 4410 κατὰ
1082 4357 1172 4410 τὸν
1226 4359 1415 4428 καιρὸν
1473 4361 1563 4412 τὸν
1611 4364 1983 4434 προσήκοντα,

411 4453 581 4522 ἤγουν
627 4451 714 4504 ὅτε
756 4450 891 4504 ἐτῶν
926 4451 1175 4520 ἐγένοντο
1218 4460 1299 4522 μ’·
1333 4455 1390 4507 αἱ
1427 4454 1482 4506 δὲ
1525 4454 1770 4520 τοιαῦται
1811 4457 1903 4510 καί
1935 4475 1987 4510 τι

2089 603 2159 641 x1.
2193 587 2354 642 annis
2378 586 2520 640 idem
2542 585 2851 654 Agathense
2877 583 3114 637 deetevit
3139 597 3264 636 can.
3303 581 3386 634 l9.
3421 581 3665 648 lgnatius

2089 681 2249 750 epist.
2283 679 2316 734 9
2345 694 2360 730 ς
2406 677 2750 748 Ἀσπάζομαι
2789 677 2888 740 τὰς
2917 675 3190 747 φρουροὺς
3217 675 3326 728 τῶν
3367 674 3536 742 ἁγίων
3572 689 3667 724 πυ-

2088 772 2295 836 λώνων,
2333 772 2430 834 τὰς
2475 772 2534 824 ὲν
2573 769 2794 841 Χριστῷ
2820 769 3118 834 διακόνους.
3155 767 3474 837 Epaunense
3507 778 3668 834 porro

2089 879 2212 920 can.
2261 864 2324 918 2t
2385 863 2727 918 diaconissas
2773 861 3034 918 sustulit:
3091 857 3412 920 Viduarum,
3453 857 3664 926 inquit,

2089 958 2534 1012 consecrationem
2555 996 2569 1020 ,
2616 971 2748 1026 quas
2775 956 3028 1008 diaconos
3059 962 3244 1008 vocant
3264 993 3277 1015 ,
3310 951 3373 1004 ab
3406 951 3548 1004 omni
3583 967 3668 1002 re-

2088 1052 2239 1120 gione
2271 1060 2454 1102 nostra
2485 1047 2692 1116 penitus
2722 1045 3066 1115 abrogamus,
3097 1043 3266 1098 solam
3305 1043 3380 1096 eis
3411 1041 3666 1106 paeniten-

2091 1142 2180 1193 tia:
2206 1137 2616 1192 benedictionem
2637 1174 2652 1201 ,
2686 1137 2732 1190 si
2759 1136 2990 1190 converti
3023 1134 3260 1188 ambiunt
3283 1175 3299 1198 ,
3329 1130 3663 1201 imponendo.

2090 1231 2203 1286 lmo
2247 1239 2302 1285 et
2355 1229 2722 1284 Laodicenum
2771 1243 2839 1282 ex
2883 1243 2948 1282 ea
2993 1235 3146 1295 parte
3189 1224 3416 1286 saltem,
3454 1233 3514 1275 ut
3543 1221 3666 1276 aliis

2089 1323 2413 1380 mulieribus
2445 1321 2668 1376 minime
2695 1327 3012 1390 praeessent,
3043 1333 3142 1372 nec
3169 1331 3358 1372 earum
3388 1314 3668 1370 docenda-

2087 1432 2208 1470 rum
2237 1431 2438 1470 munus
2467 1421 2822 1484 usurparent,
2851 1421 2912 1466 ut
2937 1410 3184 1466 Zonaras
3211 1419 3265 1464 et
3293 1408 3549 1463 Balsamo
3573 1407 3666 1460 de-

2088 1511 2298 1564 clarant
2321 1510 2388 1564 ad
2419 1523 2541 1563 can.
2575 1507 2660 1560 ll.
2695 1505 2867 1576 Cujus
2903 1506 3016 1560 haec
3042 1504 3206 1558 verba
3231 1515 3360 1558 sunt
3389 1519 3400 1553 :
3433 1501 3526 1571 Μὴ
3547 1499 3658 1552 δεῖν

2087 1601 2183 1666 τὰς
2221 1601 2520 1671 λεγομένας
2553 1597 2944 1670 πρεσϐύτιδας,
2981 1598 3100 1668 ἦτοι
3133 1593 3578 1666 προκαθημένας,
3609 1594 3668 1644 ὲν

2099 1694 2397 1766 Ἐκκλησία
2428 1693 2813 1748 καθίστασθαι.
2843 1691 2975 1758 Quae
3008 1691 3078 1744 ita
3105 1701 3259 1744 vetus
3285 1687 3450 1742 editio
3473 1684 3669 1739 Latina

2087 1789 2368 1858 concipit:
2421 1785 2709 1849 Mulieres,
2757 1801 2873 1855 qua:
2917 1783 3058 1842 apud
3100 1780 3310 1836 (ἔπεσσε
3352 1780 3670 1849 presbyteros

2089 1881 2446 1950 appellantur,
2497 1879 2637 1948 apud
2682 1895 2776 1932 nos
2822 1886 2998 1930 autem
3028 1875 3204 1930 vidua:
3249 1875 3500 1936 seniores,
3549 1871 3672 1924 uni-

2089 1975 2218 2028 vira:
2253 1985 2300 2028 et
2327 1971 2715 2026 matricularia:
2767 1971 3133 2030 nominantur,
3165 1967 3220 2020 in
3253 1964 3515 2028 Ecclesia,
3557 1973 3672 2015 tan-

2087 2083 2245 2138 quam
2283 2065 2582 2130 ordinatas,
2617 2063 2868 2117 constitui
2919 2077 3022 2116 non
3049 2061 3251 2114 debere.
3285 2057 3360 2113 De
3395 2054 3672 2110 diaconis-

2089 2161 2164 2216 sis
2203 2167 2438 2229 nugatur
2481 2155 2936 2212 Pseudodiataxis
2967 2153 3145 2209 Clem.
3179 2153 3276 2207 lib.
3311 2168 3371 2214 lt,
3407 2166 3530 2220 cap.
3573 2149 3669 2213 ‘26,

2091 2250 2180 2305 ubi
2225 2251 2524 2319 episcopum
2561 2247 2654 2301 Dei
2706 2247 2880 2302 Patris
2917 2247 3094 2300 instar
3119 2259 3241 2300 esse
3273 2243 3438 2308 dicit,
3481 2242 3672 2294 diaco-

2090 2357 2214 2396 num
2261 2339 2463 2395 Christi
2529 2338 2782 2404 Domini,
2832 2337 3194 2391 diaconissam
3247 2351 3378 2390 vero
3430 2333 3670 2404 Spiritus

2089 2434 2286 2488 sancti.
2337 2431 2574 2487 Proinde
2611 2431 2688 2484 uti
2719 2429 2955 2500 Spiritus
2985 2437 3210 2483 sanctus
3253 2427 3389 2480 nihil
3421 2443 3449 2480 a
3487 2427 3672 2495 scipso

2088 2527 2220 2580 dicit
2281 2523 2496 2584 facitve,
2549 2521 2688 2576 ἀλλὰ
2720 2519 2957 2586 δοξάζων
2991 2521 3081 2575 τὸν
3122 2519 3355 2591 Χριστὸν
3387 2521 3672 2591 περιμένει

2089 2619 2148 2672 τὸ
2196 2616 2406 2670 ἐκείνου
2439 2615 2652 2686 θέλημα
2675 2656 2690 2680 ,
2723 2616 2797 2668 ita
2835 2613 3162 2668 diaconisSte
3209 2612 3344 2666 nihil
3380 2613 3500 2667 sine
3545 2611 3670 2664 dia-

2089 2728 2231 2768 cono
2255 2711 2453 2766 debent
2483 2710 2782 2778 suscipere.
2815 2707 2948 2774 Quae
2977 2715 3108 2761 sunt
3136 2699 3392 2777 γραώδη,
3423 2715 3476 2760 et
3501 2706 3676 2759 luere-

2091 2805 2194 2861 sim
2224 2815 2484 2874 praeterea
2512 2800 2620 2854 τῶν
2655 2799 3136 2868 Πνευματομάχων
3165 2795 3428 2850 redolent.

2160 2897 2280 2952 Col.
2299 2896 2403 2951 885
2425 2897 2488 2948 Α.
2509 2891 2628 2950 Εἶθ’
2651 2892 2798 2962 ἐξῆς
2813 2892 3039 2946 τούτων
3066 2887 3436 2957 ἐπορκισταί.
3465 2884 3670 2940 llorum

2090 2991 2333 3048 omnium
2351 2999 2404 3044 et
2427 2987 2843 3060 praecedentium
2866 2984 3117 3038 ordinum
3139 2981 3328 3036 crebra
3347 2987 3430 3033 est
3450 2977 3504 3032 in
3526 2987 3675 3032 vete-

2090 3088 2241 3142 ribus
2265 3083 2489 3155 synodis
2511 3091 2566 3136 et
2588 3079 2728 3150 apud
2754 3079 3007 3147 antiquos
3029 3074 3218 3128 Patres
3245 3072 3466 3126 mentio.
3485 3069 3542 3122 1n
3561 3069 3674 3139 pri—

2091 3181 2195 3234 mis
2207 3178 2467 3247 Carthag.
2485 3189 2538 3230 tv
2557 3172 2800 3244 singulos
2823 3169 3021 3242 gradus
3039 3166 3450 3222 accuratissime
3465 3161 3673 3216 descri-

2094 3270 2192 3332 bit,
2215 3277 2394 3337 etquo
2417 3265 2649 3334 quisque
2671 3263 2777 3316 ritu
2799 3262 2871 3316 sit
2898 3257 3197 3312 initiandus
3223 3255 3482 3309 declarat.
3511 3249 3674 3318 Apud

2095 3361 2360 3432 lgnatium
2394 3373 2518 3411 cum
2552 3357 2605 3409 in
2639 3355 2764 3408 aliis
2790 3351 3070 3422 epistolis,
3101 3357 3216 3402 tum
3246 3347 3298 3400 in
3317 3345 3668 3416 postrema9,

2093 3463 2288 3524 praeter
2305 3455 2552 3520 majores
2583 3447 2706 3504 illos
2736 3451 3236 3501 commemorantur
3272 3433 3667 3505 Ἀναγνῶσται,

2092 3546 2324 3610 Ψάλται,
2371 3541 2654 3613 Πυλιωροὶ,
2699 3540 2748 3592 οἱ
2795 3537 3134 3600 Κοπιῶντες,
3169 3527 3537 3603 Ἐπορκισταὶ.
3593 3525 3674 3580 De

2091 3639 2292 3710 quibus
2311 3635 2566 3690 omnibus
2587 3631 2824 3686 Annales
2855 3627 3112 3682 Ecclesiae
3140 3625 3384 3682 consule.

2161 3729 2296 3784 Ibid.
2317 3728 2376 3780 Β.
2401 3723 2696 3789 Συνάξεις
2721 3721 2788 3774 δὲ
2804 3720 3272 3788 ἐπιτελούμεναι.
3298 3712 3528 3785 Synaxis
3553 3724 3676 3781 pro-

2091 3821 2208 3890 prie
2233 3833 2420 3875 sacros
2442 3823 2768 3879 conventus,
2795 3822 2848 3868 et
2879 3813 3024 3882 quod
3056 3811 3110 3864 in
3135 3809 3243 3864 illis
3262 3823 3293 3862 a
3318 3805 3564 3860 ﬁdelibus
3581 3817 3672 3857 ce-

2091 3914 2352 3977 lebratur,
2369 3909 2612 3966 divinum
2632 3906 2865 3962 ollicium
2887 3902 3156 3974 signiﬁcat
3173 3918 3188 3967 ;
3206 3899 3352 3970 quod
3386 3911 3670 3952 sacrarum

2091 4007 2423 4062 Litterarum
2449 4003 2760 4063 lectionem,
2789 3996 3172 4067 psalmodiam,
3206 4000 3522 4054 tractatum,
3555 3991 3674 4042 sive

2091 4113 2398 4156 sermonem
2444 4095 2512 4149 ad
2561 4091 2852 4162 populum,
2903 4105 2967 4144 ac
2993 4087 3236 4148 demum,
3271 4085 3365 4138 ubi
3397 4099 3534 4153 opus
3563 4087 3670 4146 est,

2091 4191 2401 4246 divinorum
2451 4185 2836 4256 mysteriorum
2888 4179 3314 4236 celebrationem
3359 4173 3674 4244 complecti-

2092 4295 2201 4348 tur,
2252 4283 2328 4336 uti
2387 4279 2592 4334 Fronto
2643 4276 2874 4330 Duczcus
2924 4281 3110 4327 noster
3171 4269 3236 4324 ad
3293 4264 3702 4338 Chrysostomi‘

2091 4385 2231 4430 orat.
2272 4374 2306 4426 Ξ
2333 4373 2385 4424 in
2427 4369 2644 4424 Iudaeos
2679 4366 2980 4420 adnotavit.
3014 4363 3420 4430 Nonnunquam
3465 4369 3671 4422 tamen,

2092 4477 2154 4524 ut
2185 4467 2326 4537 apud
2361 4463 2704 4536 Dionysium,
2739 4459 3039 4530 praisertim
3073 4457 3213 4510 libro
3245 4452 3322 4507 De
3348 4452 3532 4505 eccles.
3557 4451 3672 4502 hie-

414 4545 598 4615 σχῆμα
633 4545 906 4598 ἐνεδύοντο
934 4544 1085 4614 παρὰ
1108 4544 1216 4598 τῶν
1245 4547 1558 4600 ἐπισκόπων
1591 4549 1648 4600 ἐν
1671 4548 1750 4619 τῷ
1783 4557 1858 4602 κε’
1883 4552 1988 4603 ἐνι-

2093 4577 2224 4630 rar.,
2240 4572 2360 4626 cap.
2391 4557 2446 4622 5,
2471 4568 2571 4625 pro
2601 4553 2719 4623 ipsa
2748 4548 3155 4610 communione,
3179 4545 3263 4599 vel
3291 4545 3474 4598 missa:
3499 4540 3674 4596 sacri-

413 4637 564 4708 αυτῷ
594 4638 696 4708 τῆς
723 4637 938 4707 ἡλικίας
972 4637 1172 4692 αὐτῶν.
1206 4637 1580 4696 Tertullianus
1613 4657 1744 4696 vero
1776 4643 1870 4699 lib.
1915 4643 1988 4697 De

412 4727 652 4782 vetandis
685 4729 876 4798 virgitt.
905 4745 1024 4797 cap.
1055 4729 1108 4793 9,
1127 4728 1320 4784 viduas
1351 4730 1416 4784 ad
1444 4730 1712 4800 ejusmodi
1739 4733 1987 4788 ministe-

413 4821 494 4872 ria
519 4820 847 4874 constitutas
877 4819 1048 4876 fuisse
1079 4835 1146 4874 ex
1175 4821 1420 4890 Apostoli
1449 4823 1775 4879 auctoritate
1816 4825 1988 4894 signi-

411 4910 562 4975 ﬁcat,
595 4921 649 4965 et
696 4912 946 4980 queritur
991 4913 1060 4966 ab
1086 4914 1344 4982 episcopo
1379 4915 1616 4983 quodam
1654 4917 1850 4972 alicubi
1883 4921 1990 4973 vir-

415 5007 588 5074 ginem
629 5005 684 5057 in
721 5005 944 5058 viduata
973 5005 1038 5058 ab
1067 5008 1221 5060 annis
1254 5008 1485 5060 nondum
1532 5010 1718 5079 viginti
1759 5011 1989 5066 colloca-

417 5107 546 5152 tam.
575 5097 1006 5169 Carthaginense
1039 5115 1110 5164 tv,
1137 5115 1256 5170 cap.
1280 5100 1367 5165 12,
1392 5101 1458 5156 de
1488 5104 1680 5156 harum
1712 5103 1887 5159 oliicio
1918 5106 1990 5160 ita

415 5189 662 5260 loquitur
697 5209 710 5246 ι
769 5191 951 5247 Vidua:
973 5233 987 5256 ,
1035 5194 1112 5247 vel
1142 5196 1572 5250 sanctimoniales
1593 5238 1608 5258 ,
1640 5213 1756 5267 qua:
1787 5199 1856 5251 ad
1897 5201 1993 5251 mi-

416 5285 696 5338 nisterium
726 5283 1172 5352 baptizandarum
1215 5287 1494 5342 mulierum
1539 5289 1838 5360 eligantur,
1881 5301 1991 5344 tam

417 5375 694 5430 instructa:
721 5377 825 5428 sint
859 5375 928 5428 ad
984 5378 1240 5448 oﬁ‘icium,
1283 5389 1339 5431 ut
1367 5381 1572 5448 possint
1609 5393 1730 5450 apto
1769 5393 1818 5435 et
1858 5399 1990 5437 sano

418 5483 655 5520 sermone
686 5466 870 5522 docere
899 5470 1173 5538 imperitas
1223 5479 1272 5524 et
1318 5474 1546 5526 rusticas
1578 5475 1824 5529 mulieres
1865 5485 1996 5528 tem-

430 5575 560 5626 pore
581 5575 680 5628 quo
713 5559 1044 5628 baptizanda'
1065 5573 1204 5626 sunt,
1231 5564 1461 5632 qualiter
1497 5567 1817 5634 baptizatori
1840 5569 1997 5621 inter-

361 5651 368 5661 '
418 5659 619 5718 rogata:
673 5653 1046 5720 respondeant,
1079 5662 1128 5707 et
1159 5655 1387 5725 qualiter
1419 5665 1630 5726 accepto
1679 5658 1994 5727 baptismate

421 5739 616 5795 vivant.
653 5741 958 5798 Concilium
1001 5745 1444 5803 Chalcedonense
1484 5763 1608 5804 can.
1659 5750 1726 5804 15
1758 5769 1772 5806 :
1804 5751 1996 5804 Διακό-

421 5846 612 5888 νισσαν
646 5834 721 5906 μὴ
755 5839 1172 5909 χειροτονεῖσθαι
1200 5843 1430 5910 γυναῖκα
1477 5841 1584 5914 πρὸ
1629 5842 1764 5898 ἑτῶν
1805 5861 1996 5900 τεσσα-

2091 4653 2217 4707 ﬁcio
2241 4649 2498 4704 sumitur.
2527 4645 2662 4700 Nam
2699 4644 2771 4698 ibi
2805 4657 3028 4698 causam
3065 4639 3313 4710 inquirit,
3345 4653 3446 4692 cur
3482 4651 3677 4688 κοινω-

2091 4743 2210 4806 νίας
2241 4751 2295 4797 et
2343 4739 2617 4806 συνάξεως
2662 4737 2952 4808 appellatio
3001 4735 3186 4789 divino
3223 4733 3299 4786 illi
3345 4729 3677 4802 augustissi—

2091 4849 2291 4904 moque
2315 4839 2676 4894 sacramento,
2714 4843 2874 4898 quam
2906 4825 3130 4896 τελετὴν
3147 4820 3375 4875 τελετῶν
3405 4820 3673 4880 riutninat,

2091 4929 2362 5000 praecipue
2393 4923 2682 4986 tribuatur,
2715 4935 2840 4974 cum
2891 4927 3212 4973 caeterorum
3243 4931 3305 4969 ea
3337 4927 3558 4982 quoque
3593 4911 3676 4966 vis

2091 5019 2184 5082 sit,
2229 5027 2289 5072 ut
2331 5013 2590 5088 μεριστὰς
2614 5011 2769 5084 ἡμῶν
2797 5009 2942 5075 ζωὰς
2978 5011 3057 5072 εἰς
3087 5006 3291 5076 ὲνοειδῆ
3323 5003 3515 5057 θέωσιν
3547 5021 3676 5054 συν-

2093 5111 2272 5178 άγειν,
2317 5109 2424 5163 hoc
2453 5113 2558 5170 est,
2595 5103 2918 5158 consociare
2949 5099 3187 5172 possint.
3214 5097 3442 5165 Pmprie
3465 5105 3674 5156 tamen,

2097 5213 2156 5258 ut
2193 5217 2294 5257 nos
2333 5201 2599 5262 diximus,
2623 5196 2843 5263 σύναξις
2889 5202 3219 5250 conventum
3251 5205 3472 5246 sacrum
3501 5197 3556 5242 et
3585 5187 3674 5240 di-

2093 5295 2303 5356 vinum,
2351 5291 2496 5361 quod
2543 5291 2597 5345 in
2642 5304 2708 5343 eo
2742 5287 3042 5360 peragitur,
3079 5285 3316 5341 ollicium
3367 5289 3548 5338 sonat.
3583 5278 3678 5334 Sic

2093 5385 2431 5456 Epiphanius
2481 5383 2534 5437 in
2571 5382 2764 5437 hatres.
2793 5379 2886 5444 69,
2907 5396 3030 5450 qua:
3069 5387 3154 5434 est
3184 5375 3674 5440 Ariomanilarum,

2094 5479 2160 5532 de
2182 5478 2312 5531 Ario
2343 5475 2664 5545 caeterisque
2695 5473 3028 5544 presbyteris
3075 5487 3171 5542 per
3225 5470 3460 5524 urbanas
3495 5467 3674 5522 eccle-

2096 5567 2207 5622 sias
2235 5565 2576 5620 Alexandriae.
2601 5564 2908 5618 distributis
2943 5563 3232 5625 εἜκασς-ος
3263 5559 3320 5613 δὲ
3347 5558 3552 5612 τούτων
3581 5557 3680 5628 δῆ-

2095 5660 2186 5712 λον
2207 5659 2348 5712 κατὰ
2375 5657 2471 5730 τὴν
2498 5657 2813 5728 εἰθισμένην
2837 5655 3053 5721 σύναξιν
3079 5655 3170 5707 τὸν
3195 5653 3345 5724 αὐτῷ
3375 5667 3678 5705 πεπιστευ-

2099 5751 2260 5822 μένον
2300 5749 2427 5804 λαὸν
2461 5748 2727 5802 διδάσκων
2771 5749 2829 5800 ὲν
2873 5749 2991 5810 ταῖς
3031 5745 3347 5817 ἐξηγήσεσι,
3385 5753 3492 5799 etc.
3521 5741 3678 5796 Hanc

2096 5843 2278 5902 Latini
2309 5841 2600 5914 collectam,
2627 5841 2710 5899 vel
2734 5841 2972 5909 missam,
3001 5848 3062 5897 ut
3083 5838 3228 5896 idem
3257 5835 3460 5895 Fronto
3485 5841 3679 5894 noster
