4054 6404
383 382 514 439 inst

1153 381 1240 436 DE
1280 380 1670 438 VETERIBUS
1706 378 2108 448 QUIBUSDAM
2144 380 2499 438 ECCLESUE
2537 379 2832 437 RITIBUS.

3494 373 3634 433 ποθι

381 502 656 555 observat,
701 496 971 564 appellare
1014 505 1437 550 consueverunt.
1477 496 1550 551 At
1593 496 1953 552 Casaubonus
1981 500 2028 555 Δ
2056 497 2250 553 axibus
2276 496 2620 552 Dominicum
2648 510 2850 565 corpus
2867 502 2963 549 aut
3003 492 3351 554 offerebatur,
3382 498 3478 550 aut
3503 506 3535 544 a
3565 494 3632 545 tl-

383 581 617 637 Exercit.
656 580 741 643 l6,
775 599 828 634 n.
856 580 945 645 42,
976 581 1104 635 dum
1147 580 1473 637 Parisiensis
1511 581 1766 637 editionis
1794 590 1954 635 notas

382 675 436 728 in
486 672 939 743 Chrysostomum
979 672 1278 742 redarguit,
1333 673 1685 740 castigandus
1734 682 1789 726 et
1840 674 1956 742 ipse

383 766 556 831 venit;
608 780 731 819 nam
782 763 1039 833 pleraque
1085 766 1382 820 oscitanter
1427 767 1625 837 attigit.
1679 764 1955 835 Inprimis

381 857 802 929 Clirysostomus
836 855 1018 911 ﬁdeles
1046 858 1365 924 adhortans,
1403 869 1461 913 ut
1504 873 1602 929 pro
1634 874 1691 913 se
1724 860 1957 929 quisque

383 950 666 1019 captandis
698 965 761 1003 ac
786 949 1194 1005 lncrifaciendis
1220 952 1488 1021 proximis
1537 951 1841 1015 incumbat,
1870 951 1957 1005 his

383 1042 563 1095 verbis
607 1041 906 1110 alloquitur
939 1059 953 1096 :
990 1041 1053 1093 Τί
1091 1042 1235 1112 μέγα
1267 1042 1404 1095 αἰτῶ
1439 1044 1567 1113 παρ’
1601 1042 1778 1113 ὑμῶν,
1819 1042 1958 1110 ἁγα-

382 1132 579 1203 πητοίς
604 1132 875 1196 Ἕκαστος
908 1131 1062 1201 ὑμῶν
1090 1132 1186 1185 ἕνα.
1220 1150 1310 1203 μοι
1337 1131 1443 1186 τῶν
1471 1132 1714 1202 ἀδελφῶν
1742 1133 1957 1185 ἀνασω-

384 1228 562 1288 σάτω,
615 1224 1102 1297 περιεργασάσθω,
1163 1222 1781 1296 πολυπραγμονησάσοω
1810 1240 1823 1254 ⁸
1872 1223 1958 1276 ἵνα

382 1317 462 1378 εἰς
502 1315 601 1386 τὴν
640 1313 899 1367 ἐπιοῦσαν
943 1312 1161 1377 σύναξιν
1215 1312 1352 1383 μετὰ
1401 1311 1599 1384 πολλῆς
1646 1312 1957 1384 παρρησίας

381 1406 806 1477 ἀπαντήσωμεν,
848 1403 996 1477 δῶρα
1024 1403 1101 1475 τῷ
1128 1404 1246 1474 Θεῷ
1275 1402 1613 1475 κομίζοντες,
1643 1402 1789 1475 δῶρα
1820 1402 1958 1456 πάν-

381 1515 489 1552 των
513 1515 562 1550 τι
569 1496 735 1568 μιώτε
744 1514 829 1568 ρα,
853 1496 952 1560 τὰς
989 1496 1165 1568 ψυχὰς
1187 1496 1295 1551 τῶν
1318 1495 1745 1567 πεπλανημένων
1791 1496 1958 1549 ἐπαν-

381 1590 699 1659 αγαγόντες.
733 1588 832 1644 Hic
858 1588 1118 1644 Erasmus
1143 1589 1306 1644 verba
1334 1588 1427 1643 illa
1455 1590 1534 1652 είς
1565 1586 1663 1659 τὴν
1698 1586 1957 1641 ἐπιοῦσαν

382 1681 603 1747 σύναξιν
633 1691 887 1749 verterat,
911 1682 966 1734 in
991 1682 1225 1735 crastina
1254 1681 1636 1736 communione.
1658 1678 1814 1748 Quod
1845 1696 1958 1736 me-

381 1774 490 1829 rito
523 1774 915 1843 reprehensum
962 1787 993 1827 a
1031 1771 1307 1827 Frontone
1348 1780 1557 1836 nostro,
1581 1762 1957 1842 proque'com-

2056 588 2267 643 delibus
2300 588 2683 656 usurpabatur.
2705 584 2866 651 Quod
2889 599 2956 639 ex
2984 582 3208 637 Socrate
3232 582 3489 651 primum,
3511 581 3635 636 loco

2056 680 2169 745 illo,
2201 694 2363 748 quem
2393 678 2556 747 paulo
2579 686 2706 731 ante
2735 675 3049 740 citavimus,
3080 672 3419 742 intelligitur,
3454 670 3543 725 ubi
3565 673 3631 742 τῇ

2054 771 2275 843 τετράδι
2328 771 2424 826 καὶ
2479 771 2804 841 παρασκευῇ
2863 781 3098 837 synaxes
3138 764 3478 820 Alexandriae
3515 764 3631 818 ﬁeri

2056 865 2268 929 scribit,
2300 863 2424 932 δίχα
2452 863 2552 932 τῆς
2581 861 2687 914 τῶν
2720 860 3033 931 μυστηρίων
3069 857 3316 927 τελετῆς.

2128 957 2268 1012 Tum
2291 954 2545 1009 universe
2564 954 2631 1008 de
2650 951 3021 1007 Orientalibus
3044 965 3109 1005 ac
3130 949 3334 1004 Grzecis
3363 947 3436 1002 ita
3456 954 3634 1017 potest

2058 1048 2274 1104 conﬁci.
2315 1046 2530 1102 Etenim
2561 1059 2659 1115 per
2683 1044 2958 1099 solemnes
2993 1040 3328 1111 jejuniorum
3357 1040 3475 1095 dies
3513 1055 3633 1110 my-

2058 1141 2224 1196 steria
2272 1138 2421 1193 nulla
2464 1146 2521 1192 et
2568 1134 2838 1192 sacriﬁcia
2868 1134 3296 1203 peragebantur,
3328 1146 3505 1200 neque
3534 1147 3636 1200 pu-

2057 1229 2198 1285 blice
2221 1245 2290 1286 ac
2317 1229 2556 1299 legitime
2585 1225 3066 1282 communicabant
3087 1224 3271 1279 ﬁdeles
3299 1242 3312 1279 :
3336 1239 3466 1277 nam
3493 1223 3635 1277 Lao-

2057 1324 2313 1378 dicenum
2343 1320 2639 1377 concilium
2663 1334 2876 1374 canone
2901 1318 2972 1373 49
3006 1325 3152 1372 vetat
3175 1314 3634 1386 quadragesimali

2060 1418 2300 1479 tempore
2350 1424 2543 1478 panem
2596 1407 2826 1473 offerre,
2889 1417 3244 1477 praeterquam
3290 1407 3345 1461 in
3395 1405 3634 1460 Sabbato

2058 1511 2223 1571 atque
2248 1499 2529 1554 Dominica
2564 1516 2578 1553 :
2610 1500 2732 1553 Ὀτι
2753 1499 2814 1552 οὐ
2839 1497 2921 1551 δεῖ
2946 1500 3013 1569 τῇ
3037 1500 3445 1569 τεσσαρακοστῇ
3472 1498 3635 1568 ἄρτον

2058 1591 2410 1663 προσφέρειν,
2449 1591 2499 1644 εί
2529 1589 2604 1661 μὴ
2634 1592 2691 1643 ὲν
2723 1587 2985 1658 Σαϐϐάτῳ
3022 1587 3118 1641 καὶ
3155 1588 3411 1658 κυριακῇ
3453 1587 3631 1657 μόνον.

2058 1681 2232 1749 Quem
2261 1697 2526 1737 canonem
2551 1681 2797 1751 plerique
2827 1695 2936 1734 non
2969 1691 3117 1735 recte
3147 1678 3214 1735 de
3243 1679 3495 1748 eulogiis,
3520 1678 3636 1734 sive

2061 1772 2544 1863 fermentato'pane
2567 1771 2905 1842 interpretati
2932 1778 3097 1838 sunt;
3130 1770 3198 1825 de
3221 1784 3331 1838 quo
3358 1770 3469 1841 agit
3492 1769 3635 1825 idem

382 1835 649 1919 munionis
678 1866 940 1920 vocabulo
982 1866 1278 1920 constituta
1322 1881 1427 1921 vox
1472 1835 1728 1922 collectis.
1763 1865 1959 1935 Displi-
1987 1835 2033 1893 Β
2061 1865 2284 1921 Laodic.
2309 1835 2435 1920 can.
2477 1864 2566 1932 14,
2604 1871 2661 1919 et
2696 1835 3042 1918 innocentius
3070 1835 3112 1929 l,
3158 1835 3320 1932 epist.
3352 1835 3550 1932 ιίςσρ.
3577 1863 3633 1917 5.

383 1959 497 2013 cuit
526 1958 639 2012 haec
651 1957 958 2012 emendatio
970 1956 1317 2022 Casaubono,
1334 1957 1427 2026 qui
1445 1972 1568 2011 cum
1582 1956 1812 2012 Erasmo
1834 1956 1960 2011 σύν-

383 2047 505 2112 αξιν
532 2048 643 2101 illic
671 2045 1114 2101 communionem
1141 2061 1262 2101 esse
1286 2044 1550 2111 defendit,
1575 2061 1641 2101 eo
1669 2044 1841 2102 fretus
1870 2063 1960 2101 ar-

385 2146 666 2209 gumento,
700 2136 846 2206 quod
875 2137 1146 2190 donorum
1190 2136 1414 2201 oblatio,
1442 2136 1510 2191 de
1548 2137 1748 2206 quibus
1780 2137 1956 2209 loqui-

385 2238 477 2284 tur
506 2230 953 2300 Chrysostnmus,
980 2226 1377 2283 Eucharistiam
1404 2230 1666 2298 designet.
1692 2230 1796 2285 Sed
1820 2230 1961 2285 mira

384 2331 468 2376 est
494 2321 667 2375 critici
704 2319 849 2375 illius
881 2318 1179 2392 ἀπροσεξία.
1199 2335 1213 2348 ·
1246 2335 1370 2373 nam
1398 2318 1546 2391 δῶρα
1571 2320 1674 2375 ista
1698 2336 1806 2375 nou
1831 2330 1961 2376 sunt

386 2413 545 2484 panis
575 2423 629 2468 et
655 2413 865 2480 vinum,
900 2428 1022 2482 quae
1051 2412 1118 2467 ad
1163 2411 1566 2467 Eucbaristiam
1602 2413 1956 2477 adhibentur,

387 2516 483 2562 aut
513 2505 854 2561 Eucharistia
889 2504 1026 2575 ipsa,
1052 2504 1144 2559 sed
1175 2504 1432 2559 nimirum
1467 2504 1699 2559 fratrum
1720 2505 1959 2560 etChri-

386 2602 689 2656 stiauorum
711 2601 924 2663 animat,
961 2600 1159 2668 quibus
1182 2600 1249 2653 ad
1290 2599 1517 2671 synaxin
1549 2599 1880 2655 adducendis
1905 2607 1960 2653 et

392 2693 781 2749 conservandis
800 2701 859 2747 ut
875 2691 1148 2756 studeant,
1161 2691 1436 2747 auditores
1452 2707 1581 2747 suos
1600 2692 1948 2747 admonebat.

456 2784 749 2840 Proximus
778 2794 862 2841 est
883 2784 1170 2855 Epiphanii
1200 2783 1290 2838 ille
1318 2783 1432 2853 ipse
1460 2784 1635 2848 locus,
1662 2798 1823 2852 quem
1846 2798 1958 2853 prae

388 2876 645 2930 manibus
671 2874 934 2930 habemus
962 2892 975 2927 :
1001 2875 1054 2927 in
1079 2888 1189 2943 quo
1214 2888 1447 2944 synaxes
1469 2872 1547 2925 ait
1571 2887 1635 2926 ex
1660 2872 1959 2942 apostolica

389 2968 680 3023 traditione
727 2967 781 3021 in
826 2965 1015 3021 feriam
1060 2974 1334 3035 quartam,
1379 2974 1433 3021 et
1475 2963 1854 3030 Parascevem,
1896 2978 1961 3018 ac

389 3060 727 3116 Dominicam
770 3062 1031 3116 incidere.
1056 3059 1158 3114 Hic
1183 3068 1350 3131 potest
1372 3060 1607 3114 dubitari
1632 3059 1961 3131 (Casauboni

2058 1958 2233 2027 Atque
2257 1957 2401 2011 hunc
2428 1956 2635 2011 idcirco
2665 1963 2859 2025 putant
2890 1952 3076 2008 offerri
3104 1968 3201 2023 per
3232 1953 3357 2008 illos
3388 1952 3507 2009 dies
3533 1954 3636 2007 mi-

2059 2050 2205 2104 nime
2229 2048 2477 2112 licuisse,
2508 2062 2578 2102 ne
2602 2063 2667 2104 ea
2700 2046 2948 2102 solvendi
2968 2046 3167 2117 jejunii
3191 2055 3340 2102 esset
3371 2046 3591 2101 occasio
3618 2063 3632 2099 :

2058 2143 2217 2212 cujus
2257 2140 2572 2198 falsissimaa
2616 2140 3081 2209 interpretationis
3109 2148 3364 2196 auctores
3402 2139 3487 2194 vis
3517 2139 3633 2208 ipsa

2056 2233 2208 2290 verbi
2233 2232 2567 2306 προσφέρειν
2600 2247 2666 2287 ac
2698 2240 2941 2299 potestas
2970 2229 3187 2295 refellit,
3215 2245 3339 2300 qua:
3371 2228 3441 2285 de
3461 2229 3637 2284 sacri-

2058 2326 2184 2382 ﬁcio
2205 2333 2259 2381 et
2286 2324 2561 2380 oblatione
2585 2323 2728 2378 solet
2747 2322 2942 2391 accipi,
2968 2331 3023 2377 ut
3062 2321 3119 2375 in
3152 2319 3376 2376 Nicaeno
3398 2336 3520 2376 can.
3541 2319 3632 2373 l8.

2060 2417 2155 2472 Est
2192 2417 2357 2487 igitur
2387 2414 2718 2487 προσφέρειν
2758 2414 2946 2486 ἄρτον,
2992 2414 3187 2483 panem
3220 2412 3399 2481 ipsum
3432 2426 3635 2481 repraz-

2059 2516 2299 2573 sentare,
2324 2520 2390 2560 ex
2415 2521 2523 2575 quo
2545 2504 2754 2560 Christi
2782 2518 2986 2573 corpus
3018 2504 3433 2558 consecratione
3458 2502 3633 2557 ﬁeret.

2059 2597 2217 2666 Quod
2243 2599 2442 2669 partim
2474 2612 2505 2652 a
2535 2595 2914 2652 sacerdotibus
2944 2594 3078 2665 ipsis
3108 2595 3162 2649 in
3193 2610 3476 2650 sacrorum
3511 2593 3636 2648 fur.-

2060 2693 2241 2748 ctione
2275 2707 2341 2746 ac
2375 2691 2566 2761 τελετῇ
2595 2690 2823 2761 geritur,
2851 2689 3050 2759 partim
3088 2698 3214 2743 ante
3244 2689 3632 2760 mysteriorum

2060 2784 2482 2839 celebrationem
2518 2798 2549 2837 a
2583 2782 2856 2837 ﬁdelibus.
2899 2780 3072 2835 Nemo
3101 2781 3249 2836 enim
3277 2781 3415 2835 citra
3447 2789 3635 2835 notam

2060 2876 2300 2946 aliquam
2335 2873 2664 2945 ἀσύμϐολος,
2692 2880 2748 2927 et
2778 2873 2899 2927 sine
2933 2872 3211 2927 oblatione
3238 2873 3453 2942 propria
3488 2888 3637 2928 com-

2061 2967 2397 3032 municabat,
2440 2966 2534 3022 sed
2584 2981 2778 3035 panem
2824 2980 2984 3020 suum
3027 2981 3091 3020 ac
3118 2966 3305 3020 vinum
3350 2966 3632 3022 oﬁ'erebat.

2061 3059 2199 3116 Hinc
2243 3062 2535 3115 vehemens
2566 3058 2658 3113 illa
2706 3057 2965 3130 Cypriani
3013 3059 3232 3127 querela
3261 3059 3327 3113 de
3371 3068 3638 3115 matronis

388 3152 548 3206 verba
581 3151 728 3217 sunt)
757 3168 825 3205 an
847 3152 1157 3219 simpliciter
1187 3159 1465 3206 conventus
1495 3153 1635 3205 sacri
1662 3152 1962 3223 intelligan-
1987 3168 2034 3228 α
2068 3152 2424 3222 locupletibus
2474 3151 2569 3206 lib.
2614 3149 2690 3204 De
2727 3166 2881 3217 apere
2914 3160 2963 3204 et
2990 3149 3230 3204 eleemos.
3251 3164 3270 3201 :
3305 3149 3557 3221 Locuples
3586 3163 3636 3205 et

392 3252 497 3309 tur,
531 3246 600 3295 ad
634 3246 841 3297 verbum
872 3243 1215 3306 audiendum,
1249 3252 1297 3297 et
1345 3241 1641 3304 orandum;
1692 3260 1761 3296 an
1804 3244 1965 3297 etiam

390 3336 454 3389 de
503 3351 659 3389 caena!
708 3333 923 3388 Domini
967 3333 1319 3388 celebratione
1358 3336 1577 3389 senserit
1606 3334 1956 3404 Epiphanius.

391 3426 549 3481 Ratio
579 3426 859 3481 dubitandi
899 3429 1067 3481 oritur
1100 3442 1164 3481 ea:
1199 3426 1556 3482 obseruatione
1585 3427 1792 3481 diversa
1828 3438 1964 3481 rete-

391 3535 508 3573 rum
539 3518 932 3583 Ecclesiarum;
953 3535 1096 3584 nam,
1131 3528 1189 3572 ut
1217 3527 1445 3573 testatur
1480 3516 1751 3583 Socrates,
1780 3518 1967 3587 plene-

391 3629 487 3682 que
512 3630 687 3667 omnes
728 3613 866 3667 orbis
894 3625 1154 3668 terrarum
1183 3613 1457 3679 Ecclesia,
1491 3624 1541 3668 et
1566 3614 1647 3669 his
1674 3614 1879 3680 diebus,
1915 3625 1966 3670 et

394 3703 643 3759 Sabbatis
668 3706 826 3759 etiam
862 3706 931 3757 ad
976 3721 1203 3775 synaxes
1238 3705 1630 3771 conveniebant,
1674 3707 1730 3760 in
1778 3706 1967 3777 quibus

394 3796 645 3864 mysteria
690 3795 1109 3850 celebrabantur.
1143 3795 1267 3851 Haec
1308 3796 1417 3852 ille.
1449 3798 1554 3853 Sed
1584 3799 1728 3868 quod
1770 3798 1967 3855 Socra-

397 3895 503 3939 tem
542 3884 807 3940 allirmare
838 3885 1053 3951 dicit,in
1090 3887 1368 3959 plerisque
1395 3889 1655 3944 omnibus
1687 3898 1964 3945 terrarum

396 3976 544 4031 orbis
605 3975 865 4032 Ecclesiis
906 3993 1137 4049 synaxes
1180 3988 1235 4033 et
1280 3981 1540 4052 mysteria
1582 3979 1713 4035 feria
1747 3970 1963 4051 quarta,

396 4077 569 4132 sexta,
603 4075 657 4122 et
704 4066 943 4124 Sabbato
992 4069 1280 4133 celebrari,
1329 4071 1685 4129 falsissimum
1733 4081 1835 4127 est.
1885 4070 1966 4127 De

397 4157 649 4215 Sabbatis
682 4160 734 4215 id
766 4161 983 4229 quidem
1033 4171 1147 4217 toto
1192 4164 1324 4219 orbe
1360 4164 1778 4221 usitatissimum
1814 4180 1960 4232 esse,

395 4253 441 4309 si
472 4251 771 4307 Romanam
796 4251 1093 4309 Ecclesiam
1125 4265 1179 4310 et
1208 4256 1631 4312 Alexandrinam
1662 4258 1962 4329 exceperis,

394 4345 550 4400 docet
580 4344 717 4399 libro
739 4344 853 4409 illo,
884 4361 1044 4415 quem
1072 4344 1431 4404 Casaubonus
1460 4350 1614 4414 citat,
1631 4349 1887 4406 Historia:
1909 4368 1962 4417 v,

394 4451 515 4506 cap.
542 4436 632 4491 21.
667 4435 819 4503 Quod
863 4446 1043 4491 autem
1091 4436 1225 4492 feria
1255 4450 1452 4509 quarta
1487 4450 1705 4497 sextave
1730 4458 1963 4515 synach

2064 3243 2208 3296 dives
2236 3258 2314 3306 es,
2344 3250 2395 3294 et
2423 3239 2765 3293 Dominicum
2798 3238 3063 3293 celebrare
3090 3251 3140 3294 te
3162 3240 3357 3304 credis,
3381 3256 3499 3311 qua:
3528 3257 3639 3294 cor-

2065 3333 2251 3387 bouam
2283 3332 2494 3386 omnino
2525 3347 2627 3385 non
2655 3331 2914 3400 respicis;
2938 3346 3060 3400 quae
3080 3331 3137 3385 in
3162 3329 3504 3386 Dominicam
3521 3333 3639 3387 sine

2064 3424 2334 3493 sacriﬁcio
2370 3423 2511 3476 uenis
2538 3436 2696 3493 :qua:
2732 3424 2789 3476 in
2825 3432 3032 3491 partem
3067 3422 3132 3477 de
3171 3424 3465 3493 sacriﬁcio,
3494 3424 3636 3494 quod

2064 3532 2268 3588 pauper
2302 3514 2520 3580 obtulit,
2571 3515 2761 3568 sumis.
2815 3514 3155 3585 Augustinus
3203 3529 3369 3569 serm.
3411 3514 3517 3569 215
3560 3513 3639 3569 De

2067 3617 2293 3677 tempore
2322 3622 2340 3661 :
2376 3605 2705 3670 Oblaliones,
2736 3622 2855 3677 qua:
2901 3607 2958 3659 in
2996 3606 3194 3659 altario
3239 3615 3636 3670 consecrentur,

2065 3700 2269 3768 offerte.
2310 3697 2633 3752 Erubescere
2656 3699 2804 3751 debet
2832 3697 2987 3752 homo
3017 3698 3260 3764 idoneus,
3291 3699 3338 3752 si
3374 3698 3439 3751 de
3465 3698 3641 3753 aliena

2066 3788 2331 3841 oblatione
2361 3788 2738 3840 communicat.
2787 3786 2942 3853 Quod
2987 3788 3130 3842 idem
3160 3797 3215 3842 et
3247 3787 3498 3857 sequenti
3526 3803 3643 3842 ser-

2065 3895 2229 3934 mone
2275 3880 2492 3948 repetit.
2538 3877 2813 3945 Quoniam
2864 3878 3030 3947 igitur
3088 3878 3185 3948 qui
3234 3879 3641 3936 communionis

2061 3971 2185 4040 jure
2218 3971 2479 4040 praeditus
2506 3982 2644 4036 crat,
2685 3971 2827 4024 idem
2858 3979 2951 4025 aut
2982 3969 3285 4035 auferebat,
3314 3981 3412 4027 aut
3440 3971 3641 4028 offerre

2064 4075 2232 4131 certe,
2272 4064 2416 4119 unde
2459 4066 2969 4120 communicaturus
3005 4072 3172 4131 esset,
3218 4073 3475 4134 poterat;
3513 4066 3643 4121 hinc

2063 4155 2261 4209 vetusti
2293 4168 2534 4209 canones
2563 4168 2680 4220 eos,
2705 4153 2798 4223 qui
2824 4153 2878 4206 in
2911 4162 3156 4207 extremo
3180 4153 3351 4223 gradu
3380 4154 3645 4224 paeniten-

2065 4245 2201 4298 tium
2255 4244 2546 4305 haererent,
2589 4257 2756 4311 quam
2808 4240 3066 4294 σύστασιν
3116 4240 3496 4304 nominabant,
3546 4239 3644 4310 qui

2065 4351 2188 4391 cum
2225 4335 2472 4390 ﬁdelibus
2512 4335 2819 4388 orationum
2850 4333 3117 4387 duntaxat
3142 4341 3300 4386 erant
3327 4331 3642 4401 participes,

2067 4445 2188 4492 nec,
2215 4427 2344 4482 dum
2377 4427 2721 4481 Doniinicum
2755 4440 2957 4495 corpus
2982 4425 3340 4495 usurpabant,
3371 4426 3645 4478 κοινωνεῖν

394 4540 448 4583 et
494 4529 746 4601 mysteria
791 4528 1057 4584 celebrata
1108 4529 1339 4596 fuerint,
1384 4548 1655 4602 nusquam
1704 4535 1962 4603 prodidit.

2068 4522 2321 4577 dicebant
2352 4521 2479 4575 ἄνευ
2510 4521 2851 4591 προσφορᾶς,
2885 4526 2944 4573 ut
2963 4528 3049 4574 est
3071 4518 3126 4571 in
3154 4516 3442 4588 Ancyrano
3469 4531 3592 4572 can.
3612 4515 3647 4571 5

395 4619 536 4687 Quin
570 4620 749 4690 potius
779 4621 845 4676 de
876 4620 1007 4675 solis
1038 4620 1426 4679 Alexandrinis
1457 4624 1509 4679 id
1542 4624 1728 4691 refert,
1779 4628 1963 4682 omnia

395 4713 538 4781 apud
574 4712 718 4776 illos,
748 4726 869 4781 quae
904 4713 960 4765 in
995 4713 1290 4783 synaxibus
1323 4715 1435 4785 geri
1485 4732 1604 4772 mos
1631 4727 1734 4779 est,
1768 4726 1965 4788 praeter

396 4806 656 4877 mysteria
683 4820 746 4858 ac
784 4806 1073 4870 sacriﬁcia,
1101 4806 1267 4861 biduo
1301 4808 1395 4863 illo
1418 4809 1626 4877 perﬁci.
1661 4809 1843 4876 Quare
1869 4828 1965 4867 ue-

397 4911 504 4966 que
531 4910 595 4949 ex
630 4893 950 4964 Epiphanio,
986 4910 1163 4966 neque
1188 4910 1252 4949 ex
1285 4893 1510 4952 Socrate
1539 4897 1734 4953 conﬁci
1763 4906 1962 4968 potest,

397 4988 532 5043 feria
561 4997 754 5058 quarta
794 4995 848 5041 et
873 4985 1177 5042 Parasceve
1205 4986 1552 5046 Christianos
1576 4991 1965 5061 augustissima

398 5081 488 5136 illa
510 5079 774 5135 Dominici
804 5080 1051 5150 corporis
1077 5096 1233 5137 sacra
1262 5082 1585 5138 celebrasse.
1604 5082 1760 5148 Quod
1782 5093 1964 5139 utrum

398 5170 614 5225 aliunde
634 5168 815 5240 colligi
835 5170 1029 5241 possit,
1056 5179 1349 5241 antequam
1372 5172 1613 5241 disputo,
1641 5173 1793 5242 prius
1811 5188 1968 5227 error

398 5264 489 5320 ille
518 5262 869 5331 castigandus
898 5271 1002 5326 est,
1029 5277 1189 5332 quem
1236 5277 1347 5317 non
1376 5262 1553 5317 solum
1587 5262 1964 5331 Casaubonus,

399 5349 495 5405 sed
534 5357 587 5403 et
619 5349 705 5402 alii
740 5349 947 5419 pridem
972 5349 1046 5419 pii
1076 5358 1132 5404 et
1155 5350 1354 5404 eruditi
1394 5351 1643 5407 homines
1687 5353 1968 5410 imbibisse

398 5439 651 5494 videntur
680 5459 693 5493 :
722 5438 775 5493 in
802 5439 1058 5494 omnibus
1083 5441 1383 5512 synaxibus
1416 5441 1798 5514 mysteriorum
1829 5446 1970 5500 cele-

400 5531 702 5588 brationem
777 5548 843 5588 ac
902 5532 1376 5603 participationem
1440 5534 1622 5589 locum
1687 5535 1966 5592 habuisse.

401 5623 552 5690 Quod
582 5640 738 5679 secus
769 5640 827 5679 se
860 5624 1054 5690 habet;
1088 5640 1209 5679 nam
1248 5641 1277 5680 a
1313 5627 1696 5696 mysteriorum
1729 5628 1970 5683 celebra-

400 5716 546 5770 tione
569 5730 633 5769 ac
661 5716 1041 5770 communione
1070 5715 1289 5787 synaxis
1314 5716 1537 5786 perinde
1566 5716 1759 5783 diﬂ‘crt,
1796 5726 1854 5772 ut
1874 5735 1966 5789 ge-

406 5824 512 5864 nus
537 5823 568 5864 a
600 5806 769 5864 forma
796 5826 810 5864 :
836 5816 1117 5878 propterea
1147 5806 1292 5878 quod
1316 5822 1425 5863 non
1451 5808 1708 5865 omnibus
1762 5810 1818 5865 in
1851 5826 1973 5882 syn-

2071 4628 2127 4669 et
2150 4613 2242 4668 24.
2289 4615 2336 4666 A
2379 4628 2489 4682 quo
2527 4612 2746 4667 demum
2791 4609 2983 4665 ordine
3030 4609 3097 4664 ad
3150 4608 3460 4664 absolutum
3507 4606 3648 4663 inte-

2071 4719 2339 4777 grumque
2388 4712 2589 4760 statum
2651 4700 3146 4765 trausferebantur,
3208 4714 3369 4770 quam
3424 4698 3648 4771 μέθεξιν

2069 4795 2177 4850 τῶν
2197 4795 2366 4864 ἁγίων
2387 4803 2453 4850 et
2490 4794 2550 4848 τὸ
2570 4793 2778 4847 τέλειον
2807 4791 3103 4862 appellant,
3131 4805 3257 4844 cum
3291 4791 3499 4846 scilicet
3523 4805 3648 4860 per-

2071 4890 2199 4945 inde
2236 4889 2304 4945 ad
2334 4888 2639 4944 oblationes
2673 4886 2955 4944 faciendas
3000 4894 3165 4955 atque
3206 4884 3281 4939 ad
3320 4883 3650 4954 participan-

2071 4984 2198 5039 dam
2223 4981 2626 5037 Eucharistiam
2658 4979 3099 5034 admitterentur.
3134 4974 3322 5046 Neque
3345 4975 3489 5032 enim
3518 4989 3652 5044 quo-

2070 5089 2412 5145 rumcunque
2438 5072 2743 5128 oblationes
2776 5079 3006 5141 receptae
3036 5079 3186 5134 sunt,
3232 5068 3328 5124 sed
3358 5068 3651 5123 scelerato-

2070 5183 2195 5224 rum
2237 5166 2546 5229 bominum,
2597 5180 2662 5220 ac
2708 5164 3116 5233 pmnitentium,
3156 5170 3213 5216 et
3252 5161 3504 5217 universe
3539 5159 3649 5214 τῶν

2072 5258 2311 5314 ἁδέκτων
2360 5258 2455 5311 καὶ
2476 5257 2851 5326 ἀκοινωνήτων
2876 5254 3111 5325 reiectae.
3138 5252 3216 5308 De
3241 5267 3352 5323 quo
3378 5253 3502 5308 vide
3516 5252 3652 5308 Con-

2072 5353 2189 5406 stit.
2222 5359 2393 5419 apost.
2436 5350 2532 5405 lib.
2574 5364 2658 5412 tu,
2691 5364 2811 5418 cap.
2862 5348 2916 5402 5.
2970 5345 3037 5401 Et
3079 5345 3322 5402 Vasense
3355 5346 3649 5401 concilium

2074 5458 2198 5497 can.
2230 5442 2266 5495 2
2301 5442 2474 5512 jubet,
2509 5458 2564 5495 ut
2597 5440 2986 5505 pwnitentium,
3017 5439 3109 5508 qui
3143 5438 3257 5492 sine
3285 5439 3651 5492 communione

2074 5535 2345 5604 inopinato
2374 5534 2604 5587 transitu
2628 5534 2681 5586 in
2710 5532 2851 5602 agris
2894 5540 2987 5584 aut
3018 5529 3295 5584 itineribus
3321 5530 3651 5600 prtereniun-

2078 5638 2186 5691 tur,
2218 5627 2511 5681 oblationes
2542 5627 2889 5695 recipiantur.

2146 5718 2574 5773 Excutiebantur
2599 5720 2784 5788 itaque
2807 5718 3046 5787 primum
3079 5714 3382 5770 oblationes
3409 5728 3439 5768 a
3467 5713 3654 5769 diaco-

2078 5811 2201 5881 nis;
2247 5819 2412 5881 atque
2458 5818 2641 5866 utrum
2699 5810 2971 5881 ejusmodi
2996 5817 3201 5883 .essent
3252 5806 3653 5880 inquirebatur,
