4054 6404
502 403 643 461 1085

1597 403 1938 460 ΑΡΡΕΝυΙΧ
1985 403 2612 460 DlSSERTATlONUM.

3621 391 3758 450 ιοει
3833 455 3838 460 _

503 537 626 590 quae
655 519 1032 590 repraesentari
1065 519 1130 574 ad
1160 521 1330 574 altare
1370 531 1610 590 possent.
1651 523 1820 594 Igitur
1852 525 1904 578 in
1937 522 2077 578 Lao-
2107 527 2154 585 Α
2183 525 2392 578 riorum
2442 519 2740 578 celebratio
2787 535 2852 574 ac
2901 519 3246 588 participatio
3280 515 3397 570 sine
3429 527 3559 582 pace
3597 527 3760 567 oscu-

502 615 695 668 diceno
723 613 958 667 concilio
984 613 1018 683 ἡ
1055 613 1340 682 προσφορά
1359 613 1426 666 de
1451 621 1682 684 utroque
1711 629 1906 684 genere
1931 615 2084 670 obla-

504 705 671 760 tionis
697 712 880 773 potest
915 703 1162 773 intelligi,
1195 715 1303 758 tam
1328 719 1390 758 ea
1416 721 1538 773 quae
1563 721 1593 759 a
1623 705 1891 772 ﬁdelibus,
1916 721 2080 777 quam

503 809 626 862 quae
652 808 682 846 a
717 793 1095 847 sacerdotibus
1133 793 1316 847 ﬁebat.
1350 792 1463 849 Nec
1501 795 1702 858 obstat,
1733 797 1876 865 quod
1907 813 2080 869 προσ-

505 885 693 956 φέρειν
731 884 916 956 άρτον,
963 885 1224 956 scriptum
1255 896 1340 940 est
1373 887 1427 940 in
1461 902 1671 942 canone
1705 906 1718 942 :
1751 905 1874 958 qua:
1913 889 2084 946 fuisse

501 993 666 1032 causa
703 977 942 1040 videtur,
988 979 1060 1032 ob
1101 993 1264 1046 quam
1311 981 1566 1034 catholici
1602 982 1704 1036 viri
1743 983 1811 1037 de
1847 983 2082 1054 eulogiis

503 1071 682 1138 potius
709 1084 874 1138 quam
898 1070 964 1124 de
991 1069 1335 1125 Eucharistia
1366 1071 1572 1126 dictum
1601 1071 1734 1128 illud
1763 1074 2084 1144 interpreta-

505 1169 714 1213 rentur.
745 1158 882 1214 Nam
933 1161 1016 1214 vel
1059 1161 1223 1230 ἄρτος
1276 1161 1344 1216 ad
1393 1162 1446 1216 id
1497 1161 1750 1226 refertur,
1783 1165 1926 1232 quod
1959 1173 2083 1219 ante

501 1252 976 1306 consecrationem
1005 1249 1137 1314 fuit;
1175 1259 1270 1304 aut
1295 1267 1494 1321 corpus
1521 1253 1700 1322 ipsum
1737 1252 1954 1308 Domini
1984 1271 2082 1323 pa-

505 1342 587 1395 nis
625 1341 826 1396 usitata
859 1358 984 1396 cum
1013 1343 1065 1396 in
1100 1343 1419 1412 Scripturis,
1455 1351 1568 1396 tum
1602 1343 1742 1412 apud
1767 1341 1958 1400 Patres
1987 1359 2082 1413 ap—

503 1431 799 1500 pellatione
823 1431 1044 1486 dicitur.
1087 1433 1179 1486 Sic
1229 1433 1282 1486 in
1323 1431 1582 1501 Carthag.
1644 1433 1880 1488 concilio
1937 1435 2082 1503 apud

505 1521 774 1594 anaram
817 1533 874 1577 et
909 1522 1146 1577 Balsam.
1180 1537 1304 1576 can.
1332 1522 1403 1576 40
1435 1541 1446 1576 :
1479 1523 1613 1594 Περὶ
1650 1522 1745 1575 τοῦ
1776 1522 1850 1594 μὴ
1883 1521 2080 1587 ἐξεῖναι

503 1614 816 1686 περαιτέρω
841 1613 1028 1685 ἄρτου,
1051 1615 1148 1668 καὶ
1170 1615 1311 1666 οἴνου
1326 1612 1478 1666 ὕδατι
1494 1614 1856 1684 μεμιγμένου,
1875 1616 1928 1667 τί
1951 1632 2082 1668 ποτε

504 1707 564 1760 ὲν
593 1709 706 1770 τοῖς
739 1705 915 1776 ἁγίοις
954 1705 1307 1776 προσφέρειν,
1353 1705 1442 1758 ἵνα
1479 1707 1536 1758 ὲν
1565 1708 1677 1768 τοῖς
1711 1705 1885 1774 ἁγίοις
1917 1707 2082 1778 μηδὲν

503 1797 667 1850 πλέον
709 1797 804 1850 τοῦ
857 1796 1110 1868 σώματος
1159 1796 1253 1849 καὶ
1304 1795 1398 1849 τοῦ
1451 1797 1682 1866 αἵματος
1736 1797 1827 1852 τοῦ
1873 1798 2080 1870 Κυρίου

501 1889 926 1961 προσενεχθείη·
979 1889 1056 1952 ὠς
1105 1887 1200 1942 καὶ
1241 1889 1401 1951 αὐτὸς
1439 1891 1468 1941 ὁ
1499 1889 1704 1958 Κύριος
1743 1889 2078 1959 παρέδωκεν,

499 1982 749 2036 τουτέστι
787 1981 976 2054 ἄρτου,
1025 1981 1120 2035 καὶ
1160 1981 1304 2034 οἴνου
1355 1981 1505 2034 ὕδατι
1537 1983 1896 2052 μεμιγμένου.
1927 1981 2084 2049 Quod

502 2075 646 2144 apud
681 2073 904 2129 Latinos
939 2089 1062 2127 can.
1087 2073 1158 2126 24
1183 2075 1402 2129 concilii
1431 2073 1702 2130 InCarth.
1737 2075 1812 2129 ita
1847 2075 2080 2143 legitur:

507 2167 576 2222 Ut
605 2169 662 2222 in
695 2167 1043 2222 sacramentis
1071 2168 1307 2236 corporis
1336 2177 1383 2220 et
1409 2167 1684 2236 sanguinis
1707 2165 1924 2221 Domini
1952 2167 2086 2222 nihil

501 2259 732 2328 amplius
767 2259 1046 2328 offeratur,
1086 2275 1246 2329 quam
1287 2260 1398 2328 ipse
1429 2258 1688 2313 Dominus
1716 2262 1960 2324 tradidit,
1987 2261 2082 2314 hoc

501 2365 579 2405 est
611 2353 788 2420 panis,
825 2361 874 2404 et
904 2351 1084 2406 uinum
1115 2367 1254 2420 aqua
1283 2353 1517 2404 mistum.
1545 2349 1778 2406 Proinde
1801 2353 1936 2406 nihil
1965 2367 2084 2408 cer-

504 2443 616 2494 tius
651 2450 758 2506 est,
795 2455 962 2508 quam
1003 2441 1056 2492 in
1091 2439 1404 2494 Laodiceno
1439 2455 1650 2496 canone
1679 2442 1977 2510 prohiberi,
2014 2458 2084 2498 ne

399 2525 412 2540 '
503 2547 599 2600 per
627 2533 904 2586 solemnes
922 2533 1117 2602 jejunii
1143 2533 1258 2586 dies
1289 2533 1596 2588 oblationes
1621 2543 1676 2588 et
1701 2535 1970 2590 sacriﬁcia
1999 2549 2084 2590 ce-

503 2622 799 2679 lebrentur.
847 2623 1067 2693 Excipit
1108 2623 1408 2678 Sabbatum
1453 2641 1520 2680 ac
1563 2623 1924 2689 Dominicam,
1957 2627 2081 2695 qui-

503 2715 606 2770 bus
641 2714 696 2768 in
727 2713 952 2770 Oriente
987 2716 1238 2786 jejunare
1281 2715 1436 2770 nefas
1462 2717 1888 2771 arbitrabantur.
1925 2715 2080 2784 Quod

502 2823 566 2863 ex
602 2805 862 2862 Trullana
887 2809 1096 2879 synodo
1124 2809 1464 2877 comprobari
1487 2817 1687 2876 potest,
1721 2825 1844 2878 qua:
1865 2825 1988 2864 can.
2014 2811 2083 2864 52

505 2904 578 2956 ita
614 2902 796 2956 sumit
831 2919 845 2956 :
883 2901 971 2954 Ἐν
1003 2903 1206 2966 πάσαις
1242 2903 1364 2964 ταῖς
1406 2901 1506 2971 τῆς
1549 2901 1708 2970 ἁγίας
1739 2903 2080 2974 Τεσσαρακο-

505 2993 636 3066 στῆς
661 2995 768 3048 τῶν
792 2995 1057 3066 νηστειῶν
1075 2996 1335 3066 ἡμέραις,
1366 2996 1640 3067 παρεκτὸς
1668 2995 2082 3060 Σαῦϐάτου,καὶ

505 3087 811 3158 Κυριακῆς,
847 3087 940 3140 καὶ
965 3088 1062 3156 τῆς
1091 3087 1252 3156 ἁγίας
1273 3086 1366 3139 τοῦ
1397 3088 1811 3158 Εὑαγγελισμοῦ
1845 3088 2077 3160 ἡμέρας.

2181 615 2344 684 loque
2403 614 2779 684 peragebatur.
2846 609 3048 664 llornm
3103 611 3340 680 primum
3389 605 3759 660 Tertullianus

2181 707 2278 762 lib.
2310 707 2380 760 De
2407 715 2546 760 orat.
2581 704 2684 760 sub
2706 703 2869 758 ﬁnem
2905 703 3111 756 indicat
3141 701 3227 755 his
3255 699 3463 752 verbls:
3485 696 3575 751 Sic
3597 705 3645 748 et
3673 695 3760 747 die

2183 799 2429 864 Pascha,
2471 814 2572 870 quo
2598 797 2891 852 communis
2923 806 2970 851 et
3021 795 3174 866 quasi
3217 792 3426 863 publica
3451 791 3642 860 jejunii
3673 805 3760 842 re-

2181 892 2310 963 ligio
2342 902 2440 958 est,
2487 891 2675 945 merito
2709 891 3020 959 deponimus
3055 883 3315 946 osculum,
3351 880 3483 934 nihil
3511 890 3757 933 curantes

2181 987 2245 1041 de
2277 985 2584 1050 osculando,
2617 983 2756 1054 quod
2787 997 2906 1036 cum
2933 979 3173 1033 omnibus
3205 975 3487 1046 faciamus.

2253 1074 2309 1129 ln
2353 1073 2586 1143 publicis
2619 1073 2785 1142 igitur
2813 1067 3259 1135 solemnibusque
3287 1062 3512 1133 jejuniis
3541 1073 3758 1130 pacem,

2183 1169 2289 1222 hoc
2325 1175 2407 1222 est
2443 1165 2716 1226 osculum,
2769 1161 2874 1217 sibi
2919 1167 3110 1214 mutuo
3157 1156 3344 1210 ﬁdeles
3391 1168 3498 1208 non
3533 1151 3755 1205 dabant.

2182 1258 2338 1326 Quod
2385 1271 2508 1312 cum
2557 1257 2610 1309 in
2651 1252 2877 1324 privatis
2925 1259 2980 1304 et
3019 1249 3301 1304 voluntate
3335 1241 3604 1312 susceptis
3635 1255 3758 1310 per-

2181 1353 2308 1408 inde
2339 1351 2408 1406 ab
2437 1349 2545 1404 illis
2567 1349 2974 1408 observaretur,
3003 1341 3168 1412 paulo
3199 1347 3326 1394 ante
3349 1337 3492 1392 idem
3524 1332 3757 1388 Tertull.

2183 1445 2457 1515 improbat
2483 1461 2497 1497 :
2526 1443 2651 1497 Alia
2669 1441 2808 1510 jam,
2833 1439 3030 1507 inquit,
3060 1431 3382 1488 consuetudo
3403 1429 3645 1484 invaluit.
3669 1426 3762 1479 Je-

2173 1537 2446 1606 junantes,
2473 1533 2654 1586 habita
2697 1531 2935 1584 oratione
2983 1543 3102 1582 cum
3130 1524 3404 1595 fratribus,
3439 1521 3762 1575 subtrahunt

2183 1604 2418 1680 osculum
2446 1623 2616 1694 pacis,
2646 1619 2784 1691 quod
2817 1626 2894 1672 est
2925 1614 3263 1688 signaculum
3291 1609 3572 1664 orationis.
3604 1604 3760 1660 Unde

2183 1719 2304 1775 illos
2337 1717 2612 1778 admonet,
2643 1723 2702 1767 ut
2733 1725 2858 1766 cum
2885 1708 3138 1778 privatim
3173 1703 3274 1774 ipsi
3308 1703 3573 1773 jejunant,
3613 1699 3758 1752 domi

2181 1809 2413 1881 quidem,
2443 1808 2581 1860 inter
2607 1819 2736 1873 quos
2771 1799 2933 1854 latere
2953 1798 3218 1868 jejunium
3247 1795 3302 1846 in
3336 1801 3506 1846 totum
3533 1805 3635 1843 non
3667 1789 3742 1840 da

2112 1865 2155 1924 Β
2185 1865 2294 1966 lur,
2312 1865 2490 1970 pacem
2508 1865 2788 1964 (li/Terent;
2811 1899 2866 1946 at
2893 1865 3108 1960 publice
3137 1897 3190 1942 et
3221 1887 3276 1939 in
3303 1882 3567 1946 Ecclesia,
3594 1879 3746 1934 dissi-

2184 1993 2396 2048 mulato
2443 1988 2677 2060 jejunio,
2727 1979 3113 2041 consuetudini
3169 1977 3430 2032 serviant.
3475 1971 3758 2026 Posterius

2182 2099 2338 2147 vero,
2372 2097 2568 2152 nempe
2599 2093 2725 2134 cum
2777 2074 3038 2147 mysteria
3087 2070 3520 2128 celebrarentur,
3565 2078 3758 2135 pacem

2184 2193 2346 2249 atque
2373 2177 2621 2232 osculum
2649 2189 2678 2228 a
2703 2170 2955 2227 ﬁdelibus
2984 2168 3232 2222 oblatum
3260 2163 3451 2225 fuisse,
3475 2161 3564 2214 vix
3591 2169 3678 2214 est
3701 2163 3758 2213 ut

2183 2268 2402 2340 probari
2438 2277 2664 2320 necesse
2696 2261 2787 2317 sit.
2819 2257 2930 2314 Res
2959 2257 3106 2312 enim
3159 2263 3243 2310 est
3295 2251 3600 2322 perspicua.
3651 2249 3758 2302 Sed

2184 2363 2396 2431 aliquot
2417 2355 2779 2413 nihilominus
2809 2359 3056 2406 veterum
3079 2345 3392 2403 testimonia
3421 2343 3718 2413 producam
3746 2357 3757 2364 ·

2181 2455 2426 2526 primum
2471 2449 2841 2504 Laodicenum
2879 2457 3038 2498 conc.
3078 2455 3202 2495 can.
3241 2439 3308 2493 l9
3341 2437 3394 2491 in
3441 2435 3678 2504 liturgiis
3707 2442 3757 2488 et

2183 2525 2486 2617 synaxibus
2521 2541 2683 2594 hunc
2721 2533 3028 2608 praescribit
3063 2531 3332 2589 ordinem.
3379 2526 3510 2583 Post
3545 2525 3757 2580 habitos

2183 2615 2252 2689 ab
2282 2632 2540 2702 episcopo
2565 2641 2868 2691 sermones,
2889 2623 3406 2679 catechumenorum
3437 2615 3758 2672 succedebat

2184 2727 2381 2782 oratio.
2410 2721 2622 2789 Quibus
2651 2717 2934 2790 digressis,
2960 2729 3125 2786 super
3157 2715 3478 2784 ptenilentes
3503 2709 3758 2764 orabant.

2185 2815 2224 2870 li
2258 2815 2361 2870 sub
2387 2829 2583 2868 manus
2616 2811 2915 2867 subeuntes
2951 2807 3046 2862 ubi
3075 2811 3439 2864 recesserant,
3477 2809 3592 2855 tum
3627 2798 3752 2853 ﬁde-

2183 2910 2316 2964 lium
2360 2907 2556 2976 triplex
2602 2905 2782 2958 oratio
2829 2899 3242 2970 concipiebatur
3269 2916 3281 2951 :
3313 2890 3428 2949 Εἶθ’
3455 2892 3628 2956 οὕτως
3658 2891 3760 2962 τὴν

2183 3002 2407 3076 εἰρήνην
2438 2997 2676 3052 δίδοσθαι
2711 2995 2868 3066 jubet
2911 2993 3048 3048 ικαὶ
3084 2989 3222 3062 μετὰ
3252 2990 3314 3043 τὸ
3355 2987 3759 3059 πρεσϐυτέρους

2182 3093 2363 3146 δοῦναι
2392 3089 2469 3162 τῷ
2501 3089 2785 3159 ὲπισκόπῳ
2820 3087 2918 3157 τὴν
2949 3087 3195 3156 είρὴνην,
3233 3084 3354 3137 τότε
3383 3083 3510 3145 τοὺς
3538 3081 3760 3143 λαῖκοὺς

503 3179 734 3282 γινέσθω
765 3183 798 3251 ἡ
834 3179 942 3233 τῶν
973 3181 1432 3252 προηγιασμὲνων
1486 3181 1606 3252 ιερὰ
1653 3180 1980 3252 λειτουργία·
2013 3180 2079 3235 In
2107 3225 2149 3282 ο
2181 3189 2282 3260 τὴν
2311 3163 2784 3258 εἰρήνηνδιδόναγ
2818 3182 2912 3236 καὶ
2941 3178 3083 3234 οὓτω
3119 3179 3220 3251 τὴν
3249 3178 3410 3246 ἁγίαν
3444 3174 3760 3247 προσφορὰν

503 3273 746 3326 omnibus
803 3275 1281 3344 quadragesimalis
1331 3274 1526 3343 jrjunii
1582 3274 1801 3339 diebus,
1865 3286 2078 3344 excepto

505 3362 758 3428 Sabbato,
807 3380 870 3416 ac
901 3363 1200 3430 Dominica,
1236 3374 1286 3418 et
1319 3381 1472 3418 sacro
1507 3365 1942 3418 Annuntiationis
1972 3367 2078 3432 die,

505 3453 793 3507 celebretur
829 3465 1069 3508 sanctum
1111 3465 1233 3509 ante
1273 3465 1696 3509 consecratorum
1732 3455 2078 3524 sacriﬁcium.

505 3545 678 3611 Quem
722 3547 786 3600 ad
831 3561 1094 3602 canonem
1144 3547 1385 3603 Zonaras
1425 3549 1538 3602 haec
1579 3550 1842 3602 adnotat:
1873 3549 1938 3600 At
1971 3549 2081 3602 τῶν

505 3639 766 3707 νηστειῶν
793 3637 996 3709 ἡμέραι
1022 3639 1250 3702 πένθους
1287 3635 1424 3692 εἶναι
1455 3641 1759 3710 ἐτάχθησαν
1787 3643 1881 3694 καὶ
1915 3658 2082 3695 κατα·

503 3729 705 3795 νύξεως
735 3732 814 3792 είς
839 3729 1102 3800 ὲξίλασμα
1133 3731 1240 3782 τῶν
1267 3731 1502 3784 ἑκάστου
1541 3733 1897 3802 σφαλμάτων⁹
1936 3735 1996 3788 τὸ
2024 3735 2080 3788 δὲ

502 3820 581 3890 τῷ
611 3821 730 3890 Θεῷ
768 3821 1061 3892 προσάγειν
1109 3821 1319 3885 θυσίας,
1367 3824 1758 3894 πανηγυρίζειν
1803 3827 1938 3890 ἐστί,
1973 3837 2077 3883 etc.

505 3913 603 3965 Διὰ
627 3910 786 3964 τοῦτο
811 3913 868 3962 ὲν
899 3911 996 3980 μὲν
1024 3911 1208 3976 ἄλλαις
1236 3912 1335 3983 τῆς
1365 3913 1822 3985 Τεσσαρακοστῆς
1845 3917 2082 3987 ἡμέραις

505 4001 539 4070 ἡ
577 3998 686 4052 τῶν
738 4000 1191 4070 προηγιασμὲνων
1222 4001 1430 4067 γίνεται
1477 4001 1809 4073 λειτουργία,
1857 4004 1918 4055 οὐ
1959 4005 2082 4057 τότε

503 4091 794 4160 γινομένης
836 4091 935 4162 τῆς
985 4092 1326 4162 ἁναιμὰκτου
1375 4091 1587 4155 θυσίας,
1651 4093 1786 4147 ἀλλὰ
1828 4095 1928 4165 τῆς
1979 4096 2078 4166 Ιἡδη

506 4179 927 4250 προσαχθείσης,
957 4180 1050 4233 καὶ
1081 4181 1426 4252 τελεσθείσης
1453 4178 1606 4245 αὖθις
1640 4185 2076 4256 προσαγομένης.

503 4269 663 4323 Κατὰ
687 4265 748 4324 δὲ
777 4265 845 4322 τὰ
881 4271 1133 4324 Σὰὁϐατα
1167 4273 1258 4324 καὶ
1285 4271 1382 4335 τὰς
1409 4271 1710 4342 Κυριακὰς,
1738 4275 1859 4326 ἐπεὶ
1884 4275 1939 4326 ἐν
1955 4274 2081 4326 ταύ-

504 4377 624 4424 ταις
658 4359 940 4431 νηστεύειν
990 4361 1383 4432 ἀπηγόρευται,
1431 4361 1697 4414 ὲνδέδοται
1747 4364 1839 4416 καὶ
1889 4363 2081 4420 θυσίαν

503 4453 855 4522 προσφέρειν,
914 4453 1008 4505 καὶ
1059 4453 1272 4506 τελείαν
1324 4453 1657 4525 λειτουργεῖν
1716 4454 2076 4524 λειτουργίαν.

2185 3278 2572 3332 ἐπιτελεῖσθαι.
2628 3275 2760 3330 Tum
2811 3290 2936 3344 pax,
2984 3273 3182 3342 inquit,
3229 3270 3440 3334 danda;
3479 3284 3634 3338 quam
3671 3268 3760 3320 ubi

2183 3374 2424 3440 episcopo
2467 3369 2764 3424 sacerdotes
2805 3366 3193 3434 impertierint,
3229 3361 3356 3415 laici
3398 3360 3498 3414 sibi
3537 3359 3760 3413 invicem

2183 3463 2416 3527 dabunt;
2441 3461 2728 3516 secundum
2759 3474 2878 3528 qua:
2909 3457 3224 3528 perﬁciatur
3252 3453 3474 3508 oblatio.
3502 3451 3572 3504 At
3599 3449 3752 3505 luno-

2182 3559 2394 3612 centius
2427 3555 2586 3624 epist.
2616 3569 2631 3606 ι
2664 3553 2733 3606 ad
2770 3551 2978 3604 Decent.
3016 3565 3136 3618 cap.
3171 3548 3220 3610 1,
3271 3559 3460 3617 pacem
3509 3545 3760 3614 prohibet

2183 3657 2308 3700 ante
2337 3645 2488 3698 ﬁnita
2529 3641 2786 3712 mysteria
2833 3641 2970 3694 dari.
3019 3637 3212 3692 Pacem
3243 3651 3365 3706 ergo
3409 3636 3624 3698 asseris,
3671 3633 3758 3686 in-

2182 3735 2322 3805 quit,
2363 3745 2481 3786 ante
2506 3732 2744 3800 confecta
2777 3731 3027 3799 mysteria
3065 3729 3321 3798 quosdam
3358 3725 3564 3795 populis
3599 3725 3764 3790 impe-

2184 3845 2323 3894 rare,
2377 3827 2454 3881 vel
2501 3825 2601 3878 sibi
2655 3825 2794 3877 inter
2841 3821 3140 3876 sacerdotes
3187 3819 3417 3880 tradere,
3471 3833 3591 3869 cum
3643 3825 3764 3885 post

2183 3921 2381 3982 omnia,
2409 3933 2527 3986 qua:
2561 3918 2766 3986 aperire
2792 3931 2894 3968 non
2919 3915 3096 3976 debeo,
3121 3926 3228 3980 pax
3255 3912 3325 3964 sit
3356 3911 3650 3963 necessario
3679 3911 3764 3962 in-

2183 4011 2426 4076 dicenda,
2460 4027 2552 4080 per
2581 4027 2740 4080 quam
2787 4018 2986 4061 constet
3022 4005 3275 4075 populum
3305 4003 3374 4056 ad
3415 4005 3614 4064 omnia,
3645 4018 3766 4072 qua:

2183 4106 2239 4158 in
2266 4105 2530 4174 mysteriis
2561 4111 2814 4172 aguntur.
2857 4111 3013 4171 atque
3047 4101 3102 4152 in
3135 4097 3380 4151 Ecclesia
3409 4095 3762 4157 celebrantur,

2183 4196 2410 4267 prwbere
2440 4211 2770 4250 consensum.

2255 4289 2465 4356 Quibus
2510 4286 2792 4342 subductis
2826 4285 3112 4347 omnibus,
3147 4281 3318 4350 liquet
3359 4277 3765 4333 vetustissimos

2183 4381 2344 4436 etiam
2378 4379 2724 4436 Christianos
2769 4377 2822 4431 in
2859 4376 3160 4448 synaxibus
3191 4373 3306 4429 suis
3353 4387 3462 4426 non
3503 4377 3766 4440 perpetuo

2184 4473 2662 4535 communicasse,
2707 4469 2922 4542 publice
2984 4468 3178 4522 saltem
3237 4479 3301 4519 ac
3345 4463 3603 4534 legitime.
3653 4459 3768 4514 Nec

503 4540 772 4605 Quocirca
821 4543 1152 4598 sacriﬁcium
1203 4559 1548 4614 nequaquam
1597 4563 1693 4618 per
1732 4549 1922 4618 jejunii
1967 4551 2080 4605 dies

2190 4565 2408 4619 interim
2439 4577 2702 4632 negamus
2734 4561 2986 4631 privatim
3021 4558 3192 4622 domi,
3223 4557 3310 4611 vel
3345 4567 3500 4609 extra
3529 4554 3764 4624 synaxin

503 4639 746 4692 oblatum
784 4647 890 4701 est,
929 4640 1024 4694 sed
1063 4655 1126 4694 ea
1166 4642 1622 4708 retractabantur,
1654 4659 1775 4713 qua:
1799 4644 1911 4712 jam
1951 4655 2078 4699 ante

501 4741 822 4784 consecrata
855 4729 1092 4792 fuerant,
1119 4733 1195 4786 uti
1227 4747 1388 4786 sacro
1413 4730 1740 4789 Parasceves
1765 4751 1974 4804 magme
1995 4737 2082 4792 die

503 4821 646 4890 apud
693 4837 793 4877 nos
837 4823 951 4877 ﬁeri
993 4824 1296 4878 consuevit.
1351 4822 1580 4878 Exstant
1633 4825 1738 4880 illis
1790 4826 1899 4878 τῶν
1945 4845 2078 4897 προ-

503 4912 855 4984 ηγιασμένων
886 4913 1213 4986 λειτουργίαι
1241 4925 1370 4968 ιοιη.
1397 4915 1460 4968 γι
1481 4916 1734 4972 Biblioth.
1764 4933 1888 4972 cum
1907 4919 2083 4973 Gene-

503 5003 691 5058 brardi
726 5003 1073 5072 Praefatione,
1108 5007 1160 5060 in
1195 5023 1302 5075 qua
1349 5006 1662 5062 Graecorum
1710 5009 1874 5062 ritum
1927 5009 2079 5062 illum

505 5099 770 5154 adversus
797 5100 1098 5155 catholicos
1145 5099 1410 5170 quosdam
1456 5101 1706 5155 doctores
1735 5111 2073 5171 propugnat;

501 5201 772 5262 negatque
801 5201 1085 5263 propterea
1119 5191 1490 5247 danmandum
1515 5207 1657 5257 esse,
1687 5193 1829 5264 quod
1857 5195 2000 5248 nulla
2025 5195 2080 5248 in

503 5286 571 5339 iis
607 5287 842 5354 liturgiis
867 5301 1044 5356 neque
1069 5286 1434 5352 consecratio,
1469 5301 1643 5356 neque
1675 5286 1990 5342 distributio
2017 5303 2082 5344 ac

501 5381 820 5434 communio
857 5381 1251 5435 contineretur.
1298 5381 1538 5449 Apparet
1569 5391 1773 5444 autem,
1815 5381 2081 5450 quemad-

503 5470 816 5526 modumin
865 5473 1187 5544 synaxibus,
1233 5487 1356 5542 quae
1403 5487 1500 5542 per
1544 5473 1667 5528 illos
1714 5473 1830 5528 dies
1860 5475 2079 5540 ﬁebant,

502 5564 716 5618 nullum
738 5573 822 5619 est
841 5565 1081 5620 oblatum
1108 5567 1461 5630 sacrilicium,
1499 5566 1572 5620 ita
1603 5567 1805 5621 nullam
1841 5567 2079 5622 ﬁdelium

502 5657 946 5712 communionem
998 5659 1292 5713 exstitisse.
1338 5657 1494 5724 Quod
1547 5668 1808 5728 praeterea
1857 5658 1966 5713 alio
2010 5674 2078 5714 ex

504 5756 828 5812 argumento
851 5749 1144 5818 colligitur.
1171 5747 1384 5802 Etenim
1407 5749 1905 5819 nequejejunantes
1925 5764 2080 5805 oscu-

505 5833 618 5888 lum
651 5836 802 5905 pacis
835 5838 1095 5895 fratribus
1143 5840 1616 5909 imparticbantur,
1663 5857 1838 5912 neque
1875 5851 2075 5911 myste-

2185 4653 2592 4707 conununicare
2623 4651 2840 4720 aliquos
2879 4649 3144 4720 potuisse,
3177 4661 3302 4701 cum
3335 4643 3764 4708 Eucharistiam,

2181 4759 2346 4812 quam
2385 4759 2413 4796 a
2450 4743 2732 4798 sacerdote
2777 4743 2948 4797 semel
2995 4747 3344 4807 acceperant,
3385 4735 3534 4792 domi
3581 4751 3767 4790 reser-

2183 4844 2362 4890 vatam
2399 4837 2641 4905 reliquos
2671 4836 2726 4889 in
2782 4836 2899 4890 dies
2921 4834 3240 4901 dispensare
3264 4830 3519 4884 solerent.
3549 4827 3625 4881 De
3650 4842 3766 4896 quo

2181 4927 2304 4981 vide
2331 4943 2454 4997 qua:
2487 4925 2722 4980 Basilius
2769 4925 2926 4995 epist.
2963 4923 3070 4977 289
3117 4922 3186 4974 ad
3233 4920 3526 4976 Cwsariam
3573 4917 3765 4972 Patri-

2181 5021 2318 5074 ciam
2358 5018 2590 5085 scribit;
2639 5029 2752 5070 tum
2799 5015 3090 5069 Annalium
3125 5023 3406 5066 auctorem
3446 5011 3510 5064 ad
3553 5025 3765 5064 annum

2185 5110 2273 5165 57.
2317 5107 2500 5162 Redeo
2543 5107 2654 5177 jam
2689 5107 2754 5160 ad
2789 5119 3025 5177 synaxes
3077 5105 3220 5168 illas,
3259 5117 3396 5171 quas
3426 5101 3768 5170 Epiphanius

2184 5201 2253 5254 ab
2280 5199 2542 5268 apostolis
2585 5198 2756 5252 fuisse
2793 5197 3020 5251 traditas
3061 5193 3312 5259 aﬁirmat,
3355 5191 3504 5246 feriat
3529 5201 3763 5260 quartas,

2184 5291 2537 5353 Parasceves,
2567 5299 2622 5343 et
2647 5287 2966 5342 Dominicaa.
3005 5285 3151 5341 inter
3178 5302 3317 5364 quas
3352 5285 3582 5338 miretur
3611 5285 3766 5352 quis-

2181 5383 2327 5452 piam
2361 5383 2588 5438 Sabbati
2619 5384 2951 5437 mentionem
2987 5381 3192 5436 nullam
3226 5395 3347 5436 esse
3377 5379 3579 5432 factam
3609 5395 3622 5430 :
3658 5377 3767 5431 hoc

2184 5473 2330 5526 enim
2361 5473 2449 5527 die
2491 5488 2726 5544 synaxes
2755 5472 2980 5526 Oriente
3016 5472 3131 5527 fere
3169 5481 3288 5525 toto
3327 5469 3654 5530 celebratas,
3701 5481 3767 5522 ac

2181 5564 2526 5635 frequentata
2571 5567 2827 5636 mysteria
2873 5575 3104 5620 testatur
3139 5565 3398 5620 Socrates
3449 5563 3544 5616 lib.
3579 5561 3677 5614 illo
3709 5576 3763 5624 v,

2182 5673 2232 5714 c.
2255 5657 2344 5710 22.
2371 5657 2693 5727 Quanquam
2725 5659 2832 5723 hic,
2863 5667 2923 5711 ut
2955 5669 3010 5713 et
3057 5657 3276 5712 Sozom.
3307 5657 3403 5709 lib.
3433 5669 3532 5718 vn,
3577 5669 3627 5708 c.
3659 5651 3752 5712 19.

2181 5751 2584 5807 Alexandrinos
2637 5761 2692 5806 et
2721 5751 3000 5806 Romanos
3041 5749 3280 5818 excipit:
3313 5747 3435 5800 Τῶν
3467 5745 3577 5816 γὰρ
3616 5761 3762 5798 παν-

2169 5842 2345 5934 ,ταχοῦ
2379 5843 2472 5914 τῆς
2497 5843 2827 5915 οἰκουμένης
2867 5842 3022 5897 Ἐκκ)
3040 5843 3203 5914 ησιών
3244 5843 3302 5894 ἐν
3329 5839 3512 5912 ἡμέρᾳ
3537 5837 3762 5894 £16“-
