4054 6404
238 399 372 456 1085
1015 388 1105 442 DE
1128 383 1530 443 'VETEBIBUS
1563 380 1969 451 QUIBUSDAM
2010 376 2367 436 ECCLESlAS
2405 370 2704 429 RlTIBL‘S.
3356 349 3495 411 1086

231 532 342 572 των
370 510 510 567 κατὰ
542 511 725 565 πᾶσαν
755 504 1046 577 ἑϐδομάδος
1070 503 1318 576 περίοδον
1348 499 1712 555 ἐπιτελουσῶν
1744 497 1810 552 τὰ
1842 503 1860 558 ,'

1959 514 2057 559 ινος
2079 513 2091 524 ·
2132 493 2246 548 Nos
2275 500 2463 562 quater
2508 490 2562 544 in
2590 500 2793 557 quaque
2830 477 3159 535 hebdomada
3205 488 3496 526 communi-

237 601 607 679 μυστήρια,οί
636 601 694 652 ὲν
720 600 786 668 τῇ
816 563 1193 666 Ἀλεξανδρείᾳ
1226 592 1320 646 καὶ
1359 593 1406 644 οἱ
1440 594 1498 644 ὲν
1531 592 1597 660 τῇ
1628 587 1843 660 Ῥώμῃ,

1959 603 2137 651 amns;
2160 583 2465 647 Dominica,
2490 580 2624 649 feria
2651 583 2865 649 quarta,
2886 569 3200 630 Parasceue,
3228 563 3495 620 Sabbato;

2142 678 2167 679 ⁷⁷
2210 675 2218 679 ’
2497 676 2507 679 ‘
2603 672 2614 679 ‘
3044 662 3054 679 9
3072 678 3077 679 γ
3123 657 3370 679 -ι---.ιμηζρ
3402 654 3472 679 -I.’

236 699 302 753 ἐκ
329 712 475 758 τινος
508 691 743 764 ἀρχαίας
766 688 1120 760 παραδόσεως
1149 684 1308 738 τοῦτο
1347 685 1521 736 ποιεῖν
1560 681 1815 754 παρῃτή-

240 806 424 844 σαντο.
469 785 604 841 Cum
647 781 787 838 enim
821 796 996 835 omnes
1026 781 1186 833 totius
1219 777 1361 832 orbis
1403 773 1654 829 Ecclesiae
1683 771 1819 826 Sab-

242 884 380 936 batis
425 878 667 934 omnibus
700 891 791 945 per
823 888 1246 943 unamquamque
1290 867 1670 923 hebdomadam
1703 881 1820 935 my-

240 974 404 1029 steria
444 969 730 1033 celebrent,
789 963 1138 1019 Alexandrini
1184 970 1233 1016 et
1278 960 1500 1014 Roman.
1548 972 1613 1011 ea:
1657 966 1823 1009 vetere

245 1063 481 1135 quadam
534 1061 824 1117 traditione
867 1058 923 1112 id
970 1071 1122 1125 agere
1175 1052 1552 1107 detrectarunt.
1597 1047 1675 1101 Ita
1715 1062 1823 1099 non

245 1154 487 1211 Orientis
520 1153 707 1217 modo,
749 1150 846 1205 sed
874 1157 929 1204 et
967 1147 1135 1201 totius
1178 1143 1329 1199 orbis
1369 1138 1822 1197 consuetudinem

247 1248 421 1303 fuisse
459 1244 683 1308 scribit;
726 1239 874 1311 quod
915 1252 1017 1308 ego
1047 1249 1238 1289 verum
1266 1247 1378 1286 non
1408 1228 1667 1284 arbitror.
1700 1223 1830 1279 Fuit

249 1340 396 1394 enim
459 1334 702 1392 Orientis
762 1332 874 1387 fere
907 1329 1103 1386 solius.
1160 1324 1219 1379 In
1267 1321 1568 1393 Responsis
1612 1320 1825 1374 Canon.

248 1430 524 1486 Timothei
578 1425 844 1482 Alexand.
902 1421 1047 1493 apud
1108 1420 1374 1483 Balsam.,
1407 1415 1670 1485 lnterrog.
1730 1395 1858 1467 xnr

251 1525 544 1596 quaesitum
577 1529 665 1577 est
701 1539 714 1574 :
753 1516 956 1588 quibus
1004 1513 1197 1569 diebus
1246 1509 1511 1579 conjuges
1549 1507 1833 1563 continere

253 1615 530 1673 debeant?
576 1608 890 1681 Respondet
952 1604 1272 1660 Timotheus
1318 1601 1546 1654 omnino
1591 1596 1833 1651 Sabbato

255 1725 324 1765 ac
359 1707 647 1764 Dominica
691 1700 1139 1771 temperandum,
1179 1695 1267 1749 διὰ
1297 1693 1357 1746 τὸ
1398 1694 1457 1745 ὲν
1499 1691 1690 1752 αὑταῖς
1736 1686 1835 1758 τὴν

256 1796 636 1870 πνευματικὴν
663 1765 854 1847 θυσίαν
892 1786 1262 1859 ἀναφέρεσθαι
1295 1782 1376 1855 τῷ
1409 1782 1622 1853 Κυρίῳ.
1665 1778 1837 1850 [gitur

1959 1788 2072 1844 iam
2116 1782 2307 1856 primis
2355 1774 2616 1833 Ecclesia:
2676 1765 3018 1838 temporibus

1920 680 2010 736 sed
2040 690 2087 733 et
2113 675 2296 731 diebus
2331 676 2557 737 steteris,
2596 672 2652 725 in
2680 683 2808 738 quos
2834 662 3091 719 memoria
3119 657 3370 726 martyris
3396 654 3499 708 ali-

1923 773 2074 840 cuius
2123 768 2332 825 incidit.
2383 764 2542 821 Unde
2588 761 2733 831 quod
2763 759 2830 813 de
2870 754 3080 827 jejunio
3126 751 3328 805 dictum
3387 755 3496 810 est,

1922 861 2222 920 nullum‘in
2262 874 2328 914 eo
2368 855 2699 912 celebratum
2728 847 2901 902 fuisse
2938 841 3280 916 mysterium,
3320 836 3497 892 nemi-

1925 970 2162 1027 nemque
2201 948 2638 1008 communicasse
2691 939 2926 995 ﬁdelium
2950 977 2965 1001 ,
2996 935 3064 989 de
3101 931 3218 987 solo
3255 926 3498 995 Quadra-

1928 1045 2176 1122 gesiinali
2227 1057 2326 1114 par
2356 1048 2441 1095 est
2481 1033 2689 1103 accipi,
2739 1030 2785 1085 si
2832 1022 3232 1080 Alexandrinos
3271 1017 3502 1079 eximas,

1927 1155 2164 1212 quorum
2194 1135 2339 1189 velut
2367 1129 2644 1201 singulare
2678 1120 2820 1177 istud
2854 1133 2884 1172 a
2917 1115 3143 1171 Socrate
3168 1120 3506 1165 commemo-

1930 1244 2107 1297 ratur,
2135 1226 2283 1300 quod
2324 1224 2460 1281 feria
2488 1227 2681 1291 quarta
2714 1225 2879 1285 atque
2916 1219 3067 1268 sexta
3101 1204 3285 1262 omnia
3315 1209 3508 1272 praeter

1930 1327 2157 1399 τελετήν
2187 1335 2467 1395 synaxeon
2498 1314 2721 1388 propria
2756 1305 3126 1383 praestiterint.
3148 1300 3225 1355 De
3246 1312 3357 1369 quo
3384 1308 3510 1367 pro-

1935 1422 2081 1478 xime
2114 1415 2441 1473 videbimus.

2004 1513 2248 1578 Denique
2285 1505 2430 1578 quod
2483 1496 2820 1570 Epiphanius
2877 1490 3172 1546 admonet:
3227 1480 3512 1550 Tnplicem

1933 1606 2084 1661 illam
2114 1576 2339 1673 spiramin
2382 1596 2591 1648 dierum
2618 1586 2834 1642 totidem
2856 1583 2921 1637 ab
2967 1576 3220 1650 apostolis
3261 1588 3372 1628 esse
3401 1580 3514 1629 tra-

1935 1670 2330 1758 ditam,‘ltaud
2383 1684 2503 1741 scio
2549 1696 2617 1735 an
2670 1677 2805 1733 satis
2843 1680 2996 1729 certo
3028 1674 3280 1725 constare
3324 1670 3511 1732 queat.

3062 1774 3208 1815 unus
3250 1756 3519 1812 duntaxat

256 1890 512 1948 sabm‘is
563 1883 910 1942 Alexandriae
960 1882 1234 1936 celebrata
1291 1875 1587 1948 ωγειετίαν
1642 1879 1836 1925 contra
1867 1850 1909 1904 Β
1938 1849 2260 1936 Dominicus
2290 1872 2410 1928 dies
2444 1868 2512 1924 ad
2540 1878 2662 1921 eam
2697 1875 2814 1916 rem
2838 1858 3161 1913 observatus
3194 1849 3428 1909 videtur,
3457 1850 3520 1897 ut

258 1996 427 2054 quam
473 1976 717 2033 Socratis
780 1980 939 2028 attate
1008 1968 1210 2025 factum
1262 1976 1366 2023 est.
1414 1963 1579 2034 Atqui
1623 1960 1836 2017 forlean

258 2072 444 2146 Cyprii
467 2069 642 2141 (apud
674 2081 814 2138 quos
843 2065 949 2120 ista
982 2060 1203 2131 scripsit
1227 2055 1603 2129 Epiphanius)
1634 2055 1840 2109 [toma-

258 2182 387 2229 nos,
407 2171 505 2219 aut
528 2160 739 2216 vicinos
769 2171 903 2212 suos
923 2151 1321 2208 Alexandrinos
1352 2148 1572 2210 imitati,
1603 2160 1839 2217 synaxes

261 2258 444 2315 nullas
473 2250 728 2309 Sabbatis
771 2249 1122 2304 instituerunt
1149 2259 1164 2297 :
1201 2239 1426 2312 reliquis
1448 2252 1601 2303 vero,
1628 2236 1733 2290 hoc
1757 2243 1842 2289 est

264 2359 462 2424 quarta
501 2356 721 2403 sextave
766 2342 922 2406 feria,
954 2338 1103 2394 nulla
1131 2337 1187 2391 in
1237 2331 1538 2406 synaxibus
1580 2327 1871 2401 mysteria.

264 2423 636 2501 celebrarunt.
693 2436 767 2492 De
805 2431 1082 2506 mysteriis
1131 2435 1278 2484 certe
1319 2423 1526 2479 mentio
1568 2433 1841 2490 nusquam

265 2537 357 2592 hic
407 2534 667 2595 habetur,
749 2534 940 2582 contra
998 2534 1164 2593 quam
1222 2513 1585 2572 Casaubonus
1646 2509 1847 2578 aliique

266 2636 476 2683 temere
506 2620 889 2694 prodiderunt.
1644 2604 1649 2611 ’

341 2719 401 2773 In
455 2689 707 2787 sequenti
762 2722 1034 2772 numero,
1094 2700 1432 2774 Epiphanius
1489 2697 1557 2753 de
1624 2689 1850 2748 Sabbati

271 2811 572 2886 synaxibus
614 2809 690 2863 ita
711 2805 971 2875 loquitur,
1000 2810 1059 2855 ut
1088 2801 1145 2854 in
1176 2795 1420 2853 Ecclesia
1444 2808 1543 2849 sua
1573 2789 1877 2845 institutas.

272 2920 472 2977 negare
499 2903 766 2957 videatur.
784 2896 986 2952 Scribit
1010 2894 1154 2949 enim
1176 2891 1309 2946 :‘Ev
1335 2904 1446 2940 τισι
1471 2885 1527 2939 δὲ
1549 2883 1735 2944 τόποις
1758 2879 1852 2934 καὶ

272 3002 333 3054 ἐν
350 2973 490 3061 *τοῖς
538 2994 780 3051 Σάόὅασι
820 2987 1066 3055 συνάξεις
1128 2980 1484 3036 ἐπιτελοῦσιν.
1540 2975 1656 3031 Νοη
1692 2973 1854 3043 igitur

274 3093 331 3146 in
385 3088 605 3161 Cypro;
666 3098 731 3139 ac
795 3078 1024 3152 proinde
1061 3074 1345 3129 verissima
1403 3076 1488 3123 est
1541 3065 1855 3137 conjectura

279 3192 514 3240 nostra:
555 3176 788 3249 Cyprios
831 3167 1327 3264 Alexandrinorum
1366 3176 1574 3216 morem
1616 3156 1857 3211 imitalos
1884 3204 1927 3264 c
1959 3145 2111 3259 Qui";
2161 3145 2478 3236 ﬂaminica;
2517 3167 2613 3221 alii
2649 3162 2804 3218 certis
2846 3153 3030 3210 diebus
3070 3145 3367 3214 accipiunt;

2541 3258 2551 3264 .
2608 3256 2619 3264 .
2932 3262 2983 3264 γη
3056 3239 3345 3264 -Ν-..π1ιηοο

277 3293 420 3335 esse.
445 3275 525 3330 Ac
550 3286 675 3327 cum
718 3266 880 3338 paulo
908 3271 1033 3316 ante
1069 3260 1506 3315 demonstratum
1553 3251 1661 3315 sit,
1719 3264 1857 3319 qua-

289 3562 554 3623 sextaque
615 3546 751 3603 feria
803 3542 945 3597 idem
997 3533 1171 3591 videri
1233 3530 1435 3602 possit,
1481 3541 1604 3582 cum
1652 3523 1707 3577 in
1758 3521 1864 3575 illis

289 3649 538 3704 solemne
604 3657 857 3717 peraeque
890 3629 1162 3703 jejunium
1208 3623 1518 3683 exstitisse,
1561 3626 1752 3673 auctor
1793 3615 1865 3669 sit

289 3708 651 3810 Epiphanius.
703 3708 809 3784 Sed
852 3740 920 3780 ne
958 3721 1100 3778 istud
1147 3729 1562 3775 asseveremus,
1612 3708 1867 3781 prohibet

289 3804 351 3889 in
374 3804 566 3901 primis
597 3825 751 3888 illud,
773 3820 919 3891 quod
947 3820 981 3889 ἠ
1008 3817 1117 3871 τῶν
1146 3807 1601 3885 προηγιασμένων
1624 3804 1866 3873 λειτουρ-

291 3923 386 3993 γία
419 3920 522 3976 soli
555 3913 999 3984 Quadragesimas
1054 3906 1266 3976 jejunio
1318 3902 1376 3956 in
1415 3896 1694 3954 veteribus
1736 3907 1870 3947 con-

294 4019 441 4076 ciliis
468 4023 524 4069 et
555 4008 827 4080 liturgicis
855 4001 1181 4060 ascribatur.
1233 3994 1459 4051 Accedit
1491 3999 1546 4046 et
1573 3984 1871 4045 disertissi-

295 4127 419 4167 mus
465 4079 787 4163 Tertulliani
843 4099 1030 4161 locus;
1061 4093 1155 4163 qui
1212 4091 1267 4145 in
1312 4089 1411 4143 lib.
1463 4085 1541 4139 De
1585 4092 1722 4137 orat.
1769 4079 1872 4134 sub

296 4209 462 4263 tinem
495 4197 757 4258 ostendit,
802 4190 935 4263 ipsis
981 4189 1280 4243 stationum
1320 4180 1538 4245 diebus,
1576 4190 1699 4247 quae
1737 4172 1873 4228 feria

296 4304 492 4370 quarta
531 4300 794 4359 sertaque
823 4299 950 4341 cum
981 4277 1208 4353 jcjuniis
1250 4273 1397 4330 obiri
1451 4273 1871 4329 consueverant,

298 4354 361 4441 tit
390 4381 554 4454 paulo
584 4354 722 4449 post—
737 4374 978 4437 dicetur,
1028 4365 1298 4425 sacriﬁcia
1339 4359 1629 4421 celebrari,
1662 4372 1729 4412 ac
1762 4354 1873 4408 Do-

299 4478 567 4535 minicum
590 4447 817 4539 corpus
850 4467 908 4521 in
954 4462 1142 4518 ﬁdeles
1185 4454 1443 4514 distribui
1482 4453 1680 4509 solere.
1709 4447 1876 4504 Simi-

1834 3368 1859 3379 ’
1962 3368 2194 3425 Sabbato
2244 3365 2452 3414 tantum
2485 3359 2535 3406 et
2580 3343 2891 3404 Dominico;
2939 3334 3071 3391 alibi

1937 1992 2005 2031 ex
2033 1968 2294 2043 Apostolo
2318 1964 2338 2019 l
2362 1963 2430 2020 ad
2458 1961 2589 2018 Cor.
2614 1972 2734 2027 cap.
2756 1969 2846 2009 xvn
2868 1947 3159 2018 colligitur.
3190 1940 3335 2008 Quin
3352 1938 3519 1993 etiam

1937 2033 2186 2125 Justinus
2234 2060 2438 2131 Martyr
2487 2051 2643 2123 Apol.
2673 2049 2744 2115 2,
2801 2059 2928 2101 cum
2963 2041 3033 2096 de
3080 2033 3520 2094 Christianorum

1943 2155 2300 2217 conventibus
2349 2149 2497 2219 agit,
2537 2143 2713 2200 solius
2762 2132 3060 2191 Dominicae
3089 2125 3377 2189 meminit,
3422 2118 3524 2193 τὴν

1940 2214 1999 2307 δὲ
2046 2248 2140 2304 τοῦ
2187 2245 2342 2318 ἡλίου
2375 2214 2590 2311 ἦμὲραν
2639 2231 2793 2301 κοινῇ
2827 2226 3028 2287 πάντες
3068 2220 3169 2291 τὴν
3212 2214 3522 2270 συνέλευσιν

1944 2307 2267 2419 ποιούμεθα.
2319 2307 2502 2404 Quare
2556 2329 2732 2400 magis
2788 2324 2844 2379 id
2875 2337 2943 2377 ex
3002 2317 3214 2389 privato
3267 2307 3527 2366 Ecclesiae

1944 2442 2215 2512 cujusque
2265 2432 2406 2498 ritu,
2460 2438 2626 2497 quam
2682 2435 2749 2475 es
2800 2410 3079 2472 communi
3148 2402 3528 2476 apostolorum

1944 2535 2262 2613 praescripto
2306 2526 2611 2585 derivatum
2657 2514 3025 2577 existimo,ut
3065 2508 3261 2575 quarta
3307 2502 3530 2551 sextave

1945 2595 2104 2696 ieria,
2160 2595 2257 2682 aut
2309 2622 2475 2678 etiam
2542 2613 2782 2669 Sabbato
2833 2613 3069 2675 synaxes
3117 2595 3532 2653 conventusque

1949 2729 2163 2783 tierent.
2198 2720 2373 2787 Quam
2404 2715 2458 2768 in
2485 2725 2599 2766 rem
2623 2703 2874 2775 egregius
2912 2704 2998 2752 est
3041 2684 3334 2760 Augustini
3379 2681 3535 2734 locus

1950 2769 2387 2889 Egiliidfgua
2421 2803 2555 2861 mihi
2593 2769 2685 2855 hic
2715 2769 3075 2850 ascribendus
3108 2781 3368 2836 videtur:
3409 2769 3535 2826 Alia

1951 2923 2073 2965 vero
2092 2945 2107 2969 ,
2136 2900 2337 2972 inquit,
2369 2910 2487 2966 qua:
2513 2906 2605 2962 per
2630 2888 2747 2941 loca
2781 2892 3043 2936 terrarum
3075 2871 3410 2942 regionesque
3440 2876 3535 2915 va-

2934 2970 2939 2972 .
3158 2960 3191 2972 η
3235 2958 3278 2972 ,,
3337 2967 3347 2972 _
3450 2950 3535 2972 -ηε

1954 2950 2395 3061 riantur,1sicuti'
2427 2950 2678 3053 est'quod
2725 2975 2824 3030 alii
2863 2970 3112 3041 jejunant
3153 2958 3404 3018 Sabbato,
3440 2950 3538 3006 alii

1953 3108 2073 3150 vero
2098 3104 2205 3154 non
2224 3100 2242 3139 :
2279 3082 2375 3138 alii
2397 3075 2632 3151 quotidie
2658 3066 3047 3124 communicant
3084 3052 3292 3124 corpori
3331 3058 3380 3103 et
3412 3060 3538 3100 san-

3408 3134 3539 3190 alibi

1958 3225 2139 3333 :utlus
2185 3268 2296 3321 dies
2340 3256 2712 3317 intermittitur
2740 3265 2841 3321 quo
2884 3262 2986 3302 non
3050 3239 3345 3309 offeratur;
3409 3225 3541 3281 alibi

3106 3339 3311 3386 tantum
3357 3319 3543 3376 Domi-

1963 3462 2080 3515 nico
2102 3473 2121 3520 ;
2145 3464 2193 3509 et
2233 3452 2278 3506 si
2307 3447 2434 3520 quid
2479 3442 2629 3499 aliud
2669 3432 2931 3507 ejusmodi
2965 3420 3315 3483 animadverti
3352 3420 3544 3485 potest,

1966 3558 2133 3603 totum
2174 3544 2270 3596 hoc
2307 3505 2468 3611 qenus
2502 3505 2915 3587 rerumliberas
2950 3517 3105 3571 habet
3135 3505 3542 3566 observationes.

1964 3600 2330 3696 Innocentius
2366 3642 2534 3700 porro
2579 3622 2739 3693 epist.
2782 3616 2826 3683 Ι,
2854 3627 2974 3683 cap.
3011 3610 3066 3674 4,
3113 3603 3248 3660 feria
3295 3608 3447 3655 sexta
3494 3600 3549 3647 ct

1968 3730 2208 3786 Sabbato
2257 3724 2603 3779 sacramenta
2638 3710 2863 3766 minime
2908 3695 3176 3760 celebrari
3221 3690 3432 3752 scribit,
3461 3685 3548 3739 his

1967 3819 2149 3875 verbis
2182 3833 2194 3868 :
2240 3811 2393 3878 Quod
2424 3808 2601 3876 utique
2634 3817 2737 3855 non
2759 3795 2978 3850 dubium
3009 3798 3108 3854 est,
3137 3787 3196 3839 in
3224 3790 3429 3837 tantum
3460 3791 3548 3829 eos

1961 3872 2361 3982 jejunasse'ide
2397 3872 2661 3969 apostolis
2714 3881 2988 3954 loquitur)
3033 3876 3194 3930 biduo
3238 3872 3549 3926 memorato,

2063 3965 2283 4055 traditio
2328 3965 2579 4046 Ecclesia:
2618 3979 2833 4039 habeat,
2868 3977 2970 4028 isto
3007 3968 3167 4024 biduo
3217 3965 3552 4017 sacramenta

1972 4092 2178 4164 penitus
2207 4102 2311 4141 non
2342 4076 2615 4137 celebrari.
2640 4073 2699 4126 ln
2732 4058 3123 4123 Mediolanensi
3146 4051 3386 4109 Ecclesia
3412 4061 3555 4117 quo-

1976 4134 2103 4241 lidie
2136 4173 2467 4236 sacriﬁcium
2504 4166 2747 4221 oblatum
2772 4174 2836 4213 ex
2868 4149 3156 4210 Ambrosio
3177 4147 3427 4203 constat;
3458 4134 3554 4206 qui

1976 4289 2144 4333 serm.
2192 4268 2264 4324 54
2304 4266 2379 4320 ita
2406 4257 2692 4330 loquitur:
2747 4249 2931 4305 Moneo
2968 4244 3150 4302 etiam,
3183 4246 3239 4291 ut
3275 4232 3366 4304 qui
3393 4231 3558 4299 juxta

1979 4361 2277 4420 Ecclesium
2321 4363 2434 4415 est,
2468 4328 2519 4405 et
2575 4347 2686 4401 sine
2735 4339 2883 4413 gravi
2930 4332 3300 4402 impedimento
3353 4328 3556 4392 potest,

1979 4452 2212 4527 quotidie
2260 4445 2445 4501 auc‘iat
2503 4438 2755 4499 missam;
2782 4441 2830 4486 et
2864 4428 2954 4499 qui
2985 4430 3174 4495 potest,
3217 4431 3359 4471 omni

302 4503 567 4535 munt;qu
612 4503 817 4539 υυιγυδ
851 4503 908 4521 ιιι
955 4503 1142 4518 νυν-ν..
1186 4503 1443 4514 ν.----....-
1483 4503 1675 4509 ---νη
1728 4503 1733 4504 ,

302 4572 442 4631 liter,
470 4563 666 4636 inquit,
689 4562 753 4615 de
775 4558 1064 4613 stationum
1086 4551 1269 4606 diebus
1298 4565 1401 4602 non
1429 4553 1618 4617 putant
1642 4541 1860 4613 pleriqut

1980 4503 2051 4603 ltd
2079 4539 2400 4598 matutinum
2427 4533 2621 4587 veniat.
2661 4525 2728 4579 Et
2754 4522 2918 4594 paulo
2945 4524 3071 4588 post
3096 4532 3110 4569 :
3153 4510 3218 4564 In
3250 4503 3563 4574 Quadrage-

2586 4630 2596 4636 -
2765 4613 2896 4636 ----—:
2957 4604 3258 4636 --ιιη-ιιρηι
3326 4607 3383 4636 ..ι
3424 4591 3561 4636 dimi-

302 4659 689 4729 sacrificiorum
716 4648 1044 4707 orationibus
1086 4638 1536 4699 interveniendum
1561 4652 1579 4701 ;
1607 4633 1743 4706 quod
1770 4639 1886 4686 sta-

307 4757 383 4810 tio
404 4723 655 4808 solvenda
688 4748 759 4800 sit
787 4749 997 4811 accepto
1026 4750 1242 4805 corpore
1270 4730 1507 4786 Domini.
1551 4726 1693 4796 Ergo
1723 4723 1884 4777 deuo-

308 4858 419 4902 tum
464 4842 575 4898 Deo
611 4837 915 4908 obsequium
959 4829 1303 4887 Eucharistia
1345 4823 1578 4889 resolvit,
1618 4837 1689 4874 an
1714 4816 1885 4887 magis

310 4939 418 4998 Deo
450 4932 692 5005 obligat?
734 4927 926 4984 Nonne
953 4923 1237 4979 solemnior
1281 4920 1380 4973 erit
1414 4915 1575 4971 statio
1613 4921 1725 4976 tua,
1759 4910 1806 4964 si
1837 4916 1886 4963 et

310 5028 381 5085 ad
419 5000 577 5081 arani
610 5022 710 5078 Dei
750 5016 1007 5076 steteris?
1036 5016 1260 5082 Accepto
1306 5022 1521 5077 corpore
1571 5000 1808 5065 Domini,
1838 5006 1888 5052 et

310 5125 598 5181 reservato,
633 5123 914 5181 utrumque
956 5105 1162 5162 salvum
1202 5110 1304 5169 est,
1331 5108 1380 5154 et
1412 5095 1751 5169 participatio
1796 5107 1889 5145 sa-

316 5212 534 5282 criﬁcii,
564 5220 612 5265 et
648 5204 915 5262 exsecutio
948 5199 1121 5270 ofﬁcii.
1151 5195 1257 5262 Qui
1285 5194 1436 5248 locus
1468 5188 1631 5261 paulo
1658 5202 1706 5241 a-
1729 5184 1889 5240 nobis

314 5276 922 5378 posteadeclarabitur.
978 5291 1060 5346 Ad
1107 5290 1224 5343 haec
1263 5284 1500 5340 Basilius
1543 5282 1600 5335 in
1645 5276 1891 5349 Epistola

317 5395 388 5451 ad
417 5392 733 5451 Cwsariam,
757 5387 915 5456 cujus
943 5397 1110 5453 supra
1146 5377 1520 5438 meminimus,
1550 5388 1674 5427 cum
1704 5369 1890 5440 quoti-

319 5488 537 5542 dianam
583 5479 1027 5539 communionem
1076 5473 1374 5544 plurimum
1411 5462 1887 5525 commendasset,

320 5580 429 5634 ista
470 5574 729 5644 subjicit:
775 5570 970 5641 Ἡμεῖς
1011 5566 1196 5638 μέντοι
1230 5578 1295 5631 γε
1332 5559 1590 5628 τέταρτον
1619 5553 1742 5608 καθ’
1771 5552 1894 5606 ἑ.κὰ-

326 5687 457 5742 στην
493 5665 765 5738 ἑϐδομάδα
807 5658 1191 5729 κοινωνοῦμεν,
1219 5656 1276 5707 ὲν
1314 5655 1381 5724 τῇ
1425 5650 1712 5721 κυριακῇ,
1743 5649 1800 5699 ἐν
1826 5647 1894 5715 τῇ

324 5739 566 5832 vespm,
595 5757 690 5813 καὶ
741 5759 800 5811 ὲν
840 5757 907 5826 τῇ
951 5749 1312 5823 Παρασκευῇ,
1344 5746 1438 5799 καὶ
1486 5741 1567 5813 τῷ
1608 5739 1893 5809 Σαϐϐάτῳ,

326 5864 424 5916 καὶ
458 5855 515 5908 ὲν
544 5853 662 5916 ταῖς
690 5848 877 5911 ἄλλαις
904 5842 1160 5917 ἡμέραις»
1193 5839 1287 5896 ἐὰν
1324 5834 1357 5912 ᾖ
1399 5837 1586 5910 μνήμη
1624 5832 1895 5906 μάρτυρός

1984 4640 2119 4693 sima
2162 4646 2280 4687 vero
2306 4640 2507 4688 moneo,
2540 4630 2598 4675 ut
2631 4618 2717 4672 die
2756 4613 2919 4679 omni,
2953 4617 3045 4663 aut
3072 4604 3284 4667 saltent,
3326 4607 3384 4650 ut
3424 4591 3562 4656 dixi,

1986 4724 2288 4789 Dominica,
2312 4715 2549 4787 offeratis
2607 4718 2658 4766 et
2710 4699 3126 4763 communicetis.
3193 4690 3353 4746 Varia
3400 4686 3566 4756 igitur

1988 4777 2286 4876 admodum
2329 4777 2424 4882 per
2456 4803 2730 4861 Ecclesias
2759 4791 3106 4855 consuetudo
3151 4786 3281 4841 fuit.
3323 4779 3444 4836 Non
3497 4777 3566 4831 de

1987 4878 2376 4968 vetustissimis
2424 4897 2764 4970 temporibus
2785 4935 2801 4961 ,
2836 4893 3012 4959 deque
3052 4878 3418 4940 Orientalibus
3451 4886 3570 4927 ma-

1989 5004 2154 5065 xime,
2176 5008 2308 5068 qua:
2343 4992 2606 5055 diximus,
2642 4982 2872 5053 intelligi
2904 4979 3179 5033 volumus.

2060 5094 2139 5149 Ex
2161 5056 2252 5146 illo
2276 5102 2408 5144 vero
2442 5093 2720 5155 postremo
2762 5072 3041 5130 Ambrosii
3082 5071 3206 5124 loco
3253 5064 3432 5133 liquet
3462 5056 3566 5112 lal-

1992 5185 2273 5243 sissimum
2299 5194 2444 5245 esse,
2466 5174 2614 5246 quod
2652 5168 2925 5227 haereticis
2969 5158 3301 5234 quibusdam
3336 5150 3566 5208 nimium

1992 5276 2189 5335 stolide
2216 5283 2538 5344 persuasum
2574 5280 2696 5321 esse
2734 5259 2891 5314 video
2924 5264 3243 5322 :nunquam
3293 5246 3350 5302 in
3390 5251 3573 5297 vetere

1995 5337 2238 5427 Ecclesia
2267 5368 2491 5420 missam
2521 5358 2761 5433 aqditam
2791 5368 2823 5408 a
2854 5348 3105 5406 ﬁdelibus
3134 5357 3277 5407 esse,
3307 5337 3439 5408 quin
3461 5347 3571 5389 una

1994 5461 2482 5521 communicarent.
2533 5452 2655 5518 Quo
2694 5450 2749 5503 in
2799 5457 2986 5500 errore
3033 5453 3164 5495 sane
3195 5428 3575 5502 stupidissimo

1995 5565 2244 5612 versatur
2293 5547 2649 5604 Casaubouus
2694 5536 2933 5595 Exercit.
2980 5532 3047 5587 16
3081 5529 3152 5584 ad
3197 5542 3324 5580 ann.
3366 5522 3570 5575 Baron.

1998 5611 2054 5703 n.
2089 5646 2178 5701 58.
2212 5643 2301 5726 Et,
2332 5640 2480 5712 quod
2508 5638 2708 5692 mirum
2740 5640 2845 5695 est,
2887 5629 3033 5683 hunc
3068 5621 3249 5689 ipsum
3297 5611 3575 5672 Ambrosii

1999 5741 2179 5796 locum
2216 5705 2384 5800 citat;
2437 5746 2538 5787 nec
2571 5727 2805 5784 advertit
2843 5720 3120 5784 eumdem,
3161 5729 3287 5771 cum
3325 5705 3576 5782 quotidie

2003 5835 2201 5894 missas
2228 5829 2438 5896 audire,
2461 5826 2515 5881 in
2540 5817 2969 5892 Quadragcsima
2988 5827 3139 5879 vero,
3168 5809 3215 5866 si
3234 5806 3350 5866 ﬁeri
3374 5805 3576 5877 potest.
