4054 6404
191 411 331 469 1089

966 406 1054 461 DE
1092 405 1484 463 VETEBIBUS
1518 406 1920 475 QUIBUSDAM
1960 410 2315 467 ECCLESIE
2355 409 2647 466 RITIBUS.

3306 412 3444 469 1090

189 527 297 580 sive
343 520 568 576 tristitia
639 518 915 575 obueniens
971 522 1163 576 castris
1234 522 1487 576 stationes
1535 523 1764 575 militum
1793 528 1837 583 Α
1867 524 2188 592 stationum,
2223 525 2300 580 uti
2353 541 2451 580 nec
2498 527 2763 581 stationes
2821 524 2972 594 ipsae,
3034 525 3256 578 minime
3301 529 3440 581 ultra

190 614 466 671 rescindit.
508 613 720 680 Quibus
769 613 953 669 verbis
996 615 1338 668 demonstrat
1383 628 1761 683 nequaquam,

189 707 332 777 quod
378 706 542 774 vulgo
594 719 922 775 persuasum
975 715 1127 771 erat,
1178 705 1444 761 stationes
1495 703 1764 760 Dominici

190 794 435 864 corporis
482 793 872 850 communione
902 795 1152 860 dissolvi,
1195 796 1457 865 quoniam
1499 796 1766 866 quidquid

191 885 246 938 in
277 884 474 939 castris
506 882 737 946 accidat,
765 882 882 937 sive
909 897 1260 953 prosperum,
1295 883 1413 938 sive
1452 882 1628 945 triste,
1663 884 1767 938 mi-

190 974 367 1028 litaris
422 971 783 1026 nihilominus
847 972 1013 1026 Statio
1080 980 1412 1040 perseverat.
1473 969 1766 1038 Perperam

199 1063 367 1133 igitur
422 1059 722 1115 Rhabanus
786 1060 903 1115 haec
959 1061 1264 1129 posteriora
1316 1080 1331 1116 :
1391 1062 1572 1131 utique
1616 1061 1767 1114 nulla

192 1152 407 1215 laetitia,
455 1152 563 1205 sive
612 1150 856 1215 tristitia,
906 1162 1038 1215 etc.,
1091 1150 1239 1205 velut
1289 1166 1511 1205 causam
1564 1151 1765 1218 attulit,

190 1262 292 1301 cur
315 1245 759 1300 Christianorum
782 1243 946 1298 statio
977 1258 1006 1296 a
1037 1241 1260 1296 militari
1301 1257 1499 1296 nomen
1534 1243 1769 1311 accepis-

191 1348 294 1394 set.
325 1338 446 1405 Quo
475 1337 668 1393 eodem
704 1350 893 1391 errore
921 1335 1197 1391 Pamelius
1235 1335 1303 1390 ad
1332 1336 1424 1390 lib.
1454 1335 1533 1390 De
1569 1352 1768 1390 corona

191 1428 307 1483 mil.
353 1443 473 1498 cap.
532 1427 619 1491 ll,
671 1427 963 1482 stationem
1003 1425 1137 1480 dicit
1191 1441 1288 1496 per
1332 1427 1705 1496 metaphoram
1737 1441 1768 1480 a

193 1519 524 1574 militaribus
563 1517 894 1573 stationibus
946 1518 1236 1586 usurpari;
1272 1518 1408 1586 quod
1449 1517 1683 1587 quandiu
1713 1517 1771 1571 in

192 1612 420 1665 statione
440 1605 634 1664 milites
656 1619 833 1677 erant,
849 1609 1098 1678 jejunare
1130 1608 1251 1662 illos
1275 1609 1544 1677 oportebat
1575 1625 1594 1663 :
1625 1610 1769 1679 quod

193 1718 326 1760 sane
357 1704 647 1758 ridiculum
697 1715 804 1758 est.
834 1703 1024 1773 Neque
1078 1718 1205 1757 vero
1250 1704 1437 1757 tandiu
1489 1701 1771 1758 famelicos

195 1811 319 1852 esse
368 1795 737 1864 praesidiarios
786 1794 911 1849 illos
959 1802 1013 1848 et
1064 1794 1430 1859 excubitores,
1499 1796 1771 1850 exercitus

1866 632 2067 670 nonam
2125 618 2575 672 observabantur.
2613 620 2794 682 Quare
2851 626 3051 670 merito
3099 632 3127 670 a
3157 618 3443 674 catholicis

1866 709 2127 779 castigata
2163 708 2619 763 Montanistarum
2652 707 2745 761 illa
2779 708 2995 762 novitas
3022 718 3126 772 est,
3161 709 3304 779 quod
3332 719 3442 763 sta-

1867 801 2050 854 tiones
2079 808 2134 855 et
2156 800 2365 869 jejunia
2416 799 2562 864 aliis,
2589 814 2753 868 quam
2787 813 2910 867 quae
2935 799 3004 852 ab
3039 798 3279 854 Ecclesia
3316 816 3447 869 pra:-

1868 891 2069 959 scripta
2089 899 2289 956 essent,
2316 891 2651 961 temporibus
2673 891 2742 944 ad
2760 906 3041 960 vestieram
3061 893 3441 946 extenderent:

1869 997 1996 1036 nam
2030 982 2164 1036 feria
2190 991 2383 1050 quarta
2417 992 2680 1052 sextaque
2711 981 2780 1035 ad
2811 996 3010 1037 nonam
3034 983 3301 1037 duntaxat
3324 998 3446 1049 per-

1868 1089 2147 1130 severasse
2189 1075 2243 1129 in
2280 1074 2512 1130 statione
2555 1074 2915 1131 Montanistas
2955 1075 3145 1129 eodem
3184 1076 3274 1129 illo
3306 1076 3445 1130 libro

1869 1180 1990 1237 cap.
2020 1165 2088 1220 40
2121 1165 2347 1221 Tertull.
2377 1166 2580 1221 indicat
2611 1185 2622 1219 :
2653 1164 2775 1220 Non
2811 1168 2963 1237 quasi
2990 1183 3296 1234 respuamus
3345 1184 3444 1220 no-

1871 1275 2016 1322 nam,
2038 1259 2233 1329 inquit,
2257 1259 2342 1312 cui
2367 1270 2414 1312 et
2439 1272 2632 1329 quarta
2657 1257 2901 1324 Sabbati,
2919 1268 2965 1313 et
2990 1268 3138 1312 sexta
3158 1261 3446 1326 plurimum

1871 1350 2164 1420 fungimur.
2196 1349 2486 1420 Propterea
2517 1365 2647 1404 vero
2674 1350 2969 1405 stationum
2997 1348 3204 1419 jejunia
3236 1349 3324 1402 illa
3365 1364 3448 1401 se-

1870 1441 2149 1510 mijejunia
2174 1441 2241 1495 ab
2269 1441 2461 1496 eodem
2495 1451 2717 1496 auctore
2750 1440 3132 1505 nominantur,
3173 1455 3290 1509 cap.
3329 1440 3393 1493 i5
3429 1457 3442 1491 :

1872 1531 2010 1585 Ecce
2044 1533 2182 1587 enim
2213 1531 2324 1603 (ait
2362 1532 2621 1586 adversus
2650 1531 2986 1598 catholicos)
3011 1531 3254 1583 convenio
3282 1546 3367 1582 vos
3397 1537 3447 1582 et

1871 1628 2065 1689 prazter
2117 1618 2324 1673 Pascha
2372 1618 2699 1688 jejunantes,
2734 1621 2870 1673 citra
2917 1619 3040 1673 illos
3079 1621 3212 1685 dies,
3258 1619 3446 1689 quibus

1874 1709 2083 1764 ablatus
2112 1720 2188 1765 est
2211 1726 2470 1780 sponsus;
2500 1720 2546 1764 et
2581 1710 2872 1764 stationum
2911 1709 3246 1780 semijejunia
3280 1712 3446 1763 inter-
3542 1728 3552 1739 -

1874 1812 2141 1872 ponentes.

197 1885 372 1956 ipsius
429 1894 592 1954 atque
620 1885 965 1956 imperatoris
995 1884 1260 1939 interluit.
1292 1883 1395 1940 Sed
1431 1900 1586 1940 neca
1616 1887 1771 1941 statis
1801 1882 1846 1938 Β
1947 1890 2052 1948 sed
2118 1891 2548 1947 obscurissimos
2607 1898 2690 1946 est
2751 1890 2943 1946 iisdem
3004 1892 3071 1946 de
3121 1891 3449 1946 stationibus

196 1977 537 2048 temporibus
599 1978 864 2032 stationes
910 1978 1203 2030 nominata
1248 1976 1519 2040 videntur,
1564 1975 1659 2031 sed
1702 1975 1771 2029 ab

195 2070 315 2141 ipsa
350 2069 664 2135 assistendi,
706 2070 809 2124 hoc
849 2076 932 2124 est
971 2067 1330 2122 conveniendi
1365 2066 1768 2121 commorandi-

193 2174 303 2230 que
356 2158 674 2224 iunctione;
730 2160 875 2229 quod
938 2159 1081 2213 ultra
1146 2158 1448 2227 legitimum
1492 2172 1772 2227 synaxeon

194 2262 430 2321 tempus,
480 2252 733 2306 videlicet
765 2251 1118 2315 matutinum,
1149 2250 1394 2305 divinum
1429 2248 1665 2305 ofﬁciunt
1703 2249 1771 2304 ad

192 2359 397 2399 nonam
441 2360 615 2414 usque
664 2347 1053 2415 producerent,
1104 2352 1158 2398 et
1189 2343 1560 2398 diuturniores
1596 2343 1649 2397 in
1677 2358 1772 2397 ec-

193 2435 356 2491 clesia
391 2450 573 2490 moras
614 2444 855 2506 agerent.
902 2435 1059 2505 Apud
1102 2434 1434 2506 Cyprianum
1478 2433 1640 2503 epiSt.
1677 2432 1770 2499 41,

191 2527 276 2582 Ad
320 2526 624 2582 Cornelium
655 2526 1125 2598 papam,stationis
1156 2541 1354 2582 nomen
1398 2534 1507 2579 tam
1541 2526 1607 2580 de
1643 2540 1776 2580 con-

193 2628 357 2677 ventu
391 2619 533 2690 ipso,
571 2636 736 2690 quam
767 2620 833 2675 de
864 2633 1107 2689 tempore
1149 2635 1214 2675 ac
1255 2619 1342 2675 die
1388 2628 1566 2689 potest
1610 2619 1771 2673 intel-

193 2711 319 2783 ligi;
353 2726 476 2766 cum
515 2712 583 2766 de
622 2709 915 2767 Novatiani
963 2712 1158 2783 legatis
1200 2711 1253 2766 in
1305 2710 1545 2765 Africam
1591 2710 1774 2765 missis

196 2819 364 2875 agens
399 2822 412 2858 :
443 2804 550 2869 Qui
579 2821 696 2858 cum
727 2807 780 2859 in
807 2806 1058 2871 statione,
1096 2806 1295 2876 inquit,
1333 2804 1608 2859 inuidiosis
1641 2820 1774 2874 quo-

198 2912 294 2966 que
347 2898 595 2951 conviciis
667 2908 717 2951 et
781 2898 1102 2952 clamoribus
1165 2898 1480 2953 turbulentis
1552 2914 1775 2968 prorue—

198 2997 342 3053 rant,
377 2997 483 3044 etc.

266 3080 635 3146 Quamobrem
672 3080 936 3136 stationes
966 3096 1075 3134 non
1106 3079 1314 3150 jejunia
1354 3097 1470 3151 ipsa
1503 3092 1650 3147 sunt,
1680 3082 1774 3136 sed

197 3187 323 3227 cum
352 3171 578 3243 jejuniis
604 3171 920 3240 conjuncta.
953 3170 1278 3242 Quanquam
1303 3172 1504 3242 duplex
1537 3174 1778 3244 jejunio-

197 3279 320 3317 rum
348 3278 519 3333 genus
549 3264 692 3332 apud
719 3263 978 3333 antiquos
1007 3262 1107 3317 luit
1142 3284 1153 3318 :
1187 3280 1312 3318 nam
1347 3265 1493 3319 aliud
1539 3266 1778 3336 exquisi-

198 3357 310 3411 tius
339 3364 476 3420 erat,
509 3355 653 3426 quod
681 3355 918 3426 longius,
957 3356 1059 3410 hoc
1083 3365 1168 3412 est
1191 3357 1258 3411 ad
1283 3373 1567 3427 vesperam
1603 3374 1779 3427 usque

197 3447 618 3517 prorogabatur,
654 3446 735 3501 uti
787 3447 1261 3517 quadragesimale
1300 3448 1593 3517 jejunium.
1651 3447 1781 3518 Epi-

197 3539 434 3611 phanius
481 3539 625 3593 enim
673 3535 840 3603 infra,
870 3537 1057 3592 eodem
1106 3538 1212 3592 isto
1264 3553 1779 3609 numero,synaxcs

199 3629 719 3702 quadragesimales,
751 3629 818 3683 ab
844 3630 979 3684 hora
1009 3644 1151 3683 nona
1191 3629 1258 3683 ad
1294 3644 1576 3698 vesperam
1605 3644 1781 3698 usque

201 3724 467 3780 celebrati
503 3723 663 3778 docet
691 3739 706 3775 :
739 3728 866 3776 ante
886 3735 1026 3791 quas
1053 3735 1285 3791 synaxes
1308 3720 1517 3790 jejunia
1556 3721 1781 3774 minime

201 3815 577 3872 solvebantur.
602 3814 762 3868 Aliud
797 3820 914 3869 erat
934 3812 1098 3882 paulo
1123 3812 1409 3868 remissius
1440 3827 1504 3866 ac
1536 3812 1778 3880 brevius,

200 3908 347 3978 quod
375 3906 444 3962 ad
480 3922 678 3963 nonam
707 3906 972 3961 duntaxat
998 3903 1395 3975 produceretur
1420 3924 1435 3960 :
1469 3905 1781 3975 cujusmudi

202 4001 353 4055 feria:
409 4008 619 4070 quartae
674 4007 949 4067 sextaeque
993 3998 1263 4067 jejunium
1312 3998 1587 4053 exstitisse
1636 3998 1779 4052 idem

203 4090 540 4162 Epiphanius
578 4090 812 4146 asserit:
845 4089 1075 4158 Τετράδι
1094 4089 1174 4152 δὲ,
1201 4089 1296 4142 καὶ
1320 4089 1377 4142 ὲν
1408 4088 1773 4160 πῳσαὸὅάτῳ

202 4188 262 4241 ἒν
297 4185 516 4257 νηστείᾳ
547 4184 653 4247 ἕως
689 4181 839 4255 ὥρας
869 4180 1086 4252 ἐνάτης.
1129 4178 1268 4235 Hinc
1296 4188 1401 4243 est,
1438 4181 1602 4250 quod,
1631 4189 1690 4234 ut
1713 4195 1781 4235 ex

207 4275 549 4331 Tertulliano
581 4274 942 4343 conspicuum
969 4281 1075 4335 est,
1108 4271 1372 4328 stationes
1394 4287 1500 4325 non
1529 4272 1669 4326 ultra
1690 4287 1783 4326 no-

203 4382 331 4421 nam
357 4364 799 4423 extenderentur.
831 4364 953 4431 Quo
987 4363 1217 4418 nomine”
1245 4378 1276 4417 a
1303 4363 1611 4427 catholicis,
1641 4378 1782 4432 quos

202 4454 501 4527 Psychicos
524 4455 778 4525 appellat,
805 4453 1146 4510 Montanistae
1164 4453 1485 4523 reprehensi
1513 4462 1659 4516 sunt,
1680 4468 1780 4523 pro

1873 1991 2087 2054 quartas
2138 1990 2414 2053 sextusque
2459 1980 2608 2035 feria:
2640 1979 2955 2035 Tertulliani
2988 1980 3142 2036 locus
3179 1996 3299 2050 cap.
3336 1980 3398 2033 14
3434 1998 3446 2033 :

1873 2073 1983 2130 Cur
2012 2073 2349 2138 stationibus,
2384 2074 2579 2141 inquit,
2625 2082 2871 2142 quartam
2916 2081 2963 2125 et
2990 2081 3191 2126 sextam
3228 2071 3449 2126 Sabbati

1873 2167 2140 2232 dicamus,
2186 2174 2237 2219 et
2283 2165 2501 2236 jejuniis
2548 2163 2916 2217 Parasceuen?
2960 2162 3095 2218 Nam
3152 2163 3451 2219 Parasccve

1872 2258 2004 2331 quid
2033 2258 2179 2313 aliud
2207 2264 2292 2313 est
2323 2272 2489 2327 quam
2523 2266 2672 2312 sexta
2702 2254 2959 2311 Sabbati?
2998 2255 3267 2311 Praeterea
3308 2256 3452 2325 jeju-

1873 2352 2026 2407 nium
2064 2349 2366 2405 Parasceve
2418 2349 2521 2404 soli
2581 2349 2790 2413 tribuit,
2840 2349 2996 2418 quasi
3050 2364 3157 2402 non
3207 2358 3257 2404 et
3316 2349 3451 2403 feria

1873 2452 2068 2515 quarta
2100 2451 2159 2498 ut
2186 2443 2372 2506 statio,
2403 2441 2475 2495 ita
2496 2440 2770 2511 jejunium
2802 2441 3045 2497 solemne
3075 2440 3256 2493 fuerit.
3279 2438 3452 2510 llujus

1873 2535 1927 2589 in
1982 2534 2088 2589 loci
2141 2533 2585 2603 interpretatione
2653 2533 2853 2585 mirum
2912 2531 3041 2601 quid
3104 2529 3344 2584 Pamelio
3394 2530 3451 2584 in

1875 2636 2113 2682 mentem
2166 2624 2396 2689 venerit,
2450 2639 2573 2679 cum
2629 2621 2969 2677 Parasceven
3025 2636 3056 2676 a
3113 2620 3452 2675 Tertulliano

1872 2734 2017 2775 nove
2068 2717 2367 2772 Sabbatum
2417 2716 2677 2787 appellari
2721 2715 2971 2769 credidit.
3024 2712 3329 2779 Stationes,
3368 2712 3452 2765 in-

1873 2812 2013 2882 quit,
2052 2808 2283 2880 appellat
2311 2819 2517 2879 quarta:
2561 2817 2610 2860 et
2651 2816 2815 2860 δαείω
2860 2805 3008 2874 ferite
3050 2804 3277 2873 jejunia,
3313 2803 3451 2873 quod

1874 2913 2074 2959 statuta
2108 2911 2277 2957 essent
2312 2901 2420 2955 illis
2443 2900 2624 2954 diebus
2643 2899 2874 2968 jejunia,
2906 2914 3008 2951 non
3032 2899 3154 2950 item
3182 2897 3269 2949 die
3290 2894 3454 2948 Para-

1875 3011 2063 3057 sceves,
2090 3010 2207 3065 quae
2246 3001 2397 3047 erant
2441 2991 2763 3046 uoluntaria.
2794 2988 2861 3041 Et
2893 3002 3120 3041 numero
3146 2995 3406 3055 sequente
3435 3003 3449 3039 :

1876 3090 2203 3143 Parasceven
2265 3086 2342 3140 ait
2378 3100 2489 3139 esse
2531 3082 2827 3138 Sabbatum
2855 3118 2871 3145 ,
2931 3080 3068 3150 quod
3117 3078 3453 3132 Dominicam

1878 3181 2210 3251 praecederet.
2242 3178 2358 3245 Quo
2388 3179 2473 3230 die
2499 3175 2767 3247 jejunium
2791 3190 2885 3244 pro
2905 3173 3155 3242 cujusque
3184 3171 3452 3224 voluntate

1878 3282 2142 3327 servatum
2171 3282 2270 3325 est.
2302 3267 2448 3323 Nihil
2482 3276 2575 3323 aut
2601 3266 2915 3328 absurdius,
2959 3274 3051 3319 aut
3081 3264 3225 3332 quod
3258 3278 3288 3317 a
3318 3260 3444 3315 Ter-

1879 3364 2090 3418 tulliani
2144 3370 2329 3417 mente
2383 3360 2558 3431 magis
2609 3359 2964 3420 abhorreret,
3019 3353 3200 3408 aﬂ‘erri
3250 3354 3449 3422 potuit.

1880 3454 2112 3510 Tantum
2142 3454 2289 3509 enim
2338 3451 2509 3516 abest,
2541 3458 2600 3504 ut
2636 3447 3003 3503 Tertullianus
3044 3444 3341 3499 Sabbatum
3369 3442 3454 3512 je-

1873 3548 2044 3619 juniis
2089 3546 2327 3601 dicatum
2356 3558 2476 3599 esse
2505 3539 2954 3612 pronuntiaverit,
2989 3545 3049 3591 ut
3078 3536 3145 3591 de
3177 3551 3243 3589 eo
3268 3535 3451 3590 statim

1878 3642 1981 3697 ista
2009 3639 2268 3709 subjiciat
2301 3655 2314 3691 :
2351 3635 2669 3705 Quanquam
2709 3647 2797 3686 vos
2842 3631 3003 3683 etiam
3046 3626 3358 3691 Sabbatum,
3404 3627 3454 3680 si

1877 3732 2108 3804 quando,
2141 3728 2483 3794 continuatis,
2526 3740 2792 3795 nunquam
2835 3723 2940 3776 nisi
2982 3722 3036 3775 in
3064 3718 3275 3774 Pascha
3310 3719 3456 3789 jeju-

1879 3824 2135 3885 nandum,
2162 3821 2448 3874 secundum
2478 3818 2739 3871 rationem
2765 3814 2895 3868 alibi
2929 3812 3208 3866 redditam.
3237 3809 3292 3865 Si
3317 3827 3456 3864 nun-

1879 3930 2043 3985 quam
2070 3912 2310 3967 Sabbato
2335 3907 2715 3981 jejunandum,
2751 3920 2862 3961 uno
2891 3903 3163 3958 duntaxat
3203 3909 3450 3970 excepto,

1880 4006 2158 4077 quomodo
2188 4005 2427 4059 dicatum
2453 4017 2483 4057 a
2521 4000 2663 4066 suis,
2696 3998 2919 4069 perinde
2946 4012 3009 4050 ac
3036 3995 3339 4058 catholicis,
3366 3994 3453 4063 je-

1876 4100 2035 4170 junio
2062 4097 2358 4152 Sabbatum
2382 4092 2753 4149 Tertullianus
2775 4091 2957 4146 dicere
2986 4087 3201 4158 potuit?
3221 4086 3455 4141 Aliunde

1881 4193 2048 4262 igitur
2078 4189 2366 4259 quaerenda
2406 4195 2490 4241 est
2533 4184 2640 4240 loci
2679 4183 2828 4238 illius
2874 4182 3183 4251 explicatio.
3214 4179 3346 4247 Quae
3383 4194 3454 4233 an

1882 4281 2150 4354 ejusmodi
2178 4278 2351 4349 possit
2373 4291 2514 4337 esse,
2561 4273 3018 4330 considerandum
3045 4279 3130 4325 est
3153 4287 3167 4325 :
3192 4268 3453 4323 nimirum

1883 4371 2205 4427 Tertulliani
2236 4378 2497 4438 tempore,
2526 4380 2651 4421 cum
2702 4363 2963 4419 stationes
3008 4359 3140 4415 feria
3172 4366 3367 4429 quarta
3398 4363 3455 4412 et

1883 4473 2035 4521 sexta
2064 4463 2272 4522 tierent.
2307 4460 2480 4513 ambas
2505 4457 2723 4528 quidem
2747 4454 2816 4509 ad
2844 4468 3043 4509 nonam
3073 4451 3338 4506 duntaxat
3361 4449 3455 4502 ho-

204 4562 271 4602 eo
323 4546 472 4618 quod
524 4548 792 4602 stationes
844 4561 974 4603 suas
1023 4545 1089 4600 ad
1139 4559 1422 4615 vesperam
1454 4546 1776 4614 proferrent.
1811 4582 1856 4639 Ι)
1884 4571 1999 4612 ram
2032 4561 2333 4624 prorogata;
2377 4557 2534 4616 sunt;
2572 4547 2666 4602 sed
2716 4545 2848 4600 feria
2889 4551 3083 4613 quarta
3117 4539 3300 4595 statim
3329 4546 3455 4608 post

204 4637 528 4695 Tertulliani
556 4639 717 4693 verba
755 4646 885 4692 sunt
907 4637 999 4691 lib.
1019 4636 1093 4690 De
1104 4635 1327 4706 jejuniis
1352 4647 1538 4691 contra
1562 4636 1778 4706 Psych.:

206 4728 383 4799 Ai'que
410 4730 667 4784 stationes
701 4738 933 4791 nostras,
963 4738 1021 4781 ut
1051 4728 1333 4797 indignas;
1377 4726 1637 4789 quasdam
1665 4743 1781 4780 vero

206 4830 255 4874 et
277 4822 333 4875 in
348 4838 521 4875 serum
538 4821 853 4875 constitutas
877 4819 1126 4873 novitatis
1144 4819 1353 4873 nomine
1378 4818 1625 4872 incusant
1646 4832 1664 4870 :
1688 4818 1784 4870 hoc

207 4929 409 4984 quoque
434 4929 624 4967 manus
648 4923 695 4966 et
717 4927 783 4966 ea:
813 4912 1037 4965 arbitrio
1062 4912 1357 4965 obeundum
1393 4926 1504 4964 esse
1531 4910 1782 4974 dicentes,

207 5014 257 5060 et
281 5021 384 5058 non
408 5004 555 5058 ultra
584 5019 780 5058 nonam
806 5003 1166 5067 detinentium,
1185 5002 1249 5055 de
1277 5017 1373 5056 suo
1395 5000 1595 5055 scilicet
1618 5017 1780 5054 mare.

208 5094 411 5149 Ibidem
442 5103 700 5165 praeterea
737 5113 751 5149 :
784 5095 1026 5165 Arguunt
1057 5110 1150 5148 nos
1183 5094 1322 5164 quod
1337 5093 1547 5163 jejunia
1568 5095 1785 5163 propria

209 5189 591 5254 custodiamus,
633 5188 771 5259 quod
805 5189 1057 5242 stationes
1078 5188 1385 5261 plerumque
1423 5187 1478 5241 in
1520 5203 1785 5253 vesperam

209 5280 581 5351 producamus.
628 5279 750 5348 Quo
801 5281 856 5336 in
906 5282 1028 5336 loco
1060 5296 1170 5335 non
1199 5279 1388 5335 leviter
1421 5278 1786 5334 hallucinatus

209 5381 296 5428 est
338 5371 652 5438 Pamelius,
704 5372 834 5428 dum
882 5369 1276 5427 Tertullianum
1307 5385 1403 5440 per
1452 5371 1783 5425 calumniam

213 5466 329 5519 base
378 5464 435 5519 in
482 5465 816 5519 orthodoxos
862 5463 1046 5534 jacere
1084 5462 1294 5527 scribit,
1328 5461 1475 5532 quod
1519 5467 1784 5531 negarent

212 5557 498 5621 stationes,
536 5557 642 5613 hoc
668 5567 752 5613 est
772 5556 982 5629 jejunia
1013 5556 1154 5612 ultra
1180 5571 1381 5610 nonam
1412 5554 1782 5626 propaganda,

212 5663 362 5713 cum,
393 5658 452 5703 ut
480 5664 545 5703 ex
579 5649 808 5705 inﬁnitis
835 5657 1075 5704 veterum
1102 5647 1433 5702 testimoniis
1457 5653 1693 5711 constat,
1716 5643 1783 5699 ad

212 5741 361 5823 solis.
418 5756 675 5796 occasum
745 5756 917 5811 usque
974 5739 1182 5810 jejunia
1235 5737 1614 5808 produxerim.
1677 5735 1784 5790 Sed

212 5833 358 5888 aliud
386 5833 638 5889 videlicet
658 5833 821 5889 statio
840 5841 943 5898 est,
972 5846 1137 5903 quam
1159 5830 1457 5902 jejunium;
1486 5839 1539 5887 et
1566 5827 1775 5900 jejunia

1884 4645 2140 4701 stationis
2164 4643 2369 4699 exitum
2396 4641 2700 4708 horamque
2724 4650 2923 4690 nonam
2943 4632 3210 4704 jejunium
3242 4631 3454 4687 solvere

1885 4738 2088 4793 licitum
2119 4735 2251 4790 fuit:
2283 4743 2434 4788 sexta
2454 4744 2585 4785 vero
2616 4728 2772 4795 feria,
2795 4727 3006 4797 expleto
3036 4723 3288 4781 stationis
3316 4732 3455 4777 tem-

1883 4842 2035 4898 pore,
2076 4841 2184 4879 non
2220 4823 2405 4879 statim
2450 4819 2535 4876 fas
2565 4828 2683 4875 erat
2714 4817 2880 4879 vesci,
2925 4815 3018 4871 sed
3064 4814 3132 4869 ad
3169 4827 3452 4883 vesperam

1883 4925 2095 4971 tantum
2130 4931 2143 4968 :
2174 4913 2317 4968 unde
2365 4911 2501 4966 feria
2546 4919 2737 4981 quarta
2762 4906 3187 4978 semijejunium,
3222 4913 3284 4959 ut
3315 4901 3453 4958 Ter-

1884 5007 2146 5062 tullianus
2198 5011 2375 5066 vocat,
2410 5002 2756 5057 observatum
2805 5007 2907 5063 est,
2948 5006 3098 5052 sexta
3161 4994 3451 5066 jejunium.

1884 5098 1965 5153 Ita
2002 5096 2280 5151 nonnullis
2309 5099 2364 5149 in
2392 5092 2550 5158 locis,
2579 5099 2640 5145 ut
2679 5089 2843 5160 paulo
2884 5098 3006 5158 post
3046 5094 3274 5140 testatur
3325 5083 3456 5154 Epi-

1885 5193 2144 5263 phanius,
2175 5190 2306 5245 feria
2335 5188 2524 5260 quinta
2555 5185 2780 5256 majoris
2805 5180 3156 5237 hebdomadas
3184 5194 3309 5234 cum
3345 5186 3458 5234 sta-

1886 5286 2066 5340 tiones
2109 5290 2165 5338 et
2204 5295 2439 5353 synaxes
2461 5277 2528 5332 ad
2554 5276 2746 5331 horam
2788 5287 2989 5327 nonam
3031 5270 3454 5333 celebrarentur,

1886 5391 1994 5432 non
2045 5382 2230 5429 tamen
2276 5370 2509 5427 subinde
2557 5366 2767 5438 jejunia
2818 5363 3190 5419 solvebantur.
3228 5359 3293 5413 Et
3329 5374 3458 5413 vero

1887 5467 2122 5522 arctiore
2158 5463 2370 5535 jejunio
2420 5475 2486 5517 ac
2536 5459 2880 5515 diuturniore
2926 5453 3104 5508 inedia
3133 5449 3455 5506 celebranda

1886 5558 2004 5616 dies
2054 5557 2146 5612 illa
2185 5555 2385 5618 fuerat,
2415 5567 2537 5624 quae
2577 5549 2875 5606 Dominicae
2904 5544 3153 5601 Passioni
3188 5542 3461 5613 praecipue

1887 5659 2262 5706 consecratur.
2282 5629 2547 5716 Equidem
2572 5659 2683 5697 non
2710 5642 2868 5697 video
2891 5639 3020 5709 quid
3058 5637 3125 5692 de
3142 5631 3460 5689 Tertulliani

1887 5743 2008 5796 loco
2042 5741 2135 5795 illo
2164 5739 2270 5793 uici
2299 5735 2636 5808 probabilius
2665 5733 2858 5804 possit.
2891 5729 3010 5785 Jam
3044 5744 3172 5783 vero
3209 5741 3305 5795 per
3336 5723 3458 5779 illos

1891 5832 2186 5891 stationum
2223 5830 2363 5897 dies,
2389 5844 2510 5901 quae
2541 5843 2668 5884 cum
2705 5825 2915 5898 jejunio
2940 5821 3246 5893 conjuncta:
3274 5823 3457 5883 erant,
