4054 6404
600 389 735 445 H91

1732 384 2073 441 APPENDIX
2118 380 2744 439 DISSERTATIONUM.

3716 381 3865 435 1092

592 518 782 563 contra
813 513 976 575 atque
1006 504 1060 560 in
1092 504 1634 576 majorihusjejuniis
1661 503 1917 573 usurpari
1947 515 2173 557 consue-

2277 509 2432 554 ralur
2459 518 2470 554 :
2521 498 2590 551 Εἴ
2614 516 2699 563 τις
2740 498 2997 571 κληρικὸς
3026 495 3223 569 εὑρεθῇ
3266 494 3364 567 τὴν
3398 495 3683 567 Κυριακὴν
3714 495 3863 565 ἠμὲ-

594 607 766 663 verat,
792 598 978 652 divina
1016 598 1271 670 mysteria
1326 609 1380 652 et
1427 598 1698 653 sacrilicia
1748 596 2171 666 peragebantur,

591 689 883 746 distributa
911 705 1131 759 quoque
1160 690 1214 744 in
1245 689 1430 744 ﬁdeles
1462 688 1813 744 Eucharistia
1842 704 1855 741 :
1889 700 2054 757 quam
2090 694 2174 739 ta-

593 794 717 833 men
750 794 857 833 non
887 779 1119 834 subinde
1170 780 1223 833 in
1251 794 1314 835 os
1342 780 1543 850 trajici,
1576 780 1669 835 sed
1703 779 1972 834 reservari
2011 790 2177 845 opor-

593 880 706 925 tere
744 869 1112 925 Tcrtullianus
1144 871 1419 935 admonet,
1465 871 1522 926 in
1564 871 1712 927 calce
1744 870 1841 925 Iih.
1888 868 1966 923 De
2010 876 2173 933 orat.,

590 964 767 1018 donec
795 963 1047 1018 absoluta
1072 963 1143 1019 sit
1168 963 1351 1020 statio.
1385 962 1570 1034 Neque
1604 971 1718 1018 tum
1748 961 2174 1033 praetermissum

590 1056 808 1110 videtur
834 1056 986 1125 pacis
1014 1055 1289 1119 osculum,
1318 1054 1462 1126 quod
1499 1068 1610 1109 uno
1642 1052 1869 1110 Pascha:
1908 1053 1997 1107 die
2031 1068 2178 1108 com-

589 1145 829 1199 muniter
865 1146 933 1199 ab
973 1144 1232 1199 omnibus
1265 1145 1536 1200 omissum
1568 1144 1711 1199 idem
1741 1154 1933 1198 auctor
1966 1141 2174 1213 signiti-

588 1247 698 1294 cat.
739 1239 845 1293 Sed
876 1240 945 1293 de
970 1238 1139 1293 variis
1164 1236 1534 1293 Ecclesiarum
1578 1235 1775 1291 ritibus
1797 1234 2023 1290 consule
2052 1249 2175 1305 quae

589 1331 643 1385 in
679 1330 961 1401 superiore
988 1340 1116 1385 nota
1148 1346 1212 1386 ex
1236 1330 1540 1402 Augustino
1565 1336 1621 1385 et
1646 1327 1965 1383 Innocentio
1990 1327 2175 1382 decla-

587 1422 854 1478 ravimus.
887 1420 1051 1475 Plura
1098 1420 1165 1476 de
1200 1421 1303 1476 hoc
1337 1421 1634 1475 stationum
1686 1418 1795 1472 ritu
1839 1416 2176 1487 antiquitatis

588 1514 972 1570 ecclesiasticae
1015 1513 1250 1569 studiosi
1306 1513 1678 1583 pervestigare
1718 1520 2007 1582 poterunt;
2048 1524 2173 1564 cum

587 1616 639 1662 rt
683 1622 784 1662 nos
825 1607 1082 1677 pleraque
1115 1607 1369 1662 consulto
1396 1604 1843 1676 praeterierimus,
1877 1612 2024 1657 utea
2058 1602 2174 1657 sola

586 1700 1102 1769 complecteremur,
1129 1713 1364 1768 quorum
1397 1697 1709 1753 obscuritas
1730 1695 1910 1751 lucem
1933 1695 2173 1765 aliquam

588 1798 787 1843 nostrae
816 1788 1203 1858 disputationis
1233 1789 1494 1858 exigeret.

2282 609 2378 664 ραν
2413 590 2706 661 νηστεύων,
2739 590 2772 661 ἢ
2799 590 2859 644 τὸ
2886 588 3160 644 Σάϐϐατον
3181 587 3343 659 (πλὴν
3376 587 3470 640 τοῦ
3505 586 3621 650 ὲνδς
3645 587 3861 656 μόνου),

2276 683 2674 753 καθαιρείσθω·
2726 684 2775 735 εἰ
2827 681 2885 735 δὲ
2928 681 3150 743 λαῖκὸς,
3194 678 3565 751 ἀφοριζέσθω·
3617 678 3863 733 Clericus

2275 778 2367 847 qui
2407 775 2685 830 Dominico
2726 775 2813 829 die
2837 814 2852 839 ,
2887 772 2966 826 vel
3012 770 3245 827 Sabbato
3299 771 3426 842 (uno
3466 770 3722 823 duntaxat
3768 787 3867 823 ea:-

2276 866 2444 938 cepto)
2491 867 2738 936 jejunare
2774 865 3122 934 deprehensus
3170 866 3271 928 sit,
3319 864 3642 933 deponatur;
3686 863 3862 916 laicus

2275 960 2777 1013 excommunicetur.
2821 957 2941 1011 Non
2972 965 3149 1027 potest
3181 956 3286 1011 hoc
3317 956 3386 1011 ab
3415 956 3677 1026 apostolis
3703 971 3864 1010 com-

2277 1050 2431 1105 muni
2456 1065 2577 1105 esse
2614 1050 2831 1105 decreto
2883 1049 3264 1104 constitutum.
3294 1048 3477 1103 Λιιιεί
3509 1047 3865 1117 Apostolicus

2276 1144 2380 1199 iste
2420 1158 2597 1199 canon
2631 1151 2714 1198 est
2734 1181 2750 1209 ,
2797 1142 2914 1198 haec
2949 1142 3109 1196 verba
3129 1181 3146 1208 ,
3179 1140 3214 1212 ἢ
3265 1140 3327 1195 τὺ
3370 1139 3650 1195 Σάϐϐατον
3670 1181 3686 1205 ,
3714 1140 3867 1213 πλὴν

2274 1234 2370 1289 τοῦ
2414 1236 2532 1300 ἐνὸς
2566 1236 2727 1307 μόνου
2752 1275 2768 1301 ,
2816 1233 2885 1290 ab
2933 1233 3124 1289 otiosis
3164 1232 3426 1288 Grazculis
3456 1234 3663 1287 intexta
3705 1242 3863 1288 sunt.

2275 1328 2386 1384 Nec
2437 1328 2683 1384 melioris
2743 1336 2886 1381 notae
2935 1335 3101 1391 sunt,
3143 1338 3266 1394 quae
3323 1322 3377 1377 in
3417 1324 3602 1393 Apost.
3638 1324 3862 1378 constit.

2276 1423 2526 1493 leguntur
2559 1422 2654 1476 lib.
2696 1436 2769 1475 vn
2788 1462 2802 1486 ,
2827 1436 2948 1492 cap.
2978 1419 3051 1474 24
3070 1461 3084 1485 ,
3114 1419 3205 1474 ubi
3233 1419 3302 1473 τὰ
3324 1417 3577 1473 Σάϐϐατα
3615 1417 3711 1471 καὶ
3756 1418 3866 1482 τὰς

2276 1515 2562 1587 Κυριακὰς
2595 1514 2873 1586 ἑορτάζειν
2893 1512 3159 1583 praecipit.
3190 1510 3345 1579 Quod
3374 1513 3444 1567 ab
3471 1512 3731 1582 apostolis
3760 1511 3866 1567 toti

2276 1608 2537 1665 Ecclesia!
2563 1624 2845 1678 nunquam
2882 1622 3006 1663 esse
3035 1607 3430 1677 praescriptum,
3472 1604 3867 1662 sanctissimo-

2278 1716 2397 1755 rum
2430 1700 2651 1755 Patrum
2700 1713 3005 1755 consensus
3031 1699 3370 1768 approbavit.
3402 1699 3523 1753 Alia
3556 1706 3643 1753 est
3664 1696 3867 1769 Ignatii

2275 1793 2440 1859 ratio,
2468 1792 2561 1862 qui
2601 1792 2665 1847 ad
2701 1789 3077 1861 Philippenscs
3100 1791 3348 1847 scribens
3376 1829 3392 1857 ,
3428 1804 3534 1844 non
3563 1787 3867 1844 universali

658 1882 773 1937 Col.
797 1882 900 1937 888
915 1882 981 1936 A.
996 1882 1140 1950 Λίχα
1147 1882 1342 1952 μόνης
1353 1878 1464 1948 τῆς
1476 1878 1925 1951 Πεντηκοστῆς.
1942 1876 2075 1932 Vide
2088 1875 2173 1931 Ni-

2279 1884 2537 1939 Ecclesirc
2573 1884 2691 1945 iura
2721 1883 3082 1947 constituens,
3103 1884 3263 1952 epist.
3294 1883 3350 1947 4,
3374 1880 3477 1934 ista
3512 1881 3865 1950 pronuntiat:

589 1990 802 2030 catmum
837 1989 1101 2030 canonem
1130 1975 1253 2040 ult.,
1274 1973 1602 2029 Cassianum
1625 1974 1805 2028 collat.
1829 1973 1889 2026 2|
1905 2011 1920 2035 ,
1942 1987 2061 2041 cap.
2084 1972 2170 2025 Η.

659 2068 795 2123 Ibid.
813 2066 874 2121 Β.
896 2067 1112 2121 Οὕτεὲι
1138 2066 1214 2136 τῇ
1237 2067 1427 2137 ἡμέρᾳ
1443 2065 1563 2120 τῶν
1587 2065 1972 2134 Ἐπιφανίων.
1992 2061 2175 2117 Multis

590 2163 755 2232 igitur
784 2162 959 2217 modis
979 2161 1298 2216 admirabile
1325 2170 1408 2217 est
1429 2161 1705 2215 decretum
1730 2158 1859 2213 illud
1886 2156 2174 2228 Theophili

591 2254 945 2311 Alexandrini
1006 2254 1289 2325 episcopi,
1355 2254 1504 2325 quod
1581 2253 1726 2323 apud
1790 2250 2173 2325 Balsamonem

588 2357 768 2403 exstat
814 2363 936 2419 pag.
970 2346 1139 2412 1067,
1190 2347 1246 2401 in
1297 2362 1408 2418 quo
1441 2357 1494 2401 et
1518 2344 1873 2415 Theophania
1911 2344 2174 2416 νήστιμον

588 2438 801 2509 ἡμέραν
831 2453 952 2493 esse
981 2438 1112 2493 dicit
1137 2455 1152 2491 :
1180 2447 1256 2504 et,
1286 2440 1547 2509 quoniam
1596 2438 1689 2492 illo
1718 2452 1862 2493 anno
1903 2436 1955 2490 in
1988 2434 2175 2489 Domi-

588 2531 768 2584 nicam
802 2529 1089 2594 inciderat,
1144 2530 1332 2599 paucis
1364 2530 1741 2584 tantummodo
1771 2528 2000 2599 dactylis
2027 2527 2173 2581 vesci

584 2622 773 2692 jubet,
806 2637 917 2692 quo
971 2623 1040 2676 ab
1075 2622 1344 2677 haereticis
1374 2622 1653 2693 scjunctos
1699 2637 1759 2677 se
1801 2635 1924 2676 esse
1954 2618 2174 2690 proﬁte-

590 2722 803 2780 rentur,
835 2714 928 2783 qui
960 2711 1255 2768 l)ominic.'e
1288 2713 1710 2769 resurrectionis
1756 2713 1901 2767 diem
1937 2727 2044 2765 non
2078 2726 2174 2765 cos

589 2805 795 2871 lerent,
856 2815 910 2860 et
968 2806 1073 2861 hoc
1128 2809 1267 2876 ipso,
1323 2805 1471 2877 quod
1530 2806 1892 2877 vespertinam
1944 2804 2171 2876 synaxin

588 2898 1058 2968 praestolarentur,
1105 2898 1297 2969 jejunii
1359 2897 1609 2969 religioni
1670 2897 2075 2964 satisfacerent;
2110 2910 2175 2950 ac

589 2999 865 3060 postremo
902 3008 1138 3066 synaxes
1177 2990 1246 3045 ab
1278 2989 1413 3045 hora
1463 3004 1608 3044 nona
1635 2988 1986 3044 celebrandas
2034 2988 2175 3043 indi-

592 3081 687 3135 cit.
747 3079 913 3151 Atqui
972 3079 1270 3136 Dominicis
1333 3080 1528 3137 diebus
1598 3095 1831 3151 synaxes
1891 3079 2175 3134 matutinae

593 3188 785 3229 omnes
812 3182 999 3241 erant;
1022 3182 1078 3229 et
1105 3172 1251 3243 quod
1273 3189 1476 3244 paucos
1495 3173 1737 3244 dactylos
1764 3171 1867 3227 sub
1889 3185 2170 3242 vesperam
2202 3205 2246 3265 ρ

589 3264 979 3330 comederent,
1022 3265 1161 3319 nihil
1211 3265 1499 3329 obstabat,
1557 3262 1848 3333 quominus
1903 3263 2174 3334 jejunium

588 3368 738 3412 esset
769 3357 1073 3426 ejusmodi,
1106 3358 1268 3427 quale
1319 3355 1620 3413 Dominicis
1673 3357 1866 3412 diebus
1917 3357 2175 3411 omnibus

592 3443 941 3499 interdictum
977 3443 1150 3501 fuisse
1177 3462 1301 3500 cum
1347 3445 1687 3517 Epiphanius
1729 3446 1832 3501 hoc
1865 3445 2021 3510 loco,
2057 3456 2174 3501 tum

591 3536 685 3589 alii
739 3544 952 3593 veteres
1000 3552 1191 3593 omnes
1241 3537 1527 3594 afﬁrmant.
1580 3539 1847 3593 Czcterum
1892 3539 2034 3594 idem
2085 3540 2175 3595 ille

592 3626 882 3699 Theophili
909 3630 1065 3685 locus
1109 3629 1364 3687 admonet
1394 3649 1407 3685 :
1438 3631 1481 3686 si
1525 3629 1877 3701 Theophania
1908 3632 2074 3687 alium
2117 3632 2173 3687 in

591 3720 755 3784 diem,
790 3735 954 3791 quam
988 3719 1358 3788 Dominicum,
1395 3722 1775 3786 incurrissent,
1804 3724 2171 3795 xerophagiis,

592 3811 697 3866 hoc
725 3819 810 3866 est
836 3826 998 3881 pane,
1032 3828 1156 3867 cum
1189 3813 1301 3869 sale
1328 3823 1382 3869 et
1403 3829 1564 3885 aqua.
1600 3815 1949 3885 transigenda
1983 3814 2169 3873 fuisse.

592 3901 753 3958 Nunc
786 3904 858 3957 ob
885 3904 993 3959 diei
1022 3904 1344 3975 religionem
1380 3921 1586 3976 paucos
1612 3906 1856 3980 dactylos
1878 3909 2169 3964 remissos:

591 4009 732 4064 quos
756 4002 959 4059 tamen,
991 4003 1051 4049 ut
1077 3994 1271 4064 jejunii
1298 3998 1441 4053 ratio
1470 3998 1781 4063 haberetur,
1806 4007 1931 4056 ante
1955 4015 2173 4071 vesper-

596 4082 762 4138 tinam
794 4085 1025 4156 synaxin
1065 4086 1352 4155 degustare
1382 4089 1569 4143 vetuit.

663 4174 799 4231 Ibid.
850 4176 958 4242 Τὰς
997 4176 1068 4228 δὲ
1106 4179 1403 4247 Κυριακὰς
1449 4179 1710 4248 ἁπάσας.
1743 4179 1820 4236 De
1874 4181 2168 4238 Dominicis

593 4268 746 4335 solis,
775 4284 884 4323 non
913 4271 1042 4325 item
1068 4269 1341 4338 Sabbatis,
1376 4274 1671 4341 prudenter
1694 4275 1797 4329 hoc
1828 4275 2080 4344 advertit,
2111 4286 2172 4332 ut

592 4369 649 4415 et
670 4359 873 4431 Gangr.
897 4363 1139 4433 synodus
1166 4377 1289 4418 can.
1316 4365 1384 4419 I8
1408 4365 1473 4420 de
1488 4365 1699 4435 jejunio
1715 4365 2010 4423 Dominicis
2029 4368 2171 4423 dun-

606 4461 758 4507 taxat
788 4452 1097 4520 interdixit;
1127 4469 1233 4509 non
1264 4456 1409 4509 enim
1437 4457 1669 4525 ubique,
1713 4472 1811 4511 nec
1845 4458 1898 4511 in
1925 4466 2036 4513 tota
2067 4458 2171 4514 Ec—

2277 1975 2346 2028 El'
2385 1991 2470 2038 τις
2494 1973 2806 2046 Κυριακὴν,
2846 1973 2879 2043 ἦ
2930 1971 3208 2026 Σάϐϐατον
3255 1971 3526 2042 νηστεύει,
3569 1972 3710 2043 πλὴν
3737 1973 3867 2036 ἑνὸς

2276 2066 2557 2121 Σαϐϐάτου
2585 2106 2600 2130 ,
2645 2061 2802 2129 οὗτος
2843 2064 3236 2137 Χριστοκτόνος
3272 2063 3438 2117 ἐστίν.
3482 2062 3867 2119 Graeculorum

2275 2175 2404 2216 vero
2439 2175 2570 2214 sane
2610 2154 2968 2214 intolerabilis
3004 2168 3091 2213 est
3140 2156 3349 2225 fastus;
3386 2157 3480 2228 qui
3533 2156 3585 2210 in
3627 2158 3871 2227 pseudo-

2276 2251 2485 2321 synodo
2538 2249 2793 2303 Trullaua
2865 2264 2987 2304 can.
3045 2248 3134 2314 55,
3190 2248 3491 2303 Romanam
3553 2248 3867 2305 Ecclesiam

2275 2343 2556 2408 damnant,
2592 2343 2734 2413 quod
2776 2358 2872 2413 per
2900 2342 3384 2413 Quadragesimam
3421 2342 3674 2398 Sabbatis
3712 2343 3871 2412 jeju-

2276 2446 2486 2491 narent.
2521 2436 2687 2506 Atqui
2723 2435 2978 2491 Socrates
3006 2436 3102 2490 lib.
3137 2453 3191 2501 v,
3218 2451 3347 2507 cap.
3376 2434 3468 2501 2‘2,
3509 2433 3697 2489 Romae
3719 2436 3870 2490 scri-

2276 2530 2355 2585 bit
2388 2530 2642 2586 Sabbatis
2684 2531 2736 2585 in
2764 2530 3192 2601 Quadragesima
3234 2530 3537 2601 jejunatum
3568 2545 3679 2584 non
3710 2544 3867 2585 esse.

2278 2622 2383 2679 Sed
2412 2624 2669 2678 nimirum
2700 2623 3063 2678 hallucinatus
3090 2632 3307 2686 est,aut
3336 2624 3403 2677 ad
3423 2638 3609 2678 vocem
3644 2620 3872 2696 Ῥώμῃ,

2275 2715 2635 2786 adjiciendum
2663 2724 2747 2770 est
2768 2714 2865 2785 νέᾳ
2883 2756 2898 2782 ,
2924 2724 2985 2769 ιιι
3011 2714 3138 2768 νέαν
3169 2712 3387 2785 Ῥώμην
3402 2714 3869 2787 Constantinopo-

2276 2810 2368 2864 lim
2406 2809 2658 2879 appellet.
2704 2805 2841 2861 Nam
2878 2806 3111 2862 subinde
3144 2806 3311 2862 refert
3354 2808 3462 2860 πᾶν
3495 2807 3774 2861 Σάϐϐατον
3803 2811 3870 2862 ὲν

2285 2896 2472 2970 Ῥώμῃ
2501 2896 2875 2969 νηστεύεσοαι.
2901 2895 2977 2952 De
3015 2896 3238 2953 Sabbati
3265 2898 3473 2968 jejunio
3501 2907 3718 2954 exstant
3753 2897 3869 2955 Oc-
3897 2930 3902 2933 -

2275 2990 2629 3046 cidentalium
2662 2990 2997 3059 synodorum
3030 3004 3301 3055 canones,
3339 3001 3397 3045 ut
3438 2990 3758 3047 Eliberitani
3794 2992 3869 3048 26

2274 3089 2330 3136 et
2360 3080 2557 3151 Agath.
2591 3078 2681 3146 12,
2741 3094 2954 3135 necnon
2994 3088 3048 3134 et
3092 3078 3392 3135 Innocentii
3422 3081 3582 3151 primi
3612 3082 3779 3151 epist.
3826 3100 3867 3147 ι,

2276 3192 2396 3248 cap.
2437 3177 2492 3233 4.
2533 3176 2706 3243 Quem
2758 3177 2975 3247 quidem
3016 3176 3247 3233 ridicule
3288 3177 3584 3232 admodum
3617 3177 3868 3249 Scaliger

2276 3268 2374 3326 lib.
2404 3284 2482 3323 vn
2520 3268 2592 3325 De
2621 3269 2825 3323 emend.
2877 3276 3013 3338 temp
3068 3285 3191 3341 pag.
3223 3268 3320 3324 6H
3348 3311 3362 3334 ,
3395 3271 3583 3325 scribit
3616 3271 3870 3340 primum

2273 3364 2521 3418 omnium
2552 3361 2857 3417 instituisse
2881 3402 2896 3426 ,
2932 3373 2993 3417 ut
3025 3361 3264 3418 Sabbato
3289 3363 3652 3433 jejunaretur.
3684 3362 3869 3429 Quasi

2272 3469 2403 3510 vero
2435 3462 2585 3509 tanto
2615 3463 2743 3509 ante
2774 3453 3151 3508 Innocentium
3193 3469 3302 3509 non
3329 3455 3460 3510 illud
3483 3455 3872 3513 Occidentales

2273 3547 2686 3612 consuetudine,
2723 3562 2846 3617 quae
2879 3547 3055 3601 tacitae
3090 3547 3227 3617 legis
3263 3547 3439 3602 instar
3468 3558 3633 3614 esset,
3670 3549 3871 3604 obser-

2271 3638 2537 3695 vaverint.
2562 3636 2749 3709 Neque
2798 3653 2927 3693 vero
2973 3639 3321 3694 Innocentius
3351 3649 3461 3695 tam
3509 3641 3579 3695 de
3632 3640 3869 3696 Sabbati

2267 3729 2480 3800 jejunio
2504 3730 2790 3801 praecepit,
2823 3747 2987 3801 quam
3018 3746 3215 3787 causas
3249 3732 3452 3798 attulit,
3485 3747 3584 3788 cur
3613 3730 3870 3789 Sabbato

2267 3823 2627 3893 jejunandum
2680 3823 2952 3879 videatur.
2994 3825 3075 3879 Ad
3130 3834 3431 3880 extremum
3458 3864 3473 3888 ,
3515 3827 3585 3881 de
3633 3824 3868 3882 Sabbati

2276 3913 2536 3983 religione
2596 3916 2737 3967 inter
2788 3914 3247 3984 pseudodiataxes
3294 3914 3627 3985 apostolicas
3678 3927 3872 3972 exstat

2272 4003 2417 4058 Petri
2447 4019 2512 4059 ac
2539 4002 2692 4059 Pauli
2745 4006 2966 4060 nomine
2993 4005 3138 4060 edita
3190 4006 3404 4061 sanctio
3439 4005 3534 4059 lib.
3570 4021 3691 4070 vtu,
3733 4022 3867 4077 cap.

2272 4097 2374 4151 '55:
2411 4096 2479 4151 Ut
2507 4114 2566 4151 eo
2589 4097 2673 4150 die
2702 4114 2763 4150 ac
2790 4096 3066 4151 Dominico
3091 4097 3223 4151 servi
3251 4097 3315 4151 ab
3341 4114 3493 4166 opere
3523 4098 3705 4167 feriati
3729 4100 3867 4152 sint.

2284 4187 2738 4258 Ἐργαζέσθωσαν
2760 4188 2810 4241 οἱ
2838 4187 3012 4241 δοῦλοι
3034 4187 3193 4240 πέντε
3232 4187 3468 4259 ἡμέρας,
3503 4188 3785 4241 Σάϐϐατον
3807 4190 3870 4242 δὲ

2272 4282 2368 4335 καὶ
2406 4281 2690 4352 Κυριακὴν
2739 4279 3149 4352 σχολαζέτωσαν
3194 4283 3254 4334 ὲν
3306 4285 3373 4353 τῇ
3427 4282 3727 4354 Ἐκκλησία
3774 4284 3873 4338 διὰ

2270 4374 2371 4446 τὴν
2411 4374 2759 4428 διδασκαλίαν
2785 4376 2883 4446 τῆς
2932 4374 3236 4438 εὐσεϐείας.
3267 4372 3383 4430 Hoc
3413 4390 3543 4429 vero
3576 4391 3869 4445 nunquam

2273 4470 2342 4523 ab
2372 4468 2635 4537 apostolis
2667 4483 2916 4523 manasse
2940 4468 3217 4522 decretum
3243 4476 3468 4536 apparet
3491 4482 3559 4521 ex
3590 4482 3678 4529 eo,
3711 4470 3868 4537 quod

595 4542 762 4597 Clesm
789 4540 1084 4598 sabbalum
1112 4544 1305 4614 ieiunii
1349 4561 1541 4616 ειρθτε
1584 4546 1705 4602 ίυίιι
1735 4546 1846 4603 Nec
1889 4548 2173 4620 ignorabat
2201 4557 2247 4614 D
2276 4561 2609 4617 Laodicense
2637 4564 2834 4617 concil.
2886 4577 3010 4616 can.
3065 4561 3135 4616 29
3184 4562 3388 4617 diserte
3417 4570 3569 4616 vetat
3617 4562 3871 4618 Sabbato

597 4635 933 4705 Epiphanius
955 4637 1111 4691 aliter
1137 4636 1324 4692 Roma:
1374 4647 1429 4692 et
1474 4639 1527 4693 in
1558 4640 1832 4710 plerisque
1857 4640 2170 4698 Occidentis

592 4730 926 4800 regionibus,
962 4744 1125 4799 quam
1163 4729 1217 4782 in
1260 4727 1481 4785 Oriente
1511 4733 1763 4800 usurpari
1796 4735 2167 4789 consuevisse.

593 4821 806 4877 Etenim
838 4819 1094 4886 Romani,
1117 4821 1263 4891 quod
1292 4822 1548 4877 Socrates
1572 4822 1663 4876 lib.
1691 4839 1743 4883 ν.
1785 4839 1904 4893 cap.
1933 4824 2004 4877 ‘29.
2034 4825 2173 4881 scri-

592 4915 707 4980 bit,
744 4916 853 4968 πᾶν
883 4914 1161 4968 Σάϐϐατον
1210 4915 1550 4986 νηστεύουσι.
1604 4916 1679 4971 De
1731 4932 1840 4986 quo
1894 4916 2173 4974 fusissime

594 5006 837 5076 disputat
864 5006 1097 5075 August.
1129 5005 1289 5075 epist.
1331 5003 1400 5059 86
1436 5015 1491 5060 et
1522 5006 1682 5075 epist.
1716 5006 1817 5060 H8
1843 5046 1857 5069 ,
1890 5016 1943 5061 et
1972 5008 2025 5060 in
2055 5007 2169 5060 An-

594 5098 806 5154 nalibus
857 5096 1126 5153 Baronius
1171 5097 1238 5151 ad
1288 5112 1379 5152 an.
1415 5097 1506 5154 58.
1547 5098 1724 5164 Quare
1779 5100 1925 5152 nulla
1969 5108 2053 5154 est
2102 5099 2171 5154 ab

594 5190 860 5260 apostolis
885 5190 1030 5245 edita
1057 5191 1270 5246 sanctio
1290 5231 1306 5256 ,
1336 5206 1441 5259 qua
1468 5190 1736 5261 jejunium
1765 5209 1831 5245 eo
1865 5193 1952 5246 die
1985 5192 2172 5261 prohi-

595 5286 833 5350 beretur,
870 5294 930 5339 ut
978 5284 1317 5355 Augustinus
1364 5285 1561 5339 asserit
1592 5284 1751 5355 epist.
1791 5285 1891 5339 118
1917 5329 1931 5352 ,
1975 5287 2066 5341 tibi
2114 5288 2168 5342 in

592 5376 757 5432 rebus
788 5376 1103 5447 hujusmodi
1129 5384 1289 5447 negat
1316 5375 1612 5446 quidquam
1636 5392 1758 5432 esse
1779 5376 1857 5433 vel
1879 5376 2170 5448 Scriptura:

588 5484 792 5526 sancta:
842 5472 1163 5526 auctoritate
1186 5512 1203 5539 ,
1238 5471 1316 5526 vel
1360 5474 1674 5527 universalia
1717 5471 1966 5529 Ecclesia:
1998 5476 2171 5530 tradi-

591 5566 733 5620 tione
751 5565 1198 5631 determinatum;
1226 5565 1318 5620 sed
1347 5565 1494 5635 ejus,
1526 5567 1579 5620 in
1619 5579 1723 5636 qua
1760 5568 1994 5624 verseris
2016 5609 2032 5635 ,
2063 5567 2169 5623 Ec-

591 5656 772 5712 clesiae
797 5656 1179 5712 consuetudini
1208 5657 1691 5727 obtemperandum
1724 5676 1864 5715 esse.
1902 5658 2021 5727 Qua
2048 5662 2170 5731 qui—

589 5748 714 5804 dem
771 5750 1178 5819 praesctiptione
1233 5759 1492 5821 tanquam
1554 5754 1774 5822 spurius
1836 5761 1890 5807 et
1955 5754 2169 5810 alienus

585 5852 766 5899 eanon
794 5842 882 5897 ille
923 5843 1187 5913 rejicitur,
1214 5844 1307 5914 qui
1341 5844 1483 5902 inter
1522 5846 1854 5916 apostolicos
1883 5845 1951 5903 68
1982 5862 2169 5904 nume-

2275 4654 2486 4708 0tiosos
2525 4668 2646 4707 esse
2686 4652 3051 4708 Christianos.
3107 4652 3231 4707 Ὅτι
3276 4653 3337 4706 οὐ
3375 4651 3457 4705 δεῖ
3495 4652 3871 4725 Χριστιανοὺς

2287 4744 2629 4810 Ἰουδαΐζειν,
2678 4746 2772 4798 καὶ
2819 4746 2876 4799 ἐν
2924 4744 3002 4816 τῷ
3054 4745 3319 4818 Σαϐϐάτῳ
3360 4747 3680 4820 σχολάζειν,
3721 4749 3872 4801 ἀλλὰ

2273 4834 2603 4906 ἐργάζεσθαι
2653 4837 2850 4899 αὐτοὺς
2901 4838 2959 4889 ὲν
3000 4840 3067 4907 τῇ
3104 4839 3242 4908 αὐτῇ
3272 4839 3458 4911 ἡμέρᾳ
3482 4878 3495 4900 .
3532 4839 3631 4910 τὴν
3656 4840 3721 4911 δὴ
3748 4842 3872 4894 Κυ-

2278 4927 2473 4998 ριακὴν
2501 4927 2909 4998 προτιμῶντας,
2941 4928 2994 4981 εἴ
3034 4945 3099 4994 γε
3149 4928 3397 4984 δύναιντο
3436 4929 3721 5002 σχολάζειν
3740 4972 3757 4996 ,
3789 4933 3870 4996 ὡς

2272 5020 2586 5090 Χριστιανοὶ
2613 5035 2625 5047 ⁸
2665 5021 2713 5073 εἰ
2759 5019 2815 5073 δὲ
2846 5019 3118 5091 εὑρεθεῖεν
3186 5021 3505 5078 Ἰονδαῗστιολ⁵
3531 5062 3547 5089 ,
3609 5022 3869 5078 ἔστωσαν

2272 5110 2517 5181 ἀνάθεμα
2545 5114 2696 5184 παρὰ
2723 5111 2963 5183 Χριστῷ.
2991 5112 3291 5171 Dominicis
3319 5114 3503 5185 potius
3524 5129 3692 5185 quam
3718 5114 3870 5170 Sab-

2274 5205 2414 5260 batis
2445 5221 2639 5261 vacare
2666 5205 2850 5276 jubet:
2877 5216 2933 5262 et
2968 5208 3117 5262 addit
3140 5218 3345 5272 tamen,
3376 5208 3424 5263 si
3455 5208 3673 5263 illorum
3703 5222 3866 5262 com-

2273 5296 2438 5351 modo
2472 5298 2588 5352 lieri
2628 5307 2823 5368 potest.
2858 5297 2930 5353 Ut
2968 5300 3215 5354 nondum
3266 5299 3374 5353 illis
3413 5298 3756 5369 temporibus
3793 5301 3869 5353 ab

2272 5391 2422 5455 omni
2447 5406 2610 5460 opere
2640 5389 2865 5447 feriatos
2889 5407 3012 5448 esse
3032 5392 3252 5462 penitus
3280 5391 3640 5447 constitutum
3671 5390 3863 5455 fuerit,

2272 5483 2348 5537 uti
2367 5481 2609 5539 Zonaras
2625 5493 2677 5538 et
2690 5484 2942 5540 Balsamo
2964 5486 3029 5540 ad
3056 5486 3205 5540 illum
3221 5500 3485 5541 canonem
3502 5486 3795 5541 adnatant.

2344 5573 2475 5630 Ibid.
2498 5574 2617 5643 Τὴν
2629 5575 2697 5628 δὲ
2714 5575 3240 5645 Τεσσαρακοστήν.
3255 5577 3335 5632 Ad
3365 5577 3866 5648 quadragesimalis

2270 5663 2463 5734 jejuuii
2518 5666 2967 5722 consuetudinem
3023 5669 3092 5723 ab
3145 5669 3526 5725 haereticorum
3579 5668 3863 5723 calumnia

2273 5756 2660 5810 vindicandum
2736 5758 2969 5828 insignis
3023 5758 3110 5813 hic
3180 5757 3469 5829 Epiphanii
3533 5757 3692 5812 locus
3748 5768 3859 5813 est.

2273 5849 2596 5920 Quanquam
2625 5864 2689 5904 ea
2748 5865 2837 5906 res
2870 5850 3098 5908 inﬁnitis
3131 5852 3479 5922 antiquorum
3518 5849 3742 5905 Patrum
3796 5863 3863 5906 ac
