4054 6404
285 409 425 465 1095

1060 406 1150 462 DE
1184 403 1580 464 VETERIBUS
1610 403 2013 471 QUIBUSDAM
2055 404 2412 461 ECCLESIAE
2452 405 2751 464 RITIBUS.

3416 409 3433 460 l
3447 408 3552 462 094

286 524 645 581 conciliorum
685 523 1013 578 testimoniis
1039 523 1322 593 explorata
1371 523 1514 578 adeo
1560 532 1678 588 est,
1735 523 1868 576 nihil
1899 529 1946 582 Α
1973 522 2059 575 vel
2093 529 2340 576 extremo
2373 523 2496 578 vitae
2539 524 2804 594 periculo,
2833 525 2977 578 vesci
3028 524 3207 578 liceat.
3261 525 3414 595 Apud
3452 523 3554 580 So-

289 628 349 672 ut
377 616 745 685 impudentius
791 617 860 670 ab
895 615 1176 670 hodiernis
1207 615 1479 670 haereticis
1526 615 1739 669 irrideri
1781 630 1870 668 re-

289 709 614 779 pudiarique
652 708 843 765 soleat.
876 707 1114 763 Consule
1143 723 1266 778 quae
1312 708 1366 762 in
1400 709 1611 778 magnis
1648 707 1872 762 Annali-

289 802 413 867 bus,
468 810 633 870 atque
662 801 730 854 ab
758 801 880 855 aliis
905 802 1149 856 studiose
1201 801 1427 856 collecta
1456 809 1616 865 sunt,
1649 801 1742 871 qui
1775 801 1873 854 ad-

288 909 483 948 versus
514 893 795 947 haereticos
826 892 1180 962 scripserunt.
1214 891 1319 946 Sed
1365 893 1502 946 mira
1533 893 1778 962 quaedam
1815 894 1871 946 in

289 983 782 1054 quadragesimalis
809 982 1001 1052 jejunii
1037 983 1300 1053 religione
1326 984 1566 1038 varietas
1592 986 1733 1053 apud
1774 999 1873 1038 an-

292 1079 475 1148 tiquos
500 1076 729 1140 exstitit,
754 1075 823 1130 de
857 1091 965 1145 qua
993 1076 1231 1130 lrenazus
1263 1076 1406 1146 apud
1444 1076 1740 1132 Eusebium
1773 1078 1869 1132 lib.

289 1186 344 1235 ν,
372 1185 494 1239 cap.
526 1169 618 1234 24,
657 1177 713 1223 et
751 1167 1004 1224 Socrates
1044 1167 1138 1222 lib.
1171 1185 1224 1234 v,
1256 1183 1377 1238 cap.
1409 1168 1500 1223 22.
1524 1168 1627 1235 Qui
1654 1170 1871 1238 quidem

290 1262 578 1333 insigniter
607 1261 844 1326 aberrat,
869 1261 998 1316 dum
1027 1258 1213 1316 Roma:
1246 1261 1440 1317 scribit
1469 1269 1582 1316 tres
1610 1261 1877 1338 duntaxat

291 1356 659 1412 hebdomadas
699 1365 825 1414 ante
881 1355 1090 1411 Pascha
1138 1355 1402 1410 continuo
1455 1354 1734 1425 jejunari,
1780 1370 1877 1408 ex-

289 1459 448 1519 cepto
488 1448 728 1503 Sabbato
754 1463 820 1502 ae
842 1447 1146 1502 Dominica.
1171 1446 1326 1513 Quod
1359 1461 1524 1516 supra
1579 1444 1874 1501 refutatum

289 1549 393 1595 est.
445 1539 680 1609 Suhjicit
715 1539 911 1594 deinde
945 1553 1038 1594 sex
1086 1538 1155 1593 ab
1187 1537 1310 1592 aliis
1342 1537 1713 1592 hebdomadas
1751 1545 1878 1591 ante

291 1633 527 1699 Pascha,
577 1633 647 1687 ab
672 1632 794 1686 aliis
831 1640 1033 1701 septem
1056 1670 1071 1696 ,
1115 1630 1328 1701 jejunio
1359 1630 1708 1697 consecrari;
1740 1630 1877 1684 alios

291 1741 360 1778 xv
385 1725 535 1779 solos
565 1724 683 1780 dies
733 1738 832 1794 per
879 1739 952 1778 vu
988 1721 1362 1778 hebdomadas
1392 1722 1746 1792 dispensare:
1782 1722 1876 1791 qui

291 1832 486 1872 omnes
529 1831 688 1871 suum
738 1816 891 1871 illum
933 1815 1144 1870 dierum
1198 1830 1486 1870 numerqu
1536 1832 1874 1886 τεσσαρακο-

1972 623 2174 669 cratem
2227 626 2405 671 tamen
2438 617 2530 670 lib.
2569 634 2621 682 v,
2650 633 2770 686 cap.
2800 616 2890 684 2E2,
2930 617 3016 672 ubi
3053 617 3283 672 diversae
3316 618 3554 687 quadra-

1972 708 2250 778 gesimalis
2292 708 2489 779 jejuuii
2554 711 2980 765 consuetudines
3029 710 3389 780 explicantur,
3441 727 3552 766 non

1974 815 2165 856 omnes
2205 801 2583 870 xerophagiam
2631 801 2980 856 adhibebant.
3017 802 3120 857 Sed
3161 802 3252 856 alii
3312 802 3554 872 piscibus

1975 892 2357 947 tantummodo
2384 936 2398 959 ,
2447 894 2537 947 alii
2586 895 2778 948 avibus
2810 895 3035 963 insuper
3070 897 3380 959 utebantur,
3414 909 3554 964 quos

1974 999 2041 1038 ex
2078 1000 2220 1054 aqua
2264 996 2579 1055 procreatos
2621 987 2846 1056 perinde
2879 1002 2944 1042 ac
2976 988 3154 1056 pisces
3183 987 3394 1059 Moysi-s
3429 1003 3555 1040 nar-

1976 1087 2081 1134 rat.
2117 1078 2222 1132 Alii
2257 1078 2526 1136 fructibus
2553 1082 2781 1150 orisque
2805 1081 3078 1145 contenti;
3117 1080 3207 1134 alii
3235 1096 3373 1149 pane
3400 1079 3551 1146 solo;

1977 1170 2068 1224 alii
2103 1186 2172 1225 ne
2207 1171 2353 1225 hunc
2383 1172 2604 1241 quidem
2643 1173 2746 1227 sibi
2782 1172 3188 1242 permittebant.
3212 1174 3258 1225 A
3291 1173 3586 1227 carnibus»

1975 1263 2194 1333 quidem
2219 1265 2504 1319 universos
2529 1265 2862 1320 abstinuisse
2888 1275 3085 1335 praeter
3111 1276 3335 1322 caeteros
3359 1267 3549 1337 Augu—

1979 1356 2160 1410 stinus
2209 1368 2393 1412 contra
2425 1355 2691 1410 Faustum
2719 1356 2909 1412 scribit
2937 1357 3031 1412 lib.
3066 1373 3193 1411 xxx.
3223 1357 3269 1409 A
3297 1359 3560 1414 carnibus

1979 1457 2034 1503 et
2063 1448 2210 1513 vino,
2244 1449 2529 1518 Chrysost.
2565 1447 2752 1502 homil.
2784 1447 2817 1502 8
2863 1452 2940 1502 De
2962 1450 3143 1519 paruit.
3193 1448 3274 1505 De.
3294 1451 3556 1505 carnibus

1979 1541 2144 1594 etiam
2197 1540 2520 1610 Spiridionis
2560 1541 2702 1611 apud
2736 1539 2954 1598 Sozom.
2989 1542 3218 1597 historia
3267 1543 3560 1598 confirmat

1985 1629 2079 1683 lib.
2113 1644 2170 1695 ι,
2205 1644 2324 1699 cap.
2363 1628 2425 1682 li
2452 1670 2466 1695 ,
2500 1639 2559 1682 ut
2588 1639 2782 1684 caetera
2812 1631 3243 1700 praetermittam,
3273 1648 3396 1701 qua:
3428 1641 3557 1687 sunt

1979 1721 2288 1776 innumera.
2335 1719 2633 1775 Postremis
2665 1721 2850 1792 itaque
2891 1721 3335 1794 Quadragesima:
3362 1725 3555 1780 diebus

1980 1830 2076 1868 sex
2131 1814 2462 1884 xerophagia
2536 1815 2654 1884 lege
2713 1817 2950 1885 quadam
3008 1818 3266 1872 omnibus
3332 1819 3554 1874 indicta.

295 1909 427 1976 στήν
473 1906 833 1976 appellabant.
894 1904 1039 1961 Sane
1081 1907 1223 1976 apud
1256 1905 1510 1960 Photium
1563 1885 1721 1961 num.
1771 1905 1872 1961 1οη
1905 1885 1949 1941 Β
1978 1903 2110 1971 Qua:
2133 1906 2261 1975 quid
2294 1908 2385 1972 sit,
2414 1907 2654 1964 declarat
2687 1908 2915 1966 Tertull.
2955 1911 3094 1967 libro
3127 1911 3326 1966 Contra
3357 1912 3554 1981 Psych.

291 1997 530 2053 Basilius
569 1998 708 2053 Cilix
734 1996 1094 2052 Nestorianus
1152 1999 1414 2053 adversus
1447 1997 1711 2053 Joannem
1743 1997 1877 2070 Scy-

293 2089 692 2160 thopolitanum
739 2091 985 2144 scribens
1010 2129 1025 2152 ,
1079 2089 1266 2158 objicit
1304 2089 1446 2143 inter
1488 2099 1718 2145 caetera:
1755 2092 1876 2143 Ὅτι

291 2179 392 2252 τὴν
446 2180 604 2248 ἁγίαν
631 2180 1074 2253 τεσσαρακοστὴν
1119 2184 1198 2244 εἰς
1225 2184 1372 2253 τρεῖς
1415 2182 1716 2254 ἑϐδομάδας
1747 2199 1876 2253 συγ-

292 2273 519 2338 κλείων,
563 2273 684 2326 οὐδὲ
717 2275 775 2326 ὲν
819 2272 1046 2337 ταύταις
1095 2273 1194 2345 τῆς
1230 2273 1340 2330 τῶν
1374 2275 1594 2346 πτηνῶν
1633 2293 1880 2349 κρεωφα-

293 2366 420 2435 γίας
458 2365 739 2436 ἀπείχετο.
788 2365 918 2420 Fuit
947 2367 1093 2421 enim
1147 2383 1254 2422 non
1307 2368 1492 2423 minor
1526 2371 1580 2424 in
1628 2371 1874 2425 ciborum

293 2453 506 2507 delectu
555 2454 994 2524 abstinentiaque
1059 2455 1382 2523 diversitas,
1439 2459 1506 2515 de
1569 2475 1678 2531 qua
1734 2461 1876 2516 idem

295 2543 571 2600 Socrates.
607 2543 736 2600 Vide
775 2554 828 2601 et
872 2546 1195 2603 Cassianum
1241 2551 1438 2607 Collat.
1482 2551 1588 2620 21;
1641 2553 1878 2609 Ambro-

293 2637 438 2692 sium
493 2652 658 2692 serm.
702 2639 774 2693 ‘23
817 2649 871 2694 et
916 2640 1310 2710 sequentibus;
1352 2641 1570 2699 Sozom.
1627 2645 1724 2700 lib.
1777 2662 1874 2711 vn,

293 2745 415 2800 cap.
456 2731 542 2784 l9.
585 2731 920 2801 Epiphanius
952 2748 1118 2802 porro
1170 2750 1268 2804 per
1315 2737 1455 2791 ἑπτὰ
1514 2739 1728 2810 ἡμέρας
1778 2741 1872 2794 τοῦ

294 2823 520 2893 Πάσχα,
552 2833 675 2878 ante
713 2841 851 2895 quas
879 2825 978 2897 τὴν
1010 2832 1457 2900 τεσσαρακοστήν
1491 2833 1752 2888 celebrari
1785 2836 1872 2890 di-

293 2914 401 2978 cit,
444 2929 553 2968 non
603 2931 723 2970 eam
757 2917 1147 2973 hebdomadem
1187 2919 1482 2990 intelligit,
1513 2939 1635 2992 qua:
1665 2923 1871 2980 Pascha

292 3007 550 3076 praecedit
576 3050 590 3074 ,
619 3009 697 3062 uti
731 3018 920 3080 postea
967 3026 1091 3067 cum
1118 3011 1216 3077 τὰς
1242 3013 1301 3078 ἒξ
1329 3015 1542 3087 ἡμέρας
1564 3017 1658 3070 τοῦ
1686 3019 1876 3090 Πάσχα

294 3099 581 3166 nominat,
618 3101 711 3155 sed
766 3102 833 3156 de
880 3104 1229 3172 paschalibus
1284 3123 1354 3161 vu
1396 3107 1549 3164 feriis
1588 3111 1831 3180 loquitur
1859 3153 1873 3176 ,

293 3206 432 3258 quas
503 3193 772 3248 antecedit
821 3196 1291 3267 quadragesimale
1343 3198 1636 3268 jejunium.
1685 3200 1872 3257 Utrum

292 3299 424 3338 vero
457 3287 598 3354 apud
629 3285 893 3358 Cyprios,
946 3289 1039 3347 ubi
1080 3290 1196 3345 hazc
1223 3292 1494 3347 scribebat
1517 3293 1868 3363 Epiphanius,

295 3375 534 3431 Sabbata
574 3379 1140 3449 quadragesimalibus
1178 3382 1404 3452 jejuniis
1447 3395 1698 3454 exempta
1741 3388 1872 3451 sint,

294 3483 402 3522 non
466 3470 601 3525 satis
665 3479 910 3540 apparet.
966 3473 1045 3527 Ac
1095 3474 1348 3528 videntur
1397 3491 1463 3530 ex
1505 3475 1873 3534 Romanorum

292 3560 638 3630 aliorumque
665 3561 1060 3618 consuetudine
1115 3567 1278 3618 etiam
1334 3565 1526 3621 diebus
1577 3567 1683 3622 illis
1731 3569 1874 3637 jeju-

295 3666 458 3705 nasse
481 3693 496 3716 ,
523 3667 648 3706 cum
676 3653 826 3706 solos
859 3651 1174 3710 Dominicos
1202 3655 1318 3710 dies
1341 3657 1591 3725 excipiat.
1623 3657 1874 3713 Profecto

292 3741 438 3794 enim
480 3741 548 3796 de
603 3740 858 3798 Sabbatis
910 3743 1136 3800 minime
1198 3747 1503 3802 tacuisset:
1558 3765 1872 3819 quanquam

295 3833 660 3888 Sabbatnrum
695 3835 820 3889 ideo
865 3834 1100 3891 fortasse
1131 3852 1239 3891 non
1272 3839 1541 3902 meminit,
1585 3841 1730 3909 quod
1762 3857 1872 3896 non

293 3926 541 3980 eamdem
589 3928 732 3997 apud
773 3942 964 3984 omnes
990 3928 1266 3986 Ecclesias
1309 3929 1538 3986 formam
1579 3948 1703 3988 esse
1741 3949 1874 3988 con-

295 4019 748 4091 suetudinemque
786 4031 1069 4089 cerneret,
1128 4039 1305 4092 neque
1363 4025 1660 4094 quidquam
1709 4042 1874 4096 super

293 4129 356 4167 ea
412 4129 471 4168 re
530 4113 697 4168 sciret
745 4115 816 4169 ab
849 4117 1112 4184 apostolis
1159 4131 1280 4170 esse
1327 4119 1723 4187 praescriptum.
1775 4117 1875 4174 Hie

293 4215 474 4261 autem
508 4207 646 4261 ritus
695 4223 789 4262 eos
837 4209 985 4263 solos
1018 4210 1303 4279 complecti
1357 4211 1562 4273 voluit,
1620 4226 1758 4280 quos
1804 4211 1874 4265 ab

294 4299 556 4368 apostolis
591 4300 688 4354 toti
718 4302 975 4355 Ecclesiae
1008 4302 1256 4366 traditos,
1288 4319 1395 4357 non
1425 4313 1696 4359 certorum
1728 4303 1875 4357 loco-

292 4409 418 4447 rum
468 4394 772 4463 peculiares
805 4411 928 4451 esse
973 4397 1237 4452 crederet.
1278 4397 1566 4467 Perperam
1613 4414 1742 4453 vero
1770 4397 1873 4452 Pa-

293 4487 491 4542 melius
524 4488 593 4540 ad
642 4487 866 4542 Tertull.
896 4489 1089 4542 librum
1122 4493 1373 4545 adversus
1418 4490 1614 4562 Psyclt.
1645 4507 1766 4561 cap.
1804 4493 1873 4547 15

1975 2013 2095 2068 cap.
2128 1999 2154 2052 1
2191 2015 2204 2050 :
2247 2000 2492 2070 Arguunt
2519 2017 2642 2064 nos,
2675 2000 2888 2072 inquit,
2924 2003 3063 2073 quod
3095 2004 3258 2057 etiam
3304 2004 3560 2072 xeropha-

1975 2091 2088 2161 gias
2136 2093 2489 2157 observemus,
2524 2094 2782 2148 siccantes
2810 2093 2984 2148 cibum
3009 2095 3074 2148 ab
3118 2096 3261 2149 omni
3287 2112 3477 2160 carne,
3507 2104 3558 2149 et

1979 2184 2121 2236 omni
2155 2183 2474 2253 jurulentia,
2505 2197 2551 2238 et
2583 2187 2925 2244 viridioribus
2952 2188 3240 2260 quibusque
3268 2189 3459 2258 pomis,
3493 2207 3558 2243 ne

1975 2275 2104 2346 quid
2141 2277 2444 2329 vinositatis
2487 2275 2566 2330 vel
2613 2280 2866 2343 edamus,
2917 2278 2994 2332 vel
3035 2289 3303 2348 petemus;
3353 2280 3557 2334 lauacri

1976 2383 2178 2436 quoque
2211 2367 2589 2420 abstinentiam
2633 2376 3000 2437 congruentem
3041 2368 3194 2422 arido
3217 2367 3397 2422 victui.
3432 2366 3558 2424 Pas.

1977 2461 2079 2514 sim
2124 2475 2253 2514 vero
2302 2467 2412 2513 toto
2471 2459 2565 2515 illo
2608 2460 2748 2514 libro
2789 2459 3147 2531 xerophagias
3189 2475 3219 2514 a
3268 2460 3557 2516 catholicis

1977 2552 2226 2606 damnari
2277 2551 2571 2620 signiﬁcat,
2606 2552 2762 2621 quasi
2803 2568 2993 2605 novum
3024 2552 3259 2620 affectati
3289 2553 3443 2622 ofﬁcii
3472 2570 3558 2606 no-

1977 2662 2115 2709 men,
2144 2654 2190 2698 et
2222 2647 2522 2714 proximum
2566 2647 2788 2700 etimij
2822 2647 3219 2714 superstitioni;
3250 2647 3431 2716 quales
3464 2663 3558 2700 ca-

1977 2737 2240 2789 stimoniae
2269 2736 2428 2805 Apin,
2459 2735 2659 2790 Isidem
2694 2748 2741 2790 et
2775 2754 3021 2807 magnam
3046 2737 3274 2792 Matrem
3299 2750 3558 2793 certorum

1977 2827 2271 2880 eduliorum
2307 2830 2609 2898 exceptione
2635 2829 2942 2898 puriﬁcant.
2976 2827 3175 2883 Verum
3204 2846 3312 2885 non
3345 2845 3558 2896 omnes,

1977 2916 2203 2985 opinor,
2269 2925 2382 2970 tum
2444 2931 2476 2971 a
2555 2917 2840 2972 catholicis
2892 2918 3162 2973 damnata
3214 2921 3558 2990 xerophagiat

1977 3019 2136 3075 sunt;
2202 3008 2295 3062 sed
2351 3008 2458 3062 illa
2511 3008 2731 3072 solum,
2787 3023 2938 3078 quas.
2985 3010 3150 3064 certis
3197 3011 3558 3080 temporibus,

1976 3107 2342 3169 praeterquam
2392 3099 2460 3153 ab
2505 3098 2764 3154 Ecclesiae
2798 3100 3151 3164 constitutis,
3199 3116 3266 3155 ex
3315 3102 3557 3156 Montani

1977 3191 2266 3261 disciplina
2315 3191 2635 3258 servabant;
2688 3207 2827 3261 quas
2881 3191 3022 3246 idem
3091 3203 3285 3246 auctor
3343 3193 3560 3249 duabus

1979 3283 2334 3338 hebdomadis
2381 3283 2606 3347 definit,
2653 3298 2774 3354 cap.
2818 3299 2931 3337 xv:
2968 3283 3242 3348 Quantulo
3299 3287 3437 3339 enim
3480 3295 3558 3340 est

1977 3380 2116 3445 apud
2148 3392 2242 3430 nos
2276 3376 2580 3429 interdictio
2619 3374 2900 3428 ciborum?
2931 3373 3080 3429 Duas
3110 3376 3167 3429 in
3193 3391 3330 3430 anno
3363 3375 3558 3429 hebdo-

1976 3469 2164 3521 madas
2196 3469 2673 3538 xeropltagiarum,
2725 3484 2816 3521 nec
2843 3477 3018 3533 totas,
3070 3469 3302 3536 exceptis
3351 3469 3552 3523 scilicet

1978 3558 2226 3614 Sabbatis
2257 3570 2306 3614 et
2334 3560 2652 3626 Dominicis,
2686 3560 2960 3628 offerimus
2985 3559 3116 3613 Deo.
3163 3558 3266 3613 Ubi
3318 3575 3426 3613 non
3470 3576 3558 3615 as‘

1980 3654 2248 3708 seutimur
2275 3653 2520 3708 Pamelio
2555 3693 2570 3717 ,
2604 3654 2697 3724 qui
2728 3653 3081 3706 hebdomadas
3106 3669 3211 3707 nou
3244 3668 3342 3722 pro
3365 3664 3558 3721 septem

1975 3744 2181 3808 diebus,
2201 3743 2296 3798 sed
2328 3758 2427 3812 pro
2459 3742 2682 3796 totidem
2708 3741 3121 3795 hebdomadibus
3150 3743 3320 3810 accipi
3355 3753 3510 3811 putat
3539 3783 3554 3807 ,

1974 3846 2029 3891 et
2060 3837 2127 3890 de
2161 3834 2478 3906 Telesphori
2527 3837 2833 3900 sanctione,
2867 3850 2969 3904 qua
3000 3833 3372 3888 Tertullianus
3402 3836 3557 3890 cleri-

1975 3945 2074 3985 cus
2097 3938 2394 3991 teneretur,
2419 3928 2604 3984 nescio
2630 3929 2760 3998 quid
2791 3935 3012 3994 narrat;
3040 3927 3185 3997 quod
3212 3927 3363 3981 nullo
3394 3927 3557 3981 modo

1977 4022 2292 4090 persuadet.
2344 4019 2479 4074 Nam
2530 4020 2576 4076 si
2630 4037 2719 4074 xiv
2780 4021 3150 4075 hebdomadas
3208 4021 3556 4089 xerophagiis

1977 4114 2270 4168 Montanus
2294 4113 2616 4177 addixisset,
2647 4129 2756 4168 non
2793 4113 2923 4166 illud
2955 4129 3130 4182 usque
3159 4112 3297 4167 adeo
3326 4111 3550 4167 Tertull.

1975 4208 2193 4261 elevans
2226 4207 2433 4260 diceret
2473 4224 2486 4260 :
2529 4205 2802 4271 Quantula
2837 4214 2913 4258 est
2953 4206 3095 4274 apud
3132 4221 3224 4258 nos
3255 4205 3558 4259 interdictio

1977 4300 2264 4355 ciborum?
2310 4298 2579 4365 Quocirca
2613 4299 2751 4353 duas
2784 4299 2921 4352 alias
2952 4315 2980 4351 a
3016 4299 3444 4369 Quadragesima
3474 4314 3559 4352 se-

1970 4392 2191 4462 junctas
2235 4406 2300 4446 ac
2317 4391 2575 4445 .diversas
2614 4388 2786 4445 fuisse
2824 4389 3084 4444 credibile
3122 4398 3240 4454 est;
3272 4389 3325 4443 in
3357 4390 3559 4458 quibus

1980 4485 2278 4540 Sabbatum
2338 4498 2404 4538 ac
2454 4482 2740 4536 Dominica
2781 4482 2900 4536 dies
2931 4482 3282 4535 eximeretur.
3332 4481 3554 4535 Sozom.

295 4577 444 4634 hunc
490 4581 667 4649 ipsum
707 4580 993 4650 Epiphanii
1052 4583 1229 4637 locum
1283 4583 1573 4654 interpolat
1601 4601 1616 4650 ;
1675 4594 1728 4638 et
1776 4601 1875 4654 pro
1909 4581 1951 4636 Ι)
1979 4578 2076 4633 lib.
2103 4594 2203 4642 vn,
2233 4593 2354 4646 cap.
2383 4577 2472 4642 19,
2502 4575 2571 4630 de
2601 4575 2819 4630 diverso
2853 4574 3341 4644 quadragesimalis
3364 4573 3558 4643 jejuuii

294 4684 487 4743 septem
513 4675 648 4739 dies,
679 4675 823 4728 haud
851 4675 1014 4730 dubie
1034 4676 1342 4747 legendum,
1371 4688 1565 4746 septem
1591 4677 1875 4730 hebdoma-

293 4768 411 4832 das,
445 4767 696 4822 allirmat.
731 4768 954 4823 Frustra
984 4779 1105 4835 est,
1136 4772 1382 4840 inquam.
1419 4770 1630 4825 Etenim
1659 4771 1872 4843 ἡμέρας

293 4859 459 4913 estin
491 4859 702 4924 Graeco,
749 4875 858 4914 non
897 4860 1222 4931 ἑϐδομάδας.
1262 4861 1329 4916 Et
1351 4863 1566 4934 ἡμέρας
1602 4864 1870 4936 intelligit,

292 4967 416 5020 qua:
446 4966 474 5005 a
506 4953 732 5007 solemni
776 4951 1058 5010 Pasehatis
1087 4955 1277 5010 ineunt
1304 4974 1316 5010 :
1361 4965 1487 5011 ante
1515 4958 1708 5028 quasi;
1749 4974 1874 5010 τεσ-

294 5046 608 5116 σαρακοστή
641 5045 815 5101 solida
840 5047 1103 5102 decurrit.

363 5138 483 5194 Col.
503 5139 606 5193 888
617 5139 679 5191 Β.
701 5138 812 5204 Τὰς
831 5138 898 5192 δὲ
911 5138 981 5204 ἐξ
1003 5139 1228 5208 ἡμέρας
1245 5139 1354 5194 τοῦ
1379 5139 1614 5208 Πάσχα.
1642 5139 1745 5196 Sex
1765 5140 1874 5196 illis

294 5231 560 5286 duntaxat
603 5231 796 5287 diebus
848 5232 1096 5301 majoris,
1141 5242 1204 5287 ut
1247 5241 1464 5296 vocant,
1499 5233 1870 5300 hebdomadaa,

293 5325 638 5395 XerOphagia
659 5324 987 5380 Christianis
1011 5325 1274 5393 imperata
1304 5323 1422 5378 fuit.
1452 5324 1615 5394 Atqui
1646 5323 1870 5380 Laodic.

295 5435 419 5473 can.
471 5417 585 5473 50:
618 5420 710 5470 Δεῖ
758 5419 970 5480 πᾶσαν,
1021 5417 1230 5488 inquit,
1274 5416 1372 5488 τὴν
1417 5416 1874 5488 Τεσσαρακοστὴν

293 5508 575 5579 νηστεύειν
621 5507 1083 5580 ξηροφαγοῦντας.
1136 5505 1202 5561 Ει
1246 5506 1501 5562 Balsamo
1547 5507 1612 5560 ad
1648 5521 1772 5560 can.
1804 5505 1874 5559 69

294 5610 471 5670 apost.
545 5617 653 5654 non
695 5601 871 5655 solum
928 5599 979 5652 in
1035 5598 1504 5668 Quadragesima,
1561 5596 1656 5652 sed
1705 5597 1872 5650 etiam

295 5703 490 5765 quarta
533 5703 795 5762 sextaque
859 5693 993 5747 feria
1025 5691 1356 5762 ξηροφαγεῖν
1386 5698 1640 5759 Oportere
1665 5689 1824 5744 docet
1856 5706 1871 5742 :

295 5787 432 5842 adeo
465 5795 526 5839 ut
569 5801 636 5838 ne
668 5786 886 5856 aegrotis
927 5784 1148 5850 quidem
1181 5784 1332 5839 aliud
1385 5783 1632 5838 ciborum
1677 5797 1870 5852 genus,

293 5891 459 5952 quam
510 5878 738 5948 piscium
771 5875 1118 5947 iudulgeatur
1138 5917 1153 5941 ,
1185 5891 1286 5932 nec
1312 5890 1556 5946 unquam
1587 5873 1870 5941 carnibus,

1980 4673 2192 4727 dierum
2231 4687 2463 4726 numero
2499 4687 2687 4741 agens,
2741 4670 3100 4725 Montanistas
3148 4671 3225 4724 ait
3259 4670 3397 4725 duas
3433 4679 3562 4724 ante

1981 4765 2192 4820 Pascha
2217 4766 2483 4820 duntaxat
2510 4763 2885 4819 hebdomadas
2908 4763 3176 4833 jejunare.
3204 4761 3400 4816 Verum
3432 4778 3559 4815 cum

1981 4860 2035 4914 in
2073 4860 2332 4923 secunda,
2368 4859 2470 4913 hoc
2501 4867 2586 4914 est
2621 4860 2873 4929 proxima
2921 4866 3048 4912 ante
3092 4857 3302 4912 Pascha
3348 4859 3556 4914 hebdo-

1981 4953 2160 5015 made,
2200 4951 2498 5007 Sabbatum
2529 4968 2558 5006 a
2583 4951 2796 5021 jejunio
2828 4961 3139 5020 exemptum
3173 4951 3314 5020 apud
3351 4951 3560 5006 Monta-

1980 5047 2155 5101 nistas
2185 5061 2296 5100 non
2332 5043 2531 5109 fuerit,
2578 5055 2639 5100 ut
2663 5045 2889 5100 Tertull.
2934 5045 3048 5114 jam
3092 5043 3418 5098 Montanista
3459 5044 3557 5097 lib.

1983 5135 2184 5190 Contra
2227 5134 2423 5205 Psyclt.
2464 5144 2678 5199 narrat,
2724 5150 2832 5188 non
2872 5133 3129 5186 videntur
3155 5131 3221 5185 ad
3254 5131 3389 5186 duas
3423 5130 3558 5183 istas

1981 5231 2352 5286 hebdomadas
2403 5229 2630 5284 tetidem
2682 5228 2789 5282 illa:
2833 5225 3287 5295 xerophagiarum
3347 5238 3560 5277 accom-

1981 5323 2190 5377 modari
2220 5337 2400 5392 posse.
2429 5321 2486 5375 ln
2516 5320 2697 5375 Const.
2731 5332 2903 5389 apost.
2937 5319 3097 5383 lib.v,
3122 5332 3244 5385 cap.
3263 5318 3352 5385 l7,
3367 5317 3556 5370 eadem

1980 5414 2310 5483 xerophagia
2353 5429 2446 5468 sex
2474 5413 2580 5467 illis
2610 5411 2804 5466 diebus
2827 5409 3168 5465 observanda
3197 5408 3553 5477 proponitur:

1994 5507 2082 5560 Ἐν
2110 5508 2231 5568 ταῖς
2263 5505 2500 5576 ἡμέραις
2538 5498 2632 5558 οὖν
2664 5503 2758 5558 τοῦ
2803 5503 2998 5573 Πάσχα
3029 5499 3322 5573 νηστεύετε
3342 5540 3356 5561 ,
3389 5499 3557 5570 ἀρχό-

1985 5615 2136 5669 μενοι
2199 5597 2310 5650 ἀπὸ
2356 5596 2616 5668 δευτέρας
2673 5595 2834 5667 μέχρι
2883 5595 2986 5665 τῆς
3050 5593 3408 5665 παρασκευῆς
3464 5591 3560 5644 καὶ

1981 5687 2259 5743 Σαϐϐάτου
2290 5687 2349 5755 ἒξ
2374 5688 2610 5758 ἡμέρας,
2649 5689 2794 5759 μόνῳ
2831 5687 3103 5759 χρώμενοι
3129 5687 3300 5756 ἄρτῳ,
3326 5684 3418 5736 καὶ
3444 5682 3556 5743 ἁλὶ,

1981 5784 2075 5837 καὶ
2100 5783 2381 5852 λαχάνοις,
2425 5783 2518 5835 καὶ
2553 5780 2702 5851 ποτῷ
2747 5780 2929 5834 ὕδατι·
2975 5781 3116 5833 οἴνου
3152 5779 3210 5832 δὲ
3248 5776 3340 5830 καὶ
3380 5774 3562 5847 κρεῶν

1937 5950 1940 5951 ν
1982 5871 2252 5943 ἀπέχεσθε
2283 5874 2342 5927 ὲν
2367 5871 2613 5935 ταύταις.
2653 5870 2778 5926 Haec
2813 5872 2978 5941 igitur
3016 5867 3360 5940 Xerophagia
3393 5880 3561 5937 parte,
