4054 6404
495 424 634 484 “’95

1599 416 1944 474 APPENDIX
1979 413 2609 470 DISSERTATIONUM.

3619 405 3640 456 i
3651 402 3760 460 096

495 543 630 599 sale.
657 555 826 610 aqua,
854 547 943 604 et,
975 539 1021 594 si
1055 537 1220 602 forte,
1270 537 1434 592 etiam
1476 537 1718 592 oleribus
1764 535 2068 589 constabat.
2101 538 2147 592 Α
2175 535 2416 599 videtur;
2445 533 2700 600 idemque
2726 528 2886 589 forte.
2918 541 3086 598 quem
3115 524 3338 579 unicum
3377 521 3586 592 jejunio
3612 522 3755 576 diem

494 633 576 690 Ad
611 633 724 686 haec
771 645 893 699 cap.
941 631 1010 683 t2
1055 627 1300 695 ejusdem
1337 627 1460 680 libri
1493 623 1962 696 quadragesimale
1995 621 2078 690 je-

495 727 708 798 junium
733 741 764 779 a
805 723 1050 794 paschali
1083 721 1439 790 distinguitur
1487 735 1500 770 :
1541 715 1928 772 Ἐπί-τελείσθω
1955 714 2012 766 δὲ
2045 715 2078 782 ἡ

500 818 724 889 νηστεία
783 819 918 887 αὕτη
974 815 1202 884 (nempe
1252 809 1778 881 quadragesimalis)
1829 807 1936 878 πρὸ
1985 806 2082 874 τῆς

501 908 756 980 νηστείας
792 906 888 960 τοῦ
919 906 1146 974 Πάσχα,
1191 903 1473 974 ἀρχομένη
1519 901 1616 972 μὲν
1652 900 1760 952 άπὸ
1790 897 2081 966 δευτέρας,

503 1000 852 1070 πληρουμένη
879 998 937 1051 δὲ
961 999 1040 1060 εἰς
1073 995 1462 1066 παρασκευὴν,
1497 993 1614 1064 μεθ’
1649 991 1716 1055 ἃς
1745 987 2084 1060 ἀπονηστεύ-

505 1107 696 1152 σαντες
741 1088 978 1161 ἄρξασθε
1025 1089 1124 1158 τῆς
1172 1086 1332 1154 ἁγίας
1381 1084 1474 1140 τοῦ
1517 1084 1709 1154 Πάσχα
1757 1080 2084 1151 ἑϐδομάδος,

504 1183 858 1255 νηστεύοντες
901 1182 1072 1252 αὑτήν
1091 1199 1104 1212 ·
1133 1179 1437 1234 Celebretur
1473 1175 1932 1248 quadragesimate
1953 1171 2090 1241 jeju-

506 1279 655 1330 nium
702 1285 822 1330 ante
864 1273 1162 1344 paschale;
1208 1283 1258 1327 et
1296 1271 1552 1339 incipiens
1605 1287 1638 1322 a
1677 1267 1908 1322 secunr'a
1954 1265 2090 1335 feria

507 1372 714 1424 desinat
765 1369 822 1421 in
871 1367 1200 1420 Parasccven
1234 1381 1252 1418 :
1291 1373 1408 1433 post
1454 1377 1635 1433 quam,
1663 1359 1836 1413 soluto
1857 1357 2088 1428 jejunio,

509 1471 750 1518 sanctam
777 1459 1056 1514 Paschalis
1075 1457 1452 1510 hebdomadem
1480 1457 1534 1508 in
1551 1453 1760 1522 jejunio
1793 1452 2088 1520 transigite.

510 1553 1010 1623 Qnadragesimalis
1057 1567 1220 1621 porro
1265 1549 1412 1602 illius
1463 1547 1696 1617 iejunii,
1741 1553 2014 1614 quatenus
2061 1557 2092 1596 a

513 1647 754 1720 paschali
799 1646 1017 1710 dill'ert,
1071 1643 1284 1696 initium
1317 1641 1461 1696 haud
1501 1640 1616 1694 seio
1651 1653 1718 1692 an
1751 1635 2088 1692 constitutio-

514 1759 610 1796 nes
639 1741 743 1794 illa:
769 1755 798 1793 a
825 1737 1103 1792 Dominica
1124 1733 1604 1803 Quinquagesimte
1625 1747 1694 1786 an
1726 1729 2096 1800 Sexagesinne

515 1843 806 1904 repetant.’
851 1832 1010 1884 Prius
1061 1830 1208 1884 enim
1255 1827 1387 1882 illud
1429 1827 1644 1880 initium
1707 1825 1744 1878 ii
1788 1822 2097 1892 sumpsisse

515 1926 792 1986 videntur,
827 1921 920 1992 qui
961 1935 1036 1974 vn
1083 1917 1455 1973 hebdomadas
1493 1925 1546 1971 et
1571 1915 1782 1986 jejunio
1807 1915 2094 1979 dicabant,

517 2032 644 2073 cum
693 2015 784 2070 alii
835 2030 928 2069 sex
973 2015 1240 2068 duntaxat
1285 2011 1626 2074 tribuerent,
1681 2007 1755 2062 ita
1807 2018 1990 2060 tamen
2041 2014 2102 2059 ut

519 2109 812 2178 utrobique
843 2125 938 2163 sex
963 2107 1250 2168 duntaxat,
1291 2113 1343 2159 et
1369 2103 1594 2173 triginta
1625 2117 1744 2156 sese
1774 2101 1892 2154 dies
1915 2099 2096 2152 inedia

521 2211 884 2256 macerat-ent.
939 2201 1012 2254 Hi
1064 2199 1200 2252 enim
1255 2197 1366 2267 (ait
1413 2195 1714 2250 Cassianus
1765 2193 1960 2248 Collat.
1998 2192 2102 2257 21,

522 2311 571 2349 c.
605 2293 696 2364 27)
730 2295 832 2348 sibi
877 2308 968 2347 sea:
1006 2291 1461 2346 hebdomadarum
1495 2289 1880 2342 observantiam
1927 2285 2106 2356 prteri-

523 2397 736 2452 xerunt,
768 2389 860 2457 qui
885 2395 1076 2455 putant
1106 2385 1190 2437 die
1255 2399 1456 2452 quoque
1481 2380 1702 2434 Sabbati
1729 2379 2104 2450 jejunandum.

528 2479 632 2534 Sea:
656 2495 778 2548 ergo
823 2479 880 2530 in
905 2475 1233 2532 hebdomada
1248 2475 1461 2544 jejunio
1490 2473 1812 2542 persolvunt,
1846 2489 1962 2542 qua:
1990 2487 2108 2525 eos-

527 2573 645 2626 dem
670 2585 762 2624 sea:
783 2578 832 2624 et
857 2571 1077 2640 triginta
1106 2571 1216 2622 dies
1249 2568 1419 2622 sexies
1443 2565 1684 2620 revoluta
1718 2573 2106 2619 consummant.

529 2663 574 2716 Α
605 2663 956 2734 Sexagesima
1003 2675 1134 2715 vero
1176 2659 1350 2714 Graeci
1389 2657 1720 2712 recentiores
1749 2655 2112 2726 Quadragesi-

531 2771 676 2810 mam
725 2753 996 2824 auspicati
1041 2763 1206 2816 sunt,
1243 2751 1324 2805 uti
1357 2749 1607 2820 pluribus
1635 2747 1702 2802 ad
1737 2745 2109 2816 Nicephorum

531 2855 660 2902 ante
687 2845 898 2914 aliquot
929 2859 1104 2898 annos
1139 2842 1526 2898 disseruimus.
1559 2837 1682 2905 Quo
1731 2839 1992 2892 nimirum
2047 2852 2114 2890 st.

533 2939 744 2994 solidos
775 2937 894 2992 dies
935 2936 1146 3006 jejunio
1193 2935 1516 2989 tribuerent.
1555 2932 1810 2986 Ambros.
1847 2945 2014 2985 serm.
2047 2929 2111 2983 3t

533 3039 588 3084 et
615 3029 686 3084 3'2
723 3044 816 3084 sex
849 3027 1224 3090 hebdomadis,
1271 3040 1336 3079 ac
1373 3024 1566 3079 diebus
1611 3039 1722 3076 XLII
1753 3019 2118 3091 Qnadragesi-

535 3137 678 3177 mam
705 3120 912 3184 deﬁnit,
940 3135 1142 3190 eosque
1164 3119 1256 3189 qui
1287 3117 1818 3186 Quinquagesimam
1849 3129 1950 3184 pro
1979 3127 2118 3184 qua—

536 3215 838 3286 dragesima
863 3215 1175 3284 jejunarent
1203 3211 1505 3282 redarguit.

607 3304 876 3358 Caeterum
907 3311 1018 3358 tam
1047 3303 1113 3357 de
1143 3302 1248 3356 hoc
1273 3299 1555 3355 Paschalis
1583 3298 1815 3369 jejunio,
1851 3313 2014 3367 quam
2050 3295 2117 3350 de

539 3395 969 3467 Quadragesima
1014 3395 1334 3449 Timotheus
1375 3394 1778 3449 Alexandrinus
1826 3391 2117 3460 episcopus

540 3483 768 3552 intelligi
813 3491 995 3553 potest
1039 3483 1096 3537 in
1147 3483 1429 3538 canonicis
1481 3481 1812 3552 llesponsis,
1853 3480 2116 3548 Interrog.

543 3575 576 3630 8
610 3587 663 3631 et
700 3577 786 3630 10.
817 3575 1060 3642 Quarum
1101 3577 1155 3629 in
1201 3577 1384 3646 priore
1407 3577 1700 3646 quaeritur:
1737 3585 1918 3629 utrum
1953 3589 2120 3644 puer-

545 3685 675 3742 pera
707 3667 916 3724 Pascha
943 3669 1195 3738 jejunare
1223 3669 1438 3734 debeat,
1469 3683 1538 3722 an
1563 3669 1612 3722 ei
1645 3667 1756 3721 vini
1785 3683 1918 3722 usus
1943 3666 2124 3722 indul-

546 3763 775 3834 geatur?
802 3761 858 3816 In
891 3762 1182 3832 posteriori
1209 3763 1277 3818 de
1307 3773 1512 3835 mgrolo
1542 3763 1844 3829 dubitatur,
1873 3778 1940 3816 an
1969 3761 2125 3817 simi-

547 3855 670 3910 liter
703 3854 983 3910 Paschalis
1009 3854 1222 3924 jejunio
1257 3863 1526 3919 teneatur,
1557 3863 1722 3925 atque
1751 3855 1928 3910 oleum
1967 3862 2022 3910 et
2045 3855 2127 3908 vi—

549 3961 682 4002 num
711 3945 970 4000 adhibere
1001 3947 1194 4014 possit.
1226 3943 1344 4012 Qua
1390 3961 1453 4000 ex
1487 3945 1777 4015 posteriori
1827 3947 2128 4016 quaestione

551 4037 804 4093 Balsama
827 4037 1062 4107 colligit:
1086 4037 1208 4090 Ὅτι
1237 4039 1270 4109 ὴ
1294 4037 1521 4108 νηστεία
1547 4038 1646 4107 τῆς
1667 4037 2128 4108 Τεσσαρακοστῆς

551 4125 647 4179 τοῦ
687 4125 882 4195 Πάσχα
911 4124 1222 4196 ξηροφαγία
1266 4126 1416 4178 ἐστί’
1450 4125 1589 4179 ἀλλὰ
1627 4128 1723 4180 καὶ
1751 4127 1896 4180 οἴνου
1927 4129 2127 4199 ἀποχὴ.

554 4217 721 4273 Addit
747 4226 930 4272 tamen
950 4255 965 4278 ,
999 4213 1297 4272 nonnullos
1333 4218 1388 4271 in
1425 4226 1658 4288 utroque
1689 4235 1899 4274 canone
1925 4219 2133 4274 hebdo-

555 4306 730 4362 mada}
762 4316 964 4362 sanctae
987 4305 1253 4376 jejunium
1283 4349 1298 4372 ,
1353 4323 1458 4361 non
1492 4307 1934 4378 Quadragesimm
1969 4310 2136 4364 totius

555 4399 908 4454 intellexisse.
969 4397 1307 4470 Epiphanius
1355 4415 1574 4469 quoque
1623 4401 1679 4454 in
1731 4402 1981 4456 Aerianis
2031 4402 2139 4456 bae-

559 4507 668 4546 res.
695 4491 784 4556 75,
817 4507 970 4546 num.
995 4491 1048 4555 ’5,
1071 4491 1137 4546 de
1167 4491 1270 4548 hac
1295 4491 1637 4546 hebdomada
1671 4493 1900 4562 loquens
1929 4494 2058 4547 εἜν
2081 4511 2139 4546 τε

2181 641 2213 680 a
2243 625 2524 679 nonnullis
2575 623 2815 676 dicatum
2869 619 3040 674 fuisse
3089 615 3324 670 Irenzeus
3370 615 3436 668 ad
3483 613 3756 668 Victorem

2183 718 2394 782 scribit,
2427 715 2662 769 Eusebio
2692 721 2848 776 teste,
2883 711 2979 764 lib.
3019 727 3070 772 ν,
3105 724 3232 778 cap.
3265 707 3376 761 εις
3413 707 3476 758 0i
3513 704 3610 775 μὲν
3647 705 3759 774 γὰρ

2181 811 2384 864 οἴονται
2437 809 2564 880 μίαν
2595 806 2808 878 ἡμέραν
2859 805 2970 858 δεῖν
3021 803 3220 864 αὐτοὺς
3251 805 3568 871 νηστεύειν·
3607 799 3657 851 οἱ
3701 798 3757 850 δὲ

2183 901 2276 954 δύο
2296 917 2308 930 ·
2338 902 2388 954 οἱ
2415 899 2470 950 δὲ
2495 899 2590 950 καὶ
2625 897 2894 958 πλείονας,

2255 993 2373 1048 Col.
2412 991 2516 1044 888
2547 991 2610 1045 C.
2647 989 2829 1044 Ἀλλὰ
2853 987 3016 1041 καὶοὶ
3035 981 3350 1038 σπουδαῖοι
3375 979 3612 1042 διπλᾶς.
3633 978 3764 1030 Dio—

2189 1087 2378 1158 nysius
2425 1083 2826 1137 Alexandrinus
2873 1077 3116 1148 Epistota
3147 1075 3216 1128 ad
3253 1075 3568 1128 Basiliden:
3611 1069 3764 1124 Ἐπεὶ

2197 1179 2331 1251 μηδὲ
2361 1177 2458 1240 τὰς
2481 1177 2539 1242 ἒξ
2561 1175 2668 1228 τῶν
2689 1173 2952 1245 νηστειῶν
2973 1171 3184 1242 ἡμέρας
3206 1169 3340 1232 ἴσως
3357 1207 3374 1230 ,
3403 1167 3535 1236 μηδὲ
3567 1164 3765 1235 ὁμοίως

2201 1273 2401 1334 πάντες
2441 1269 2807 1339 διαμένουσιν.
2859 1265 2998 1316 Ἀλλ’
3037 1265 3085 1316 ot
3119 1264 3213 1332 μὲν
3247 1261 3341 1314 καὶ
3385 1259 3562 1320 πάσας
3593 1259 3768 1326 ὑπερ-

2199 1367 2462 1427 τιθέασιν,
2491 1364 2666 1418 ἄσιτοι
2703 1360 3072 1420 διατελοῦντες
3091 1399 3105 1422 ,
3147 1359 3194 1409 οἱ
3217 1357 3274 1408 δὲ
3297 1354 3411 1416 δύο,
3440 1355 3488 1406 oi
3511 1352 3568 1404 δὲ
3597 1353 3768 1422 τρεῖς,

2201 1461 2251 1512 οἱ
2285 1459 2342 1512 δὲ
2369 1458 2672 1527 τέσσαρας,
2707 1457 2758 1506 οἱ
2791 1453 2848 1506 δὲ
2875 1451 3152 1522 οὐδεμίαν.
3195 1447 3531 1518 Epiphanius
3555 1445 3772 1508 eodem,

2195 1567 2304 1620 quo
2364 1548 2654 1618 Dionysius
2687 1587 2701 1608 ,
2758 1545 2925 1600 verbo
2985 1543 3183 1602 utitur,
3235 1539 3496 1594 nimirum
3551 1534 3776 1605 ὑπερτί-

2198 1642 2407 1696 θεσθαι.
2461 1639 2616 1706 Quod
2665 1647 2750 1692 est
2801 1639 2974 1690 cibum
3017 1633 3251 1702 differre.
3319 1628 3456 1684 llinc
3511 1627 3776 1696 jejunium

2199 1733 2568 1802 superpositio,
2617 1729 2724 1784 nisi
2775 1727 2954 1792 fallor,
3001 1742 3030 1780 a
3081 1723 3290 1778 Latinis
3323 1731 3570 1784 vocatur,
3619 1729 3680 1773 ut
3721 1719 3776 1771 in

2205 1827 2447 1882 Eliberit.
2495 1841 2650 1880 conc.
2695 1838 2818 1876 can.
2863 1821 2975 1874 26:
3029 1817 3278 1870 Errorem
3327 1815 3526 1884 placuit
3558 1811 3777 1878 corrigi,

2204 1931 2258 1972 ut
2307 1918 2450 1971 omni
2484 1914 2706 1970 Sabbali
2741 1914 2825 1966 die
2854 1912 3186 1982 jejuniorum
3221 1905 3658 1976 superpositiones
3705 1917 3784 1954 ce-

2203 2008 2488 2062 lebrentur.
2525 2005 2583 2058 In
2613 2005 2842 2058 Constit.
2873 2013 3041 2072 apost.
3087 2000 3179 2053 lib.
3211 2014 3266 2060 ν,
3295 2012 3342 2051 c.
3373 1997 3438 2048 Π
3467 2011 3480 2045 :
3510 1995 3620 2061 Τὴν
3649 1991 3782 2062 μὲν-

2203 2119 2284 2154 τοι
2313 2099 2687 2171 παρασκευὴν,
2725 2097 2822 2148 καὶ
2849 2095 2910 2147 τὸ
2935 2091 3214 2147 Σάϐϐατον
3239 2087 3432 2157 ὁλόκλη
3442 2103 3532 2156 ρον
3555 2082 3786 2154 νηστεύ-

2207 2209 2336 2246 σατε
2356 2232 2372 2256 ,
2399 2186 2481 2254 οἷς
2507 2189 2736 2260 δύναμις
2781 2187 3041 2257 πρόσεστι
3069 2182 3291 2252 τοιαύτη
3321 2221 3334 2242 ,
3367 2177 3597 2250 μηδενὸς
3628 2174 3787 2243 γευό-

2212 2301 2404 2356 μενοι,
2459 2282 2652 2353 μέχρις
2703 2275 3174 2348 ἀλεκτοροφωνίας
3215 2271 3406 2334 νυκτός
3435 2287 3449 2300 ·
3509 2271 3558 2321 εἰ
3611 2267 3668 2318 δέ
3705 2283 3790 2328 τις

2209 2375 2458 2430 ἀδυνατεῖ
2487 2372 2583 2435 τὰς
2607 2369 2700 2422 δύο
2725 2367 3018 2421 συνάπτειν
3043 2363 3202 2434 ὁμοῦ,
3249 2357 3570 2429 φυλασσέτω
3593 2355 3698 2407 κᾶν
3727 2351 3790 2404 τὸ

2211 2466 2512 2522 Σάϐϐα-εον.
2553 2462 2791 2517 Causam
2841 2457 3064 2526 subjieit
3100 2475 3112 2508 :
3146 2453 3292 2523 quod
3333 2451 3418 2504 bis
3463 2449 3653 2503 diebus
3691 2444 3792 2496 ab-

2213 2561 2356 2615 latus
2407 2558 2479 2612 sit
2524 2569 2780 2626 sponsus.
2835 2549 3012 2616 Quam
3061 2557 3116 2602 et
3161 2543 3392 2600 Tertull.
3443 2539 3619 2607 attigit
3685 2535 3786 2588 lib.

2213 2649 2416 2708 Contra
2461 2647 2820 2719 Psych.,cap.
2861 2643 2894 2696 8
2927 2661 2939 2695 :
2979 2639 3110 2693 Ecce
3153 2638 3290 2691 enim
3339 2633 3583 2687 convenio
3621 2644 3708 2681 vos
3741 2637 3790 2679 et

2215 2759 2404 2818 prater
2453 2741 2666 2796 Pascha
2706 2737 3033 2806 jejunantes,
3092 2731 3230 2784 citra
3275 2727 3396 2780 illos
3443 2725 3575 2787 dies,
3605 2720 3794 2790 quibus

2217 2841 2425 2893 ablatus
2453 2844 2527 2890 est
2563 2835 2813 2902 Sponsus.

2291 2931 2423 2984 Ibid.
2449 2925 2558 2981 Καὶ
2583 2923 2738 2990 ὅλην
2758 2920 2872 2987 τὴν
2893 2923 3315 2984 Τεσσαρακοστ
3325 2911 3400 2979 ὴν
3423 2907 3540 2964 ἀπὸ
3559 2903 3793 2972 ἐνάτης.

2229 3017 2424 3074 Utrum
2453 3017 2710 3072 omnibus
2739 3009 3182 3079 Quadragesima:
3221 3004 3415 3059 diebus
3446 3013 3678 3070 synach
3711 3013 3802 3049 σεε

2221 3112 2418 3166 lebrari
2453 3109 2618 3168 dicat,
2651 3103 2888 3160 dubitari
2915 3109 3128 3172 potest:
3165 3113 3234 3150 an
3263 3095 3392 3148 illud
3423 3091 3606 3162 potius
3635 3089 3798 3150 velit;

2225 3215 2336 3260 tam
2387 3219 2482 3258 sex
2529 3201 2651 3254 illas
2697 3195 3003 3256 Paschalis,
3039 3200 3094 3246 ct
3147 3187 3374 3258 majoris
3429 3181 3800 3242 hebdomada},

2221 3312 2384 3368 quam
2419 3303 2642 3350 caeteras
2673 3286 3122 3358 Quadragesimae.
3147 3293 3408 3352 synaxes,
3465 3275 3804 3346 quibuseun-

2220 3407 2326 3462 que
2351 3388 2574 3444 tandem
2613 3385 2809 3440 diebus
2838 3381 3142 3440 obeantur,
3179 3393 3207 3430 a
3244 3389 3386 3428 nona
3411 3370 3480 3424 ad
3521 3381 3804 3436 vesperam

2222 3496 2396 3552 usque
2430 3477 2785 3548 frequentari.
2839 3471 2955 3526 Hoc
2977 3483 3106 3524 vero
3133 3475 3342 3523 certum
3368 3473 3452 3518 est
3491 3477 3555 3516 ex
3585 3460 3652 3512 iis
3675 3456 3808 3526 Epi-

2221 3571 2408 3644 phanii
2441 3569 2654 3630 verbis,
2687 3563 2953 3635 jejunium
2985 3555 3485 3624 inQuadragesima
3535 3567 3640 3604 non
3677 3558 3808 3602 ante

2225 3643 2506 3732 vesperam
2548 3669 2713 3729 atque
2759 3669 3016 3711 occasura
3065 3651 3238 3706 solem
3289 3664 3318 3703 a
3367 3645 3613 3700 ﬁdelibus
3667 3643 3808 3696 solu-

2227 3763 2363 3810 tmn.
2385 3751 2487 3806 Cui
2517 3759 2944 3807 consentaneum
2963 3755 3070 3810 est,
3091 3743 3240 3814 quod
3271 3755 3395 3795 cum
3419 3739 3485 3792 de
3511 3735 3810 3807 synaxihus

2227 3861 2536 3919 ageremus,
2584 3859 2650 3898 ex
2682 3841 3022 3897 Tertulliano
3065 3835 3354 3892 docuimus
3388 3851 3401 3884 :
3433 3829 3696 3884 stationes
3741 3825 3813 3880 ob

2229 3939 2280 3994 id
2314 3937 2651 4007 semijejunia
2671 3933 2878 3996 vocari,
2913 3929 3059 3998 quod
3087 3927 3156 3981 ad
3190 3927 3382 3979 horam
3411 3934 3610 3975 nonam
3639 3931 3814 3986 usque

2229 4033 2655 4100 prorogarentur
2679 4067 2694 4091 ,
2725 4037 2852 4079 cum
2890 4019 3122 4088 majora,
3165 4011 3473 4084 cujusmodi
3511 4009 3818 4080 quadrage-

2233 4122 2444 4179 simalia
2481 4119 2652 4182 tuere,
2678 4131 2788 4170 non
2819 4123 2946 4168 ante
2971 4111 3111 4166 lucis
3134 4109 3342 4164 exitum
3374 4105 3709 4160 desinerent.
3749 4101 3823 4154 At

2237 4321 2336 4376 pro
2371 4303 2642 4372 cujusque
2681 4299 2889 4352 viribus
2931 4295 3075 4350 vesci
3114 4293 3271 4363 jubet
3303 4305 3318 4342 :
3359 4287 3448 4342 Ἐν
3475 4287 3534 4340 δὲ
3561 4287 3682 4348 ταῖς
3714 4283 3822 4336 λοι-

2239 4401 2368 4460 παῖς
2414 4397 2536 4458 ταῖς
2595 4391 2700 4464 πρὸ
2741 4391 2842 4461 τῆς
2899 4385 3258 4459 παρασκευῆς
3315 4382 3512 4452 ἐνάτην
3559 4378 3730 4449 ὥραν,
3787 4375 3823 4446 ἦ

2241 4495 2482 4566 ἑσπέραν
2526 4491 2758 4552 ἕκαστος
2801 4485 3049 4549 ὲσθιέτω,
3093 4481 3126 4552 ἢ
3171 4482 3322 4541 ὅπως
3359 4476 3424 4530 ἄν
3453 4491 3536 4538 τις
3584 4472 3824 4525 δύναιτο.

560 4587 680 4648 ταῖς
713 4583 946 4656 ἡμέραις
983 4583 1078 4638 τοῦ
1118 4585 1333 4656 Πάσχα,
1371 4585 1566 4654 inquit,
1593 4587 1684 4639 ὅτε
1719 4588 1848 4656 παρ’
1875 4588 2007 4656 ἡμῖν
2043 4604 2111 4656 χα

2243 4563 2568 4642 Ambrosius
2619 4597 2788 4638 serm.
2809 4578 2880 4634 26
2913 4595 2925 4630 :
2959 4576 3101 4646 Rogo
3128 4590 3238 4637 vos,
3277 4571 3472 4639 fratres
3495 4563 3824 4622 charissimi,

565 4676 801 4747 μευνίαι,
847 4677 1081 4744 ἁγνεῖαι,
1129 4677 1517 4742 κακοπάθειαι,
1561 4677 1910 4750 ξηροφαγίαι,
1957 4680 2134 4750 εὐχαὶ,

560 4771 858 4842 ἀγρυπνίαι
888 4789 946 4824 τε
993 4773 1087 4825 καὶ
1123 4775 1394 4841 νηστείαι,
1437 4774 1533 4826 καὶ
1593 4777 1764 4826 πᾶσαι
1795 4773 1906 4827 τῶν
1950 4773 2140 4844 ψυχῶν

563 4865 620 4917 αἱ
675 4864 978 4937 σωτηρίαι,
1013 4873 1120 4918 etc.
1169 4862 1312 4918 Idem
1363 4873 1417 4918 et
1463 4865 1655 4918 haeres.
1715 4865 1804 4928 70,
1859 4881 2012 4920 num.
2070 4865 2138 4920 12

565 4957 956 5012 hebdomadem
989 4957 1134 5011 illam
1175 4955 1459 5012 Paschalis
1489 4957 1826 5029 ξηροφαγίας
1849 4957 2140 5028 ἑϐδομάδα,

566 5049 786 5106 καὶτοῦ
833 5049 1026 5119 Πάσχα
1062 5050 1328 5104 nominat.
1373 5048 1510 5105 Vide
1550 5059 1606 5105 et
1651 5067 1708 5105 n.
1750 5051 1832 5106 14.
1864 5049 1974 5106 Nec
2009 5049 2143 5104 illud

567 5142 1096 5214 praetermittendum
1127 5151 1232 5207 est,
1265 5143 1341 5196 uti
1373 5139 1582 5197 Pascha
1611 5157 1712 5213 pro
1741 5151 1852 5196 tota
1895 5143 2144 5209 Quadra-

569 5235 796 5305 qesima,
821 5244 915 5289 aut
940 5249 1038 5303 pro
1061 5234 1251 5288 ultima
1285 5235 1476 5288 saltem
1513 5233 1658 5288 illius
1687 5234 2025 5289 hebdomada
2051 5249 2146 5288 su-

569 5329 760 5384 mitur.
793 5325 954 5382 Velut
997 5341 1120 5382 cum
1163 5324 1484 5380 Timotheus
1514 5325 1805 5392 νηστεῦσαι
1839 5325 2034 5395 Πάσχα
2061 5325 2146 5379 di-

572 5420 652 5475 xit
689 5435 702 5472 :
737 5419 812 5474 ita
845 5431 1240 5487 nonnunquam
1269 5425 1477 5472 certum
1509 5416 1752 5486 ejusdem
1787 5415 2146 5470 hebdomadis

569 5512 714 5567 diem
747 5511 1076 5580 signiﬁcare,
1121 5517 1180 5562 ut
1211 5508 1352 5577 apud
1375 5505 1603 5561 Tertull.
1637 5507 1731 5560 lib.
1769 5505 1842 5560 De
1865 5517 2006 5560 orat.
2043 5506 2147 5560 sub

573 5605 734 5659 ﬁnem
770 5623 783 5658 :
823 5603 914 5658 Sic
946 5611 995 5657 et
1020 5603 1107 5656 die
1139 5601 1386 5664 Pasclue,
1427 5617 1543 5670 qua:
1593 5600 1885 5654 communis
1916 5609 1963 5652 et
1997 5599 2148 5668 quasi

571 5696 780 5766 publica
819 5695 1017 5767 jejunii
1051 5695 1238 5764 religio
1288 5701 1401 5755 est,
1436 5693 1620 5746 merito
1653 5693 1960 5762 deponimus
1995 5707 2151 5744 oscu-

575 5785 707 5839 lum.
759 5785 862 5852 Qui
908 5786 1046 5850 dies,
1099 5783 1400 5838 Parasceve
1443 5789 1653 5847 sancta,
1712 5797 1818 5850 qua
1868 5779 2151 5834 Passionis

574 5879 841 5934 etnoria
886 5877 1216 5940 celebratur,
1252 5890 1316 5932 ac
1362 5873 1554 5944 Πάσχα
1600 5872 1978 5942 σταυρώσιμον
2029 5886 2152 5926 esse

2240 4689 2296 4734 ut
2329 4681 2386 4732 in
2415 4678 2518 4731 isto
2555 4673 2788 4745 legitimo
2833 4680 3095 4739 tempore,
3145 4663 3376 4732 exceptis
3425 4655 3710 4711 Dominica
3773 4661 3826 4706 et

2241 4769 2474 4826 Sabbato
2523 4767 2724 4830 diebus,
2759 4763 2936 4818 nullus
2987 4767 3110 4812 ante
3151 4771 3346 4810 nonam
3399 4749 3657 4820 prandere
3693 4761 3834 4814 pra:-

2242 4871 2434 4927 sumat,
2478 4860 2582 4912 nisi
2617 4857 2750 4926 forte
2798 4869 2950 4925 quem
2987 4851 3234 4920 jejunare
3281 4844 3570 4914 inﬁrmitas
3593 4856 3694 4892 non
3719 4853 3838 4906 per-

2242 4955 2421 5008 mittit.
2451 4951 2590 5018 Quia
2631 4949 2752 5003 aliis
2778 4947 2959 5000 diebus
2981 4944 3226 5013 jejunare
3251 4947 3344 4992 aut
3379 4935 3686 4992 remedium,
3735 4939 3834 4984 aut

2243 5043 2523 5116 praemium
2552 5050 2629 5094 est
2660 5057 2676 5096 .'
2711 5038 2766 5091 in
2795 5033 3220 5103 Quadragesima
3251 5043 3372 5081 vero
3421 5043 3523 5078 non
3553 5022 3830 5092 jejunare,

2247 5114 2517 5208 peccatum
2555 5141 2650 5186 est.
2698 5129 2804 5197 Qui
2859 5127 3080 5198 quidem
3137 5137 3319 5180 sermo
3371 5119 3597 5176 totidem
3648 5114 3836 5168 verbis

2248 5207 2390 5294 apud
2423 5221 2788 5292 Augustinum
2835 5217 3062 5287 legitur;
3099 5222 3293 5283 estque
3341 5225 3522 5266 sermo
3555 5207 3622 5260 de
3649 5213 3824 5271 temp.

2251 5319 2340 5371 6'2.
2373 5315 2480 5370 Sed
2503 5316 2570 5369 de
2591 5311 2832 5368 Sabbato
2852 5311 3078 5366 verbum
3103 5308 3336 5362 nullum.
3369 5303 3474 5358 Sed
3499 5303 3601 5355 hoc
3625 5299 3836 5361 solum,

2252 5423 2310 5464 ut
2341 5409 2570 5478 exceptis
2605 5405 2899 5459 Dominicis
2929 5403 3132 5465 diebus,
3181 5398 3360 5452 nullus
3395 5394 3656 5465 prandere
3701 5406 3834 5459 pra:-

2251 5510 2446 5556 sumat.
2475 5498 2634 5565 Quod
2671 5497 2815 5551 idem
2842 5503 2925 5549 est
2957 5507 3021 5547 ac
3051 5493 3096 5547 si
3126 5499 3251 5545 ante
3285 5501 3485 5542 nonam
3523 5483 3671 5538 vesci
3703 5495 3838 5550 pro-

2253 5595 2488 5654 hiberet,
2529 5591 2656 5658 quia
2687 5588 2976 5660 prandium
3020 5593 3146 5639 ante
3177 5587 3364 5636 horam
3415 5585 3624 5634 sextam
3653 5573 3836 5642 capie-

2253 5687 2432 5741 batur.
2468 5683 2602 5738 Vide
2635 5685 2864 5751 August.
2909 5679 3073 5748 epist.
3109 5676 3198 5730 86.
3259 5675 3336 5728 lla
3370 5671 3670 5728 Cassianus
3711 5663 3836 5718 Col-

2253 5779 2350 5832 lat.
2386 5777 2478 5840 2t,
2519 5789 2638 5843 cap.
2666 5772 2757 5836 23,
2787 5770 2872 5825 vel
2899 5767 3151 5822 Theonas
3189 5763 3332 5834 apud
3369 5763 3520 5816 illum
3551 5758 3828 5813 admonet,

2257 5878 2320 5928 ut
2352 5869 2406 5921 in
2441 5866 2634 5922 diebus
2661 5862 2840 5928 festis,
2871 5859 3035 5926 cibus,
3063 5857 3157 5928 qui
3188 5856 3320 5910 hora
3360 5853 3466 5907 diei
3495 5865 3632 5904 nona
3659 5847 3836 5916 fuerat
