4054 6404
283 367 416 426 1097
1059 367 1147 423 DE
1186 368 1584 430 VETERIBUS
1621 366 2031 438 QUIBUSDAM
2071 364 2428 421 ECCLESle
2475 363 2772 422 RITIBUS.
3423 361 3561 418 i098

280 483 588 554 capiendus,
619 483 781 553 paulo
811 484 992 549 citius,
1029 485 1085 538 id
1119 497 1198 540 est
1230 496 1380 541 sexta
1409 490 1542 543 hora
1574 505 1670 560 pro
1703 488 1853 558 festi~
1883 489 1930 546 Α
1958 484 2229 554 acjejunii
2255 485 2535 551 relaxatio,
2565 495 2625 538 ut
2656 483 2796 552 Aug.
2823 481 3027 536 indicat
3064 481 3225 551 epist.
3258 481 3390 549 118,
3427 498 3478 538 c.
3507 485 3560 538 4.

279 577 460 631 vitatis
487 587 718 644 tempore
752 577 1017 644 capiatur.
1053 578 1119 630 At
1155 577 1351 647 priscis
1382 581 1719 652 temporibus
1752 593 1859 633 non
1966 576 2124 641 Quod
2154 574 2462 629 Laodiceua
2499 575 2741 644 synodus
2775 571 3029 640 usurpari
3078 571 3252 624 vetuit
3289 586 3412 624 can.
3444 569 3515 626 49
3546 589 3560 622 :

281 680 407 723 ante
430 683 713 737 vesperam
746 669 929 740 cibum
953 684 1148 738 capere
1169 681 1596 736 consueverant;
1633 672 1686 726 id
1718 670 1862 740 quod

1985 667 2090 722 Ὀτι
2139 667 2200 719 οὑ
2243 667 2326 719 δεῖ
2371 670 2429 720 ὲν
2475 666 2892 735 τεσσαρακοστῇ
2941 665 3008 733 τῇ
3061 662 3261 734 ὑστέρα
3314 661 3566 733 aesopus:

280 759 505 830 insuper
530 735 823 829 Theophili
854 735 1210 814 A'lexandrini
1243 761 1396 818 locus
1429 763 1520 818 ille
1553 735 1860 826 conﬁrmat,

1985 763 2066 831 τὴν
2108 760 2370 831 πέμπτην
2418 757 2603 815 λύειν.
2649 758 2745 811 καὶ
2793 757 2922 828 ὅλην
2963 757 3063 826 τὴν
3109 755 3565 826 τεσσαρακοστὴν

279 864 445 918 quem
473 864 641 919 supra
671 849 1058 904 discussimus.
1097 849 1463 922 Posteaquam
1498 869 1628 908 vero
1660 852 1729 906 ad
1766 853 1866 906 ho-

1985 853 2254 924 ιτιμάζειν
2276 870 2288 883 ·
2323 852 2461 906 ἀλλὰ
2491 852 2572 904 δεῖ
2608 853 2790 904 πᾶσαν
2829 851 2929 920 τὴν
2978 847 3431 920 τεσσαρακοστὴν
3469 864 3584 941 νη-⁸

283 957 398 996 ram
433 957 634 996 nonam
665 942 922 997 vescendi
954 951 1170 1013 tempus
1207 959 1239 997 a
1279 959 1506 1015 vespera
1540 946 1864 1000 translatum

1985 946 2182 1000 ςτεύειν
2243 944 2712 1016 ξηροφαγοῦντας.
2769 942 2848 996 Ex
2887 919 3014 1009 quo
3071 919 3291 997 notabis
3349 941 3528 994 obiter
3549 919 3619 1002 ,υ

281 1043 385 1098 est,
444 1044 560 1087 tum
598 1034 878 1088 sublatum
917 1033 1051 1089 illud
1095 1033 1392 1090 discrimen
1428 1037 1688 1100 arbitror,
1721 1036 1866 1105 quod
1968 1037 2251 1093 Passionis
2276 1037 2673 1091 hebdomadem
2703 1034 3151 1104 Quadragesimae
3184 1041 3391 1102 partem
3421 1045 3566 1093 esse,

288 1129 551 1182 hactenus
595 1128 736 1181 inter
781 1127 1046 1182 stationes
1085 1139 1141 1185 et
1166 1127 1376 1199 jejunia
1408 1129 1579 1184 fuisse
1613 1128 1866 1182 vidimus.

287 1217 524 1288 Indeque
570 1231 682 1284 est,
737 1220 885 1290 quod
934 1220 1264 1276 Ambrosius
1308 1237 1475 1277 serm.
1532 1223 1600 1277 56
1659 1223 1868 1294 jejunia

286 1312 720 1382 Quadragesimaz
744 1315 998 1369 stationes
1023 1316 1284 1385 appellari
1309 1315 1466 1370 dixit.

361 1407 475 1459 Ἓν
523 1420 646 1459 τισι
689 1405 758 1459 δὲ
798 1408 1008 1474 τόποις
1051 1407 1159 1476 τῆς
1202 1407 1355 1477 μετὰ
1397 1407 1514 1477 τὴν
1568 1407 1868 1478 πέμπτην.

299 1498 732 1569 ’Δπονηστισμός
799 1511 879 1555 εει
922 1500 1119 1571 jejunii
1177 1503 1413 1566 solutio;
1472 1511 1526 1557 et
1579 1501 1874 1572 ἀπονηστί-

285 1585 478 1652 ζεσθαι
493 1590 758 1658 jejunium
788 1591 1008 1647 solvere.
1041 1591 1155 1648 Nec
1185 1593 1342 1648 aliter
1367 1593 1422 1647 in
1453 1593 1642 1648 Graeco
1671 1591 1875 1662 Hippo-

287 1681 378 1751 lyti
407 1697 618 1737 canone
647 1684 875 1738 verbum
912 1685 1045 1739 illud
1089 1687 1379 1755 accipitur,
1409 1701 1535 1740 cum
1569 1686 1684 1740 ait:
1721 1686 1876 1738 Ἀπο-

285 1772 635 1843 νηστῖξεσθαι
691 1774 747 1827 δὲ
791 1775 873 1828 δεῖ
900 1769 962 1830 οὗ
993 1775 1060 1829 ἂν
1089 1776 1308 1848 ἐμπέσῃ
1338 1776 1601 1847 κυριακή.
1630 1774 1872 1829 Tametsi

289 1842 534 1935 Scaliger
561 1867 616 1920 in
666 1864 824 1920 Notis
870 1867 937 1922 ad
983 1842 1138 1923 illum
1173 1842 1474 1932 canduerit,
1514 1842 1869 1938 ἀπονηστίξε-
1907 1842 1949 1900 Β

290 1953 414 2008 σθαι
449 1963 601 2024 putat
627 1971 750 2011 esse
789 1956 1079 2026 transferre
1101 1957 1371 2026 jejunium
1398 1973 1418 2012 :
1449 1959 1596 2028 quod
1643 1957 1869 2012 minime

289 2048 554 2117 procedit.
582 2045 819 2118 Tempus
843 2064 974 2104 vero
1004 2050 1334 2105 dissolvendi
1360 2049 1578 2120 jcjunii,
1597 2049 1712 2104 sive
1738 2049 1871 2102 hora

291 2136 384 2190 τοῦ
435 2139 847 2210 ἀπονηστισμοῦ
919 2141 1201 2210 multiplex
1247 2141 1368 2195 fuit.
1420 2141 1646 2196 Constit.
1697 2137 1868 2194 Clem.

291 2230 386 2282 lib.
420 2247 471 2298 v,
502 2246 620 2301 cap.
654 2233 750 2285 l9:
776 2230 866 2302 Τῷ
890 2231 948 2285 δὲ
975 2232 1238 2304 Σαϐϐάτῳ
1271 2234 1466 2304 μέχρις
1497 2232 1876 2303 ἀλεκτοροφω-

290 2322 409 2386 νίας
459 2324 916 2394 παρατείνοντες,
977 2326 1405 2397 ἀπονηστίζεσθε
1455 2324 1876 2395 ἐπιφωσκούσης

295 2416 425 2485 μιᾶς
451 2415 560 2468 τῶν
581 2415 899 2482 Σαϐϐάτων,
937 2417 1060 2488 ἥτις
1094 2418 1212 2470 ἐστὶ
1235 2419 1474 2490 κυριακὴ
1501 2419 1609 2471 ἀπὸ
1639 2417 1878 2489 ἑσπέρας

291 2507 400 2570 ἓως
427 2508 895 2579 ἀλεκτοροφωνίας
933 2509 1343 2582 ἀγρυπνοῦντες
1363 2553 1378 2578 ,
1406 2512 1499 2564 καὶ
1532 2513 1625 2565 ἐπὶ
1648 2509 1710 2564 τὸ
1745 2509 1877 2564 αὐτὸ

293 2601 352 2651 ὲν
381 2601 446 2670 τῇ
516 2600 781 2672 ἐκκλησία
813 2601 1291 2673 συναθροιζόμενοι
1327 2606 1672 2674 γρηγορεῖτε.
1713 2601 1874 2657 Jubet

295 2691 769 2761 quadragesimale
811 2693 1081 2763 jejunium
1129 2693 1265 2748 solvi
1315 2695 1382 2748 ad
1417 2695 1784 2764 gallicinium,
1821 2703 1878 2748 ut

296 2793 352 2839 et
381 2786 655 2854 superiori
690 2787 890 2856 capite.
926 2786 1220 2856 Dionysius
1246 2785 1653 2842 Alexandrinus
1676 2787 1742 2841 ad
1777 2787 1876 2840 Ba-

297 2875 524 2941 siliden,
557 2877 912 2946 reprehendit
973 2893 1070 2932 eos
1133 2877 1228 2948 qui
1274 2879 1439 2946 paulo
1468 2887 1596 2932 ante
1645 2877 1878 2931 mediam

301 2978 512 3020 noctem
537 2979 661 3037 post
691 2967 990 3024 Sabbatum
1014 2969 1282 3038 jejunium
1313 2968 1644 3032 dissolvunt,
1666 2967 1742 3030 ὡς
1768 2966 1881 3018 ὀλι-

296 3065 514 3138 γώρους
568 3063 663 3115 καὶ
689 3062 969 3134 ἀκρατεῖς.
1009 3061 1116 3118 Eos
1149 3071 1331 3117 autem
1367 3061 1740 3124 commendat,
1789 3057 1881 3128 qui

301 3171 476 3227 usque
507 3155 575 3210 ad
621 3163 874 3224 quartam
911 3154 1218 3213 custodiam
1279 3153 1590 3217 sustinent;
1640 3165 1742 3205 nec
1789 3163 1886 3203 eos

303 3249 486 3320 magni
534 3247 814 3302 faciendos
847 3246 956 3313 ait,
991 3246 1085 3316 qui
1132 3262 1198 3301 ex
1245 3246 1354 3300 illis
1398 3243 1626 3314 majoris
1675 3243 1884 3298 hebdo-

303 3341 478 3395 madas
507 3355 602 3395 sex
637 3339 832 3393 diebus
856 3380 871 3404 ,
902 3339 1180 3407 prioribus
1214 3347 1452 3407 quatuor
1499 3338 1620 3391 sine
1666 3334 1883 3405 jejunio

303 3433 596 3488 transactis
621 3471 636 3496 ,
684 3429 1021 3485 Parascevcn
1054 3439 1109 3485 et
1135 3430 1433 3485 Sabbatum
1472 3429 1590 3484 sine
1620 3427 1730 3484 ullo
1759 3427 1883 3482 cibo

303 3523 626 3583 traducunt,
657 3520 802 3590 quod
850 3519 1199 3591 ύπερτιθέναι
1246 3519 1510 3574 nominat.
1562 3516 1690 3572 Fuit
1731 3516 1879 3570 enim

304 3616 411 3670 hoc
439 3614 715 3669 veteribus
747 3611 1073 3667 Christianis
1119 3611 1388 3666 familiare
1414 3651 1431 3676 ,
1480 3610 1709 3666 biduum
1749 3607 1884 3662 illud

301 3711 510 3776 absque
540 3707 663 3761 cibo
685 3719 1056 3774 perseverare,
1093 3713 1149 3759 et
1179 3704 1235 3758 in
1261 3703 1508 3758 Ecclesia
1535 3703 1789 3771 precibus
1819 3715 1885 3757 ac

305 3800 504 3871 vigiliis
539 3799 813 3854 insistere.
839 3796 1006 3853 Sexta
1044 3797 1287 3868 synodus
1319 3797 1374 3850 in
1404 3795 1594 3851 Trullo
1620 3812 1744 3850 can.
1777 3795 1838 3850 9i
1866 3812 1880 3850 :

302 3894 416 3956 Τὰς
461 3890 554 3944 τοῦ
593 3890 860 3962 σωτηρίου
891 3889 1101 3952 πάθους
1138 3889 1354 3960 ἡμέρας
1392 3891 1450 3942 ὲν
1491 3889 1745 3959 νηστείᾳ,
1792 3888 1885 3942 καὶ

303 3986 620 4056 προσευχῇ,
651 3983 745 4037 καὶ
773 3981 1064 4049 κατανύξει
1102 3981 1331 4053 καρδίας
1361 3980 1746 4043 ἐπιτελοῦντας
1775 3979 1883 4051 χρὴ

301 4079 428 4141 τοὺς
448 4077 673 4138 πιστοὺς
705 4075 832 4145 περὶ
859 4074 1031 4146 μέσας
1055 4074 1156 4144 τῆς
1183 4073 1311 4144 περὶ
1341 4073 1402 4126 τὸ
1440 4072 1579 4143 μετὰ
1609 4071 1885 4126 Σάϐϐατον

301 4170 495 4234 νυκτὸς
518 4168 666 4241 ὥρας
691 4166 1171 4237 ὰπονηστίζεσθαι.
1204 4167 1281 4219 Ad
1304 4182 1426 4236 qua:
1453 4165 1706 4221 Balsamo
1734 4164 1888 4218 dubi-

302 4270 406 4327 tat,
440 4277 510 4316 an
542 4262 672 4315 illud
700 4261 1050 4331 praecipiatur
1080 4275 1092 4310 :
1123 4258 1367 4313 triduum
1388 4301 1402 4324 ,
1439 4258 1587 4328 qu0d
1620 4266 1704 4311 est
1746 4255 1886 4326 μετὰ

300 4355 404 4428 τὴν
436 4354 700 4425 τετράδα,
747 4352 1001 4423 quodque
1027 4351 1276 4405 Passioni
1324 4352 1596 4420 prazcipue
1643 4349 1886 4404 dicatum

301 4456 405 4514 est,
434 4447 680 4516 adusque
709 4444 943 4499 mediam
987 4452 1203 4497 noctem
1252 4454 1377 4496 ante
1406 4441 1747 4496 Dominicam
1780 4438 1886 4493 Pa-

1971 1142 2080 1182 non
2114 1127 2183 1181 ab
2224 1127 2314 1180 illa
2354 1127 2693 1197 distinctam.
2737 1122 2998 1178 Trullana
3054 1137 3274 1193 quoque
3323 1120 3567 1192 synodus

1971 1218 2212 1286 can.29,
2268 1219 2414 1289 quod
2458 1218 2513 1272 in
2558 1216 3002 1286 Carthaginiensi
3051 1215 3286 1271 concilio
3331 1215 3398 1270 de
3429 1213 3568 1268 feria

1972 1313 2064 1368 illa
2093 1312 2283 1382 quinta
2327 1312 2654 1366 nominatim
2695 1318 2983 1380 exceptum
3041 1308 3263 1364 fuerat:
3303 1307 3365 1362 Ut
3392 1322 3571 1361 sacra.

1972 1410 2149 1456 menta
2184 1401 2376 1455 altaris
2418 1402 2629 1457 nonnisi
2690 1418 2723 1454 a
2749 1401 2945 1470 jejunis
2977 1399 3276 1454 hominibus
3307 1398 3572 1454 celebren-

1975 1503 2084 1562 tur,
2112 1503 2326 1563 excepto
2365 1510 2472 1549 uno
2503 1494 2591 1548 die
2631 1494 3021 1558 anniversario,
3046 1509 3150 1564 quo
3183 1508 3329 1546 caena
3356 1489 3574 1544 Domini

1975 1586 2268 1642 celebratur
2324 1586 2442 1660 (qui
2477 1597 2560 1643 est
2597 1587 2785 1642 Carth.
2823 1601 2907 1652 tu,
2930 1601 3056 1641 can.
3085 1583 3199 1656 29),
3227 1580 3515 1654 abrogavit
3547 1599 3562 1636 :

1974 1679 2253 1750 vetuitque
2281 1679 2379 1734 illo
2411 1679 2498 1734 die
2531 1680 2669 1734 solvi
2709 1679 3005 1749 jejunium.
3036 1679 3106 1732 At
3144 1678 3482 1748 Augustinus
3513 1675 3569 1730 in

1977 1770 2204 1841 epistola
2235 1772 2482 1841 proxime
2525 1772 2690 1826 citata
2741 1771 3022 1826 nonnullis
3067 1770 3120 1824 in
3160 1769 3423 1825 Ecclesiis
3458 1783 3572 1821 mo-

1980 1878 2093 1917 rem
2130 1861 2621 1927 luisse-declarat,
2664 1871 2724 1916 ut
2772 1863 2849 1917 bis
2896 1864 3082 1933 quinta
3128 1861 3348 1916 Sabbati
3375 1860 3569 1914 hebdo-

1978 1955 2151 2010 mada:
2180 1953 2386 2010 ultimm
2436 1956 2879 2027 quadragesimae,
2911 1966 2961 2010 et
3005 1971 3158 2008 mane
3195 1962 3246 2008 et
3289 1953 3359 2007 ad
3405 1969 3570 2021 vespe-

1980 2065 2096 2102 ram
2142 2049 2423 2117 offerretur
2467 2065 2484 2102 :
2538 2046 2687 2118 quod
2734 2046 3158 2117 improbandum
3211 2059 3333 2101 esse
3381 2053 3568 2115 negat.

1980 2140 2134 2207 Quod
2185 2141 2363 2210 ipsum
2394 2141 2524 2196 olim
2559 2141 2615 2194 in
2645 2149 2830 2195 vetere
2859 2139 3102 2194 Ecclesia
3133 2138 3344 2193 caneris
3372 2137 3568 2192 diebus

1982 2236 2244 2289 usitatum
2281 2233 2470 2298 fuisse,
2512 2233 2718 2289 indicat
2765 2231 3076 2303 Cyprianus
3107 2229 3270 2300 epist.
3316 2226 3386 2283 6'5
3434 2228 3568 2282 edit.

1982 2325 2135 2380 Pam.
2171 2325 2275 2381 Ubi
2309 2327 2602 2382 nonnullos
2653 2325 3000 2396 reprehendit
3024 2363 3038 2387 ,
3067 2325 3162 2394 qui
3204 2324 3258 2378 in
3289 2324 3571 2379 matutinis

1984 2416 2272 2472 sacriﬁciis
2295 2433 2496 2488 aquam
2525 2417 2698 2472 solam
2732 2415 3090 2478 adhibebant,
3117 2431 3180 2469 ne
3211 2430 3304 2483 per
3325 2431 3570 2482 saporem

1987 2510 2094 2562 vini
2128 2509 2420 2564 redolerent
2445 2509 2756 2580 sanguinem
2779 2508 2999 2563 Christi.
3018 2507 3170 2574 Quos
3204 2508 3278 2561 ita
3304 2507 3568 2576 castigat:

1987 2605 2070 2654 An
2115 2601 2215 2656 illa
2245 2601 2347 2655 sibi
2392 2601 2587 2671 aliquis
2621 2600 3062 2668 contemplatione
3099 2599 3392 2661 blanditur,
3432 2599 3571 2669 quod

1986 2695 2086 2748 etsi
2115 2710 2268 2748 mane
2317 2710 2458 2764 aqua
2502 2692 2619 2747 sola
2653 2694 2836 2762 offerri
2869 2693 3097 2756 videtur,
3143 2702 3316 2745 tamen
3351 2709 3468 2746 cum
3505 2692 3573 2745 ad

1988 2786 2300 2840 canendum
2328 2787 2561 2840 venimus
2580 2826 2594 2851 ,
2644 2787 2862 2841 mistum
2899 2785 3116 2838 calicem
3144 2786 3452 2854 o/ferimus;
3484 2786 3572 2839 sed

1989 2895 2109 2933 cum
2135 2894 2431 2942 cernamus,
2466 2878 2534 2931 ad
2563 2878 2857 2931 convivium
2881 2887 3120 2931 nostrum
3157 2877 3358 2946 ptebem
3387 2893 3576 2930 convo-

1990 2986 2111 3024 care
2133 2985 2235 3024 non
2259 2985 2562 3039 possumus,
2593 2978 2648 3022 ut
2673 2969 2995 3023 sacramenti
3021 2969 3296 3022 veritatem
3327 2971 3576 3039 fraterni-

1992 3070 2101 3114 tate
2139 3061 2283 3114 omni
2309 3068 2564 3129 praesente
2596 3058 3062 3113 celebremus?Bis
3093 3059 3258 3131 igitur
3305 3062 3574 3116 sacriliria

1993 3153 2257 3209 celebrari
2302 3153 2572 3216 solebant,
2607 3165 2789 3220 mane,
2832 3158 2887 3206 et
2916 3151 3135 3221 quidem
3169 3151 3417 3224 publice;
3459 3164 3574 3207 tum

1987 3246 2240 3318 privatim
2273 3247 2376 3302 sub
2407 3260 2708 3316 vesperam.

2057 3337 2170 3392 Kal
2219 3337 2408 3403 οὕτως
2450 3337 2728 3393 ἀπολύει.
2792 3337 3078 3402 Ἀπόλυσις
3118 3348 3202 3394 εει
3246 3337 3414 3393 Missa
3463 3341 3595 3406 sive.

1985 3430 2192 3497 missio,
2226 3445 2352 3484 cum
2392 3429 2671 3495 diaconus,
2709 3444 2766 3484 re
2819 3445 2974 3485 sacra
3007 3429 3278 3496 conlecta,
3317 3432 3575 3501 populum

1985 3521 2226 3576 dimittit.
2260 3519 2440 3587 Quare
2469 3519 2880 3576 subaudiendus
2905 3529 3008 3586 est,
3037 3521 3066 3572 ὁ
3097 3520 3361 3586 διάκονος.

2068 3611 2166 3665 Ἐν
2217 3610 2294 3679 τῇ
2355 3610 2750 3680 ἀναστασίμῳ
2807 3609 3018 3680 ἡμέρᾳ.
3076 3609 3302 3682 Proprie
3363 3612 3576 3684 μεγάλη

1988 3704 2176 3776 ἡμέρα
2200 3704 2410 3759 Pascha
2439 3704 2772 3759 nominatur.
2808 3701 2880 3758 Ut
2913 3705 2968 3759 in
3015 3705 3326 3778 Ancyrano.
3361 3721 3484 3761 can.
3519 3701 3572 3772 ὅ,

1990 3796 2178 3862 Ἔδοξε
2214 3797 2376 3868 μέχρι
2403 3796 2503 3867 τῆς
2533 3795 2778 3868 μεγάλης
2809 3797 3026 3869 ἡμέρας
3063 3798 3144 3861 είς
3194 3797 3457 3871 ἀκρόασιν
3491 3797 3576 3850 δε-

1987 3889 2202 3960 χθῆναι,
2232 3887 2299 3943 Et
2323 3887 2582 3959 quoniam
2611 3890 2666 3942 in
2698 3888 3038 3944 illustrandis
3070 3889 3269 3944 veteris
3319 3888 3576 3944 Ecclesiae

1988 3982 2183 4036 ritibus
2229 3989 2460 4034 navatur
2491 3995 2522 4034 a
2569 3979 2726 4034 nobis
2769 3994 2956 4050 opera,
2990 3979 3057 4034 de
3097 3995 3206 4035 uno
3236 3981 3473 4036 alterove
3501 3982 3576 4034 lc-

1987 4084 2192 4128 ctorem
2234 4072 2672 4135 admonebimus,
2700 4072 2792 4142 qui
2832 4087 2930 4142 per
2974 4072 3247 4128 solemnes
3288 4071 3571 4128 Paschatis

1992 4168 2162 4223 ferias
2195 4166 2449 4236 usurpari
2495 4165 2762 4220 solebant.
2813 4166 2918 4232 Qui
2960 4166 3062 4221 etsi
3111 4167 3178 4220 ad
3210 4164 3565 4236 Epiphaniuu-

1989 4269 2234 4315 nostrum
2282 4260 2418 4313 nihil
2462 4259 2756 4314 admodum
2802 4259 3145 4329 pertineant,
3203 4261 3341 4315 alias
3391 4271 3574 4317 tamen

1989 4357 2190 4412 habent
2228 4358 2682 4426 opportunitates,
2719 4357 2790 4412 ob
2827 4373 2964 4427 quas
3018 4359 3233 4412 illorum
3280 4375 3388 4413 non
3437 4377 3574 4430 prai-

1988 4452 2336 4506 termittenda
2387 4452 2590 4505 mentio
2645 4453 2878 4506 videtur.
2938 4451 3180 4506 Primum
3237 4453 3436 4522 igitur,
3477 4471 3571 4523 per

303 4539 545 4593 sebalem
589 4537 805 4606 ieiunos
850 4534 1177 4605 PBFSiSlel‘e;
1239 4550 1307 4588 an
1357 4533 1425 4588 de
1470 4548 1580 4588 ιιηο
1619 4533 1885 4588 duntaxat
1915 4550 1960 4604 D
1989 4545 2110 4598 illos
2141 4545 2258 4598 dies
2287 4559 2315 4597 a
2356 4541 2684 4598 Christianis
2721 4543 3142 4613 imperatoribus
3182 4545 3349 4600 vincti
3400 4547 3571 4614 capti-

305 4629 544 4685 Sabbato
572 4639 866 4685 caveatur:
895 4629 951 4682 in
993 4644 1105 4699 quo
1139 4628 1363 4698 rigidior
1398 4642 1463 4682 ac
1496 4627 1740 4682 severior
1761 4639 1884 4681 esse

298 4723 495 4794 jejunii
527 4723 811 4793 disciplina
846 4723 1064 4778 debeat.

377 4817 484 4868 Ἔν
530 4829 652 4868 τισι
703 4813 772 4866 δὲ
805 4815 1012 4880 τόποις
1056 4813 1303 4881 λατρεία
1357 4810 1470 4880 τῆς
1516 4813 1880 4881 οίκονομίας.

302 4905 577 4975 Λατρείαν
609 4904 711 4974 τῆς
735 4905 1047 4975 οἰκονομίας
1076 4905 1313 4957 divinum
1337 4913 1385 4956 et
1412 4904 1748 4956 incruentum
1804 4920 1886 4957 sa-

302 4998 566 5068 criﬁcium
610 4997 882 5068 appellat;
931 5007 992 5051 ut
1020 5005 1075 5052 et
1121 4997 1284 5066 paulo
1317 5003 1442 5065 post
1485 4995 1758 5064 disjuncte
1797 4996 1884 5050 λαο

301 5087 489 5160 τρείας
512 5088 606 5139 καὶ
625 5069 958 5157 οἰκονομίας,
983 5094 1037 5140 ει
1066 5086 1123 5139 in
1150 5085 1426 5151 Aeriauis,
1468 5084 1600 5139 haer.
1630 5084 1699 5136 77
1727 5103 1739 5137 :
1770 5085 1883 5156 Τὴν

305 5177 617 5248 οἰκονομίαν
641 5176 744 5247 τῆς
773 5175 1050 5247 λατρείας,
1077 5176 1184 5232 hoc
1211 5185 1297 5232 est
1333 5177 1574 5229 missam.
1614 5172 1751 5228 Nam
1783 5174 1882 5228 λα-

304 5269 461 5338 τρεία
493 5268 712 5321 divinus
759 5265 940 5321 cultus
988 5273 1154 5335 atque
1182 5265 1418 5320 cilicium
1454 5271 1566 5330 est,
1610 5263 1755 5332 quod
1794 5279 1883 5319 sa—

305 5358 514 5414 criﬁcio
568 5355 1193 5428 przestatur;otxovopla
1233 5355 1629 5410 lncarnalionis
1672 5353 1885 5410 Passio-

304 5453 500 5521 nisque
528 5449 828 5506 Dominicze
865 5450 1187 5522 mysterium
1219 5448 1511 5519 signiﬁcat,
1551 5448 1638 5503 cui
1681 5463 1882 5516 reprae-

304 5543 571 5598 sentando
613 5544 920 5600 institutum
974 5542 1110 5597 illud
1151 5551 1235 5596 est
1287 5557 1318 5596 a
1368 5540 1481 5595 Deo
1528 5540 1883 5599 sacriﬁcium.

302 5632 420 5689 Etsi
445 5635 499 5688 in
523 5634 773 5690 Aerianis
801 5650 857 5690 n.
887 5635 922 5689 5
946 5633 1268 5703 simpliciter
1300 5633 1639 5703 οίκονομίαν,
1667 5631 1773 5686 hoc
1803 5640 1888 5686 est

306 5730 626 5798 mysterium
671 5736 853 5783 vocat.
930 5727 1104 5783 Porro
1160 5727 1296 5782 feria
1346 5728 1535 5796 quinta
1588 5725 1888 5781 Dominicaa

303 5815 585 5876 Passionis
612 5820 668 5876 in
691 5820 1021 5891 quibusdam
1047 5820 1308 5877 Ecclesiis
1330 5820 1739 5892 ἀπονηστισμός
1785 5820 1888 5878 luit

704 5919 976 5980 PATROL.
1019 5920 1137 5981 Gn.
1171 5921 1223 5980 X
1238 5920 1364 5982 Lll.

1986 4636 2147 4706 vique
2215 4651 2245 4690 e
2297 4651 2516 4690 carcere
2580 4635 2956 4690 mittebantur.
3008 4635 3257 4691 Monachi
3313 4635 3571 4708 Eutychis

1986 4727 2225 4783 haaretici
2256 4726 2310 4780 in
2337 4726 2516 4781 libello
2543 4727 2774 4797 supplici
2798 4727 2881 4780 Ad
2905 4727 3367 4797 pseudosynodnm
3401 4726 3574 4796 Ephe-

1984 4819 2178 4883 sinam,
2212 4818 2267 4872 in
2294 4816 2445 4873 Actis
2473 4816 2802 4874 Chalcedon.
2846 4819 3083 4880 concilii,
3121 4819 3187 4870 de
3217 4817 3304 4870 die
3339 4817 3572 4872 Pascha-

1988 4911 2055 4964 lis
2102 4911 2387 4979 loquentes
2422 4928 2435 4963 :
2468 4908 2604 4962 Καθ’
2645 4909 2728 4980 ἢν,
2780 4909 3055 4976 inquiunt,
3089 4907 3275 4960 λύεται
3318 4907 3415 4977 μὲν
3461 4911 3573 4967 τοῖς

1985 4998 2258 5062 πλείστοις
2281 4999 2389 5053 τῶν
2410 5001 2810 5071 ἡμαρτηκότων
2843 5000 2952 5052 ἀπὸ
2980 4999 3087 5052 τῶν
3118 4999 3289 5067 ἁγίων
3320 4997 3574 5068 πατέρων

1983 5093 2143 5164 ἡμῶν
2173 5091 2238 5145 τὰ
2275 5092 2559 5162 ἐπιτίμια·
2591 5092 2777 5145 λύεται
2815 5091 2872 5144 δὲ
2908 5092 3060 5164 παρὰ
3101 5091 3208 5144 τῶν
3245 5087 3574 5159 βασιλευόν-

1983 5201 2092 5238 των
2120 5184 2214 5236 ἐπὶ
2243 5182 2351 5235 τῶν
2381 5183 2742 5255 ἐγκλημάτων
2768 5185 2837 5238 τὰ
2864 5185 3040 5256 δεσμὰ
3072 5188 3186 5248 τοῖς
3227 5183 3576 5245 ὑπευθύνοις..

1983 5278 2177 5332 Exstat
2205 5277 2393 5332 eadem
2425 5279 2490 5331 de
2536 5294 2597 5332 re
2631 5279 2797 5349 impp.
2829 5277 3214 5344 Valentiniani,
3245 5279 3487 5336 Valentis
3521 5289 3576 5334 ct

1987 5367 2229 5424 Gratiani
2260 5369 2582 5439 rescriptum
2619 5371 2689 5425 55
2719 5371 2787 5426 de
2831 5370 3040 5442 indulg.
3082 5372 3206 5426 cod.
3248 5372 3521 5428 Theodos.
3557 5395 3570 5430 :

1991 5459 2069 5514 Ob
2123 5459 2261 5512 diem
2320 5458 2543 5516 Pascha:
2593 5479 2746 5532 quem
2792 5464 2982 5518 intimo
3027 5464 3183 5518 corde
3228 5464 3572 5529 celebramus,

1988 5549 2252 5618 omnibus,
2287 5568 2416 5621 quos
2442 5561 2620 5606 reatus
2639 5555 2905 5625 astringit,
2932 5572 3114 5609 carcer
3142 5557 3382 5612 inclusit.
3421 5558 3574 5612 clau-

1990 5652 2106 5697 stra
2132 5633 2488 5700 dissolvimus.
2521 5645 2698 5717 Hujus
2727 5649 2888 5703 nobis
2916 5651 3408 5705 commemoranda:
3441 5667 3575 5706 con-

1991 5735 2298 5790 suetudinis
2339 5738 2685 5794 occasionem
2721 5740 2869 5795 dedit
2917 5739 3290 5796 Themistiana
3324 5742 3574 5811 quaedam

1991 5827 2203 5895 oratio;
2255 5828 2414 5898 cujus
2478 5816 2875 5903 argumentum‘
2914 5835 3176 5894 hactenus
3233 5840 3562 5906 ignoratum.

3261 5936 3335 5994 33
