4054 6404
502 380 638 438 σθω

1273 375 1364 432 DE
1401 374 1802 432 VETERIBUS
1839 375 2248 442 QUIBUSDAM
2285 376 2644 436 ECCLESM‘I
2682 377 2982 436 RITIBUS.

3625 376 3772 433 “00

500 512 601 553 nec
632 513 663 552 a
701 497 857 552 nobis
895 497 1057 550 etiam
1091 495 1146 548 in
1175 495 1472 550 novissima
1502 505 1688 551 nostra
1717 494 1955 550 editione
1985 510 2076 548 sa-
2110 500 2151 554 Α
2180 510 2271 562 per
2297 497 2710 552 solemnissimos
2759 497 3040 552 Paschales
3093 496 3201 550 dies
3252 506 3636 550 sacramentum
3676 513 3772 550 ca—

501 591 572 643 tis
593 588 948 648 intellectum.
975 587 1269 656 plurimum
1306 587 1431 642 huic
1455 587 1817 642 observationi
1841 586 2076 642 debebit.

501 681 574 734 l-ia
613 689 696 734 est
746 679 886 732 inter
915 676 1318 733 Themistianas
1364 678 1554 733 ordine
1594 680 1782 748 quinta
1821 697 1834 732 :
1878 679 1928 732 in
1974 694 2080 748 qua

499 769 792 825 Theodosii
861 770 1097 825 senioris
1168 771 1510 825 clementiam
1581 771 2084 841 humanitatemque

499 862 778 930 pradicat.
819 859 993 926 Quam
1033 860 1251 929 quidem
1298 861 1597 915 orationem
1646 861 1806 932 vulgo
1859 876 2083 932 persua-

502 969 622 1007 sum
657 961 775 1006 erat
816 951 1070 1005 omnibus
1121 951 1187 1005 ad
1237 951 1661 1006 Antiochensem
1696 953 1841 1006 illam
1873 954 2080 1023 procel-

501 1047 608 1100 lam
650 1044 1123 1114 calamitatemque
1173 1043 1361 1097 referri
1400 1062 1412 1097 :
1456 1044 1676 1114 quando
1721 1043 1792 1097 ob
1842 1045 2083 1114 dejectas

499 1135 750 1207 populari
782 1134 1048 1189 seditione
1086 1133 1323 1190 Placilke
1365 1143 1579 1190 statuas
1609 1134 1954 1191 exulceratus
1982 1137 2085 1189 im-

498 1228 764 1298 peratoris
799 1227 1037 1290 animus,
1092 1236 1148 1280 et
1196 1227 1264 1280 ad
1311 1228 1694 1282 vindicandam
1742 1229 2080 1299 maiestatem

499 1321 870 1377 inﬂammatus
919 1319 1161 1374 Flaviani
1213 1321 1463 1390 prtesulis
1504 1322 1772 1392 legatione
1805 1323 2084 1392 mitigatus

496 1423 600 1467 est.
635 1412 742 1469 Sed
784 1427 886 1468 nos
939 1413 1265 1468 necessariis
1313 1413 1640 1482 quibusdam
1692 1415 1996 1470 rationibus
2028 1417 2080 1468 in

499 1505 884 1561 Themistianis
941 1506 1086 1561 notis
1149 1507 1536 1572 ostendimus,
1593 1508 1738 1568 alio,
1793 1523 1956 1577 quam
2015 1509 2082 1562 ad

501 1595 942 1650 Theodosianum
977 1593 1110 1648 illud
1145 1593 1368 1658 factum,
1405 1603 1648 1664 spectare
1683 1593 2079 1660 Themistium;

498 1700 676 1756 neque
709 1694 889 1740 tamen
936 1685 1240 1752 cujusmodi
1287 1684 1500 1739 facinus
1547 1684 1677 1739 illttd
1719 1695 1885 1752 esset,
1913 1686 2083 1740 extri-

498 1793 623 1831 care
651 1785 764 1831 tum
793 1776 1091 1846 potuimus.
1133 1775 1314 1843 Quare
1362 1777 1432 1830 ita
1466 1777 1888 1847 disputationem
1925 1777 2079 1833 clau-

497 1867 709 1920 simus:
747 1864 955 1919 Habent
1004 1866 1166 1935 igitur
1219 1865 1414 1918 eruditi
1471 1867 1570 1919 uiri
1633 1876 1787 1936 atque
1844 1867 2081 1922 historia'

494 1959 744 2022 studiosi,
799 1959 854 2010 in
907 1974 1006 2028 quo
1045 1957 1325 2026 quaerendo
1370 1967 1526 2026 atque
1570 1958 1894 2013 enucleando
1942 1960 2086 2030 inge-

495 2052 644 2104 nium
699 2067 852 2104 suum
909 2059 1202 2106 exerceant.
1257 2048 1414 2116 Quod
1463 2065 1595 2106 sane
1647 2052 1837 2106 merito
1894 2063 2004 2106 tum
2055 2067 2084 2104 a

497 2141 655 2197 nobis
683 2151 765 2197 est
817 2141 1041 2196 factum.
1101 2141 1293 2196 Postea
1351 2157 1479 2196 vero
1536 2141 1664 2196 dum
1707 2141 2085 2214 Chrysostomi

497 2236 645 2290 hom.
700 2253 770 2289 xx
817 2235 882 2289 ad
932 2235 1189 2304 populum
1231 2235 1631 2290 Antiochenum
1687 2237 2082 2305 percurrimus,

496 2326 550 2380 in
571 2343 676 2396 qua
703 2326 769 2381 de
797 2326 1037 2381 Flaviani
1067 2327 1350 2395 legatione,
1375 2336 1429 2381 et
1458 2328 1741 2393 impetrata
1773 2328 2086 2398 abimpera-

494 2428 610 2474 tore
628 2419 779 2473 venia
802 2420 1310 2490 gratulatur,veram
1329 2417 1864 2474 Themistianaeillius
1879 2422 2084 2474 oratio-

499 2511 584 2566 nis
617 2512 901 2567 historiam
957 2521 1010 2565 et
1053 2512 1357 2582 argumenti
1401 2525 1670 2565 summam
1712 2527 1816 2566 non
1855 2512 1967 2567 sine
2002 2513 2086 2566 in-

494 2602 641 2668 genti
695 2602 861 2656 animi
921 2601 1095 2658 fructu
1159 2617 1224 2657 ac
1269 2602 1546 2672 voluptate
1593 2603 1902 2659 didicimus.
1944 2602 2079 2657 Cum

491 2694 636 2748 enim
663 2693 901 2748 habitam
934 2710 965 2748 a
997 2693 1254 2749 Flaviano
1279 2696 1359 2749 Ad
1394 2695 1741 2750 Theodosium
1772 2696 2076 2750 orationem

491 2799 558 2840 ac
604 2782 1044 2854 deprecationem
1085 2786 1337 2856 explicat,
1388 2786 1468 2841 sic
1519 2802 1644 2841 eum
1698 2787 1839 2840 inter
1887 2797 2081 2842 castera

495 2880 806 2947 loquentem
840 2877 1045 2931 inducit
1078 2892 1091 2930 :
1126 2877 1238 2932 Καὶ
1279 2878 1332 2932 τί
1376 2878 1482 2949 χρὴ
1522 2878 1699 2947 λέγειν
1733 2880 2081 2932 Κωνσταντῖ-

491 2987 580 3022 νον
653 2969 748 3022 καὶ
798 2967 866 3022 τά
913 2969 1166 3041 ἀλλότρια
1218 2971 1659 3042 παραδείγματα,
1706 2971 1823 3025 δέον
1872 2971 2082 3026 οἴκοθέν

491 3077 573 3123 σε,
599 3061 695 3113 καὶ
721 3061 786 3113 ὲκ
816 3059 924 3113 τῶν
948 3060 1055 3113 σῶν
1083 3061 1419 3132 παρακαλεῖν
1453 3063 1945 3134 κατωρθωμ·άτων;
1985 3065 2081 3134 μέ-

2187 587 2502 642 techumenis
2529 605 2630 642 non
2659 589 2833 650 detur,
2851 588 2956 640 nisi
2978 586 3192 640 solitum
3215 585 3317 640 sal.
3343 584 3483 650 Quia
3508 587 3552 638 si
3584 587 3768 654 ﬁdeles

2185 694 2276 747 per
2301 677 2420 732 illos
2459 679 2571 732 dies
2616 687 2950 732 sacramenta
2999 692 3101 730 non
3133 683 3363 738 mutant,
3403 690 3493 726 nec
3523 673 3773 726 catechu-

2185 771 2349 824 menis
2379 780 2581 841 oportet
2609 780 2837 825 mutare.
2883 768 3020 824 Cum
3065 747 3174 823 sal.
3199 767 3601 822 catechumenis
3628 782 3771 836 prae-

2187 861 2298 915 beri
2353 871 2672 917 consuetum
2733 869 2901 925 esset,
2951 859 3326 930 appetentibus
3367 855 3647 911 Paschalis
3684 854 3770 908 fe—

2186 953 2283 1009 riis
2309 953 2801 1008 extraordinarium
2843 951 3102 1022 quiddam
3145 964 3468 1006 concessum
3514 947 3619 1003 illis
3659 955 3764 1000 est.

2183 1043 2302 1098 Non
2353 1045 2542 1115 utique
2580 1042 2960 1108 Eucharistia;
3006 1055 3106 1096 nec
3153 1041 3297 1094 enim
3352 1047 3560 1093 tantum
3616 1037 3771 1091 insa-

2185 1137 2354 1191 niisse
2378 1151 2709 1207 quemquam
2737 1134 2994 1190 arbitror.
3035 1131 3223 1204 Neque
3262 1147 3390 1186 vero
3441 1145 3539 1201 per
3577 1144 3768 1184 sacra-

2185 1240 2426 1286 mentum
2459 1230 2687 1301 intelligi
2709 1239 2840 1300 puto
2869 1229 3198 1301 symbolum,
3232 1227 3326 1282 sed
3365 1240 3557 1294 panem
3586 1224 3768 1292 ipsum

2184 1335 2251 1375 ac
2287 1321 2496 1385 vinum,
2530 1335 2595 1374 ex
2631 1335 2742 1389 quo
2790 1317 3134 1374 Eucharistia
3184 1323 3502 1372 consecrata
3546 1312 3765 1368 fuerat:

2185 1429 2311 1468 nam
2346 1412 2586 1482 reliquiae
2610 1412 2766 1482 panis
2808 1420 2862 1465 et
2906 1411 3040 1475 vini,
3073 1424 3196 1479 qua:
3231 1423 3259 1461 a
3289 1406 3539 1461 ﬁdelibus
3565 1404 3629 1458 ad
3672 1419 3768 1458 sa-

2185 1505 2447 1560 criﬁcium
2482 1503 2864 1560 celebrandum
2892 1502 3071 1556 oblata
3109 1501 3340 1561 fuerant,
3372 1511 3767 1566 nonnunquam

2185 1597 2240 1651 in
2297 1597 2718 1651 catechumenos
2767 1594 3250 1650 distribuebantur.
3320 1588 3477 1656 Quod
3532 1586 3769 1657 amplius

2185 1688 2436 1757 usurpari
2466 1695 2609 1741 vetat
2637 1685 2971 1756 The0philus
3018 1683 3168 1740 Alex.
3220 1699 3341 1738 can.
3369 1682 3403 1735 8
3436 1700 3448 1735 :
3493 1681 3573 1733 Τὰ
3598 1695 3772 1751 προσ-

2186 1779 2459 1851 φερόμενα
2492 1780 2572 1840 εἰς
2609 1776 2764 1846 λόγον
2798 1776 2986 1840 θυσίας
3016 1775 3154 1846 μετά
3191 1774 3300 1827 τῶν
3331 1772 3770 1842 ἀναλισκομένων

2185 1874 2262 1935 εἰς
2293 1871 2390 1942 τὴν
2416 1871 2524 1923 τῶν
2556 1868 2868 1941 μυστηρίων
2891 1868 3077 1943 χρείαν
3108 1869 3155 1920 οἱ
3195 1867 3444 1937 κληρικοὶ
3487 1864 3772 1932 διανειμά-

2187 1964 2420 2029 σθωσαν,
2463 1963 2558 2016 καὶ
2609 1963 2749 2034 μήτε
2790 1959 3195 2032 κατηχούμενος
3236 1961 3299 2012 ὲκ
3353 1956 3556 2010 τούτων
3592 1955 3772 2008 ἐσθιέ-

2183 2074 2260 2109 τω
2335 2054 2368 2125 ἢ
2425 2053 2627 2106 πινέτω
2669 2071 2682 2084 ·
2735 2051 2871 2106 ἀλλὰ
2931 2050 3130 2121 μᾶλλον
3171 2051 3220 2101 oi.
3279 2047 3527 2118 κληρικοὶ
3572 2046 3666 2099 καὶ
3713 2045 3767 2098 οἱ

2187 2146 2283 2198 σὺν
2307 2147 2487 2210 αὐτοῖς
2513 2144 2692 2198 πιστοὶ
2717 2143 2952 2212 ἀδελφοί.
2990 2142 3070 2196 Ad
3117 2155 3279 2210 quem
3329 2154 3592 2194 canonem
3637 2137 3766 2190 Bal-

2184 2254 2334 2292 samo
2362 2237 2578 2292 scribit:
2611 2234 2923 2291 Oblationes
2949 2235 3068 2289 illas
3092 2247 3285 2303 panem
3307 2241 3362 2286 et
3388 2231 3570 2284 vinum
3599 2245 3721 2284 esse
3749 2249 3766 2282 :

2187 2347 2250 2385 ex
2287 2329 2486 2398 quibus
2521 2337 2701 2398 partes
2729 2328 2833 2382 illae
2877 2337 3108 2396 sumptae
3157 2335 3283 2380 sunt
3305 2323 3551 2395 (μερίδας
3583 2331 3764 2385 vocat.

2188 2421 2265 2475 uti
2287 2419 2456 2474 Graeci
2477 2417 2647 2472 ferme
2671 2415 3094 2487 consueverunt)
3112 2430 3233 2485 qua:
3262 2430 3293 2469 a
3322 2412 3603 2468 sacerdote
3623 2428 3765 2467 con-

2187 2520 2489 2568 secrantur.
2517 2509 2593 2564 Ex
2619 2525 2728 2580 quo
2757 2510 2836 2574 ﬁt,
2859 2519 2917 2564 ut
2941 2509 3182 2578 reliquiae
3207 2508 3336 2577 ipsae
3357 2506 3767 2576 quodammodo

2186 2604 2535 2659 sanctiﬁcata:
2551 2601 2678 2666 sint,
2709 2616 2808 2655 nec
2829 2602 2882 2654 in
2901 2597 3158 2670 profanos
3177 2597 3496 2652 dividendae.
3517 2595 3622 2651 Has
3638 2597 3770 2650 reli-

2184 2695 2338 2766 quias
2352 2692 2794 2764 Carthaginensis
2812 2692 3052 2764 synodus
3067 2699 3405 2745 sacramenta
3423 2698 3598 2754 vocat,
3618 2690 3766 2758 quod

2183 2803 2250 2844 ex
2282 2788 2384 2841 illis
2414 2794 2754 2842 sacramenta
2783 2785 2988 2845 ﬁerent,
3013 2784 3092 2837 uti
3125 2798 3223 2837 nos
3257 2782 3458 2836 hostias
3483 2783 3643 2851 vulgo
3665 2781 3767 2844 τὰς

2186 2880 2430 2952 μερίδας,
2467 2879 2580 2934 sive
2616 2877 2921 2952 particulas
2949 2877 3110 2931 etiam
3142 2885 3267 2930 ante
3298 2873 3767 2930 consecrationem

2182 2951 2537 3043 appellamus.
2584 2951 3002 3043 Quanquam‘et
3039 2974 3378 3022 sacramenta
3436 2967 3549 3020 scio
3599 2966 3764 3019 etiam

2182 3065 2431 3120 absolute
2473 3079 2570 3134 pro
2607 3061 2940 3132 quibuslibet
2983 3059 3226 3131 mysticis
3273 3057 3442 3128 signis
3484 3058 3764 3126 usurpari,

492 3168 692 3234 μνησαι
728 3150 918 3223 πρώην
945 3195 958 3216 ,
1001 3153 1090 3206 ὅτε
1122 3152 1222 3222 τῆς
1270 3153 1466 3223 ἑορτῆς
1496 3154 1699 3224 ταύτης
1742 3155 2076 3210 καταλαϐού-

2180 3160 2424 3228 adeoque
2451 3171 2550 3226 pro
2581 3155 2694 3210 sale
2730 3171 2794 3210 ac
2832 3155 3041 3210 caeteris
3068 3169 3190 3227 qua:
3229 3150 3633 3208 catechumenis
3662 3153 3761 3204 da-

491 3258 592 3310 σης
631 3242 918 3312 ἐπιστολὴν
973 3242 1224 3314 ἔπεμψας
1277 3245 1552 3316 πανταχοῦ
1591 3247 1692 3317 τῆς
1746 3248 2068 3319 οἰκουμένης

489 3330 815 3384 κελεύουσαν
843 3334 969 3396 τοὺς
1009 3333 1068 3386 τὸ
1116 3334 1488 3406 δεσμωτήριον
1528 3337 1808 3402 οἰκοῦντας
1834 3338 2068 3407 ἀφεῖναι,

487 3421 584 3474 καὶ
621 3426 924 3494 συγχωρεῖν
969 3425 1151 3487 αὐτοῖς
1200 3426 1269 3478 τά
1315 3428 1668 3498 ἐγκλήματαο
1723 3430 1814 3482 καὶ
1859 3430 1932 3494 ὡς
1971 3431 2070 3484 οὐκ

486 3511 803 3584 ἀρκούντων
853 3513 1077 3567 ἐκείνων
1127 3515 1297 3581 δεῖξαί
1354 3535 1445 3570 σου
1491 3519 1588 3590 τὴν
1637 3519 2067 3592 φιλανθρωπίαν,

487 3602 671 3670 Κλεγες
700 3603 786 3656 διά
816 3603 924 3656 τῶν
953 3605 1314 3676 γραμμάτων,
1344 3607 1427 3660 ὅτι
1457 3608 1579 3660 Εἴθε
1623 3627 1713 3678 μοι
1739 3609 1960 3663 δυνατὸν
2004 3606 2070 3681 ἦν

489 3697 582 3749 καὶ
624 3697 750 3758 τοὺς
803 3697 1133 3760 ἀπελθόντας
1176 3697 1423 3776 καλέσαι,
1477 3701 1571 3753 καὶ
1621 3703 1947 3773 ἀναστῆσαι,
1977 3704 2071 3757 καὶ

490 3786 624 3858 πρὸς
646 3787 743 3857 τὴν
773 3788 1043 3858 προτέραν
1075 3792 1371 3858 ἀναγαγεῖν
1399 3791 1562 3862 ζωήν.
1596 3793 1909 3864 Quanquam
1943 3796 2069 3864 quid

488 3881 676 3931 attinet
731 3879 1158 3946 Constantinum,
1193 3893 1284 3933 aut
1337 3883 1568 3936 aliorum
1611 3885 1848 3954 exempla
1880 3903 2071 3939 memo-

489 3985 628 4035 rare,
669 3987 786 4023 cum
823 3981 870 4023 te
898 3971 1198 4025 domesticis
1228 3975 1330 4025 tuis
1358 3974 1507 4027 rebus
1555 3992 1620 4028 ac
1659 3975 1816 4045 factis
1849 3979 2071 4033 incitare

489 4063 772 4128 oporteat?
802 4060 1093 4116 Meministi
1143 4079 1309 4133 nuper
1355 4081 1494 4128 cum,
1539 4067 1716 4120 eodem
1767 4067 1862 4120 illo
1914 4086 2072 4138 appe—

489 4161 625 4204 tente
658 4153 811 4220 festo,
845 4153 1051 4206 litteras
1087 4162 1196 4208 toto
1233 4164 1495 4209 terrarum
1533 4159 1653 4212 orbe
1692 4162 1914 4227 misisti,
1949 4165 2068 4232 qui-

489 4241 582 4292 bus
612 4257 696 4295 eos
729 4259 926 4306 omnes,
957 4245 1045 4312 qui
1093 4245 1149 4297 in
1197 4262 1404 4300 carcere
1435 4260 1605 4313 erant,
1639 4251 1859 4319 dimitti,
1897 4256 2070 4322 eisque

489 4332 779 4385 condonari
817 4335 1041 4388 crimina
1079 4336 1315 4405 jussisti.
1349 4339 1480 4393 Tum
1523 4343 1736 4410 perinde
1768 4361 1828 4397 ac
1860 4347 1906 4398 si
1941 4363 2070 4399 non-

487 4421 616 4476 dum
642 4423 752 4478 hazc
785 4425 1132 4494 testiﬁcanda:
1163 4429 1484 4486 humanitati
1515 4445 1619 4487 tua:
1669 4436 1979 4504 suﬂicerent,
2014 4440 2065 4490 in

2174 3252 2391 3306 bantur.
2420 3246 2557 3315 Aug.
2588 3244 2681 3298 lib.
2714 3259 2750 3298 II
2789 3245 2863 3297 De
2896 3254 3091 3314 peccat.
3119 3244 3342 3307 meritis,
3373 3258 3492 3312 cap.
3533 3240 3604 3295 26
3635 3260 3648 3295 :
3691 3240 3761 3294 Et

2171 3338 2309 3410 quod
2349 3337 2636 3405 accipiunt,
2687 3336 2925 3406 quamvis
2960 3353 3062 3389 non
3093 3336 3163 3387 sit
3196 3351 3384 3404 corpus
3435 3334 3636 3389 Christi
3672 3335 3767 3398 (de

2171 3429 2576 3486 catechumenis
2608 3428 2867 3499 loquitur)
2903 3441 3147 3482 sanctum
3183 3438 3258 3481 est
3305 3439 3499 3491 tamen,
3547 3437 3596 3480 et
3631 3443 3764 3479 san-

2172 3525 2308 3578 ctius
2337 3538 2493 3592 quam
2523 3522 2624 3575 cibi
2653 3521 2842 3592 quibus
2892 3521 3110 3583 alimur,
3151 3521 3401 3590 quoniam
3450 3533 3761 3572 sacramen-

2174 3624 2287 3668 tum
2313 3624 2409 3668 est.
2443 3612 2576 3679 Quae
2607 3613 2896 3683 Augustini
2926 3612 3088 3666 verba
3131 3621 3314 3665 utrum
3350 3611 3414 3664 ad
3452 3626 3641 3680 panem
3680 3610 3765 3662 vi—

2173 3721 2434 3773 numque,
2483 3721 2548 3758 ex
2603 3719 2713 3773 quo
2765 3704 3106 3757 Eucharistia
3156 3701 3403 3756 confecta
3457 3703 3568 3771 jam
3617 3708 3761 3764 erat,

2172 3796 2364 3852 referri
2401 3797 2654 3860 debeant,
2694 3797 3043 3865 cogitandum
3079 3795 3314 3864 amplius
3351 3802 3452 3849 est.
3490 3793 3629 3848 Cum
3661 3793 3763 3863 igi-

2174 3898 2262 3943 tur
2291 3889 2475 3943 ﬁdeles
2510 3889 2698 3943 eadem
2733 3889 2925 3944 diebus
2968 3888 3222 3943 omnibus
3255 3899 3618 3952 sacramenta,
3656 3887 3764 3941 hoc

2172 3991 2255 4035 est
2288 3982 2709 4047 Eucharistiam,
2752 3998 2874 4052 quae
2921 3981 3160 4037 ﬁdelium
3210 3983 3425 4052 propria
3461 3991 3564 4048 est,
3601 3997 3760 4037 usur-

2173 4083 2340 4142 pent,
2406 4090 2514 4128 non
2563 4075 2782 4140 debent,
2831 4074 2987 4128 aiunt
3036 4073 3499 4144 Carthaginenses
3548 4075 3758 4143 Patres,

2173 4166 2549 4219 catechumcni
2590 4167 2807 4234 propria
2857 4165 3063 4220 ordinis
3107 4166 3192 4220 sui
3245 4181 3309 4220 ac
3359 4177 3532 4220 status
3578 4183 3760 4221 sacra-

2175 4265 2355 4309 menta
2397 4266 2646 4319 mutare,
2705 4272 2880 4326 neque
2931 4257 3134 4326 aliquid
3183 4268 3375 4327 praeter
3397 4260 3565 4313 salem
3614 4260 3761 4314 acci-

2173 4362 2320 4415 pcrt'.
3645 4359 3650 4362 ’

2251 4439 2324 4492 Τὰ
2355 4438 2422 4491 δὲ
2448 4439 2610 4493 ἄλλα
2657 4439 2981 4510 μυστήρια.
3025 4440 3199 4496 Caute
3243 4458 3307 4497 ac
3362 4443 3763 4514 circumspecte

489 4512 598 4567 hwc
631 4515 783 4567 verba
805 4518 1089 4584 scripseras
1119 4536 1137 4572 :
1169 4516 1386 4574 Utinam
1414 4539 1505 4592 ego
1546 4535 1779 4578 mortuos
1823 4527 1889 4579 ad
1915 4531 2077 4582 vitam
2106 4529 2156 4588 Ι)
2181 4531 2248 4584 de
2272 4531 2629 4585 sacramentis
2655 4540 2709 4584 et
2740 4531 3090 4586 interioribus
3114 4532 3386 4603 mysteriis
3420 4512 3758 4590 mentionem

489 4619 729 4659 revocare
751 4616 905 4676 atque
930 4610 1160 4664 excitare
1185 4613 1426 4680 possem!
1449 4614 1604 4680 Quod
1627 4626 1710 4671 est
1736 4617 2069 4686 ipsissimmn

487 4695 836 4766 benignitatis
868 4699 1281 4773 clementiaeque
1333 4707 1630 4774 specimen,
1663 4710 1807 4777 quod
1849 4709 2069 4766 Themi-

486 4783 625 4838 stius
678 4785 731 4837 in
796 4786 885 4840 illa
938 4789 1185 4844 oratione
1251 4793 1511 4860 prmdicat
1549 4837 1563 4860 ,
1621 4797 1899 4867 aliquanto
1952 4811 2076 4856 ante

485 4874 884 4931 Antiochenam
916 4879 1046 4934 illud
1087 4881 1320 4939 editum.
1353 4899 1477 4938 cum
1525 4886 1703 4942 adhuc
1737 4888 1956 4946 Placilla
2000 4894 2076 4946 vi-

484 4976 654 5026 veret,
689 4975 749 5021 ut
779 4983 845 5021 ex
888 4970 1140 5045 oratiope
1178 4973 1295 5041 ipsa
1345 4985 1576 5029 constat.
1615 4976 1731 5033 Non
1779 4983 1925 5050 potui
1966 4993 2072 5038 tam

484 5055 754 5118 illustrem
790 5059 1096 5128 historiam,
1125 5071 1345 5134 tamque
1393 5067 1717 5125 luculentam
1751 5074 1818 5127 ad
1851 5074 2077 5130 Themi-

485 5147 653 5202 stium
706 5158 955 5205 nostrum
993 5154 1361 5210 accessionem
1403 5160 1601 5214 tacitus
1643 5167 2071 5231 prastermittere.

483 5239 928 5296 Commodiorem
961 5255 1164 5309 autem,
1192 5246 1283 5300 ubi
1326 5247 1467 5302 hanc
1521 5251 1836 5320 intexercm,
1870 5257 2070 5325 locum,

481 5345 646 5399 quam
703 5329 848 5386 hunc
895 5333 1093 5403 ipsum,
1144 5335 1308 5391 habui
1367 5339 1597 5397 nullum.
1638 5343 1788 5399 Alter
1820 5363 1926 5402 non
1963 5359 2070 5404 tam

482 5421 622 5477 ritus
652 5437 814 5492 quam
845 5424 1048 5480 rituum
1084 5442 1148 5482 ac
1182 5428 1492 5498 disciplinae
1518 5437 1824 5503 corruptela
1854 5437 1974 5504 fuit,
2015 5451 2073 5494 ut

481 5514 673 5569 iisdem
705 5515 896 5572 diebus
923 5522 1332 5576 catechumenis
1362 5525 1798 5583 extraordinaria
1824 5533 2070 5599 qna-dam

482 5617 818 5662 sacramenta
848 5611 1312 5678 permitterentur.
1347 5612 1479 5679 Quae
1510 5618 1816 5686 cuiusmodi
1845 5621 2067 5687 fuerint,

483 5699 718 5753 nondum
756 5699 939 5769 liquet.
969 5701 1025 5756 ln
1081 5703 1336 5776 Carthag.
1373 5707 1590 5776 quidem
1644 5727 1798 5768 conc.
1831 5730 1908 5779 Ill,
1942 5731 2069 5771 can.

486 5785 538 5852 5,
569 5803 687 5842 mos
732 5791 822 5843 ille
859 5793 1153 5863 abrogatur
1186 5795 1271 5852 bis
1313 5798 1488 5852 verbis
1526 5819 1539 5854 :
1573 5799 1709 5856 Item
1747 5805 1971 5875 placuit,
2011 5819 2067 5862 ut

2179 4623 2438 4692 aspergit.
2475 4620 2553 4676 Ita
2581 4623 2894 4691 complures
2925 4633 3167 4677 veterum
3192 4639 3315 4678 cum
3343 4625 3410 4679 de
3440 4641 3757 4680 sacramen-

2179 4716 2248 4769 tis
2291 4730 2592 4784 eorumqne
2645 4714 2836 4770 formis
2874 4715 3170 4779 disserunt,
3197 4717 3448 4770 consulto
3483 4733 3596 4771 rem
3626 4721 3759 4772 obs-

2177 4817 2390 4871 curant,
2446 4824 2622 4877 neque
2679 4809 2833 4876 plena
2915 4817 3211 4879 apertaque
3265 4825 3394 4864 voce
3449 4809 3754 4865 declarant.

2176 4899 2380 4965 Pauca,
2415 4917 2535 4970 qua:
2567 4902 2632 4954 ad
2666 4917 2886 4955 manum
2917 4903 3076 4956 modo
3105 4911 3251 4967 sunt,
3283 4902 3530 4972 exempla
3555 4904 3760 4973 produ-

2175 5002 2313 5040 cam.
2337 4987 2564 5056 August.
2583 4988 2737 5058 epist.
2760 4989 2825 5042 57
2847 4989 2916 5042 ad
2945 4989 3256 5044 Dardanum
3289 5005 3306 5042 :
3334 4990 3491 5046 Nosti
3509 5004 3683 5046 autem
3701 4995 3756 5046 in

2175 5094 2276 5146 quo
2303 5080 2568 5149 sacriﬁcio
2599 5081 2852 5134 dicatur:
2888 5081 3105 5136 Gratias
3133 5099 3354 5153 agamus
3389 5083 3610 5138 Domino
3645 5087 3756 5139 Deo

2177 5180 2376 5226 nostro.
2409 5173 2757 5228 Innocentius
2775 5175 2986 5242 primus
3017 5176 3178 5244 epist.
3214 5177 3238 5229 i
3271 5179 3340 5229 ad
3362 5176 3668 5232 Decentium
3688 5180 3759 5235 de

2175 5272 2523 5319 sacramento
2565 5266 3037 5323 conﬁrmationis:
3083 5268 3249 5324 Verba
3282 5288 3399 5325 vero
3435 5273 3608 5325 dicere
3651 5290 3755 5327 non

2173 5370 2406 5422 possum,
2444 5371 2504 5408 ne
2533 5357 2697 5425 magis
2718 5360 2935 5425 prodere
2961 5362 3163 5425 videar,
3199 5378 3360 5432 quam
3383 5364 3452 5414 ad
3481 5364 3755 5417 consulta—

2175 5447 2366 5500 tionem
2404 5450 2727 5516 respondere.
2753 5448 2842 5504 Sic
2868 5450 3203 5521 Epiphanius
3230 5454 3523 5524 aliquoties
3551 5456 3618 5510 de
3640 5455 3754 5510 Eu—

2173 5537 2432 5591 charistia
2470 5538 2656 5592 timide
2711 5540 3056 5611 obscureque
3090 5543 3312 5599 locutus
3343 5553 3446 5599 est.

2258 5627 2390 5680 Ἐπὶ
2419 5627 2487 5680 δὲ
2507 5628 2625 5682 τῶν
2652 5633 3165 5700 τελευτησάντων.
3208 5633 3283 5690 De
3314 5637 3657 5692 orationibus
3699 5648 3754 5690 et

2173 5717 2480 5782 sacriﬁciis,
2515 5736 2636 5790 qua:
2679 5739 2776 5792 pro
2813 5727 3043 5782 mortuis
3077 5729 3145 5782 ab
3181 5727 3421 5786 Ecclesia
3463 5731 3748 5786 celebran-

2135 5862 2146 5868 _
2175 5817 2285 5876 tur,
2308 5809 2538 5881 insignis
2555 5829 2620 5868 ac
2642 5817 3012 5876 memorabilis
3036 5819 3119 5876 hic
3141 5821 3295 5878 locus
3312 5834 3414 5879 est.
3447 5823 3551 5880 Sed
3578 5825 3749 5879 multo
