4054 6404
376 407 508 467 HO!

1145 407 1235 463 DE
1274 405 1669 464 VETEBIBUS
1705 405 2113 473 QUIBUSDAM
2151 404 2509 461 ECCLESIIE
2553 405 2851 462 RlTlBUS.

3499 407 3639 464 HO!

373 534 649 602 copiosius
677 536 840 599 atque
893 528 1210 597 expressius
1259 528 1313 582 in
1358 526 1720 581 A‘erianorum
1753 524 1949 580 hreresi
1979 528 2027 585 Α
2054 521 2308 579 Balsamo
2342 523 2409 577 ad
2434 538 2557 578 can.
2584 524 2617 577 4
2639 523 2829 593 Apost.
2853 521 3065 577 Citatur
3087 532 3140 577 et
3161 522 3450 593 Epiphanli
3479 524 3637 582 locus

373 626 538 677 ritum
574 622 728 676 illum
763 620 1023 676 Ecclesiae
1062 629 1380 691 pertractat,
1417 636 1541 688 qua:
1567 628 1652 675 est
1697 621 1826 673 hwr.
1859 617 1947 684 75,

373 728 527 769 num.
566 713 617 768 7.
649 711 785 767 Nam
827 712 1024 787 Aegius
1056 712 1272 776 eodem,
1300 727 1410 782 quo
1469 711 1708 768 haeretici
1756 712 1950 777 nostri,

372 803 557 861 furore
605 805 955 874 amentiaque
1001 805 1243 873 percitus
1289 814 1632 858 mortuorum
1672 804 1741 859 ad
1783 805 1953 858 altare

372 896 952 952 commemorationem
1023 898 1286 965 fusasque
1337 910 1438 966 pro
1491 896 1599 951 illis
1640 910 1830 965 preces
1898 880 1973 950 et‘

371 990 640 1046 sacriﬁcia
668 989 952 1045 deridebat
983 1007 996 1044 :
1029 999 1219 1045 contra
1245 1004 1411 1059 quem
1434 989 1773 1060 Epiphanius
1799 993 1953 1044 Iucu-

371 1082 676 1137 lentissitne
701 1082 961 1152 disputat.
1007 1081 1219 1151 Ὠίρελεί
1255 1081 1334 1148 δὲ,
1368 1083 1565 1152 inquit,
1605 1083 1698 1135 καὶ
1741 1083 1772 1152 ἠ
1813 1082 1951 1153 ὑπὲρ

368 1176 547 1229 αὐτῶν
591 1176 872 1247 γινομένη,
901 1176 949 1227 εί
992 1175 1087 1228 καὶ
1129 1173 1197 1227 τὰ
1232 1172 1329 1227 ὃλα
1374 1172 1478 1225 τῶν
1506 1173 1841 1243 αἱτιαμάτων
1875 1171 1951 1243 μὴ

369 1266 691 1320 discretim-os.
726 1264 859 1331 Qua:
890 1281 985 1335 pro
1017 1264 1240 1317 mortuis
1262 1264 1632 1332 concipiuntur
1660 1279 1855 1332 preces,
1882 1264 1950 1316 iis

368 1361 527 1416 utiles
575 1369 719 1427 sunt,
769 1361 982 1415 tametsi
1015 1375 1121 1412 non
1154 1374 1330 1412 omnes
1363 1356 1547 1426 culpas
1587 1357 1948 1425 exstinguant.

368 1454 525 1521 Quod
563 1453 815 1525 pluribus
841 1453 1162 1523 exsequitur
1189 1450 1420 1521 August.
1453 1449 1549 1503 lib.
1584 1447 1660 1502 De
1687 1465 1817 1502 cura
1854 1464 1951 1517 pro

370 1554 529 1599 mort.
563 1545 774 1617 agend.,
807 1559 930 1614 cap.
962 1546 1013 1609 i,
1051 1544 1142 1598 ubi
1190 1556 1440 1612 quasnam
1475 1550 1819 1611 peccatorum
1859 1555 1953 1608 ge-

372 1654 503 1694 nera
537 1639 591 1692 in
621 1638 851 1692 mortuis
886 1636 1139 1706 precibus
1187 1635 1297 1691 illis
1332 1642 1387 1689 et
1430 1633 1716 1689 sacriﬁciis
1742 1631 1951 1702 expiari

369 1730 603 1800 possint,
658 1730 929 1785 edisserit.
962 1729 1030 1782 Et
1075 1729 1236 1799 paulo
1283 1737 1457 1783 ante:
1505 1725 1573 1781 In
1619 1723 1952 1780 Machabwo-

368 1838 507 1884 rum,
542 1822 740 1893 inquit,
773 1822 924 1877 libris
966 1822 1184 1891 legimus
1222 1820 1455 1875 oblatum
1484 1837 1579 1890 pro
1606 1824 1829 1873 mortuis
1861 1835 1951 1872 sa-

2055 630 2121 670 ex
2168 630 2331 684 opere
2379 617 2615 685 quodam
2667 619 2724 668 in
2771 612 3058 669 Proverbia
3107 615 3247 685 apud
3284 615 3639 671 Anastasium

2055 706 2556 778 Nicenum,quazst.
2592 707 2663 762 20
2697 709 2753 763 in
2788 707 3143 778 Scripturam,
3189 709 3243 763 in
3291 724 3402 778 quo
3444 724 3638 780 preces

2055 817 2155 873 pro
2177 804 2408 858 mortuis
2434 803 2906 858 commendantur.
2951 801 3055 868 Qui
3084 803 3239 859 locus
3266 804 3491 859 totidem
3524 802 3638 860 fere

2053 895 2235 951 verbis
2286 895 2522 965 sparsim
2592 895 2698 951 hoc
2746 910 2909 966 opere
2966 896 3298 951 continetur.
3352 895 3428 951 De
3480 912 3636 950 mor-

2051 996 2274 1043 tuorum
2303 995 2563 1057 praeterea
2614 988 3133 1042 commemoratione
3188 987 3244 1041 in
3300 986 3635 1041 salutaribus

2054 1074 2230 1131 sacris
2282 1074 2535 1130 meminit
2576 1075 2869 1131 concilium
2916 1074 3155 1132 Vasense
3199 1092 3322 1130 can.
3353 1075 3389 1129 2
3419 1086 3472 1131 et
3502 1075 3636 1131 Car-

2053 1166 2200 1235 thag.
2239 1182 2321 1230 tn,
2374 1181 2500 1223 can.
2540 1160 2643 1232 29,
2664 1177 2719 1223 et
2761 1183 2839 1234 IV,
2867 1183 2990 1223 can.
3027 1168 3115 1234 79,
3149 1176 3208 1223 ut
3262 1169 3367 1223 alia
3420 1168 3634 1224 inﬁnita

2053 1258 2486 1328 praetermittam,
2516 1259 2861 1330 maximeque
2890 1259 3207 1315 Graecorum
3228 1277 3293 1316 ac
3309 1260 3631 1317 Latinorum

2054 1349 2470 1419 antiquissimas
2520 1350 2787 1422 liturgias.
2828 1349 3336 1410 Luculentissimus
3378 1368 3509 1408 vero
3550 1361 3637 1409 est

2054 1439 2192 1495 alter
2222 1440 2310 1496 ille
2353 1439 2642 1511 Epiphanii
2673 1441 2829 1497 locus
2860 1441 2993 1497 haer.
3021 1441 3111 1506 75,
3156 1458 3308 1499 num.
3345 1443 3398 1509 7,
3434 1444 3488 1498 in
3523 1460 3634 1514 quo

2054 1541 2396 1588 mortuorum
2444 1533 2677 1604 duplicis
2711 1534 2925 1605 generis
2953 1537 3526 1591 commemorationem
3575 1538 3647 1606 in.

2054 1626 2328 1682 sacriﬁcio
2398 1628 2513 1683 ﬁeri
2572 1628 2781 1692 docet,
2827 1629 3097 1698 justorum
3145 1638 3202 1684 et
3263 1637 3634 1700 peccatorum.

2056 1717 2260 1774 Horum
2291 1719 2534 1788 quidem,
2558 1719 2636 1774 uti
2666 1720 2906 1775 divinam
2934 1736 3033 1791 pro
3068 1721 3176 1776 illis
3200 1722 3634 1779 misericordiam

2052 1809 2441 1880 imploremus;
2469 1810 2746 1880 iustorum
2770 1821 2953 1866 autem
2980 1826 3045 1866 ac
3068 1822 3408 1879 sanctorum,
3431 1822 3490 1867 ut
3520 1814 3637 1867 sin-

368 1914 651 1984 oriﬁcium.
683 1915 790 1970 Sed
829 1916 929 1969 etsi
974 1931 1235 1986 nusquam
1278 1917 1333 1968 in
1371 1914 1664 1983 Scripturis
1696 1912 1952 1967 veteribus
1984 1903 2025 1957 Β
2054 1902 2241 1973 gulare
2276 1902 2479 1957 ωπίδῑί
2522 1900 2738 1957 Domini
2770 1903 3112 1974 priVilegium
3149 1917 3501 1977 agnoscatur,
3537 1909 3635 1979 qui

366 2007 582 2061 omnino
613 2005 890 2078 legeretur,
923 2024 1028 2062 non
1055 2023 1219 2076 parva
1264 2016 1341 2061 est
1386 2007 1642 2060 universae
1673 2003 1952 2070 Ecclesiae,

365 2113 487 2168 qua
535 2098 590 2151 in
615 2097 714 2152 hac
760 2097 1139 2151 consuetudine
1184 2096 1369 2163 claret,
1402 2097 1734 2157 auctoritas;
1776 2096 1867 2149 ubi
1899 2095 1955 2148 in

376 2185 617 2257 precibus
652 2187 963 2253 sacerdotis,
997 2203 1114 2257 qua:
1147 2185 1372 2240 Domino
1408 2185 1513 2239 Deo
1538 2185 1607 2239 ad
1634 2185 1749 2254 ejus
1784 2183 1954 2238 altare

369 2280 688 2350 funduntur,
741 2280 915 2335 locum
956 2297 1110 2335 suum
1158 2279 1310 2333 habet
1360 2280 1519 2334 etiam
1570 2278 1954 2332 commendatio

366 2382 721 2427 mortuorum.
742 2370 809 2427 Et
825 2387 944 2443 cap.
970 2374 1072 2429 ult.
1101 2391 1114 2428 :
1150 2373 1282 2440 Quae
1308 2389 1427 2427 cum
1456 2373 1536 2426 ita
1564 2371 1693 2437 sint,
1711 2387 1813 2424 non
1840 2372 1954 2425 eati-

367 2464 641 2517 stimemus
694 2464 766 2516 ad
816 2473 1074 2530 mortuos,
1102 2480 1198 2534 pro
1244 2464 1432 2534 quibus
1474 2478 1660 2516 curam
1700 2463 1951 2532 gerimus,

367 2557 654 2626 pervenire,
683 2557 789 2609 nisi
832 2557 969 2626 quod
997 2573 1093 2626 pro
1119 2557 1194 2611 eis
1234 2558 1342 2610 sive
1377 2554 1587 2619 altaris,
1618 2556 1724 2608 sive
1755 2555 1953 2607 oratio-

370 2663 517 2713 num,
543 2648 650 2701 sive
680 2646 1126 2718 eleemosynarum
1170 2648 1451 2716 sacriﬁciis
1498 2648 1797 2702 solemniter
1832 2662 1956 2715 sup-

367 2738 665 2808 plicamus;
694 2740 931 2809 quamvis
956 2756 1058 2793 non
1083 2755 1179 2809 pro
1201 2741 1391 2810 quibus
1420 2739 1554 2808 ﬁunt
1581 2740 1819 2793 omnibus
1838 2755 1952 2808 pro-

366 2834 496 2898 sint,
521 2833 611 2887 sed
643 2832 710 2885 iis
747 2842 977 2897 tantum,
1006 2831 1196 2901 quibus
1220 2834 1347 2885 dum
1373 2834 1572 2895 vivunt,
1611 2843 1953 2901 comparatur

368 2932 427 2978 ut
454 2925 681 2994 prosint.
710 2923 1175 2995 Frequentissima
1207 2932 1290 2979 est
1317 2933 1371 2978 et
1408 2923 1557 2978 illius
1591 2924 1951 2978 consuetudi-

369 3015 458 3069 nis
493 3015 637 3085 apud
668 3014 1002 3085 Cyprianum
1046 3015 1275 3071 mentio.
1306 3012 1377 3068 Ut
1408 3016 1632 3083 inepist.
1654 3013 1741 3078 66,
1768 3016 1821 3068 in
1842 3028 1950 3084 qua

368 3104 648 3159 decretum
670 3105 748 3158 ait
768 3104 820 3157 in
846 3101 1110 3170 concilio,
1139 3113 1195 3156 ut
1226 3104 1271 3157 si
1298 3103 1414 3173 quis
1444 3107 1671 3156 moriens
1702 3100 1951 3155 clericum

370 3204 597 3251 tutorem
632 3195 949 3266 reliquisset,
974 3211 1079 3249 non
1129 3195 1409 3265 o/ferretur
1435 3211 1531 3264 pro
1559 3211 1641 3262 eo,
1672 3208 1765 3248 nec
1790 3195 1953 3248 sacri-

367 3288 548 3359 ﬁcium
596 3304 690 3359 pro
743 3287 1059 3341 dormitione
1112 3288 1225 3357 ejus
1278 3285 1651 3344 celebraretur.
1686 3285 1952 3356 Vetatque

370 3394 501 3435 mox
532 3378 971 3450 deprecationem
1012 3393 1116 3449 pro
1163 3393 1229 3433 eo
1279 3378 1445 3432 ullam
1494 3378 1562 3433 ad
1611 3377 1782 3432 altare
1812 3377 1948 3432 ﬁeri.

367 3470 594 3527 Tertull.
634 3468 711 3524 De
729 3486 840 3525 cor.
876 3469 1014 3535 mil.,
1048 3485 1167 3541 cap.
1192 3470 1228 3524 3
1258 3488 1271 3523 :
1312 3467 1617 3523 Oblationes
1643 3484 1737 3538 pro
1761 3467 1952 3537 defun-

366 3562 489 3628 ctis,
523 3578 618 3630 pro
642 3562 904 3616 natalitiis
938 3578 1119 3616 annua
1158 3561 1244 3616 die
1278 3562 1527 3628 facimus,
1551 3571 1605 3616 et
1629 3561 1757 3615 alibi
1787 3576 1949 3630 saepe.

369 3652 638 3708 Eusebius
658 3653 748 3707 lib.
777 3669 827 3706 iV
857 3652 934 3707 De
955 3654 1065 3708 vita
1092 3651 1445 3716 Constantini,
1479 3669 1601 3708 cum
1629 3652 1696 3708 de
1721 3653 1840 3722 ejus
1867 3650 1953 3705 iu-

368 3758 500 3798 nere
545 3743 739 3798 scribit
766 3762 780 3797 :
814 3743 892 3797 Τά
945 3760 1001 3796 τε
1036 3744 1136 3815 τῆς
1190 3743 1374 3797 ἐνθέου
1403 3742 1659 3815 λατρείας
1686 3742 1754 3796 δι’
1777 3741 1952 3813 εὐχῶν

369 3834 730 3907 ἀνεπλήρουν,
774 3835 1031 3906 λατρείαν
1078 3837 1314 3906 appellat
1352 3836 1540 3890 altaris
1596 3834 1947 3890 sacriﬁcium.

370 3924 514 3991 Mox,
549 3926 646 3979 σὺν
672 3926 937 3998 κλαυθμῷ
959 3927 1016 3980 δὲ
1051 3926 1232 3980 πλέονι
1259 3927 1356 3992 τὰς
1383 3927 1548 3998 εὐχὰς
1569 3927 1710 3999 ὑπὲρ
1731 3929 1829 4000 τῆς
1854 3929 1952 4000 βα-

372 4018 567 4081 σιλέως
597 4019 777 4093 ψυχῆς
801 4021 1124 4075 ἀπεδίδοσαν
1153 4020 1231 4090 τῷ
1260 4019 1396 4091 Θεῷ.
1419 4022 1619 4076 Athan.
1647 4021 1850 4087 Qttwst.
1881 4023 1951 4077 ad

373 4112 714 4176 Antiochum,
745 4124 937 4182 quaest.
972 4113 1063 4178 54,
1098 4129 1221 4167 cum
1248 4113 1538 4182 quaesitum
1567 4123 1728 4177 esset,
1767 4125 1950 4169 utrum

373 4215 718 4259 mortuorum
752 4214 1102 4275 peccatorum
1133 4205 1330 4261 anima:
1372 4206 1632 4261 benelicia
1663 4207 1717 4261 in
1746 4223 1807 4262 se
1831 4208 1949 4263 col-

371 4297 482 4352 lata
513 4297 803 4363 sentirent,
853 4299 1147 4369 γινομένων
1169 4298 1312 4370 ὑπὲρ
1333 4299 1513 4352 αὐτῶν
1535 4298 1828 4364 συνάξεων,
1854 4300 1950 4353 καὶ

372 4388 651 4454 εὐποιιῶν,
706 4389 803 4443 καὶ
855 4388 1215 4462 προσφορῶν,
1275 4390 1563 4460 respondet
1612 4407 1626 4443 :
1678 4391 1790 4455 Τὰς
1840 4392 1950 4445 τῶν

371 4477 712 4550 ἁμαρτωλῶν
737 4477 916 4549 ψυχὰς
947 4479 1193 4549 μετέχειν
1223 4478 1540 4550 εὐεργεσίας
1566 4481 1709 4544 τινὸς
1747 4481 1813 4535 ὲκ
1848 4481 1950 4552 τῆς

2018 2030 2024 2034 -
2057 1992 2126 2046 ab
2154 1992 2495 2062 reliquorum
2522 1994 2833 2050 mortalium
2862 1997 3176 2053 conditione
3201 2010 3538 2072 segregatur.
3561 2002 3635 2058 De

2055 2094 2355 2156 martyrum
2405 2089 2926 2144 commemoratione
2971 2091 3177 2160 passim
3233 2093 3478 2163 loquitur
3525 2094 3635 2167 Cy.

2053 2178 2299 2247 prianus,
2339 2187 2398 2232 ut
2427 2178 2483 2232 in
2504 2179 2663 2248 epist.
2700 2180 2769 2235 54
2806 2199 2819 2235 :
2854 2179 3135 2253 Sacriﬁcia
3162 2202 3257 2254 pro
3292 2186 3390 2250 eis,
3434 2187 3632 2258 inquit,

2053 2284 2275 2338 semper,
2306 2280 2365 2324 ut
2405 2271 2738 2335 meministis,
2772 2273 3067 2342 oﬂ'erimus,
3104 2278 3306 2346 quoties
3337 2289 3634 2350 martyrum

2052 2360 2326 2430 passiones
2348 2371 2397 2414 et
2428 2362 2539 2416 dies
2590 2365 2953 2418 anniversaria
2980 2371 3472 2424 commemoratione
3500 2372 3635 2426 cele-

2054 2453 2290 2506 bramus.
2347 2451 2503 2519 Quod
2563 2454 2631 2509 ad
2690 2456 3015 2511 memoriam
3080 2460 3636 2533 prmdicationemque

2053 2552 2356 2616 martyrum
2379 2545 2541 2600 debet
2562 2544 2775 2613 referri,
2802 2550 3261 2616 quemadmodum
3282 2561 3338 2607 et
3362 2554 3414 2607 in
3439 2569 3632 2611 eorum

2053 2636 2354 2691 memorias
2402 2637 2593 2692 altaria
2640 2640 3140 2699 constituebantur.
3169 2645 3398 2716 August.
3436 2648 3531 2704 lib.
3561 2667 3634 2705 xx

2054 2736 2237 2779 contra
2265 2724 2551 2793 Faustum,
2587 2743 2707 2799 cap.
2736 2729 2827 2798 21,
2860 2731 3123 2788 adversus
3174 2733 3501 2794 Manicheeos
3522 2738 3636 2794 dis-

2052 2825 2277 2886 putans,
2308 2820 2402 2888 qui
2432 2819 2686 2876 similiter
2707 2831 2872 2891 atque
2908 2821 3158 2880 hodierni
3186 2827 3477 2883 στασιῶται
3518 2846 3635 2885 me-

2052 2910 2261 2965 morias
2311 2921 2618 2982 martyrum
2669 2912 2721 2966 in
2764 2914 2906 2968 itlola
2962 2926 3282 2973 convertere
3332 2921 3636 2977 catholicos

2053 3002 2525 3072 impudentissime
2580 3004 3037 3071 criminabantur,
3074 3009 3159 3064 his
3189 3011 3369 3067 verbis
3415 3015 3587 3069 utitur
3617 3031 3634 3071 :

2051 3095 2289 3166 Populus
2317 3105 2492 3151 autem
2519 3097 2856 3153 Christianus
2881 3103 3163 3156 memorias
3185 3115 3481 3174 martyrum
3511 3106 3635 3160 reli-

2054 3189 2203 3261 giosa
2226 3188 2556 3243 solemnitate
2585 3191 2929 3257 concelebrat,
2956 3203 3009 3247 et
3034 3194 3103 3248 ad
3146 3196 3486 3251 excitandam
3510 3198 3635 3252 imi-

2055 3282 2328 3348 tationem,
2363 3292 2419 3336 ut
2443 3283 2646 3337 meritis
2678 3300 2858 3338 eorum
2886 3286 3212 3340 consocietur
3260 3296 3417 3358 atque
3441 3292 3610 3345 oratio

2055 3370 2207 3425 nibus
2246 3370 2547 3441 adjuvetur.
2587 3370 2676 3426 Ita
2717 3384 2891 3427 tamen
2920 3383 2980 3427 ut
3007 3373 3145 3429 nulli
3191 3387 3509 3447 martyrum,
3544 3382 3634 3433 sed

2053 3464 2156 3533 ipsi
2200 3462 2308 3517 Deo
2351 3473 2647 3534 martyrum
2680 3467 3057 3536 sacriﬁcemus,
3087 3470 3325 3539 quamvis
3351 3471 3408 3524 in
3437 3487 3618 3525 memo-

2054 3558 2165 3611 rias
2195 3566 2492 3628 martyrum
2520 3560 2903 3615 constituamus
2927 3560 3144 3615 altaria.
3174 3561 3304 3628 Quis
3327 3562 3468 3616 enim
3493 3567 3627 3636 anti-

2052 3651 2240 3703 stitum
2268 3651 2322 3704 in
2357 3652 2486 3705 locis
2527 3661 2834 3706 sanctorum
2875 3669 3154 3723 corporum
3181 3655 3432 3709 assistens
3470 3655 3634 3711 altari

2053 3740 2340 3811 aliquando
2362 3743 2500 3797 dixit
2525 3760 2544 3799 :
2571 3743 2857 3814 0/]‘erimus
2875 3747 2990 3811 tibi,
3011 3745 3183 3813 Petre,
3214 3760 3304 3801 aut
3328 3747 3520 3815 Paule,
3539 3759 3633 3803 aut

2055 3827 2319 3903 Cypriane
2338 3836 2364 3888 .9
2393 3846 2497 3891 etc.

2136 3926 2395 3981 Ἐωθινοι
2441 3945 2506 3982 τε
2549 3928 2725 3998 ὕμνοι
2770 3931 2841 3983 ἐν
2888 3930 3064 4000 αὐτῇ.
3124 3930 3200 3987 De
3249 3933 3521 3989 matutino
3565 3950 3631 3990 ac

2052 4029 2373 4075 caterarum
2402 4022 2662 4076 horarum
2701 4022 2878 4077 oﬁicio
2911 4023 3199 4095 diligenter
3221 4025 3275 4079 in
3306 4025 3626 4088 Annalibus,

2053 4121 2108 4167 et
2132 4115 2202 4169 ab
2229 4114 2352 4170 aliis
2375 4114 2700 4184 disputatur.
2749 4116 2824 4172 De
2867 4117 3231 4172 lucernalibus
3264 4117 3488 4187 psalmis
3527 4117 3632 4171 hoc

2053 4207 2381 4263 ascribimus
2398 4225 2410 4261 :
2429 4206 2702 4262 Socratem
2719 4208 2809 4262 lib.
2826 4224 2878 4272 ν,
2892 4223 3011 4278 cap.
3026 4207 3115 4273 22,
3128 4224 3222 4264 eas
3241 4210 3510 4279 appellare
3529 4208 3631 4273 τὰς

2052 4304 2111 4355 ὲν
2132 4304 2252 4364 ταῖς
2271 4301 2591 4373 λυχναψίαις
2614 4301 2798 4371 εὐχάς.
2822 4300 2924 4367 Qui
2954 4301 3155 4358 ibidem
3180 4302 3348 4366 addit,
3373 4306 3425 4358 in
3448 4305 3630 4376 Cypro

2052 4410 2116 4449 ac
2145 4393 2413 4456 Caesarea,
2443 4392 2680 4448 Sabbato
2707 4404 2761 4447 et
2793 4391 3074 4449 Dominica
3110 4395 3199 4448 ἀεὶ
3235 4397 3363 4467 περὶ
3388 4397 3629 4467 ἑσπέραν

2054 4484 2192 4557 μετὰ
2236 4485 2335 4556 τῆς
2357 4484 2654 4555 λυχναψίας
2676 4487 2803 4548 τοὺς
2832 4484 3233 4558 πρεσϐυτέρους
3281 4488 3374 4540 καὶ
3408 4490 3630 4543 ἐπισκό-

371 4569 511 4641 ὺπὲρ
540 4568 721 4624 αὐτῶν
752 4569 1054 4641 γενομένης
1103 4570 1442 4641 ἀναιμάκτου
1496 4571 1707 4640 θυσίας,
1735 4573 1830 4626 καὶ
1857 4573 1950 4625 εὑ-

2056 4592 2192 4639 πους
2220 4576 2320 4639 τὰς
2346 4575 2562 4646 Γραφὰς
2585 4575 2928 4647 ἑρμηνεύειν.
2947 4577 3155 4631 Concil.
3172 4576 3347 4632 Tolet.
3368 4595 3407 4644 ι,
3432 4596 3555 4636 can.
3572 4581 3628 4646 9,

371 4662 574 4726 ποιίας.
609 4662 829 4732 Alioqui
870 4663 914 4716 si
970 4662 1108 4717 nihil
1154 4663 1270 4717 haec
1309 4662 1443 4732 ipsis
1474 4662 1817 4733 prodessent,
1848 4667 1949 4719 οὐκ

368 4753 436 4809 ἂν
466 4758 524 4808 ἐν
553 4757 618 4827 τῇ
649 4754 988 4827 προσκομιδῇ
1012 4754 1464 4827 ὲμνημονεύοντο,
1484 4756 1588 4811 hoc
1613 4758 1773 4812 estin
1796 4758 1949 4812 obla-

370 4847 538 4902 tione.
571 4846 706 4900 Nam
751 4847 1092 4918 προσκομιδή
1122 4856 1208 4902 est
1239 4849 1544 4921 προσφορά.
1578 4849 1718 4905 Male
1763 4861 1945 4906 autem

370 4938 661 5006 interpres,
677 4935 740 4991 In
764 4954 894 4991 cura
915 4948 964 4991 et
986 4938 1264 5009 exsequiis.
1283 4938 1585 5011 Scripserat
1613 4941 1753 4997 idem
1777 4942 1950 4996 Atha-

368 5031 559 5086 nasius
593 5030 750 5101 λόγον
783 5034 865 5096 είς
897 5031 1025 5096 τοὺς
1057 5032 1452 5104 κοιμηθέντας;
1492 5034 1652 5106 cujus
1699 5037 1948 5091 meminit

369 5119 743 5179 Damascenus
793 5123 849 5178 in
900 5123 1147 5195 ejusdem
1196 5126 1502 5197 argumenti
1557 5127 1836 5194 oratione,
1895 5139 1948 5182 ct

2058 4667 2419 4721 lucernarium
2466 4669 2717 4737 appellat.
2750 4666 2908 4724 Vetat
2940 4670 3089 4723 enim
3123 4671 3409 4740 professas,
3433 4685 3525 4728 aut
3556 4676 3631 4728 vi-

2056 4761 2189 4813 duas
2220 4760 2366 4813 domi
2397 4776 2509 4814 suae
2535 4761 2877 4829 antipltonam
2907 4777 3026 4815 cum
3051 4763 3366 4830 confessore,
3385 4765 3464 4820 vel
3485 4783 3632 4822 servo

2055 4868 2152 4906 suo
2183 4853 2374 4921 facere,
2412 4852 2622 4907 absente
2658 4854 2919 4923 episcopo,
2960 4852 3038 4907 vel
3071 4855 3390 4926 presbytero.
3432 4856 3632 4914 Lucer-

2054 4943 2269 4996 narium
2299 4959 2439 5007 vero,
2463 4944 2657 5012 inquit,
2688 4945 2793 4999 nisi
2824 4945 2880 4999 in
2904 4945 3123 5000 ecclesia
3149 4962 3255 5001 non
3283 4947 3511 5019 legatur.
3554 4950 3631 5005 De

2054 5035 2216 5090 nonis
2244 5044 2299 5090 et
2325 5037 2569 5107 vesperis
2608 5037 2827 5092 Laodic.
2869 5038 3118 5094 meminit
3144 5055 3266 5096 can.
3304 5042 3391 5099 18.
3426 5042 3556 5101 Vide
3578 5055 3631 5101 et

2056 5127 2280 5184 Tertull.
2315 5129 2405 5184 lib.
2427 5139 2610 5184 contra
2639 5128 2852 5200 Psych._.
2882 5132 3189 5204 Agathense
3216 5149 3337 5191 can.
3364 5134 3453 5191 50.
