3856 6320
268 328 328 386 ιτ
905 324 1284 382 ADVERSUS
1323 322 1667 382 HAERESES
1699 324 1828 382 LIB.

1977 325 2142 383 ΤΟΜ.
2185 326 2249 384 ΙΙ.
2291 355 2360 369 --
2399 317 2674 382 ΗΔΕΒΕΒ.
2720 324 2879 381 LXV.
3470 327 3533 384 18

260 444 466 516 πονηρὰ
523 445 593 498 ἐκ
639 443 965 518 νεότητος),
1016 445 1114 501 καὶ
1165 444 1439 520 ἄρξωνται
1488 447 1695 516 λέγειν’
1733 448 1849 503 Οὐκ

1973 448 2119 504 ninis
2151 448 2221 504 ab
2245 448 2532 518 iuventute
2559 445 2801 518 quodam
2832 457 2916 501 est
2944 444 2999 499 in
3038 444 3177 499 mala
3210 444 3390 500 studio
3417 460 3536 515 pro-

257 534 420 599 εἶπεν,
466 535 557 591 Ἐν
583 535 704 608 Θεῷ
725 531 795 608 ἦν
821 537 1082 606 δΔόγος,
1126 537 1202 602 ὡς
1251 540 1346 592 καὶ
1387 540 1450 593 σὺ
1497 541 1624 610 φῂς,
1671 538 1805 594 ἀλλὰ
1831 581 1847 606 ,

1973 535 2238 608 tensum),
2300 549 2463 609 atque
2511 537 2586 592 ita
2631 536 2813 593 dicere
2847 533 3234 607 aggrediantur
3264 553 3277 589 :
3309 533 3426 590 Non
3463 539 3537 603 ita

257 629 403 699 Πρός
448 628 606 704 Θεὸν
643 621 732 696 ἦεν
763 631 798 684 ό
835 627 1047 700 Λόγος.
1077 629 1225 702 ’Δρα
1257 629 1390 699 γοῦν
1433 631 1533 684 οὐκ
1582 629 1730 684 ἐστιν
1780 632 1844 684 ὲκ

1973 629 2176 699 scripsit
2207 627 2449 685 Joannes
2471 670 2486 695 ,
2518 627 2576 682 In
2612 626 2728 683 Deo
2756 636 2872 682 erat
2907 624 3145 683 Verbum
3173 666 3187 690 ,
3229 633 3287 680 ut
3319 635 3374 681 et
3418 626 3536 697 ipse

255 723 344 789 τῆς
375 721 735 784 ὑποστάσεως
779 718 877 774 τοῦ
927 719 1143 792 Πατρδς
1189 722 1218 774 ό
1266 720 1460 788 Λόγος,
1503 719 1638 774 ἀλλὰ
1691 719 1849 784 ἐκτὸς

1973 733 2181 783 narras,
2208 720 2302 776 Sed
2323 760 2337 782 ,
2378 719 2528 789 Apud
2557 718 2722 773 Deum
2758 727 2873 773 erat
2913 715 3157 771 Verbum.
3191 714 3374 782 Quare
3423 733 3535 772 non

257 810 384 864 Θεοῦ
419 812 450 864 ό
489 811 688 880 Λόγος.
727 810 901 866 Πάλιν
939 811 1260 880 ἐπιστρέφει
1304 810 1663 883 διορθουμένη
1718 812 1847 876 τοὺς

1973 818 2035 865 rst
2065 827 2130 866 ex
2163 811 2342 868 Patris
2373 811 2680 868 substantia
2703 807 2940 864 Verbum
2964 849 2978 872 ,
3011 808 3106 865 sed
3138 815 3293 864 extra
3328 806 3523 863 Deum.

256 903 456 973 ἐειυτῆς
493 903 650 966 υἱοὺς
694 903 726 974 ἡ
763 901 1036 974 Ἀλήθεια,
1067 903 1430 974 ὲξελέγχουσα
1470 905 1568 968 τὰς
1610 904 1848 966 διανοίας

1973 897 2022 954 Jt
2053 899 2220 970 igitur
2248 899 2316 954 iis
2341 907 2634 965 occurrat,
2673 898 2812 956 ﬁlios
2843 913 3062 953 rursum
3092 911 3225 954 suos
3254 897 3537 968 corrigens

257 999 350 1060 τὰς
404 998 528 1050 κατ’
583 995 760 1066 αὐτῆς
806 995 1210 1067 πορνευούσας·
1257 996 1350 1050 καί
1397 1014 1563 1067 φησιν
1607 997 1770 1062 αὐτὸς
1817 999 1847 1051 ό

1973 989 2170 1047 Veritas
2195 989 2263 1046 ad
2292 991 2566 1048 saniorem
2598 998 2835 1046 mentem
2865 991 3116 1056 reducit,
3148 991 3537 1061 cogitationes-

258 1089 610 1160 Μονογενής·
655 1087 804 1159 Ἐγὼ
850 1088 919 1142 ἐκ
977 1088 1084 1142 τοῦ
1139 1087 1370 1158 Πατρός
1412 1087 1699 1158 ἐξῆλθον,
1745 1090 1845 1144 καὶ

1973 1098 2056 1153 [ue
2089 1082 2233 1137 velut
2263 1090 2455 1136 contra
2489 1097 2548 1139 se
2580 1082 2890 1140 meretricio
2923 1098 3074 1138 more
3106 1090 3418 1140 scortantes
3448 1100 3529 1139 re.

260 1180 396 1248 ἥκω.
423 1179 537 1232 Καὶ
571 1175 764 1231 πάλιν·
811 1176 958 1247 Ἐγιὼ
988 1176 1060 1230 ἐν
1085 1174 1164 1244 τῷ
1201 1177 1406 1247 Πατρὶ,
1439 1178 1537 1232 καὶ
1567 1181 1600 1232 ό
1643 1177 1846 1247 Πατὴρ

1973 1172 2190 1243 Iargnit.
2223 1172 2300 1228 Ita
2335 1172 2570 1244 denique
2601 1171 2928 1245 Unigenitus
2957 1172 3073 1244 ipse
3113 1181 3393 1230 testatur:
3423 1172 3533 1246 Ego

1949 1281 1982 1317 α
2031 1263 2193 1319 Patre
2236 1265 2376 1319 exivi
2444 1273 2494 1319 et
2540 1264 2685 1320 venio
2725 1266 2768 1318 ⁸.
2809 1265 2942 1320 Item
2976 1284 2989 1321 :
3025 1265 3139 1336 Ego
3179 1267 3231 1320 in
3284 1265 3447 1320 Patre
3486 1274 3537 1321 et

1951 1353 2117 1410 Pater
2159 1357 2211 1409 in
2241 1373 2322 1411 me
2352 1366 2429 1410 est
2459 1356 2505 1416 ³,
2536 1357 2603 1410 At
2635 1355 2798 1412 Pater
2846 1357 2912 1412 de
2945 1355 3084 1414 Filio
3117 1373 3214 1430 per
3243 1358 3538 1429 prophetas

1951 1446 2216 1517 loquens,
2271 1462 2380 1501 non
2432 1447 2587 1517 quasi
2643 1461 2908 1516 corporea
2963 1447 3110 1504 mole
3155 1456 3402 1514 constet,
3440 1450 3535 1504 sed

1949 1537 2381 1610 intelligibilibus
2413 1538 2596 1596 verbis
2624 1539 2883 1610 praeditus
2917 1547 3081 1611 atque
3137 1538 3205 1594 ad
3239 1539 3536 1596 humanam

1950 1646 2010 1686 se
2064 1630 2489 1687 imbecillitatem
2520 1633 2968 1698 accommodans,
3009 1647 3119 1703 quo
3169 1631 3386 1689 facilius
3440 1648 3539 1688 no-

262 1270 320 1323 ἐν
362 1269 518 1339 ἐμοὶ.
555 1270 616 1322 '0
660 1269 718 1321 δὲ
763 1269 821 1322 ὲν
863 1268 978 1330 τοῖς
1029 1269 1338 1340 προφήταις
1390 1269 1519 1342 περὶ
1560 1268 1656 1322 τοῦ
1689 1268 1842 1331 Υἰοῢ,

261 1362 607 1433 σωματικοὺς
655 1361 795 1431 ἔχων
828 1360 1046 1429 ὄγκους,
1094 1361 1463 1431 νοηματικοὺς
1491 1361 1549 1414 δὲ
1583 1359 1722 1433 ἔχων
1758 1360 1847 1415 λό-

266 1473 412 1523 γους,
454 1452 915 1507 ὑποκαταϐαίνων
965 1451 1064 1522 τὴν
1117 1450 1400 1505 ἀσθένειαν
1431 1451 1530 1522 τῆς
1562 1450 1846 1523 ἀνθρωπό-

266 1557 428 1609 ergo;
463 1542 545 1602 ei;
577 1539 832 1610 αἴσθησιν
863 1538 1281 1610 παραστάσεως,
1325 1539 1415 1594 διὰ
1458 1539 1566 1594 τῶν
1597 1541 1656 1594 ὲν
1713 1541 1844 1612 ἡμῖν

266 1631 596 1702 γιγνομὲνων
627 1631 727 1701 τὴν
770 1631 1114 1702 παράστασιν
1149 1629 1244 1684 τοῦ
1280 1630 1436 1697 Υἱοῦ,
1472 1632 1556 1687 ὅτι
1589 1631 1648 1699 ἐξ
1679 1631 1843 1686 αὑτοῦ

262 1722 470 1792 ἀληθῶς
489 1721 814 1795 γεγέννηται
857 1721 991 1786 Θεὸς
1032 1725 1096 1776 ὲκ
1126 1721 1285 1787 Θεοῦ,
1315 1721 1449 1786 Θεὸς
1480 1722 1733 1795 ἀληθινὸς
1779 1724 1842 1776 ἐκ

1973 1725 2083 1778 .tris
2103 1721 2266 1777 veluti
2291 1723 2544 1780 sensibus
2587 1739 2646 1779 se
2665 1723 2906 1793 objiciat,
2925 1739 2988 1778 ac
3007 1738 3103 1793 per
3118 1737 3207 1788 ea,
3228 1738 3349 1794 quae
3365 1723 3418 1777 in
3439 1738 3538 1778 no-

261 1813 388 1865 9:05
425 1812 706 1884 ἀληθινοῦ,
752 1813 852 1866 οὐκ
894 1812 1094 1877 ἔξωθεν
1125 1811 1223 1873 ὢν.
1254 1812 1392 1868 ἀλλὰ
1434 1815 1499 1867 ὲκ
1530 1813 1634 1884 τῆς
1679 1815 1846 1869 αὑτοῦ

1973 1811 2033 1867 iis
2064 1809 2218 1876 fiunt,
2251 1809 2450 1866 Filium
2482 1826 2640 1868 suum
2676 1809 3016 1867 demonstret
3046 1825 3076 1864 a
3096 1825 3155 1866 se
3196 1826 3384 1866 revera
3415 1826 3539 1867 esse

261 1907 476 1969 οὐσίας,
502 1907 705 1976 φάσκει
750 1907 808 1958 ἐν
853 1904 932 1976 τῷ
983 1905 1147 1958 Δαϐιδ
1192 1904 1400 1974 λέγων·
1450 1907 1552 1960 Ἐκ
1592 1907 1852 1977 γαστρὸς

263 2000 367 2066 πρὸ
409 1996 762 2066 Ἑωσφόρου
789 1995 1090 2067 ἐγέννησά
1128 2015 1221 2066 σε,
1248 1996 1324 2060 ὡς
1353 1999 1402 2051 οἱ
1453 1996 1852 2070 Ἐϐδομήκοντα

263 2088 648 2158 ἡρμήνευσανο
707 2087 784 2152 ὡς
829 2086 888 2140 δὲ
933 2087 984 2140 οἱ
1037 2087 1187 2142 ἄλλοι
1244 2087 1475 2144 ὲκδόται.
1528 2087 1634 2158 (5),
1693 2088 1853 2142 Ἀκύ-

263 2183 353 2246 ita;
384 2181 518 2250 μὲν·
568 2180 706 2234 Ἀπὸ
730 2179 964 2250 μήτρας
993 2179 1472 2252 ἐξωρθρισμένης
1505 2195 1605 2236 σοι
1631 2179 1853 2251 δρόσος

262 2273 645 2342 ειιεδιότητός
676 2287 824 2327 σου’
864 2272 1161 2344 Σύμμαχος
1192 2272 1278 2327 δέ·
1341 2273 1436 2340 Ὠς
1488 2273 1613 2328 κατ’
1639 2272 1854 2342 ὄρθρον

263 2367 487 2435 δρόσου
516 2367 556 2435 ἠ
589 2366 806 2434 νεότης
841 2381 992 2420 σουο
1048 2365 1341 2420 Θεοδοτίων
1365 2365 1453 2420 δέ·
1499 2367 1598 2420 Ἐκ
1622 2365 1853 2436 μήτρας

263 2459 376 2513 ἀπὸ
402 2457 563 2527 πρωῒ
587 2457 873 2525 νεότητός
905 2471 1054 2511 σουο
1100 2455 1335 2528 Πέμπτη
1370 2455 1427 2510 δὲ
1460 2456 1669 2521 ἔκδοσις
1689 2475 1701 2487 ·
1749 2458 1851 2511 Ἕκ

264 2552 489 2620 μήτρας
500 2550 620 2606 ἀπὸ
635 2549 848 2620 ὄρθρου
870 2563 969 2604 σοι
985 2549 1206 2619 δρόσος
1219 2549 1291 2604 ἐν
1313 2551 1553 2618 νεότητί
1576 2567 1692 2605 σου
1712 2569 1724 2581 ·
1747 2553 1780 2622 ἡ
1797 2551 1852 2604 δὲ

265 2645 439 2714 Ἐκτη
468 2641 685 2706 ἔκδοσις
707 2657 719 2672 '
745 2642 848 2696 Ἐκ
869 2639 1132 2712 γαστρὸς
1159 2638 1491 2708 ζητήσουσι
1518 2657 1613 2706 σε,
1634 2639 1853 2710 δρόσος

268 2733 690 2802 νεανικότητός
730 2748 878 2787 σου·
940 2733 999 2784 ὲν
1043 2730 1100 2784 δὲ
1149 2731 1228 2803 τῷ
1291 2730 1564 2804 Ἐϐραῖκῷ
1585 2749 1598 2764 ·
1643 2731 1854 2804 Μηρὲμ

268 2826 562 2895 peccatio,
598 2823 856 2892 λακτὰλ,
892 2822 1210 2894 ιελεδεχέθι

341 3107 521 3179 Ὅπερ
568 3107 687 3161 ἐστὶ
739 3106 926 3176 σαφῶς
986 3107 1082 3161 καὶ
1135 3108 1548 3178 ἀναμφιϐόλως·
1599 3111 1701 3163 Ἐκ
1749 3126 1856 3178 τα-

1959 1905 2201 1976 genitum
2222 1945 2237 1971 ,
2266 1902 2433 1962 Deum
2461 1921 2525 1960 ex
2559 1904 2700 1971 Deo,
2731 1903 2898 1959 Deum
2925 1919 3116 1959 verum
3146 1903 3214 1959 de
3241 1901 3354 1959 Deo
3382 1920 3536 1970 vero,

1958 2011 2071 2051 non
2101 1994 2448 2052 extrinsecus
2475 1995 2708 2051 ascitum
2731 2035 2746 2059 ,
2780 1994 2874 2051 sed
2907 2010 2976 2050 ex
3010 1994 3202 2072 ipsius
3223 1993 3533 2050 substantia

1960 2102 2350 2161 progressum;
2382 2086 2464 2144 sic
2499 2086 2664 2157 igitur
2703 2086 2845 2151 apud
2885 2085 3144 2142 Davidem
3178 2085 3536 2156 pronuntiat:

1960 2178 2045 2232 Ea:
2077 2187 2227 2234 utero
2259 2187 2380 2233 ante
2398 2175 2698 2248 Luciferum
2723 2177 2876 2248 θεληιὶ
2909 2185 2958 2232 te
2989 2177 3039 2243 ⁸,
3071 2175 3152 2232 uti
3186 2175 3540 2248 Septuaginta

1961 2274 2411 2342 interpretantur.
2464 2269 2544 2325 Ex
2591 2268 2715 2324 aliis
2764 2276 2946 2325 autem
2995 2267 3300 2324 editoribus
3343 2267 3542 2339 Aquila

1960 2359 2033 2413 ita
2069 2359 2284 2416 reddit:
2323 2358 2402 2414 Ab
2436 2369 2585 2414 utero
2629 2357 2867 2414 diluculo
2897 2360 3128 2416 excitato
3170 2360 3265 2417 tibi
3291 2377 3378 2415 ros
3421 2376 3543 2429 pue-

1960 2453 2099 2507 ritiw
2130 2460 2236 2507 tua:
2261 2468 2281 2519 ;
2312 2450 2677 2523 Symmachus
2705 2466 2872 2523 porro
2897 2471 2908 2507 :
2957 2451 3106 2506 Velut
3137 2451 3374 2508 diluculo
3405 2453 3540 2506 roris

1949 2543 2200 2614 jurentus
2229 2552 2321 2599 tua
2344 2559 2362 2609 ;
2396 2543 2700 2600 Theodotio
2729 2558 2862 2599 vero
2887 2562 2899 2600 :
2929 2543 3015 2598 Ea:
3040 2553 3188 2600 utero
3217 2562 3248 2599 a
3278 2547 3542 2600 matutino

1962 2643 2184 2703 tempore
2207 2633 2500 2705 juventutis
2534 2644 2681 2700 tuae;
2709 2639 2765 2687 at
2798 2631 3001 2700 Quinta
3028 2633 3196 2692 editio
3234 2655 3247 2691 :
3284 2634 3367 2689 Ex
3393 2644 3544 2691 utero

1962 2725 2026 2778 ab
2055 2724 2291 2780 diluculo
2326 2725 2419 2780 tibi
2451 2741 2538 2782 ros
2583 2726 2637 2780 in
2669 2726 2944 2796 juventute
2981 2737 3115 2784 tua:
3171 2725 3338 2784 Sexta
3382 2741 3547 2799 porro

1962 2817 2173 2873 editio:
2213 2815 2298 2870 Ex
2328 2828 2477 2872 utero
2520 2828 2754 2888 quierent
2801 2827 2883 2883 te,
2936 2819 3354 2888 ros'juventutis
3399 2827 3548 2882 tutu;

1965 2915 2244 2978 postremo
2293 2907 2349 2962 in
2379 2905 2641 2962 Hebrmo:
2677 2906 2874 2962 Herem
2917 2924 3153 2962 messaar
3193 2908 3358 2962 lactat
3423 2907 3549 2963 icle-

1963 2996 2194 3053 decheth.

2036 3110 2192 3180 Quod
2223 3110 2510 3168 manifeste
2541 3124 2608 3166 ac
2634 3110 2772 3165 citra
2815 3110 2983 3167 ullam
3015 3079 3427 3184 ambiguitatem
3474 3112 3557 3168 id-

271 3199 452 3267 στρὲς
483 3199 602 3266 πρὸ
630 3199 972 3268 Ἑωσφόρου
992 3198 1295 3268 ὲγέννησά
1314 3214 1406 3255 σε.
1429 3200 1502 3254 Τὸ
1529 3200 1637 3272 γὰρ
1679 3202 1864 3274 μηρὲμ

1973 3203 2145 3274 ipsum
2181 3201 2452 3275 significat
2481 3220 2495 3258 :
2527 3205 2614 3257 Ea:
2642 3211 2791 3257 utero
2827 3213 2950 3259 ante
2973 3202 3271 3274 Luciferum
3299 3205 3453 3276 genui
3487 3214 3554 3259 te.

273 3291 531 3358 γαστρός
547 3290 561 3318 ¹
580 3289 976 3361 ὲστι·μεσσαὰρ
1003 3289 1059 3342 δὲ
1090 3288 1157 3342 τὸ
1183 3291 1584 3359 όρθριαίτερον
1595 3289 1860 3355 πάντων,

275 3381 410 3451 ὅπερ
438 3381 561 3435 ἐστὶ
597 3380 712 3448 πρό
766 3381 1142 3449 Ἐωσφόρουο
1193 3380 1431 3446 λακτὰλ,
1462 3382 1563 3436 και
1610 3381 1725 3450 πρὸ
1753 3380 1864 3451 τῆς

279 3469 506 3541 δρόσου
549 3471 817 3524 παιδίον·
849 3471 1139 3542 ῐελεδεχὲθ,
1167 3472 1417 3526 τουτέστι
1445 3471 1529 3538 τό,
1561 3471 1866 3544 ἐγέννησά

276 3579 380 3616 σε’
428 3564 579 3626 ὅπως
628 3563 694 3616 ὲκ
739 3561 834 3616 τοῦ
884 3561 1045 3632 λόγου
1083 3563 1295 3637 γνῴης,
1329 3564 1412 3618 ὅτι
1443 3565 1472 3619 ὁ
1505 3565 1868 3631 ὲνυπόστατος

278 3653 410 3716 Θεὸς
463 3654 640 3722 Λόγος
688 3655 752 3706 ἐκ
804 3653 1020 3724 Πατρός
1076 3653 1238 3724 φύσει
1297 3655 1417 3710 ἐστὶ
1470 3656 1868 3728 γεγεννημένος

277 3743 533 3815 ἀνάρχως
571 3744 666 3796 καὶ
696 3743 963 3815 ἀχρόνως,
991 3744 1100 3818 πρὸ
1126 3744 1221 3799 τοῦ
1249 3763 1305 3800 τι
1334 3741 1492 3800 εἶναι.
1527 3746 1603 3800 Οὐ
1632 3746 1741 3820 γὰρ
1777 3747 1870 3801 τὸν

293 3835 607 3907 Ἑωσφόρον
651 3836 812 3891 μόνον
840 3835 996 3906 ἔλεγε
1041 3836 1134 3891 τὸν
1167 3837 1396 3910 ἀστέρα,
1429 3837 1606 3892 καίτοι
1635 3855 1701 3910 γε
1740 3840 1870 3903 πολ-

282 3925 362 3982 ὶῧ
418 3927 590 3982 ὄντων
619 3927 728 3979 τῶν
771 3926 1008 3999 ἄστρων,
1046 3929 1142 3982 καὶ
1182 3928 1334 4000 ἡλίου
1383 3931 1478 3984 καὶ
1513 3929 1766 4007 σελήνης,
1813 3937 1873 3990 ἐν

283 4021 349 4088 τῇ
402 4017 642 4089 τετάρτῃ
705 4016 891 4089 ἡμέρᾳ
943 4018 1272 4090 γενομένων,
1334 4025 1753 4098 προγενομένων
1816 4026 1874 4081 δὲ

287 4110 584 4179 θαλάσσης,
621 4108 716 4162 καὶ
747 4107 942 4174 ξύλων,
974 4108 1070 4164 καὶ
1099 4109 1363 4186 καρπῶν·
1407 4115 1787 4189 περεὼματός
1814 4134 1874 4172 τε

287 4200 387 4270 γῆς
410 4200 507 4253 καὶ
518 4200 578 4252 οὐ
587 4198 771 4271 ρινοῦ,
804 4200 899 4254 καὶ
909 4199 1158 4274 ἀγγέλων
1176 4206 1294 4278 ἅμα
1315 4208 1415 4262 σὺν
1426 4207 1638 4274 τούτοις
1657 4210 1877 4279 γεγονό-

288 4311 414 4346 των.
441 4292 508 4345 ει
532 4291 610 4362 μὴ
630 4291 738 4362 γὰρ
755 4292 874 4367 ἅμα
902 4296 1119 4370 οὐρανῷ
1143 4299 1239 4352 καὶ
1266 4301 1338 4372 γῇ
1369 4300 1462 4355 καὶ
1483 4300 1707 4371 ἄγγελοι
1731 4301 1879 4356 ἑκτι-

1963 3293 2082 3350 Vox
2141 3296 2288 3352 enim
2331 3294 2423 3349 illa
2484 3309 2678 3349 merent
2725 3294 2868 3352 idem
2925 3303 3010 3352 est
3068 3305 3233 3366 atque
3283 3305 3557 3362 emtre;

1965 3403 2205 3442 mesmar
2243 3400 2376 3442 vero
2418 3384 2659 3440 diluculo
2685 3402 2798 3456 pra:
2823 3386 3066 3442 omnibus
3087 3428 3104 3455 ,
3133 3388 3294 3460 611
3322 3389 3424 3444 hoc
3445 3399 3553 3453 est,

1966 3485 2090 3533 ante
2131 3473 2480 3544 Luciferum;
2525 3475 2722 3541 lactal,
2765 3475 2819 3532 id
2861 3483 2976 3544 est,
3016 3487 3172 3548 atque
3219 3489 3340 3534 ante
3390 3497 3560 3534 rorem

1967 3583 2228 3639 puerum;
2275 3565 2593 3638 ieledecheth
2611 3566 2849 3639 denique
2878 3569 3020 3625 idem
3053 3578 3141 3625 est
3179 3584 3244 3626 ac
3267 3573 3422 3643 genui
3473 3581 3520 3628 te
3543 3590 3562 3628 :

1969 3669 2028 3714 nt
2057 3674 2125 3714 ex
2151 3672 2219 3714 eo
2259 3673 2513 3715 sermone
2554 3673 2862 3730 cognoscas
2911 3659 3081 3716 Deum
3116 3659 3356 3720 Verbum
3384 3663 3561 3738 hypo-

1971 3749 2104 3808 8tasi
2133 3749 2358 3825 propria
2381 3749 2674 3822 praeditum
2705 3766 2735 3807 a
2762 3750 2927 3811 Patre
2953 3767 3076 3813 esse
3100 3755 3344 3828 genitum
3365 3799 3382 3826 ,
3411 3759 3566 3815 nullo

1973 3857 2152 3917 neque
2202 3845 2398 3914 inrtio,
2443 3861 2624 3917 neque
2665 3854 2945 3919 tempore,
2991 3847 3321 3920 priusquam
3356 3850 3567 3920 aliquid

1976 3938 2125 3994 aliud
2159 3938 2494 3997 exsisteret:
2526 3954 2655 3995 nam
2697 3955 2808 3995 non
2858 3939 3096 3998 Luciferi
3141 3940 3307 3998 modo
3350 3942 3566 3999 stellam

1975 4031 2280 4097 intellexit,
2319 4046 2446 4088 cum
2472 4031 2578 4089 alia
2605 4032 2715 4090 sint
2747 4033 3016 4104 permulta
3054 4032 3234 4090 sidera
3258 4073 3274 4100 ,
3321 4043 3455 4107 puta
3486 4035 3570 4090 sol

1975 4129 2032 4177 et
2061 4121 2350 4192 luna,qu:e
2362 4120 2452 4178 die
2480 4129 2680 4192 quarto
2709 4121 2929 4176 condita
2952 4130 3101 4186 sunt,
3137 4127 3195 4176 et
3221 4126 3348 4177 ante
3383 4135 3568 4183 mare,

1978 4213 2204 4270 arbores
2224 4253 2245 4281 ,
2276 4212 2600 4285 fructusque
2637 4219 2962 4284 procreata;
2990 4220 3191 4284 praeter
3224 4228 3347 4284 quae
3387 4215 3570 4268 ttrma-

1978 4311 2224 4360 mentum
2267 4305 2465 4368 etiam,
2514 4317 2580 4360 ac
2631 4313 2814 4368 terra,
2861 4303 3175 4374 canumque
3240 4303 3569 4375 productum

294 4383 639 4452 σῦησαν,οὐκ
654 4383 720 4442 ἂν
737 4384 890 4457 ἔλεγε
915 4387 994 4455 τῷ
1029 4389 1172 4455 Ἰὼϐ,
1209 4391 1292 4444 ὅτι
1335 4392 1466 4446 Ὅτε
1503 4392 1865 4463 ἐγενήθησαν

1979 4399 2099 4460 est,
2128 4402 2185 4449 et
2214 4393 2430 4465 angeli,
2461 4393 2554 4465 qui
2585 4409 2711 4450 cum
2763 4394 2873 4451 illis
2903 4394 3255 4451 exstiterunt.
3294 4393 3410 4451 Nisi
3426 4396 3570 4451 enim

293 4475 507 4548 ἄστρα,
539 4477 774 4549 ῇνεσάν
788 4496 865 4550 με
907 4480 1131 4546 πάντες
1161 4482 1406 4553 ἅγγελοί
1435 4501 1557 4554 μου
1593 4483 1784 4559 spurii.
1809 4485 1865 4538 Ti

1987 4500 2112 4541 cum
2147 4485 2289 4540 caelo
2320 4494 2576 4557 terraque
2598 4485 2766 4542 creati
2795 4485 2975 4541 forent
3006 4487 3223 4559 angeli,
3254 4501 3364 4544 non
3393 4488 3536 4542 dixis

294 4565 405 4636 οὖν,
435 4569 554 4639 πρὸ
595 4570 958 4640 Ἑωσφόρου,
987 4570 1075 4627 ἵνα
1095 4571 1228 4645 εἴπῃ
1255 4572 1362 4646 πρὸ
1386 4571 1481 4626 τοῦ
1531 4556 1671 4628 εἶναι
1701 4591 1755 4628 τι
1796 4593 1865 4632 κα

1993 4586 2076 4635 set
2122 4574 2228 4632 Job
2260 4593 2276 4631 :
2320 4573 2453 4632 Cum
2490 4556 2643 4646 facta
2682 4586 2805 4634 sunt
2834 4577 3048 4644 sidera,
3087 4556 3446 4635 laudauerunt
3495 4597 3572 4634 me

367 4750 380 4779 '
413 4747 544 4804 Fer.
583 4748 648 4801 ὲκ
668 4763 867 4817 γαστο.
942 4749 963 4780 ¹
988 4747 1146 4804 Joan.
1170 4764 1281 4817 xvi,
1322 4749 1412 4806 28.
1493 4750 1514 4782 ⁸
1541 4749 1705 4806 Joan.
1735 4768 1845 4818 xiv,

1973 4795 1977 4808 .
2054 4751 2076 4784 ⁸
2104 4750 2252 4810 Psal.
2281 4768 2394 4823 etx,
2425 4753 2482 4810 5.

366 4927 445 4998 (5)
493 4927 594 4992 Ὠς
617 4925 688 4981 δὲ
734 4927 792 4998 οἱ
828 4926 1009 4982 ἄλλοι
1042 4925 1300 4982 ἐκδόται.
1336 4891 1625 4983 Paululum
1662 4928 1880 4984 diversa

297 4996 435 5052 sunt
457 5008 708 5068 veterum
739 4996 1101 5068 interpretum
1139 4999 1324 5068 verba,
1350 5014 1474 5068 qua;
1505 5000 1560 5053 in
1595 4998 1766 5053 variis
1793 4998 1882 5053 Bi-

297 5069 535 5124 bliorum
556 5066 900 5128 lectionibus
917 5066 1406 5123 circumferuntur.
1430 5066 1564 5123 Nam
1588 5083 1656 5124 ex
1675 5069 1886 5138 Aquila:

299 5139 541 5212 editione
564 5144 641 5192 ita
671 5138 1017 5212 concipitur:
1045 5138 1422 5212 ’Δπδ-μῄτρας
1445 5137 1888 5212 ὲξωρθρισμὲνου

303 5224 384 5262 σοι
413 5208 611 5293 δρόσος
641 5207 983 5293 παιδιότητός
1015 5225 1129 5293 σου.
1237 5207 1569 5293 Symmacho
1587 5207 1762 5293 gero":
1795 5211 1892 5293 ’ῼς

1097 5280 1289 5352 νεότης
1324 5296 1440 5332 σου.
1474 5280 1555 5333 Ex
1583 5280 1784 5348 Quinta
1805 5280 1894 5336 de-

1088 5349 1255 5424 ρθρου
1300 5367 1383 5404 σοι
1424 5349 1668 5424 δρόςοςὴ
1699 5351 1893 5424 νεότης

757 5433 981 5492 sensum
1032 5420 1218 5492 petitis
1274 5435 1438 5492 quam
1481 5420 1550 5475 ad
1596 5420 1760 5476 verba
1814 5420 1894 5476 re-

309 5497 624 5559 spexerunt.
644 5487 823 5556 Quam
851 5487 1047 5544 autem
1066 5491 1232 5546 varia:
1255 5487 1365 5546 tam
1387 5503 1697 5547 nostrorum
1727 5507 1890 5562 quam

312 5560 665 5615 rabbinorum
709 5560 824 5616 sint
854 5560 922 5616 de
971 5575 1036 5616 eo
1085 5560 1208 5617 loco
1243 5565 1550 5617 sententia.
1579 5580 1645 5617 ex
1673 5564 1890 5617 illorum

312 5560 665 5615 rabbinorum
709 5560 824 5616 sint
854 5560 922 5616 de
971 5575 1036 5616 eo
1085 5560 1208 5617 loco
1243 5565 1550 5628 sententia,
1579 5580 1645 5619 ex
1673 5560 1890 5618 illurnm

311 5629 721 5687 commentariis
773 5638 1022 5700 repetere
1085 5632 1232 5688 licet.
1312 5630 1539 5689 Hebraea
1593 5635 1666 5689 ita
1732 5633 1893 5689 hodie

313 5734 704 5810 concipiuntur
774 5719 950 5808 ’μηδ’
1007 5718 1090 5797 ’πε
1149 5719 1223 5797 1'7
1291 5747 1478 5800 ﬁrm:
1544 5750 1740 5802 tamn.
1782 5740 1892 5797 Hoc

302 5277 556 5350 κατ’δρθ
627 5294 658 5331 ν
695 5295 780 5332 σοι
818 5277 1011 5350 δρόσος
1065 5289 1067 5291 ‘
1097 5277 1294 5352 νεότης
1324 5296 1440 5332 σου.
1474 5278 1555 5333 Ex

303 5351 469 5402 niaue
500 5366 514 5402 :
560 5293 666 5402 PEX
696 5349 912 5402 ιιήτοας
940 5280 1255 5402 emissem
1300 5367 1383 5402 σοι
1424 5349 1555 5402 δοόση

971 5365 1012 5404 π

303 5347 912 5474 ἓέῒξ¹¹ῗὲιέ⁵ἒδ³³ίὲέξιξῑ

1987 4936 2117 4986 est:
2152 4927 2236 4983 Ex
2304 4936 2486 4994 utero,
2541 4939 2662 4986 ante
2725 4948 3003 5000 auroram,
3057 4934 3144 4990 vel
3206 4935 3272 4990 ab
3329 4954 3570 5002 aurora,

1991 5019 2088 5078 tibi
2117 5037 2204 5076 ros
2234 5021 2527 5076 nativitatis
2554 5029 2681 5077 tute.
2710 5019 2854 5077 LXX
2905 5024 3155 5097 legerunt
3186 5011 3382 5106 ’πηγήν
3412 5029 3572 5096 genui

1996 5111 2235 5188 te._llinc
2283 5113 2428 5188 apud
2481 5113 2846 5188 Epiphaniam
2896 5111 2998 5187 pro
3030 5117 3308 5188 ίῑελεδέχεθ
3341 5118 3579 5175 fortasse

1999 5183 2441 5257 substituendum
2484 5191 2570 5257 est
2591 5183 2866 5256 ὶελεδεθέχ
2890 5183 2913 5245 ,⁷
2937 5194 2995 5242 ut
3028 5187 3082 5242 in
3114 5183 3377 5257 Heiaplis
3411 5188 3576 5244 oeta-

1995 5254 2168 5329 glisve
2190 5255 2356 5329 colon
2386 5254 2990 5329 illudurepraasen‘tabat
3008 5298 3050 5329 ,ί
3076 5257 3131 5312 ἱη
3163 5254 3282 5329 quo
3305 5258 3574 5329 Hebraica

1995 5321 2202 5397 Graecis
2233 5321 2650 5397 c_haracteribus
2686 5325 2892 5397 scripta
2921 5321 3262 5397 legebantur.
3289 5328 3410 5384 1am
3439 5329 3573 5384 illud

1995 5392 2203 5471 λακτάλ
2248 5393 2586 5471 Epiphanius
2619 5392 2818 5471 vertit;
2841 5397 2937 5451 καὶ
2969 5392 3076 5471 οἷιρδ
3113 5399 3210 5470 τῆς
3234 5401 3426 5471 δρόσου
3447 5419 3574 5455 παι-

1995 5462 2125 5518 δίον.
2155 5462 2434 5544 ριιξεὶιὶηι
2462 5466 2573 5521 (1υο
2596 5481 2661 5522 ac
2692 5462 2914 5544 diversa
2945 5462 3096 5526 vo'eis
3136 5462 3381 5544 ejusdem
3435 5473 3579 5544 glos-

1997 5560 2226 5608 semata.
2251 5540 2336 5614 '71::
2359 5565 2528 5608 rorem
2551 5554 2842 5626 signiﬁcat.
2881 5540 3005 5623 τινα
3038 5559 3121 5616 vel
3145 5543 3286 5621 .‘th.
3319 5562 3400 5616 vel
3426 5540 3571 5622 r3151:

1993 5638 2218 5690 puerum
2250 5634 2304 5680 et
2333 5626 2596 5694 infantem
2621 5626 2758 5691 ;sed
2785 5628 3105 5691 Chaldaice,
3141 5647 3248 5687 non
3287 5631 3572 5688 Hebraice.

1998 5694 2180 5835 ἓὲἲιυε
2212 5695 2372 5818 ιιιὶὶιίι
2410 5695 2478 5752 ad
2523 5695 2670 5754 hunc
2725 5698 2904 5754 locum
2952 5702 3223 5772 posterior
3266 5703 3372 5759 ista
3423 5703 3574 5759 notio

2069 5780 2094 5818 r
2123 5780 2208 5821 ine
2235 5803 2251 5818 .

2069 5780 2251 5821 l'llllel.
