3850 6204
350 325 419 381 19
1728 325 1784 380 S.
1827 325 1924 383 EPI

2034 328 2169 383 AN“
3548 326 3626 384 20

350 453 530 492 omnes
583 436 757 507 angeli
802 437 904 491 mei
944 453 1066 492 voce
1107 454 1207 492 sua
1241 438 1279 495 ⁸.
1324 437 1517 510 ltaque
1552 440 1727 498 'voces
1782 443 1924 511 illae,

2033 442 2450 515 κτισθῆναι.ἾΙν
2469 442 2574 516 γὰρ
2590 444 2675 499 ἀεὶ
2694 446 2865 514 Λόγος
2888 445 2979 499 σὺν
2994 444 3170 516 Πατρί
3186 459 3199 475 ·
3216 443 3296 497 Δι’
3311 441 3499 496 αὑτοῦ
3511 442 3625 514 γὰρ

348 538 469 583 ante
532 527 872 597 Luciferum,
929 529 1069 585 idem
1125 531 1449 602 signiﬁcant}
1496 547 1559 588 ac
1604 534 1651 589 si
1698 534 1975 602 diceret,,

351 624 668 694 priusquam
702 631 850 678 esset
879 624 1318 697 condereturquc
1388 628 1691 699 quidpiam.
1767 628 2007 686 Verbum
2046 630 2192 686 enim
2257 646 2383 686 cum
2427 630 2589 687 Patre
2631 646 2847 701 semper
2898 632 3124 687 exstitit.
3150 628 3284 685 Nam
3327 646 3419 699 per
3449 630 3625 699 ipsum

349 719 526 770 omnia
560 717 705 784 farta
737 729 894 781 sunt,
929 730 976 771 et
1006 722 1118 773 sine
1150 723 1260 791 ipso
1293 723 1491 792 fartum
1522 734 1601 779 est
1632 726 1781 778 nilni.

420 807 484 862 V.
508 808 717 863 Etenim
753 810 899 864 dicat
927 813 1157 881 aliquis:
1180 816 1413 885 Angelos
1446 826 1570 870 ante
1598 818 1775 873 sidera
1806 834 1929 873 csse

350 901 690 955 monstrasti.
742 900 896 967 Quod
933 913 1113 959 autem
1147 907 1309 960 simul
1345 923 1469 962 cum
1503 910 1643 964 cmlo
1671 918 1929 981 terraque

350 992 646 1062 productos
697 1007 820 1048 esse
876 994 1082 1059 dixisti,
1130 997 1263 1051 cedo
1314 1014 1551 1069 quanam
1610 1002 1664 1056 id
1715 1002 1929 1058 ratione

346 1081 757 1153 comprobasti?
785 1082 974 1140 Nonne
1004 1094 1130 1141 ante
1152 1088 1350 1142 caelum
1382 1105 1445 1143 ac
1476 1099 1676 1145 terram
1702 1094 1928 1148 omnino

347 1173 713 1242 prodierunt?
741 1175 1023 1247 Nusquam
1068 1179 1213 1233 enim
1258 1189 1444 1251 aperte
1474 1181 1756 1255 Scriptura
1785 1194 1923 1240 tem-

348 1279 447 1334 pus
497 1267 764 1336 expressit
816 1284 926 1339 quo
972 1270 1148 1341 angeli
1194 1274 1463 1340 procreati
1523 1283 1673 1329 sunt.
1730 1274 1906 1330 Actu

344 1355 561 1426 quidem
590 1358 802 1428 priores
828 1360 950 1416 illos
989 1362 1261 1419 sideribus
1306 1365 1585 1422 exstitisse
1630 1382 1739 1421 non
1783 1367 1926 1423 male

346 1450 760 1505 demonstrasti.
815 1452 1034 1523 Alioqui
1077 1455 1220 1509 enim
1252 1456 1527 1525 quomodo
1554 1456 1723 1513 Deum
1746 1458 1817 1513 ob
1842 1456 1924 1512 fa-

347 1540 551 1595 bricata
600 1541 779 1597 sidera
831 1544 1231 1614 praedicarent?
1278 1544 1390 1601 Nos
1426 1555 1607 1602 autem
1654 1550 1924 1619 cujusque

344 1635 661 1703 quaestionis
701 1636 1118 1694 dissolutionem
1172 1654 1283 1694 non
1328 1656 1393 1695 ex
1446 1641 1666 1712 ingenio
1708 1652 1921 1707 nostro,

345 1726 437 1781 sed
474 1741 539 1782 ex
574 1727 984 1798 Scripturarum
1030 1732 1172 1788 serie
1201 1748 1263 1787 ac
1296 1736 1693 1804 consequentia
1730 1735 1923 1792 alTerre

345 1838 659 1890 possumus.
722 1823 885 1893 Atqui
947 1824 1080 1881 illud
1137 1826 1420 1883 evidenter
1468 1828 1688 1886 divinus
1740 1846 1923 1886 sermo

343 1916 606 1978 declarat,
663 1930 842 1985 neque
897 1927 1020 1986 post
1082 1917 1263 1973 sidera
1319 1920 1618 1990 productos
1676 1923 1918 1994 angelos,

342 2023 518 2077 neque
550 2017 677 2064 ante
708 2010 904 2063 caelum
937 2019 1245 2082 terramque
1274 2014 1628 2071 constitutos.
1658 2014 1753 2071 Est
1777 2016 1922 2071 enim

342 2110 490 2153 certa
544 2100 634 2154 illa
669 2109 721 2156 et
759 2100 1119 2159 immutabilis
1175 2105 1483 2172 sententia,
1539 2116 1670 2162 ante
1718 2108 1921 2162 cmlum

341 2206 407 2245 ac
453 2196 658 2247 terram
705 2191 836 2244 nihil
872 2192 1096 2246 omnino
1139 2194 1482 2249 conditarum
1531 2211 1714 2249 rerum
1750 2196 1924 2252 exsti-

342 2281 497 2343 tisse,
524 2281 781 2350 quoniam
818 2280 884 2335 In
935 2281 1197 2350 principio
1239 2278 1433 2338 creavit
1466 2282 1608 2338 Deus
1648 2286 1834 2337 caelum
1875 2293 1925 2338 et

344 2386 542 2428 terram
574 2375 615 2437 ',
643 2381 701 2427 ut
732 2374 863 2428 illud
898 2375 969 2428 sit
994 2376 1216 2430 creandi
1244 2376 1597 2446 princnpium,
1629 2384 1757 2431 ante
1777 2375 1924 2447 quod

342 2465 546 2518 creatis
579 2479 646 2518 ex
676 2464 838 2519 rebus
867 2466 1092 2519 omnino
1123 2466 1268 2520 nulla
1305 2465 1488 2521 fuerit.

415 2550 780 2617 Quamobrem
822 2568 930 2607 non
968 2562 1167 2624 potest,
1202 2555 1279 2609 uti
1307 2555 1568 2625 diximus,
1594 2557 1740 2628 quod
1772 2558 1915 2614 inest

346 2659 401 2697 In
436 2642 661 2699 homine
704 2646 953 2708 verbum,
1009 2647 1172 2700 homo
1195 2649 1527 2718 nuncupari,
1564 2649 1659 2705 sed
1688 2651 1924 2707 hominis

344 2736 591 2791 verbum.
645 2735 798 2803 Quod
827 2736 872 2791 si
899 2737 990 2794 Dei
1028 2736 1267 2793 Verbum
1306 2738 1447 2795 Deus
1478 2751 1581 2803 est,
1618 2740 1924 2797 subsisten~

344 2827 418 2879 tia
482 2826 705 2880 minime
755 2835 936 2891 caret;
999 2827 1246 2897 adeoque
1298 2826 1441 2883 Deus
1498 2826 1735 2883 Verbum
1787 2830 1921 2885 sub-

345 2920 511 2983 sistit,
568 2936 595 2971 a
657 2919 766 2973 Deo
820 2920 1077 2990 genitus,
1128 2920 1249 2975 sine
1295 2920 1451 2973 initio
1503 2920 1614 2975 ullo
1667 2935 1731 2975 ac
1787 2928 1923 2974 temo

344 3028 511 3082 pore:
552 3012 776 3065 Verbum
838 3013 981 3066 enim
1038 3029 1163 3066 caro
1219 3012 1422 3080 factum
1479 3020 1595 3075 est,
1660 3021 1711 3067 et
1770 3012 1923 3065 habi-

344 3104 475 3156 tavit
527 3102 583 3156 in
629 3102 813 3165 nobis,
859 3112 907 3155 et
962 3101 1189 3155 vidimus
1239 3103 1466 3173 gloriam
1514 3102 1652 3171 ejus,
1699 3102 1922 3173 gloriam
1951 3132 1994 3189 ε

342 3195 497 3264 quasi
537 3191 804 3263 Unigenitt'
847 3210 879 3245 a
930 3191 1122 3257 Patre,
1172 3193 1384 3262 plenum
1430 3194 1619 3263 gratia:
1662 3195 1825 3265 612
1875 3205 1925 3249 et

343 3286 601 3341 veritatis.
648 3283 881 3339 Joannes
910 3283 974 3337 de
1000 3283 1093 3338 illo
1118 3294 1362 3349 testatur,
1399 3296 1450 3340 et
1483 3288 1681 3341 clamat
1710 3286 1884 3340 dicens
1905 3302 1924 3340 :

352 3377 451 3431 Hic
499 3386 577 3431 est
633 3392 784 3447 quem
828 3377 944 3430 dixi
987 3376 1173 3431 nobis:
1207 3375 1313 3444 Qui
1351 3387 1470 3447 post
1500 3396 1581 3433 me
1604 3379 1763 3444 venit,
1800 3387 1923 3432 ante

347 3486 427 3524 me
455 3468 632 3538 [actus
666 3476 764 3532 est,
813 3468 940 3537 quia
996 3467 1144 3536 prior
1192 3482 1273 3521 me
1318 3476 1431 3521 erat
1468 3466 1526 3521 ’τ
1568 3466 1659 3521 hic
1694 3465 1841 3521 venit
1869 3465 1926 3520 in

346 3559 628 3623 mtmdum,
688 3567 748 3613 ut
800 3560 1041 3615 salvetur
1094 3558 1332 3615 mundus
1387 3574 1482 3627 per
1538 3559 1717 3629 ipsum
1747 3559 1790 3613 ⁸.
1855 3556 1923 3612 In

346 3651 543 3706 mundo
592 3660 730 3715 erat,
756 3661 806 3706 et
857 3650 1085 3706 mundus
1136 3668 1227 3721 per
1281 3653 1453 3723 ipsum
1496 3653 1670 3721 factus
1719 3660 1819 3715 est,
1876 3659 1925 3704 et

345 3743 572 3799 orandus
601 3760 721 3798 eum
757 3760 861 3799 non
888 3745 1127 3814 cognovit
1159 3745 1206 3798 '.
1233 3743 1397 3800 Vides
1427 3744 1764 3815 unigenitum
1794 3742 1928 3798 Ver.

347 3836 521 3892 bum?
560 3835 722 3891 Vides
752 3836 807 3890 in
856 3835 1063 3890 mundo
1108 3836 1439 3907 completum
1490 3834 1632 3889 inter
1676 3835 1928 3891 homines

344 3946 410 3985 ac
456 3929 672 3999 plenam
713 3944 741 3983 a
790 3926 953 3982 Patre
991 3926 1264 3998 Unigeniti
1294 3926 1522 3998 gloriam
1553 3926 1929 3980 obtinentem?

342 4022 462 4077 Non
494 4029 555 4077 ut
592 4020 751 4076 Pater
780 4020 898 4091 ipse
927 4021 997 4076 sit
1022 4019 1284 4080 Verbum.
1316 4026 1410 4074 aut
1438 4034 1563 4073 cum
1596 4017 1775 4073 Verbo
1801 4032 1930 4073 coa-

346 4116 557 4168 lesceus
602 4111 936 4182 apparuerit.
975 4110 1121 4166 velut
1166 4110 1328 4165 homo
1376 4124 1501 4163 cum
1540 4108 1708 4164 verbo
1754 4108 1927 4173 ipsius

344 4209 592 4272 apparet,
634 4216 814 4271 neque
848 4201 997 4255 illius
1026 4201 1255 4255 verbum
1290 4214 1554 4270 apparere
1586 4205 1786 4269 potest,
1820 4199 1927 4252 nisi

343 4292 488 4347 adsit
518 4292 614 4361 qui
658 4290 790 4345 illud
840 4291 1136 4360 eloquitur.
1172 4288 1401 4343 Cuinam
1453 4289 1619 4359 igitur
1652 4289 1928 4343 adhibebo

345 4385 552 4440 ﬁdem?
587 4384 817 4438 Cuinam
862 4383 1173 4439 assentiar?
1215 4381 1257 4434 A
1303 4382 1630 4452 quibusnam
1675 4382 1839 4435 vitam
1872 4382 1926 4435 in

2044 536 2239 590 πάντα
2266 535 2496 606 γέγονε,
2528 537 2625 591 καὶ
2661 537 2840 606 χωρὶς
2882 536 3070 591 αὑτοῦ
3096 534 3331 605 ἐγένετο
3361 534 3504 588 οὐδὲ
3524 535 3647 655 ἓν.1

2050 630 2190 655 ---τω
2427 630 2587 655 πμ.--
2631 646 2847 655 “MM-
2902 632 3101 655 ---κω
3150 628 3283 655 νη...
3328 646 3419 655 ..-_
3450 630 3621 655 :__..__

2108 812 2184 865 E'.
2217 810 2401 876 Λέξειε
2429 810 2474 864 δ’
2506 812 2571 867 ἄν
2600 828 2702 875 τις’
2735 811 2986 876 Ἔδειξας
3013 812 3090 881 (6)
3121 807 3259 866 εἶναι
3280 812 3387 884 πρὸ
3405 813 3627 887 ἄστρων

2036 905 2161 968 τοὺς
2192 903 2476 973 ἀγγέλους*
2518 904 2636 975 ἅμα
2668 892 2723 957 ὁὶ
2757 904 2972 977 οὐρανῷ
2997 904 3091 958 καὶ
3119 906 3190 976 γῇ
3223 904 3447 970 τούτους
3485 906 3628 979 ἔφης

2033 994 2337 1064 γεγονέναι.
2391 994 2565 1049 Πόθεν
2636 995 2932 1065 πεποίησαι
2986 995 3087 1065 τὴν
3143 993 3448 1063 ἀπόδειξιν;
3496 996 3624 1066 λέγε

2031 1089 2183 1157 ἡμῖν·
2217 1087 2339 1158 οὐχὶ
2369 1088 2476 1159 ἄρα
2508 1087 2613 1159 πρὸ
2635 1086 2729 1140 τοῦ
2756 1087 2988 1160 οὐρανοῦ
3019 1088 3115 1141 καὶ
3134 1088 3236 1159 τῆς
3271 1088 3378 1159 γῆς
3401 1090 3623 1154 πάντως

2032 1179 2350 1248 γεγόνασινς
2418 1179 2653 1250 οὐδαμοῦ
2701 1180 2809 1251 γὰρ
2866 1178 3155 1249 τηλαυγῶς
3226 1180 3480 1250 σημαίνει
3526 1181 3624 1236 τὸν

2032 1271 2222 1340 χρόνον
2258 1270 2361 1341 τῆς
2392 1270 2500 1323 τῶν
2537 1270 2787 1339 ἀγγέλων
2825 1272 3094 1342 ποιήσεως
3120 1289 3132 1301 ο
3169 1272 3265 1325 καὶ
3287 1272 3367 1325 ότι
3396 1273 3494 1343 μὲν
3520 1291 3625 1327 κα·-

2030 1359 2140 1423 λῶς
2182 1359 2377 1423 αὐτοὺς
2427 1358 2633 1423 ἔδειξας
2684 1353 2823 1412 εἷναι
2873 1360 2980 1431 πρὸ
3029 1360 3263 1429 ἄστρων.
3301 1362 3363 1413 lii
3399 1362 3472 1432 μὴ
3508 1364 3624 1433 γάρ

2028 1448 2189 1523 ἦσαν,
2218 1450 2336 1514 πῶς
2363 1450 2566 1522 ὕμνουν
2599 1451 2733 1505 Θεὸν
2761 1452 2856 1507 ἐπὶ
2885 1453 2950 1523 τῇ
2982 1451 3092 1505 τῶν
3122 1452 3340 1524 ἄστρων
3369 1455 3617 1525 ποιήσει;

2041 1544 2229 1614 Ἡμεῖς
2256 1542 2313 1596 δὲ
2342 1543 2582 1615 ἑκάστην
2612 1543 2931 1615 ζητήματος
2957 1542 3176 1615 εὕρεσιν
3208 1545 3308 1597 οὐκ
3332 1546 3440 1599 ἀπὸ
3471 1546 3623 1601 ἰδίων

2026 1631 2302 1704 λογισμῶν
2344 1634 2620 1706 δυνάμεθα
2648 1635 2850 1704 λέγειν,
2887 1634 3022 1688 ἀλλὰ
3048 1635 3156 1689 ἀπὸ
3185 1637 3284 1707 τῆς
3330 1637 3438 1690 τῶν
3473 1638 3620 1710 Γρα-

2026 1724 2141 1792 φῶν
2177 1725 2510 1790 ἀκολουθίας.
2546 1726 2844 1798 Τηλαυγῶς
2866 1727 2973 1799 γὰρ
3013 1728 3268 1799 σημαίνει
3305 1731 3332 1782 ὁ
3355 1728 3449 1782 τοῦ
3480 1730 3619 1784 Θεοῦ

1960 1798 1997 1851 Β
2026 1816 2203 1883 λόγος.
2234 1816 2453 1871 ὅτιοῦτε
2487 1818 2624 1889 μετὰ
2646 1819 2711 1871 τὰ
2738 1820 2913 1891 ἄστρα
2928 1798 3216 1889 γεγόνασιν
3239 1820 3619 1889 ἄγγελοι,οὒτε

2026 1909 2133 1980 πρὸ
2159 1909 2387 1980 οὐρανοῦ
2437 1910 2533 1962 καὶ
2566 1910 2687 1980 γῆς,
2727 1909 2914 1978 σαφῶς
2967 1910 3304 1979 ἀμεταθέτου
3335 1912 3488 1976 ὄντος
3520 1913 3618 1965 τοῦ

2028 1999 2217 2071 ῥητοῦ,
2241 2001 2323 2055 ὅτι
2356 2001 2463 2072 πρὸ
2485 2000 2715 2071 οὐρανοῦ
2767 2001 2859 2054 καὶ
2880 2001 2982 2071 γῆς
3013 2000 3165 2056 οὐδὲν
3197 1998 3267 2074 ἦν
3294 2003 3403 2056 τῶν
3437 2021 3621 2057 κεκτι-

2028 2094 2256 2164 σμένων·
2290 2094 2372 2146 ὅτι
2434 2094 2530 2146 Ἐν
2566 2092 2723 2163 ἀρχῇ
2757 2093 3047 2161 ἐποίησεν
3092 2097 3125 2149 ὀ
3172 2095 3316 2162 Θεὸς
3357 2096 3465 2150 τὸν
3515 2097 3623 2151 σύ-

2019 2182 2210 2249 ρανὸν
2244 2182 2343 2235 καὶ
2370 2181 2485 2251 τὴν
2510 2182 2645 2253 γῆν,
2679 2183 2752 2247 ὼς
2786 2186 2959 2257 ἀρχῆς
3004 2184 3172 2258 οὔσης
3214 2188 3462 2254 κτίσεως,
3522 2188 3621 2242 καὶ

2025 2271 2176 2347 οὐδὲν
2200 2272 2305 2343 πρὸ
2339 2273 2508 2343 αὐτῆς
2550 2273 2658 2327 τῶν
2689 2274 3091 2347 κεκτισμὲνων.

2096 2545 2170 2599 Οὐ
2194 2545 2415 2601 δύναται
2439 2540 2554 2610 οὖν,
2587 2546 2662 2611 ὡς
2697 2550 2976 2619 προεῖπον,
3002 2550 3030 2602 ό
3056 2551 3115 2602 ἐν
3140 2550 3411 2623 ἀνθρώπῳ
3436 2552 3614 2621 λόγος,

2026 2637 2311 2709 ἄνθρωπος
2331 2638 2631 2700 καλεῖσθαι,
2663 2639 2796 2693 ἀλλὰ
2811 2640 2967 2709 λόγος
2988 2640 3297 2712 ἀνθρώπου.
3314 2643 3375 2695 El
3390 2643 3445 2696 δὲ
3466 2646 3494 2697 ό
3509 2646 3615 2698 Λό-

2024 2745 2120 2796 γος
2146 2727 2240 2781 τοῦ
2270 2727 2403 2781 Θεοῦ
2419 2728 2550 2792 Θεός
2569 2729 2735 2794 ἐστιν,
2754 2729 2853 2783 οὐκ
2872 2729 3014 2782 ἔστιν
3036 2730 3405 2793 ἀνυπόστατος
3422 2730 3617 2799 Λόγος,

2025 2819 2161 2873 ἀλλὰ
2174 2821 2532 2885 ὲνυπόστατος
2546 2821 2676 2885 Θεὸς
2696 2822 2865 2889 Λόγος
2876 2823 2939 2875 ὲκ
2958 2820 3054 2875 τοῦ
3070 2821 3204 2875 Θεοῦ
3221 2822 3620 2893 γεγεννημένος

2026 2914 2277 2985 ἀνάρχως
2290 2914 2381 2968 καὶ
2394 2916 2464 2985 ἀχ
2472 2914 2657 2986 ρόνως·
2676 2915 2738 2968 '0
2750 2916 2858 2987 γὰρ
2872 2916 3061 2985 Λόγος
3074 2915 3229 2983 σὰρξ
3244 2914 3501 2986 ἐγένετο,
3516 2916 3618 2969 καὶ

2026 3003 2383 3069 ἐσκήνωσεν
2401 3004 2471 3058 ὲν
2488 3003 2651 3073 ἡμῖν,
2678 3005 2774 3059 καὶ
2798 3004 3039 3074 εἴδομεν
3064 3004 3180 3073 τὴν
3197 3004 3384 3070 δόξαν
3403 3005 3618 3070 αὐτοῦ,

2027 3094 2217 3158 δόξαν
2238 3095 2318 3160 ὡς
2340 3096 2721 3164 Μονογενοῦς
2747 3096 2906 3164 παρὰ
2948 3097 3198 3164 Πατρός,
3240 3097 3480 3166 πλήρης
3513 3096 3623 3168 χά-

2018 3203 2186 3254 ριτος
2213 3186 2312 3239 καὶ
2341 3188 2645 3254 ἀληθείας.
2698 3187 2979 3255 Ἰωάννης
3011 3189 3306 3258 μαρτυρεῖ
3351 3190 3483 3259 περὶ
3512 3193 3622 3244 αὑ-

2026 3278 2155 3342 τοῦ,
2210 3277 2307 3332 καὶ
2340 3277 2595 3349 κέκραγε
2634 3279 2846 3349 λέγων’
2893 3276 3083 3347 Οὗτός
3126 3282 3299 3335 ἐστιν
3340 3282 3412 3335 ὃν
3443 3278 3627 3337 εἷπον

2026 3370 2188 3440 ὑμῖν
2252 3372 2317 3425 '0
2347 3374 2541 3428 ὀπίσω
2574 3393 2695 3444 μου
2752 3376 3077 3444 ἐρχόμενος
3112 3376 3454 3445 ἔμπροσθέν
3496 3396 3622 3447 μου

2029 3463 2291 3533 γέγονεν,
2324 3465 2412 3517 ὅτι
2438 3465 2669 3533 πρῶτός
2695 3484 2813 3535 μου
2865 3464 2963 3536 ἦν.
3000 3461 3169 3534 οὗτος
3208 3464 3372 3541 ἦλθεν
3395 3472 3474 3532 εἰς
3524 3470 3624 3522 τὸν

2028 3554 2251 3625 κόσμον,
2283 3555 2370 3608 ἵνα
2392 3556 2537 3627 σωθῇ
2565 3558 2592 3609 ό
2622 3557 2825 3627 κόσμος
2847 3558 2914 3613 δι’
2948 3559 3134 3613 αὐτοῦ.
3190 3561 3292 3614 Ἐν
3314 3558 3394 3625 τῷ
3410 3561 3626 3630 κόσμῳ

2027 3642 2125 3716 ἦν,
2158 3646 2256 3701 καὶ
2285 3649 2318 3701 ό
2352 3647 2580 3717 κόσμος
2610 3648 2684 3702 δι’
2700 3652 2887 3705 αὑτοῦ
2909 3651 3164 3721 ἐγένετο,
3201 3651 3297 3705 καὶ
3331 3654 3365 3705 ὁ
3388 3653 3627 3721 κόσμος

2028 3739 2216 3792 αὐτὸν
2245 3740 2355 3793 οὐκ
2384 3739 2558 3809 ἔγνω.
2598 3741 2762 3814 Ὁρᾷς
2797 3745 3061 3814 μονογενῆ
3090 3744 3295 3812 Λόγον;
3353 3743 3517 3813 Ὁρᾷς
3554 3744 3621 3795 ἐν

2032 3830 2222 3901 κόσμῳ
2283 3830 2714 3903 πεπληρωμένον
2769 3835 2826 3886 ὲν
2887 3833 3229 3904 ἀνθρώποις,
3287 3832 3384 3887 καὶ
3432 3832 3621 3903 πλήρη

2029 3922 2218 3993 ἔχοντα
2251 3922 2409 3989 δόξαν
2441 3925 2780 3993 Μονογενοῦς
2818 3925 2966 3997 παρὰ
3002 3925 3253 3995 Πατρόςς
3294 3925 3392 3995 οὐχ
3417 3924 3492 3987 ὡς
3523 3924 3623 3977 τοῦ

2030 4014 2243 4083 Πατρὸς
2267 4013 2418 4079 ὄντος
2451 4016 2645 4084 Λόγου·
2669 4016 2729 4069 οὐ
2758 4016 2966 4088 Πατρὸς
2998 4017 3112 4088 ἅμα
3151 4016 3311 4087 Λόγῳ
3348 4017 3621 4087 συναλιφῇ

2031 4106 2361 4175 πεφηνότος
2392 4106 2467 4171 ὡς
2496 4108 2780 4180 ἄνθρωπος
2827 4108 2944 4179 ἅμα
2977 4109 3053 4179 τῷ
3089 4108 3282 4163 ἑαυτοῦ
3307 4107 3449 4177 λόγῳ
3488 4124 3621 4175 φαι-

2030 4197 2272 4266 νόμενος,
2308 4198 2402 4250 καὶ⁵
2440 4201 2469 4252 ό
2491 4198 2647 4266 λόγος
2679 4199 2842 4253 αὑτοῦ
2868 4201 2928 4252 οὑ
2965 4200 3185 4253 δύναται
3220 4200 3473 4269 φανῆναι,
3520 4198 3622 4250 ἐὰν

2033 4286 2108 4355 μὴ
2163 4289 2310 4357 παρῇ
2346 4288 2375 4339 ό
2406 4287 2775 4357 φθεγγόμενος
2806 4288 2896 4340 τὸν
2942 4288 3098 4355 λόγον
3164 4290 3279 4341 Τίνι
3321 4287 3500 4340 τοίνυν
3528 4303 3624 4339 πιο

2033 4378 2277 4441 usaeo);
2310 4379 2428 4432 Τίνι
2464 4378 2779 4450 συνθῶμαι;
2814 4379 2971 4450 Παρὰ
3000 4381 3160 4432 τίνων
3196 4380 3343 4432 λάϐω
3375 4379 3519 4450 ζωὴν
3558 4380 3621 4431 ὲν

342 4474 652 4546 disciplinis
704 4472 1012 4543 accipiam?
1056 4471 1198 4526 Num
1248 4472 1316 4525 ab
1364 4473 1571 4525 sanctis
1604 4472 1924 4541 Evangelia-

2037 4472 2355 4543 μαθήμασις
2421 4472 2579 4544 Παρὰ
2639 4473 2745 4525 τῶν
2810 4472 2982 4540 ἁγίων
3043 4472 3465 4541 εὺαγγελιστῶν,
3524 4472 3620 4524 καὶ

346 4583 467 4622 rum
519 4565 907 4635 scriptoribus,
938 4572 993 4619 et
1022 4563 1203 4618 alllatu
1241 4561 1418 4616 sancti
1455 4559 1693 4631 Spiritus
1726 4561 1923 4630 impul-

343 4659 444 4717 sis,
472 4658 562 4726 qui
598 4654 832 4711 Verbum
865 4670 894 4709 a
921 4654 1084 4709 Patre
1122 4654 1352 4707 missum
1381 4668 1503 4707 esse
1535 4652 1926 4721 prodiderunt?

2031 4564 2521 4635 πνευματοφόρων,
2577 4564 2685 4618 τῶν
2718 4565 2809 4618 τὸν
2841 4564 3012 4632 Λόγον
3064 4564 3217 4636 παρὰ
3258 4564 3475 4633 Πατρὸς
3512 4566 3623 4617 ἀπ-

2031 4656 2356 4725 εσταλμένον
2406 4655 2726 4728 φησάντων;
2758 4656 2792 4727 ἢ
2820 4654 3022 4709 τούτων
3089 4654 3196 4709 τῶν
3260 4654 3369 4707 ἀπὸ
3402 4651 3618 4709 Παύλου

342 4752 424 4803 An
472 4765 502 4802 a
542 4748 695 4802 Pauli
743 4745 1090 4801 Samosateni
1127 4742 1433 4814 discipuiis,
1466 4744 1559 4813 qui
1591 4759 1715 4797 cum
1746 4742 1924 4799 Verbo

2033 4746 2125 4799 τοῦ
2159 4747 2538 4817 Σαμοσατέως,
2578 4746 2688 4800 τῶν
2720 4747 2815 4800 σὺν
2840 4746 2915 4817 τῷ
2946 4746 3103 4817 Λόγῳ
3131 4746 3263 4801 Θεὸν
3307 4746 3401 4799 καὶ
3444 4745 3619 4812 Λόγον

342 4840 513 4895 Deum
549 4847 603 4895 ct
652 4854 776 4894 cum
812 4837 921 4892 Deo
951 4835 1187 4891 Verbum
1213 4850 1336 4889 esse
1365 4835 1595 4889 dicunt?
1629 4835 1719 4902 qui
1746 4834 1925 4890 Patris

340 4947 467 4987 cum
519 4930 699 4986 Verbo
748 4939 801 4984 et
850 4929 1011 4984 Verbi
1073 4943 1198 4982 cum
1230 4926 1394 4981 Patre
1424 4928 1723 4996 comparati
1760 4943 1923 4982 unam

342 5039 466 5080 esse
510 5038 799 5095 personam
829 5021 1135 5075 definiunt?
1164 5019 1230 5071 At
1261 5019 1306 5072 si
1343 5020 1498 5073 unica
1528 5018 1795 5073 duntaxat
1834 5027 1919 5075 est

416 5185 433 5215 ί
472 5181 573 5238 Job
601 5195 831 5244 xxxvm,
879 5179 932 5236 7.
1010 5177 1031 5207 '
1066 5174 1200 5232 Gen.
1237 5191 1273 5241 ι,
1312 5176 1360 5228 l.
1440 5174 1651 5235 "Joan.
1694 5187 1738 5237 I,
1775 5174 1971 5239 14,15.

412 5341 491 5409 (6)
533 5336 737 5400 Λέξειε
792 5336 862 5409 δ’,
896 5334 973 5387 ἀν
1019 5349 1127 5398 τιςο
1162 5329 1459 5409 ’βδειξαᾳ
1494 5332 1729 5409 Angelos
1790 5338 1917 5409 ante

342 5402 535 5464 mundi
592 5406 1029 5477 procreationem
1088 5420 1116 5456 a
1174 5402 1284 5477 Deo
1308 5402 1496 5477 [actos
1522 5418 1643 5456 esse
1673 5402 1917 5477 plerique

340 5469 610 5536 veterum'
644 5475 888 5537 Patrum.
946 5473 1245 5543 przesertim
1299 5469 1917 5543 Graecorumparbitrati

342 5560 500 5615 sunt,
561 5557 614 5603 et
674 5548 817 5601 inter
876 5541 1105 5615 exteros
1167 5542 1465 5615 Gregorius
1540 5541 1919 5615 Nazianzenus

340 5612 496 5676 Orat.
523 5618 613 5674 38.
644 5616 817 5683 Quam
854 5614 1179 5670 sententiam
1213 5614 1446 5682 theologi
1477 5612 1699 5681 quidam
1750 5621 1920 5665 teme.

341 5692 544 5745 rariam
582 5696 635 5743 el
694 5688 798 5742 hoc
848 5695 1093 5756 tempore
1131 5684 1296 5756 etiam
1344 5684 1920 5756 haeret_tanipr01ttr_nt-

343 5764 479 5817 tiarc
494 5776 600 5818 non
622 5770 747 5817 sunt
775 5752 1034 5813 veritiqu
1064 5754 1266 5828 quibus
1295 5754 1635 5825 prudentiam
1654 5766 1715 5806 ac
1741 5752 1920 5807 mode-

2036 4838 2131 4889 σὺν
2169 4838 2245 4908 τῷ
2281 4838 2401 4908 Θεῷ
2450 4838 2787 4908 φασκόντων,
2823 4839 2930 4892 τῶν
2975 4839 3033 4893 ἒν
3081 4838 3370 4910 πρόσωπον
3401 4839 3619 4909 [ἰατρὸς

2034 4930 2167 5000 πρὸς
2193 4929 2283 4983 τὸν
2308 4930 2500 4997 Λόγον,
2538 4930 2631 4984 κα)⁸
2660 4931 2748 4983 τὸν
2780 4930 2949 4998 Λόγον
2978 4930 3113 5000 πρὸς
3135 4930 3223 4983 τὸν
3249 4930 3468 5001 Πατέρα
3503 4930 3621 5001 ὁρι-

2034 5020 2266 5085 ζόντων;
2294 5021 2354 5075 El
2373 5021 2429 5075 δὲ
2452 5021 2510 5075 ἓν
2538 5022 2599 5075 τὸ
2628 5022 2938 5093 πρόσωπον,
2959 5022 3076 5086 πῶς
3095 5024 3124 5076 ό
3151 5022 3248 5094 μὲν
3269 5021 3616 5085 ἀποστέλλει,

2048 5175 2068 5205 ⁸
2099 5173 2256 5230 Joan.
2291 5191 2377 5241 ιιι,
2411 5177 2498 5232 17.
2573 5178 2595 5210 ⁵
2620 5176 2779 5234 Joan.
2822 5194 2860 5243 ι,
2892 5178 2976 5233 ιο.

2024 5332 2294 5404 rationem
2354 5334 2550 5389 merito
2630 5334 2907 5391 desiderat
2970 5333 3219 5404 Vasquez
3280 5334 3335 5388 in
3400 5334 3422 5388 l
3478 5332 3607 5389 Par.

2024 5402 2169 5472 disp.
2200 5403 2326 5463 224.
2374 5405 2463 5457 ubi
2498 5404 2837 5461 validissime
2874 5402 3234 5466 demonstrat,
3267 5420 3369 5458 nec
3398 5406 3610 5461 erroris

2026 5471 2400 5544 damnandam
2429 5474 2576 5528 illam
2606 5492 2729 5530 esse
2779 5490 2952 5544 neque
2972 5476 3038 5526 ah
3057 5474 3299 5529 Ecclesia
3326 5474 3609 5543 reiectam;

2029 5543 2247 5596 tametsi
2292 5544 2450 5613 longe
2488 5545 2560 5598 sit
2608 5547 2775 5599 altera
2836 5543 3192 5615 probabilior,
3227 5560 3348 5615 quae
3384 5546 3610 5615 angelos

2029 5621 2189 5686 negat
2221 5622 2350 5667 ante
2390 5615 2513 5667 caeli
2568 5614 2904 5671 creationem
2944 5631 3068 5671 esse
3098 5615 3419 5685 productos,
3461 5614 3609 5686 quod

2030 5680 2365 5753 Epiphanius
2390 5686 2760 5756 amplectitur.
