3850 6204
261 299 334 360 ιι
916 316 1281 379 ADVERSUS
1320 321 1664 385 [MERESES
1702 325 1833 385 LIB.
1869 328 1933 387 11.
1978 331 2144 396 ΤΟΜ.
2186 341 2253 395 ll.
2295 371 2365 386 -
2407 344 2680 402 HIERES.
2725 346 2882 404 LXV.
3477 348 3549 406 22

259 424 314 519 6—
337 421 394 476 δὲ
438 424 862 519 amarius-cat;
913 433 1298 508 ’Ἀποστελεῒς
1329 443 1461 518 γὰρ,
1517 447 1680 518 φησιν
1713 448 1787 519 (7)

262 514 581 587 Προφήτης,
631 519 738 574 τὸν
759 524 977 594 Λόγον,
1027 530 1126 583 καὶ
1173 532 1344 601 τήξει
1390 514 1854 592 αὐτά·’πνεῦσει

257 607 331 658 τὸ
360 608 605 679 Πνεῦμα
628 613 840 680 αὐτοῦ,
868 617 967 670 καὶ
984 619 1280 687 ῥυήσεται
1298 625 1511 681 ὕδατα·
1545 629 1642 683 καὶ
1670 629 1852 684 πάλιν

274 697 428 790 Ἐγὼ
454 700 718 770 ἐξῆλθον
741 705 811 760 ἐκ
857 709 966 764 τοῦ
994 715 1227 782 Πατρός
1248 729 1368 787 μου
1405 720 1505 774 καὶ
1538 721 1699 790 ἥκω(
1737 723 1853 789 καὶ,

261 789 360 883 ἕξ)
384 789 520 883 ἐπὶ),
545 795 644 848 καὶ
670 793 738 865 ζῇ
765 798 836 851 ἐν
863 800 993 869 ἐμοὶ
1040 806 1073 858 ὀ
1121 806 1494 879 ἀποστείλας
1522 789 1600 882 με
1628 813 1852 883 Πατήρ.

263 881 395 980 ne»;
427 878 520 938 οὖν
551 886 942 980 ἀποστέλλεται
974 897 1002 950 6
1034 897 1382 966 ἀποσταλεὶς,
1415 878 1626 962 καὶ-διὰ
1650 878 1855 980 sapuit;

261 973 521 1040 φαίνεται
536 993 560 1066 »ς
613 979 766 1035 Θεὸν
810 983 921 1056 γὰρ
949 984 1147 1055 οὐδεὶς
1181 991 1419 1048 πώποτε
1460 973 1740 1066 ἑώρακεν.
1793 1000 1856 1055 'U

259 1063 604 1162 mrito
617 1073 788 1140 Θεὸς.
811 1080 845 1131 ό
871 1074 1058 1146 ὣνεὶς
1081 1080 1189 1137 τὸν
1217 1086 1453 1141 κόλπον
1483 1063 1851 1162 τοῦπατρὸς,

259 1155 497 1254 eniam
532 1162 898 1236 ἐξηγήσατο,
940 1172 1035 1225 καὶ
1083 1174 1251 1246 φησὶν
1282 1179 1312 1232 6
1355 1181 1646 1254 μονογενὴς
1699 1155 1851 1248 Dede;

259 1251 311 1346 6—
350 1251 452 1346 μεν
503 1255 614 1328 γὰρ
669 1259 843 1329 Λόγος
906 1263 1055 1318 ἐστὶν
1111 1269 1176 1321 ἐκ
1233 1270 1448 1343 Πατρὸς
1488 1251 1791 1346 γεννηθείς·
1828 1279 1857 1331 6

261 1342 457 1435 Πατὴρ
493 1346 550 1400 δὲ
580 1349 679 1404 οὐκ
730 1352 1015 1427 ἐγεννήθη·
1049 1355 1138 1410 διὰ
1186 1342 1673 1435 τοῦτοίμονογενὴς
1705 1364 1853 1430 Υἱός.

337 1433 431 1528 ς’.
493 1439 775 1508 Προθλαῦε
825 1444 935 1517 γὰρ
981 1448 1014 1518 ὴ
1062 1448 1183 1504 Θεία
1239 1450 1464 1520 γνῶσις,
1510 1433 1855 1528 κηρῦττουσα

262 1527 470 1620 εαυτῆς
511 1531 614 1606 τὴν
639 1533 899 1605 ἀλήθειαν
945 1537 1034 1595 διὰ
1079 1543 1178 1612 τὴν
1207 1543 1378 1616 αὐτῆς
1417 1527 1745 1620 πρόγνωσιν,
1777 1553 1857 1617 είς

259 1617 569 1688 ἀσφάλειαν
594 1624 702 1679 τῶν
733 1629 1020 1702 ἡμετέρων
1053 1632 1259 1705 ψυχῶν·
1299 1617 1598 1712 ὲπειδῆπερ
1627 1641 1740 1713 ᾔδει
1759 1645 1854 1699 τοῦ

261 1712 625 1812 Sapo—amem;
661 1720 760 1812 τὴν
785 1722 992 1812 ἄνοιαν,
1024 1727 1117 1780 καὶ
1145 1727 1254 1799 τιῖιν
1297 1732 1590 1806 Ἀρειανῶν
1622 1739 1720 1812 τὴν
1750 1757 1853 1794 κα-

261 1804 535 1902 κοδοξίαν,
587 1811 683 1865 καὶ
723 1813 833 1869 τῶν
873 1809 1166 1888 Ἀνομοίων
1197 1821 1298 1895 τὴν
1348 1804 1708 1902 κακουργίαν,
1760 1833 1856 1887 καὶ
1885 1808 1930 1864 Β

261 1896 373 1954 τῶν
429 1900 748 1972 Μανιχαίων
795 1905 894 1977 τὴν
938 1909 1167 1978 πτῶσιν,
1222 1915 1319 1969 καὶ
1358 1916 1563 1974 λοιπῶν
1593 1922 1860 1994 αἱρέσεων

261 1988 362 2087 τὴν
397 1995 834 2087 κακομηχανίαν.
876 2000 987 2055 Καὶ
1019 2003 1106 2066 διὰ
1135 2005 1293 2061 τοῦτο
1328 2012 1458 2083 περὶ
1496 1988 1736 2087 ἑκάστης
1769 2016 1859 2070 λέ-

262 2079 408 2181 ῗως.
442 2085 802 2181 ἀσφαξίζεται
855 2093 888 2162 ἡ
900 2093 1006 2162 μᾶς
1038 2097 1067 2147 6
1103 2095 1244 2162 θεῖος
1277 2079 1455 2170 λόγος·
1487 2104 1580 2158 τὸν
1613 2079 1714 2178 μὲν
1747 2111 1857 2181 γὰρ

260 2173 488 2246 Πατέρα
517 2177 580 2273 oi:
604 2177 751 2248 λέγει
769 2185 1059 2273 μονογενῆ
1093 2187 1212 2252 πῶς
1248 2189 1357 2263 γὰρ
1388 2173 1698 2271 Μονογεκᾶὴς
1727 2173 1857 2273 6liii

258 2264 692 2360 γεγεννημένος
733 2269 825 2324 τὸν
863 2270 920 2324 δὲ
958 2272 1088 2328 Υίὺν
1117 2282 1404 2353 μονογενῆ,
1441 2283 1528 2338 ἵνα
1550 2264 1701 2360 Ἵμὴο
1730 2264 1858 2356 Υὲδέ

260 2354 549 2454 νομισθείη
596 2361 950 2454 ῌατὴρ,γκαὶ
991 2366 1078 2421 ἵνα
1125 2369 1200 2442 μὴ
1244 2371 1321 2436 ὡς
1357 2373 1512 2444 λόγος
1568 2354 1854 2454 ένγκαρδίᾴ

181 2501 187 2505 ,
259 2443 556 2516 ἀνθρώπου
583 2450 892 2528 ἀπεικασθῇ
927 2457 956 2510 6
987 2457 1120 2523 Θεὸς
1132 2460 1323 2530 Λόγος.
1346 2463 1410 2518 Εἰ
1439 2466 1550 2540 γὰρ
1574 2443 1745 2538 Λόγος
1767 2443 1856 2526 λέζ

257 2552 444 2635 γεται,
472 2539 563 2593 διὰ
595 2543 696 2615 τὴν
729 2547 984 2620 τοιαύτην
1021 2550 1219 2622 χρῆσιν
1254 2553 1493 2624 λέγεται,
1520 2539 1628 2614 θῖνα
1665 2563 1740 2635 μὴ
1771 2583 1857 2618 νο-

264 2631 402 2726 μῐσῃ
430 2649 528 2726 τις
543 2634 821 2709 ἀλλότριον
842 2638 1093 2714 εἶναιτῆς
1116 2645 1208 2698 τοῦ
1238 2646 1371 2702 Θεοῦ
1402 2652 1614 2726 Πατρὸς
1644 2631 1854 2725 οὐσίας,

261 2723 360 2814 καὶ
402 2725 589 2779 οὐκέτι
622 2729 794 2799 Λόγος
846 2732 1236 2802 ἀνυπόστατος,
1284 2740 1420 2795 ἀλλὰ
1468 2723 1852 2814 ὲνύπόστατος,

259 2813 355 2868 διὰ
379 2815 464 2882 τδ,
505 2821 871 2891 Moverer-hc,
899 2826 1136 2895 πλήρης
1156 2829 1402 2900 χάριτος
1425 2835 1523 2889 καὶ
1543 2813 1852 2908 ἀληθείας.

261 2908 381 3005 Ital
424 2911 558 2982 ὁρᾷς
588 2913 729 2968 πόσα
777 2916 896 2970 ἐστὶ
935 2919 1072 2989 πρὸς
1105 2923 1410 2992 ἀσφάλειαν
1442 2928 1544 2999 τῆς
1581 2932 1857 3005 ἡμετέρας

259 3002 434 3093 ζῳῆς.
481 3005 554 3058 Τὸ
587 3006 739 3076 γοῦν,
772 3011 921 3064 Θεὸν
953 3012 1152 3080 οὐδεὶς
1190 3015 1427 3074 πώποτε
1457 3002 1857 3093 ἐώρακενίῖνα

259 3090 326 3143 τὸ
365 3091 594 3165 ἀόρατον
622 3097 714 3150 τοῦ
745 3099 956 3170 Πατρὺς
977 3103 1217 3178 σημάνῃ,
1253 3109 1348 3162 καὶ
1392 3111 1493 3182 τῆς
1530 3090 1694 3170 αὑτοῦ
1726 3090 1852 3173 ’θεό-

257 3200 448 3279 ττγτος.
472 3185 588 3279 Ῠῖνα
613 3188 711 3259 τὴν
749 3189 885 3244 ἰδίαν
916 3192 1147 3265 θεότητα
1177 3197 1264 3253 διὰ
1298 3201 1396 3273 τῆς
1430 3207 1633 3276 σαρκὸς
1664 3227 1852 3279 φαινο-

263 3273 441 3345 μένην
467 3278 857 3354 ὲπιϐεϐαιὼσῃ.

1829 450 1858 503 ὁ
1886 455 1933 511 A
1961 471 2192 524 persona
2220 497 2235 518 .
2294 462 2573 531 quomodo
2606 462 2694 517 hic
2729 462 2914 525 mittit,
2965 460 3055 516 ille
3110 477 3239 515 vero
3286 461 3547 520 mittitur.

1963 546 2190 606 Emittes
2215 553 2383 618 enim,
2419 554 2495 608 ait
2526 553 2822 626 Propheta,
2869 553 3114 620 Verbum,
3161 565 3211 609 et
3247 555 3546 625 liquefaciet

1958 655 2020 694 ea
2050 659 2070 698 :
2101 641 2257 711 ﬂabit
2302 643 2532 712 Spiritus
2581 645 2718 715 ejus,
2753 654 2804 700 et
2850 646 3019 716 ﬂuent
3075 661 3226 716 aqua:
3255 646 3300 703 '.
3362 645 3495 702 Item
3529 665 3544 703 :

1961 731 2122 790 Exivi
2167 753 2200 790 a
2236 733 2400 793 Patre
2437 755 2550 793 meo
2585 747 2635 794 et
2673 739 2823 794 venio
2847 739 2890 806 ³;
2928 746 3005 803 ει,
3041 739 3162 795 Vivo
3198 755 3314 811 ego,
3348 751 3397 794 et
3425 741 3548 794 vivit

1959 827 2015 883 in
2057 844 2138 883 me
2168 831 2260 900 qui
2296 831 2445 884 misit
2490 847 2572 886 me
2603 829 2766 885 Pater
2793 832 2836 887 ⁸.
2866 830 3154 898 Quomodo
3201 832 3296 902 qui
3340 831 3547 889 missus

1959 927 2065 984 est,
2102 920 2248 975 mitti
2285 929 2487 992 potest,
2531 932 2586 977 et
2625 922 2680 977 in
2722 937 2887 978 carne
2914 923 3177 994 prodire?
3204 923 3373 978 Deum
3396 926 3543 980 enim

1962 1020 2112 1059 nemo
2138 1005 2271 1060 vidit
2303 1021 2560 1076 unquam.
2602 1004 2918 1077 Unigenitus
2949 1006 3093 1062 Deus
3119 1009 3209 1079 qui
3230 1017 3308 1063 est
3341 1009 3396 1062 in
3422 1008 3545 1062 sinu

1962 1096 2170 1165 Patris,
2194 1098 2286 1153 ille
2313 1099 2552 1154 narravit
2574 1100 2620 1165 ⁸,
2655 1101 2732 1154 ait
2761 1100 3038 1172 ingenitus
3067 1100 3248 1168 Deus;
3279 1087 3546 1172 quoniam

1960 1186 2201 1245 Verbum
2229 1205 2262 1246 e
2286 1187 2451 1247 Patre
2491 1190 2735 1262 genitum
2762 1201 2846 1248 est
2864 1233 2879 1256 ,
2935 1189 3098 1247 Pater
3126 1199 3308 1247 autem
3340 1206 3369 1246 a
3391 1193 3543 1247 nullo

1961 1283 2218 1355 genitus;
2251 1283 2322 1339 ob
2357 1283 2408 1339 id
2435 1283 2750 1355 unigenitus
2774 1292 2858 1340 est
2885 1283 3076 1342 Filius.

2032 1460 2123 1517 Vl.
2167 1462 2381 1518 Etenim
2417 1462 2602 1519 divina
2650 1463 2883 1519 scientia
2930 1477 3030 1534 pro
3063 1479 3163 1520 sua
3195 1465 3544 1536 providentia

1962 1557 2248 1612 veritatem
2279 1572 2434 1613 suam
2466 1557 2768 1627 praedicare
2805 1565 2934 1612 ante
2966 1557 3158 1622 voluit,
3191 1572 3299 1628 quo
3329 1558 3544 1613 animas

1963 1656 2188 1704 nostras
2236 1651 2492 1706 cautione
2542 1666 2607 1706 ac
2653 1650 2948 1707 securitate
2991 1650 3253 1704 muniret.
3293 1649 3532 1704 Noverat

1959 1739 2105 1792 enim
2150 1745 2205 1792 et
2257 1737 2663 1795 Samosatensis
2716 1737 3049 1803 vecordiam,
3109 1745 3164 1792 et
3213 1737 3544 1792 Arianorum

1962 1827 2189 1898 impium
2222 1827 2440 1899 dogma,
2478 1835 2532 1883 et
2570 1826 2962 1882 Anomaaorum
3010 1825 3439 1897 improbitatem,
3490 1832 3545 1879 et

1913 1964 1916 1967 κ
1962 1914 2394 1970 Manichaeorum
2451 1916 2709 1981 ruinam,
2767 1923 2822 1971 et
2873 1924 3194 1972 czeterarum
3261 1915 3541 1971 baereseon

1960 2006 2315 2062 calliditatem
2359 2021 2424 2063 ac
2471 2006 2740 2064 fraudem.
2786 2006 3135 2078 Proindeque
3190 2007 3259 2062 de
3310 2007 3546 2078 singulis

1962 2097 2359 2166 propemodum
2415 2097 2645 2154 vocibus
2705 2091 2990 2154 securitati
3052 2107 3258 2154 nostrae
3320 2097 3543 2154 divinus

1960 2202 2141 2242 sermo
2205 2185 2486 2253 consulit;
2553 2185 2772 2243 Patrem
2825 2187 2973 2244 enim
3036 2189 3380 2258 unigenitum
3432 2203 3544 2242 non

1960 2281 2216 2351 appellat.
2275 2278 2601 2351 Unigenitus
2651 2279 2795 2335 enim
2849 2294 2973 2336 esse
3023 2279 3119 2350 qui
3168 2285 3384 2351 potest,
3449 2282 3544 2351 qui

1959 2388 2241 2443 nunquam
2267 2373 2338 2429 sit
2359 2372 2612 2443 genitus?
2631 2370 2828 2426 Filium
2852 2387 2982 2427 vero
2999 2371 3339 2443 unigenitum
3365 2382 3543 2434 vocat.

1961 2481 2028 2521 ne
2060 2465 2107 2521 is
2166 2463 2330 2520 Pater
2380 2464 2748 2528 existimetur,
2800 2471 2896 2519 aut
2941 2479 3011 2520 ne
3052 2464 3244 2529 verbo,
3297 2465 3442 2534 quod
3489 2465 3542 2520 in

1959 2559 2198 2615 hominis
2227 2567 2312 2615 est
2344 2565 2583 2628 pectore,
2615 2555 2759 2613 Deus
2783 2557 3022 2612 Verbum
3054 2557 3250 2614 similis
3274 2572 3398 2613 esse
3425 2572 3546 2613 cre-

1959 2651 2142 2706 datur.
2171 2649 2336 2724 613
2367 2649 2522 2716 Quod
2565 2648 2712 2705 enim
2731 2646 2970 2704 Verbum
3009 2648 3232 2715 dicitur,
3267 2649 3319 2704 id
3345 2665 3411 2706 eo
3461 2650 3541 2712 tit.

1959 2761 2030 2800 ne
2059 2743 2187 2815 quis
2226 2759 2256 2798 a
2289 2742 2383 2798 Dei
2423 2741 2599 2798 Patris
2644 2742 2956 2799 substantia
2995 2742 3235 2799 alienum
3275 2757 3400 2799 esse
3451 2759 3546 2799 su-

1960 2838 2242 2907 spicetur;
2297 2851 2474 2906 neque
2507 2833 2748 2891 Verbum
2795 2835 2926 2890 illud
2976 2834 3333 2892 subsistentia
3369 2841 3542 2895 caret.

1960 2934 2054 2989 sed
2098 2949 2160 2989 ea
2199 2930 2488 3004 praeditum
2535 2939 2641 2994 est,
2674 2930 2822 3001 quod
2855 2930 2940 2985 his
2969 2930 3151 2987 verbis
3181 2930 3494 2985 declaratur
3526 2948 3544 2988 :

1941 3019 2289 3095 ‘Unigenitus,
2320 3023 2735 3094 plenus'gratiae
2772 3033 2821 3078 et
2865 3023 3128 3078 veritatis.
3185 3020 3350 3078 Vides
3378 3036 3544 3091 quam

1961 3117 2148 3174 multis
2207 3115 2476 3187 pratsidiis
2528 3116 2640 3170 vita
2667 3122 2856 3170 nostra
2906 3115 3209 3170 muniatur.
3254 3112 3375 3169 Jam
3410 3129 3546 3168 vero

1909 3199 1924 3219 ⁸
1962 3209 2109 3280 quod
2171 3209 2439 3280 scriptum
2491 3215 2575 3263 est
2633 3207 2852 3262 :Deum
2899 3224 3049 3262 nemo
3099 3206 3228 3263 vidit
3288 3222 3543 3277 unquam,

1961 3308 2109 3362 hunc
2157 3317 2318 3359 usum
2374 3301 2562 3368 habet,
2589 3311 2648 3357 ut
2696 3301 2912 3358 Patrem
2944 3304 3175 3373 ejusque
3201 3301 3543 3358 divinitatem

262 3367 492 3467 minime
543 3371 647 3426 sub
701 3382 982 3446 aspectum
1053 3379 1250 3438 cadere
1313 3397 1673 3458 monstraret,
1728 3411 1838 3467 quo
1875 3397 2181 3457 divinitatis
2207 3409 2340 3464 suae,
2393 3409 2515 3466 qua!
2574 3410 2672 3466 per
2722 3410 2941 3451 carnem
2976 3367 3330 3467 apparebat,
3374 3394 3535 3450 ﬁdem

259 3464 558 3518 astrueret.

334 3553 489 3608 Πόσα
521 3554 579 3608 δὲ
610 3556 766 3622 ἄλλα,
799 3559 892 3615 καὶ
932 3559 1191 3620 ἐπέκεινα
1220 3567 1426 3625 τούτων
1459 3573 1540 3638 είς
1567 3577 1853 3649 παράστα-

257 3665 354 3742 σιν
377 3649 510 3720 ἡμῖν
531 3649 807 3742 ἀναλέξειέ
823 3670 926 3718 τις,
947 3657 1042 3712 καὶ
1067 3662 1440 3733 παραστήσειε
1470 3667 1606 3738 πρὸς
1631 3670 1729 3742 τὴν
1755 3673 1852 3727 τοῦ

253 3740 633 3833 ξαμοσατέως
673 3743 886 3800 ᾶνοιανί
923 3749 986 3802 El
1016 3749 1122 3823 γὰρ
1158 3749 1226 3824 ἦν
1271 3756 1328 3809 ὲν
1357 3755 1434 3828 τῷ
1471 3759 1648 3833 Πατρὶ
1671 3740 1694 3827 ,i
1716 3764 1792 3829 ὡς
1826 3767 1856 3819 6

254 3830 424 3901 λόγος
449 3833 507 3884 ἐν
533 3834 728 3907 καρδίᾳ
749 3836 1060 3908 ἀνθρώπου,
1092 3842 1210 3906 πῶς
1239 3848 1580 3917 παραγέγονε
1595 3830 1694 3906 διὰ
1718 3855 1855 3922 ἰδίας

255 3923 504 3996 θεωρίας
537 3925 938 4000 φθεγγόμενοςς
980 3932 1068 3988 Ἑν
1105 3934 1182 4006 τῷ
1217 3938 1328 4009 γὰρ
1360 3939 1524 3996 αὐτὸν
1551 3943 1856 4014 διηγεῖσθαι

253 4015 378 4078 τοῖς
405 4015 570 4069 αὐτοῦ
608 4017 876 4089 μαθηταῖς
916 4021 1150 4090 φάσκει·
1196 4026 1258 4080 '0
1284 4028 1558 4098 ἑωρακὼς
1613 4033 1720 4104 ἐμὲ
1753 4037 1858 4091 ἐώ-

251 4123 410 4175 ρακε
438 4108 549 4162 τὸν
573 4109 826 4179 Πατέρα.
861 4113 972 4168 Καὶ
1001 4115 1102 4169 οὐκ
1131 4111 1307 4173 εἶπεν·
1348 4121 1491 4191 Ἐγῶ
1516 4125 1634 4196 εἰμι
1676 4129 1706 4181 6
1739 4129 1858 4182 Πα-

255 4201 399 4270 τήρο
444 4199 582 4254 ἀλλὰ
617 4202 680 4256 τὸ
713 4202 838 4272 ἐμὲ,
871 4205 931 4259 ὲν
956 4206 1033 4278 τῷ
1066 4209 1243 4281 Πατρὶ
1286 4213 1563 4284 σημαίνει.
1609 4217 1720 4271 Καὶ
1758 4220 1858 4274 οὐκ

257 4287 444 4346 εἶπενο
489 4293 634 4362 Ἐγώ
661 4297 776 4366 εἰμι
813 4298 1046 4362 ἐκεῖνος’
1075 4300 1190 4354 ἀλλ’
1230 4303 1377 4374 Ἐγὼ
1418 4301 1611 4376 ἦλθον
1647 4309 1746 4364 ἐπὶ
1778 4311 1858 4378 τῷ

254 4385 510 4454 ὀνόματι
549 4385 657 4440 τοῦ
696 4389 927 4457 Πατρός
959 4406 1109 4459 μου·
1146 4393 1241 4446 καὶ
1261 4433 1276 4456 .
1323 4394 1588 4462 Ἐκεῖνός
1613 4398 1786 4452 ἐστιν
1824 4404 1858 4454 ό

253 4475 580 4545 μαρτυρῶν
622 4478 757 4548 περὶ
788 4479 955 4550 ἐμοῦ.
988 4479 1093 4535 Kal
1131 4482 1293 4538 πάλιν
1324 4486 1451 4559 περὶ
1477 4487 1573 4542 τοῦ
1605 4490 1856 4563 Πνεῦμα-
1887 4475 1932 4531 1)

253 4584 350 4632 τος
393 4569 493 4622 τοῦ
535 4568 713 4639 ἁγίου,
753 4571 837 4626 ὅτι
873 4573 1094 4628 Ἄλλον
1118 4575 1516 4646 Παράκλητον
1539 4581 1684 4651 ὑμῖν
1706 4583 1856 4639 ἁπο-

255 4659 630 4734 στελῶὊρα
660 4662 778 4727 πῶς
805 4663 883 4732 τὸ,
904 4666 1250 4733 ἀποστελεῖ,
1270 4671 1455 4739 καὶτὸ,
1470 4671 1667 4727 ἄλλον
1711 4677 1750 4741 ,ί
1793 4676 1856 4730 τὸ

254 4751 394 4820 ἐγὼ,
430 4752 520 4806 ἵνα
552 4753 700 4826 δείξῃ
735 4756 953 4828 Πατέρα
987 4759 1383 4828 ένυπόστατον,
1429 4761 1658 4836 Πνεῦμα
1701 4767 1856 4835 ἆγιον

255 4844 652 4901 ὲνυπόστατον.
703 4848 966 4916 Ἐκεῖνός
1001 4869 1079 4920 με
1110 4852 1220 4925 γὰρ
1257 4854 1506 4920 δοξάσει
1528 4896 1543 4920 ,
1590 4859 1720 4930 περὶ
1758 4858 1854 4912 τοῦ

259 4936 419 5006 ἁγίου
451 4937 772 5010 Πνεύματος
799 4939 993 5009 λέγων,
1025 4942 1116 4996 ὅτι
1147 4945 1215 4999 ἐκ
1245 4946 1352 5002 τοῦ
1384 4947 1532 5018 ἐμοῦ
1563 4948 1844 5018 λήψεται.

259 5029 369 5083 Kal
419 5029 576 5082 ποῖόν
611 5047 786 5101 φησις
834 5033 904 5086 Τὸ
950 5033 1018 5086 ἐκ
1049 5035 1282 5103 Πατρὸς
1326 5037 1810 5109 ἐκπορευόμενον
1833 5081 1848 5106 ,

259 5121 358 5174 καὶ
391 5121 463 5175 ἐκ
493 5121 603 5176 τοῦ
647 5123 793 5192 ἐμοῦ
830 5123 1112 5194 λήψεται.
1174 5127 1336 5180 Ἀλλὰ
1382 5129 1474 5182 καὶ
1525 5129 1693 5202 φησί·
1737 5132 1852 5186 Δύο

261 5213 577 5283 μαρτυρίαι
604 5213 932 5282 ἀνθρώπων
967 5217 1395 5285 σταθήσονται.
1424 5221 1534 5275 Καὶ
1569 5221 1684 5291 ἐγὼ
1705 5240 1855 5293 μαρ-

261 5305 418 5374 τυρῶ
459 5307 563 5361 ἐπὶ
606 5307 889 5377 ἐμαυτοῦ,
945 5309 1043 5364 καί
1098 5312 1386 5382 μαρτιρεῖ
1433 5313 1570 5382 περὶ
1619 5315 1766 5384 ἐμοῦ
1822 5319 1856 5371 ό

2030 3578 2205 3646 Quam
2241 3577 2412 3633 multa
2450 3584 2714 3648 praeterea
2758 3576 2824 3632 ad
2854 3591 2971 3632 eam
3018 3591 3132 3632 rem
3177 3579 3544 3650 comproban-

1958 3668 2083 3725 dam
2119 3669 2306 3740 colligi
2338 3678 2593 3741 possunt,
2629 3678 2683 3726 et
2724 3669 2990 3726 adversus
3022 3669 3430 3730 Samosatensis
3462 3675 3549 3729 in-

1957 3763 2170 3819 saniam
2198 3761 2410 3818 atierri!
2450 3761 2665 3818 Etenim
2697 3763 2747 3818 si
2781 3762 2838 3817 in
2873 3761 3034 3818 Patre
3063 3771 3210 3820 esset
3231 3806 3247 3833 ,
3282 3767 3547 3836 quemad-

1957 3843 2453 3914 modumﬁiominis
2484 3855 2538 3909 in
2568 3853 2736 3919 corde
2766 3853 2990 3910 verbum
3015 3894 3031 3918 ,
3090 3856 3315 3925 quinam
3350 3857 3548 3914 adesse

1958 3943 2154 4013 potuit,
2175 3951 2338 4016 atque
2354 3961 2420 4002 ex
2442 3945 2663 4017 propria
2680 3945 3040 4017 intelligentia
3060 3949 3442 4020 sententiaque
3465 3951 3547 4004 lo-

1960 4037 2093 4107 qui?
2119 4035 2256 4092 Cum
2303 4037 2451 4093 enim
2496 4036 2564 4092 ad
2592 4036 2899 4106 discipulos
2939 4052 3073 4094 suos
3099 4039 3267 4094 verba
3309 4044 3544 4106 faceret,

1957 4127 2032 4180 ita
2063 4127 2202 4182 dixit
2229 4146 2242 4183 :
2264 4128 2369 4196 Qui
2387 4128 2517 4182 vidit
2537 4144 2640 4196 me,
2657 4126 3010 4183 viditPutrem
3027 4128 3070 4183 ‘.
3094 4127 3213 4184 Non
3231 4129 3365 4184 dixit
3395 4150 3406 4185 :
3433 4129 3547 4202 Ego

1959 4235 2082 4276 sum
2116 4219 2305 4275 Pater:
2341 4221 2434 4276 sed
2465 4235 2592 4286 vox,
2628 4237 2730 4286 me,
2764 4221 2817 4275 in
2840 4219 3005 4276 Patre
3027 4221 3324 4292 signiﬁcat.
3360 4222 3547 4295 Neque

1959 4325 2088 4367 vero
2116 4311 2254 4366 dixit
2283 4330 2296 4366 :
2329 4311 2442 4382 Ego
2472 4327 2592 4367 sum
2619 4313 2745 4368 ille:
2779 4312 2874 4368 sed
2897 4352 2914 4378 ,
2954 4311 3082 4367 Veni
3105 4314 3162 4366 in
3193 4314 3403 4369 nomine
3432 4315 3544 4370 Pa-

1959 4403 2056 4457 tris
2097 4402 2198 4457 mei
2219 4402 2278 4470 ';
2323 4409 2416 4458 et:
2450 4401 2554 4457 Hic
2593 4411 2674 4457 est
2704 4403 2797 4474 qui
2823 4402 3183 4458 testimonium
3217 4403 3450 4472 perhibet
3482 4405 3548 4460 de

1959 4508 2039 4546 me
2059 4491 2104 4548 ⁸.
2159 4490 2290 4548 Item
2339 4491 2408 4546 de
2453 4489 2662 4562 Spiritu
2707 4502 2944 4548 sancto:
2993 4492 3171 4547 Atium
3207 4491 3549 4547 Paraclitum

1957 4583 2172 4638 mittam
2216 4582 2358 4639 vobis
2383 4584 2427 4636 ’.
2477 4583 2870 4639 Animadverte
2898 4584 3360 4656 quemadmodum
3402 4586 3548 4640 voci-

1962 4673 2062 4730 bus
2092 4674 2199 4729 illis
2229 4679 2435 4739 utatur,
2465 4673 2695 4743 mittam,
2721 4674 2889 4729 atium
2919 4687 2974 4732 et
2988 4693 3103 4748 ego,
3122 4690 3232 4747 quo
3261 4685 3315 4731 et
3332 4673 3547 4733 Patrem

1957 4773 2013 4822 et
2046 4764 2314 4837 Spiritum
2347 4774 2600 4821 sanctum
2631 4781 2732 4822 sua
2757 4775 3056 4840 utrumque
3090 4776 3348 4826 constare
3380 4768 3548 4826 doce-

1960 4865 2044 4914 ret
2098 4858 2402 4930 hypostasi.
2453 4857 2556 4914 Ille
2597 4875 2679 4932 me
2723 4859 3082 4929 clariﬁcabit,
3111 4860 3191 4916 ait
3240 4861 3308 4917 de
3337 4859 3548 4933 Spiritu

1960 4957 2155 5007 sancto
2181 4951 2430 5022 loquens,
2448 4952 2576 5023 quia
2603 4951 2667 5007 de
2688 4969 2801 5007 meo
2832 4951 3054 5023 accipiet
3085 4953 3149 5009 '°.
3187 4953 3550 5021 Qualemnam

1961 5053 2140 5099 autem
2179 5043 2332 5098 illum
2361 5043 2538 5100 facit?
2569 5043 2677 5111 Qui
2699 5051 2743 5099 ἀ
2777 5045 2940 5101 Patre
2961 5044 3198 5116 procedit
3225 5087 3241 5113 ,
3276 5045 3453 5116 inquit
3477 5047 3546 5114 “,

1963 5135 2092 5188 etde
2117 5151 2229 5189 meo
2257 5136 2476 5204 accipiet
2495 5134 2886 5203 ".Quinetiam
2911 5136 3018 5190 alio
3051 5135 3280 5190 inloco:
3307 5135 3427 5190 Duo
3456 5135 3552 5189 Ito--

1965 5225 2186 5289 minum,
2213 5226 2310 5291 ait,
2341 5227 2644 5282 testimonia
2679 5225 2916 5282 stabunt.
2953 5225 3022 5278 Et
3053 5241 3147 5297 ego
3188 5226 3550 5280 testimonium

1963 5317 2170 5389 prwbeo
2196 5318 2260 5373 de
2302 5321 2520 5390 meipso,
2554 5330 2603 5376 et
2649 5319 3007 5375 testimonium
3027 5320 3225 5390 pra'bet
3255 5318 3321 5374 de
3353 5335 3432 5374 me
3461 5322 3550 5390 qui

334 5485 351 5561 ξ
391 5482 526 5556 Leg.
549 5485 646 5561 na}
670 5487 904 5561 rb,_£g~¢b.
973 5488 993 5519 ²
1024 5485 1166 5545 Psal.
1192 5505 1394 5552 exuti.
1432 5491 1518 5548 l8.
1597 5492 1618 5524 ³
1640 5490 1800 5547 Joan.
1835 5509 1847 5546 ι

1981 5495 2072 5550 28.
2127 5495 2324 5552 ‘Joan.
2355 5514 2427 5557 vr.
2468 5499 2558 5551 58.
2619 5498 2639 5530 ‘
2667 5495 2826 5553 Joan.
2862 5514 2899 5561 ι.
2937 5498 3023 5552 18.
3105 5497 3126 5529 ⁸
3155 5495 3314 5552 Joan.
3349 5510 3460 5556 xlv,
3492 5491 3546 5546 9.

265 5556 283 5586 ’
310 5553 551 5621 Joanfv,
578 5558 667 5612 43.
743 5559 764 5591 ⁸
791 5553 950 5614 Joan.
982 5575 1104 5628 vm,
1133 5563 1196 5616 18
1295 5564 1314 5594 ⁹
1347 5562 1504 5619 Joan.
1536 5577 1626 5628 xv,
1655 5563 1748 5619 26.

1826 5566 1868 5594 ¹⁰
1893 5565 2050 5620 Joan.
2095 5583 2204 5631 va,
2239 5568 2323 5621 14.
2402 5570 2443 5600 ¹¹
2471 5565 2628 5624 Joan.
2661 5586 2747 5635 xv,
2779 5568 2870 5624 26.
2949 5567 3172 5625 “Joan.
3198 5583 3309 5633 xvt,
3334 5565 3423 5633 H,
3459 5562 3547 5630 15,

336 5697 413 5768 (7)
449 5695 834 5790 ‘Arrocrelleic
865 5695 997 5790 γὰρ,
1025 5697 1240 5790 εξησίν.
1267 5697 1439 5756 Nimis
1478 5699 1651 5757 otiose
1673 5699 1847 5756 locum

1972 5720 2035 5760 nc
2059 5720 2088 5761 e
2118 5705 2326 5774 psalmo
2349 5722 2530 5762 chvn
2581 5705 2646 5762 ad
2678 5706 2770 5763 Dei
2827 5706 3065 5763 Verbum
3105 5706 3308 5765 rctulit.
3346 5704 3401 5790 In
3437 5715 3550 5776 quo

271 5782 618 5840 nequaquam
645 5767 950 5825 audiendus
982 5778 1085 5825 est.
