3850 6204
371 252 448 311 ss
1758 246 1815 304 s.
1859 244 2202 302 EPlPttANll
3572 254 3640 310 ει

374 384 520 427 mrsu
544 386 638 460 me.
661 371 818 424 Pater
846 372 887 424 ¹.
913 369 1088 436 Quam
1118 369 1287 423 multa
1316 377 1445 425 sunt
1472 382 1698 423 numero
1727 366 1951 422 totidem

2063 368 2429 435 ἀποστείλας
2456 383 2533 438 με
2565 368 2793 440 Πατήρ.
2828 364 2977 421 Πόσα
3007 366 3062 420 δὲ
3094 366 3228 422 ἄλλα
3257 365 3517 435 τοσαῦτα,
3547 369 3644 425 καὶ

373 458 629 535 adquue
663 462 821 534 plura
864 460 1211 517 testimonia!
1262 458 1401 516 Ecce
1436 459 1533 515 tibi
1568 460 1646 515 sic
1693 459 1783 514 ille
1816 472 1953 529 quo-

371 555 499 611 dam
534 555 590 609 in
615 554 737 609 loco
766 562 996 609 narrat:
1039 550 1310 621 Conﬁteor
1350 552 1476 617 tibi,
1508 550 1694 617 Pater,
1730 549 1953 605 Domine

372 646 490 702 caeli
519 662 580 698 ac
605 653 779 707 terrae,
804 643 1049 714 quoniam
1083 641 1408 696 abscondisti
1431 640 1541 694 hwc
1570 656 1601 693 a
1626 640 1951 709 sapientibus

367 747 421 791 et
452 734 800 804 prudentibus
827 776 841 797 ,
873 742 923 787 et
952 732 1197 787 τετείαηὶ
1223 750 1285 786 ea
1322 714 1579 801 pa'i't'ulis.
1614 729 1703 785 Ita
1723 771 1736 795 ,
1768 728 1951 797 Pater,

370 827 622 897 quoniam
667 826 744 879 sic
780 825 1038 896 placitum
1078 839 1154 879 est
1187 834 1308 878 ante
1334 834 1400 878 te.
1441 822 1635 879 Omnia
1664 823 1793 876 mihi
1836 833 1951 876 tra-

370 919 486 973 dita
528 925 652 971 sunt
693 934 726 970 a
757 914 919 970 Patre
948 932 1095 979 meo;
1136 924 1186 969 et
1215 931 1364 969 nemo
1406 916 1548 969 novit
1592 912 1813 981 Filium,
1848 914 1953 969 nisi

371 1011 573 1074 Pater;
619 1018 669 1063 et
706 1008 923 1061 Patrem
965 1023 1116 1061 nemo
1164 1007 1337 1071 novit,
1377 1006 1479 1059 nisi
1525 1004 1739 1069 Filius,
1789 1014 1839 1059 et
1869 1007 1954 1059 cui

373 1100 553 1155 Filius
592 1097 916 1154 revelaverit.
980 1095 1261 1161 Revelasti,
1299 1097 1515 1166 inquit,
1547 1114 1608 1151 ea
1639 1097 1873 1167 parvulis
1894 1100 1914 1128 ¹
1938 1138 1950 1149 .

372 1192 460 1257 Ει,
489 1191 683 1249 Omnia
711 1190 838 1245 mihi
869 1190 1070 1245 tradita
1109 1199 1231 1244 sunt
1257 1206 1290 1244 a
1322 1190 1481 1243 Patre
1515 1206 1626 1243 meo
1654 1190 1694 1254 ³,
1745 1198 1803 1244 ut
1830 1204 1954 1258 per-

369 1287 617 1356 egrinam
666 1283 736 1339 ab
784 1282 910 1339 istis
962 1283 1328 1353 excogitatam
1384 1281 1639 1351 loquendi
1688 1281 1953 1336 rationem

370 1374 712 1450 praesideret.

445 1491 555 1549 VII.
597 1492 797 1563 Aspice
832 1506 981 1548 nunc
1020 1488 1156 1562 quid
1193 1488 1419 1544 humani
1447 1488 1665 1559 generis
1699 1487 1956 1545 assiduus

373 1585 550 1642 hostis
582 1583 839 1640 diabolus
896 1583 953 1639 in
996 1596 1187 1639 eorum
1231 1582 1431 1637 animis
1471 1581 1772 1652 pepererit,
1808 1579 1957 1652 quod

374 1678 523 1733 velut
556 1677 707 1734 illius
753 1676 939 1732 alllatu
970 1675 1168 1747 perciti
1211 1674 1651 1746 pronuntiarent.
1692 1672 1827 1728 Nam
1859 1673 1956 1728 ad-

2060 460 2319 513 ἐπέκεινα
2366 458 2603 515 τούτωνί
2650 458 2781 513 Ἰδοὺ
2820 457 3169 530 γὰρ,φησίν’
3212 458 3645 531 Ἐξομολογοῦσ

2054 554 2166 623 μαί
2186 568 2287 607 σοι
2304 592 2319 617 ,
2338 552 2551 622 Πάτερ,
2580 554 2759 624 Κύριε
2784 551 3043 622 οὐρανοῦ
3067 551 3165 605 καί
3203 550 3317 622 τῆς
3334 567 3350 583 ⁸
3409 551 3498 606 ὅτι
3530 553 3645 607 ἀπ-

2061 647 2335 716 έκρυψας
2364 647 2547 702 ταῦτα
2580 646 2698 702 ἀπὸ
2723 645 2931 716 σοφῶν
2959 646 3057 701 καὶ
3090 643 3384 710 συνετῶν,
3404 646 3501 699 καὶ
3530 646 3647 699 άπ-

2061 735 2376 805 εκάλυψας
2392 737 2544 792 αὐτὰ
2573 740 2832 807 νηπίοις.
2861 738 2996 805 Nai,
3030 741 3064 793 ό
3093 737 3314 807 Πατήρ·
3338 737 3428 792 ὅτι
3454 739 3650 805 οὕτως

2062 809 2307 900 γέγονεί·
2330 830 2574 886 εὐδοκία
2601 830 2945 901 ἔμπροσθέν
2976 846 3111 886 σου.
3142 831 3345 885 Πάντα
3367 848 3469 901 μοι
3494 847 3647 898 παρ-

2061 919 2237 988 εδόθη
2282 918 2401 973 ὑπὸ
2442 919 2549 972 τοῦ
2583 921 2814 988 Πατρός
2832 938 2980 989 μου,
3022 919 3121 974 καὶ
3153 919 3353 986 οὐδεὶς
3389 915 3514 974 οἶδε
3538 919 3649 972 τὸν

2072 1010 2206 1066 Υἱὸν
2230 1014 2279 1066 εὶ
2295 1010 2382 1081 μὴ
2410 1013 2443 1065 ὁ
2470 1009 2697 1079 Πατὴρ,
2739 1010 2839 1064 καὶ
2870 1010 2977 1066 τὸν
3010 1011 3239 1080 Πατέρα
3266 1011 3469 1075 οὐδεὶς
3492 1012 3650 1080 ἔγνω

2060 1102 2218 1172 εἰμὴ
2250 1104 2284 1156 ό
2321 1101 2475 1169 Υἱὸς,
2510 1102 2603 1157 καί
2626 1096 2802 1170 (bear
2827 1104 2860 1156 ό
2895 1104 3026 1169 Υἱὸς
3059 1103 3448 1173 ἀποκαλύψῃ.
3509 1103 3650 1157 Ἀπ-

2061 1193 2375 1263 excitvit-ac
2395 1194 2505 1267 γὰρ
2543 1195 2801 1264 νηπίοις.
2825 1196 2933 1248 Καὶ
2949 1235 2969 1262 ,
2988 1193 3190 1248 Πάντα
3212 1211 3314 1266 μοι
3343 1195 3651 1266 παρεδόθη

2062 1286 2180 1340 ὑπὸ
2214 1286 2321 1341 τοῦ
2350 1287 2581 1356 Πατρός
2607 1304 2750 1356 μου,
2792 1287 2879 1339 ἵνα
2912 1286 3122 1360 ἐκκόψῃ
3151 1286 3249 1359 τὴν
3281 1286 3487 1342 τούτων
3521 1288 3650 1341 ἑπι-

2064 1400 2218 1453 νενοη
2226 1382 2396 1454 μένην
2435 1380 2759 1447 ξενολεξίαν.

2136 1475 2210 1527 Ζ’.
2257 1472 2396 1526 Ἀλλ’
2434 1474 2535 1545 ὅρα
2566 1472 2657 1527 τὸν
2699 1474 2787 1536 ἀεὶ
2818 1473 3283 1545 ἀντιπολεμοῦντα
3318 1475 3522 1545 τῇ’τῶν
3556 1475 3635 1530 ἀν

2042 1561 2297 1633 θρώπων
2346 1562 2505 1633 φύσει
2546 1562 2821 1628 διάϐολον,
2849 1563 2902 1617 τί
2946 1564 3004 1617 ὲν
3045 1563 3227 1627 αὐτοῖς
3273 1562 3651 1634 ὲνεκίσσησεν,

2064 1652 2253 1724 ὥσπερ
2283 1650 2394 1707 ἀπὸ
2430 1652 2741 1723 διαϐολικῆς
2788 1653 3065 1724 ἐνεργείας
3097 1652 3192 1707 τοῦ
3234 1652 3435 1723 λέγειν.
3473 1654 3651 1724 Δῆθεν

384 1726 522 1733 ,,,,,
556 1726 705 1734 ___-__
755 1726 938 1732 ______
1211 1726 1264 1746 Γ
1316 1726 1345 1729 ,_
1393 1726 1421 1729 -,
1693 1726 1709 1728 _
1866 1726 1925 1728 η

375 1783 567 1825 versus
605 1768 697 1824 illa
726 1782 965 1840 purgare
995 1782 1120 1824 sese
1149 1765 1374 1823 student
1405 1763 1649 1820 Iudaica:
1682 1764 1957 1836 Opinionis

2063 1745 2169 1815 γὰρ
2195 1744 2585 1815 ἀπολογοῦνται
2627 1744 2765 1817 πρὸς
2801 1744 2972 1799 ταῦτα
3009 1747 3057 1798 οἱ
3092 1744 3191 1817 τῆς
3225 1744 3334 1799 τῶν
3375 1746 3652 1800 Ἰουδαίων

372 1860 660 1924 satellites.
693 1858 863 1932 615
898 1857 1348 1931 quandoquidem
1391 1858 1484 1925 lux
1524 1857 1616 1912 illa
1659 1856 1956 1923 doctrinae,

369 1966 495 2023 qua
526 1951 583 2007 in
632 1950 839 2008 divinis
881 1949 1195 2027 Evangeliis
1239 1948 1549 2019 clarissime
1576 1947 1786 2020 fulget.
1814 1963 1960 2004 non-

372 2043 527 2100 nullo
572 2043 785 2116 pudore
835 2043 965 2100 illos
1024 2043 1226 2107 allicit,
1271 2057 1344 2098 ne
1394 2042 1625 2107 sincerae
1679 2039 1961 2111 Evangelii

371 2135 673 2207 cognitioni
715 2134 940 2207 penitus
969 2147 1279 2206 repugnare
1315 2132 1628 2199 videantur.
1670 2131 1854 2199 Quare
1884 2132 1961 2187 ita

372 2227 680 2299 disputant,
736 2225 1019 2283 hominem
1076 2224 1246 2281 fuisse
1304 2221 1518 2292 Jesum,
1573 2222 1661 2279 cui
1706 2222 1775 2278 de
1818 2221 1962 2279 cado

373 2320 617 2376 Verbum
657 2319 1005 2390 aspiraverit.
1053 2316 1209 2375 Unde
1251 2317 1345 2372 illa
1390 2317 1575 2372 omnia
1620 2314 1689 2371 de
1714 2330 1775 2372 se
1815 2315 1960 2386 ipso,

372 2419 646 2481 quatenus
675 2418 762 2466 est
801 2409 998 2474 homo,
1026 2408 1335 2480 proﬁtetur.
1368 2407 1582 2463 Etenim
1621 2405 1784 2461 Pater
1815 2421 1961 2461 unus

372 2510 461 2558 est
489 2516 617 2558 cum
653 2501 795 2563 Eilio
826 2499 1009 2567 Deus;
1041 2500 1205 2557 homo
1229 2516 1364 2556 vero
1388 2516 1456 2556 ex
1485 2497 1738 2555 inferiori
1767 2497 1963 2555 ordine

375 2593 650 2664 propriam
676 2606 970 2663 personam
995 2607 1107 2663 pre
1144 2608 1205 2649 se
1233 2591 1356 2649 fert.
1400 2591 1477 2648 lta
1507 2607 1755 2665 persona:
1786 2591 1963 2648 omni-

375 2699 447 2737 no
494 2682 866 2740 coniiciuntur
901 2682 1051 2738 dum..-
1101 2680 1303 2741 Verum
1357 2684 1523 2740 homo
1552 2683 1697 2741 Deus
1738 2699 1892 2749 esse,
1927 2699 1967 2741 ο

374 2772 694 2828 mortalium
734 2774 982 2829 omnium
1039 2774 1399 2831 stolidissime
1445 2784 1610 2846 atque
1643 2775 1714 2833 ab
1745 2776 1961 2836 cmlesti

375 2862 646 2935 sapientia
688 2863 1060 2930 alienissimo,
1094 2871 1187 2930 qui
1224 2864 1658 2935 potest?Potest
1680 2907 1695 2932 ,
1728 2867 1784 2924 id
1811 2867 1961 2939 quod

372 2955 601 3021 asseris,
632 2954 799 3013 homo
825 2971 950 3013 esse
980 2960 1236 3029 simplex.
1264 2958 1356 3028 qui
1382 2959 1459 3013 ita
1487 2958 1557 3015 de
1583 2976 1643 3015 se
1677 2959 1958 3030 loquitur:

2063 1835 2329 1907 αἱρέσεως
2380 1836 2679 1908 ὑπηρέται,
2724 1836 2865 1909 ὑπὲρ
2908 1838 3098 1890 τούτου
3136 1836 3513 1908 αἰσχυνόμενοι
3556 1836 3655 1891 διὰ

2060 1930 2159 1997 τὴν
2185 1928 2293 1982 τῶν
2319 1928 2477 1983 θείων
2505 1929 2854 1999 Εὑαγγελίων
2882 1930 3025 2001 σαφῆ
3044 1928 3371 2002 ὑφηγήσεως
3395 1914 3653 1984 διδασκα-

2061 2018 2214 2085 λίαν,
2246 2019 2335 2073 ἴνα
2381 2020 2456 2091 μὴ
2497 2020 2705 2090 ὀφθῶσι
2746 2021 3055 2074 τελειότατα
3093 2021 3545 2093 ἀντιπράττοντες
3575 2024 3650 2094 τῇ

2062 2111 2158 2165 τοῦ
2202 2110 2537 2181 Εὐαγγελίου
2571 2112 2799 2184 ἀληθινῇ
2836 2112 3055 2181 γνώσει.
3084 2113 3355 2167 Φάσκουσι
3385 2112 3495 2185 γὰρ
3514 2154 3531 2177 ,
3562 2114 3651 2167 ὅτι

2062 2204 2348 2278 ἄνθρωπος
2380 2201 2446 2279 ἦν
2473 2207 2502 2260 6
2534 2204 2759 2278 Ἰησοῦς,
2789 2206 2885 2260 καὶ
2912 2207 2969 2260 ὲν
2989 2204 3137 2276 αὑτῷ
3159 2205 3480 2259 ἐνέπνευσεν
3508 2206 3653 2261 ἄνω-

2063 2297 2154 2352 θεν
2176 2298 2205 2350 6
2231 2298 2423 2368 Λόγος.
2447 2298 2556 2351 Καὶ
2586 2297 2758 2351 ταῦτα
2787 2298 2914 2370 ¹περὶ
2941 2297 3137 2352 ἑαυτοῦ
3172 2299 3201 2352 6
3239 2298 3523 2374 ἄνθρωπος
3562 2299 3654 2353 λέ-

2062 2409 2169 2462 τει.
2210 2391 2271 2445 '0
2302 2390 2496 2463 Πατὴρ
2523 2389 2635 2463 γὰρ
2666 2391 2784 2463 ἅμα
2820 2391 2897 2463 τῷ
2935 2391 3050 2463 Υίῷ
3078 2388 3159 2455 εἷς
3192 2392 3352 2456 Θεός·
3394 2395 3422 2447 ὁ
3454 2392 3511 2447 δὲ
3547 2392 3651 2446 ἇν-

2064 2483 2282 2556 θρωπος
2314 2482 2561 2538 κάτωθεν
2598 2484 2658 2537 τὸ
2691 2483 2821 2539 ῐδιον
2862 2484 3157 2556 πρόσωπον
3193 2484 3501 2554 ὑποφαίνει.
3535 2485 3653 2538 Καὶ

2061 2576 2235 2641 οὕτως
2258 2575 2331 2631 τὰ
2360 2575 2453 2630 δύο
2483 2576 2751 2648 πρόσωπα
2775 2576 3127 2648 πληροῦνται.
3164 2578 3288 2642 Πῶς
3315 2573 3407 2631 οὖν
3439 2577 3653 2648 ἄνθρω-

2061 2686 2165 2735 πος
2197 2670 2329 2735 Θεὸς
2356 2670 2580 2725 δύναται
2620 2664 2781 2734 εἶναι,
2814 2664 2859 2723 ὧ
2900 2670 3118 2725 πάντων
3154 2670 3458 2743 ἀνθρώπων
3489 2671 3653 2724 ἀδέλ-

2061 2780 2209 2836 τερε,
2246 2763 2342 2819 καὶ
2378 2762 2486 2819 ἀπὸ
2518 2762 2612 2818 τοῦ
2647 2762 2970 2835 ἐπουρανίου
3013 2763 3359 2835 φρονήματος
3398 2762 3489 2816 τὸν
3522 2763 3653 2815 νοῦν

2062 2856 2524 2929 ἀπεστραμμένες
2562 2855 2688 2921 Πῶς
2733 2855 2956 2913 δύναται
2988 2853 3275 2928 ἄνθρωπος
3312 2850 3451 2909 εἶναι
3493 2855 3656 2925 ψιλὸς

2063 2952 2205 3006 κατὰ
2240 2952 2321 3018 σὲ,
2350 2952 2379 3004 6
2420 2950 2625 3019 λέγων·
2680 2949 2737 3002 Ὀ
2778 2948 3049 3017 ἑωρακὼς
3100 2947 3226 3017 ἐμὲ,
3271 2946 3492 3017 ἑώρακε
3541 2946 3655 3000 τὸν

376 3046 481 3111 Qui
515 3046 646 3101 vidit
680 3061 784 3111 me,
813 3046 943 3101 uidit
962 3055 1013 3103 et
1049 3045 1341 3101 Patrem"?
1366 3045 1501 3103 Nam
1533 3048 1581 3103 si
1618 3048 1785 3104 homo
1807 3049 1957 3120 ejus-

2064 3042 2324 3112 Πατέρα;
2344 3043 2409 3095 Ei
2433 3042 2541 3114 γὰρ
2562 3044 2590 3096 ὁ
2616 3040 2903 3113 ἄνθρωπος
2931 3039 3006 3103 ὡς
3029 3041 3056 3092 6
3084 3038 3298 3110 Πατὴρ,
3325 3038 3478 3091 οὐδὲν
3502 3036 3654 3091 διαλ-

375 3139 525 3193 modi
554 3144 659 3204 est,
684 3137 868 3209 qualis
894 3146 980 3193 est
1004 3136 1185 3203 Pater,
1218 3138 1355 3192 nihil
1384 3137 1475 3213 hic
1504 3138 1574 3193 ab
1602 3138 1822 3195 homine
1851 3140 1963 3197 dis-

375 3230 647 3301 crepabit.
690 3229 860 3301 Atqui
914 3229 1061 3287 Deus
1093 3228 1371 3298 Verbum,
1415 3231 1510 3300 qui
1559 3230 1961 3301 perfectissime

377 3334 632 3378 naturam
670 3323 912 3380 hominis
956 3324 1170 3390 induit,
1217 3322 1497 3395 perlectus
1544 3340 1699 3397 aeque
1743 3326 1888 3384 Deus
1928 3343 1960 3384 a

376 3413 537 3470 Patre
586 3422 716 3471 ante
769 3415 955 3471 omnia
1015 3416 1364 3487 progenitus,
1416 3431 1527 3471 non
1595 3418 1781 3474 minus
1835 3417 1961 3488 jure

376 3523 543 3579 quam
577 3507 861 3569 evidenter
887 3509 955 3565 de
981 3523 1041 3565 se
1071 3510 1191 3580 ipso
1220 3516 1455 3565 testatur
1488 3526 1501 3562 :
1537 3508 1645 3575 Qui
1679 3508 1808 3564 vidit
1848 3526 1957 3577 me,

375 3602 507 3656 vidit
534 3610 585 3657 et
624 3599 883 3667 Patrem;
925 3600 1387 3671 quemadmodum
1431 3616 1499 3657 ex
1539 3599 1851 3657 Judmorum
1889 3600 1959 3656 de

376 3694 471 3749 illo
498 3707 755 3751 sermone
787 3700 1007 3750 constat
1039 3710 1053 3747 :
1100 3690 1223 3747 Non
1253 3694 1391 3747 enim
1438 3693 1647 3758 solum,
1679 3694 1755 3748 ait
1791 3690 1958 3748 Joan-

375 3800 497 3851 nes,
528 3783 833 3855 quarebant
863 3784 1157 3854 interﬁcere
1196 3785 1387 3854 ipsum,
1419 3784 1558 3856 quod
1599 3785 1709 3840 haec
1736 3784 1955 3854 faceret,

374 3877 467 3932 rei
508 3878 670 3932 etiam
717 3878 844 3948 quia
878 3875 1085 3932 Filium
1135 3876 1229 3932 Dei
1270 3893 1383 3933 sese
1434 3877 1665 3944 diceret,
1700 3878 1956 3949 wqualem

374 3970 487 4027 Deo
526 3971 759 4040 seipsttm
802 3987 1042 4027 asserens
1067 3974 1110 4027 '.
1143 3971 1278 4027 Nam
1322 3986 1449 4027 cum
1490 3972 1600 4028 illis
1640 3971 1823 4027 verbis
1853 3972 1959 4028 uti-

374 4073 467 4118 tur
510 4081 526 4119 :
577 4063 685 4132 Qui
748 4063 880 4139 vidit
925 4080 1044 4129 me,
1093 4065 1221 4119 vidit
1283 4074 1335 4118 et
1387 4064 1642 4128 Patrem,
1692 4064 1955 4135 aequalem

374 4156 481 4212 sibi
502 4153 675 4212 Deum
702 4155 921 4213 Patrem
952 4156 1260 4213 constituit.

440 4249 513 4304 At
559 4249 729 4305 homo
773 4249 975 4323 similis
1018 4248 1159 4313 Deo,
1193 4257 1289 4304 aut
1336 4249 1481 4304 sicut
1512 4246 1657 4305 Deus
1686 4263 1811 4305 esse
1847 4263 1956 4303 non

374 4347 597 4411 potest;
642 4339 741 4397 sed
785 4340 833 4395 is
875 4339 1175 4402 nimirum,
1218 4340 1313 4410 qui
1364 4353 1394 4393 a
1439 4338 1552 4393 Deo
1590 4337 1752 4395 Patre
1814 4338 1958 4395 Deus

375 4432 729 4503 unigenaque
756 4429 930 4486 Filius
955 4446 1145 4486 revera
1175 4432 1464 4502 processit.
1508 4431 1583 4486 De
1618 4448 1729 4503 quo
1766 4435 1840 4489 ita
1879 4445 1957 4490 te-

375 4529 557 4577 statur
587 4519 884 4592 Apostolus
919 4539 933 4576 :
971 4519 1077 4587 Qui
1104 4535 1221 4574 eum
1252 4522 1306 4575 in
1349 4520 1526 4589 forma
1557 4519 1652 4575 Dei
1676 4531 1832 4589 esset,
1855 4540 1961 4578 non

376 4613 619 4684 rapinam
652 4611 950 4667 arbitratus
981 4618 1084 4676 est,
1111 4627 1224 4665 esse
1253 4611 1509 4682 wqualem
1532 4611 1660 4676 Deo,
1688 4614 1778 4667 sed
1800 4624 1962 4670 semet

373 4709 548 4779 ipsum
561 4705 872 4785 exinanirit,
892 4704 1121 4775 formam
1144 4704 1279 4757 servi
1293 4703 1551 4770 accipiens
1570 4704 1610 4757 ⁸.
1657 4693 1737 4759 Ex
1758 4705 1960 4776 quibus

374 4799 473 4854 illa
524 4797 693 4853 verba
746 4796 803 4873 in
857 4795 1214 4864 formaresset
1279 4794 1347 4847 ad
1417 4792 1589 4848 Deum
1647 4794 1956 4865 pertinent;

373 4888 522 4962 quod
555 4894 739 4949 autem
777 4886 851 4963 ad
899 4886 1153 4943 servilem
1196 4885 1429 4941 forruam
1472 4887 1701 4953 attinet,
1744 4887 1957 4943 extrin-

373 4997 538 5040 secus
588 4979 819 5059 ascitam
868 4993 993 5036 esse
1023 4978 1299 5037 declarat.
1329 4992 1430 5035 nec
1466 4978 1614 5035 illius
1660 4980 1957 5052 aliquando

374 5075 546 5133 fuisse
576 5073 870 5149 signiﬁcat.
915 5070 1021 5129 Sed
1066 5088 1309 5143 perm-pe
1350 5071 1551 5127 accidit
1593 5081 1651 5127 ut
1705 5073 1958 5131 Salvator

373 5176 567 5225 noster
610 5181 678 5224 ac
716 5165 988 5224 Dominus
1017 5163 1179 5222 Jesus
1229 5164 1485 5223 Christus
1526 5164 1782 5237 Deusque
1815 5165 1950 5222 Ver-

372 5262 504 5318 bum
541 5261 794 5331 quaedam
833 5259 1079 5315 humano
1120 5271 1275 5312 more
1316 5263 1372 5333 et
1410 5255 1479 5311 ad
1506 5255 1790 5313 hominum
1821 5257 1951 5316 ασε-

370 5354 587 5409 ctiones
630 5350 1044 5407 accommodate
1090 5348 1355 5421 proferat.
1391 5348 1550 5415 Quod
1579 5355 1693 5404 tum
1729 5350 1953 5408 minime

372 5444 505 5501 fecit
552 5458 679 5501 cum
713 5441 967 5499 diceret:
1013 5441 1055 5494 Α
1101 5441 1263 5496 Patre
1305 5458 1418 5497 meo
1462 5441 1599 5496 exivi
1632 5452 1682 5495 et
1732 5444 1878 5498 uenio
1907 5445 1950 5499 '.

2063 3136 2247 3189 λάττει
2276 3137 2304 3189 6
2329 3134 2518 3207 Πατὴρ
2542 3132 2636 3189 τοῦ
2674 3130 2983 3204 ἀνθρώπου.
3013 3132 3077 3186 Ei
3104 3132 3161 3185 δὲ
3185 3133 3213 3185 6
3233 3130 3365 3195 Θεδς
3396 3131 3594 3199 Λόγος,
3619 3133 3653 3184 6

2062 3227 2486 3298 ἐνανθρωπήσας
2521 3226 2579 3278 ὲν
2612 3224 2944 3294 τελειότητι,
2978 3223 3199 3285 τελείως
3228 3220 3306 3275 ὢν
3336 3224 3451 3276 ἐστι
3491 3221 3648 3288 Θεὸς,

2062 3319 2265 3374 ἄνωθεν
2297 3318 2407 3372 ἀπὸ
2444 3317 2660 3389 Πατρὸς
2697 3315 3126 3387 γεγεννημένος,
3161 3312 3382 3377 δικαίως
3422 3313 3518 3367 καὶ
3554 3330 3654 3367 σα-

2061 3409 2179 3479 φῶς
2208 3407 2505 3478 φθέγγεται
2539 3407 2667 3478 περὶ
2711 3404 2909 3459 ἑαυτοῦ
2939 3405 3134 3474 λέγων,
3162 3404 3245 3458 ὅτι
3286 3404 3348 3457 '0
3373 3402 3653 3473 ἑωρακὼς

2058 3501 2182 3571 ἐμὲ,
2207 3500 2428 3569 ἑώρακε
2465 3498 2574 3553 τὸν
2597 3498 2828 3567 Πατέρα
2847 3538 2862 3563 ,
2892 3497 2967 3563 ὼς
2993 3498 3089 3551 καὶ
3120 3498 3172 3550 οἱ
3222 3496 3466 3551 Ἰουδαῖοί
3514 3514 3652 3564 φασι

2058 3595 2187 3665 περὶ
2215 3592 2401 3647 αὑτοῦ·
2448 3594 2532 3647 Οὐ
2564 3592 2759 3662 μόνον
2809 3593 2940 3661 γὰρ,
2982 3590 3169 3664 φησὶν,
3207 3588 3458 3659 ἐζήτουν
3499 3589 3651 3643 ἁπο-

2059 3684 2285 3738 κτεῖναι
2329 3684 2538 3748 αὐτὸν,
2590 3683 2680 3737 ὅτι
2725 3683 2913 3738 ταῦτα
2966 3681 3176 3750 ἐποίει,
3220 3680 3358 3736 ἀλλ’
3399 3682 3490 3735 ὅτι
3542 3680 3647 3735 καὶ

2057 3773 2195 3827 Υιὸν
2232 3772 2381 3828 Θεοῦ
2418 3772 2638 3827 ἑαυτὸν
2664 3772 2908 3842 ἔλεγεν,
2947 3771 3091 3825 ἶσον
3121 3768 3244 3837 Θεῷ
3286 3769 3508 3825 ἑαυτὸν
3527 3770 3616 3840 φά

2058 3876 2243 3917 σκων.
2288 3862 2363 3917 Τὸ
2398 3861 2507 3933 γάρ
2535 3862 2709 3915 εἰπεῖν
2742 3860 2906 3914 πάλιν
2926 3900 2941 3923 ,
2981 3859 3036 3912 Ὀ
3066 3859 3337 3928 ἑωρακὼς
3356 3859 3481 3929 ἐμὲ,
3527 3858 3643 3913 ἑώ-

2050 3973 2201 4026 ρακε
2243 3954 2351 4010 τὸν
2397 3954 2663 4023 Πατέρα,
2706 3954 2799 4008 τὸν
2844 3951 3064 4024 Πατέρα
3106 3952 3239 4006 Θεὸν
3289 3951 3403 4005 ἴσον
3445 3950 3646 4007 ἑαυτοῦ

2060 4050 2276 4121 φάσκει.

2128 4254 2244 4308 Οὐκ
2275 4252 2559 4323 ἄνθρωπος
2598 4248 2656 4304 δέ
2689 4251 2836 4305 ἐστιν
2880 4248 2995 4313 ῐσος
3031 4246 3186 4318 Θεῷ,
3218 4244 3342 4301 οὐδὲ
3367 4244 3444 4309 ὡς
3473 4242 3606 4307 Θεός
3625 4257 3646 4275 ο

2058 4346 2194 4401 ἀλλὰ
2222 4348 2281 4399 ὲν
2305 4343 2536 4415 ἀληθείᾳ
2561 4340 2960 4413 γεγεννημένος
2978 4379 2994 4405 ,
3019 4342 3085 4395 ἐκ
3106 4336 3242 4393 Θεοῦ
3268 4333 3482 4407 Πατρὸς
3508 4334 3649 4399 Θεὸς

1987 4403 2033 4459 D
2063 4440 2189 4503 Υἱὸς
2225 4403 2542 4508 μονογενής.
2572 4403 2716 4507 λιμέσι
2883 4403 3013 4506 περὶ
3048 4432 3215 4487 αὐτοῦ
3251 4403 3463 4495 Παῦλος
3485 4446 3499 4460 '
3539 4431 3651 4498 ’ος

2060 4532 2132 4585 έν
2150 4528 2357 4601 μορφῇ
2391 4528 2539 4591 θεοῦ
2564 4525 2853 4596 ὑπάρχων
2888 4528 3003 4596 οὐχ
3030 4523 3343 4593 ἁρπαγμὸν
3370 4521 3650 4591 ἡγήσατο

2060 4622 2129 4675 τὸ
2164 4616 2317 4674 εἶναι
2349 4621 2456 4674 ἴσα
2498 4615 2654 4683 Θεῷ,
2690 4617 2827 4671 ἀλλ’
2854 4615 3074 4670 ἑαυτὸν
3110 4610 3371 4668 emas
3398 4610 3651 4682 μορφὴν

2061 4712 2288 4769 δούλου
2316 4710 2541 4768 λαϐὼν.
2577 4709 2651 4763 Τὸ
2694 4708 2793 4780 μὲν
2835 4706 2967 4779 περὶ
3010 4703 3147 4759 Θεοῦ
3195 4701 3276 4774 ἦν
3322 4704 3393 4757 ἐν
3437 4701 3648 4772 μορφῇ

2062 4804 2192 4876 περὶ
2226 4802 2285 4857 δὲ
2323 4802 2425 4874 τῆς
2461 4799 2557 4856 τοῦ
2612 4800 2801 4855 δούλου
2852 4797 3065 4871 μορφῆς
3111 4792 3469 4868 προσληπτὴν
3500 4793 3648 4847 ane-

2062 4912 2198 4968 φηνε
2219 4936 2235 4962 ,
2266 4894 2362 4949 καὶ
2386 4894 2486 4948 οὐκ
2515 4889 2667 4947 εἶπεν
2696 4889 2863 4945 αὐτοῦ
2906 4884 3072 4944 οὖσάν
3105 4903 3255 4942 ποτε.
3287 4885 3557 4950 Πολλάκις
3585 4884 3649 4938 δὲ

2060 4987 2158 5041 καὶ
2183 4984 2541 5058 ἀνθρωπίνως
2572 4980 2880 5051 διαλέγεται
2908 4979 2936 5033 6
2962 4976 3152 5050 Σωτὴρ
3185 4975 3364 5047 ἡμῶν,
3398 4973 3491 5028 καὶ
3526 4974 3648 5025 Κύ-

2061 5096 2176 5153 ριος
2225 5076 2434 5149 Ἰησοῦς
2461 5074 2715 5149 Χριστὸς,
2755 5074 2786 5126 ὁ
2824 5070 2957 5134 Θεὸς
3006 5069 3198 5138 Λόγος,
3236 5068 3332 5120 καὶ
3376 5064 3643 5128 πολλάκις

2058 5168 2509 5245 ἁνθρωποπαθῶς
2530 5166 2849 5238 φθέγγεται.
2893 5162 3032 5217 Ἀλλ’
3061 5162 3161 5232 οὐχ
3184 5161 3273 5215 ὅτε
3315 5157 3489 5226 λέγει·
3539 5155 3643 5208 Ἐκ

2057 5261 2164 5317 τοῦ
2189 5260 2420 5328 Πατρός
2434 5275 2555 5329 μου
2581 5256 2866 5326 ἐξῆλθον,
2902 5254 3001 5309 καὶ
3052 5253 3209 5322 ἥκωο
3242 5248 3401 5304 τοῦτο
3428 5245 3537 5318 γὰρ
3577 5247 3641 5301 οὐ

2056 5334 2279 5407 δύναται
2315 5348 2424 5406 ἀπὸ
2468 5348 2883 5422 ἀνθρωπότητος
2923 5344 3208 5414 λέγεσθαι·
3272 5340 3386 5395 ἀλλ’
3424 5340 3513 5393 ὅτε
3556 5339 3644 5392 δι-

2058 5444 2231 5509 καίως
2252 5443 2619 5516 ἐπιμαρτυρεῖ
2650 5440 2823 5510 λέγων
2841 5455 2856 5469 °
2900 5438 3041 5493 Ἐὰν
3059 5434 3175 5506 ἐγὼ
3191 5430 3470 5506 μαρτυρῶ
3501 5429 3643 5500 περὶ

447 5628 674 5721 ζειοεξιῖ
702 5642 823 5688 vni.
853 5624 942 5687 l7,
1143 5628 1161 5657 '
1197 5625 1387 5721 Matth.
1424 5641 1501 5693 χι,
1532 5625 1621 5682 25.
1698 5626 1718 5659 ³
1760 5624 1895 5683 Luc.
1953 5643 1957 5681 '.

2063 5627 2134 5684 22.
2210 5628 2233 5661 ⁸
2259 5624 2417 5683 Joan.
2450 5640 2563 5693 xw,
2594 5625 2649 5682 9.
2724 5625 2745 5658 ⁸
2775 5622 2931 5680 Joan.
2962 5637 3017 5688 ν,
3061 5618 3146 5677 18.
3223 5618 3244 5651 ⁸
3274 5615 3510 5686 Philipp.
3572 5628 3639 5683 tl,

374 5698 429 5771 6,
469 5702 519 5758 7.
595 5702 616 5735 ⁷
645 5700 803 5756 Joan.
836 5713 947 5767 xw,
978 5696 1067 5753 28.
