3850 6204
943 257 1316 315 ADVERSUS
1349 257 1692 316 ":ERESBS
1728 259 1856 315 LIB.
1899 259 1964 314 II.
2008 259 2177 316 TUM.
2221 267 2286 314 lt.
2327 287 2400 302 —-
2435 256 2716 314 HERES.
2755 253 2932 319 LXV.

201 368 423 442 ἐμαυτοῦ
441 409 458 437 ,
486 366 543 436 ἦ,
551 369 849 438 μαρτυρία
867 353 992 440 μου
1015 373 1130 426 οὐκ
1160 371 1335 427 ἔστιν
1368 372 1603 443 ἀληθής
1621 389 1634 403 ο
1673 373 1759 426 ἵνα

1873 371 2050 444 Neque
2095 371 2243 428 enim
2295 371 2440 428 Istud
2484 387 2552 427 ex
2601 368 2846 426 hominis
2895 372 3093 420 natura
3139 361 3447 434 proﬁseisci

201 465 317 536 δείξῃ
357 461 457 533 τὴν
497 459 695 514 ἑαυτοῦ
742 461 1157 535 ἑνανθρὼπησιν
1178 481 1192 494 ·
1249 465 1343 518 καὶ
1385 464 1446 518 τὸ
1484 464 1752 518 ἀνάπαλιν

201 555 305 628 περὶ
330 552 576 624 θεότητος
611 550 818 622 λέγων’
861 551 990 606 Κάν
1026 570 1091 608 τε
1131 553 1246 623 ἐγὼ
1286 552 1571 624 μαρτυρῶ
1615 557 1751 622 περὶ

201 645 445 720 ἐμαυτοῦ,
469 645 509 711 ἡ
536 635 833 713 μαρτυρία
851 663 974 715 μου
999 645 1235 714 ἀληθής
1261 645 1436 700 ἐστιν
1451 685 1468 711 ,
1493 645 1582 698 ἵνα
1605 643 1753 718 δείξῃ

202 735 429 810 ἀληθινὴν
450 735 685 807 θεότητα
705 777 719 802 ,
755 737 850 791 καὶ
879 736 1140 809 ἀληθινὴν
1171 735 1607 809 ὲνανθρὼπησιν.

1861 465 2060 534 potuit.
2097 464 2205 520 Sed
2256 464 2309 520 id
2356 463 2579 520 demum
2614 459 2938 531 usurpavit,
2974 471 3098 511 cum
3139 453 3206 510 de
3234 468 3294 511 se
3323 454 3450 524 jure

1859 556 1936 611 ita
1967 563 2203 612 testatus
2231 563 2316 612 est
2350 573 2364 610 :
2400 554 2461 610 Si
2477 570 2570 626 ego
2597 550 2956 608 testimonium
2984 545 3233 616 perhibes
3275 543 3338 598 de
3367 559 3451 599 me

1858 648 1993 718 ipso,
2031 647 2386 702 testimonium
2413 662 2587 702 meum
2617 659 2723 699 non
2747 649 2826 697 est
2855 654 3036 695 verum
3071 638 3086 668 ⁸
3111 654 3126 700 ;
3151 649 3263 706 quo
3292 648 3449 690 suam

1857 735 2254 792 humanitatem
2309 735 2650 793 ostenderet.
2705 732 2781 786 At
2831 744 2863 786 e
2904 725 3193 784 contrario
3236 723 3305 780 de
3351 735 3452 778 sua

201 834 452 891 divinitate
497 847 810 889 sermonem
857 833 1152 890 instituens
1187 852 1200 888 :
1232 833 1390 899 Etsi,
1422 832 1631 905 inquit,
1665 850 1760 905 ego
1803 833 2166 888 testimonium
2195 833 2436 904 perhibeo
2469 832 2534 888 de
2573 830 2794 905 meipso,
2859 825 3215 883 testimonium
3280 836 3452 876 meum

177 943 346 998 ,rerum
385 935 461 980 est
494 928 539 992 ¹,
571 934 632 980 ιιι
654 942 840 982 veram
871 927 924 981 in
971 943 1032 982 se
1063 927 1406 982 divinitatem
1440 935 1606 998 atque
1643 927 2042 984 humanitatem
2072 930 2428 1000 exprimeret.

257 1025 327 1076 Ii'.
353 1023 426 1076 Οὐ
453 1021 546 1075 δύο
576 1021 756 1077 τοίνυν
779 1022 928 1086 Geel,
952 1023 1034 1076 ὃτι
1061 1020 1186 1076 οὔτε
1215 1021 1308 1075 δύο
1337 1021 1579 1094 Πατέρες
1599 1039 1611 1052 ·
1634 1021 1758 1076 οὐδὲ

198 1118 433 1189 ἀνῄρηται
465 1119 497 1186 ἡ
531 1116 826 1179 ὑπόστασις
873 1116 966 1170 τοῦ
1003 1117 1200 1185 Λόγου,
1242 1115 1322 1169 ὅτι
1367 1117 1428 1168 οὐ
1494 1115 1595 1185 μία
1630 1131 1758 1168 συν-

198 1209 340 1280 αλιφὴ
364 1208 612 1279 θεότητος
647 1208 775 1261 Υἱοῦ
800 1209 938 1280 πρὸς
963 1210 1201 1279 Πατέρα.
1219 1209 1295 1262 Οὐ
1326 1206 1435 1279 γάρ
1463 1208 1612 1261 ἐστιν
1639 1208 1760 1260 ἐτε-

197 1301 412 1375 pos-35:0;
442 1302 470 1352 6
501 1300 626 1362 Tib;
654 1300 747 1352 τοῦ
786 1300 1020 1371 Πατρός,
1049 1300 1188 1354 ἀλλὰ
1219 1299 1504 1371 ὁμοούσιος
1541 1298 1619 1370 τῷ
1641 1300 1758 1352 Πα-

195 1394 286 1464 τρί.
327 1392 394 1445 Οὐ
422 1390 646 1444 δύναται
666 1391 721 1445 δὲ
744 1386 886 1445 εἶναι
916 1390 1251 1463 ἑτεροούσιος
1276 1391 1355 1463 τῷ
1380 1391 1755 1462 γεγεννηκότι,

1934 1021 2073 1078 VIII.
2115 1023 2388 1090 Quocirca
2433 1035 2611 1092 neque
2653 1025 2762 1082 duo
2799 1021 2889 1078 Dii
2909 1026 3060 1088 sunt,
3079 1015 3245 1091 615
3273 1030 3452 1087 neque

1833 1114 2188 1175 ’Patresduo,
2219 1119 2400 1174 neque
2422 1108 2590 1166 Verbi
2643 1119 2880 1180 persona
2925 1104 3161 1163 tollitur.
3196 1099 3454 1166 quoniam

1859 1207 1982 1264 Filii
2014 1205 2276 1264 divinitas
2311 1215 2658 1273 nequaquam
2691 1199 2746 1253 in
2778 1212 2948 1252 unum
2982 1209 3107 1248 cum
3142 1190 3304 1244 Patre
3323 1203 3457 1242 con-

1859 1301 2043 1357 ﬂatur.
2093 1297 2213 1352 Non
2258 1295 2406 1351 enim
2456 1291 2633 1348 Filius
2675 1288 2906 1346 alterius
2943 1294 3048 1349 est,
3097 1297 3262 1354 quam
3293 1279 3458 1334 Pater

1861 1391 2228 1455 substantiae,
2271 1389 2368 1445 sed
2398 1383 2894 1442 consubstantiaiis
2942 1378 3112 1434 Patri.
3150 1375 3333 1446 Neque
3361 1388 3458 1443 po-

3474 930 3484 974 ἰ

1862 1495 1970 1542 test
2001 1491 2096 1540 aut
2145 1480 2378 1537 alterius
2424 1491 2548 1534 esse
2595 1491 2626 1530 a
2673 1474 2925 1546 genitore
2974 1466 3322 1530 substantias,
3363 1471 3468 1519 aut

1857 1575 2109 1646 ejusdem
2141 1569 2467 1628 substantiae
2519 1581 2586 1622 ac
2621 1579 2859 1636 persona
2893 1562 3122 1617 minime
3155 1557 3456 1622 distincta,

1791 1715 1834 1773 Β
1863 1665 1959 1720 sed
1999 1655 2530 1720 consubstantialem
2574 1673 2735 1725 esse,
2779 1656 2858 1711 uti
2901 1654 3144 1709 diximus
3170 1692 3187 1718 ,
3216 1656 3455 1721 oportet.

1873 1753 1978 1773 c,_-
2019 1757 2142 1773 __-_.__
2183 1768 2288 1773 _-_
2335 1750 2542 1773 :a-:..-..
2587 1749 2730 1773 ελ-..»
2771 1761 2894 1773 λη-..
2927 1759 3052 1773 nn...
3091 1742 3252 1773 ῡηιιρη
3307 1738 3455 1773 unm!

1863 1753 1983 1810 Jam
2019 1757 2149 1810 vero
2181 1768 2295 1808 non
2335 1750 2546 1807 idcirco
2587 1749 2732 1805 idem
2769 1761 2896 1803 esse
2925 1759 3052 1800 cum
3089 1742 3274 1807 Patre,
3307 1738 3457 1810 quod

197 1483 300 1536 οὐδὲ
349 1481 722 1545 ταυτοούσιος,
765 1481 904 1535 ἀλλὰ
941 1482 1360 1554 ὁμοούσιος,(8).
1409 1483 1546 1538 Οὐδὲ
1597 1483 1759 1537 πάλιν

193 1573 398 1641 λέγομεν
444 1571 608 1628 αὑτὸν
667 1572 742 1644 μὴ
793 1567 931 1624 εἷναι
977 1572 1169 1627 ταυτὸν
1207 1577 1274 1645 τῇ
1320 1573 1481 1647 οὐσίᾳ⁸
1530 1573 1609 1645 τῷ
1648 1575 1762 1628 Πα-

193 1662 286 1730 τρί.
318 1659 468 1711 Ἔστι
501 1658 610 1731 γὰρ
652 1659 846 1713 ταυτὸν
881 1663 948 1731 τῇ
995 1659 1232 1732 Θεότητι,
1277 1663 1373 1716 καὶ
1417 1666 1485 1734 τῇ
1531 1663 1687 1735 οὐσίᾳ
1731 1665 1762 1718 6

191 1751 300 1816 Υίὸς
327 1751 457 1823 πρὸς
483 1751 577 1804 τὸν
603 1753 840 1823 Πατέρα,
877 1755 969 1808 καὶ
985 1755 1084 1808 οὐκ
1109 1754 1321 1821 ἀλλοῖος
1350 1757 1502 1829 παρὰ
1525 1756 1616 1812 τὸν
1642 1757 1756 1811 Ila-

192 1837 335 1908 τέρα,
364 1837 484 1890 οὐδὲ
513 1838 622 1891 ἀπὺ
651 1839 817 1911 ἄλλης
859 1841 1231 1907 ὑποστάσεως.
1269 1843 1407 1898 ἀλλὰ
1437 1844 1512 1909 ὡς
1543 1845 1758 1918 ἀληθῶς

193 1930 302 1992 Tib;
331 1929 542 2000 Πατρός
573 1933 637 2000 τῇ
671 1948 731 1983 τε
768 1931 945 2006 οὐσίᾳ,
982 1933 1077 1988 καὶ
1105 1937 1170 2007 τῇ
1204 1936 1534 2002 ὑποστάσει,
1566 1939 1659 1990 καὶ⁹
1690 1940 1757 2010 τῇ

192 2018 416 2090 ἀληθείᾳ.
457 2020 598 2074 Ἀλλ’
620 2022 717 2092 οὐχ
742 2024 770 2074 6
803 2024 991 2096 Πατήρ
1018 2027 1164 2080 ἐστιν
1188 2027 1398 2097 όΥἱὺς,
1419 2028 1539 2081 οὐδὲ
1568 2029 1595 2081 6
1631 2029 1758 2096 Υἱός

191 2113 322 2164 ἐστιν
349 2111 376 2163 6
415 2112 631 2183 Πατὴρ,
667 2113 801 2166 ἀλλὰ
821 2114 947 2178 Υἱὸς
976 2116 1193 2186 ἀληθῶς
1224 2119 1287 2170 ὲκ
1317 2119 1532 2190 Πατρός
1569 2137 1760 2189 γεγεν-

190 2203 416 2272 νημένος.
445 2203 540 2256 Διὸ
569 2202 690 2257 οὔτε
725 2204 818 2258 δύο
848 2207 1005 2270 Θεοὶ,
1044 2207 1167 2261 οὔτε
1201 2209 1293 2262 δύο
1325 2211 1440 2264 Υἱοὶ
1461 2251 1476 2276 ,
1510 2211 1634 2265 οὔτε
1667 2212 1761 2266 δύο

191 2295 306 2362 ἅγια
337 2296 666 2367 Πνεύματα,
694 2298 832 2351 ἀλλὰ
875 2299 974 2370 μία
1013 2281 1203 2370 essm};
1237 2303 1270 2372 ἡ
1312 2301 1514 2373 Τριὰς.
1548 2303 1759 2376 Πατὴρ,

191 2383 320 2448 Υἱὶος,
351 2386 445 2438 καὶ
472 2384 628 2453 ἅγιον
659 2387 906 2458 Πνεῦμα,
935 2390 1218 2460 όμοούσιος
1252 2388 1404 2446 οὖσα.
1439 2393 1609 2447 Ὅταν
1653 2394 1760 2465 γὰρ

190 2475 334 2547 εἴπῃς
379 2476 706 2548 ὁμοοὺσιον,
753 2482 814 2533 οὐ
873 2482 1166 2552 συναλιφὴν
1211 2484 1487 2554 σημαίνει.
1537 2485 1610 2538 Τὸ
1654 2486 1762 2558 γὰρ

191 2567 498 2633 όμοούσιον
527 2569 624 2638 οὐχ
656 2569 774 2633 ἑνός
801 2571 918 2623 ἐστι
943 2573 1297 2642 σημαντικὸν,
1344 2573 1464 2627 οὐδὲ
1493 2574 1585 2628 τοῦ
1611 2575 1763 2640 όντος

191 2659 305 2712 Υἱοῦ
335 2661 474 2732 πρὸς
507 2660 728 2732 Πατέρα
754 2662 978 2734 γνησίου
1019 2662 1119 2734 τὴν
1149 2663 1336 2716 οὐσίαν
1365 2663 1598 2734 διίστησι
1621 2705 1635 2725 ,
1669 2666 1764 2719 καὶ

188 2751 274 2818 τὴν
308 2749 613 2805 ὑπόστασιν
634 2751 1008 2824 ἀπαλλοτριοῖ’,
1035 2751 1124 2806 διὰ
1144 2753 1205 2806 τὸ
1225 2755 1528 2826 όμοούσιον.
1560 2757 1632 2810 Οὐ
1656 2756 1764 2830 γὰρ

189 2841 346 2909 ἀρχὰς
371 2839 468 2894 δύο
503 2842 765 2914 κηρύττει
792 2846 821 2897 6
857 2844 1000 2910 θεῖος
1039 2846 1216 2915 λόγος,
1249 2847 1384 2901 ἀλλὰ
1412 2848 1538 2918 μίαν
1568 2849 1761 2920 ἀρχὴν.

185 2932 613 2986 Συνελεύσεται
655 2934 788 3006 γὰρ,
822 2937 1008 3005 φησιν,
1039 2939 1072 2991 ὁ
1103 2937 1270 3004 οἶκος
1326 2937 1513 2991 Ἰούδα
1537 2978 1551 3002 ,
1586 2939 1683 2991 καὶ
1733 2941 1767 2992 ὀ

188 3018 339 3088 οἶκος
371 3023 640 3094 Ἰσραὴλ,
669 3027 765 3079 καὶ
795 3026 1086 3094 θήσονται
1109 3029 1344 3096 ἑαυτοῖς
1375 3030 1573 3099 ἀρχὴν
1596 3031 1762 3100 μίαν.

197 3115 249 3166 '0
278 3115 456 3169 τοίνυν
489 3116 667 3188 ἀρχὰς
699 3117 791 3171 δύο
830 3120 1137 3190 κηρύττων,
1161 3120 1254 3173 δύο
1290 3121 1456 3185 Θεοῦς
1485 3121 1764 3194 κηρύττει.

188 3210 284 3262 Καὶ
302 3212 329 3264 6
360 3210 608 3283 ἀναιρῶν
639 3212 730 3266 τὸν
757 3213 947 3282 Λόγον,
976 3213 1071 3266 καὶ
1106 3215 1205 3284 τὴν
1228 3214 1392 3268 αὑτοῦ
1443 3215 1764 3281 ὑπόστασιν,

196 3302 522 3373 Ἰουδαῖσμδν
553 3305 862 3373 ὑποφαίνει.
890 3306 1155 3377 Μαρκίων
1189 3307 1298 3379 γὰρ
1326 3307 1419 3360 δύο
1440 3308 1614 3379 ἀρχὰς
1639 3309 1769 3361 ὐπο-

187 3396 348 3463 (ξαίνει
368 3435 384 3460 ,
424 3397 632 3468 μᾶλλον
661 3396 718 3449 δὲ
749 3400 896 3469 τρεῖς
929 3399 1150 3462 ἑαυταῖς
1183 3400 1453 3463 ἐναντίας.
1484 3402 1545 3452 Οί
1573 3400 1628 3453 δὲ
1658 3400 1766 3454 νέοι

194 3487 451 3550 Ἰουδαῖοι,
491 3489 860 3558 Σαμοσατῖται
889 3484 1054 3553 οὗτοι,
1087 3489 1370 3561 ἀναιροῦσι
1400 3490 1498 3561 τὴν
1533 3491 1768 3545 ὑπόστα-

188 3596 262 3632 σιν
293 3581 386 3635 τοῦ
429 3582 636 3650 Λόγου,
684 3581 770 3635 ἵνα
818 3582 1156 3654 κυριοκτόνοι
1205 3583 1299 3636 καὶ
1331 3583 1484 3636 αὐτοὶ
1520 3584 1768 3653 ἀποφαν-

185 3669 328 3736 Θῶσι,
354 3672 455 3726 καὶ
484 3671 876 3745 ὲπαρνησίθεοι
915 3674 1015 3744 τῆς
1043 3676 1138 3726 τοῦ
1171 3675 1377 3747 Κυρίου
1402 3677 1434 3748 ἡ
1445 3673 1562 3746 μῶν
1594 3693 1768 3748 σωτη-

186 3762 296 3832 pia;
327 3801 350 3813 κ

1863 1846 1934 1902 ad
1962 1845 2264 1903 essentiam
2294 1843 2512 1906 attinet,
2542 1839 2853 1914 negandum
2882 1844 3162 1908 putamus.
3190 1833 3284 1889 Est
3307 1832 3457 1888 enim

1863 1938 2154 1994 divinitate
2197 1936 2342 1992 idem
2392 1942 2450 1990 et
2497 1933 2738 1990 essentia
2762 1947 2888 1986 cum
2922 1929 3085 1982 Patre
3115 1925 3318 1990 Filius,
3355 1939 3461 1980 nec

1864 2029 1935 2083 ab
1969 2043 2036 2083 eo
2076 2028 2367 2093 diversus,
2405 2033 2503 2080 aut
2532 2041 2599 2080 ex
2631 2024 2810 2086 aliena
2850 2020 3085 2091 quadam
3134 2017 3459 2088 liypostasi,

1865 2121 1962 2176 scd
1996 2136 2122 2176 vere
2139 2118 2324 2173 Patris
2355 2127 2408 2173 et
2430 2116 2696 2179 essentia,
2728 2122 2783 2170 et
2809 2111 3118 2184 hypostasi,
3149 2117 3203 2165 et
3230 2108 3462 2164 veritate

1865 2212 2064 2269 Filius.
2102 2211 2344 2268 Tametsi
2390 2226 2570 2280 neque
2611 2207 2774 2264 Pater
2811 2207 2882 2268 sit
2930 2202 3140 2266 Filius,
3172 2215 3350 2270 neque
3377 2198 3462 2255 Fi-

1864 2305 1975 2362 lius
2007 2305 2254 2361 vicissim
2287 2303 2486 2369 Pater;
2528 2301 2621 2357 sed
2657 2299 2830 2354 Filius
2868 2313 2899 2351 a
2933 2295 3094 2350 Patre
3135 2307 3325 2350 revera
3359 2307 3460 2363 ge-

1865 2398 2036 2454 nitus.
2091 2395 2169 2452 Ex
2210 2412 2322 2466 quo
2353 2396 2446 2454 tit,
2481 2405 2538 2447 ut
2592 2408 2700 2448 non
2740 2391 2850 2446 duo
2891 2388 3002 2445 sint
3053 2387 3173 2449 Dii,
3229 2383 3462 2454 Filiique

1866 2489 2010 2556 duo,
2047 2504 2158 2544 non
2203 2488 2445 2558 Spiritus
2484 2485 2662 2540 sancti
2697 2483 2842 2545 duo,
2876 2479 2969 2537 sed
3006 2493 3112 2532 una
3150 2477 3222 2532 sit
3252 2475 3308 2531 in
3337 2473 3462 2529 Tri-

1867 2580 2039 2636 nitate
2072 2579 2332 2636 divinitas
2353 2619 2368 2643 ,
2403 2580 2592 2641 Pater,
2621 2573 2795 2630 Filius
2824 2580 2879 2629 ct
2915 2570 3157 2642 Spiritus
3198 2573 3459 2632 sanctus,

1869 2673 2136 2744 planeque
2174 2669 2670 2727 consubstantialis
2711 2665 2966 2722 exsistat.
3004 2661 3142 2716 Nam
3186 2661 3301 2714 hate
3341 2657 3463 2727 ipsa

1869 2779 1973 2818 vox
2015 2761 2490 2818 consubstantialis
2534 2775 2643 2814 non
2705 2753 3152 2826 conjunctionem
3175 2765 3239 2804 ac
3266 2747 3465 2803 conﬂa-

1868 2856 2074 2910 tionem
2133 2855 2417 2920 declarat;
2467 2867 2576 2907 non
2626 2849 2774 2905 enim
2819 2845 3090 2917 ejusmodi
3135 2843 3463 2899 vocabulum

1873 2963 2040 3001 unum
2094 2945 2356 3015 quiddam
2414 2943 2659 3008 indicat,
2707 2956 2887 3010 neque
2920 2936 3169 3010 germani
3229 2949 3260 2988 a
3300 2931 3465 2987 Patre

1871 3039 1994 3093 Filii
2030 3037 2398 3094 substantiam
2435 3035 2696 3098 secernit,
2735 3039 2830 3093 aut
2865 3029 3192 3102 hypostasin
3224 3026 3464 3081 alienam

1873 3130 2026 3197 facit,
2057 3139 2115 3184 ut
2145 3129 2253 3186 sibi
2283 3125 2780 3184 consubstantiaiis
2811 3123 2952 3178 ratio
2976 3127 3235 3176 constare
3265 3116 3461 3189 possit.

1875 3223 2154 3294 Siquidem
2197 3237 2368 3278 unum
2423 3219 2851 3285 tantummodo,
2899 3231 3006 3270 non
3048 3213 3159 3268 duo
3193 3210 3464 3283 principia

1875 3314 2097 3371 divinus
2128 3329 2312 3370 sermo
2343 3311 2625 3384 praedicat.
2652 3309 2975 3366 Conrenient
2999 3348 3015 3375 ,
3051 3305 3249 3376 inquit,
3275 3303 3464 3356 domus

1873 3405 2041 3467 Juda,
2075 3415 2124 3460 et
2154 3403 2343 3467 domus
2366 3403 2560 3469 Israel,
2584 3411 2632 3458 et
2669 3401 2989 3456 constituent
3023 3398 3122 3455 sibi
3145 3396 3271 3466 ipsis
3307 3394 3462 3465 prin-

1875 3501 2108 3566 cipatum
2134 3492 2298 3552 unam
2331 3497 2374 3553 ³.
2402 3496 2584 3564 Quare
2608 3495 2703 3566 qui
2737 3493 2848 3550 duo
2881 3490 3150 3563 principia
3174 3486 3464 3559 proponit,

1878 3591 2104 3646 totidem
2155 3589 2296 3645 Deos
2353 3589 2621 3644 obtrudit.
2685 3583 2954 3656 Quisquis
3013 3592 3193 3638 autem
3226 3577 3465 3634 Verbum

1874 3681 2104 3752 ejusque
2133 3696 2426 3752 personam
2470 3681 2613 3735 tollit
2643 3697 2674 3735 e
2702 3675 2884 3732 medio
2903 3717 2917 3743 ,
2948 3673 3236 3729 Judaicam
3268 3667 3466 3738 impie-

1879 3778 2048 3826 tatem
2105 3769 2368 3827 ostendit.
2424 3768 2669 3823 Marcion
2717 3781 2853 3823 sane
2895 3761 3166 3835 principia
3205 3758 3346 3821 duo,
3381 3755 3469 3811 vei

181 3859 278 3911 tria
313 3857 527 3928 potius,
559 3865 614 3912 et
643 3857 860 3928 quidem
892 3860 1173 3914 contraria
1240 3833 1472 3915 invicem
1496 3899 1511 3924 ,
1583 3859 1836 3930 allirmat.
1880 3867 1948 3918 At
1995 3865 2121 3920 novi
2147 3864 2357 3930 Judaei,
2408 3861 2793 3928 Samosateni,
2833 3833 3058 3930 inquam
3084 3899 3099 3922 ,
3132 3853 3253 3917 isti,
3301 3849 3466 3906 Verbi

183 3965 468 4020 personam
497 3949 828 4014 detrahunt,
855 3961 914 4006 ut
956 3959 1010 4008 et
1045 3952 1150 4023 ipsi
1182 3951 1394 4008 Domini
1439 3942 1851 4023 interfectores,
1919 3975 1984 4014 ac
2012 3960 2148 4026 Dei,
2215 3967 2270 4017 et
2315 3959 2496 4016 allatae
2537 3958 2700 4016 nobis
2758 3971 2791 4012 a
2818 3953 3052 4011 Domino
3113 3949 3307 4008 salutis
3339 3944 3467 4003 inli-

181 4043 409 4098 cialores
444 4041 794 4110 habeantur.

245 4132 354 4185 Μία
379 4131 523 4201 γοῦν
549 4134 584 4203 ἡ
613 4131 776 4203 ἀρχὴ,
806 4133 901 4186 καὶ
931 4131 991 4197 ἐξ
1011 4133 1184 4204 αὐτῆς
1214 4135 1241 4188 6
1264 4133 1392 4198 Υἱὸς
1419 4135 1582 4189 εἰκὼν
1611 4137 1767 4208 ἀκρι-

181 4219 302 4292 δὴς,
348 4223 521 4292 φύσει
563 4222 876 4276 ὲκτυποῦσα
916 4225 1010 4277 τὸν
1057 4224 1185 4278 ἴδιον
1232 4225 1451 4298 Πατέρα
1481 4229 1574 4280 καὶ
1605 4227 1768 4300 ὁμοία

1945 4135 2158 4192 Maneat
2195 4136 2365 4208 igitur
2406 4151 2578 4192 unum
2621 4149 2744 4191 esse
2787 4129 3141 4204 principium,
3187 4141 3217 4182 a
3247 4142 3356 4198 quo
3383 4125 3469 4182 Fi-

1875 4228 1984 4283 lius
2038 4229 2278 4282 manarit
2299 4267 2317 4292 ,
2360 4228 2511 4283 velut
2552 4228 2733 4296 imago
2755 4225 3002 4296 quaedam
3031 4227 3317 4289 accurata,
3345 4236 3469 4291 quae

182 4312 312 4366 κατὰ
341 4313 535 4366 πάντα
564 4314 786 4384 τρόπον.
821 4313 942 4366 Ὀτι
969 4312 1102 4377 Θεὸς
1134 4316 1197 4368 ὲκ
1233 4314 1393 4378 Θεοῦ,
1423 4317 1517 4369 καὶ⁹
1552 4317 1674 4380 Υἱὸς
1703 4318 1763 4371 ὲκ

1875 4317 2090 4373 Patrem
2137 4333 2298 4374 suum
2345 4316 2541 4374 referat
2585 4315 2844 4387 proprie,
2886 4314 3048 4384 eique
3091 4312 3146 4366 in
3210 4311 3468 4369 erunibus

182 4403 404 4475 Πιτρὸς,
435 4405 576 4468 Θεὸς
603 4403 854 4476 ἀληθινὸς
880 4407 944 4460 ὲκ
972 4406 1109 4461 Θεοῦ
1139 4406 1416 4479 ἀληθινοῦ,
1450 4410 1544 4463 καὶ
1574 4409 1689 4478 φῶς
1710 4412 1763 4465 ὲκ

1881 4409 2078 4464 similis
2129 4409 2399 4476 exsistat;
2448 4409 2712 4480 quoniam
2750 4405 2894 4462 Deus
2937 4412 3024 4462 est
3064 4419 3131 4461 ex
3178 4403 3316 4468 Deo,
3355 4415 3406 4458 et
3436 4419 3467 4458 a

181 4493 368 4560 φωτὸς,
421 4495 531 4566 μία
564 4491 701 4548 οὖσα
740 4494 953 4568 θεότης,
986 4497 1080 4550 καὶ
1113 4497 1170 4552 ἓν
1205 4497 1444 4569 ἀξίωμα.
1483 4499 1574 4553 Διό
1603 4516 1774 4571 φησι·

177 4584 531 4656 Ποιήσωμεν
557 4583 875 4655 ἄνθρωπον
920 4591 1047 4642 κατ’
1075 4590 1280 4643 εἰκόνα
1313 4589 1610 4660 ἡμετέραν
1629 4631 1643 4652 ,
1675 4593 1774 4647 καί

178 4679 296 4729 καθ’
325 4679 646 4747 ὁμοίωσιν.
681 4677 819 4733 Οῠτε
860 4681 994 4734 Κατ’
1022 4682 1210 4738 είκόνα
1231 4683 1354 4755 σὴν,
1384 4685 1473 4741 ἵνα
1497 4683 1573 4756 μὴ
1602 4684 1770 4758 δεέλῃ·

177 4768 287 4822 οὔτε
316 4771 460 4824 Κατ’
497 4771 685 4824 εἰκόνα
714 4771 876 4845 ἐμὴν,
905 4773 991 4826 ἵνα
1035 4774 1109 4845 μὴ
1153 4775 1408 4846 ἀνόμοιον
1457 4778 1552 4831 καὶ
1591 4777 1773 4832 ἄνισον

177 4860 423 4935 ἀποφάνῃ
439 4878 454 4892 ο
481 4863 617 4916 κατ’
633 4864 839 4918 εἰκόνα
867 4864 923 4917 δὲ
949 4865 1264 4935 ἡμετέραν·
1284 4869 1376 4921 καὶ
1400 4869 1481 4932 τὸ,
1505 4869 1770 4939 ποιήσω-

173 4967 296 5017 μεν,
348 4952 441 5005 ἵνα
484 4953 565 5023 μὴ
606 4953 888 5025 ἀλλότριος
926 4950 1020 5030 ᾖό
1065 4958 1254 5030 Πατὴρ
1303 4957 1412 5012 τῶν
1460 4961 1768 5030 γενομένων

178 5045 257 5096 ὑπ’
281 5044 480 5109 αὐτοῦ,
519 5045 658 5116 μηδὲ
678 5047 706 5098 6
730 5047 1043 5119 Μονογενὴς
1074 5049 1356 5122 ἀλλότριος
1385 5051 1481 5122 τῆς
1509 5052 1771 5124 δημιουρ-

176 5133 309 5200 γίας.
355 5135 532 5188 Ἀλλὰ
569 5137 598 5188 6
637 5136 825 5207 Πατὴρ
863 5139 960 5192 σὺν
989 5139 1067 5210 τῷ
1097 5139 1212 5210 Υἱῴ
1233 5141 1585 5212 δημιουργεῖ,
1617 5143 1712 5195 καὶ
1743 5145 1772 5196 6

177 5227 312 5290 Υίῦς,
345 5228 422 5286 διῗ
447 5220 519 5282 οὗ
548 5227 618 5282 τὰ
647 5229 824 5283 πάντα
847 5231 1058 5300 γέγονε,
1099 5233 1528 5306 συνδημιουργὸς
1556 5233 1634 5306 τῷ
1660 5237 1775 5290 Ila.

1875 4501 2039 4558 Patre
2087 4503 2282 4569 Filius,
2336 4502 2482 4559 Deus
2508 4516 2674 4558 verus
2707 4501 2777 4560 de
2829 4501 2943 4556 Deo
2972 4515 3138 4565 vero,
3180 4499 3364 4555 lumen
3397 4498 3466 4554 de

1879 4595 2111 4662 lumine,
2145 4609 2253 4648 una
2287 4593 2501 4650 scilicet
2534 4592 2816 4655 divinitas,
2847 4605 3066 4662 unaque
3091 4590 3347 4660 dignitas.
3385 4589 3468 4644 Oli

1876 4683 1927 4738 id
1983 4683 2057 4738 ita
2113 4683 2394 4754 loquitur:
2446 4681 2739 4736 Faciamus
2772 4681 3036 4736 hominem
3079 4679 3148 4732 ad
3186 4680 3467 4749 imaginem

1875 4786 2112 4829 nostram
2141 4785 2189 4829 et
2221 4772 2625 4830 similitudinem
2658 4772 2701 4826 δ.
2732 4769 2848 4826 Non
2872 4769 2957 4825 Ad
2989 4770 3281 4841 imaginem
3309 4780 3455 4823 tuam

1876 4868 2034 4932 dixit,
2059 4868 2483 4933 nedivisionem
2508 4866 2826 4932 induceret;
2857 4878 3036 4934 neque
3057 4863 3138 4917 Ad
3172 4862 3464 4934 imaginem

1878 4978 2075 5027 meam,
2128 4977 2199 5017 ne
2250 4959 2579 5017 dissimilem
2625 4965 2680 5014 et
2728 4956 3054 5027 inaequalem
3103 4955 3461 5018 ostenderet;

1879 5054 1975 5109 sed
2002 5053 2072 5108 ad
2115 5055 2398 5127 imaginem
2424 5061 2684 5108 nostram.
2715 5048 2853 5105 Illud
2895 5063 3046 5110 vero,
3077 5046 3365 5117 faciamus,
3398 5061 3465 5100 eo

1880 5146 2154 5214 pertinet,
2187 5160 2257 5201 ne
2305 5154 2400 5200 aut
2435 5146 2506 5200 ab
2550 5143 2621 5199 iis
2650 5157 2773 5214 qua:
2812 5141 3094 5213 produxit,
3125 5139 3469 5195 abalienetur

1878 5234 2061 5302 Pater,
2090 5245 2183 5294 aut
2217 5253 2247 5293 a
2278 5233 2608 5310 procreandi
2657 5232 2942 5290 [unctione
2966 5230 3140 5292 Filius
3167 5239 3468 5288 extraneos

239 5383 252 5415 '
281 5381 448 5441 Joan.
493 5401 553 5453 ν,
586 5385 677 5443 51.
755 5389 777 5420 ⁸
800 5384 960 5444 Joan.
995 5403 1118 5456 vni,
1153 5389 1239 5444 i8.
1314 5389 1334 5422 ³
1361 5387 1486 5447 Ose.
1521 5404 1559 5455 ι,
1596 5390 1651 5445 5.
1724 5388 1748 5422 ⁵

1873 5407 1906 5450 I.
1939 5406 1980 5459 ι,
2012 5391 2104 5448 26.

240 5537 312 5610 (8)
356 5541 528 5616 Οῠδᾴ
545 5543 958 5616 ταυζοούσιος,
994 5543 1143 5600 ἀλλ’
1171 5546 1511 5616 ὀμοούσιος.
1541 5546 1767 5604 Difficile

178 5619 252 5661 (ἐι
272 5611 636 5685 ταυτοούσιον
665 5610 858 5670 Latine
891 5615 973 5685 sic
1000 5610 1403 5685 expriniere,ut
1428 5610 1496 5674 ab
1524 5634 1591 5675 eo
1614 5620 1764 5685 quod

177 5689 252 5732 est
274 5682 575 5754 ὁμοούσιον
593 5683 923 5758 distinguas.
950 5682 1231 5759 Signiﬁcat
1259 5695 1438 5745 autem
1457 5682 1759 5749 essenIiam

1874 5562 1938 5606 ac
1968 5549 2336 5625 substantiam
2365 5551 2441 5625 ita
2468 5550 2688 5625 penitus
2711 5549 2984 5625 eamdem,
3009 5557 3072 5607 ut
3105 5562 3176 5606 nc
3204 5555 3466 5620 persona-

1873 5637 1992 5678 rum
2023 5620 2244 5693 quidem
2270 5620 2570 5683 discrimen
2593 5621 2870 5680 admittat.
