  <div class='ocr_page' id='page_1' title='image "/cluster/home/n/w/nwhite01/storage/ocr_20150623/42/hvd.32044011752995/013.png"; bbox 0 0 3850 6204; ppageno 0'>
   <div class='ocr_carea' id='block_1_1' title="bbox 341 297 3629 381">
    <p class='ocr_par' dir='ltr' id='par_1_1' title="bbox 341 297 3629 381">
     <span class='ocr_line' id='line_1_1' title="bbox 341 297 3629 381; baseline -0.008 0"><span class='ocrx_word' id='word_1_1' title='bbox 341 324 417 381; x_wconf 71' lang='grc' dir='ltr'>υ</span> <span class='ocrx_word' id='word_1_2' title='bbox 808 324 811 325; x_wconf 60' lang='grc'><strong><em>⁷</em></strong></span> <span class='ocrx_word' id='word_1_3' title='bbox 1740 311 1800 369; x_wconf 81' lang='lat'><strong>5.</strong></span> <span class='ocrx_word' id='word_1_4' title='bbox 1844 308 2195 367; x_wconf 59' lang='lat' dir='ltr'><strong>EPIPHANI!</strong></span> <span class='ocrx_word' id='word_1_5' title='bbox 3559 297 3629 355; x_wconf 70' lang='grc'><strong>28</strong></span> 
     </span>
    </p>
   </div>
   <div class='ocr_carea' id='block_1_2' title="bbox 341 414 1959 514">
    <p class='ocr_par' dir='ltr' id='par_1_2' title="bbox 341 431 1936 514">
     <span class='ocr_line' id='line_1_2' title="bbox 341 431 1936 514; baseline -0.007 -18"><span class='ocrx_word' id='word_1_6' title='bbox 341 448 583 514; x_wconf 84' lang='lat' dir='ltr'><strong>putetur.</strong></span> <span class='ocrx_word' id='word_1_7' title='bbox 623 438 693 494; x_wconf 82' lang='lat' dir='ltr'><strong>At</strong></span> <span class='ocrx_word' id='word_1_8' title='bbox 728 454 861 495; x_wconf 83' lang='lat' dir='ltr'><strong>vero</strong></span> <span class='ocrx_word' id='word_1_9' title='bbox 895 438 1061 494; x_wconf 88' lang='lat' dir='ltr'><strong>Pater</strong></span> <span class='ocrx_word' id='word_1_10' title='bbox 1088 452 1197 493; x_wconf 89' lang='lat' dir='ltr'><strong>una</strong></span> <span class='ocrx_word' id='word_1_11' title='bbox 1229 451 1353 491; x_wconf 89' lang='lat' dir='ltr'><strong>cum</strong></span> <span class='ocrx_word' id='word_1_12' title='bbox 1390 434 1559 507; x_wconf 77' lang='lat'><strong>616</strong></span> <span class='ocrx_word' id='word_1_13' title='bbox 1606 432 1750 487; x_wconf 85' lang='lat' dir='ltr'><strong>Filio</strong></span> <span class='ocrx_word' id='word_1_14' title='bbox 1780 431 1936 487; x_wconf 87' lang='lat' dir='ltr'><strong>moli-</strong></span> 
     </span>
    </p>
   </div>
   <div class='ocr_carea' id='block_1_3' title="bbox 2068 414 3629 514">
    <p class='ocr_par' dir='ltr' id='par_1_3' title="bbox 2068 414 3629 502">
     <span class='ocr_line' id='line_1_3' title="bbox 2068 414 3629 502; baseline -0.007 -18"><span class='ocrx_word' id='word_1_15' title='bbox 2068 431 2162 502; x_wconf 76' lang='lat' dir='ltr'><strong>pi,</strong></span> <span class='ocrx_word' id='word_1_16' title='bbox 2194 429 2287 485; x_wconf 70' lang='lat' dir='ltr'><strong>mi</strong></span> <span class='ocrx_word' id='word_1_17' title='bbox 2322 428 2411 483; x_wconf 79' lang='grc' dir='ltr'><strong>διά</strong></span> <span class='ocrx_word' id='word_1_18' title='bbox 2441 428 2499 482; x_wconf 68' lang='grc' dir='ltr'><strong>τό</strong></span> <span class='ocrx_word' id='word_1_19' title='bbox 2532 428 2589 495; x_wconf 76' lang='grc' dir='ltr'>ἐξ</span> <span class='ocrx_word' id='word_1_20' title='bbox 2628 426 2797 481; x_wconf 77' lang='grc' dir='ltr'>αὐτοῦ</span> <span class='ocrx_word' id='word_1_21' title='bbox 2825 422 3186 496; x_wconf 77' lang='grc' dir='ltr'>γεγεννῆσθαι</span> <span class='ocrx_word' id='word_1_22' title='bbox 3227 420 3317 475; x_wconf 78' lang='grc' dir='ltr'><strong>τὸν</strong></span> <span class='ocrx_word' id='word_1_23' title='bbox 3353 420 3516 486; x_wconf 69' lang='grc' dir='ltr'>Υίὺν,</span> <span class='ocrx_word' id='word_1_24' title='bbox 3548 414 3629 484; x_wconf 75' lang='grc' dir='ltr'>εἷς</span> 
     </span>
    </p>
   </div>
   <div class='ocr_carea' id='block_1_4' title="bbox 340 526 1936 603">
    <p class='ocr_par' dir='ltr' id='par_1_4' title="bbox 340 526 1936 603">
     <span class='ocr_line' id='line_1_4' title="bbox 340 526 1936 603; baseline -0.008 -13"><span class='ocrx_word' id='word_1_25' title='bbox 340 543 465 600; x_wconf 90' lang='lat' dir='ltr'><strong>tur;</strong></span> <span class='ocrx_word' id='word_1_26' title='bbox 501 531 676 590; x_wconf 84' lang='lat' dir='ltr'><strong>Filius</strong></span> <span class='ocrx_word' id='word_1_27' title='bbox 701 532 862 597; x_wconf 99' lang='lat' dir='ltr'><strong>item,</strong></span> <span class='ocrx_word' id='word_1_28' title='bbox 896 548 995 603; x_wconf 92' lang='lat' dir='ltr'><strong>per</strong></span> <span class='ocrx_word' id='word_1_29' title='bbox 1027 546 1188 602; x_wconf 87' lang='lat' dir='ltr'><strong>quem</strong></span> <span class='ocrx_word' id='word_1_30' title='bbox 1225 529 1366 583; x_wconf 84' lang='lat' dir='ltr'><strong>facta</strong></span> <span class='ocrx_word' id='word_1_31' title='bbox 1402 534 1531 584; x_wconf 91' lang='lat' dir='ltr'><strong>sunt</strong></span> <span class='ocrx_word' id='word_1_32' title='bbox 1570 526 1775 589; x_wconf 85' lang='lat' dir='ltr'><strong>omnia,</strong></span> <span class='ocrx_word' id='word_1_33' title='bbox 1804 540 1936 595; x_wconf 84' lang='lat' dir='ltr'><strong>Ope-</strong></span> 
     </span>
    </p>
   </div>
   <div class='ocr_carea' id='block_1_5' title="bbox 343 615 1936 695">
    <p class='ocr_par' dir='ltr' id='par_1_5' title="bbox 343 615 1936 695">
     <span class='ocr_line' id='line_1_5' title="bbox 343 615 1936 695; baseline -0.006 -15"><span class='ocrx_word' id='word_1_34' title='bbox 343 626 427 681; x_wconf 85' lang='lat' dir='ltr'><strong>ris</strong></span> <span class='ocrx_word' id='word_1_35' title='bbox 464 633 518 678; x_wconf 91' lang='lat' dir='ltr'><strong>et</strong></span> <span class='ocrx_word' id='word_1_36' title='bbox 547 625 665 695; x_wconf 90' lang='lat' dir='ltr'><strong>ipse</strong></span> <span class='ocrx_word' id='word_1_37' title='bbox 701 641 825 679; x_wconf 91' lang='lat' dir='ltr'><strong>cum</strong></span> <span class='ocrx_word' id='word_1_38' title='bbox 862 624 1026 678; x_wconf 89' lang='lat' dir='ltr'><strong>Patre</strong></span> <span class='ocrx_word' id='word_1_39' title='bbox 1070 630 1156 678; x_wconf 91' lang='lat' dir='ltr'><strong>est</strong></span> <span class='ocrx_word' id='word_1_40' title='bbox 1190 621 1409 675; x_wconf 76' lang='lat' dir='ltr'><strong>artifex.</strong></span> <span class='ocrx_word' id='word_1_41' title='bbox 1451 617 1590 674; x_wconf 85' lang='lat' dir='ltr'><strong>Tum</strong></span> <span class='ocrx_word' id='word_1_42' title='bbox 1621 617 1749 688; x_wconf 87' lang='lat' dir='ltr'><strong>quia</strong></span> <span class='ocrx_word' id='word_1_43' title='bbox 1766 615 1936 670; x_wconf 86' lang='lat' dir='ltr'><strong>Filius</strong></span> 
     </span>
    </p>
   </div>
   <div class='ocr_carea' id='block_1_6' title="bbox 347 708 1938 788">
    <p class='ocr_par' dir='ltr' id='par_1_6' title="bbox 347 708 1938 788">
     <span class='ocr_line' id='line_1_6' title="bbox 347 708 1938 788; baseline -0.006 -16"><span class='ocrx_word' id='word_1_44' title='bbox 347 717 541 772; x_wconf 87' lang='lat' dir='ltr'><strong>abillo</strong></span> <span class='ocrx_word' id='word_1_45' title='bbox 585 717 805 788; x_wconf 87' lang='lat' dir='ltr'><strong>genitus</strong></span> <span class='ocrx_word' id='word_1_46' title='bbox 851 723 969 780; x_wconf 90' lang='lat' dir='ltr'><strong>est,</strong></span> <span class='ocrx_word' id='word_1_47' title='bbox 1026 730 1171 769; x_wconf 90' lang='lat' dir='ltr'><strong>unus</strong></span> <span class='ocrx_word' id='word_1_48' title='bbox 1214 712 1601 784; x_wconf 90' lang='lat' dir='ltr'><strong>perfectusque</strong></span> <span class='ocrx_word' id='word_1_49' title='bbox 1641 708 1782 764; x_wconf 90' lang='lat' dir='ltr'><strong>Deus</strong></span> <span class='ocrx_word' id='word_1_50' title='bbox 1808 750 1823 774; x_wconf 91' lang='lat'><strong>,</strong></span> <span class='ocrx_word' id='word_1_51' title='bbox 1870 723 1938 763; x_wconf 83' lang='lat' dir='ltr'><strong>ex</strong></span> 
     </span>
    </p>
   </div>
   <div class='ocr_carea' id='block_1_7' title="bbox 345 800 1936 880">
    <p class='ocr_par' dir='ltr' id='par_1_7' title="bbox 345 800 1936 880">
     <span class='ocr_line' id='line_1_7' title="bbox 345 800 1936 880; baseline -0.007 -15"><span class='ocrx_word' id='word_1_52' title='bbox 345 809 511 865; x_wconf 91' lang='lat' dir='ltr'><strong>Patre</strong></span> <span class='ocrx_word' id='word_1_53' title='bbox 554 810 797 880; x_wconf 83' lang='lat' dir='ltr'><strong>perfecto</strong></span> <span class='ocrx_word' id='word_1_54' title='bbox 831 851 846 874; x_wconf 92' lang='lat'><strong>,</strong></span> <span class='ocrx_word' id='word_1_55' title='bbox 894 818 948 865; x_wconf 89' lang='lat' dir='ltr'><strong>et</strong></span> <span class='ocrx_word' id='word_1_56' title='bbox 985 807 1213 879; x_wconf 89' lang='lat' dir='ltr'><strong>perfecti</strong></span> <span class='ocrx_word' id='word_1_57' title='bbox 1248 805 1369 860; x_wconf 85' lang='lat' dir='ltr'><strong>Filii</strong></span> <span class='ocrx_word' id='word_1_58' title='bbox 1418 803 1695 875; x_wconf 85' lang='lat' dir='ltr'><strong>perfectus</strong></span> <span class='ocrx_word' id='word_1_59' title='bbox 1740 800 1936 867; x_wconf 88' lang='lat' dir='ltr'><strong>Pater;</strong></span> 
     </span>
    </p>
   </div>
   <div class='ocr_carea' id='block_1_8' title="bbox 347 895 1931 972">
    <p class='ocr_par' dir='ltr' id='par_1_8' title="bbox 347 895 1931 972">
     <span class='ocr_line' id='line_1_8' title="bbox 347 895 1931 972; baseline -0.004 -18"><span class='ocrx_word' id='word_1_60' title='bbox 347 902 443 972; x_wconf 85' lang='lat' dir='ltr'><strong>qui</strong></span> <span class='ocrx_word' id='word_1_61' title='bbox 474 903 693 970; x_wconf 81' lang='lat' dir='ltr'><strong>quidem</strong></span> <span class='ocrx_word' id='word_1_62' title='bbox 722 909 965 972; x_wconf 63' lang='lat' dir='ltr'><strong>paternae</strong></span> <span class='ocrx_word' id='word_1_63' title='bbox 992 898 1343 971; x_wconf 78' lang='lat' dir='ltr'><strong>perfectionis</strong></span> <span class='ocrx_word' id='word_1_64' title='bbox 1374 897 1667 968; x_wconf 83' lang='lat' dir='ltr'><strong>imaginem</strong></span> <span class='ocrx_word' id='word_1_65' title='bbox 1701 895 1931 961; x_wconf 91' lang='lat' dir='ltr'><strong>obtinet,</strong></span> 
     </span>
    </p>
   </div>
   <div class='ocr_carea' id='block_1_9' title="bbox 350 986 1937 1063">
    <p class='ocr_par' dir='ltr' id='par_1_9' title="bbox 350 986 1937 1063">
     <span class='ocr_line' id='line_1_9' title="bbox 350 986 1937 1063; baseline -0.004 -19"><span class='ocrx_word' id='word_1_66' title='bbox 350 991 533 1061; x_wconf 83' lang='lat' dir='ltr'><strong>imago</strong></span> <span class='ocrx_word' id='word_1_67' title='bbox 564 991 788 1047; x_wconf 90' lang='lat' dir='ltr'><strong>minime</strong></span> <span class='ocrx_word' id='word_1_68' title='bbox 810 990 1167 1063; x_wconf 88' lang='lat' dir='ltr'><strong>aspectabilis</strong></span> <span class='ocrx_word' id='word_1_69' title='bbox 1194 989 1311 1052; x_wconf 89' lang='lat' dir='ltr'><strong>Dei,</strong></span> <span class='ocrx_word' id='word_1_70' title='bbox 1334 1003 1444 1045; x_wconf 87' lang='lat' dir='ltr'><strong>non</strong></span> <span class='ocrx_word' id='word_1_71' title='bbox 1474 986 1730 1057; x_wconf 81' lang='lat' dir='ltr'><strong>imaginis</strong></span> <span class='ocrx_word' id='word_1_72' title='bbox 1751 1000 1937 1041; x_wconf 79' lang='lat' dir='ltr'><strong>exem-</strong></span> 
     </span>
    </p>
   </div>
   <div class='ocr_carea' id='block_1_10' title="bbox 2045 511 3628 588">
    <p class='ocr_par' dir='ltr' id='par_1_10' title="bbox 2045 511 3628 588">
     <span class='ocr_line' id='line_1_10' title="bbox 2045 511 3628 588; baseline -0.008 -13"><span class='ocrx_word' id='word_1_73' title='bbox 2045 523 2177 586; x_wconf 87' lang='grc' dir='ltr'><strong>Θεὸς</strong></span> <span class='ocrx_word' id='word_1_74' title='bbox 2208 521 2410 583; x_wconf 87' lang='grc' dir='ltr'>τέλειος</span> <span class='ocrx_word' id='word_1_75' title='bbox 2438 522 2502 573; x_wconf 80' lang='grc' dir='ltr'><strong>ἐκ</strong></span> <span class='ocrx_word' id='word_1_76' title='bbox 2538 518 2744 571; x_wconf 82' lang='grc' dir='ltr'><strong>τελείου</strong></span> <span class='ocrx_word' id='word_1_77' title='bbox 2786 516 3000 588; x_wconf 81' lang='grc' dir='ltr'>[ἰατρὸς</span> <span class='ocrx_word' id='word_1_78' title='bbox 3020 556 3034 578; x_wconf 91' lang='grc'><strong>,</strong></span> <span class='ocrx_word' id='word_1_79' title='bbox 3067 515 3163 568; x_wconf 69' lang='grc' dir='ltr'><strong>καὶ</strong></span> <span class='ocrx_word' id='word_1_80' title='bbox 3196 512 3384 585; x_wconf 79' lang='grc' dir='ltr'>Πατὴρ</span> <span class='ocrx_word' id='word_1_81' title='bbox 3425 511 3628 576; x_wconf 82' lang='grc' dir='ltr'>τέλειος</span> 
     </span>
    </p>
   </div>
   <div class='ocr_carea' id='block_1_11' title="bbox 2043 604 3629 682">
    <p class='ocr_par' dir='ltr' id='par_1_11' title="bbox 2043 604 3629 682">
     <span class='ocr_line' id='line_1_11' title="bbox 2043 604 3629 682; baseline -0.008 -12"><span class='ocrx_word' id='word_1_82' title='bbox 2043 616 2252 670; x_wconf 82' lang='grc' dir='ltr'><strong>τελείου</strong></span> <span class='ocrx_word' id='word_1_83' title='bbox 2284 613 2419 667; x_wconf 90' lang='grc' dir='ltr'>Υίοῦ</span> <span class='ocrx_word' id='word_1_84' title='bbox 2441 655 2456 679; x_wconf 94' lang='grc'><strong>,</strong></span> <span class='ocrx_word' id='word_1_85' title='bbox 2484 613 2586 682; x_wconf 80' lang='grc' dir='ltr'><strong>τῆς</strong></span> <span class='ocrx_word' id='word_1_86' title='bbox 2620 611 2895 682; x_wconf 71' lang='grc' dir='ltr'>πατρικῆς</span> <span class='ocrx_word' id='word_1_87' title='bbox 2924 608 3257 680; x_wconf 80' lang='grc' dir='ltr'><strong>τελειότητος</strong></span> <span class='ocrx_word' id='word_1_88' title='bbox 3284 606 3501 677; x_wconf 74' lang='grc' dir='ltr'>ἔχοντος</span> <span class='ocrx_word' id='word_1_89' title='bbox 3532 604 3629 677; x_wconf 71' lang='grc' dir='ltr'>τὴν</span> 
     </span>
    </p>
   </div>
   <div class='ocr_carea' id='block_1_12' title="bbox 2045 698 3628 773">
    <p class='ocr_par' dir='ltr' id='par_1_12' title="bbox 2045 698 3628 773">
     <span class='ocr_line' id='line_1_12' title="bbox 2045 698 3628 773; baseline -0.008 -11"><span class='ocrx_word' id='word_1_90' title='bbox 2045 709 2264 772; x_wconf 79' lang='grc' dir='ltr'><strong>εἰκόνα,</strong></span> <span class='ocrx_word' id='word_1_91' title='bbox 2314 704 2477 759; x_wconf 84' lang='grc' dir='ltr'>εἰκὼν</span> <span class='ocrx_word' id='word_1_92' title='bbox 2520 703 2656 757; x_wconf 86' lang='grc' dir='ltr'>Θεοῦ</span> <span class='ocrx_word' id='word_1_93' title='bbox 2702 704 2797 757; x_wconf 92' lang='grc' dir='ltr'><strong>τοῦ</strong></span> <span class='ocrx_word' id='word_1_94' title='bbox 2845 703 3116 773; x_wconf 81' lang='grc' dir='ltr'>ἀοράτου,</span> <span class='ocrx_word' id='word_1_95' title='bbox 3162 699 3224 753; x_wconf 81' lang='grc' dir='ltr'><strong>ού</strong></span> <span class='ocrx_word' id='word_1_96' title='bbox 3279 698 3628 769; x_wconf 85' lang='grc' dir='ltr'>παράδειγμα</span> 
     </span>
    </p>
   </div>
   <div class='ocr_carea' id='block_1_13' title="bbox 2044 789 3628 865">
    <p class='ocr_par' dir='ltr' id='par_1_13' title="bbox 2044 789 3628 865">
     <span class='ocr_line' id='line_1_13' title="bbox 2044 789 3628 865; baseline -0.008 -9"><span class='ocrx_word' id='word_1_97' title='bbox 2044 802 2271 864; x_wconf 85' lang='grc' dir='ltr'>εἰκόνος,</span> <span class='ocrx_word' id='word_1_98' title='bbox 2302 799 2401 853; x_wconf 83' lang='grc' dir='ltr'><strong>οὐκ</strong></span> <span class='ocrx_word' id='word_1_99' title='bbox 2426 796 2588 850; x_wconf 85' lang='grc' dir='ltr'>είκὼν</span> <span class='ocrx_word' id='word_1_100' title='bbox 2616 796 2852 860; x_wconf 80' lang='grc' dir='ltr'>εἰκόνος,</span> <span class='ocrx_word' id='word_1_101' title='bbox 2884 797 2984 849; x_wconf 78' lang='grc' dir='ltr'><strong>οὐκ</strong></span> <span class='ocrx_word' id='word_1_102' title='bbox 3017 795 3288 865; x_wconf 83' lang='grc' dir='ltr'>ἀνόμοιος,</span> <span class='ocrx_word' id='word_1_103' title='bbox 3320 792 3434 846; x_wconf 81' lang='grc' dir='ltr'>ἀλλ’</span> <span class='ocrx_word' id='word_1_104' title='bbox 3464 789 3628 844; x_wconf 84' lang='grc' dir='ltr'>εἰκὼν</span> 
     </span>
    </p>
   </div>
   <div class='ocr_carea' id='block_1_14' title="bbox 2043 881 3627 963">
    <p class='ocr_par' dir='ltr' id='par_1_14' title="bbox 2043 881 3627 963">
     <span class='ocr_line' id='line_1_14' title="bbox 2043 881 3627 963; baseline -0.008 -16"><span class='ocrx_word' id='word_1_105' title='bbox 2043 893 2137 947; x_wconf 88' lang='grc' dir='ltr'><strong>τοῦ</strong></span> <span class='ocrx_word' id='word_1_106' title='bbox 2170 890 2403 963; x_wconf 82' lang='grc' dir='ltr'>Πατρὸς,</span> <span class='ocrx_word' id='word_1_107' title='bbox 2440 889 2526 942; x_wconf 84' lang='grc' dir='ltr'>ἵνα</span> <span class='ocrx_word' id='word_1_108' title='bbox 2554 888 2614 942; x_wconf 84' lang='grc' dir='ltr'>τὸ</span> <span class='ocrx_word' id='word_1_109' title='bbox 2643 887 3061 959; x_wconf 76' lang='grc' dir='ltr'><strong>ἀπαράλλακτον</strong></span> <span class='ocrx_word' id='word_1_110' title='bbox 3093 884 3239 957; x_wconf 78' lang='grc' dir='ltr'>δείξῃ</span> <span class='ocrx_word' id='word_1_111' title='bbox 3272 884 3371 956; x_wconf 79' lang='grc' dir='ltr'>τῆς</span> <span class='ocrx_word' id='word_1_112' title='bbox 3400 881 3511 937; x_wconf 74' lang='grc' dir='ltr'><strong>ἀπὸ</strong></span> <span class='ocrx_word' id='word_1_113' title='bbox 3532 881 3627 935; x_wconf 90' lang='grc' dir='ltr'><strong>τοῦ</strong></span> 
     </span>
    </p>
   </div>
   <div class='ocr_carea' id='block_1_15' title="bbox 2045 975 3372 1056">
    <p class='ocr_par' dir='ltr' id='par_1_15' title="bbox 2045 975 3372 1056">
     <span class='ocr_line' id='line_1_15' title="bbox 2045 975 3372 1056; baseline -0.008 -17"><span class='ocrx_word' id='word_1_114' title='bbox 2045 985 2285 1056; x_wconf 87' lang='grc' dir='ltr'>ἀνάρχου</span> <span class='ocrx_word' id='word_1_115' title='bbox 2318 984 2415 1035; x_wconf 69' lang='grc' dir='ltr'><strong>καλ⁸</strong></span> <span class='ocrx_word' id='word_1_116' title='bbox 2446 980 2675 1052; x_wconf 87' lang='grc' dir='ltr'>ἀχρόνου</span> <span class='ocrx_word' id='word_1_117' title='bbox 2708 980 3014 1051; x_wconf 82' lang='grc' dir='ltr'>γεννήσεως</span> <span class='ocrx_word' id='word_1_118' title='bbox 3038 980 3096 1031; x_wconf 81' lang='grc' dir='ltr'>ὲν</span> <span class='ocrx_word' id='word_1_119' title='bbox 3122 975 3372 1048; x_wconf 80' lang='grc' dir='ltr'>ἀληθείᾳ.</span> 
     </span>
    </p>
   </div>
   <div class='ocr_carea' id='block_1_16' title="bbox 349 1065 3631 1158">
    <p class='ocr_par' dir='ltr' id='par_1_16' title="bbox 349 1065 3631 1158">
     <span class='ocr_line' id='line_1_16' title="bbox 349 1065 3631 1158; baseline -0.005 -19"><span class='ocrx_word' id='word_1_120' title='bbox 349 1086 523 1157; x_wconf 87' lang='lat' dir='ltr'><strong>plum,</strong></span> <span class='ocrx_word' id='word_1_121' title='bbox 559 1102 738 1157; x_wconf 88' lang='lat' dir='ltr'><strong>neque</strong></span> <span class='ocrx_word' id='word_1_122' title='bbox 762 1088 1019 1158; x_wconf 81' lang='lat' dir='ltr'><strong>imaginis</strong></span> <span class='ocrx_word' id='word_1_123' title='bbox 1043 1087 1244 1157; x_wconf 84' lang='lat' dir='ltr'><strong>imago,</strong></span> <span class='ocrx_word' id='word_1_124' title='bbox 1282 1100 1461 1155; x_wconf 89' lang='lat' dir='ltr'><strong>neque</strong></span> <span class='ocrx_word' id='word_1_125' title='bbox 1486 1083 1807 1149; x_wconf 85' lang='lat' dir='ltr'><strong>dissimilis;</strong></span> <span class='ocrx_word' id='word_1_126' title='bbox 1848 1081 1943 1137; x_wconf 90' lang='lat' dir='ltr'><strong>sed</strong></span> <span class='ocrx_word' id='word_1_127' title='bbox 1987 1081 2167 1153; x_wconf 84' lang='lat' dir='ltr'><strong>imago</strong></span> <span class='ocrx_word' id='word_1_128' title='bbox 2208 1081 2408 1148; x_wconf 86' lang='lat' dir='ltr'><strong>Patris,</strong></span> <span class='ocrx_word' id='word_1_129' title='bbox 2476 1086 2537 1136; x_wconf 87' lang='lat' dir='ltr'><strong>ut</strong></span> <span class='ocrx_word' id='word_1_130' title='bbox 2592 1078 2936 1135; x_wconf 83' lang='lat' dir='ltr'><strong>verissimam</strong></span> <span class='ocrx_word' id='word_1_131' title='bbox 2966 1074 3113 1129; x_wconf 88' lang='lat' dir='ltr'><strong>illam</strong></span> <span class='ocrx_word' id='word_1_132' title='bbox 3160 1086 3191 1126; x_wconf 90' lang='lat' dir='ltr'><strong>a</strong></span> <span class='ocrx_word' id='word_1_133' title='bbox 3230 1070 3392 1126; x_wconf 85' lang='lat' dir='ltr'><strong>Patre</strong></span> <span class='ocrx_word' id='word_1_134' title='bbox 3420 1065 3631 1140; x_wconf 83' lang='lat' dir='ltr'><strong>princi-</strong></span> 
     </span>
    </p>
   </div>
   <div class='ocr_carea' id='block_1_17' title="bbox 349 1173 3027 1251">
    <p class='ocr_par' dir='ltr' id='par_1_17' title="bbox 349 1173 3027 1251">
     <span class='ocr_line' id='line_1_17' title="bbox 349 1173 3027 1251; baseline -0.006 -16"><span class='ocrx_word' id='word_1_135' title='bbox 349 1182 423 1251; x_wconf 88' lang='lat' dir='ltr'><strong>pii</strong></span> <span class='ocrx_word' id='word_1_136' title='bbox 457 1196 520 1235; x_wconf 91' lang='lat' dir='ltr'><strong>ac</strong></span> <span class='ocrx_word' id='word_1_137' title='bbox 564 1180 829 1249; x_wconf 88' lang='lat' dir='ltr'><strong>temporis</strong></span> <span class='ocrx_word' id='word_1_138' title='bbox 866 1188 1089 1250; x_wconf 77' lang='lat' dir='ltr'><strong>experte</strong></span> <span class='ocrx_word' id='word_1_139' title='bbox 1140 1178 1549 1248; x_wconf 86' lang='lat' dir='ltr'><strong>generationem</strong></span> <span class='ocrx_word' id='word_1_140' title='bbox 1598 1174 1750 1229; x_wconf 90' lang='lat' dir='ltr'><strong>nulla</strong></span> <span class='ocrx_word' id='word_1_141' title='bbox 1801 1174 1854 1227; x_wconf 93' lang='lat' dir='ltr'><strong>in</strong></span> <span class='ocrx_word' id='word_1_142' title='bbox 1884 1188 1944 1228; x_wconf 90' lang='lat' dir='ltr'><strong>re</strong></span> <span class='ocrx_word' id='word_1_143' title='bbox 1975 1173 2183 1229; x_wconf 89' lang='lat' dir='ltr'><strong>variam</strong></span> <span class='ocrx_word' id='word_1_144' title='bbox 2216 1174 2652 1245; x_wconf 84' lang='lat' dir='ltr'><strong>dissimilemque</strong></span> <span class='ocrx_word' id='word_1_145' title='bbox 2676 1174 3027 1226; x_wconf 79' lang='lat' dir='ltr'><strong>monstraret.</strong></span> 
     </span>
    </p>
   </div>
   <div class='ocr_carea' id='block_1_18' title="bbox 420 1268 1938 1345">
    <p class='ocr_par' dir='ltr' id='par_1_18' title="bbox 420 1268 1938 1345">
     <span class='ocr_line' id='line_1_18' title="bbox 420 1268 1938 1345; baseline -0.005 -15"><span class='ocrx_word' id='word_1_146' title='bbox 420 1276 786 1343; x_wconf 78' lang='lat' dir='ltr'><strong>Quamobrem</strong></span> <span class='ocrx_word' id='word_1_147' title='bbox 821 1275 1000 1345; x_wconf 85' lang='lat' dir='ltr'><strong>imago</strong></span> <span class='ocrx_word' id='word_1_148' title='bbox 1032 1273 1212 1328; x_wconf 90' lang='lat' dir='ltr'><strong>Patris</strong></span> <span class='ocrx_word' id='word_1_149' title='bbox 1238 1281 1321 1328; x_wconf 92' lang='lat' dir='ltr'><strong>est</strong></span> <span class='ocrx_word' id='word_1_150' title='bbox 1369 1271 1561 1328; x_wconf 82' lang='lat' dir='ltr'><strong>Filius.</strong></span> <span class='ocrx_word' id='word_1_151' title='bbox 1599 1268 1734 1324; x_wconf 86' lang='lat' dir='ltr'><strong>Nam</strong></span> <span class='ocrx_word' id='word_1_152' title='bbox 1766 1278 1821 1323; x_wconf 91' lang='lat' dir='ltr'><strong>et</strong></span> <span class='ocrx_word' id='word_1_153' title='bbox 1849 1283 1938 1322; x_wconf 82' lang='lat' dir='ltr'><strong>re-</strong></span> 
     </span>
    </p>
   </div>
   <div class='ocr_carea' id='block_1_19' title="bbox 350 1359 1941 1440">
    <p class='ocr_par' dir='ltr' id='par_1_19' title="bbox 350 1359 1941 1440">
     <span class='ocr_line' id='line_1_19' title="bbox 350 1359 1941 1440; baseline -0.008 -15"><span class='ocrx_word' id='word_1_154' title='bbox 350 1384 447 1440; x_wconf 87' lang='lat' dir='ltr'><strong>ges</strong></span> <span class='ocrx_word' id='word_1_155' title='bbox 490 1382 591 1438; x_wconf 88' lang='lat' dir='ltr'><strong>pro</strong></span> <span class='ocrx_word' id='word_1_156' title='bbox 632 1382 699 1422; x_wconf 91' lang='lat' dir='ltr'><strong>eo</strong></span> <span class='ocrx_word' id='word_1_157' title='bbox 743 1366 890 1437; x_wconf 91' lang='lat' dir='ltr'><strong>quod</strong></span> <span class='ocrx_word' id='word_1_158' title='bbox 936 1366 1229 1437; x_wconf 87' lang='lat' dir='ltr'><strong>imaginem</strong></span> <span class='ocrx_word' id='word_1_159' title='bbox 1279 1364 1517 1428; x_wconf 82' lang='lat' dir='ltr'><strong>habent,</strong></span> <span class='ocrx_word' id='word_1_160' title='bbox 1566 1377 1678 1417; x_wconf 91' lang='lat' dir='ltr'><strong>non</strong></span> <span class='ocrx_word' id='word_1_161' title='bbox 1728 1359 1941 1415; x_wconf 91' lang='lat' dir='ltr'><strong>idcirco</strong></span> 
     </span>
    </p>
   </div>
   <div class='ocr_carea' id='block_1_20' title="bbox 351 1454 1941 1531">
    <p class='ocr_par' dir='ltr' id='par_1_20' title="bbox 351 1454 1941 1531">
     <span class='ocr_line' id='line_1_20' title="bbox 351 1454 1941 1531; baseline -0.006 -17"><span class='ocrx_word' id='word_1_162' title='bbox 351 1475 508 1531; x_wconf 83' lang='lat' dir='ltr'><strong>rcges</strong></span> <span class='ocrx_word' id='word_1_163' title='bbox 545 1459 654 1513; x_wconf 93' lang='lat' dir='ltr'><strong>duo</strong></span> <span class='ocrx_word' id='word_1_164' title='bbox 708 1468 878 1522; x_wconf 90' lang='lat' dir='ltr'><strong>sunt,</strong></span> <span class='ocrx_word' id='word_1_165' title='bbox 922 1457 1017 1512; x_wconf 89' lang='lat' dir='ltr'><strong>sed</strong></span> <span class='ocrx_word' id='word_1_166' title='bbox 1067 1472 1212 1511; x_wconf 89' lang='lat' dir='ltr'><strong>unus</strong></span> <span class='ocrx_word' id='word_1_167' title='bbox 1257 1472 1351 1511; x_wconf 89' lang='lat' dir='ltr'><strong>rex</strong></span> <span class='ocrx_word' id='word_1_168' title='bbox 1393 1466 1478 1511; x_wconf 92' lang='lat' dir='ltr'><strong>est</strong></span> <span class='ocrx_word' id='word_1_169' title='bbox 1516 1454 1788 1509; x_wconf 76' lang='lat' dir='ltr'><strong>duntaxat</strong></span> <span class='ocrx_word' id='word_1_170' title='bbox 1816 1467 1941 1507; x_wconf 91' lang='lat' dir='ltr'><strong>cum</strong></span> 
     </span>
    </p>
   </div>
   <div class='ocr_carea' id='block_1_21' title="bbox 351 1545 1945 1620">
    <p class='ocr_par' dir='ltr' id='par_1_21' title="bbox 351 1545 1945 1620">
     <span class='ocr_line' id='line_1_21' title="bbox 351 1545 1945 1620; baseline -0.006 -14"><span class='ocrx_word' id='word_1_171' title='bbox 351 1551 591 1620; x_wconf 84' lang='lat' dir='ltr'><strong>imagine</strong></span> <span class='ocrx_word' id='word_1_172' title='bbox 619 1564 740 1604; x_wconf 88' lang='lat' dir='ltr'><strong>sua.</strong></span> <span class='ocrx_word' id='word_1_173' title='bbox 789 1547 899 1603; x_wconf 87' lang='lat' dir='ltr'><strong>Nec</strong></span> <span class='ocrx_word' id='word_1_174' title='bbox 945 1564 1117 1603; x_wconf 88' lang='lat' dir='ltr'><strong>unum</strong></span> <span class='ocrx_word' id='word_1_175' title='bbox 1149 1547 1408 1618; x_wconf 91' lang='lat' dir='ltr'><strong>quiddam</strong></span> <span class='ocrx_word' id='word_1_176' title='bbox 1436 1554 1523 1602; x_wconf 89' lang='lat' dir='ltr'><strong>est</strong></span> <span class='ocrx_word' id='word_1_177' title='bbox 1562 1545 1781 1600; x_wconf 87' lang='lat' dir='ltr'><strong>duabus</strong></span> <span class='ocrx_word' id='word_1_178' title='bbox 1808 1558 1945 1597; x_wconf 85' lang='lat' dir='ltr'><strong>con-</strong></span> 
     </span>
    </p>
   </div>
   <div class='ocr_carea' id='block_1_22' title="bbox 353 1633 1944 1713">
    <p class='ocr_par' dir='ltr' id='par_1_22' title="bbox 353 1633 1944 1713">
     <span class='ocr_line' id='line_1_22' title="bbox 353 1633 1944 1713; baseline -0.007 -16"><span class='ocrx_word' id='word_1_179' title='bbox 353 1651 511 1698; x_wconf 83' lang='lat' dir='ltr'><strong>stans</strong></span> <span class='ocrx_word' id='word_1_180' title='bbox 546 1641 798 1713; x_wconf 87' lang='lat' dir='ltr'><strong>partibus</strong></span> <span class='ocrx_word' id='word_1_181' title='bbox 840 1640 1247 1711; x_wconf 87' lang='lat' dir='ltr'><strong>imperfectum.</strong></span> <span class='ocrx_word' id='word_1_182' title='bbox 1270 1638 1490 1713; x_wconf 77' lang='lat' dir='ltr'><strong>Verum</strong></span> <span class='ocrx_word' id='word_1_183' title='bbox 1527 1636 1805 1707; x_wconf 85' lang='lat' dir='ltr'><strong>perfectus</strong></span> <span class='ocrx_word' id='word_1_184' title='bbox 1840 1633 1944 1687; x_wconf 85' lang='lat' dir='ltr'><strong>Pa-</strong></span> 
     </span>
    </p>
   </div>
   <div class='ocr_carea' id='block_1_23' title="bbox 354 1710 1941 1806">
    <p class='ocr_par' dir='ltr' id='par_1_23' title="bbox 354 1710 1941 1806">
     <span class='ocr_line' id='line_1_23' title="bbox 354 1710 1941 1806; baseline -0.006 -15"><span class='ocrx_word' id='word_1_185' title='bbox 354 1747 462 1800; x_wconf 85' lang='lat' dir='ltr'><strong>ter,</strong></span> <span class='ocrx_word' id='word_1_186' title='bbox 498 1710 776 1806; x_wconf 79' lang='lat' dir='ltr'><strong>perfectus</strong></span> <span class='ocrx_word' id='word_1_187' title='bbox 821 1710 1033 1799; x_wconf 88' lang='lat' dir='ltr'><strong>Filius,</strong></span> <span class='ocrx_word' id='word_1_188' title='bbox 1078 1710 1356 1804; x_wconf 73' lang='lat' dir='ltr'><strong>perfecius</strong></span> <span class='ocrx_word' id='word_1_189' title='bbox 1408 1728 1647 1800; x_wconf 88' lang='lat' dir='ltr'><strong>Spiritus</strong></span> <span class='ocrx_word' id='word_1_190' title='bbox 1696 1736 1941 1783; x_wconf 87' lang='lat' dir='ltr'><strong>sanctus.</strong></span> 
     </span>
    </p>
   </div>
   <div class='ocr_carea' id='block_1_24' title="bbox 2118 1256 3631 1334">
    <p class='ocr_par' dir='ltr' id='par_1_24' title="bbox 2118 1256 3631 1334">
     <span class='ocr_line' id='line_1_24' title="bbox 2118 1256 3631 1334; baseline -0.01 -11"><span class='ocrx_word' id='word_1_191' title='bbox 2118 1271 2295 1324; x_wconf 86' lang='grc' dir='ltr'>Είκὼν</span> <span class='ocrx_word' id='word_1_192' title='bbox 2322 1271 2502 1323; x_wconf 86' lang='grc' dir='ltr'>τοίνυν</span> <span class='ocrx_word' id='word_1_193' title='bbox 2531 1270 2559 1322; x_wconf 99' lang='lat'><strong>6</strong></span> <span class='ocrx_word' id='word_1_194' title='bbox 2593 1269 2723 1332; x_wconf 83' lang='grc' dir='ltr'>Υίὸς</span> <span class='ocrx_word' id='word_1_195' title='bbox 2758 1264 2853 1319; x_wconf 89' lang='grc' dir='ltr'><strong>τοῦ</strong></span> <span class='ocrx_word' id='word_1_196' title='bbox 2884 1262 3117 1334; x_wconf 82' lang='grc' dir='ltr'><strong>Πατρός.</strong></span> <span class='ocrx_word' id='word_1_197' title='bbox 3162 1258 3271 1313; x_wconf 78' lang='grc' dir='ltr'>Καὶ</span> <span class='ocrx_word' id='word_1_198' title='bbox 3309 1256 3419 1330; x_wconf 78' lang='grc' dir='ltr'>γὰρ</span> <span class='ocrx_word' id='word_1_199' title='bbox 3458 1257 3552 1311; x_wconf 74' lang='grc' dir='ltr'><strong>καὶ</strong></span> <span class='ocrx_word' id='word_1_200' title='bbox 3583 1256 3631 1310; x_wconf 83' lang='grc' dir='ltr'><strong>οἰ</strong></span> 
     </span>
    </p>
   </div>
   <div class='ocr_carea' id='block_1_25' title="bbox 2052 1350 3631 1437">
    <p class='ocr_par' dir='ltr' id='par_1_25' title="bbox 2052 1350 3631 1437">
     <span class='ocr_line' id='line_1_25' title="bbox 2052 1350 3631 1437; baseline -0.011 -18"><span class='ocrx_word' id='word_1_201' title='bbox 2052 1365 2290 1437; x_wconf 84' lang='grc' dir='ltr'>βασιλεῖς</span> <span class='ocrx_word' id='word_1_202' title='bbox 2336 1365 2397 1417; x_wconf 78' lang='grc' dir='ltr'><strong>οὐ</strong></span> <span class='ocrx_word' id='word_1_203' title='bbox 2430 1364 2518 1417; x_wconf 89' lang='grc' dir='ltr'><strong>διά</strong></span> <span class='ocrx_word' id='word_1_204' title='bbox 2558 1362 2619 1416; x_wconf 83' lang='grc' dir='ltr'><strong>τὸ</strong></span> <span class='ocrx_word' id='word_1_205' title='bbox 2665 1360 2810 1431; x_wconf 76' lang='grc' dir='ltr'>ἔχειν</span> <span class='ocrx_word' id='word_1_206' title='bbox 2858 1358 3043 1410; x_wconf 78' lang='grc' dir='ltr'>εἰκόνα</span> <span class='ocrx_word' id='word_1_207' title='bbox 3074 1354 3167 1408; x_wconf 87' lang='grc' dir='ltr'><strong>δύο</strong></span> <span class='ocrx_word' id='word_1_208' title='bbox 3210 1352 3319 1406; x_wconf 71' lang='grc' dir='ltr'>εἰσὶ</span> <span class='ocrx_word' id='word_1_209' title='bbox 3354 1350 3631 1421; x_wconf 75' lang='grc' dir='ltr'>βασιλεῖς,</span> 
     </span>
    </p>
   </div>
   <div class='ocr_carea' id='block_1_26' title="bbox 2050 1443 3630 1527">
    <p class='ocr_par' dir='ltr' id='par_1_26' title="bbox 2050 1443 3630 1527">
     <span class='ocr_line' id='line_1_26' title="bbox 2050 1443 3630 1527; baseline -0.009 -16"><span class='ocrx_word' id='word_1_210' title='bbox 2050 1456 2187 1511; x_wconf 91' lang='grc' dir='ltr'><strong>ἀλλά</strong></span> <span class='ocrx_word' id='word_1_211' title='bbox 2239 1454 2493 1527; x_wconf 77' lang='grc' dir='ltr'>βασιλεὺς</span> <span class='ocrx_word' id='word_1_212' title='bbox 2541 1448 2623 1517; x_wconf 76' lang='grc' dir='ltr'>εἷς</span> <span class='ocrx_word' id='word_1_213' title='bbox 2671 1453 2769 1505; x_wconf 78' lang='grc' dir='ltr'><strong>σὺν</strong></span> <span class='ocrx_word' id='word_1_214' title='bbox 2811 1453 2878 1521; x_wconf 79' lang='grc' dir='ltr'>τῇ</span> <span class='ocrx_word' id='word_1_215' title='bbox 2930 1448 3102 1501; x_wconf 87' lang='grc' dir='ltr'>εἰκόνι</span> <span class='ocrx_word' id='word_1_216' title='bbox 3160 1446 3281 1518; x_wconf 84' lang='grc' dir='ltr'>(εἰς</span> <span class='ocrx_word' id='word_1_217' title='bbox 3330 1443 3630 1515; x_wconf 80' lang='grc' dir='ltr'>βασιλεῖς).</span> 
     </span>
    </p>
   </div>
   <div class='ocr_carea' id='block_1_27' title="bbox 2052 1534 3638 1621">
    <p class='ocr_par' dir='ltr' id='par_1_27' title="bbox 2052 1534 3638 1621">
     <span class='ocr_line' id='line_1_27' title="bbox 2052 1534 3638 1621; baseline -0.011 -17"><span class='ocrx_word' id='word_1_218' title='bbox 2052 1551 2187 1621; x_wconf 78' lang='grc' dir='ltr'><strong>Οὐχὶ</strong></span> <span class='ocrx_word' id='word_1_219' title='bbox 2209 1551 2268 1602; x_wconf 75' lang='grc' dir='ltr'><strong>έν</strong></span> <span class='ocrx_word' id='word_1_220' title='bbox 2302 1566 2355 1602; x_wconf 89' lang='grc' dir='ltr'><strong>τι</strong></span> <span class='ocrx_word' id='word_1_221' title='bbox 2390 1550 2453 1601; x_wconf 82' lang='grc' dir='ltr'>ὲκ</span> <span class='ocrx_word' id='word_1_222' title='bbox 2494 1546 2587 1600; x_wconf 87' lang='grc' dir='ltr'><strong>δύο</strong></span> <span class='ocrx_word' id='word_1_223' title='bbox 2624 1544 2808 1616; x_wconf 85' lang='grc' dir='ltr'>μερῶν</span> <span class='ocrx_word' id='word_1_224' title='bbox 2840 1541 3029 1604; x_wconf 81' lang='grc' dir='ltr'>ἀτελὲς</span> <span class='ocrx_word' id='word_1_225' title='bbox 3069 1540 3342 1609; x_wconf 82' lang='grc' dir='ltr'>ὑπάρχον’</span> <span class='ocrx_word' id='word_1_226' title='bbox 3382 1536 3519 1590; x_wconf 87' lang='grc' dir='ltr'><strong>ἀλλά</strong></span> <span class='ocrx_word' id='word_1_227' title='bbox 3548 1534 3638 1588; x_wconf 82' lang='grc' dir='ltr'>τέ·-</span> 
     </span>
    </p>
   </div>
   <div class='ocr_carea' id='block_1_28' title="bbox 2051 1627 3637 1711">
    <p class='ocr_par' dir='ltr' id='par_1_28' title="bbox 2051 1627 3637 1711">
     <span class='ocr_line' id='line_1_28' title="bbox 2051 1627 3637 1711; baseline -0.01 -15"><span class='ocrx_word' id='word_1_228' title='bbox 2051 1642 2192 1706; x_wconf 89' lang='grc' dir='ltr'>λειος</span> <span class='ocrx_word' id='word_1_229' title='bbox 2237 1643 2266 1694; x_wconf 93' lang='lat'><strong>6</strong></span> <span class='ocrx_word' id='word_1_230' title='bbox 2312 1639 2522 1711; x_wconf 80' lang='grc' dir='ltr'>Πατὴρ,</span> <span class='ocrx_word' id='word_1_231' title='bbox 2568 1638 2773 1700; x_wconf 81' lang='grc' dir='ltr'>τέλειος</span> <span class='ocrx_word' id='word_1_232' title='bbox 2831 1636 2861 1688; x_wconf 89' lang='lat'><strong>6</strong></span> <span class='ocrx_word' id='word_1_233' title='bbox 2900 1633 3062 1697; x_wconf 83' lang='grc' dir='ltr'>Υίὸς,</span> <span class='ocrx_word' id='word_1_234' title='bbox 3111 1631 3315 1686; x_wconf 80' lang='grc' dir='ltr'>τέλειον</span> <span class='ocrx_word' id='word_1_235' title='bbox 3365 1629 3428 1682; x_wconf 82' lang='grc' dir='ltr'>τὺ</span> <span class='ocrx_word' id='word_1_236' title='bbox 3482 1627 3637 1697; x_wconf 80' lang='grc' dir='ltr'>ἆγιον</span> 
     </span>
    </p>
   </div>
   <div class='ocr_carea' id='block_1_29' title="bbox 2052 1718 3639 1803">
    <p class='ocr_par' dir='ltr' id='par_1_29' title="bbox 2052 1718 3639 1803">
     <span class='ocr_line' id='line_1_29' title="bbox 2052 1718 3639 1803; baseline -0.011 -16"><span class='ocrx_word' id='word_1_237' title='bbox 2052 1732 2297 1803; x_wconf 85' lang='grc' dir='ltr'>Πνεῦμα.</span> <span class='ocrx_word' id='word_1_238' title='bbox 2347 1729 2495 1801; x_wconf 70' lang='grc' dir='ltr'><strong>Ἐγὼ</strong></span> <span class='ocrx_word' id='word_1_239' title='bbox 2530 1729 2639 1799; x_wconf 76' lang='grc' dir='ltr'>γὰρ</span> <span class='ocrx_word' id='word_1_240' title='bbox 2676 1727 2745 1781; x_wconf 78' lang='grc' dir='ltr'><strong>ἐν</strong></span> <span class='ocrx_word' id='word_1_241' title='bbox 2772 1725 2853 1791; x_wconf 85' lang='grc' dir='ltr'>τῷ</span> <span class='ocrx_word' id='word_1_242' title='bbox 2888 1724 3073 1791; x_wconf 83' lang='grc' dir='ltr'>Πατρί</span> <span class='ocrx_word' id='word_1_243' title='bbox 3084 1738 3097 1751; x_wconf 70' lang='grc'><strong>⁸</strong></span> <span class='ocrx_word' id='word_1_244' title='bbox 3130 1722 3229 1792; x_wconf 79' lang='grc' dir='ltr'>οὐχ</span> <span class='ocrx_word' id='word_1_245' title='bbox 3265 1720 3342 1783; x_wconf 83' lang='grc' dir='ltr'>ὡς</span> <span class='ocrx_word' id='word_1_246' title='bbox 3374 1718 3532 1787; x_wconf 90' lang='grc' dir='ltr'>λόγος</span> <span class='ocrx_word' id='word_1_247' title='bbox 3581 1719 3639 1771; x_wconf 77' lang='grc' dir='ltr'>ἐν</span> 
     </span>
    </p>
   </div>
   <div class='ocr_carea' id='block_1_30' title="bbox 357 1798 1959 1898">
    <p class='ocr_par' dir='ltr' id='par_1_30' title="bbox 357 1798 1946 1897">
     <span class='ocr_line' id='line_1_30' title="bbox 357 1798 1946 1897; baseline -0.007 -16"><span class='ocrx_word' id='word_1_248' title='bbox 357 1826 470 1897; x_wconf 83' lang='lat' dir='ltr'><strong>Ego</strong></span> <span class='ocrx_word' id='word_1_249' title='bbox 504 1827 667 1893; x_wconf 88' lang='lat' dir='ltr'><strong>enim,</strong></span> <span class='ocrx_word' id='word_1_250' title='bbox 704 1825 904 1895; x_wconf 88' lang='lat' dir='ltr'><strong>inquit,</strong></span> <span class='ocrx_word' id='word_1_251' title='bbox 939 1826 992 1878; x_wconf 79' lang='lat' dir='ltr'><strong>in</strong></span> <span class='ocrx_word' id='word_1_252' title='bbox 1023 1824 1187 1878; x_wconf 80' lang='lat' dir='ltr'><strong>Patre</strong></span> <span class='ocrx_word' id='word_1_253' title='bbox 1221 1826 1259 1889; x_wconf 86' lang='grc'>¹,</span> <span class='ocrx_word' id='word_1_254' title='bbox 1300 1838 1408 1876; x_wconf 83' lang='grc' dir='ltr'>ιιοη</span> <span class='ocrx_word' id='word_1_255' title='bbox 1437 1798 1506 1875; x_wconf 81' lang='lat' dir='ltr'><strong>ad</strong></span> <span class='ocrx_word' id='word_1_256' title='bbox 1538 1836 1663 1876; x_wconf 90' lang='lat' dir='ltr'><strong>eum</strong></span> <span class='ocrx_word' id='word_1_257' title='bbox 1702 1820 1946 1881; x_wconf 90' lang='lat' dir='ltr'><strong>modum,</strong></span> 
     </span>
    </p>
   </div>
   <div class='ocr_carea' id='block_1_31' title="bbox 2068 1798 3639 1898">
    <p class='ocr_par' dir='ltr' id='par_1_31' title="bbox 2068 1798 3639 1898">
     <span class='ocr_line' id='line_1_31' title="bbox 2068 1798 3639 1898; baseline -0.01 -19"><span class='ocrx_word' id='word_1_258' title='bbox 2068 1798 2250 1898; x_wconf 78' lang='grc' dir='ltr'>ιαρδίᾳ</span> <span class='ocrx_word' id='word_1_259' title='bbox 2281 1798 2571 1893; x_wconf 66' lang='grc' dir='ltr'>ἀνθρώπου</span> <span class='ocrx_word' id='word_1_260' title='bbox 2596 1834 2612 1850; x_wconf 73' lang='grc' dir='ltr'><strong>ο</strong></span> <span class='ocrx_word' id='word_1_261' title='bbox 2651 1818 2788 1874; x_wconf 91' lang='grc' dir='ltr'><strong>ἀλλά</strong></span> <span class='ocrx_word' id='word_1_262' title='bbox 2823 1816 3041 1887; x_wconf 83' lang='grc' dir='ltr'>Πατέρα</span> <span class='ocrx_word' id='word_1_263' title='bbox 3079 1815 3299 1885; x_wconf 79' lang='grc' dir='ltr'>οἴδαμεν</span> <span class='ocrx_word' id='word_1_264' title='bbox 3324 1811 3515 1882; x_wconf 76' lang='grc' dir='ltr'>νοητὸν</span> <span class='ocrx_word' id='word_1_265' title='bbox 3542 1812 3639 1864; x_wconf 69' lang='grc' dir='ltr'><strong>σῦν</strong></span> 
     </span>
    </p>
   </div>
   <div class='ocr_carea' id='block_1_32' title="bbox 355 1911 1949 1990">
    <p class='ocr_par' dir='ltr' id='par_1_32' title="bbox 355 1911 1949 1990">
     <span class='ocr_line' id='line_1_32' title="bbox 355 1911 1949 1990; baseline -0.006 -16"><span class='ocrx_word' id='word_1_266' title='bbox 355 1936 468 1990; x_wconf 91' lang='lat' dir='ltr'><strong>quo</strong></span> <span class='ocrx_word' id='word_1_267' title='bbox 492 1920 548 1973; x_wconf 89' lang='lat' dir='ltr'><strong>in</strong></span> <span class='ocrx_word' id='word_1_268' title='bbox 580 1918 818 1973; x_wconf 90' lang='lat' dir='ltr'><strong>hominis</strong></span> <span class='ocrx_word' id='word_1_269' title='bbox 850 1915 1018 1971; x_wconf 91' lang='lat' dir='ltr'><strong>corde</strong></span> <span class='ocrx_word' id='word_1_270' title='bbox 1059 1930 1242 1971; x_wconf 77' lang='lat' dir='ltr'><strong>sermo</strong></span> <span class='ocrx_word' id='word_1_271' title='bbox 1270 1923 1391 1978; x_wconf 91' lang='lat' dir='ltr'><strong>est,</strong></span> <span class='ocrx_word' id='word_1_272' title='bbox 1421 1913 1518 1969; x_wconf 86' lang='lat' dir='ltr'><strong>sed</strong></span> <span class='ocrx_word' id='word_1_273' title='bbox 1553 1911 1949 1982; x_wconf 86' lang='lat' dir='ltr'><strong>intelligibilem</strong></span> 
     </span>
    </p>
   </div>
   <div class='ocr_carea' id='block_1_33' title="bbox 355 2005 1953 2076">
    <p class='ocr_par' dir='ltr' id='par_1_33' title="bbox 355 2005 1953 2076">
     <span class='ocr_line' id='line_1_33' title="bbox 355 2005 1953 2076; baseline -0.007 -9"><span class='ocrx_word' id='word_1_274' title='bbox 355 2030 483 2069; x_wconf 90' lang='lat' dir='ltr'><strong>cum</strong></span> <span class='ocrx_word' id='word_1_275' title='bbox 525 2011 667 2065; x_wconf 88' lang='lat' dir='ltr'><strong>Filio</strong></span> <span class='ocrx_word' id='word_1_276' title='bbox 695 2010 915 2064; x_wconf 86' lang='lat' dir='ltr'><strong>Patrem</strong></span> <span class='ocrx_word' id='word_1_277' title='bbox 942 2016 996 2064; x_wconf 92' lang='lat' dir='ltr'><strong>et</strong></span> <span class='ocrx_word' id='word_1_278' title='bbox 1027 2007 1226 2062; x_wconf 87' lang='lat' dir='ltr'><strong>Filium</strong></span> <span class='ocrx_word' id='word_1_279' title='bbox 1259 2022 1288 2059; x_wconf 92' lang='lat' dir='ltr'><strong>a</strong></span> <span class='ocrx_word' id='word_1_280' title='bbox 1320 2006 1482 2060; x_wconf 88' lang='lat' dir='ltr'><strong>Patre</strong></span> <span class='ocrx_word' id='word_1_281' title='bbox 1522 2005 1767 2076; x_wconf 89' lang='lat' dir='ltr'><strong>genitum</strong></span> <span class='ocrx_word' id='word_1_282' title='bbox 1801 2018 1953 2057; x_wconf 89' lang='lat' dir='ltr'><strong>asse-</strong></span> 
     </span>
    </p>
   </div>
   <div class='ocr_carea' id='block_1_34' title="bbox 358 2093 1951 2172">
    <p class='ocr_par' dir='ltr' id='par_1_34' title="bbox 358 2093 1951 2172">
     <span class='ocr_line' id='line_1_34' title="bbox 358 2093 1951 2172; baseline -0.006 -13"><span class='ocrx_word' id='word_1_283' title='bbox 358 2106 556 2159; x_wconf 87' lang='lat' dir='ltr'><strong>rimus.</strong></span> <span class='ocrx_word' id='word_1_284' title='bbox 598 2102 958 2172; x_wconf 85' lang='lat' dir='ltr'><strong>Nequaquam</strong></span> <span class='ocrx_word' id='word_1_285' title='bbox 999 2115 1131 2154; x_wconf 91' lang='lat' dir='ltr'><strong>vero</strong></span> <span class='ocrx_word' id='word_1_286' title='bbox 1181 2098 1327 2153; x_wconf 88' lang='lat' dir='ltr'><strong>Deus</strong></span> <span class='ocrx_word' id='word_1_287' title='bbox 1364 2098 1454 2152; x_wconf 90' lang='lat' dir='ltr'><strong>ille</strong></span> <span class='ocrx_word' id='word_1_288' title='bbox 1474 2095 1716 2152; x_wconf 77' lang='lat' dir='ltr'><strong>Verbum</strong></span> <span class='ocrx_word' id='word_1_289' title='bbox 1760 2093 1815 2149; x_wconf 91' lang='lat' dir='ltr'><strong>in</strong></span> <span class='ocrx_word' id='word_1_290' title='bbox 1849 2094 1951 2149; x_wconf 92' lang='lat' dir='ltr'><strong>ho-</strong></span> 
     </span>
    </p>
   </div>
   <div class='ocr_carea' id='block_1_35' title="bbox 359 2184 1953 2258">
    <p class='ocr_par' dir='ltr' id='par_1_35' title="bbox 359 2184 1953 2258">
     <span class='ocr_line' id='line_1_35' title="bbox 359 2184 1953 2258; baseline -0.005 -10"><span class='ocrx_word' id='word_1_291' title='bbox 359 2195 564 2249; x_wconf 90' lang='lat' dir='ltr'><strong>minem</strong></span> <span class='ocrx_word' id='word_1_292' title='bbox 600 2193 753 2248; x_wconf 91' lang='lat' dir='ltr'><strong>velut</strong></span> <span class='ocrx_word' id='word_1_293' title='bbox 784 2192 838 2245; x_wconf 91' lang='lat' dir='ltr'><strong>in</strong></span> <span class='ocrx_word' id='word_1_294' title='bbox 869 2190 1215 2244; x_wconf 88' lang='lat' dir='ltr'><strong>domicilium</strong></span> <span class='ocrx_word' id='word_1_295' title='bbox 1249 2186 1523 2258; x_wconf 82' lang='lat' dir='ltr'><strong>qtioddam</strong></span> <span class='ocrx_word' id='word_1_296' title='bbox 1561 2185 1730 2241; x_wconf 88' lang='lat' dir='ltr'><strong>subiit</strong></span> <span class='ocrx_word' id='word_1_297' title='bbox 1767 2203 1781 2238; x_wconf 72' lang='grc' dir='ltr'>ε</span> <span class='ocrx_word' id='word_1_298' title='bbox 1816 2184 1953 2240; x_wconf 90' lang='lat' dir='ltr'><strong>adeo</strong></span> 
     </span>
    </p>
   </div>
   <div class='ocr_carea' id='block_1_36' title="bbox 361 2275 1954 2355">
    <p class='ocr_par' dir='ltr' id='par_1_36' title="bbox 361 2275 1954 2355">
     <span class='ocr_line' id='line_1_36' title="bbox 361 2275 1954 2355; baseline -0.008 -16"><span class='ocrx_word' id='word_1_299' title='bbox 361 2293 447 2343; x_wconf 85' lang='lat' dir='ltr'><strong>ut.</strong></span> <span class='ocrx_word' id='word_1_300' title='bbox 483 2291 843 2355; x_wconf 89' lang='lat' dir='ltr'><strong>posteaquam</strong></span> <span class='ocrx_word' id='word_1_301' title='bbox 873 2281 1041 2336; x_wconf 89' lang='lat' dir='ltr'><strong>homo</strong></span> <span class='ocrx_word' id='word_1_302' title='bbox 1062 2279 1282 2351; x_wconf 81' lang='lat' dir='ltr'><strong>genitus</strong></span> <span class='ocrx_word' id='word_1_303' title='bbox 1315 2284 1418 2344; x_wconf 89' lang='lat' dir='ltr'><strong>est,</strong></span> <span class='ocrx_word' id='word_1_304' title='bbox 1454 2275 1771 2347; x_wconf 88' lang='lat' dir='ltr'><strong>apparuerit</strong></span> <span class='ocrx_word' id='word_1_305' title='bbox 1805 2275 1859 2329; x_wconf 91' lang='lat' dir='ltr'><strong>in</strong></span> <span class='ocrx_word' id='word_1_306' title='bbox 1889 2289 1954 2328; x_wconf 85' lang='lat' dir='ltr'><strong>eo</strong></span> 
     </span>
    </p>
   </div>
   <div class='ocr_carea' id='block_1_37' title="bbox 362 2364 1953 2444">
    <p class='ocr_par' dir='ltr' id='par_1_37' title="bbox 362 2364 1953 2444">
     <span class='ocr_line' id='line_1_37' title="bbox 362 2364 1953 2444; baseline -0.009 -13"><span class='ocrx_word' id='word_1_307' title='bbox 362 2375 629 2439; x_wconf 81' lang='lat' dir='ltr'><strong>Verbum,</strong></span> <span class='ocrx_word' id='word_1_308' title='bbox 660 2372 809 2444; x_wconf 88' lang='lat' dir='ltr'><strong>quod</strong></span> <span class='ocrx_word' id='word_1_309' title='bbox 853 2372 908 2426; x_wconf 93' lang='lat' dir='ltr'><strong>in</strong></span> <span class='ocrx_word' id='word_1_310' title='bbox 949 2373 1091 2426; x_wconf 70' lang='lat' dir='ltr'><strong>cmlo</strong></span> <span class='ocrx_word' id='word_1_311' title='bbox 1131 2378 1396 2441; x_wconf 71' lang='lat' dir='ltr'><strong>praeterea</strong></span> <span class='ocrx_word' id='word_1_312' title='bbox 1441 2368 1522 2423; x_wconf 91' lang='lat' dir='ltr'><strong>sic</strong></span> <span class='ocrx_word' id='word_1_313' title='bbox 1549 2405 1564 2431; x_wconf 92' lang='lat'><strong>,</strong></span> <span class='ocrx_word' id='word_1_314' title='bbox 1596 2374 1858 2437; x_wconf 90' lang='lat' dir='ltr'><strong>tanquam</strong></span> <span class='ocrx_word' id='word_1_315' title='bbox 1900 2364 1953 2418; x_wconf 93' lang='lat' dir='ltr'><strong>in</strong></span> 
     </span>
    </p>
   </div>
   <div class='ocr_carea' id='block_1_38' title="bbox 364 2457 1956 2528">
    <p class='ocr_par' dir='ltr' id='par_1_38' title="bbox 364 2457 1956 2528">
     <span class='ocr_line' id='line_1_38' title="bbox 364 2457 1956 2528; baseline -0.008 -6"><span class='ocrx_word' id='word_1_316' title='bbox 364 2467 608 2522; x_wconf 84' lang='lat' dir='ltr'><strong>hominis</strong></span> <span class='ocrx_word' id='word_1_317' title='bbox 636 2463 804 2520; x_wconf 88' lang='lat' dir='ltr'><strong>corde</strong></span> <span class='ocrx_word' id='word_1_318' title='bbox 834 2477 1018 2520; x_wconf 89' lang='lat' dir='ltr'><strong>sermo</strong></span> <span class='ocrx_word' id='word_1_319' title='bbox 1042 2504 1057 2528; x_wconf 95' lang='lat'><strong>,</strong></span> <span class='ocrx_word' id='word_1_320' title='bbox 1097 2463 1305 2517; x_wconf 90' lang='lat' dir='ltr'><strong>inesset</strong></span> <span class='ocrx_word' id='word_1_321' title='bbox 1343 2460 1397 2515; x_wconf 95' lang='lat' dir='ltr'><strong>in</strong></span> <span class='ocrx_word' id='word_1_322' title='bbox 1432 2458 1617 2515; x_wconf 86' lang='lat' dir='ltr'><strong>Patre.</strong></span> <span class='ocrx_word' id='word_1_323' title='bbox 1649 2457 1776 2513; x_wconf 71' lang='lat' dir='ltr'><strong>Haec</strong></span> <span class='ocrx_word' id='word_1_324' title='bbox 1809 2457 1956 2511; x_wconf 89' lang='lat' dir='ltr'><strong>enim</strong></span> 
     </span>
    </p>
   </div>
   <div class='ocr_carea' id='block_1_39' title="bbox 364 2550 1953 2632">
    <p class='ocr_par' dir='ltr' id='par_1_39' title="bbox 364 2550 1953 2632">
     <span class='ocr_line' id='line_1_39' title="bbox 364 2550 1953 2632; baseline -0.008 -16"><span class='ocrx_word' id='word_1_325' title='bbox 364 2562 618 2632; x_wconf 86' lang='lat' dir='ltr'><strong>dogmata</strong></span> <span class='ocrx_word' id='word_1_326' title='bbox 672 2575 740 2614; x_wconf 84' lang='lat' dir='ltr'><strong>ex</strong></span> <span class='ocrx_word' id='word_1_327' title='bbox 800 2556 1010 2612; x_wconf 82' lang='lat' dir='ltr'><strong>furioso</strong></span> <span class='ocrx_word' id='word_1_328' title='bbox 1062 2555 1328 2609; x_wconf 67' lang='lat' dir='ltr'><strong>daemonis</strong></span> <span class='ocrx_word' id='word_1_329' title='bbox 1374 2552 1557 2607; x_wconf 78' lang='lat' dir='ltr'><strong>afﬂatu</strong></span> <span class='ocrx_word' id='word_1_330' title='bbox 1604 2550 1953 2623; x_wconf 83' lang='lat' dir='ltr'><strong>prodierunt,</strong></span> 
     </span>
    </p>
   </div>
   <div class='ocr_carea' id='block_1_40' title="bbox 364 2644 1777 2724">
    <p class='ocr_par' dir='ltr' id='par_1_40' title="bbox 364 2644 1777 2724">
     <span class='ocr_line' id='line_1_40' title="bbox 364 2644 1777 2724; baseline -0.006 -16"><span class='ocrx_word' id='word_1_331' title='bbox 364 2652 734 2724; x_wconf 78' lang='lat' dir='ltr'><strong>abnegatique</strong></span> <span class='ocrx_word' id='word_1_332' title='bbox 760 2649 1010 2705; x_wconf 85' lang='lat' dir='ltr'><strong>funditus</strong></span> <span class='ocrx_word' id='word_1_333' title='bbox 1037 2647 1131 2702; x_wconf 92' lang='lat' dir='ltr'><strong>Dei</strong></span> <span class='ocrx_word' id='word_1_334' title='bbox 1159 2655 1319 2701; x_wconf 91' lang='lat' dir='ltr'><strong>notas</strong></span> <span class='ocrx_word' id='word_1_335' title='bbox 1343 2660 1454 2717; x_wconf 66' lang='lat' dir='ltr'><strong>pra:</strong></span> <span class='ocrx_word' id='word_1_336' title='bbox 1484 2660 1545 2701; x_wconf 88' lang='lat' dir='ltr'><strong>se</strong></span> <span class='ocrx_word' id='word_1_337' title='bbox 1574 2644 1777 2700; x_wconf 86' lang='lat' dir='ltr'><strong>ferunt.</strong></span> 
     </span>
    </p>
   </div>
   <div class='ocr_carea' id='block_1_41' title="bbox 434 2734 1958 2814">
    <p class='ocr_par' dir='ltr' id='par_1_41' title="bbox 434 2734 1958 2814">
     <span class='ocr_line' id='line_1_41' title="bbox 434 2734 1958 2814; baseline -0.007 -14"><span class='ocrx_word' id='word_1_338' title='bbox 434 2745 528 2799; x_wconf 84' lang='lat' dir='ltr'><strong>IX.</strong></span> <span class='ocrx_word' id='word_1_339' title='bbox 569 2746 705 2800; x_wconf 82' lang='lat' dir='ltr'><strong>Cum</strong></span> <span class='ocrx_word' id='word_1_340' title='bbox 745 2744 911 2814; x_wconf 90' lang='lat' dir='ltr'><strong>igitur</strong></span> <span class='ocrx_word' id='word_1_341' title='bbox 938 2756 1111 2812; x_wconf 90' lang='lat' dir='ltr'><strong>pauca</strong></span> <span class='ocrx_word' id='word_1_342' title='bbox 1143 2740 1282 2802; x_wconf 75' lang='lat' dir='ltr'><strong>haec,</strong></span> <span class='ocrx_word' id='word_1_343' title='bbox 1312 2754 1435 2810; x_wconf 70' lang='lat' dir='ltr'><strong>qua:</strong></span> <span class='ocrx_word' id='word_1_344' title='bbox 1466 2738 1733 2792; x_wconf 89' lang='lat' dir='ltr'><strong>hactenus</strong></span> <span class='ocrx_word' id='word_1_345' title='bbox 1767 2734 1958 2806; x_wconf 90' lang='lat' dir='ltr'><strong>dispu-</strong></span> 
     </span>
    </p>
   </div>
   <div class='ocr_carea' id='block_1_42' title="bbox 366 2829 1959 2904">
    <p class='ocr_par' dir='ltr' id='par_1_42' title="bbox 366 2829 1959 2904">
     <span class='ocr_line' id='line_1_42' title="bbox 366 2829 1959 2904; baseline -0.006 -12"><span class='ocrx_word' id='word_1_346' title='bbox 366 2838 645 2904; x_wconf 89' lang='lat' dir='ltr'><strong>tavimus,</strong></span> <span class='ocrx_word' id='word_1_347' title='bbox 697 2836 763 2890; x_wconf 89' lang='lat' dir='ltr'><strong>ad</strong></span> <span class='ocrx_word' id='word_1_348' title='bbox 820 2836 969 2890; x_wconf 90' lang='lat' dir='ltr'><strong>illius</strong></span> <span class='ocrx_word' id='word_1_349' title='bbox 1018 2831 1415 2887; x_wconf 89' lang='lat' dir='ltr'><strong>confutandam</strong></span> <span class='ocrx_word' id='word_1_350' title='bbox 1465 2831 1717 2886; x_wconf 74' lang='lat' dir='ltr'><strong>haeresim</strong></span> <span class='ocrx_word' id='word_1_351' title='bbox 1766 2829 1959 2883; x_wconf 88' lang='lat' dir='ltr'><strong>idonea</strong></span> 
     </span>
    </p>
   </div>
   <div class='ocr_carea' id='block_1_43' title="bbox 365 2920 1960 2998">
    <p class='ocr_par' dir='ltr' id='par_1_43' title="bbox 365 2920 1960 2998">
     <span class='ocr_line' id='line_1_43' title="bbox 365 2920 1960 2998; baseline -0.006 -15"><span class='ocrx_word' id='word_1_352' title='bbox 365 2944 491 2984; x_wconf 87' lang='lat' dir='ltr'><strong>esse</strong></span> <span class='ocrx_word' id='word_1_353' title='bbox 550 2927 892 2998; x_wconf 89' lang='lat' dir='ltr'><strong>judicemus;</strong></span> <span class='ocrx_word' id='word_1_354' title='bbox 946 2940 1123 2994; x_wconf 91' lang='lat' dir='ltr'><strong>neque</strong></span> <span class='ocrx_word' id='word_1_355' title='bbox 1168 2924 1317 2977; x_wconf 89' lang='lat' dir='ltr'><strong>enim</strong></span> <span class='ocrx_word' id='word_1_356' title='bbox 1371 2928 1687 2993; x_wconf 86' lang='lat' dir='ltr'><strong>expugnatu</strong></span> <span class='ocrx_word' id='word_1_357' title='bbox 1726 2920 1960 2975; x_wconf 71' lang='lat' dir='ltr'><strong>difficilis</strong></span> 
     </span>
    </p>
   </div>
   <div class='ocr_carea' id='block_1_44' title="bbox 366 3013 1961 3087">
    <p class='ocr_par' dir='ltr' id='par_1_44' title="bbox 366 3013 1961 3087">
     <span class='ocr_line' id='line_1_44' title="bbox 366 3013 1961 3087; baseline -0.006 -11"><span class='ocrx_word' id='word_1_358' title='bbox 366 3021 585 3076; x_wconf 89' lang='lat' dir='ltr'><strong>illorum</strong></span> <span class='ocrx_word' id='word_1_359' title='bbox 626 3021 710 3074; x_wconf 87' lang='lat' dir='ltr'><strong>vis</strong></span> <span class='ocrx_word' id='word_1_360' title='bbox 740 3030 855 3083; x_wconf 91' lang='lat' dir='ltr'><strong>est,</strong></span> <span class='ocrx_word' id='word_1_361' title='bbox 891 3033 993 3072; x_wconf 87' lang='lat' dir='ltr'><strong>nec</strong></span> <span class='ocrx_word' id='word_1_362' title='bbox 1019 3016 1317 3087; x_wconf 88' lang='lat' dir='ltr'><strong>ejusmodi,</strong></span> <span class='ocrx_word' id='word_1_363' title='bbox 1358 3016 1584 3070; x_wconf 90' lang='lat' dir='ltr'><strong>minime</strong></span> <span class='ocrx_word' id='word_1_364' title='bbox 1626 3020 1686 3067; x_wconf 90' lang='lat' dir='ltr'><strong>ut</strong></span> <span class='ocrx_word' id='word_1_365' title='bbox 1720 3013 1961 3085; x_wconf 89' lang='lat' dir='ltr'><strong>pruden-</strong></span> 
     </span>
    </p>
   </div>
   <div class='ocr_carea' id='block_1_45' title="bbox 368 3106 1961 3178">
    <p class='ocr_par' dir='ltr' id='par_1_45' title="bbox 368 3106 1961 3178">
     <span class='ocr_line' id='line_1_45' title="bbox 368 3106 1961 3178; baseline -0.002 -14"><span class='ocrx_word' id='word_1_366' title='bbox 368 3113 517 3166; x_wconf 88' lang='lat' dir='ltr'><strong>tibus</strong></span> <span class='ocrx_word' id='word_1_367' title='bbox 534 3111 791 3165; x_wconf 91' lang='lat' dir='ltr'><strong>omnibus</strong></span> <span class='ocrx_word' id='word_1_368' title='bbox 823 3111 999 3178; x_wconf 89' lang='lat' dir='ltr'><strong>possit</strong></span> <span class='ocrx_word' id='word_1_369' title='bbox 1028 3109 1235 3175; x_wconf 81' lang='lat' dir='ltr'><strong>everti;</strong></span> <span class='ocrx_word' id='word_1_370' title='bbox 1264 3122 1412 3175; x_wconf 89' lang='lat' dir='ltr'><strong>cum,</strong></span> <span class='ocrx_word' id='word_1_371' title='bbox 1433 3108 1679 3177; x_wconf 90' lang='lat' dir='ltr'><strong>inquam,</strong></span> <span class='ocrx_word' id='word_1_372' title='bbox 1714 3106 1961 3161; x_wconf 79' lang='lat' dir='ltr'><strong>veritatis</strong></span> 
     </span>
    </p>
   </div>
   <div class='ocr_carea' id='block_1_46' title="bbox 368 3196 1963 3271">
    <p class='ocr_par' dir='ltr' id='par_1_46' title="bbox 368 3196 1963 3271">
     <span class='ocr_line' id='line_1_46' title="bbox 368 3196 1963 3271; baseline -0.005 -14"><span class='ocrx_word' id='word_1_373' title='bbox 368 3202 624 3271; x_wconf 87' lang='lat' dir='ltr'><strong>dogmate</strong></span> <span class='ocrx_word' id='word_1_374' title='bbox 654 3201 1019 3270; x_wconf 89' lang='lat' dir='ltr'><strong>doctrinaque</strong></span> <span class='ocrx_word' id='word_1_375' title='bbox 1050 3200 1337 3269; x_wconf 88' lang='lat' dir='ltr'><strong>spinarum</strong></span> <span class='ocrx_word' id='word_1_376' title='bbox 1387 3197 1535 3252; x_wconf 89' lang='lat' dir='ltr'><strong>illius</strong></span> <span class='ocrx_word' id='word_1_377' title='bbox 1565 3196 1780 3252; x_wconf 88' lang='lat' dir='ltr'><strong>radices</strong></span> <span class='ocrx_word' id='word_1_378' title='bbox 1814 3197 1963 3251; x_wconf 55' lang='lat' dir='ltr'><strong>exci-</strong></span> 
     </span>
    </p>
   </div>
   <div class='ocr_carea' id='block_1_47' title="bbox 369 3289 1961 3363">
    <p class='ocr_par' dir='ltr' id='par_1_47' title="bbox 369 3289 1961 3363">
     <span class='ocr_line' id='line_1_47' title="bbox 369 3289 1961 3363; baseline -0.004 -13"><span class='ocrx_word' id='word_1_379' title='bbox 369 3294 636 3361; x_wconf 89' lang='lat' dir='ltr'><strong>derimus,</strong></span> <span class='ocrx_word' id='word_1_380' title='bbox 670 3293 935 3363; x_wconf 85' lang='lat' dir='ltr'><strong>ejusque,</strong></span> <span class='ocrx_word' id='word_1_381' title='bbox 974 3299 1034 3345; x_wconf 92' lang='lat' dir='ltr'><strong>ut</strong></span> <span class='ocrx_word' id='word_1_382' title='bbox 1073 3292 1149 3345; x_wconf 90' lang='lat' dir='ltr'><strong>ita</strong></span> <span class='ocrx_word' id='word_1_383' title='bbox 1184 3290 1365 3345; x_wconf 92' lang='lat' dir='ltr'><strong>dicam</strong></span> <span class='ocrx_word' id='word_1_384' title='bbox 1389 3330 1404 3356; x_wconf 94' lang='lat'><strong>,</strong></span> <span class='ocrx_word' id='word_1_385' title='bbox 1439 3290 1591 3345; x_wconf 89' lang='lat' dir='ltr'><strong>virus</strong></span> <span class='ocrx_word' id='word_1_386' title='bbox 1631 3289 1961 3345; x_wconf 87' lang='lat' dir='ltr'><strong>exstinxeri-</strong></span> 
     </span>
    </p>
   </div>
   <div class='ocr_carea' id='block_1_48' title="bbox 370 3380 1960 3452">
    <p class='ocr_par' dir='ltr' id='par_1_48' title="bbox 370 3380 1960 3452">
     <span class='ocr_line' id='line_1_48' title="bbox 370 3380 1960 3452; baseline -0.003 -11"><span class='ocrx_word' id='word_1_387' title='bbox 370 3402 517 3451; x_wconf 89' lang='lat' dir='ltr'><strong>mus,</strong></span> <span class='ocrx_word' id='word_1_388' title='bbox 553 3401 616 3440; x_wconf 90' lang='lat' dir='ltr'><strong>ac</strong></span> <span class='ocrx_word' id='word_1_389' title='bbox 653 3386 923 3439; x_wconf 87' lang='lat' dir='ltr'><strong>letiferum</strong></span> <span class='ocrx_word' id='word_1_390' title='bbox 977 3382 1127 3437; x_wconf 93' lang='lat' dir='ltr'><strong>illius</strong></span> <span class='ocrx_word' id='word_1_391' title='bbox 1175 3396 1448 3437; x_wconf 85' lang='lat' dir='ltr'><strong>venenum</strong></span> <span class='ocrx_word' id='word_1_392' title='bbox 1500 3380 1960 3452; x_wconf 88' lang='lat' dir='ltr'><strong>patefecerimus,</strong></span> 
     </span>
    </p>
   </div>
   <div class='ocr_carea' id='block_1_49' title="bbox 371 3471 1961 3549">
    <p class='ocr_par' dir='ltr' id='par_1_49' title="bbox 371 3471 1961 3549">
     <span class='ocr_line' id='line_1_49' title="bbox 371 3471 1961 3549; baseline -0.001 -20"><span class='ocrx_word' id='word_1_393' title='bbox 371 3484 664 3549; x_wconf 89' lang='lat' dir='ltr'><strong>postquam</strong></span> <span class='ocrx_word' id='word_1_394' title='bbox 710 3476 923 3531; x_wconf 88' lang='lat' dir='ltr'><strong>scilicet</strong></span> <span class='ocrx_word' id='word_1_395' title='bbox 956 3475 1343 3546; x_wconf 89' lang='lat' dir='ltr'><strong>opitulatorem</strong></span> <span class='ocrx_word' id='word_1_396' title='bbox 1375 3488 1502 3528; x_wconf 91' lang='lat' dir='ltr'><strong>cum</strong></span> <span class='ocrx_word' id='word_1_397' title='bbox 1545 3471 1690 3526; x_wconf 85' lang='lat' dir='ltr'><strong>Filio</strong></span> <span class='ocrx_word' id='word_1_398' title='bbox 1719 3471 1961 3539; x_wconf 90' lang='lat' dir='ltr'><strong>Patrem,</strong></span> 
     </span>
    </p>
   </div>
   <div class='ocr_carea' id='block_1_50' title="bbox 371 3566 1965 3640">
    <p class='ocr_par' dir='ltr' id='par_1_50' title="bbox 371 3566 1965 3640">
     <span class='ocr_line' id='line_1_50' title="bbox 371 3566 1965 3640; baseline -0.003 -16"><span class='ocrx_word' id='word_1_399' title='bbox 371 3570 467 3640; x_wconf 92' lang='lat' dir='ltr'><strong>qui</strong></span> <span class='ocrx_word' id='word_1_400' title='bbox 506 3585 633 3625; x_wconf 92' lang='lat' dir='ltr'><strong>vere</strong></span> <span class='ocrx_word' id='word_1_401' title='bbox 675 3578 781 3633; x_wconf 86' lang='lat' dir='ltr'><strong>est,</strong></span> <span class='ocrx_word' id='word_1_402' title='bbox 832 3570 1250 3633; x_wconf 85' lang='lat' dir='ltr'><strong>invocavimus,</strong></span> <span class='ocrx_word' id='word_1_403' title='bbox 1283 3576 1338 3623; x_wconf 93' lang='lat' dir='ltr'><strong>et</strong></span> <span class='ocrx_word' id='word_1_404' title='bbox 1381 3566 1582 3621; x_wconf 88' lang='lat' dir='ltr'><strong>Filium</strong></span> <span class='ocrx_word' id='word_1_405' title='bbox 1619 3582 1746 3622; x_wconf 84' lang='lat' dir='ltr'><strong>vere</strong></span> <span class='ocrx_word' id='word_1_406' title='bbox 1790 3566 1965 3623; x_wconf 79' lang='lat' dir='ltr'><strong>subsi-</strong></span> 
     </span>
    </p>
   </div>
   <div class='ocr_carea' id='block_1_51' title="bbox 374 3659 1962 3733">
    <p class='ocr_par' dir='ltr' id='par_1_51' title="bbox 374 3659 1962 3733">
     <span class='ocr_line' id='line_1_51' title="bbox 374 3659 1962 3733; baseline -0.005 -15"><span class='ocrx_word' id='word_1_407' title='bbox 374 3671 630 3729; x_wconf 86' lang='lat' dir='ltr'><strong>stentem,</strong></span> <span class='ocrx_word' id='word_1_408' title='bbox 662 3678 726 3717; x_wconf 89' lang='lat' dir='ltr'><strong>ac</strong></span> <span class='ocrx_word' id='word_1_409' title='bbox 752 3663 992 3733; x_wconf 91' lang='lat' dir='ltr'><strong>genitum</strong></span> <span class='ocrx_word' id='word_1_410' title='bbox 1012 3702 1027 3727; x_wconf 95' lang='lat'><strong>,</strong></span> <span class='ocrx_word' id='word_1_411' title='bbox 1064 3676 1279 3716; x_wconf 91' lang='lat' dir='ltr'><strong>necnon</strong></span> <span class='ocrx_word' id='word_1_412' title='bbox 1323 3668 1379 3715; x_wconf 91' lang='lat' dir='ltr'><strong>et</strong></span> <span class='ocrx_word' id='word_1_413' title='bbox 1408 3659 1672 3730; x_wconf 90' lang='lat' dir='ltr'><strong>Spiritum</strong></span> <span class='ocrx_word' id='word_1_414' title='bbox 1713 3666 1962 3715; x_wconf 90' lang='lat' dir='ltr'><strong>sanctum</strong></span> 
     </span>
    </p>
   </div>
   <div class='ocr_carea' id='block_1_52' title="bbox 375 3751 1967 3825">
    <p class='ocr_par' dir='ltr' id='par_1_52' title="bbox 375 3751 1967 3825">
     <span class='ocr_line' id='line_1_52' title="bbox 375 3751 1967 3825; baseline -0.005 -14"><span class='ocrx_word' id='word_1_415' title='bbox 375 3755 766 3811; x_wconf 86' lang='lat' dir='ltr'><strong>subsistentem</strong></span> <span class='ocrx_word' id='word_1_416' title='bbox 796 3754 919 3824; x_wconf 89' lang='lat' dir='ltr'><strong>ejus</strong></span> <span class='ocrx_word' id='word_1_417' title='bbox 949 3754 1215 3825; x_wconf 89' lang='lat' dir='ltr'><strong>Spiritum</strong></span> <span class='ocrx_word' id='word_1_418' title='bbox 1242 3768 1306 3808; x_wconf 91' lang='lat' dir='ltr'><strong>ac</strong></span> <span class='ocrx_word' id='word_1_419' title='bbox 1334 3752 1650 3816; x_wconf 91' lang='lat' dir='ltr'><strong>salutarem,</strong></span> <span class='ocrx_word' id='word_1_420' title='bbox 1685 3751 1967 3821; x_wconf 90' lang='lat' dir='ltr'><strong>totiusque</strong></span> 
     </span>
    </p>
   </div>
   <div class='ocr_carea' id='block_1_53' title="bbox 376 3842 1962 3914">
    <p class='ocr_par' dir='ltr' id='par_1_53' title="bbox 376 3842 1962 3914">
     <span class='ocr_line' id='line_1_53' title="bbox 376 3842 1962 3914; baseline -0.006 -11"><span class='ocrx_word' id='word_1_421' title='bbox 376 3847 527 3903; x_wconf 87' lang='lat' dir='ltr'><strong>illius</strong></span> <span class='ocrx_word' id='word_1_422' title='bbox 551 3845 1045 3901; x_wconf 86' lang='lat' dir='ltr'><strong>administrationis</strong></span> <span class='ocrx_word' id='word_1_423' title='bbox 1060 3859 1122 3900; x_wconf 90' lang='lat' dir='ltr'><strong>ac</strong></span> <span class='ocrx_word' id='word_1_424' title='bbox 1144 3851 1415 3914; x_wconf 67' lang='lat' dir='ltr'><strong>susceptae</strong></span> <span class='ocrx_word' id='word_1_425' title='bbox 1435 3842 1620 3897; x_wconf 91' lang='lat' dir='ltr'><strong>carnis</strong></span> <span class='ocrx_word' id='word_1_426' title='bbox 1646 3850 1962 3905; x_wconf 90' lang='lat' dir='ltr'><strong>auctorem;</strong></span> 
     </span>
    </p>
   </div>
   <div class='ocr_carea' id='block_1_54' title="bbox 376 3934 1969 4011">
    <p class='ocr_par' dir='ltr' id='par_1_54' title="bbox 376 3934 1969 4011">
     <span class='ocr_line' id='line_1_54' title="bbox 376 3934 1969 4011; baseline -0.004 -15"><span class='ocrx_word' id='word_1_427' title='bbox 376 3940 700 4011; x_wconf 61' lang='lat' dir='ltr'><strong>quaestionis</strong></span> <span class='ocrx_word' id='word_1_428' title='bbox 752 3939 822 3995; x_wconf 89' lang='lat' dir='ltr'><strong>ab</strong></span> <span class='ocrx_word' id='word_1_429' title='bbox 857 3939 1015 3994; x_wconf 90' lang='lat' dir='ltr'><strong>novis</strong></span> <span class='ocrx_word' id='word_1_430' title='bbox 1060 3936 1168 3992; x_wconf 91' lang='lat' dir='ltr'><strong>illis</strong></span> <span class='ocrx_word' id='word_1_431' title='bbox 1206 3936 1413 3993; x_wconf 62' lang='lat' dir='ltr'><strong>Iudaeis</strong></span> <span class='ocrx_word' id='word_1_432' title='bbox 1458 3935 1753 4006; x_wconf 63' lang='lat' dir='ltr'><strong>proposita:</strong></span> <span class='ocrx_word' id='word_1_433' title='bbox 1792 3934 1969 4004; x_wconf 87' lang='lat' dir='ltr'><strong>capite</strong></span> 
     </span>
    </p>
   </div>
   <div class='ocr_carea' id='block_1_55' title="bbox 376 4026 1967 4103">
    <p class='ocr_par' dir='ltr' id='par_1_55' title="bbox 376 4026 1967 4103">
     <span class='ocr_line' id='line_1_55' title="bbox 376 4026 1967 4103; baseline -0.004 -18"><span class='ocrx_word' id='word_1_434' title='bbox 376 4047 476 4103; x_wconf 88' lang='lat' dir='ltr'><strong>per</strong></span> <span class='ocrx_word' id='word_1_435' title='bbox 507 4032 702 4087; x_wconf 90' lang='lat' dir='ltr'><strong>mortis</strong></span> <span class='ocrx_word' id='word_1_436' title='bbox 731 4039 994 4101; x_wconf 75' lang='lat' dir='ltr'><strong>trOpaeum</strong></span> <span class='ocrx_word' id='word_1_437' title='bbox 1027 4070 1043 4095; x_wconf 96' lang='lat'><strong>,</strong></span> <span class='ocrx_word' id='word_1_438' title='bbox 1093 4045 1315 4085; x_wconf 89' lang='lat' dir='ltr'><strong>crucem</strong></span> <span class='ocrx_word' id='word_1_439' title='bbox 1343 4028 1577 4094; x_wconf 82' lang='lat' dir='ltr'><strong>scilicet,</strong></span> <span class='ocrx_word' id='word_1_440' title='bbox 1607 4026 1967 4093; x_wconf 88' lang='lat' dir='ltr'><strong>comminuto,</strong></span> 
     </span>
    </p>
   </div>
   <div class='ocr_carea' id='block_1_56' title="bbox 378 4124 1129 4195">
    <p class='ocr_par' dir='ltr' id='par_1_56' title="bbox 378 4124 1129 4195">
     <span class='ocr_line' id='line_1_56' title="bbox 378 4124 1129 4195; baseline -0.003 -17"><span class='ocrx_word' id='word_1_441' title='bbox 378 4124 446 4178; x_wconf 87' lang='lat' dir='ltr'><strong>ad</strong></span> <span class='ocrx_word' id='word_1_442' title='bbox 483 4124 725 4195; x_wconf 87' lang='lat' dir='ltr'><strong>reliquas</strong></span> <span class='ocrx_word' id='word_1_443' title='bbox 761 4131 1129 4179; x_wconf 88' lang='lat' dir='ltr'><strong>transeamus.</strong></span> 
     </span>
    </p>
   </div>
   <div class='ocr_carea' id='block_1_57' title="bbox 448 4211 1969 4286">
    <p class='ocr_par' dir='ltr' id='par_1_57' title="bbox 448 4211 1969 4286">
     <span class='ocr_line' id='line_1_57' title="bbox 448 4211 1969 4286; baseline -0.003 -16"><span class='ocrx_word' id='word_1_444' title='bbox 448 4215 720 4270; x_wconf 68' lang='lat' dir='ltr'><strong>Caeterum</strong></span> <span class='ocrx_word' id='word_1_445' title='bbox 767 4216 970 4286; x_wconf 60' lang='lat' dir='ltr'><strong>vipera;</strong></span> <span class='ocrx_word' id='word_1_446' title='bbox 1004 4213 1288 4285; x_wconf 84' lang='lat' dir='ltr'><strong>quoddam</strong></span> <span class='ocrx_word' id='word_1_447' title='bbox 1329 4228 1503 4285; x_wconf 87' lang='lat' dir='ltr'><strong>genus</strong></span> <span class='ocrx_word' id='word_1_448' title='bbox 1546 4220 1661 4278; x_wconf 91' lang='lat' dir='ltr'><strong>est,</strong></span> <span class='ocrx_word' id='word_1_449' title='bbox 1716 4211 1969 4282; x_wconf 84' lang='lat' dir='ltr'><strong>dryinam</strong></span> 
     </span>
    </p>
   </div>
   <div class='ocr_carea' id='block_1_58' title="bbox 380 4305 1968 4376">
    <p class='ocr_par' dir='ltr' id='par_1_58' title="bbox 380 4305 1968 4376">
     <span class='ocr_line' id='line_1_58' title="bbox 380 4305 1968 4376; baseline 0.001 -18"><span class='ocrx_word' id='word_1_450' title='bbox 380 4318 621 4374; x_wconf 86' lang='lat' dir='ltr'><strong>vocant,</strong></span> <span class='ocrx_word' id='word_1_451' title='bbox 690 4307 766 4361; x_wconf 92' lang='lat' dir='ltr'><strong>illi</strong></span> <span class='ocrx_word' id='word_1_452' title='bbox 798 4307 1025 4363; x_wconf 62' lang='lat' dir='ltr'><strong>haeresis</strong></span> <span class='ocrx_word' id='word_1_453' title='bbox 1072 4305 1346 4361; x_wconf 88' lang='lat' dir='ltr'><strong>conditori</strong></span> <span class='ocrx_word' id='word_1_454' title='bbox 1403 4321 1569 4376; x_wconf 91' lang='lat' dir='ltr'><strong>quam</strong></span> <span class='ocrx_word' id='word_1_455' title='bbox 1598 4306 1968 4361; x_wconf 91' lang='lat' dir='ltr'><strong>simillimum.</strong></span> 
     </span>
    </p>
   </div>
   <div class='ocr_carea' id='block_1_59' title="bbox 379 4397 1975 4470">
    <p class='ocr_par' dir='ltr' id='par_1_59' title="bbox 379 4397 1975 4470">
     <span class='ocr_line' id='line_1_59' title="bbox 379 4397 1975 4470; baseline -0.002 -17"><span class='ocrx_word' id='word_1_456' title='bbox 379 4401 535 4467; x_wconf 84' lang='lat' dir='ltr'><strong>Quod</strong></span> <span class='ocrx_word' id='word_1_457' title='bbox 568 4408 626 4453; x_wconf 90' lang='lat' dir='ltr'><strong>ut</strong></span> <span class='ocrx_word' id='word_1_458' title='bbox 671 4400 967 4470; x_wconf 87' lang='lat' dir='ltr'><strong>plurimum</strong></span> <span class='ocrx_word' id='word_1_459' title='bbox 999 4399 1054 4452; x_wconf 91' lang='lat' dir='ltr'><strong>in</strong></span> <span class='ocrx_word' id='word_1_460' title='bbox 1098 4399 1282 4455; x_wconf 85' lang='lat' dir='ltr'><strong>herbis</strong></span> <span class='ocrx_word' id='word_1_461' title='bbox 1327 4407 1423 4453; x_wconf 92' lang='lat' dir='ltr'><strong>aut</strong></span> <span class='ocrx_word' id='word_1_462' title='bbox 1473 4398 1791 4469; x_wconf 87' lang='lat' dir='ltr'><strong>quercubus</strong></span> <span class='ocrx_word' id='word_1_463' title='bbox 1835 4397 1975 4451; x_wconf 89' lang='lat' dir='ltr'><strong>deli-</strong></span> 
     </span>
    </p>
   </div>
   <div class='ocr_carea' id='block_1_60' title="bbox 2054 1901 3641 1987">
    <p class='ocr_par' dir='ltr' id='par_1_60' title="bbox 2054 1901 3641 1987">
     <span class='ocr_line' id='line_1_60' title="bbox 2054 1901 3641 1987; baseline -0.011 -16"><span class='ocrx_word' id='word_1_464' title='bbox 2054 1915 2189 1987; x_wconf 82' lang='grc' dir='ltr'>Υἰῷ,</span> <span class='ocrx_word' id='word_1_465' title='bbox 2234 1915 2330 1969; x_wconf 78' lang='grc' dir='ltr'><strong>καὶ</strong></span> <span class='ocrx_word' id='word_1_466' title='bbox 2363 1913 2491 1967; x_wconf 83' lang='grc' dir='ltr'>Υἰὸν</span> <span class='ocrx_word' id='word_1_467' title='bbox 2533 1911 2641 1967; x_wconf 75' lang='grc' dir='ltr'>ἀπὸ</span> <span class='ocrx_word' id='word_1_468' title='bbox 2672 1909 2889 1982; x_wconf 82' lang='grc' dir='ltr'>Πατρὸς</span> <span class='ocrx_word' id='word_1_469' title='bbox 2927 1904 3347 1977; x_wconf 82' lang='grc' dir='ltr'>γεγεννημένον.</span> <span class='ocrx_word' id='word_1_470' title='bbox 3395 1901 3508 1957; x_wconf 66' lang='grc' dir='ltr'><strong>Καὶ</strong></span> <span class='ocrx_word' id='word_1_471' title='bbox 3541 1903 3641 1972; x_wconf 82' lang='grc' dir='ltr'><strong>οὐχ</strong></span> 
     </span>
    </p>
   </div>
   <div class='ocr_carea' id='block_1_61' title="bbox 2052 1996 3639 2077">
    <p class='ocr_par' dir='ltr' id='par_1_61' title="bbox 2052 1996 3639 2077">
     <span class='ocr_line' id='line_1_61' title="bbox 2052 1996 3639 2077; baseline -0.008 -16"><span class='ocrx_word' id='word_1_472' title='bbox 2052 2008 2129 2073; x_wconf 86' lang='grc' dir='ltr'>ὡς</span> <span class='ocrx_word' id='word_1_473' title='bbox 2167 2008 2223 2060; x_wconf 86' lang='grc' dir='ltr'>ὲν</span> <span class='ocrx_word' id='word_1_474' title='bbox 2250 2004 2523 2077; x_wconf 82' lang='grc' dir='ltr'>ἀνθρώπῳ</span> <span class='ocrx_word' id='word_1_475' title='bbox 2560 2002 2729 2057; x_wconf 72' lang='grc' dir='ltr'>ἐλθὼν</span> <span class='ocrx_word' id='word_1_476' title='bbox 2751 2004 2830 2066; x_wconf 87' lang='grc' dir='ltr'><strong>εἰς</strong></span> <span class='ocrx_word' id='word_1_477' title='bbox 2856 2001 3172 2072; x_wconf 83' lang='grc' dir='ltr'>οἰκητήριον</span> <span class='ocrx_word' id='word_1_478' title='bbox 3197 1997 3226 2050; x_wconf 95' lang='lat'><strong>6</strong></span> <span class='ocrx_word' id='word_1_479' title='bbox 3250 1996 3394 2059; x_wconf 83' lang='grc' dir='ltr'>θεῖος</span> <span class='ocrx_word' id='word_1_480' title='bbox 3429 1996 3603 2064; x_wconf 88' lang='grc' dir='ltr'>Λόγος</span> <span class='ocrx_word' id='word_1_481' title='bbox 3622 2009 3639 2025; x_wconf 87' lang='grc'><strong>·</strong></span> 
     </span>
    </p>
   </div>
   <div class='ocr_carea' id='block_1_62' title="bbox 2054 2086 3643 2171">
    <p class='ocr_par' dir='ltr' id='par_1_62' title="bbox 2054 2086 3643 2171">
     <span class='ocr_line' id='line_1_62' title="bbox 2054 2086 3643 2171; baseline -0.01 -17"><span class='ocrx_word' id='word_1_482' title='bbox 2054 2099 2151 2155; x_wconf 70' lang='grc' dir='ltr'><strong>καὶΙ</strong></span> <span class='ocrx_word' id='word_1_483' title='bbox 2188 2098 2326 2171; x_wconf 83' lang='grc' dir='ltr'>μετὰ</span> <span class='ocrx_word' id='word_1_484' title='bbox 2359 2098 2421 2151; x_wconf 82' lang='grc' dir='ltr'><strong>τὸ</strong></span> <span class='ocrx_word' id='word_1_485' title='bbox 2453 2093 2814 2167; x_wconf 84' lang='grc' dir='ltr'>γεγεννῆσθαι</span> <span class='ocrx_word' id='word_1_486' title='bbox 2857 2093 3092 2164; x_wconf 80' lang='grc' dir='ltr'>ὀφθέντα</span> <span class='ocrx_word' id='word_1_487' title='bbox 3134 2092 3191 2143; x_wconf 83' lang='grc' dir='ltr'>ὲν</span> <span class='ocrx_word' id='word_1_488' title='bbox 3226 2088 3375 2159; x_wconf 84' lang='grc' dir='ltr'>αύτῷ</span> <span class='ocrx_word' id='word_1_489' title='bbox 3401 2088 3493 2141; x_wconf 79' lang='grc' dir='ltr'><strong>τὸν</strong></span> <span class='ocrx_word' id='word_1_490' title='bbox 3535 2086 3643 2139; x_wconf 79' lang='grc' dir='ltr'><strong>Λό-</strong></span> 
     </span>
    </p>
   </div>
   <div class='ocr_carea' id='block_1_63' title="bbox 2055 2179 3645 2261">
    <p class='ocr_par' dir='ltr' id='par_1_63' title="bbox 2055 2179 3645 2261">
     <span class='ocr_line' id='line_1_63' title="bbox 2055 2179 3645 2261; baseline -0.009 -16"><span class='ocrx_word' id='word_1_491' title='bbox 2055 2209 2171 2261; x_wconf 91' lang='grc' dir='ltr'>γον,</span> <span class='ocrx_word' id='word_1_492' title='bbox 2199 2192 2295 2245; x_wconf 69' lang='grc' dir='ltr'><strong>καὶ</strong></span> <span class='ocrx_word' id='word_1_493' title='bbox 2323 2188 2485 2244; x_wconf 90' lang='grc' dir='ltr'>πάλιν</span> <span class='ocrx_word' id='word_1_494' title='bbox 2511 2190 2568 2241; x_wconf 84' lang='grc' dir='ltr'>ὲν</span> <span class='ocrx_word' id='word_1_495' title='bbox 2600 2186 2720 2257; x_wconf 84' lang='grc' dir='ltr'><strong>Θεῷ</strong></span> <span class='ocrx_word' id='word_1_496' title='bbox 2748 2186 3061 2258; x_wconf 82' lang='grc' dir='ltr'>ὑπάρχοντα</span> <span class='ocrx_word' id='word_1_497' title='bbox 3095 2183 3229 2248; x_wconf 82' lang='grc' dir='ltr'>ἀνω,</span> <span class='ocrx_word' id='word_1_498' title='bbox 3256 2182 3332 2243; x_wconf 78' lang='grc' dir='ltr'>ὡς</span> <span class='ocrx_word' id='word_1_499' title='bbox 3357 2183 3412 2234; x_wconf 83' lang='grc' dir='ltr'>ὲν</span> <span class='ocrx_word' id='word_1_500' title='bbox 3442 2179 3645 2252; x_wconf 71' lang='grc' dir='ltr'>καρδίᾳ</span> 
     </span>
    </p>
   </div>
   <div class='ocr_carea' id='block_1_64' title="bbox 2056 2273 3647 2358">
    <p class='ocr_par' dir='ltr' id='par_1_64' title="bbox 2056 2273 3647 2358">
     <span class='ocr_line' id='line_1_64' title="bbox 2056 2273 3647 2358; baseline -0.01 -19"><span class='ocrx_word' id='word_1_501' title='bbox 2056 2285 2344 2358; x_wconf 86' lang='grc' dir='ltr'>ἀνθρώπου</span> <span class='ocrx_word' id='word_1_502' title='bbox 2370 2283 2547 2351; x_wconf 83' lang='grc' dir='ltr'>λόγος.</span> <span class='ocrx_word' id='word_1_503' title='bbox 2572 2279 2755 2334; x_wconf 81' lang='grc' dir='ltr'>Ταῦτα</span> <span class='ocrx_word' id='word_1_504' title='bbox 2778 2278 2887 2348; x_wconf 87' lang='grc' dir='ltr'>γὰρ</span> <span class='ocrx_word' id='word_1_505' title='bbox 2903 2278 3001 2347; x_wconf 78' lang='grc' dir='ltr'>τῆς</span> <span class='ocrx_word' id='word_1_506' title='bbox 3023 2275 3115 2330; x_wconf 86' lang='grc' dir='ltr'><strong>τοῦ</strong></span> <span class='ocrx_word' id='word_1_507' title='bbox 3140 2276 3391 2347; x_wconf 86' lang='grc' dir='ltr'>δαίμονος</span> <span class='ocrx_word' id='word_1_508' title='bbox 3413 2273 3647 2345; x_wconf 76' lang='grc' dir='ltr'>ἐμϐρον-</span> 
     </span>
    </p>
   </div>
   <div class='ocr_carea' id='block_1_65' title="bbox 2056 2365 3645 2452">
    <p class='ocr_par' dir='ltr' id='par_1_65' title="bbox 2056 2365 3645 2452">
     <span class='ocr_line' id='line_1_65' title="bbox 2056 2365 3645 2452; baseline -0.009 -20"><span class='ocrx_word' id='word_1_509' title='bbox 2056 2377 2266 2452; x_wconf 83' lang='grc' dir='ltr'>τήσεώς</span> <span class='ocrx_word' id='word_1_510' title='bbox 2299 2378 2436 2441; x_wconf 78' lang='grc' dir='ltr'>ἑστι,</span> <span class='ocrx_word' id='word_1_511' title='bbox 2473 2376 2567 2430; x_wconf 78' lang='grc' dir='ltr'>καὶ</span> <span class='ocrx_word' id='word_1_512' title='bbox 2604 2372 3027 2446; x_wconf 81' lang='grc' dir='ltr'>έπαρνησιθείας</span> <span class='ocrx_word' id='word_1_513' title='bbox 3074 2371 3254 2440; x_wconf 87' lang='grc' dir='ltr'>πάσης</span> <span class='ocrx_word' id='word_1_514' title='bbox 3289 2367 3481 2439; x_wconf 73' lang='grc' dir='ltr'>ἔχοντα</span> <span class='ocrx_word' id='word_1_515' title='bbox 3519 2365 3645 2429; x_wconf 77' lang='grc' dir='ltr'>τοὺς</span> 
     </span>
    </p>
   </div>
   <div class='ocr_carea' id='block_1_66' title="bbox 2058 2470 2431 2544">
    <p class='ocr_par' dir='ltr' id='par_1_66' title="bbox 2058 2470 2431 2544">
     <span class='ocr_line' id='line_1_66' title="bbox 2058 2470 2431 2544; baseline -0.003 -21"><span class='ocrx_word' id='word_1_516' title='bbox 2058 2470 2431 2544; x_wconf 76' lang='grc' dir='ltr'>χαρακτῆρας.</span> 
     </span>
    </p>
   </div>
   <div class='ocr_carea' id='block_1_67' title="bbox 2131 2737 3637 2817">
    <p class='ocr_par' dir='ltr' id='par_1_67' title="bbox 2131 2737 3637 2817">
     <span class='ocr_line' id='line_1_67' title="bbox 2131 2737 3637 2817; baseline -0.01 -12"><span class='ocrx_word' id='word_1_517' title='bbox 2131 2751 2207 2807; x_wconf 85' lang='grc' dir='ltr'><strong>Θ¹.</strong></span> <span class='ocrx_word' id='word_1_518' title='bbox 2240 2749 2425 2804; x_wconf 88' lang='grc' dir='ltr'>Ταῦτα</span> <span class='ocrx_word' id='word_1_519' title='bbox 2453 2748 2509 2803; x_wconf 82' lang='grc' dir='ltr'><strong>δὲ</strong></span> <span class='ocrx_word' id='word_1_520' title='bbox 2543 2745 2613 2801; x_wconf 83' lang='grc' dir='ltr'><strong>τά</strong></span> <span class='ocrx_word' id='word_1_521' title='bbox 2638 2745 2794 2815; x_wconf 87' lang='grc' dir='ltr'>όλίγα</span> <span class='ocrx_word' id='word_1_522' title='bbox 2814 2742 2952 2817; x_wconf 74' lang='grc' dir='ltr'>πρὸς</span> <span class='ocrx_word' id='word_1_523' title='bbox 2986 2740 3083 2813; x_wconf 79' lang='grc' dir='ltr'><strong>τὴν</strong></span> <span class='ocrx_word' id='word_1_524' title='bbox 3108 2740 3297 2793; x_wconf 82' lang='grc' dir='ltr'>τούτου</span> <span class='ocrx_word' id='word_1_525' title='bbox 3324 2737 3534 2807; x_wconf 78' lang='grc' dir='ltr'>αἵρεσιν</span> <span class='ocrx_word' id='word_1_526' title='bbox 3556 2752 3637 2790; x_wconf 88' lang='grc' dir='ltr'><strong>κα</strong></span> 
     </span>
    </p>
   </div>
   <div class='ocr_carea' id='block_1_68' title="bbox 2060 2825 3653 2912">
    <p class='ocr_par' dir='ltr' id='par_1_68' title="bbox 2060 2825 3653 2912">
     <span class='ocr_line' id='line_1_68' title="bbox 2060 2825 3653 2912; baseline -0.011 -17"><span class='ocrx_word' id='word_1_527' title='bbox 2060 2841 2169 2905; x_wconf 88' lang='grc' dir='ltr'><strong>λῶς</strong></span> <span class='ocrx_word' id='word_1_528' title='bbox 2188 2840 2332 2912; x_wconf 81' lang='grc' dir='ltr'>ἔχειν</span> <span class='ocrx_word' id='word_1_529' title='bbox 2360 2839 2755 2909; x_wconf 82' lang='grc' dir='ltr'>δοκιμάσαντες</span> <span class='ocrx_word' id='word_1_530' title='bbox 2780 2852 2792 2865; x_wconf 75' lang='grc' dir='ltr'><strong>ο</strong></span> <span class='ocrx_word' id='word_1_531' title='bbox 2824 2834 2884 2886; x_wconf 84' lang='grc' dir='ltr'><strong>ού</strong></span> <span class='ocrx_word' id='word_1_532' title='bbox 2922 2830 3189 2902; x_wconf 79' lang='grc' dir='ltr'>δυσχερὴς</span> <span class='ocrx_word' id='word_1_533' title='bbox 3219 2827 3326 2900; x_wconf 77' lang='grc' dir='ltr'><strong>γὰρ</strong></span> <span class='ocrx_word' id='word_1_534' title='bbox 3372 2828 3406 2898; x_wconf 87' lang='grc' dir='ltr'><strong>ή</strong></span> <span class='ocrx_word' id='word_1_535' title='bbox 3438 2825 3653 2879; x_wconf 85' lang='grc' dir='ltr'>τούτων</span> 
     </span>
    </p>
   </div>
   <div class='ocr_carea' id='block_1_69' title="bbox 2061 2915 3653 3003">
    <p class='ocr_par' dir='ltr' id='par_1_69' title="bbox 2061 2915 3653 3003">
     <span class='ocr_line' id='line_1_69' title="bbox 2061 2915 3653 3003; baseline -0.01 -16"><span class='ocrx_word' id='word_1_536' title='bbox 2061 2933 2328 3003; x_wconf 79' lang='grc' dir='ltr'>δύναμις,</span> <span class='ocrx_word' id='word_1_537' title='bbox 2368 2930 2493 2984; x_wconf 72' lang='grc' dir='ltr'>οὔτε</span> <span class='ocrx_word' id='word_1_538' title='bbox 2549 2930 2622 3001; x_wconf 84' lang='grc' dir='ltr'><strong>μὴ</strong></span> <span class='ocrx_word' id='word_1_539' title='bbox 2675 2926 2946 2997; x_wconf 80' lang='grc' dir='ltr'>δυναμένη</span> <span class='ocrx_word' id='word_1_540' title='bbox 2988 2923 3094 2976; x_wconf 79' lang='grc' dir='ltr'><strong>ὑπὸ</strong></span> <span class='ocrx_word' id='word_1_541' title='bbox 3141 2923 3357 2975; x_wconf 87' lang='grc' dir='ltr'>πάντων</span> <span class='ocrx_word' id='word_1_542' title='bbox 3410 2915 3653 2971; x_wconf 79' lang='grc' dir='ltr'>συνετῶν</span> 
     </span>
    </p>
   </div>
   <div class='ocr_carea' id='block_1_70' title="bbox 2063 3008 3657 3095">
    <p class='ocr_par' dir='ltr' id='par_1_70' title="bbox 2063 3008 3657 3095">
     <span class='ocr_line' id='line_1_70' title="bbox 2063 3008 3657 3095; baseline -0.014 -14"><span class='ocrx_word' id='word_1_543' title='bbox 2063 3022 2499 3095; x_wconf 84' lang='grc' dir='ltr'>ἀνατρέπεσθαι·</span> <span class='ocrx_word' id='word_1_544' title='bbox 2539 3021 2619 3075; x_wconf 79' lang='grc' dir='ltr'><strong>διὸ</strong></span> <span class='ocrx_word' id='word_1_545' title='bbox 2644 3020 2739 3073; x_wconf 77' lang='grc' dir='ltr'><strong>καί</strong></span> <span class='ocrx_word' id='word_1_546' title='bbox 2764 3016 2955 3071; x_wconf 87' lang='grc' dir='ltr'>τούτου</span> <span class='ocrx_word' id='word_1_547' title='bbox 2993 3015 3092 3078; x_wconf 89' lang='grc' dir='ltr'><strong>τάς</strong></span> <span class='ocrx_word' id='word_1_548' title='bbox 3142 3011 3297 3086; x_wconf 77' lang='grc' dir='ltr'>ῥίζας</span> <span class='ocrx_word' id='word_1_549' title='bbox 3329 3009 3436 3063; x_wconf 90' lang='grc' dir='ltr'><strong>τῶν</strong></span> <span class='ocrx_word' id='word_1_550' title='bbox 3480 3008 3657 3061; x_wconf 83' lang='grc' dir='ltr'>ἀκαν-</span> 
     </span>
    </p>
   </div>
   <div class='ocr_carea' id='block_1_71' title="bbox 2066 3102 3658 3187">
    <p class='ocr_par' dir='ltr' id='par_1_71' title="bbox 2066 3102 3658 3187">
     <span class='ocr_line' id='line_1_71' title="bbox 2066 3102 3658 3187; baseline -0.013 -15"><span class='ocrx_word' id='word_1_551' title='bbox 2066 3118 2175 3171; x_wconf 87' lang='grc' dir='ltr'><strong>θῶν</strong></span> <span class='ocrx_word' id='word_1_552' title='bbox 2202 3116 2523 3187; x_wconf 77' lang='grc' dir='ltr'>ἐκτεμόντες</span> <span class='ocrx_word' id='word_1_553' title='bbox 2543 3113 2621 3185; x_wconf 81' lang='grc' dir='ltr'>τῷ</span> <span class='ocrx_word' id='word_1_554' title='bbox 2648 3113 2746 3184; x_wconf 78' lang='grc' dir='ltr'>τῆς</span> <span class='ocrx_word' id='word_1_555' title='bbox 2775 3108 3032 3181; x_wconf 88' lang='grc' dir='ltr'>ἀληθείας</span> <span class='ocrx_word' id='word_1_556' title='bbox 3060 3104 3376 3178; x_wconf 76' lang='grc' dir='ltr'>κηρύγματι</span> <span class='ocrx_word' id='word_1_557' title='bbox 3407 3102 3501 3155; x_wconf 76' lang='grc' dir='ltr'><strong>καὶ</strong></span> <span class='ocrx_word' id='word_1_558' title='bbox 3528 3116 3658 3171; x_wconf 78' lang='grc' dir='ltr'>φρο-</span> 
     </span>
    </p>
   </div>
   <div class='ocr_carea' id='block_1_72' title="bbox 2065 3190 3661 3282">
    <p class='ocr_par' dir='ltr' id='par_1_72' title="bbox 2065 3190 3661 3282">
     <span class='ocr_line' id='line_1_72' title="bbox 2065 3190 3661 3282; baseline -0.015 -16"><span class='ocrx_word' id='word_1_559' title='bbox 2065 3212 2290 3282; x_wconf 88' lang='grc' dir='ltr'>νήματι,</span> <span class='ocrx_word' id='word_1_560' title='bbox 2326 3209 2419 3263; x_wconf 75' lang='grc' dir='ltr'><strong>καὶ</strong></span> <span class='ocrx_word' id='word_1_561' title='bbox 2447 3207 2540 3261; x_wconf 76' lang='grc' dir='ltr'><strong>τὸν</strong></span> <span class='ocrx_word' id='word_1_562' title='bbox 2572 3206 2669 3270; x_wconf 83' lang='grc' dir='ltr'>ἰὸν,</span> <span class='ocrx_word' id='word_1_563' title='bbox 2695 3204 2770 3267; x_wconf 85' lang='grc' dir='ltr'>ὡς</span> <span class='ocrx_word' id='word_1_564' title='bbox 2802 3204 2997 3265; x_wconf 86' lang='grc' dir='ltr'>εἰπεῖν,</span> <span class='ocrx_word' id='word_1_565' title='bbox 3022 3196 3445 3258; x_wconf 80' lang='grc' dir='ltr'>ἀποσϐέσαντες,</span> <span class='ocrx_word' id='word_1_566' title='bbox 3477 3192 3571 3245; x_wconf 75' lang='grc' dir='ltr'><strong>καὶ</strong></span> <span class='ocrx_word' id='word_1_567' title='bbox 3597 3190 3661 3243; x_wconf 80' lang='grc' dir='ltr'><strong>τὸ</strong></span> 
     </span>
    </p>
   </div>
   <div class='ocr_carea' id='block_1_73' title="bbox 2064 3287 3664 3375">
    <p class='ocr_par' dir='ltr' id='par_1_73' title="bbox 2064 3287 3664 3375">
     <span class='ocr_line' id='line_1_73' title="bbox 2064 3287 3664 3375; baseline -0.013 -17"><span class='ocrx_word' id='word_1_568' title='bbox 2064 3304 2390 3375; x_wconf 86' lang='grc' dir='ltr'>δηλητήριον</span> <span class='ocrx_word' id='word_1_569' title='bbox 2428 3300 2618 3354; x_wconf 82' lang='grc' dir='ltr'>τούτου</span> <span class='ocrx_word' id='word_1_570' title='bbox 2661 3295 3065 3368; x_wconf 80' lang='grc' dir='ltr'>προδείξαντες,</span> <span class='ocrx_word' id='word_1_571' title='bbox 3102 3291 3194 3344; x_wconf 83' lang='grc' dir='ltr'><strong>τὸν</strong></span> <span class='ocrx_word' id='word_1_572' title='bbox 3227 3287 3441 3358; x_wconf 85' lang='grc' dir='ltr'>ἀρωγὸν</span> <span class='ocrx_word' id='word_1_573' title='bbox 3473 3287 3664 3338; x_wconf 76' lang='grc' dir='ltr'>ἐπικε-</span> 
     </span>
    </p>
   </div>
   <div class='ocr_carea' id='block_1_74' title="bbox 2066 3376 3664 3467">
    <p class='ocr_par' dir='ltr' id='par_1_74' title="bbox 2066 3376 3664 3467">
     <span class='ocr_line' id='line_1_74' title="bbox 2066 3376 3664 3467; baseline -0.014 -17"><span class='ocrx_word' id='word_1_574' title='bbox 2066 3395 2329 3467; x_wconf 85' lang='grc' dir='ltr'>κλημένοι</span> <span class='ocrx_word' id='word_1_575' title='bbox 2361 3395 2457 3447; x_wconf 82' lang='grc' dir='ltr'><strong>σὺν</strong></span> <span class='ocrx_word' id='word_1_576' title='bbox 2487 3390 2601 3462; x_wconf 83' lang='grc' dir='ltr'><strong>Υίῷ</strong></span> <span class='ocrx_word' id='word_1_577' title='bbox 2634 3387 2880 3461; x_wconf 86' lang='grc' dir='ltr'>Πατέρα,</span> <span class='ocrx_word' id='word_1_578' title='bbox 2910 3386 3001 3440; x_wconf 81' lang='grc' dir='ltr'><strong>τὸν</strong></span> <span class='ocrx_word' id='word_1_579' title='bbox 3026 3384 3194 3447; x_wconf 84' lang='grc' dir='ltr'>ὅντως</span> <span class='ocrx_word' id='word_1_580' title='bbox 3220 3381 3371 3445; x_wconf 83' lang='grc' dir='ltr'>ὅντα,</span> <span class='ocrx_word' id='word_1_581' title='bbox 3402 3378 3495 3432; x_wconf 63' lang='grc' dir='ltr'><strong>καί⁹</strong></span> <span class='ocrx_word' id='word_1_582' title='bbox 3525 3376 3664 3429; x_wconf 71' lang='grc' dir='ltr'>Υἱδν</span> 
     </span>
    </p>
   </div>
   <div class='ocr_carea' id='block_1_75' title="bbox 2066 3468 3663 3551">
    <p class='ocr_par' dir='ltr' id='par_1_75' title="bbox 2066 3468 3663 3551">
     <span class='ocr_line' id='line_1_75' title="bbox 2066 3468 3663 3551; baseline -0.013 -9"><span class='ocrx_word' id='word_1_583' title='bbox 2066 3489 2237 3551; x_wconf 76' lang='grc' dir='ltr'>ὅντως</span> <span class='ocrx_word' id='word_1_584' title='bbox 2312 3484 2675 3540; x_wconf 84' lang='grc' dir='ltr'>ὲνυπόστατον</span> <span class='ocrx_word' id='word_1_585' title='bbox 2733 3476 3166 3549; x_wconf 84' lang='grc' dir='ltr'>γεγεννημένον,</span> <span class='ocrx_word' id='word_1_586' title='bbox 3235 3473 3329 3526; x_wconf 69' lang='grc' dir='ltr'><strong>καὶ</strong></span> <span class='ocrx_word' id='word_1_587' title='bbox 3382 3471 3444 3523; x_wconf 78' lang='grc' dir='ltr'>τὸ</span> <span class='ocrx_word' id='word_1_588' title='bbox 3498 3468 3663 3537; x_wconf 76' lang='grc' dir='ltr'>ἅγιον</span> 
     </span>
    </p>
   </div>
   <div class='ocr_carea' id='block_1_76' title="bbox 2067 3560 3667 3650">
    <p class='ocr_par' dir='ltr' id='par_1_76' title="bbox 2067 3560 3667 3650">
     <span class='ocr_line' id='line_1_76' title="bbox 2067 3560 3667 3650; baseline -0.015 -16"><span class='ocrx_word' id='word_1_589' title='bbox 2067 3578 2297 3650; x_wconf 79' lang='grc' dir='ltr'>Πνεῦμα</span> <span class='ocrx_word' id='word_1_590' title='bbox 2343 3577 2405 3631; x_wconf 81' lang='grc' dir='ltr'><strong>τὸ</strong></span> <span class='ocrx_word' id='word_1_591' title='bbox 2450 3572 2617 3630; x_wconf 77' lang='grc' dir='ltr'>αὐτοῦ</span> <span class='ocrx_word' id='word_1_592' title='bbox 2656 3571 2882 3643; x_wconf 80' lang='grc' dir='ltr'>Πνεῦμα</span> <span class='ocrx_word' id='word_1_593' title='bbox 2920 3567 3306 3627; x_wconf 83' lang='grc' dir='ltr'>ὲνυπόστατον,</span> <span class='ocrx_word' id='word_1_594' title='bbox 3353 3561 3449 3615; x_wconf 74' lang='grc' dir='ltr'>καὶ</span> <span class='ocrx_word' id='word_1_595' title='bbox 3484 3560 3667 3630; x_wconf 79' lang='grc' dir='ltr'>σωτή-</span> 
     </span>
    </p>
   </div>
   <div class='ocr_carea' id='block_1_77' title="bbox 2071 3649 3669 3743">
    <p class='ocr_par' dir='ltr' id='par_1_77' title="bbox 2071 3649 3669 3743">
     <span class='ocr_line' id='line_1_77' title="bbox 2071 3649 3669 3743; baseline -0.014 -18"><span class='ocrx_word' id='word_1_596' title='bbox 2071 3688 2185 3743; x_wconf 88' lang='grc' dir='ltr'>ριον</span> <span class='ocrx_word' id='word_1_597' title='bbox 2218 3649 2319 3739; x_wconf 83' lang='grc' dir='ltr'>τῆς</span> <span class='ocrx_word' id='word_1_598' title='bbox 2345 3666 2678 3737; x_wconf 89' lang='grc' dir='ltr'>οἰκονομίας,</span> <span class='ocrx_word' id='word_1_599' title='bbox 2708 3663 2809 3734; x_wconf 82' lang='grc' dir='ltr'>τῆς</span> <span class='ocrx_word' id='word_1_600' title='bbox 2840 3660 3106 3732; x_wconf 87' lang='grc' dir='ltr'>ὲνσάρκου</span> <span class='ocrx_word' id='word_1_601' title='bbox 3138 3653 3535 3729; x_wconf 85' lang='grc' dir='ltr'>πραγματείας,</span> <span class='ocrx_word' id='word_1_602' title='bbox 3568 3649 3669 3743; x_wconf 84' lang='grc' dir='ltr'><strong>διά</strong></span> 
     </span>
    </p>
   </div>
   <div class='ocr_carea' id='block_1_78' title="bbox 2068 3742 3667 3830">
    <p class='ocr_par' dir='ltr' id='par_1_78' title="bbox 2068 3742 3667 3830">
     <span class='ocr_line' id='line_1_78' title="bbox 2068 3742 3667 3830; baseline -0.014 -15"><span class='ocrx_word' id='word_1_603' title='bbox 2068 3758 2163 3815; x_wconf 84' lang='grc' dir='ltr'><strong>τοῦ</strong></span> <span class='ocrx_word' id='word_1_604' title='bbox 2199 3758 2460 3830; x_wconf 87' lang='grc' dir='ltr'>τροπαίου</span> <span class='ocrx_word' id='word_1_605' title='bbox 2491 3755 2586 3810; x_wconf 90' lang='grc' dir='ltr'><strong>τοῦ</strong></span> <span class='ocrx_word' id='word_1_606' title='bbox 2610 3754 2751 3809; x_wconf 85' lang='grc' dir='ltr'>κατὰ</span> <span class='ocrx_word' id='word_1_607' title='bbox 2780 3752 3028 3813; x_wconf 84' lang='grc' dir='ltr'>θάνατον,</span> <span class='ocrx_word' id='word_1_608' title='bbox 3058 3748 3150 3802; x_wconf 90' lang='grc' dir='ltr'><strong>τοῦ</strong></span> <span class='ocrx_word' id='word_1_609' title='bbox 3183 3743 3449 3817; x_wconf 89' lang='grc' dir='ltr'>σταυροῦ,</span> <span class='ocrx_word' id='word_1_610' title='bbox 3488 3742 3667 3812; x_wconf 72' lang='grc' dir='ltr'>φημὶ,</span> 
     </span>
    </p>
   </div>
   <div class='ocr_carea' id='block_1_79' title="bbox 2070 3832 3669 3926">
    <p class='ocr_par' dir='ltr' id='par_1_79' title="bbox 2070 3832 3669 3926">
     <span class='ocr_line' id='line_1_79' title="bbox 2070 3832 3669 3926; baseline -0.014 -20"><span class='ocrx_word' id='word_1_611' title='bbox 2070 3854 2168 3926; x_wconf 79' lang='grc' dir='ltr'><strong>τὴν</strong></span> <span class='ocrx_word' id='word_1_612' title='bbox 2210 3849 2452 3920; x_wconf 79' lang='grc' dir='ltr'>κεφαλὴν</span> <span class='ocrx_word' id='word_1_613' title='bbox 2484 3846 2673 3902; x_wconf 84' lang='grc' dir='ltr'>τούτου</span> <span class='ocrx_word' id='word_1_614' title='bbox 2715 3844 2995 3916; x_wconf 79' lang='grc' dir='ltr'>ῥήξαντες,</span> <span class='ocrx_word' id='word_1_615' title='bbox 3040 3839 3134 3893; x_wconf 88' lang='grc' dir='ltr'><strong>τοῦ</strong></span> <span class='ocrx_word' id='word_1_616' title='bbox 3186 3837 3499 3926; x_wconf 71' lang='grc' dir='ltr'>ζητήματος</span> <span class='ocrx_word' id='word_1_617' title='bbox 3547 3832 3669 3884; x_wconf 88' lang='grc' dir='ltr'><strong>τῶν</strong></span> 
     </span>
    </p>
   </div>
   <div class='ocr_carea' id='block_1_80' title="bbox 2070 3921 3587 4004">
    <p class='ocr_par' dir='ltr' id='par_1_80' title="bbox 2070 3921 3587 4004">
     <span class='ocr_line' id='line_1_80' title="bbox 2070 3921 3587 4004; baseline -0.015 -6"><span class='ocrx_word' id='word_1_618' title='bbox 2070 3921 2205 3999; x_wconf 82' lang='grc' dir='ltr'>νέων</span> <span class='ocrx_word' id='word_1_619' title='bbox 2246 3939 2512 3994; x_wconf 82' lang='grc' dir='ltr'>Ἰουδαίων</span> <span class='ocrx_word' id='word_1_620' title='bbox 2531 3978 2545 4004; x_wconf 88' lang='grc'><strong>,</strong></span> <span class='ocrx_word' id='word_1_621' title='bbox 2574 3936 2668 3991; x_wconf 72' lang='grc' dir='ltr'>ἐπὶ</span> <span class='ocrx_word' id='word_1_622' title='bbox 2697 3935 2795 3999; x_wconf 89' lang='grc' dir='ltr'><strong>τάς</strong></span> <span class='ocrx_word' id='word_1_623' title='bbox 2829 3932 2956 4003; x_wconf 78' lang='grc' dir='ltr'>ἑξῆς</span> <span class='ocrx_word' id='word_1_624' title='bbox 2990 3932 3180 4002; x_wconf 80' lang='grc' dir='ltr'>ἴωμεν,</span> <span class='ocrx_word' id='word_1_625' title='bbox 3211 3921 3256 3981; x_wconf 84' lang='grc' dir='ltr'><strong>ῶ</strong></span> <span class='ocrx_word' id='word_1_626' title='bbox 3291 3922 3587 3996; x_wconf 87' lang='grc' dir='ltr'>ἀγαπητοί.</span> 
     </span>
    </p>
   </div>
   <div class='ocr_carea' id='block_1_81' title="bbox 2144 4193 3673 4281">
    <p class='ocr_par' dir='ltr' id='par_1_81' title="bbox 2144 4193 3673 4281">
     <span class='ocr_line' id='line_1_81' title="bbox 2144 4193 3673 4281; baseline -0.012 -17"><span class='ocrx_word' id='word_1_627' title='bbox 2144 4209 2373 4281; x_wconf 79' lang='grc' dir='ltr'>Δρυῖνας</span> <span class='ocrx_word' id='word_1_628' title='bbox 2399 4206 2508 4276; x_wconf 83' lang='grc' dir='ltr'><strong>γάρ</strong></span> <span class='ocrx_word' id='word_1_629' title='bbox 2540 4222 2626 4269; x_wconf 89' lang='grc' dir='ltr'><strong>τις</strong></span> <span class='ocrx_word' id='word_1_630' title='bbox 2655 4203 2767 4276; x_wconf 76' lang='grc' dir='ltr'>ἔχις</span> <span class='ocrx_word' id='word_1_631' title='bbox 2794 4202 2936 4257; x_wconf 76' lang='grc' dir='ltr'>οὓτω</span> <span class='ocrx_word' id='word_1_632' title='bbox 2972 4198 3279 4271; x_wconf 84' lang='grc' dir='ltr'>καλουμένη</span> <span class='ocrx_word' id='word_1_633' title='bbox 3313 4196 3486 4266; x_wconf 85' lang='grc' dir='ltr'>τούτῳ</span> <span class='ocrx_word' id='word_1_634' title='bbox 3517 4193 3673 4248; x_wconf 77' lang='grc' dir='ltr'>ἔοικε</span> 
     </span>
    </p>
   </div>
   <div class='ocr_carea' id='block_1_82' title="bbox 2073 4284 3672 4376">
    <p class='ocr_par' dir='ltr' id='par_1_82' title="bbox 2073 4284 3672 4376">
     <span class='ocr_line' id='line_1_82' title="bbox 2073 4284 3672 4376; baseline -0.013 -18"><span class='ocrx_word' id='word_1_635' title='bbox 2073 4303 2152 4376; x_wconf 83' lang='grc' dir='ltr'>τῷ</span> <span class='ocrx_word' id='word_1_636' title='bbox 2178 4302 2524 4375; x_wconf 79' lang='grc' dir='ltr'>αίρεσιάρχῃ,</span> <span class='ocrx_word' id='word_1_637' title='bbox 2572 4299 2662 4361; x_wconf 88' lang='grc' dir='ltr'>Ὧς</span> <span class='ocrx_word' id='word_1_638' title='bbox 2701 4297 2925 4367; x_wconf 78' lang='grc' dir='ltr'>δρυῖνας</span> <span class='ocrx_word' id='word_1_639' title='bbox 2958 4294 3177 4362; x_wconf 85' lang='grc' dir='ltr'>λέγεται</span> <span class='ocrx_word' id='word_1_640' title='bbox 3213 4290 3311 4363; x_wconf 78' lang='grc' dir='ltr'><strong>μὲν</strong></span> <span class='ocrx_word' id='word_1_641' title='bbox 3350 4284 3487 4342; x_wconf 73' lang='grc' dir='ltr'>εἶναι</span> <span class='ocrx_word' id='word_1_642' title='bbox 3524 4286 3672 4357; x_wconf 76' lang='grc' dir='ltr'>ἔχις,</span> 
     </span>
    </p>
   </div>
   <div class='ocr_carea' id='block_1_83' title="bbox 2079 4377 3678 4468">
    <p class='ocr_par' dir='ltr' id='par_1_83' title="bbox 2079 4377 3678 4468">
     <span class='ocr_line' id='line_1_83' title="bbox 2079 4377 3678 4468; baseline -0.014 -17"><span class='ocrx_word' id='word_1_643' title='bbox 2079 4396 2232 4468; x_wconf 87' lang='grc' dir='ltr'><strong>παρά</strong></span> <span class='ocrx_word' id='word_1_644' title='bbox 2271 4394 2328 4447; x_wconf 83' lang='grc' dir='ltr'>δὲ</span> <span class='ocrx_word' id='word_1_645' title='bbox 2355 4392 2454 4455; x_wconf 91' lang='grc' dir='ltr'><strong>τάς</strong></span> <span class='ocrx_word' id='word_1_646' title='bbox 2490 4388 2711 4459; x_wconf 81' lang='grc' dir='ltr'>πόας,ἢ</span> <span class='ocrx_word' id='word_1_647' title='bbox 2763 4388 2856 4440; x_wconf 73' lang='grc' dir='ltr'><strong>καὶ</strong></span> <span class='ocrx_word' id='word_1_648' title='bbox 2887 4384 3053 4456; x_wconf 86' lang='grc' dir='ltr'>δρῦας</span> <span class='ocrx_word' id='word_1_649' title='bbox 3098 4380 3406 4454; x_wconf 83' lang='grc' dir='ltr'>ὲμφωλεύει</span> <span class='ocrx_word' id='word_1_650' title='bbox 3446 4377 3678 4448; x_wconf 82' lang='grc' dir='ltr'>συνεχέ-</span> 
     </span>
    </p>
   </div>
   <div class='ocr_carea' id='block_1_84' title="bbox 380 4467 1959 4582">
    <p class='ocr_par' dir='ltr' id='par_1_84' title="bbox 380 4467 1959 4564">
     <span class='ocr_line' id='line_1_84' title="bbox 380 4467 1959 4564; baseline -0.003 -18"><span class='ocrx_word' id='word_1_651' title='bbox 380 4492 549 4548; x_wconf 88' lang='lat' dir='ltr'><strong>tescit</strong></span> <span class='ocrx_word' id='word_1_652' title='bbox 603 4467 772 4564; x_wconf 82' lang='lat' dir='ltr'><strong>[unde</strong></span> <span class='ocrx_word' id='word_1_653' title='bbox 803 4492 853 4546; x_wconf 87' lang='lat' dir='ltr'><strong>ei</strong></span> <span class='ocrx_word' id='word_1_654' title='bbox 878 4490 1088 4561; x_wconf 68' lang='lat' dir='ltr'><strong>dryinae</strong></span> <span class='ocrx_word' id='word_1_655' title='bbox 1116 4505 1316 4545; x_wconf 89' lang='lat' dir='ltr'><strong>nomen</strong></span> <span class='ocrx_word' id='word_1_656' title='bbox 1348 4497 1454 4558; x_wconf 85' lang='lat' dir='ltr'><strong>est,</strong></span> <span class='ocrx_word' id='word_1_657' title='bbox 1479 4467 1545 4544; x_wconf 82' lang='lat' dir='ltr'><strong>eo</strong></span> <span class='ocrx_word' id='word_1_658' title='bbox 1575 4488 1720 4560; x_wconf 92' lang='lat' dir='ltr'><strong>quod</strong></span> <span class='ocrx_word' id='word_1_659' title='bbox 1747 4488 1959 4542; x_wconf 71' lang='lat' dir='ltr'><strong>arbore:</strong></span> 
     </span>
    </p>
   </div>
   <div class='ocr_carea' id='block_1_85' title="bbox 2068 4467 3677 4582">
    <p class='ocr_par' dir='ltr' id='par_1_85' title="bbox 2082 4467 3677 4552">
     <span class='ocr_line' id='line_1_85' title="bbox 2082 4467 3677 4552; baseline -0.014 -11"><span class='ocrx_word' id='word_1_660' title='bbox 2082 4467 2285 4541; x_wconf 87' lang='grc' dir='ltr'>στατα·</span> <span class='ocrx_word' id='word_1_661' title='bbox 2328 4482 2408 4537; x_wconf 83' lang='grc' dir='ltr'><strong>διδ</strong></span> <span class='ocrx_word' id='word_1_662' title='bbox 2438 4481 2533 4535; x_wconf 76' lang='grc' dir='ltr'>καὶ</span> <span class='ocrx_word' id='word_1_663' title='bbox 2571 4480 2793 4552; x_wconf 78' lang='grc' dir='ltr'>δρυΐνας</span> <span class='ocrx_word' id='word_1_664' title='bbox 2830 4475 3096 4541; x_wconf 84' lang='grc' dir='ltr'>καλεῖται,</span> <span class='ocrx_word' id='word_1_665' title='bbox 3122 4472 3233 4527; x_wconf 79' lang='grc' dir='ltr'><strong>ἀπὸ</strong></span> <span class='ocrx_word' id='word_1_666' title='bbox 3283 4468 3377 4523; x_wconf 89' lang='grc' dir='ltr'><strong>τοῦ</strong></span> <span class='ocrx_word' id='word_1_667' title='bbox 3425 4467 3677 4540; x_wconf 82' lang='grc' dir='ltr'>φιλόδεν-</span> 
     </span>
    </p>
   </div>
   <div class='ocr_carea' id='block_1_86' title="bbox 382 4578 1972 4654">
    <p class='ocr_par' dir='ltr' id='par_1_86' title="bbox 382 4578 1972 4654">
     <span class='ocr_line' id='line_1_86' title="bbox 382 4578 1972 4654; baseline -0.005 -15"><span class='ocrx_word' id='word_1_668' title='bbox 382 4590 733 4640; x_wconf 89' lang='lat' dir='ltr'><strong>consectetur</strong></span> <span class='ocrx_word' id='word_1_669' title='bbox 776 4590 940 4654; x_wconf 90' lang='lat' dir='ltr'><strong>atque</strong></span> <span class='ocrx_word' id='word_1_670' title='bbox 981 4582 1127 4636; x_wconf 88' lang='lat' dir='ltr'><strong>inter</strong></span> <span class='ocrx_word' id='word_1_671' title='bbox 1163 4580 1291 4637; x_wconf 89' lang='lat' dir='ltr'><strong>folia</strong></span> <span class='ocrx_word' id='word_1_672' title='bbox 1327 4596 1448 4653; x_wconf 67' lang='lat' dir='ltr'><strong>quae</strong></span> <span class='ocrx_word' id='word_1_673' title='bbox 1483 4597 1549 4637; x_wconf 79' lang='lat' dir='ltr'><strong>ex</strong></span> <span class='ocrx_word' id='word_1_674' title='bbox 1596 4580 1792 4635; x_wconf 88' lang='lat' dir='ltr'><strong>arbore</strong></span> <span class='ocrx_word' id='word_1_675' title='bbox 1825 4578 1972 4633; x_wconf 83' lang='lat' dir='ltr'><strong>deci-</strong></span> 
     </span>
    </p>
   </div>
   <div class='ocr_carea' id='block_1_87' title="bbox 382 4672 1977 4749">
    <p class='ocr_par' dir='ltr' id='par_1_87' title="bbox 382 4672 1977 4749">
     <span class='ocr_line' id='line_1_87' title="bbox 382 4672 1977 4749; baseline -0.005 -16"><span class='ocrx_word' id='word_1_676' title='bbox 382 4677 523 4733; x_wconf 91' lang='lat' dir='ltr'><strong>dunt</strong></span> <span class='ocrx_word' id='word_1_677' title='bbox 561 4677 783 4749; x_wconf 88' lang='lat' dir='ltr'><strong>jacens,</strong></span> <span class='ocrx_word' id='word_1_678' title='bbox 819 4675 984 4747; x_wconf 80' lang='lat'><strong>617</strong></span> <span class='ocrx_word' id='word_1_679' title='bbox 1021 4674 1289 4746; x_wconf 87' lang='lat' dir='ltr'><strong>cujusque</strong></span> <span class='ocrx_word' id='word_1_680' title='bbox 1329 4674 1385 4729; x_wconf 92' lang='lat' dir='ltr'><strong>in</strong></span> <span class='ocrx_word' id='word_1_681' title='bbox 1419 4689 1478 4730; x_wconf 92' lang='lat' dir='ltr'><strong>se</strong></span> <span class='ocrx_word' id='word_1_682' title='bbox 1522 4672 1854 4729; x_wconf 88' lang='lat' dir='ltr'><strong>viriditatem</strong></span> <span class='ocrx_word' id='word_1_683' title='bbox 1881 4687 1977 4727; x_wconf 85' lang='lat' dir='ltr'><strong>ex-</strong></span> 
     </span>
    </p>
   </div>
   <div class='ocr_carea' id='block_1_88' title="bbox 384 4764 1979 4843">
    <p class='ocr_par' dir='ltr' id='par_1_88' title="bbox 384 4764 1979 4843">
     <span class='ocr_line' id='line_1_88' title="bbox 384 4764 1979 4843; baseline -0.004 -17"><span class='ocrx_word' id='word_1_684' title='bbox 384 4768 633 4843; x_wconf 88' lang='lat' dir='ltr'><strong>primat,]</strong></span> <span class='ocrx_word' id='word_1_685' title='bbox 665 4784 728 4823; x_wconf 91' lang='lat' dir='ltr'><strong>ac</strong></span> <span class='ocrx_word' id='word_1_686' title='bbox 759 4768 886 4823; x_wconf 88' lang='lat' dir='ltr'><strong>licet</strong></span> <span class='ocrx_word' id='word_1_687' title='bbox 914 4784 1023 4823; x_wconf 93' lang='lat' dir='ltr'><strong>non</strong></span> <span class='ocrx_word' id='word_1_688' title='bbox 1055 4768 1191 4825; x_wconf 89' lang='lat' dir='ltr'><strong>adeo</strong></span> <span class='ocrx_word' id='word_1_689' title='bbox 1226 4767 1483 4824; x_wconf 89' lang='lat' dir='ltr'><strong>acerbum</strong></span> <span class='ocrx_word' id='word_1_690' title='bbox 1517 4765 1762 4821; x_wconf 88' lang='lat' dir='ltr'><strong>dolorem</strong></span> <span class='ocrx_word' id='word_1_691' title='bbox 1794 4764 1979 4819; x_wconf 90' lang='lat' dir='ltr'><strong>inurat</strong></span> 
     </span>
    </p>
   </div>
   <div class='ocr_carea' id='block_1_89' title="bbox 387 4856 1974 4928">
    <p class='ocr_par' dir='ltr' id='par_1_89' title="bbox 387 4856 1974 4928">
     <span class='ocr_line' id='line_1_89' title="bbox 387 4856 1974 4928; baseline -0.006 -8"><span class='ocrx_word' id='word_1_692' title='bbox 387 4865 492 4920; x_wconf 88' lang='lat' dir='ltr'><strong>hoc</strong></span> <span class='ocrx_word' id='word_1_693' title='bbox 530 4862 754 4928; x_wconf 91' lang='lat' dir='ltr'><strong>animal,</strong></span> <span class='ocrx_word' id='word_1_694' title='bbox 788 4870 972 4917; x_wconf 90' lang='lat' dir='ltr'><strong>tamen</strong></span> <span class='ocrx_word' id='word_1_695' title='bbox 1006 4861 1053 4918; x_wconf 87' lang='lat' dir='ltr'><strong>si</strong></span> <span class='ocrx_word' id='word_1_696' title='bbox 1087 4860 1298 4916; x_wconf 91' lang='lat' dir='ltr'><strong>diutius</strong></span> <span class='ocrx_word' id='word_1_697' title='bbox 1332 4860 1485 4915; x_wconf 90' lang='lat' dir='ltr'><strong>virus</strong></span> <span class='ocrx_word' id='word_1_698' title='bbox 1528 4856 1855 4923; x_wconf 56' lang='lat' dir='ltr'><strong>adha‘serit,</strong></span> <span class='ocrx_word' id='word_1_699' title='bbox 1891 4856 1974 4911; x_wconf 84' lang='lat' dir='ltr'><strong>le-</strong></span> 
     </span>
    </p>
   </div>
   <div class='ocr_carea' id='block_1_90' title="bbox 387 4947 1973 5025">
    <p class='ocr_par' dir='ltr' id='par_1_90' title="bbox 387 4947 1973 5025">
     <span class='ocr_line' id='line_1_90' title="bbox 387 4947 1973 5025; baseline -0.008 -11"><span class='ocrx_word' id='word_1_700' title='bbox 387 4969 507 5015; x_wconf 93' lang='lat' dir='ltr'><strong>tum</strong></span> <span class='ocrx_word' id='word_1_701' title='bbox 551 4956 707 5011; x_wconf 83' lang='lat' dir='ltr'><strong>all&#39;ert</strong></span> <span class='ocrx_word' id='word_1_702' title='bbox 750 4954 985 5011; x_wconf 89' lang='lat' dir='ltr'><strong>:eodcm</strong></span> <span class='ocrx_word' id='word_1_703' title='bbox 1022 4969 1253 5025; x_wconf 90' lang='lat' dir='ltr'><strong>prorsus</strong></span> <span class='ocrx_word' id='word_1_704' title='bbox 1286 4952 1449 5006; x_wconf 85' lang='lat' dir='ltr'><strong>modo</strong></span> <span class='ocrx_word' id='word_1_705' title='bbox 1499 4950 1789 5004; x_wconf 78' lang='lat' dir='ltr'><strong>haereticus</strong></span> <span class='ocrx_word' id='word_1_706' title='bbox 1836 4947 1973 5013; x_wconf 87' lang='lat' dir='ltr'><strong>iste,</strong></span> 
     </span>
    </p>
   </div>
   <div class='ocr_carea' id='block_1_91' title="bbox 388 5032 1974 5134">
    <p class='ocr_par' dir='ltr' id='par_1_91' title="bbox 388 5032 1974 5134">
     <span class='ocr_line' id='line_1_91' title="bbox 388 5032 1974 5134; baseline -0.008 -29"><span class='ocrx_word' id='word_1_707' title='bbox 388 5067 513 5105; x_wconf 91' lang='lat' dir='ltr'><strong>cum</strong></span> <span class='ocrx_word' id='word_1_708' title='bbox 554 5057 706 5105; x_wconf 90' lang='lat' dir='ltr'><strong>secta</strong></span> <span class='ocrx_word' id='word_1_709' title='bbox 742 5064 843 5104; x_wconf 86' lang='lat' dir='ltr'><strong>sua</strong></span> <span class='ocrx_word' id='word_1_710' title='bbox 876 5032 942 5134; x_wconf 75' lang='lat' dir='ltr'><strong>ad</strong></span> <span class='ocrx_word' id='word_1_711' title='bbox 984 5046 1170 5102; x_wconf 92' lang='lat' dir='ltr'><strong>omnia</strong></span> <span class='ocrx_word' id='word_1_712' title='bbox 1202 5060 1323 5100; x_wconf 89' lang='lat' dir='ltr'><strong>sese</strong></span> <span class='ocrx_word' id='word_1_713' title='bbox 1358 5057 1555 5115; x_wconf 85' lang='lat' dir='ltr'><strong>genera</strong></span> <span class='ocrx_word' id='word_1_714' title='bbox 1596 5042 1974 5097; x_wconf 89' lang='lat' dir='ltr'><strong>institutorum</strong></span> 
     </span>
    </p>
   </div>
   <div class='ocr_carea' id='block_1_92' title="bbox 387 5134 1979 5213">
    <p class='ocr_par' dir='ltr' id='par_1_92' title="bbox 387 5134 1979 5213">
     <span class='ocr_line' id='line_1_92' title="bbox 387 5134 1979 5213; baseline -0.008 -16"><span class='ocrx_word' id='word_1_715' title='bbox 387 5143 695 5213; x_wconf 88' lang='lat' dir='ltr'><strong>applicans,</strong></span> <span class='ocrx_word' id='word_1_716' title='bbox 724 5139 795 5196; x_wconf 89' lang='lat' dir='ltr'><strong>iis</strong></span> <span class='ocrx_word' id='word_1_717' title='bbox 835 5156 894 5195; x_wconf 89' lang='lat' dir='ltr'><strong>se</strong></span> <span class='ocrx_word' id='word_1_718' title='bbox 925 5153 1091 5209; x_wconf 89' lang='lat' dir='ltr'><strong>quam</strong></span> <span class='ocrx_word' id='word_1_719' title='bbox 1142 5137 1482 5193; x_wconf 90' lang='lat' dir='ltr'><strong>simillimum</strong></span> <span class='ocrx_word' id='word_1_720' title='bbox 1521 5134 1723 5200; x_wconf 85' lang='lat' dir='ltr'><strong>ellicit;</strong></span> <span class='ocrx_word' id='word_1_721' title='bbox 1762 5147 1885 5187; x_wconf 91' lang='lat' dir='ltr'><strong>nam</strong></span> <span class='ocrx_word' id='word_1_722' title='bbox 1925 5138 1979 5186; x_wconf 91' lang='lat' dir='ltr'><strong>et</strong></span> 
     </span>
    </p>
   </div>
   <div class='ocr_carea' id='block_1_93' title="bbox 389 5225 1976 5303">
    <p class='ocr_par' dir='ltr' id='par_1_93' title="bbox 389 5225 1976 5303">
     <span class='ocr_line' id='line_1_93' title="bbox 389 5225 1976 5303; baseline -0.008 -13"><span class='ocrx_word' id='word_1_723' title='bbox 389 5234 598 5290; x_wconf 87' lang='lat' dir='ltr'><strong>Christi</strong></span> <span class='ocrx_word' id='word_1_724' title='bbox 648 5233 754 5289; x_wconf 89' lang='lat' dir='ltr'><strong>sibi</strong></span> <span class='ocrx_word' id='word_1_725' title='bbox 785 5231 1207 5303; x_wconf 89' lang='lat' dir='ltr'><strong>appellationem</strong></span> <span class='ocrx_word' id='word_1_726' title='bbox 1251 5228 1546 5298; x_wconf 90' lang='lat' dir='ltr'><strong>imposuit,</strong></span> <span class='ocrx_word' id='word_1_727' title='bbox 1578 5235 1632 5282; x_wconf 91' lang='lat' dir='ltr'><strong>et</strong></span> <span class='ocrx_word' id='word_1_728' title='bbox 1661 5225 1976 5281; x_wconf 67' lang='lat' dir='ltr'><strong>Judmorum</strong></span> 
     </span>
    </p>
   </div>
   <div class='ocr_carea' id='block_1_94' title="bbox 392 5319 1979 5397">
    <p class='ocr_par' dir='ltr' id='par_1_94' title="bbox 392 5319 1979 5397">
     <span class='ocr_line' id='line_1_94' title="bbox 392 5319 1979 5397; baseline -0.006 -17"><span class='ocrx_word' id='word_1_729' title='bbox 392 5329 647 5397; x_wconf 75' lang='lat' dir='ltr'><strong>dogmata</strong></span> <span class='ocrx_word' id='word_1_730' title='bbox 684 5325 1004 5394; x_wconf 81' lang='lat' dir='ltr'><strong>proﬁtetur;</strong></span> <span class='ocrx_word' id='word_1_731' title='bbox 1030 5331 1086 5379; x_wconf 91' lang='lat' dir='ltr'><strong>et</strong></span> <span class='ocrx_word' id='word_1_732' title='bbox 1111 5338 1235 5378; x_wconf 91' lang='lat' dir='ltr'><strong>cum</strong></span> <span class='ocrx_word' id='word_1_733' title='bbox 1272 5320 1509 5376; x_wconf 89' lang='lat' dir='ltr'><strong>Verbum</strong></span> <span class='ocrx_word' id='word_1_734' title='bbox 1542 5335 1665 5375; x_wconf 89' lang='lat' dir='ltr'><strong>esse</strong></span> <span class='ocrx_word' id='word_1_735' title='bbox 1693 5319 1979 5373; x_wconf 82' lang='lat' dir='ltr'><strong>Christum</strong></span> 
     </span>
    </p>
   </div>
   <div class='ocr_carea' id='block_1_95' title="bbox 394 5412 1983 5482">
    <p class='ocr_par' dir='ltr' id='par_1_95' title="bbox 394 5412 1983 5482">
     <span class='ocr_line' id='line_1_95' title="bbox 394 5412 1983 5482; baseline -0.006 -9"><span class='ocrx_word' id='word_1_736' title='bbox 394 5419 651 5482; x_wconf 82' lang='lat' dir='ltr'><strong>fateatur,</strong></span> <span class='ocrx_word' id='word_1_737' title='bbox 684 5434 794 5472; x_wconf 90' lang='lat' dir='ltr'><strong>non</strong></span> <span class='ocrx_word' id='word_1_738' title='bbox 824 5430 949 5471; x_wconf 91' lang='lat' dir='ltr'><strong>eum</strong></span> <span class='ocrx_word' id='word_1_739' title='bbox 983 5426 1166 5470; x_wconf 88' lang='lat' dir='ltr'><strong>tamen</strong></span> <span class='ocrx_word' id='word_1_740' title='bbox 1206 5430 1329 5470; x_wconf 88' lang='lat' dir='ltr'><strong>esse</strong></span> <span class='ocrx_word' id='word_1_741' title='bbox 1354 5454 1368 5478; x_wconf 89' lang='lat'><em>.</em></span> <span class='ocrx_word' id='word_1_742' title='bbox 1411 5429 1596 5470; x_wconf 89' lang='lat' dir='ltr'><strong>secum</strong></span> <span class='ocrx_word' id='word_1_743' title='bbox 1645 5412 1829 5467; x_wconf 87' lang='lat' dir='ltr'><strong>animo</strong></span> <span class='ocrx_word' id='word_1_744' title='bbox 1870 5419 1983 5466; x_wconf 90' lang='lat' dir='ltr'><strong>sta-</strong></span> 
     </span>
    </p>
   </div>
   <div class='ocr_carea' id='block_1_96' title="bbox 397 5505 1983 5580">
    <p class='ocr_par' dir='ltr' id='par_1_96' title="bbox 397 5505 1983 5580">
     <span class='ocr_line' id='line_1_96' title="bbox 397 5505 1983 5580; baseline -0.006 -14"><span class='ocrx_word' id='word_1_745' title='bbox 397 5510 519 5566; x_wconf 86' lang='lat' dir='ltr'><strong>tuit.</strong></span> <span class='ocrx_word' id='word_1_746' title='bbox 554 5509 800 5580; x_wconf 91' lang='lat' dir='ltr'><strong>Denique</strong></span> <span class='ocrx_word' id='word_1_747' title='bbox 822 5511 878 5565; x_wconf 92' lang='lat' dir='ltr'><strong>in</strong></span> <span class='ocrx_word' id='word_1_748' title='bbox 918 5509 1194 5579; x_wconf 82' lang='lat' dir='ltr'><strong>plerisque</strong></span> <span class='ocrx_word' id='word_1_749' title='bbox 1234 5523 1293 5563; x_wconf 91' lang='lat' dir='ltr'><strong>se</strong></span> <span class='ocrx_word' id='word_1_750' title='bbox 1326 5506 1447 5564; x_wconf 91' lang='lat' dir='ltr'><strong>sine</strong></span> <span class='ocrx_word' id='word_1_751' title='bbox 1481 5505 1593 5561; x_wconf 93' lang='lat' dir='ltr'><strong>ullo</strong></span> <span class='ocrx_word' id='word_1_752' title='bbox 1632 5505 1841 5576; x_wconf 88' lang='lat' dir='ltr'><strong>pudore</strong></span> <span class='ocrx_word' id='word_1_753' title='bbox 1873 5514 1983 5558; x_wconf 88' lang='lat' dir='ltr'><strong>tra-</strong></span> 
     </span>
    </p>
   </div>
   <div class='ocr_carea' id='block_1_97' title="bbox 393 5597 1985 5675">
    <p class='ocr_par' dir='ltr' id='par_1_97' title="bbox 393 5597 1985 5675">
     <span class='ocr_line' id='line_1_97' title="bbox 393 5597 1985 5675; baseline -0.005 -16"><span class='ocrx_word' id='word_1_754' title='bbox 393 5602 565 5659; x_wconf 82' lang='lat' dir='ltr'><strong>ducit.</strong></span> <span class='ocrx_word' id='word_1_755' title='bbox 599 5604 772 5675; x_wconf 90' lang='lat' dir='ltr'><strong>Cujus</strong></span> <span class='ocrx_word' id='word_1_756' title='bbox 802 5619 904 5660; x_wconf 92' lang='lat' dir='ltr'><strong>nos</strong></span> <span class='ocrx_word' id='word_1_757' title='bbox 933 5604 1210 5671; x_wconf 90' lang='lat' dir='ltr'><strong>doctrina,</strong></span> <span class='ocrx_word' id='word_1_758' title='bbox 1236 5604 1349 5661; x_wconf 87' lang='lat' dir='ltr'><strong>sive</strong></span> <span class='ocrx_word' id='word_1_759' title='bbox 1372 5601 1559 5674; x_wconf 88' lang='lat' dir='ltr'><strong>potius</strong></span> <span class='ocrx_word' id='word_1_760' title='bbox 1585 5614 1797 5668; x_wconf 87' lang='lat' dir='ltr'><strong>errore,</strong></span> <span class='ocrx_word' id='word_1_761' title='bbox 1830 5597 1985 5655; x_wconf 88' lang='lat' dir='ltr'><strong>Chri-</strong></span> 
     </span>
    </p>
   </div>
   <div class='ocr_carea' id='block_1_98' title="bbox 472 5759 948 5832">
    <p class='ocr_par' dir='ltr' id='par_1_98' title="bbox 472 5759 948 5832">
     <span class='ocr_line' id='line_1_98' title="bbox 472 5759 948 5832; baseline -0.002 -14"><span class='ocrx_word' id='word_1_762' title='bbox 472 5762 487 5793; x_wconf 70' lang='grc'><strong>’</strong></span> <span class='ocrx_word' id='word_1_763' title='bbox 517 5759 676 5818; x_wconf 74' lang='lat' dir='ltr'><strong>Joan.</strong></span> <span class='ocrx_word' id='word_1_764' title='bbox 719 5778 830 5832; x_wconf 77' lang='lat' dir='ltr'><strong>xiv,</strong></span> <span class='ocrx_word' id='word_1_765' title='bbox 863 5761 948 5817; x_wconf 80' lang='grc'>10.</span> 
     </span>
    </p>
   </div>
   <div class='ocr_carea' id='block_1_99' title="bbox 2081 4557 3679 4651">
    <p class='ocr_par' dir='ltr' id='par_1_99' title="bbox 2081 4557 3679 4651">
     <span class='ocr_line' id='line_1_99' title="bbox 2081 4557 3679 4651; baseline -0.013 -17"><span class='ocrx_word' id='word_1_766' title='bbox 2081 4580 2209 4651; x_wconf 88' lang='grc' dir='ltr'>δρον</span> <span class='ocrx_word' id='word_1_767' title='bbox 2257 4575 2390 4630; x_wconf 81' lang='grc' dir='ltr'>αὐτὸ</span> <span class='ocrx_word' id='word_1_768' title='bbox 2441 4570 2615 4637; x_wconf 76' lang='grc' dir='ltr'>εἶναι,</span> <span class='ocrx_word' id='word_1_769' title='bbox 2652 4570 2747 4626; x_wconf 75' lang='grc' dir='ltr'>καὶ</span> <span class='ocrx_word' id='word_1_770' title='bbox 2787 4568 2950 4622; x_wconf 80' lang='grc' dir='ltr'>ἑαυτὸ</span> <span class='ocrx_word' id='word_1_771' title='bbox 2990 4562 3348 4635; x_wconf 81' lang='grc' dir='ltr'>παρεικάζειν</span> <span class='ocrx_word' id='word_1_772' title='bbox 3394 4557 3679 4631; x_wconf 79' lang='grc' dir='ltr'>ἀναμέσον</span> 
     </span>
    </p>
   </div>
   <div class='ocr_carea' id='block_1_100' title="bbox 2083 4652 3679 4738">
    <p class='ocr_par' dir='ltr' id='par_1_100' title="bbox 2083 4652 3679 4738">
     <span class='ocr_line' id='line_1_100' title="bbox 2083 4652 3679 4738; baseline -0.014 -12"><span class='ocrx_word' id='word_1_773' title='bbox 2083 4671 2193 4726; x_wconf 90' lang='grc' dir='ltr'><strong>τῶν</strong></span> <span class='ocrx_word' id='word_1_774' title='bbox 2218 4671 2284 4723; x_wconf 80' lang='grc' dir='ltr'>ὲκ</span> <span class='ocrx_word' id='word_1_775' title='bbox 2310 4668 2419 4722; x_wconf 88' lang='grc' dir='ltr'><strong>τῶν</strong></span> <span class='ocrx_word' id='word_1_776' title='bbox 2441 4666 2672 4738; x_wconf 85' lang='grc' dir='ltr'>δένδρων</span> <span class='ocrx_word' id='word_1_777' title='bbox 2713 4659 3055 4735; x_wconf 85' lang='grc' dir='ltr'>ριπτομένων</span> <span class='ocrx_word' id='word_1_778' title='bbox 3079 4656 3293 4727; x_wconf 81' lang='grc' dir='ltr'>φύλλων</span> <span class='ocrx_word' id='word_1_779' title='bbox 3329 4655 3397 4725; x_wconf 78' lang='grc' dir='ltr'>τῇ</span> <span class='ocrx_word' id='word_1_780' title='bbox 3434 4652 3679 4705; x_wconf 78' lang='grc' dir='ltr'>ἑκάστου</span> 
     </span>
    </p>
   </div>
   <div class='ocr_carea' id='block_1_101' title="bbox 2083 4740 3677 4833">
    <p class='ocr_par' dir='ltr' id='par_1_101' title="bbox 2083 4740 3677 4833">
     <span class='ocr_line' id='line_1_101' title="bbox 2083 4740 3677 4833; baseline -0.015 -18"><span class='ocrx_word' id='word_1_781' title='bbox 2083 4760 2419 4833; x_wconf 72' lang='grc' dir='ltr'>χλωρότητισ</span> <span class='ocrx_word' id='word_1_782' title='bbox 2452 4755 2513 4810; x_wconf 72' lang='grc' dir='ltr'>οὗ</span> <span class='ocrx_word' id='word_1_783' title='bbox 2550 4753 2806 4809; x_wconf 91' lang='grc' dir='ltr'>τοσοῦτον</span> <span class='ocrx_word' id='word_1_784' title='bbox 2831 4751 2888 4805; x_wconf 73' lang='grc' dir='ltr'>δὲ</span> <span class='ocrx_word' id='word_1_785' title='bbox 2937 4745 3074 4803; x_wconf 83' lang='grc' dir='ltr'>εἰναι</span> <span class='ocrx_word' id='word_1_786' title='bbox 3108 4744 3363 4816; x_wconf 77' lang='grc' dir='ltr'>ὀδυνηρὸν</span> <span class='ocrx_word' id='word_1_787' title='bbox 3400 4740 3677 4833; x_wconf 12' lang='grc' dir='ltr'>τὸᾷζῶονξ</span> 
     </span>
    </p>
   </div>
   <div class='ocr_carea' id='block_1_102' title="bbox 2084 4830 3683 4920">
    <p class='ocr_par' dir='ltr' id='par_1_102' title="bbox 2084 4830 3683 4920">
     <span class='ocr_line' id='line_1_102' title="bbox 2084 4830 3683 4920; baseline -0.016 -13"><span class='ocrx_word' id='word_1_788' title='bbox 2084 4830 2180 4906; x_wconf 72' lang='grc' dir='ltr'><strong>έάν</strong></span> <span class='ocrx_word' id='word_1_789' title='bbox 2203 4830 2269 4905; x_wconf 31' lang='grc' dir='ltr'><strong>’δὲ</strong></span> <span class='ocrx_word' id='word_1_790' title='bbox 2314 4847 2605 4920; x_wconf 78' lang='grc' dir='ltr'>ὲπιμείνῃ,</span> <span class='ocrx_word' id='word_1_791' title='bbox 2637 4844 2865 4898; x_wconf 88' lang='grc' dir='ltr'>θάνατον</span> <span class='ocrx_word' id='word_1_792' title='bbox 2894 4840 3142 4913; x_wconf 74' lang='grc' dir='ltr'>ἐμποιεῖν</span> <span class='ocrx_word' id='word_1_793' title='bbox 3167 4854 3180 4868; x_wconf 77' lang='grc' dir='ltr'><strong><em>ο</em></strong></span> <span class='ocrx_word' id='word_1_794' title='bbox 3215 4834 3389 4897; x_wconf 77' lang='grc' dir='ltr'>οὕτως</span> <span class='ocrx_word' id='word_1_795' title='bbox 3426 4831 3535 4902; x_wconf 89' lang='grc' dir='ltr'><strong>γάρ</strong></span> <span class='ocrx_word' id='word_1_796' title='bbox 3580 4830 3683 4883; x_wconf 80' lang='grc' dir='ltr'>καὶ</span> 
     </span>
    </p>
   </div>
   <div class='ocr_carea' id='block_1_103' title="bbox 2083 4922 3686 5012">
    <p class='ocr_par' dir='ltr' id='par_1_103' title="bbox 2083 4922 3686 5012">
     <span class='ocr_line' id='line_1_103' title="bbox 2083 4922 3686 5012; baseline -0.017 -13"><span class='ocrx_word' id='word_1_797' title='bbox 2083 4939 2259 5008; x_wconf 72' lang='grc' dir='ltr'>οὗτος,</span> <span class='ocrx_word' id='word_1_798' title='bbox 2288 4942 2383 4997; x_wconf 71' lang='grc' dir='ltr'><strong>καὶ</strong></span> <span class='ocrx_word' id='word_1_799' title='bbox 2416 4941 2451 5012; x_wconf 84' lang='grc' dir='ltr'><strong>ή</strong></span> <span class='ocrx_word' id='word_1_800' title='bbox 2478 4940 2573 4993; x_wconf 86' lang='grc' dir='ltr'>ἀπ’</span> <span class='ocrx_word' id='word_1_801' title='bbox 2600 4936 2766 4991; x_wconf 80' lang='grc' dir='ltr'>αὑτοῦ</span> <span class='ocrx_word' id='word_1_802' title='bbox 2788 4935 3002 5005; x_wconf 80' lang='grc' dir='ltr'>αἵρεσις</span> <span class='ocrx_word' id='word_1_803' title='bbox 3031 4930 3249 4983; x_wconf 85' lang='grc' dir='ltr'>πάντων</span> <span class='ocrx_word' id='word_1_804' title='bbox 3275 4923 3524 4995; x_wconf 87' lang='grc' dir='ltr'>ἀριθμῶν</span> <span class='ocrx_word' id='word_1_805' title='bbox 3550 4922 3686 4974; x_wconf 75' lang='grc' dir='ltr'>ἑαυ-</span> 
     </span>
    </p>
   </div>
   <div class='ocr_carea' id='block_1_104' title="bbox 2083 5014 3682 5100">
    <p class='ocr_par' dir='ltr' id='par_1_104' title="bbox 2083 5014 3682 5100">
     <span class='ocr_line' id='line_1_104' title="bbox 2083 5014 3682 5100; baseline -0.018 -9"><span class='ocrx_word' id='word_1_806' title='bbox 2083 5036 2174 5092; x_wconf 80' lang='grc' dir='ltr'><strong>τὸν</strong></span> <span class='ocrx_word' id='word_1_807' title='bbox 2214 5032 2603 5097; x_wconf 76' lang='grc' dir='ltr'>ἀπεικάζεται,</span> <span class='ocrx_word' id='word_1_808' title='bbox 2658 5025 2898 5100; x_wconf 82' lang='grc' dir='ltr'>Χριστοῦ</span> <span class='ocrx_word' id='word_1_809' title='bbox 2950 5024 3048 5095; x_wconf 82' lang='grc' dir='ltr'>μὲν</span> <span class='ocrx_word' id='word_1_810' title='bbox 3092 5022 3266 5091; x_wconf 75' lang='grc' dir='ltr'>ὄνομα</span> <span class='ocrx_word' id='word_1_811' title='bbox 3301 5014 3682 5085; x_wconf 75' lang='grc' dir='ltr'>ἐνδεδυμένος,</span> 
     </span>
    </p>
   </div>
   <div class='ocr_carea' id='block_1_105' title="bbox 2098 5107 3684 5195">
    <p class='ocr_par' dir='ltr' id='par_1_105' title="bbox 2098 5107 3684 5195">
     <span class='ocr_line' id='line_1_105' title="bbox 2098 5107 3684 5195; baseline -0.015 -13"><span class='ocrx_word' id='word_1_812' title='bbox 2098 5126 2365 5182; x_wconf 87' lang='grc' dir='ltr'>Ἰουδαίων</span> <span class='ocrx_word' id='word_1_813' title='bbox 2398 5125 2457 5179; x_wconf 81' lang='grc' dir='ltr'><strong>δὲ</strong></span> <span class='ocrx_word' id='word_1_814' title='bbox 2495 5123 2557 5177; x_wconf 85' lang='grc' dir='ltr'><strong>τὸ</strong></span> <span class='ocrx_word' id='word_1_815' title='bbox 2586 5122 2843 5195; x_wconf 83' lang='grc' dir='ltr'>φρόνημα</span> <span class='ocrx_word' id='word_1_816' title='bbox 2875 5111 3312 5187; x_wconf 75' lang='grc' dir='ltr'>ἐπανῃρημένος,</span> <span class='ocrx_word' id='word_1_817' title='bbox 3336 5108 3506 5176; x_wconf 88' lang='grc' dir='ltr'>Λόγον</span> <span class='ocrx_word' id='word_1_818' title='bbox 3534 5107 3684 5178; x_wconf 83' lang='grc' dir='ltr'>Χρι-</span> 
     </span>
    </p>
   </div>
   <div class='ocr_carea' id='block_1_106' title="bbox 2089 5200 3688 5289">
    <p class='ocr_par' dir='ltr' id='par_1_106' title="bbox 2089 5200 3688 5289">
     <span class='ocr_line' id='line_1_106' title="bbox 2089 5200 3688 5289; baseline -0.014 -14"><span class='ocrx_word' id='word_1_819' title='bbox 2089 5220 2213 5275; x_wconf 83' lang='grc' dir='ltr'>στὸν</span> <span class='ocrx_word' id='word_1_820' title='bbox 2241 5216 2539 5289; x_wconf 84' lang='grc' dir='ltr'>ὁμολογῶν,</span> <span class='ocrx_word' id='word_1_821' title='bbox 2567 5215 2668 5269; x_wconf 77' lang='grc' dir='ltr'><strong>οὐκ</strong></span> <span class='ocrx_word' id='word_1_822' title='bbox 2696 5213 2825 5266; x_wconf 75' lang='grc' dir='ltr'>ὄντα</span> <span class='ocrx_word' id='word_1_823' title='bbox 2847 5210 2905 5264; x_wconf 81' lang='grc' dir='ltr'>δὲ</span> <span class='ocrx_word' id='word_1_824' title='bbox 2934 5207 3122 5263; x_wconf 88' lang='grc' dir='ltr'>τοῦτον</span> <span class='ocrx_word' id='word_1_825' title='bbox 3144 5202 3539 5273; x_wconf 80' lang='grc' dir='ltr'>διανοούμενος.</span> <span class='ocrx_word' id='word_1_826' title='bbox 3563 5200 3688 5289; x_wconf 54' lang='grc' dir='ltr'><strong>Καλ</strong></span> 
     </span>
    </p>
   </div>
   <div class='ocr_carea' id='block_1_107' title="bbox 2088 5286 3685 5377">
    <p class='ocr_par' dir='ltr' id='par_1_107' title="bbox 2088 5286 3685 5377">
     <span class='ocr_line' id='line_1_107' title="bbox 2088 5286 3685 5377; baseline -0.014 -10"><span class='ocrx_word' id='word_1_827' title='bbox 2088 5315 2146 5367; x_wconf 81' lang='grc' dir='ltr'>ὲν</span> <span class='ocrx_word' id='word_1_828' title='bbox 2182 5286 2396 5375; x_wconf 80' lang='grc' dir='ltr'>πολλοῖς</span> <span class='ocrx_word' id='word_1_829' title='bbox 2439 5307 2631 5369; x_wconf 76' lang='grc' dir='ltr'>ἑαυτὸν</span> <span class='ocrx_word' id='word_1_830' title='bbox 2678 5300 3029 5377; x_wconf 82' lang='grc' dir='ltr'>θριαμϐεύων</span> <span class='ocrx_word' id='word_1_831' title='bbox 3059 5299 3159 5352; x_wconf 83' lang='grc' dir='ltr'><strong>οὐκ</strong></span> <span class='ocrx_word' id='word_1_832' title='bbox 3211 5293 3548 5365; x_wconf 72' lang='grc' dir='ltr'>αἰσχύνεται.</span> <span class='ocrx_word' id='word_1_833' title='bbox 3606 5286 3685 5345; x_wconf 73' lang='grc' dir='ltr'>υῦ</span> 
     </span>
    </p>
   </div>
   <div class='ocr_carea' id='block_1_108' title="bbox 2091 5383 3690 5476">
    <p class='ocr_par' dir='ltr' id='par_1_108' title="bbox 2091 5383 3690 5476">
     <span class='ocr_line' id='line_1_108' title="bbox 2091 5383 3690 5476; baseline -0.015 -15"><span class='ocrx_word' id='word_1_834' title='bbox 2091 5407 2185 5461; x_wconf 79' lang='grc' dir='ltr'><strong>καὶ</strong></span> <span class='ocrx_word' id='word_1_835' title='bbox 2213 5404 2312 5476; x_wconf 82' lang='grc' dir='ltr'>τὴν</span> <span class='ocrx_word' id='word_1_836' title='bbox 2348 5400 2613 5457; x_wconf 74' lang='grc' dir='ltr'>δοκοῦσαν</span> <span class='ocrx_word' id='word_1_837' title='bbox 2649 5395 3021 5458; x_wconf 84' lang='grc' dir='ltr'>διδασκαλίαν,</span> <span class='ocrx_word' id='word_1_838' title='bbox 3055 5392 3264 5461; x_wconf 86' lang='grc' dir='ltr'>πλάνην</span> <span class='ocrx_word' id='word_1_839' title='bbox 3305 5388 3363 5441; x_wconf 74' lang='grc' dir='ltr'>δὲ</span> <span class='ocrx_word' id='word_1_840' title='bbox 3392 5383 3583 5448; x_wconf 74' lang='grc' dir='ltr'>οὖσαν,</span> <span class='ocrx_word' id='word_1_841' title='bbox 3626 5390 3690 5438; x_wconf 81' lang='grc' dir='ltr'><strong>ὲν</strong></span> 
     </span>
    </p>
   </div>
   <div class='ocr_carea' id='block_1_109' title="bbox 2091 5481 3687 5571">
    <p class='ocr_par' dir='ltr' id='par_1_109' title="bbox 2091 5481 3687 5571">
     <span class='ocr_line' id='line_1_109' title="bbox 2091 5481 3687 5571; baseline -0.014 -15"><span class='ocrx_word' id='word_1_842' title='bbox 2091 5500 2170 5571; x_wconf 83' lang='grc' dir='ltr'>τῷ</span> <span class='ocrx_word' id='word_1_843' title='bbox 2207 5499 2518 5569; x_wconf 82' lang='grc' dir='ltr'>ὑποδήματι</span> <span class='ocrx_word' id='word_1_844' title='bbox 2564 5495 2659 5549; x_wconf 91' lang='grc' dir='ltr'><strong>τοῦ</strong></span> <span class='ocrx_word' id='word_1_845' title='bbox 2704 5490 2941 5565; x_wconf 75' lang='grc' dir='ltr'>Χριστοῦ</span> <span class='ocrx_word' id='word_1_846' title='bbox 2980 5481 3542 5555; x_wconf 79' lang='grc' dir='ltr'>καταπεπατηκότες,</span> <span class='ocrx_word' id='word_1_847' title='bbox 3584 5484 3687 5535; x_wconf 74' lang='grc' dir='ltr'><strong>καὶ</strong></span> 
     </span>
    </p>
   </div>
   <div class='ocr_carea' id='block_1_110' title="bbox 2093 5575 3686 5668">
    <p class='ocr_par' dir='ltr' id='par_1_110' title="bbox 2093 5575 3686 5668">
     <span class='ocr_line' id='line_1_110' title="bbox 2093 5575 3686 5668; baseline -0.014 -19"><span class='ocrx_word' id='word_1_848' title='bbox 2093 5598 2160 5668; x_wconf 78' lang='grc' dir='ltr'>τῇ</span> <span class='ocrx_word' id='word_1_849' title='bbox 2198 5593 2363 5665; x_wconf 76' lang='grc' dir='ltr'>σμίλῃ</span> <span class='ocrx_word' id='word_1_850' title='bbox 2393 5594 2457 5663; x_wconf 82' lang='grc' dir='ltr'>τῇ</span> <span class='ocrx_word' id='word_1_851' title='bbox 2484 5590 2703 5661; x_wconf 84' lang='grc' dir='ltr'>ἰατρικῇ</span> <span class='ocrx_word' id='word_1_852' title='bbox 2738 5586 2832 5640; x_wconf 88' lang='grc' dir='ltr'><strong>τοῦ</strong></span> <span class='ocrx_word' id='word_1_853' title='bbox 2870 5581 3207 5652; x_wconf 78' lang='grc' dir='ltr'>Εὐαγγελίου</span> <span class='ocrx_word' id='word_1_854' title='bbox 3238 5580 3363 5644; x_wconf 78' lang='grc' dir='ltr'>τοὺς</span> <span class='ocrx_word' id='word_1_855' title='bbox 3406 5575 3686 5648; x_wconf 75' lang='grc' dir='ltr'>δεδηγμέο</span> 
     </span>
    </p>
   </div>
  </div>
