3850 6204
392 310 453 366 3|
1817 301 1875 357 S.
1918 300 2002 356 ΕΡ

2113 298 2263 355 {amr
3078 258 3092 270 ’
3606 290 3681 350 ες

393 421 573 480 monis
612 418 842 490 appulsa
870 418 1025 476 navis
1051 434 1244 474 aurum
1284 418 1618 486 advehebat,
1655 428 1709 475 et
1742 418 2003 491 elephan-

2113 416 2248 469 tactv
2278 416 2334 468 ἐν
2365 415 2430 485 τῇ
2462 412 2583 484 θείᾳ
2607 411 2799 483 Γραφῇ
2826 408 3000 471 Αίλῶν
3023 424 3035 436 ⁸
3067 405 3195 461 ἔνθα
3223 424 3325 460 που
3356 407 3390 477 ἡ
3425 404 3558 471 ναῦς
3585 407 3677 460 Σο-

392 514 540 568 tinos
574 511 787 575 dentes,
834 520 891 566 et
921 518 1190 573 aromata,
1228 524 1439 565 necnon
1473 518 1529 565 et
1577 523 1817 580 pavones
1848 507 1984 561 alia-

394 616 503 671 que
551 599 834 655 nonnulla.
882 598 1035 653 Alius
1087 608 1168 657 est
1212 606 1404 669 portus
1445 597 1514 653 ad
1558 597 1815 654 Castrum
1876 597 1989 667 cly-

2090 507 2363 577 λομῶντος
2388 504 2478 558 διὰ
2504 503 2671 575 τριῶν
2694 502 2830 555 ἐτῶν
2853 499 3127 572 ἐρχομένη
3159 498 3323 569 ἔφερε
3351 497 3552 569 χρυσὸν
3583 500 3681 552 καὶ

2090 597 2308 660 ὀδόντας
2339 594 2712 665 ἐλεφαντίνους
2731 633 2746 657 ,
2776 590 3048 664 άρὼματά
3082 608 3144 643 τε
3177 590 3274 644 καὶ
3299 589 3545 654 ταῶνας,
3586 592 3677 643 καὶ

398 692 593 746 smatis
648 692 939 746 obversus.
979 686 1202 746 Tertius
1236 691 1290 746 in
1328 690 1708 761 superioribus
1767 687 1988 759 Aigypti

2113 688 2160 742 τὰ
2186 689 2317 744 άλλα
2335 706 2349 720 ’
2383 690 2411 741 δ
2439 689 2495 742 δὲ
2521 686 2707 759 ἕτερος
2738 687 2909 759 ὅρμος
2939 686 3033 739 ἐπὶ
3054 684 3114 739 τὸ
3143 686 3396 757 Κάστρον
3422 684 3518 738 τοῦ
3549 682 3677 738 κλύ-

400 782 650 853 partibus
697 780 764 835 ad
822 779 1135 835 Berenicen]
1188 782 1444 850 pertinet,
1486 794 1596 851 qua
1634 780 1702 835 ad
1752 778 1989 835 Thebai-

404 874 529 929 dem
596 874 946 943 pcrvenitur,
1011 871 1363 943 indidemque
1417 871 1661 928 advecta
1724 887 1789 927 ex
1838 870 1992 924 ludia

406 982 617 1022 merces
655 980 750 1035 per
783 963 1116 1020 Thebaidem
1162 964 1565 1028 distrahuntur,
1631 971 1727 1017 aut
1758 962 1995 1016 Alexan-

407 1056 581 1111 driam
632 1054 1016 1127 Chrysorrhoa
1074 1054 1335 1117 ﬂumine,
1385 1056 1479 1125 qui
1530 1054 1673 1109 idem
1725 1068 1790 1107 ac
1838 1051 1993 1107 Nilus

408 1155 489 1204 est
508 1188 523 1212 ,
554 1154 609 1201 et
640 1146 694 1200 in
723 1144 1022 1215 Scripturis
1060 1143 1211 1199 Geon
1242 1143 1466 1209 dicitur,
1502 1144 1749 1213 adeoque
1788 1158 1885 1212 per
1908 1149 1995 1196 lo-

408 1247 519 1292 tam
559 1235 853 1307 Egyptum
882 1254 946 1293 ac
986 1236 1270 1292 Pelusium
1300 1251 1478 1307 usque
1507 1235 1871 1291 devehuntur.
1913 1234 1995 1288 Ad

408 1343 648 1399 eumque
699 1329 919 1399 modum
963 1330 1029 1384 ad
1078 1330 1217 1386 alias
1267 1330 1434 1384 urbes
1493 1344 1661 1384 naves
1719 1328 1997 1398 applicant

411 1430 766 1486 mercatores,
810 1424 902 1493 qui
955 1438 1021 1477 ex
1063 1422 1217 1479 ludia
1262 1438 1473 1481 merces
1524 1422 1579 1476 in
1624 1420 1996 1478 Romanorum

412 1510 550 1570 ﬁnes
594 1514 917 1583 important.

486 1691 550 1747 ll.
594 1691 720 1747 llaec
753 1708 856 1763 ego
888 1691 1051 1761 paulo
1090 1689 1407 1762 diligentius
1436 1690 1682 1747 historiae
1710 1705 1832 1746 sum
1866 1704 2001 1744 cau-

413 1799 474 1839 sa
523 1794 871 1853 persecutus,
904 1790 964 1836 ut
996 1775 1437 1855 uniuscujusque
1481 1791 1646 1839 sectae
1676 1783 1904 1853 stirpem
1942 1790 1997 1838 et
2025 1773 2071 1834 B

412 1875 676 1945 originem
705 1875 935 1931 lectores
962 1883 1379 1945 cognoscerent.
1413 1873 1549 1928 Nam
1586 1876 1679 1945 qui
1715 1877 1995 1931 narratio-

413 1980 537 2020 nem
589 1965 827 2034 aliquam
882 1964 1160 2031 instituit,
1215 1965 1284 2020 ad
1338 1965 1390 2021 id
1448 1980 1549 2037 pro
1588 1965 1803 2021 viribus
1865 1966 2000 2021 eniti

413 2058 593 2121 debet,
661 2068 723 2112 ut
784 2057 854 2113 ab
912 2058 1049 2129 ipsis
1090 2057 1490 2129 quodammodo
1559 2058 1834 2113 radicibus
1884 2073 2001 2113 rem

413 2165 629 2206 omnem
655 2156 866 2220 repetat
886 2188 901 2215 ,
928 2148 1073 2205 unde
1111 2149 1317 2204 veritas
1352 2156 1607 2205 constare
1638 2149 1834 2220 possit,
1878 2149 2005 2205 licet

414 2242 619 2311 alioqui
675 2240 933 2312 scriptori
988 2240 1263 2296 sermonis
1314 2240 1582 2312 elegantia
1628 2248 1684 2297 et
1738 2240 2003 2295 orationis

416 2341 679 2389 venustas
721 2349 833 2387 non
885 2339 1183 2404 suppetat;
1219 2347 1330 2403 quo
1371 2348 1438 2387 ex
1487 2332 1568 2388 rei
1600 2331 1832 2389 veritate
1868 2348 2000 2401 pru-

415 2424 672 2481 dentibus
704 2426 755 2479 id
780 2424 928 2496 quod
957 2426 1225 2496 quaeritur
1253 2424 1667 2494 comprobetur.
1697 2423 1803 2479 Sed
1841 2433 1900 2478 ut
1936 2423 2003 2478 ad

418 2514 774 2585 Scythianum
807 2514 1049 2582 redeam,
1094 2515 1184 2570 hic
1220 2514 1376 2570 initio
1422 2515 1631 2570 divitiis
1669 2515 1915 2577 inflatus,
1950 2522 2007 2570 et

416 2615 749 2672 aromatum,
798 2616 1235 2677 caaterarumque
1279 2622 1347 2661 ex
1393 2604 1547 2661 India
1593 2621 1757 2676 opum
1809 2609 2003 2679 copia,

417 2712 542 2753 cum
579 2696 849 2769 llypselen
901 2695 1200 2753 Thebaidis
1235 2696 1495 2767 oppidum
1542 2697 1805 2761 venisset,
1842 2698 2009 2768 619

416 2790 601 2860 ibique
638 2788 901 2860 perditam
945 2788 1236 2860 quamdam
1281 2789 1660 2843 mulierculam
1707 2789 2009 2845 invenisset

416 2882 654 2951 eleganti
702 2881 955 2951 corporis
1001 2882 1205 2951 specie,
1248 2896 1347 2950 pro
1390 2896 1456 2937 eo
1500 2895 1566 2936 ac
1608 2880 1843 2937 stolidus
1890 2891 2010 2937 erat

417 2981 645 3043 stupore
672 2972 924 3038 allectus,
954 2988 985 3027 ε
1021 2972 1310 3041 lupanari,
1360 2971 1452 3026 ubi
1492 2977 1611 3025 tum
1642 2971 2009 3033 meretriciam

417 3064 743 3128 exercebat,
795 3063 1051 3129 abducit;
1096 3072 1151 3118 et
1204 3063 1270 3117 ad
1321 3078 1441 3117 eam
1493 3063 1913 3127 adhaerescens,
1953 3062 2009 3116 in

417 3155 724 3211 libertatem
754 3164 1023 3211 assertam
1053 3156 1154 3211 sibi
1191 3156 1245 3211 in
1272 3155 1683 3211 matrimonium
1736 3154 2008 3226 adjunxit.

420 3242 627 3299 Deinde
682 3244 845 3315 longo
888 3253 1012 3316 post
1077 3252 1323 3315 tempore
1384 3245 1549 3301 homo
1600 3246 1847 3299 nefarius
1902 3258 2013 3315 prae

421 3335 636 3392 deliciis
674 3336 899 3392 minime
944 3352 1065 3391 sese
1102 3335 1420 3401 continens,
1468 3344 1526 3392 et
1563 3338 1618 3391 in
1643 3337 1756 3393 otio
1785 3336 2010 3407 degens,

422 3442 489 3481 ac
515 3427 816 3484 sceleribus
854 3435 1133 3491 assuetus,
1187 3428 1315 3482 novi
1356 3426 1566 3497 aliquid
1607 3428 1663 3482 in
1707 3428 1895 3482 orbem
1930 3427 2014 3481 in-

422 3518 713 3572 troducere
759 3516 929 3573 nimio
962 3532 1031 3572 ex
1077 3518 1205 3572 luxu
1251 3519 1306 3573 in
1363 3518 1603 3573 animum
1646 3515 1883 3572 induxit.
1915 3517 2016 3571 Ita-

422 3624 533 3677 que
586 3622 749 3663 voces
804 3606 1069 3677 quasdam
1126 3607 1398 3678 ejusmodi
1458 3623 1526 3663 ex
1586 3622 1730 3675 sese,
1798 3624 1906 3664 non
1944 3624 2014 3665 ex

423 3698 647 3756 Litteris
699 3700 908 3763 sacris,
958 3710 1053 3754 ant
1109 3714 1176 3755 ex
1222 3701 1399 3756 sancti
1461 3697 1699 3770 Spiritus
1748 3703 2012 3767 oraculis,

426 3791 522 3846 sed
555 3806 620 3845 ex
665 3788 868 3844 infelici
915 3790 1138 3844 humani
1186 3790 1387 3861 ingenii
1432 3791 1644 3845 ratione
1672 3800 2015 3847 commentus

425 3890 531 3937 est.
573 3880 706 3947 Quae
728 3881 897 3944 enim,
939 3881 1137 3945 aiebat,
1176 3883 1321 3937 ratio
1359 3890 1464 3947 est,
1496 3898 1598 3938 cur
1624 3898 1747 3953 qua:
1787 3883 1843 3938 in
1902 3891 2016 3940 tota

425 3977 531 4039 hac
586 3992 773 4032 rerum
834 3977 1194 4033 universitate
1259 3978 1655 4042 continentur,
1720 3978 2013 4049 inaequalia

427 4079 583 4135 sunt,
630 4078 759 4139 puta
811 4069 995 4125 album
1046 4074 1103 4123 et
1151 4067 1410 4138 nigrum,
1463 4068 1674 4123 fulvum
1721 4076 1775 4123 et
1818 4070 2014 4133 viride,

426 4157 715 4215 humidum
745 4165 800 4213 et
837 4158 1044 4213 siccum
1064 4197 1081 4224 ,
1121 4157 1324 4214 caelum
1355 4172 1422 4213 ac
1446 4167 1590 4215 terra
1612 4200 1628 4226 ,
1656 4173 1765 4213 nox
1791 4168 1847 4215 et
1876 4159 2015 4226 dies,

428 4253 611 4309 anima
640 4259 695 4308 et
724 4267 950 4322 corpus,
986 4253 1189 4309 bonum
1223 4259 1279 4308 et
1310 4252 1543 4318 malum,
1573 4252 1786 4323 justum
1832 4260 1887 4308 et
1934 4253 2020 4308 in-

427 4344 672 4415 iustum,
713 4342 819 4399 nisi
860 4340 1005 4412 quod
1047 4357 1113 4398 ex
1139 4342 1359 4398 duobus
1393 4343 1510 4399 haec
1553 4351 1683 4400 sunt
1731 4344 2018 4415 principiis

2052 816 2053 819 η
2094 798 2319 852 σματος·
2357 780 2516 844 ἄλλος
2551 779 2608 833 δὲ
2634 777 2898 833 ἀνωτάτω
2928 776 3023 831 ἐπὶ
3052 776 3152 849 τὴν
3187 777 3453 848 Βερνίκην
3483 777 3677 831 καλουο

2097 871 2284 941 μένην,
2318 870 2382 923 δι’
2411 864 2480 941 ἧς
2510 868 2777 940 Βερνίκης
2809 866 3150 937 καλουμένης
3189 866 3283 920 ἐπὶ
3312 867 3410 935 τὴν
3438 866 3678 937 Θηϐαΐδα

2096 962 2383 1033 φέρονται,
2436 960 2531 1015 καὶ
2576 961 2643 1014 τὰ
2682 960 2790 1014 ἀπὸ
2835 959 2935 1030 τῆς
2990 958 3221 1028 Ἰνδικῆς
3266 959 3537 1029 ἐρχόμενα
3567 956 3680 1030 εἴδη

2094 1058 2271 1110 ἐκεῖσε
2311 1057 2376 1126 τῇ
2426 1054 2657 1124 Θηϐαΐδι
2699 1051 3096 1124 διαχύνεται,ἥ
3140 1052 3232 1105 ἐπὶ
3274 1050 3371 1122 τὴν
3427 1049 3682 1113 Ἀλεξαν-

2094 1147 2265 1216 δρέων
2296 1146 2383 1201 διὰ
2404 1146 2499 1200 τοῦ
2532 1146 2856 1219 Χρυσορῥόα
2886 1143 3159 1215 ποταμοῦ,
3200 1145 3393 1198 Νείλου
3428 1146 3486 1198 δέ
3517 1162 3683 1214 φημι.

2095 1238 2189 1292 τοῦ
2231 1239 2327 1292 καλ⁸
2360 1239 2516 1309 Γηῶν
2561 1240 2619 1291 ἐν
2663 1240 2781 1301 ταῖς
2814 1239 3058 1309 Γραφατς
3087 1237 3391 1308 φερομένου
3416 1278 3429 1299 ,
3471 1238 3568 1290 καὶ
3595 1236 3686 1289 ἐπὶ

2098 1333 2280 1385 πᾶσαν
2327 1331 2437 1384 τῶν
2479 1329 2794 1398 Αἰγυπτίων
2828 1329 2954 1399 γῆν,
3006 1329 3100 1383 καὶ
3134 1329 3229 1381 ἐπὶ
3276 1327 3338 1381 τὺ
3384 1328 3686 1398 Πηλούσιον

2099 1423 2346 1495 φέρεται.
2384 1421 2496 1475 Καὶ
2523 1420 2699 1485 οὕτως
2727 1422 2809 1485 είς
2845 1420 2944 1483 τὰς
2977 1419 3143 1483 ἄλλας
3172 1419 3434 1491 πατρίδας
3470 1420 3559 1473 διὰ
3589 1420 3686 1473 θα-

2100 1516 2303 1586 λάσσης
2332 1514 2668 1586 διερχόμενοι
2694 1514 2744 1566 οί
2781 1511 2889 1566 ἀπὸ
2913 1511 3013 1583 τῆς
3040 1510 3264 1581 Ἰνδικῆς
3296 1511 3385 1563 ἐπὶ
3412 1497 3511 1583 τὴν
3554 1509 3687 1563 Ῥω-

2103 1606 2300 1677 μανίαν
2335 1603 2756 1675 ἐμπορεύονται.

2178 1696 2253 1751 B’.
2300 1696 2485 1751 Ταῦτα
2514 1696 2571 1750 δέ
2606 1714 2698 1768 μοι
2724 1693 2872 1748 κατὰ
2895 1694 3042 1759 λέξιν
3071 1691 3415 1763 ἐσπουδάσθη
3446 1692 3687 1763 ἱστορίας

2098 1790 2263 1862 χάριν
2290 1787 2646 1861 παραδοῦναι,
2675 1788 2824 1851 ὃπως
2856 1784 3079 1840 καὶτῶν
3110 1783 3277 1857 ῥιζῶν
3301 1785 3535 1855 ἑκάστης
3564 1785 3691 1836 ὑπο-

2099 1880 2299 1944 θέσεως
2347 1881 2396 1933 οἱ
2449 1877 2799 1949 ἐντυγχάνειν
2859 1876 3135 1939 ἐθέλοντες
3188 1876 3262 1948 μὴ
3321 1876 3686 1946 ἀμοιρήσωσι.

2100 1975 2193 2026 Δεῖ
2228 1972 2339 2043 γὰρ
2369 1972 2460 2025 τὸν
2510 1970 2942 2042 ἐπιϐαλλόμενον
2988 1968 3240 2040 διηγήσει
3268 1968 3377 2022 τινὶ
3427 1968 3571 2021 κατὰ
3604 1965 3690 2018 δύ-

2101 2082 2263 2135 ναμιν
2292 2063 2701 2129 ἐπιϐάλλεσθαι,
2732 2063 2828 2118 καὶ
2872 2063 2936 2116 ἐκ
2972 2061 3077 2133 τῆς
3103 2059 3261 2133 ῥίζης
3292 2058 3565 2114 ποιεῖσθαι
3595 2058 3693 2127 τὴν

2104 2157 2415 2227 εἰσαγωγήν
2438 2170 2450 2184 ·
2484 2154 2635 2210 ἐνθεν
2664 2154 2980 2226 εὑρίσκεται
3033 2154 3127 2207 καὶ
3163 2153 3233 2206 τὰ
3280 2152 3379 2221 τῆς
3411 2150 3691 2220 ἀληθείας,

2104 2247 2207 2302 κάν
2233 2263 2291 2299 τε
2313 2247 2492 2317 ἀπορῇ
2522 2247 2551 2299 δ
2569 2244 2746 2310 λέγων
2798 2242 3099 2313 εὐκοσμίας
3131 2242 3290 2310 λόγου
3316 2242 3411 2294 καὶ
3445 2240 3695 2301 εὐεπείας

2106 2338 2350 2408 φθογγῆς
2369 2355 2381 2368 ·
2415 2338 2561 2400 ὅπως
2586 2335 2695 2390 ἀπὸ
2716 2335 2817 2405 τῆς
2844 2332 3108 2405 ἀληθινῆς
3139 2332 3380 2403 ἱστορίας
3406 2331 3468 2384 τδ
3503 2329 3699 2400 ζητού-

2111 2447 2269 2502 μενον
2298 2432 2410 2493 τοῖς
2433 2431 2674 2492 συνετοῖς
2698 2426 3178 2497 ἀποδειχθήσεται.
3224 2425 3312 2478 Ἐν
3343 2424 3485 2496 ἀρχῇ
3517 2422 3695 2475 τοίνυν

2107 2515 2261 2586 οὗτος
2294 2524 2321 2576 ὀ
2347 2520 2643 2583 Σκυθιανδς
2674 2519 2890 2589 πλούτῳ
2920 2517 3099 2589 πολλῷ
3124 2516 3404 2590 ἐπαρθεὶς,
3435 2517 3531 2568 καὶ
3566 2514 3701 2585 κτή-

2113 2630 2276 2684 μασιν
2344 2610 2703 2683 ἡδυσμάτων,
2756 2609 2851 2662 καὶ
2896 2610 3009 2671 τοῖς
3054 2606 3235 2670 ἄλλοις
3290 2606 3404 2665 τοῖς
3452 2602 3563 2657 ἀπὸ
3600 2602 3699 2672 τῆς

2123 2702 2347 2780 Ἰνδίας,
2376 2702 2471 2755 καὶ
2520 2699 2689 2754 ἐλθὼν
2726 2698 2853 2770 περὶ
2882 2697 2982 2770 τὴν
3029 2696 3272 2765 Θηϐαΐδα
3316 2695 3396 2757 εἰς
3454 2692 3705 2764 Ὑψηλὴν

2110 2792 2265 2846 πόλιν
2311 2792 2422 2864 (15)
2469 2790 2615 2845 οὔτω
2666 2789 3029 2862 καλουμένην,
3082 2787 3261 2860 εὑρὼν
3309 2787 3429 2840 ἐκεῖ
3475 2784 3705 2854 γύναιον

2113 2885 2500 2953 ἐξωλέστατον,
2539 2884 2634 2937 καὶ
2660 2882 2849 2937 κάλλει
2892 2880 3145 2953 σώματος
3174 2878 3468 2952 πρόοπτον,
3496 2875 3703 2948 ἐκπλῆο

2115 2977 2211 3043 ξάν
2241 2994 2300 3031 τε
2327 2976 2523 3031 αὐτῶν
2568 2975 2666 3048 τὴν
2713 2974 3027 3041 άσυνεσίαν,
3074 2971 3394 3045 άνελόμενός
3435 2987 3495 3023 τε
3543 2969 3713 3023 τοῦτο

2113 3068 2221 3122 ἀπὸ
2251 3067 2344 3121 τοῦ
2378 3067 2601 3135 στέγους
2628 3066 2861 3137 (ἕστηκε
2895 3065 3006 3137 γὰρ
3043 3067 3075 3136 ἡ
3122 3063 3344 3133 τοιαύτη
3387 3063 3446 3115 ἐν
3472 3062 3539 3134 τῇ
3600 3078 3702 3114 πο-

2112 3158 2341 3229 λυκοίνῳ
2394 3158 2763 3230 άσεμνότητι)
2809 3156 3151 3227 ἐπεκαθέσθη
3191 3155 3270 3226 τῷ
3312 3154 3553 3225 γυναίῳ,
3605 3153 3700 3206 καὶ

2112 3249 2485 3324 ἐλευθερώσας
2518 3250 2671 3316 αὐτὸ,
2705 3249 2948 3321 συνῆφθη
2979 3247 3128 3318 αὐτῷ
3155 3245 3292 3317 πρὸς
3328 3245 3525 3317 γάμον.
3560 3243 3705 3315 Χρό-

2114 3328 2289 3395 νουδὲ
2333 3340 2528 3395 πολλοῦ
2571 3340 3000 3412 προκόπτοντος,
3031 3340 3122 3395 διὰ
3172 3338 3269 3411 τὴν
3296 3338 3602 3411 ὑπερϐολὴν
3636 3333 3702 3409 ἧς

2113 3429 2225 3503 εἶχε
2272 3433 2520 3505 τρυφῆς,
2556 3432 2657 3486 οὑκ
2703 3432 2933 3502 ἤνεγκεν
2984 3432 3012 3484 δ
3063 3430 3392 3501 ἀλητήριοςο
3443 3428 3582 3482 ἀλλὰ
3626 3429 3701 3493 ὡς

2113 3524 2279 3595 ἀργὸς
2304 3523 2400 3576 καὶ
2429 3521 2557 3586 ἐθὰς
2589 3521 2796 3585 κακῶν,
2829 3522 2893 3573 ἐκ
2923 3518 3018 3573 τοῦ
3050 3518 3314 3591 περισσοῦ
3352 3518 3454 3588 τῆς
3486 3517 3701 3588 τρυφῆς

2116 3613 2345 3685 στρήνου
2380 3611 2589 3664 ἐπενόει
2617 3609 2805 3664 λοιπὸν
2833 3607 2972 3663 κατὰ
2999 3608 3092 3661 τὸν
3119 3607 3246 3661 νοῦν
3297 3623 3351 3659 τι
3385 3606 3704 3674 καινότερον
3748 3648 3751 3653 λ

2113 3703 2194 3775 τῷ
2219 3703 2319 3775 βίῳ
2343 3705 2647 3775 προσοῖσαι.
2682 3701 2791 3754 Καὶ
2823 3700 2916 3769 ἀφ’
2941 3698 3136 3752 ἑαυτοῦ
3166 3696 3493 3767 διανοηθεὶς,
3532 3695 3708 3748 ἐπλά-

2116 3814 2247 3851 σατο
2278 3783 2495 3867 ῥήματα
2530 3792 2776 3854 τοιαῦτα,
2795 3792 2897 3845 οὐκ
2924 3790 3032 3845 άπδ
3060 3793 3161 3861 τῆς
3184 3789 3334 3852 θείας
3360 3789 3584 3860 Γραφῆς
3612 3789 3705 3840 εὐ-

2119 3888 2386 3961 ράμενος,
2417 3887 2512 3941 καὶ
2554 3885 2870 3956 Πνεῦματος
2918 3883 3075 3953 άγίου
3120 3882 3395 3953 φθογγῆς,
3427 3881 3562 3936 ἀλλὰ
3598 3882 3709 3934 ἀπὸ

2116 3979 2394 4051 λογισμῶν
2414 3977 2761 4050 ἀνθρωπείας
2792 3975 3007 4046 φύσεως
3034 3974 3143 4028 τῶν
3176 3972 3427 4027 δειλαίων
3454 3972 3703 4042 φάσκων.

2116 4072 2235 4125 Τίνι
2266 4070 2345 4140 τῷ
2369 4069 2512 4140 λόγῳ
2536 4068 2693 4122 ἄνισα
2717 4069 2893 4121 κεῖται
2916 4065 2985 4120 τὰ
3010 4065 3068 4117 ἐν
3102 4063 3265 4118 παντὶ
3292 4062 3373 4133 τῷ
3401 4062 3711 4134 ὁριζομένῳ

2116 4162 2215 4233 τῆς
2256 4162 2505 4233 κτήσεως
2534 4158 2709 4224 κύτει,
2760 4158 2929 4229 μέλαν
2970 4157 3063 4210 καὶ
3113 4154 3330 4221 λευκὸν,
3376 4154 3583 4225 πυρῥδν
3612 4155 3711 4206 καὶ

2116 4253 2350 4325 χλωρὸν,
2387 4252 2553 4323 ὑγρδν
2595 4251 2690 4305 καὶ
2737 4249 2922 4321 ξηρὸν,
2956 4247 3186 4321 οὐρανὸς
3229 4247 3326 4301 καὶ
3356 4247 3448 4318 γῆ,
3481 4243 3579 4310 νὺξ
3613 4247 3710 4298 καὶ

2116 4344 2322 4417 ἡμέρα,
2351 4343 2498 4414 ψυχὴ
2532 4341 2628 4396 καὶ
2658 4342 2838 4411 σῶμα,
2878 4339 3087 4408 ἀγαθόν
3128 4356 3189 4392 τε
3232 4339 3327 4393 καὶ
3357 4338 3579 4407 φαῦλον,
3629 4336 3711 4389 δί-

431 4434 665 4492 exorta?
697 4432 955 4488 Diabolus
992 4432 1138 4488 enim
1185 4434 1370 4490 acrius
1413 4435 1679 4490 adversus
1716 4437 2008 4490 humanum

2123 4436 2275 4491 καιόν
2312 4451 2373 4491 τε
2407 4435 2501 4488 καὶ
2533 4432 2716 4500 ἄδικον
2744 4448 2759 4497 ;
2792 4431 2911 4485 ἀλλ’
2951 4431 3035 4484 ὅτι
3070 4429 3286 4492 πάντως
3312 4429 3485 4484 ταῦτα
3523 4430 3588 4481 ἐκ
3616 4427 3714 4480 δύο

434 4543 607 4598 genus
640 4525 840 4581 bellum
885 4540 1113 4580 movens
1150 4525 1299 4582 illius
1328 4526 1497 4580 menti
1535 4535 1849 4595 portentum
1881 4528 2016 4581 illud

434 4617 710 4689 Opinionis
746 4616 1125 4685 ingeneravit,
1166 4615 1305 4672 adeo
1339 4624 1398 4671 ut
1433 4617 1578 4687 quod
1609 4634 1882 4687 nusquam
1911 4626 2015 4683 est,

435 4712 621 4767 animo
644 4710 991 4780 conciperet,
1024 4718 1077 4765 et
1114 4710 1261 4780 quod
1308 4709 1489 4781 reipsa
1520 4720 1627 4776 est,
1656 4711 1881 4767 minime
1919 4725 2018 4766 co-

434 4809 747 4876 gnosceret,
774 4812 835 4857 ut
872 4802 928 4857 in
966 4802 1167 4858 misere
1205 4802 1578 4858 aberrantium
1611 4802 1892 4858 hominum
1933 4802 2019 4859 in-

433 4897 609 4969 geniis
642 4896 915 4967 quoddam
946 4896 1147 4951 bellum
1180 4895 1473 4959 excitaret,
1510 4896 1603 4966 qui
1654 4902 1849 4965 praeter
1864 4910 2013 4959 eum,

433 4991 528 5064 qui
583 5004 773 5045 revera
826 4996 933 5055 est,
963 5002 1087 5043 esse
1133 4986 1299 5041 alium
1348 4986 1709 5053 arbitrantur,
1770 4993 1932 5057 atque
1988 4999 2019 5038 a

435 5082 669 5147 duabus,
720 5092 781 5139 ut
838 5081 913 5137 ita
961 5080 1164 5148 dicam,
1208 5079 1515 5143 radicibus,
1576 5078 1691 5135 sive
1730 5077 2019 5149 principiis

436 5175 693 5229 universa
744 5173 971 5245 perlici,
1025 5174 1171 5245 quod
1206 5172 1451 5226 omnium
1500 5171 1728 5241 impium
1783 5170 2021 5226 maxime

436 5273 521 5319 est
569 5279 634 5319 ac
676 5266 837 5336 longe
890 5265 1343 5337 perditissimum.
1383 5261 1487 5317 Sed
1526 5263 1595 5317 de
1632 5276 1694 5317 ea
1738 5276 1796 5317 re
1829 5268 2019 5331 postea

438 5356 706 5414 dicemus.
748 5355 805 5412 In
855 5357 922 5414 iis
977 5358 1144 5429 igitur
1181 5355 1514 5430 Scythianus
1560 5355 1650 5410 ille
1706 5360 2017 5411 excaecatus

440 5449 646 5517 animo,
694 5457 857 5521 atque
886 5464 919 5503 a
960 5449 1267 5521 Pythagora
1300 5448 1508 5506 erroris
1557 5455 1877 5519 argumenta
1924 5460 2020 5503 na-

444 5622 605 5661 verso
635 5605 934 5678 respiciens
966 5625 980 5661 :
1014 5606 1158 5678 quod
1188 5604 1473 5678 Epiphaﬁnii
1501 5602 1860 5678 descriptioni
1883 5616 2017 5658 con-

442 5680 610 5752 gruit.
642 5677 733 5745 qui
785 5676 1083 5735 Berenicen
1128 5676 1349 5732 tcrtin’m
1387 5676 1558 5732 Rubri
1591 5676 1761 5731 maris
1795 5682 2016 5745 portum

442 5756 746 5807 enumerat.

558 5764 746 5804 inerat.

2121 4529 2284 4583 τινῶν
2309 4527 2662 4598 συνέστηκεν.
2701 4524 2987 4579 Ἐνεκίσσα
3018 4522 3075 4577 δὲ
3117 4522 3176 4575 ἐν
3204 4524 3270 4593 τῇ
3306 4521 3470 4576 αὐτοῦ
3499 4521 3715 4591 διανοίᾳ

2121 4619 2149 4670 ὁ
2172 4615 2438 4679 διάϐολος,
2474 4615 2569 4668 ἐπὶ
2602 4613 2788 4667 πλεῖον
2822 4611 3159 4684 στρατεύσας
3186 4609 3330 4666 κατὰ
3362 4612 3464 4682 τῆς
3492 4608 3709 4681 ἀνθρω-

2122 4707 2281 4770 πείας
2314 4706 2551 4775 φύσεως,
2575 4705 2636 4759 τὸ
2659 4704 2833 4759 δεινὸν
2859 4704 3134 4775 φρόνημα,
3161 4704 3237 4767 ὡς
3262 4703 3514 4757 ὑπονοεῖν
3538 4701 3601 4753 τὸ
3634 4701 3713 4774 μὴ

2121 4797 2202 4863 ὃν,
2255 4798 2349 4851 καὶ
2393 4796 2452 4851 δν
2493 4795 2568 4869 μὴ
2608 4794 3015 4865 ἐπιγινώσκειν,
3062 4794 3151 4850 ἵνα
3194 4792 3432 4864 πόλεμόν
3477 4808 3600 4845 τινα
3654 4794 3715 4845 ἐν

2121 4893 2240 4954 ταῖς
2271 4888 2532 4952 διανοίαις
2572 4886 2683 4941 τῶν
2710 4886 3079 4958 ἠπατημένων
3120 4885 3449 4957 ἐνστήσηται
3481 4886 3594 4945 τοῖς
3628 4901 3716 4935 νο-

2127 4981 2374 5053 μίζουσιν
2416 4976 2555 5034 εἷναί
2595 4997 2647 5033 τι
2707 4978 2844 5049 μετὰ
2901 4976 2993 5031 τὸν
3043 4976 3173 5030 ὄντα
3201 5017 3216 5043 ,
3262 4976 3357 5029 καὶ
3417 4975 3494 5038 ὠς
3534 4975 3715 5028 εἰπεῖν

2123 5075 2187 5127 ἐκ
2215 5073 2307 5127 δύο
2353 5072 2541 5144 ῥιζῶν,
2593 5072 2627 5144 ἦ
2660 5072 2753 5126 δύο
2783 5069 2967 5143 ἀρχῶν
3017 5068 3359 5140 ἐνεργεῖσθαι
3410 5070 3478 5122 τά
3508 5067 3713 5129 πάντα,

2122 5167 2259 5238 ὅπερ
2292 5166 2408 5219 ἐστὶ
2441 5165 2658 5219 πάντων
2701 5162 3125 5217 δυσσεϐέστατον
3155 5160 3248 5214 καὶ
3282 5157 3713 5231 μοχθηρότατον.

2138 5258 2298 5311 Ἀλλὰ
2340 5257 2465 5327 περὶ
2507 5255 2697 5310 τούτου
2747 5249 2903 5321 αὖθις
2953 5252 3087 5325 ἐρῶ.
3148 5252 3237 5306 Ἐν
3281 5251 3492 5314 τούτοις
3533 5251 3649 5322 γὰρ
3690 5254 3717 5304 ὁ

2125 5349 2521 5422 προειρημένος
2552 5346 2871 5425 ,Σκυθίανδς
2914 5342 3219 5414 τυφλωθεὶς
3282 5342 3383 5413 τὴν
3446 5341 3715 5402 διάνοιαν,

2124 5442 2305 5498 λαϐὼν
2332 5441 2480 5513 παρὰ
2506 5438 2823 5517 Πυθαγόρου
2856 5437 2955 5503 τὰς
2988 5436 3311 5508 προφάσεις,
3346 5433 3521 5499 οὕτως
3547 5434 3717 5505 ἐφρόο

2199 5599 2311 5671 (15)
2349 5600 2452 5671 Εὶς
2478 5596 2763 5668 ’Υψηλὴν
2788 5597 2989 5660 πόλιν.
3027 5590 3338 5665 Stephanus
3367 5605 3379 5617 ⁵
3432 5585 3711 5663 βΥψηλίς

2128 5670 2289 5742 κώμη
2320 5670 2619 5739 Αἰγύπτου.
