  <div class='ocr_page' id='page_1' title='image "/cluster/home/n/w/nwhite01/storage/ocr_20150623/42/hvd.32044011752995/016.png"; bbox 0 0 3850 6204; ppageno 0'>
   <div class='ocr_carea' id='block_1_1' title="bbox 149 317 2931 389">
    <p class='ocr_par' dir='ltr' id='par_1_1' title="bbox 149 317 2931 389">
     <span class='ocr_line' id='line_1_1' title="bbox 149 317 2931 389; baseline -0.006 0"><span class='ocrx_word' id='word_1_1' title='bbox 149 333 219 389; x_wconf 70' lang='lat'><strong>5-3</strong></span> <span class='ocrx_word' id='word_1_2' title='bbox 923 317 1297 379; x_wconf 79' lang='lat' dir='ltr'><strong>ADVERSUS</strong></span> <span class='ocrx_word' id='word_1_3' title='bbox 1336 318 1682 376; x_wconf 66' lang='lat' dir='ltr'><strong>HERESES</strong></span> <span class='ocrx_word' id='word_1_4' title='bbox 1721 319 1850 375; x_wconf 82' lang='lat' dir='ltr'><strong>LIB.</strong></span> <span class='ocrx_word' id='word_1_5' title='bbox 1899 318 1964 374; x_wconf 89' lang='lat' dir='ltr'><strong>ll.</strong></span> <span class='ocrx_word' id='word_1_6' title='bbox 2004 317 2173 376; x_wconf 70' lang='lat' dir='ltr'><strong>T051.</strong></span> <span class='ocrx_word' id='word_1_7' title='bbox 2209 318 2275 376; x_wconf 92' lang='lat' dir='ltr'><strong>ll.</strong></span> <span class='ocrx_word' id='word_1_8' title='bbox 2316 350 2382 361; x_wconf 94' lang='lat'><strong>—</strong></span> <span class='ocrx_word' id='word_1_9' title='bbox 2426 317 2704 374; x_wconf 76' lang='lat' dir='ltr'><strong>ll.-&#39;ERES.</strong></span> <span class='ocrx_word' id='word_1_10' title='bbox 2741 317 2931 375; x_wconf 74' lang='lat' dir='ltr'><strong>LXVI.</strong></span> 
     </span>
    </p>
   </div>
   <div class='ocr_carea' id='block_1_2' title="bbox 3353 321 3423 376">
    <p class='ocr_par' dir='ltr' id='par_1_2' title="bbox 3353 321 3423 376">
     <span class='ocr_line' id='line_1_2' title="bbox 3353 321 3423 376; baseline 0 0"><span class='ocrx_word' id='word_1_11' title='bbox 3353 321 3423 376; x_wconf 74' lang='grc' dir='ltr'><strong>τι</strong></span> 
     </span>
    </p>
   </div>
   <div class='ocr_carea' id='block_1_3' title="bbox 152 427 1764 516">
    <p class='ocr_par' dir='ltr' id='par_1_3' title="bbox 152 433 1764 516">
     <span class='ocr_line' id='line_1_3' title="bbox 152 433 1764 516; baseline -0.005 -19"><span class='ocrx_word' id='word_1_12' title='bbox 152 459 302 516; x_wconf 79' lang='grc' dir='ltr'><strong>νησε,</strong></span> <span class='ocrx_word' id='word_1_13' title='bbox 337 440 432 496; x_wconf 75' lang='grc' dir='ltr'><strong>καὶ</strong></span> <span class='ocrx_word' id='word_1_14' title='bbox 478 437 696 510; x_wconf 83' lang='grc' dir='ltr'><strong>βίϐλους</strong></span> <span class='ocrx_word' id='word_1_15' title='bbox 725 435 995 508; x_wconf 86' lang='grc' dir='ltr'><strong>τέσσαρας</strong></span> <span class='ocrx_word' id='word_1_16' title='bbox 1028 435 1142 506; x_wconf 71' lang='grc'><strong>(14)</strong></span> <span class='ocrx_word' id='word_1_17' title='bbox 1183 433 1361 506; x_wconf 71' lang='grc' dir='ltr'><strong>ἑαυτῷ</strong></span> <span class='ocrx_word' id='word_1_18' title='bbox 1401 433 1730 488; x_wconf 77' lang='grc' dir='ltr'><strong>πλάσσεταιο</strong></span> <span class='ocrx_word' id='word_1_19' title='bbox 1763 486 1764 489; x_wconf 44' lang='grc' dir='ltr'><strong>η</strong></span> 
     </span>
    </p>
   </div>
   <div class='ocr_carea' id='block_1_4' title="bbox 1871 427 3430 516">
    <p class='ocr_par' dir='ltr' id='par_1_4' title="bbox 1871 427 3430 505">
     <span class='ocr_line' id='line_1_4' title="bbox 1871 427 3430 505; baseline -0.003 -16"><span class='ocrx_word' id='word_1_20' title='bbox 1871 443 1959 490; x_wconf 90' lang='lat' dir='ltr'><strong>tus</strong></span> <span class='ocrx_word' id='word_1_21' title='bbox 1989 431 2260 505; x_wconf 79' lang='lat' dir='ltr'><strong>ejusmodi</strong></span> <span class='ocrx_word' id='word_1_22' title='bbox 2292 431 2582 503; x_wconf 87' lang='lat' dir='ltr'><strong>opiniones</strong></span> <span class='ocrx_word' id='word_1_23' title='bbox 2611 429 2806 486; x_wconf 90' lang='lat' dir='ltr'><strong>habuit</strong></span> <span class='ocrx_word' id='word_1_24' title='bbox 2834 471 2851 495; x_wconf 96' lang='lat'><strong>,</strong></span> <span class='ocrx_word' id='word_1_25' title='bbox 2898 443 2962 484; x_wconf 91' lang='lat' dir='ltr'><strong>ac</strong></span> <span class='ocrx_word' id='word_1_26' title='bbox 2992 427 3162 485; x_wconf 89' lang='lat' dir='ltr'><strong>.ibros</strong></span> <span class='ocrx_word' id='word_1_27' title='bbox 3196 437 3430 499; x_wconf 85' lang='lat' dir='ltr'><strong>quatuor</strong></span> 
     </span>
    </p>
   </div>
   <div class='ocr_carea' id='block_1_5' title="bbox 159 525 1742 605">
    <p class='ocr_par' dir='ltr' id='par_1_5' title="bbox 159 525 1742 605">
     <span class='ocr_line' id='line_1_5' title="bbox 159 525 1742 605; baseline -0.006 -18"><span class='ocrx_word' id='word_1_28' title='bbox 159 536 216 605; x_wconf 74' lang='grc' dir='ltr'><strong>τῇ</strong></span> <span class='ocrx_word' id='word_1_29' title='bbox 268 533 370 605; x_wconf 77' lang='grc' dir='ltr'><strong>μιᾷ</strong></span> <span class='ocrx_word' id='word_1_30' title='bbox 400 530 573 601; x_wconf 78' lang='grc' dir='ltr'><strong>όνομα</strong></span> <span class='ocrx_word' id='word_1_31' title='bbox 613 528 840 601; x_wconf 87' lang='grc' dir='ltr'><strong>θέμενος</strong></span> <span class='ocrx_word' id='word_1_32' title='bbox 876 527 1262 596; x_wconf 81' lang='grc' dir='ltr'><strong>Μυστηρίων,</strong></span> <span class='ocrx_word' id='word_1_33' title='bbox 1315 528 1382 598; x_wconf 83' lang='grc' dir='ltr'><strong>τῇ</strong></span> <span class='ocrx_word' id='word_1_34' title='bbox 1428 525 1484 579; x_wconf 82' lang='grc' dir='ltr'><strong>δὲ</strong></span> <span class='ocrx_word' id='word_1_35' title='bbox 1513 525 1742 598; x_wconf 73' lang='grc' dir='ltr'><strong>δευτέρα</strong></span> 
     </span>
    </p>
   </div>
   <div class='ocr_carea' id='block_1_6' title="bbox 152 617 1738 696">
    <p class='ocr_par' dir='ltr' id='par_1_6' title="bbox 152 617 1738 696">
     <span class='ocr_line' id='line_1_6' title="bbox 152 617 1738 696; baseline -0.008 -14"><span class='ocrx_word' id='word_1_36' title='bbox 152 624 525 696; x_wconf 65' lang='grc' dir='ltr'><strong>Κεραλαίων,</strong></span> <span class='ocrx_word' id='word_1_37' title='bbox 585 622 653 694; x_wconf 81' lang='grc' dir='ltr'><strong>τῇ</strong></span> <span class='ocrx_word' id='word_1_38' title='bbox 710 620 868 694; x_wconf 82' lang='grc' dir='ltr'><strong>τρίτῃ</strong></span> <span class='ocrx_word' id='word_1_39' title='bbox 928 617 1322 690; x_wconf 68' lang='grc' dir='ltr'><strong>Εὐαγγέλιον,</strong></span> <span class='ocrx_word' id='word_1_40' title='bbox 1384 619 1452 688; x_wconf 85' lang='grc' dir='ltr'><strong>τῇ</strong></span> <span class='ocrx_word' id='word_1_41' title='bbox 1504 617 1738 689; x_wconf 80' lang='grc' dir='ltr'><strong>τετάρτῃ</strong></span> 
     </span>
    </p>
   </div>
   <div class='ocr_carea' id='block_1_7' title="bbox 155 707 1742 785">
    <p class='ocr_par' dir='ltr' id='par_1_7' title="bbox 155 707 1742 785">
     <span class='ocr_line' id='line_1_7' title="bbox 155 707 1742 785; baseline -0.006 -13"><span class='ocrx_word' id='word_1_42' title='bbox 155 714 522 785; x_wconf 76' lang='grc' dir='ltr'><strong>Θησαυρῶνο</strong></span> <span class='ocrx_word' id='word_1_43' title='bbox 579 714 638 765; x_wconf 81' lang='grc' dir='ltr'><strong>έν</strong></span> <span class='ocrx_word' id='word_1_44' title='bbox 684 707 772 776; x_wconf 70' lang='grc' dir='ltr'><strong>αἷς</strong></span> <span class='ocrx_word' id='word_1_45' title='bbox 817 711 886 764; x_wconf 83' lang='grc' dir='ltr'><strong>τά</strong></span> <span class='ocrx_word' id='word_1_46' title='bbox 926 709 1152 779; x_wconf 79' lang='grc' dir='ltr'><strong>ίσόζυγα</strong></span> <span class='ocrx_word' id='word_1_47' title='bbox 1191 709 1286 762; x_wconf 81' lang='grc' dir='ltr'><strong>καὶ</strong></span> <span class='ocrx_word' id='word_1_48' title='bbox 1340 707 1411 762; x_wconf 80' lang='grc' dir='ltr'><strong>τὰ</strong></span> <span class='ocrx_word' id='word_1_49' title='bbox 1475 709 1742 781; x_wconf 79' lang='grc' dir='ltr'><strong>ίσόρῤοπα</strong></span> 
     </span>
    </p>
   </div>
   <div class='ocr_carea' id='block_1_8' title="bbox 154 796 1743 878">
    <p class='ocr_par' dir='ltr' id='par_1_8' title="bbox 154 796 1743 878">
     <span class='ocr_line' id='line_1_8' title="bbox 154 796 1743 878; baseline -0.006 -18"><span class='ocrx_word' id='word_1_50' title='bbox 154 808 243 860; x_wconf 69' lang='grc' dir='ltr'><strong>δύο</strong></span> <span class='ocrx_word' id='word_1_51' title='bbox 283 805 470 878; x_wconf 85' lang='grc' dir='ltr'><strong>ἀρχῶν</strong></span> <span class='ocrx_word' id='word_1_52' title='bbox 523 801 786 867; x_wconf 78' lang='grc' dir='ltr'><strong>συζεύξας</strong></span> <span class='ocrx_word' id='word_1_53' title='bbox 829 799 1098 872; x_wconf 86' lang='grc' dir='ltr'><strong>πρόσωπα</strong></span> <span class='ocrx_word' id='word_1_54' title='bbox 1147 797 1273 852; x_wconf 88' lang='grc' dir='ltr'><strong>καθ’</strong></span> <span class='ocrx_word' id='word_1_55' title='bbox 1318 796 1557 868; x_wconf 77' lang='grc' dir='ltr'><strong>ἑκάστην</strong></span> <span class='ocrx_word' id='word_1_56' title='bbox 1611 797 1743 851; x_wconf 85' lang='grc' dir='ltr'><strong>ὑπό-</strong></span> 
     </span>
    </p>
   </div>
   <div class='ocr_carea' id='block_1_9' title="bbox 154 887 1744 961">
    <p class='ocr_par' dir='ltr' id='par_1_9' title="bbox 154 887 1744 961">
     <span class='ocr_line' id='line_1_9' title="bbox 154 887 1744 961; baseline -0.004 -10"><span class='ocrx_word' id='word_1_57' title='bbox 154 899 326 961; x_wconf 86' lang='grc' dir='ltr'><strong>θεσιν,</strong></span> <span class='ocrx_word' id='word_1_58' title='bbox 378 895 551 960; x_wconf 76' lang='grc' dir='ltr'><strong>οὕτως</strong></span> <span class='ocrx_word' id='word_1_59' title='bbox 601 890 890 947; x_wconf 83' lang='grc' dir='ltr'><strong>ὑπολαϐὼν</strong></span> <span class='ocrx_word' id='word_1_60' title='bbox 922 893 952 945; x_wconf 86' lang='grc' dir='ltr'><strong>ό</strong></span> <span class='ocrx_word' id='word_1_61' title='bbox 1002 890 1207 956; x_wconf 82' lang='grc' dir='ltr'><strong>τάλας,</strong></span> <span class='ocrx_word' id='word_1_62' title='bbox 1240 888 1334 944; x_wconf 77' lang='grc' dir='ltr'><strong>καὶ</strong></span> <span class='ocrx_word' id='word_1_63' title='bbox 1383 887 1556 954; x_wconf 81' lang='grc' dir='ltr'><strong>οὕτως</strong></span> <span class='ocrx_word' id='word_1_64' title='bbox 1601 890 1744 944; x_wconf 87' lang='grc' dir='ltr'><strong>κατά</strong></span> 
     </span>
    </p>
   </div>
   <div class='ocr_carea' id='block_1_10' title="bbox 153 978 1744 1057">
    <p class='ocr_par' dir='ltr' id='par_1_10' title="bbox 153 978 1744 1057">
     <span class='ocr_line' id='line_1_10' title="bbox 153 978 1744 1057; baseline -0.004 -17"><span class='ocrx_word' id='word_1_65' title='bbox 153 987 311 1041; x_wconf 77' lang='grc' dir='ltr'><strong>τοῦτο</strong></span> <span class='ocrx_word' id='word_1_66' title='bbox 339 986 404 1040; x_wconf 79' lang='grc' dir='ltr'><strong>τὸ</strong></span> <span class='ocrx_word' id='word_1_67' title='bbox 439 985 602 1057; x_wconf 83' lang='grc' dir='ltr'><strong>μέρος</strong></span> <span class='ocrx_word' id='word_1_68' title='bbox 643 981 995 1054; x_wconf 76' lang='grc' dir='ltr'><strong>ὲφαντάζετο,</strong></span> <span class='ocrx_word' id='word_1_69' title='bbox 1043 981 1118 1046; x_wconf 83' lang='grc' dir='ltr'><strong>ὥς</strong></span> <span class='ocrx_word' id='word_1_70' title='bbox 1168 999 1224 1036; x_wconf 88' lang='grc' dir='ltr'><strong>τι</strong></span> <span class='ocrx_word' id='word_1_71' title='bbox 1274 980 1420 1053; x_wconf 89' lang='grc' dir='ltr'><strong>μέγα</strong></span> <span class='ocrx_word' id='word_1_72' title='bbox 1461 978 1636 1053; x_wconf 83' lang='grc' dir='ltr'><strong>εὑρὼν</strong></span> <span class='ocrx_word' id='word_1_73' title='bbox 1665 978 1744 1050; x_wconf 81' lang='grc' dir='ltr'><strong>τῷ</strong></span> 
     </span>
    </p>
   </div>
   <div class='ocr_carea' id='block_1_11' title="bbox 153 1070 1744 1147">
    <p class='ocr_par' dir='ltr' id='par_1_11' title="bbox 153 1070 1744 1147">
     <span class='ocr_line' id='line_1_11' title="bbox 153 1070 1744 1147; baseline -0.004 -17"><span class='ocrx_word' id='word_1_74' title='bbox 153 1076 276 1147; x_wconf 82' lang='grc' dir='ltr'><strong>βίῳ.</strong></span> <span class='ocrx_word' id='word_1_75' title='bbox 314 1077 429 1130; x_wconf 74' lang='grc' dir='ltr'><strong>Καὶ</strong></span> <span class='ocrx_word' id='word_1_76' title='bbox 473 1073 552 1145; x_wconf 79' lang='grc' dir='ltr'><strong>τῷ</strong></span> <span class='ocrx_word' id='word_1_77' title='bbox 592 1074 708 1127; x_wconf 84' lang='grc' dir='ltr'><strong>όντι</strong></span> <span class='ocrx_word' id='word_1_78' title='bbox 750 1072 894 1145; x_wconf 84' lang='grc' dir='ltr'>μέγα</span> <span class='ocrx_word' id='word_1_79' title='bbox 923 1071 1096 1127; x_wconf 80' lang='grc' dir='ltr'><strong>κακὸν</strong></span> <span class='ocrx_word' id='word_1_80' title='bbox 1147 1070 1344 1144; x_wconf 78' lang='grc' dir='ltr'><strong>εὕρατο</strong></span> <span class='ocrx_word' id='word_1_81' title='bbox 1376 1071 1455 1144; x_wconf 79' lang='grc' dir='ltr'><strong>τῷ</strong></span> <span class='ocrx_word' id='word_1_82' title='bbox 1490 1071 1592 1144; x_wconf 84' lang='grc' dir='ltr'><strong>βίῳ</strong></span> <span class='ocrx_word' id='word_1_83' title='bbox 1622 1070 1744 1126; x_wconf 85' lang='grc' dir='ltr'><strong>καθ’</strong></span> 
     </span>
    </p>
   </div>
   <div class='ocr_carea' id='block_1_12' title="bbox 153 1156 1350 1236">
    <p class='ocr_par' dir='ltr' id='par_1_12' title="bbox 153 1156 1350 1236">
     <span class='ocr_line' id='line_1_12' title="bbox 153 1156 1350 1236; baseline 0 -16"><span class='ocrx_word' id='word_1_84' title='bbox 153 1166 354 1222; x_wconf 77' lang='grc' dir='ltr'><strong>ἑαυτοῦ</strong></span> <span class='ocrx_word' id='word_1_85' title='bbox 387 1166 484 1221; x_wconf 75' lang='grc' dir='ltr'><strong>καὶ</strong></span> <span class='ocrx_word' id='word_1_86' title='bbox 510 1165 619 1220; x_wconf 84' lang='grc' dir='ltr'><strong>τῶν</strong></span> <span class='ocrx_word' id='word_1_87' title='bbox 644 1165 715 1219; x_wconf 75' lang='grc' dir='ltr'><strong>ὑπ</strong></span> <span class='ocrx_word' id='word_1_88' title='bbox 733 1156 750 1180; x_wconf 85' lang='grc'>’</span> <span class='ocrx_word' id='word_1_89' title='bbox 766 1161 932 1218; x_wconf 70' lang='grc' dir='ltr'><strong>αὐτοῦ</strong></span> <span class='ocrx_word' id='word_1_90' title='bbox 947 1162 1350 1236; x_wconf 69' lang='grc' dir='ltr'><strong>πλανωμένων.</strong></span> 
     </span>
    </p>
   </div>
   <div class='ocr_carea' id='block_1_13' title="bbox 223 1338 1747 1420">
    <p class='ocr_par' dir='ltr' id='par_1_13' title="bbox 223 1338 1747 1420">
     <span class='ocr_line' id='line_1_13' title="bbox 223 1338 1747 1420; baseline -0.006 -18"><span class='ocrx_word' id='word_1_91' title='bbox 223 1350 305 1404; x_wconf 79' lang='lat'><strong>1&quot;.</strong></span> <span class='ocrx_word' id='word_1_92' title='bbox 336 1346 557 1420; x_wconf 79' lang='grc' dir='ltr'><strong>Ἐπειδὴ</strong></span> <span class='ocrx_word' id='word_1_93' title='bbox 585 1346 641 1399; x_wconf 82' lang='grc' dir='ltr'><strong>δὲ</strong></span> <span class='ocrx_word' id='word_1_94' title='bbox 666 1346 691 1399; x_wconf 76' lang='grc' dir='ltr'><strong>ό</strong></span> <span class='ocrx_word' id='word_1_95' title='bbox 713 1343 854 1418; x_wconf 73' lang='grc' dir='ltr'><strong>ἀνὴρ</strong></span> <span class='ocrx_word' id='word_1_96' title='bbox 874 1344 932 1398; x_wconf 80' lang='grc' dir='ltr'><strong>ὲν</strong></span> <span class='ocrx_word' id='word_1_97' title='bbox 955 1341 1167 1407; x_wconf 82' lang='grc' dir='ltr'><strong>τούτοις</strong></span> <span class='ocrx_word' id='word_1_98' title='bbox 1192 1338 1282 1414; x_wconf 75' lang='grc' dir='ltr'><strong>ἦν,</strong></span> <span class='ocrx_word' id='word_1_99' title='bbox 1302 1340 1530 1414; x_wconf 76' lang='grc' dir='ltr'><strong>ἀκηκόει</strong></span> <span class='ocrx_word' id='word_1_100' title='bbox 1557 1338 1747 1409; x_wconf 64' lang='grc' dir='ltr'><strong>δεπῶς</strong></span> 
     </span>
    </p>
   </div>
   <div class='ocr_carea' id='block_1_14' title="bbox 153 1432 1746 1514">
    <p class='ocr_par' dir='ltr' id='par_1_14' title="bbox 153 1432 1746 1514">
     <span class='ocr_line' id='line_1_14' title="bbox 153 1432 1746 1514; baseline -0.006 -18"><span class='ocrx_word' id='word_1_101' title='bbox 153 1445 203 1497; x_wconf 79' lang='grc' dir='ltr'><strong>οἱ</strong></span> <span class='ocrx_word' id='word_1_102' title='bbox 238 1440 520 1514; x_wconf 75' lang='grc' dir='ltr'><strong>προφῆται</strong></span> <span class='ocrx_word' id='word_1_103' title='bbox 540 1479 555 1504; x_wconf 89' lang='grc'><strong>,</strong></span> <span class='ocrx_word' id='word_1_104' title='bbox 582 1437 677 1492; x_wconf 73' lang='grc' dir='ltr'><strong>καὶ</strong></span> <span class='ocrx_word' id='word_1_105' title='bbox 707 1439 736 1492; x_wconf 87' lang='grc' dir='ltr'><strong>ό</strong></span> <span class='ocrx_word' id='word_1_106' title='bbox 763 1437 929 1508; x_wconf 90' lang='grc' dir='ltr'><strong>νόμος</strong></span> <span class='ocrx_word' id='word_1_107' title='bbox 957 1436 1330 1510; x_wconf 84' lang='grc' dir='ltr'><strong>προεφήτευον</strong></span> <span class='ocrx_word' id='word_1_108' title='bbox 1367 1433 1497 1506; x_wconf 85' lang='grc' dir='ltr'><strong>περὶ</strong></span> <span class='ocrx_word' id='word_1_109' title='bbox 1525 1434 1625 1504; x_wconf 80' lang='grc' dir='ltr'><strong>τῆς</strong></span> <span class='ocrx_word' id='word_1_110' title='bbox 1650 1432 1746 1487; x_wconf 78' lang='grc' dir='ltr'><strong>τοῦ</strong></span> 
     </span>
    </p>
   </div>
   <div class='ocr_carea' id='block_1_15' title="bbox 154 1523 1746 1602">
    <p class='ocr_par' dir='ltr' id='par_1_15' title="bbox 154 1523 1746 1602">
     <span class='ocr_line' id='line_1_15' title="bbox 154 1523 1746 1602; baseline -0.006 -17"><span class='ocrx_word' id='word_1_111' title='bbox 154 1530 364 1602; x_wconf 78' lang='grc' dir='ltr'><strong>κόσμου</strong></span> <span class='ocrx_word' id='word_1_112' title='bbox 400 1527 744 1592; x_wconf 73' lang='grc' dir='ltr'><strong>συστάσεως,</strong></span> <span class='ocrx_word' id='word_1_113' title='bbox 774 1524 869 1580; x_wconf 75' lang='grc' dir='ltr'><strong>καὶ</strong></span> <span class='ocrx_word' id='word_1_114' title='bbox 902 1525 1032 1596; x_wconf 78' lang='grc' dir='ltr'><strong>περὶ</strong></span> <span class='ocrx_word' id='word_1_115' title='bbox 1069 1524 1163 1578; x_wconf 80' lang='grc' dir='ltr'><strong>τοῦ</strong></span> <span class='ocrx_word' id='word_1_116' title='bbox 1194 1524 1316 1589; x_wconf 81' lang='grc' dir='ltr'><strong>ἑνὸς</strong></span> <span class='ocrx_word' id='word_1_117' title='bbox 1345 1525 1440 1577; x_wconf 74' lang='grc' dir='ltr'><strong>καὶ</strong></span> <span class='ocrx_word' id='word_1_118' title='bbox 1475 1523 1746 1596; x_wconf 81' lang='grc' dir='ltr'><strong>μονάρχου</strong></span> 
     </span>
    </p>
   </div>
   <div class='ocr_carea' id='block_1_16' title="bbox 155 1611 1746 1688">
    <p class='ocr_par' dir='ltr' id='par_1_16' title="bbox 155 1611 1746 1688">
     <span class='ocr_line' id='line_1_16' title="bbox 155 1611 1746 1688; baseline -0.006 -12"><span class='ocrx_word' id='word_1_119' title='bbox 155 1622 251 1676; x_wconf 78' lang='grc' dir='ltr'><strong>τοῦ</strong></span> <span class='ocrx_word' id='word_1_120' title='bbox 282 1622 371 1676; x_wconf 79' lang='grc' dir='ltr'><strong>ἀεὶ</strong></span> <span class='ocrx_word' id='word_1_121' title='bbox 394 1621 570 1683; x_wconf 71' lang='grc' dir='ltr'><strong>ὄντος,</strong></span> <span class='ocrx_word' id='word_1_122' title='bbox 599 1617 695 1672; x_wconf 79' lang='grc' dir='ltr'><strong>καὶ</strong></span> <span class='ocrx_word' id='word_1_123' title='bbox 723 1616 798 1688; x_wconf 74' lang='grc' dir='ltr'><strong>μὴ</strong></span> <span class='ocrx_word' id='word_1_124' title='bbox 819 1615 1189 1680; x_wconf 86' lang='grc' dir='ltr'><strong>διαλείποντος</strong></span> <span class='ocrx_word' id='word_1_125' title='bbox 1219 1615 1313 1669; x_wconf 78' lang='grc' dir='ltr'><strong>τοῦ</strong></span> <span class='ocrx_word' id='word_1_126' title='bbox 1346 1611 1486 1670; x_wconf 75' lang='grc' dir='ltr'><strong>εἶναι</strong></span> <span class='ocrx_word' id='word_1_127' title='bbox 1508 1615 1746 1687; x_wconf 82' lang='grc' dir='ltr'><strong>Πατρὸς,</strong></span> 
     </span>
    </p>
   </div>
   <div class='ocr_carea' id='block_1_17' title="bbox 160 1705 1746 1776">
    <p class='ocr_par' dir='ltr' id='par_1_17' title="bbox 160 1705 1746 1776">
     <span class='ocr_line' id='line_1_17' title="bbox 160 1705 1746 1776; baseline -0.008 -7"><span class='ocrx_word' id='word_1_128' title='bbox 160 1716 256 1770; x_wconf 72' lang='grc' dir='ltr'><strong>καὶ</strong></span> <span class='ocrx_word' id='word_1_129' title='bbox 288 1711 386 1766; x_wconf 75' lang='grc' dir='ltr'><strong>τοῦ</strong></span> <span class='ocrx_word' id='word_1_130' title='bbox 421 1710 586 1765; x_wconf 77' lang='grc' dir='ltr'><strong>αὐτοῦ</strong></span> <span class='ocrx_word' id='word_1_131' title='bbox 617 1708 770 1772; x_wconf 82' lang='grc' dir='ltr'><strong>Υίοῦ,</strong></span> <span class='ocrx_word' id='word_1_132' title='bbox 805 1705 1016 1762; x_wconf 74' lang='grc' dir='ltr'><strong>καὶτοῦ</strong></span> <span class='ocrx_word' id='word_1_133' title='bbox 1047 1707 1204 1771; x_wconf 82' lang='grc' dir='ltr'>ἁγίου</span> <span class='ocrx_word' id='word_1_134' title='bbox 1236 1705 1580 1776; x_wconf 82' lang='grc' dir='ltr'><strong>Πνεύματος,</strong></span> <span class='ocrx_word' id='word_1_135' title='bbox 1613 1705 1746 1776; x_wconf 54' lang='lat' dir='ltr'><strong>nos-</strong></span> 
     </span>
    </p>
   </div>
   <div class='ocr_carea' id='block_1_18' title="bbox 1843 515 3437 597">
    <p class='ocr_par' dir='ltr' id='par_1_18' title="bbox 1843 515 3437 597">
     <span class='ocr_line' id='line_1_18' title="bbox 1843 515 3437 597; baseline -0.007 -16"><span class='ocrx_word' id='word_1_136' title='bbox 1843 526 2176 597; x_wconf 76' lang='lat' dir='ltr'><strong>conscripsit</strong></span> <span class='ocrx_word' id='word_1_137' title='bbox 2232 545 2245 580; x_wconf 89' lang='lat'><strong>:</strong></span> <span class='ocrx_word' id='word_1_138' title='bbox 2301 538 2536 596; x_wconf 84' lang='lat' dir='ltr'><strong>quorum</strong></span> <span class='ocrx_word' id='word_1_139' title='bbox 2586 538 2757 578; x_wconf 89' lang='lat' dir='ltr'><strong>unum</strong></span> <span class='ocrx_word' id='word_1_140' title='bbox 2817 515 3193 592; x_wconf 80' lang='lat' dir='ltr'><strong>Mysteriorum</strong></span> <span class='ocrx_word' id='word_1_141' title='bbox 3240 521 3437 577; x_wconf 79' lang='lat' dir='ltr'><strong>insert.</strong></span> 
     </span>
    </p>
   </div>
   <div class='ocr_carea' id='block_1_19' title="bbox 1843 611 3439 689">
    <p class='ocr_par' dir='ltr' id='par_1_19' title="bbox 1843 611 3439 689">
     <span class='ocr_line' id='line_1_19' title="bbox 1843 611 3439 689; baseline -0.004 -17"><span class='ocrx_word' id='word_1_142' title='bbox 1843 618 1990 689; x_wconf 92' lang='lat' dir='ltr'><strong>psit,</strong></span> <span class='ocrx_word' id='word_1_143' title='bbox 2021 616 2251 672; x_wconf 83' lang='lat' dir='ltr'><strong>alterum</strong></span> <span class='ocrx_word' id='word_1_144' title='bbox 2285 614 2534 685; x_wconf 80' lang='lat' dir='ltr'><strong>Cupitum</strong></span> <span class='ocrx_word' id='word_1_145' title='bbox 2561 655 2577 677; x_wconf 85' lang='lat'><strong>,</strong></span> <span class='ocrx_word' id='word_1_146' title='bbox 2607 615 2830 670; x_wconf 87' lang='lat' dir='ltr'><strong>tertium</strong></span> <span class='ocrx_word' id='word_1_147' title='bbox 2860 611 3202 684; x_wconf 78' lang='lat' dir='ltr'><strong>Evangelium</strong></span> <span class='ocrx_word' id='word_1_148' title='bbox 3222 654 3239 679; x_wconf 92' lang='lat'><strong>,</strong></span> <span class='ocrx_word' id='word_1_149' title='bbox 3266 629 3439 682; x_wconf 72' lang='lat' dir='ltr'><strong>quar.</strong></span> 
     </span>
    </p>
   </div>
   <div class='ocr_carea' id='block_1_20' title="bbox 1844 699 3441 778">
    <p class='ocr_par' dir='ltr' id='par_1_20' title="bbox 1844 699 3441 778">
     <span class='ocr_line' id='line_1_20' title="bbox 1844 699 3441 778; baseline -0.003 -14"><span class='ocrx_word' id='word_1_150' title='bbox 1844 719 1957 764; x_wconf 91' lang='lat' dir='ltr'><strong>tum</strong></span> <span class='ocrx_word' id='word_1_151' title='bbox 1993 708 2413 764; x_wconf 78' lang='lat' dir='ltr'><strong>Thesaurorum.</strong></span> <span class='ocrx_word' id='word_1_152' title='bbox 2456 701 2514 762; x_wconf 29' lang='lat' dir='ltr'><strong>l‘n</strong></span> <span class='ocrx_word' id='word_1_153' title='bbox 2546 705 2614 763; x_wconf 91' lang='lat' dir='ltr'><strong>iis</strong></span> <span class='ocrx_word' id='word_1_154' title='bbox 2657 706 2811 778; x_wconf 90' lang='lat' dir='ltr'><strong>paria</strong></span> <span class='ocrx_word' id='word_1_155' title='bbox 2857 715 3023 778; x_wconf 90' lang='lat' dir='ltr'><strong>atque</strong></span> <span class='ocrx_word' id='word_1_156' title='bbox 3060 699 3291 776; x_wconf 69' lang='lat' dir='ltr'><strong>aequalia</strong></span> <span class='ocrx_word' id='word_1_157' title='bbox 3323 707 3441 760; x_wconf 72' lang='lat' dir='ltr'><strong>duo</strong></span> 
     </span>
    </p>
   </div>
   <div class='ocr_carea' id='block_1_21' title="bbox 1844 799 3440 872">
    <p class='ocr_par' dir='ltr' id='par_1_21' title="bbox 1844 799 3440 872">
     <span class='ocr_line' id='line_1_21' title="bbox 1844 799 3440 872; baseline -0.001 -16"><span class='ocrx_word' id='word_1_158' title='bbox 1844 800 2113 872; x_wconf 89' lang='lat' dir='ltr'><strong>principia</strong></span> <span class='ocrx_word' id='word_1_159' title='bbox 2173 815 2548 872; x_wconf 81' lang='lat' dir='ltr'><strong>personasque</strong></span> <span class='ocrx_word' id='word_1_160' title='bbox 2597 799 2652 855; x_wconf 91' lang='lat' dir='ltr'><strong>in</strong></span> <span class='ocrx_word' id='word_1_161' title='bbox 2704 812 3037 870; x_wconf 90' lang='lat' dir='ltr'><strong>unoquoque</strong></span> <span class='ocrx_word' id='word_1_162' title='bbox 3108 811 3440 869; x_wconf 82' lang='lat' dir='ltr'><strong>argumento</strong></span> 
     </span>
    </p>
   </div>
   <div class='ocr_carea' id='block_1_22' title="bbox 1844 889 3440 969">
    <p class='ocr_par' dir='ltr' id='par_1_22' title="bbox 1844 889 3440 969">
     <span class='ocr_line' id='line_1_22' title="bbox 1844 889 3440 969; baseline -0.001 -21"><span class='ocrx_word' id='word_1_163' title='bbox 1844 892 2135 963; x_wconf 75' lang='lat' dir='ltr'><strong>copulatis,</strong></span> <span class='ocrx_word' id='word_1_164' title='bbox 2168 893 2244 946; x_wconf 89' lang='lat' dir='ltr'><strong>ita</strong></span> <span class='ocrx_word' id='word_1_165' title='bbox 2276 891 2382 947; x_wconf 87' lang='lat' dir='ltr'><strong>sibi</strong></span> <span class='ocrx_word' id='word_1_166' title='bbox 2426 897 2779 969; x_wconf 75' lang='lat' dir='ltr'><strong>persuaserat</strong></span> <span class='ocrx_word' id='word_1_167' title='bbox 2809 890 2998 954; x_wconf 85' lang='lat' dir='ltr'><strong>miser,</strong></span> <span class='ocrx_word' id='word_1_168' title='bbox 3044 889 3228 960; x_wconf 86' lang='lat' dir='ltr'><strong>itaque</strong></span> <span class='ocrx_word' id='word_1_169' title='bbox 3255 889 3356 943; x_wconf 91' lang='lat' dir='ltr'><strong>hac</strong></span> <span class='ocrx_word' id='word_1_170' title='bbox 3378 889 3440 948; x_wconf 90' lang='lat' dir='ltr'><strong>in</strong></span> 
     </span>
    </p>
   </div>
   <div class='ocr_carea' id='block_1_23' title="bbox 1843 976 3441 1053">
    <p class='ocr_par' dir='ltr' id='par_1_23' title="bbox 1843 976 3441 1053">
     <span class='ocr_line' id='line_1_23' title="bbox 1843 976 3441 1053; baseline -0.005 -17"><span class='ocrx_word' id='word_1_171' title='bbox 1843 989 2000 1053; x_wconf 87' lang='lat' dir='ltr'><strong>parte</strong></span> <span class='ocrx_word' id='word_1_172' title='bbox 2031 981 2362 1046; x_wconf 81' lang='lat' dir='ltr'><strong>somniabat,</strong></span> <span class='ocrx_word' id='word_1_173' title='bbox 2392 991 2652 1051; x_wconf 80' lang='lat' dir='ltr'><strong>magnum</strong></span> <span class='ocrx_word' id='word_1_174' title='bbox 2676 994 2708 1033; x_wconf 91' lang='lat' dir='ltr'><strong>a</strong></span> <span class='ocrx_word' id='word_1_175' title='bbox 2741 993 2800 1035; x_wconf 91' lang='lat' dir='ltr'><strong>se</strong></span> <span class='ocrx_word' id='word_1_176' title='bbox 2831 976 3090 1050; x_wconf 87' lang='lat' dir='ltr'><strong>quiddam</strong></span> <span class='ocrx_word' id='word_1_177' title='bbox 3122 979 3176 1032; x_wconf 91' lang='lat' dir='ltr'><strong>in</strong></span> <span class='ocrx_word' id='word_1_178' title='bbox 3204 980 3315 1034; x_wconf 86' lang='lat' dir='ltr'><strong>vita</strong></span> <span class='ocrx_word' id='word_1_179' title='bbox 3349 995 3441 1034; x_wconf 87' lang='lat' dir='ltr'><strong>re-</strong></span> 
     </span>
    </p>
   </div>
   <div class='ocr_carea' id='block_1_24' title="bbox 1846 1068 3434 1141">
    <p class='ocr_par' dir='ltr' id='par_1_24' title="bbox 1846 1068 3434 1141">
     <span class='ocr_line' id='line_1_24' title="bbox 1846 1068 3434 1141; baseline -0.001 -17"><span class='ocrx_word' id='word_1_180' title='bbox 1846 1078 2080 1141; x_wconf 88' lang='lat' dir='ltr'><strong>pertum.</strong></span> <span class='ocrx_word' id='word_1_181' title='bbox 2121 1069 2187 1124; x_wconf 88' lang='lat' dir='ltr'><strong>Et</strong></span> <span class='ocrx_word' id='word_1_182' title='bbox 2229 1083 2361 1125; x_wconf 85' lang='lat' dir='ltr'><strong>vero</strong></span> <span class='ocrx_word' id='word_1_183' title='bbox 2399 1083 2661 1140; x_wconf 81' lang='lat' dir='ltr'><strong>magnum</strong></span> <span class='ocrx_word' id='word_1_184' title='bbox 2716 1082 2851 1124; x_wconf 82' lang='lat' dir='ltr'><strong>sane</strong></span> <span class='ocrx_word' id='word_1_185' title='bbox 2910 1068 3117 1123; x_wconf 90' lang='lat' dir='ltr'><strong>malum</strong></span> <span class='ocrx_word' id='word_1_186' title='bbox 3174 1068 3230 1123; x_wconf 91' lang='lat' dir='ltr'><strong>in</strong></span> <span class='ocrx_word' id='word_1_187' title='bbox 3280 1083 3434 1124; x_wconf 89' lang='lat' dir='ltr'><strong>suam</strong></span> 
     </span>
    </p>
   </div>
   <div class='ocr_carea' id='block_1_25' title="bbox 1845 1160 3441 1235">
    <p class='ocr_par' dir='ltr' id='par_1_25' title="bbox 1845 1160 3441 1235">
     <span class='ocr_line' id='line_1_25' title="bbox 1845 1160 3441 1235; baseline -0.003 -15"><span class='ocrx_word' id='word_1_188' title='bbox 1845 1178 2167 1235; x_wconf 86' lang='lat' dir='ltr'><strong>eorumque,</strong></span> <span class='ocrx_word' id='word_1_189' title='bbox 2197 1163 2398 1235; x_wconf 83' lang='lat' dir='ltr'><strong>quibus</strong></span> <span class='ocrx_word' id='word_1_190' title='bbox 2428 1161 2710 1234; x_wconf 88' lang='lat' dir='ltr'><strong>imposuit,</strong></span> <span class='ocrx_word' id='word_1_191' title='bbox 2741 1161 3042 1232; x_wconf 74' lang='lat' dir='ltr'><strong>perniciem</strong></span> <span class='ocrx_word' id='word_1_192' title='bbox 3067 1161 3125 1219; x_wconf 86' lang='lat' dir='ltr'><strong>in</strong></span> <span class='ocrx_word' id='word_1_193' title='bbox 3153 1160 3320 1217; x_wconf 87' lang='lat' dir='ltr'><strong>vitam</strong></span> <span class='ocrx_word' id='word_1_194' title='bbox 3354 1162 3441 1217; x_wconf 81' lang='lat' dir='ltr'><strong>in-</strong></span> 
     </span>
    </p>
   </div>
   <div class='ocr_carea' id='block_1_26' title="bbox 1849 1255 2016 1312">
    <p class='ocr_par' dir='ltr' id='par_1_26' title="bbox 1849 1255 2016 1312">
     <span class='ocr_line' id='line_1_26' title="bbox 1849 1255 2016 1312; baseline -0.012 -2"><span class='ocrx_word' id='word_1_195' title='bbox 1849 1255 2016 1312; x_wconf 80' lang='lat' dir='ltr'><strong>vexit.</strong></span> 
     </span>
    </p>
   </div>
   <div class='ocr_carea' id='block_1_27' title="bbox 1921 1345 3430 1417">
    <p class='ocr_par' dir='ltr' id='par_1_27' title="bbox 1921 1345 3430 1417">
     <span class='ocr_line' id='line_1_27' title="bbox 1921 1345 3430 1417; baseline 0 -15"><span class='ocrx_word' id='word_1_196' title='bbox 1921 1347 2006 1402; x_wconf 92' lang='lat' dir='ltr'><strong>lll.</strong></span> <span class='ocrx_word' id='word_1_197' title='bbox 2051 1349 2196 1402; x_wconf 82' lang='lat' dir='ltr'><strong>Inter</strong></span> <span class='ocrx_word' id='word_1_198' title='bbox 2231 1347 2347 1402; x_wconf 68' lang='lat' dir='ltr'><strong>haec</strong></span> <span class='ocrx_word' id='word_1_199' title='bbox 2372 1362 2496 1400; x_wconf 85' lang='lat' dir='ltr'><strong>cum</strong></span> <span class='ocrx_word' id='word_1_200' title='bbox 2537 1345 2786 1401; x_wconf 85' lang='lat' dir='ltr'><strong>audisset</strong></span> <span class='ocrx_word' id='word_1_201' title='bbox 2827 1345 3218 1417; x_wconf 89' lang='lat' dir='ltr'><strong>prophetarum</strong></span> <span class='ocrx_word' id='word_1_202' title='bbox 3261 1361 3326 1402; x_wconf 92' lang='lat' dir='ltr'><strong>ac</strong></span> <span class='ocrx_word' id='word_1_203' title='bbox 3355 1346 3430 1402; x_wconf 84' lang='lat' dir='ltr'><strong>le-</strong></span> 
     </span>
    </p>
   </div>
   <div class='ocr_carea' id='block_1_28' title="bbox 1849 1438 3444 1512">
    <p class='ocr_par' dir='ltr' id='par_1_28' title="bbox 1849 1438 3444 1512">
     <span class='ocr_line' id='line_1_28' title="bbox 1849 1438 3444 1512; baseline -0.001 -18"><span class='ocrx_word' id='word_1_204' title='bbox 1849 1439 1932 1512; x_wconf 73' lang='lat' dir='ltr'><strong>gis</strong></span> <span class='ocrx_word' id='word_1_205' title='bbox 1976 1439 2219 1495; x_wconf 87' lang='lat' dir='ltr'><strong>oraculis</strong></span> <span class='ocrx_word' id='word_1_206' title='bbox 2279 1438 2470 1493; x_wconf 88' lang='lat' dir='ltr'><strong>mundi</strong></span> <span class='ocrx_word' id='word_1_207' title='bbox 2522 1439 2998 1508; x_wconf 84' lang='lat' dir='ltr'><strong>procreationem,</strong></span> <span class='ocrx_word' id='word_1_208' title='bbox 3049 1447 3214 1509; x_wconf 86' lang='lat' dir='ltr'><strong>atque</strong></span> <span class='ocrx_word' id='word_1_209' title='bbox 3268 1455 3444 1493; x_wconf 88' lang='lat' dir='ltr'><strong>unum</strong></span> 
     </span>
    </p>
   </div>
   <div class='ocr_carea' id='block_1_29' title="bbox 1852 1529 3450 1601">
    <p class='ocr_par' dir='ltr' id='par_1_29' title="bbox 1852 1529 3450 1601">
     <span class='ocr_line' id='line_1_29' title="bbox 1852 1529 3450 1601; baseline -0.001 -15"><span class='ocrx_word' id='word_1_210' title='bbox 1852 1529 2414 1601; x_wconf 74' lang='lat' dir='ltr'><strong>solumqueomnium</strong></span> <span class='ocrx_word' id='word_1_211' title='bbox 2456 1529 2762 1600; x_wconf 84' lang='lat' dir='ltr'><strong>principem</strong></span> <span class='ocrx_word' id='word_1_212' title='bbox 2807 1529 3323 1600; x_wconf 78' lang='lat' dir='ltr'><strong>moderatoremque</strong></span> <span class='ocrx_word' id='word_1_213' title='bbox 3352 1544 3450 1585; x_wconf 82' lang='lat' dir='ltr'><strong>ce-</strong></span> 
     </span>
    </p>
   </div>
   <div class='ocr_carea' id='block_1_30' title="bbox 1851 1621 3448 1694">
    <p class='ocr_par' dir='ltr' id='par_1_30' title="bbox 1851 1621 3448 1694">
     <span class='ocr_line' id='line_1_30' title="bbox 1851 1621 3448 1694; baseline -0.004 -15"><span class='ocrx_word' id='word_1_214' title='bbox 1851 1623 2091 1687; x_wconf 89' lang='lat' dir='ltr'><strong>lebrari,</strong></span> <span class='ocrx_word' id='word_1_215' title='bbox 2139 1624 2234 1694; x_wconf 89' lang='lat' dir='ltr'><strong>qui</strong></span> <span class='ocrx_word' id='word_1_216' title='bbox 2281 1629 2337 1677; x_wconf 93' lang='lat' dir='ltr'><strong>et</strong></span> <span class='ocrx_word' id='word_1_217' title='bbox 2386 1635 2605 1692; x_wconf 88' lang='lat' dir='ltr'><strong>semper</strong></span> <span class='ocrx_word' id='word_1_218' title='bbox 2651 1621 2964 1686; x_wconf 81' lang='lat' dir='ltr'><strong>exsisteret,</strong></span> <span class='ocrx_word' id='word_1_219' title='bbox 3023 1637 3125 1676; x_wconf 88' lang='lat' dir='ltr'><strong>nec</strong></span> <span class='ocrx_word' id='word_1_220' title='bbox 3169 1622 3448 1676; x_wconf 89' lang='lat' dir='ltr'><strong>desineret</strong></span> 
     </span>
    </p>
   </div>
   <div class='ocr_carea' id='block_1_31' title="bbox 1854 1710 3436 1786">
    <p class='ocr_par' dir='ltr' id='par_1_31' title="bbox 1854 1710 3436 1786">
     <span class='ocr_line' id='line_1_31' title="bbox 1854 1710 3436 1786; baseline -0.003 -16"><span class='ocrx_word' id='word_1_221' title='bbox 1854 1730 2121 1786; x_wconf 87' lang='lat' dir='ltr'><strong>unquam,</strong></span> <span class='ocrx_word' id='word_1_222' title='bbox 2163 1712 2388 1770; x_wconf 88' lang='lat' dir='ltr'><strong>Patrem</strong></span> <span class='ocrx_word' id='word_1_223' title='bbox 2435 1714 2668 1778; x_wconf 87' lang='lat' dir='ltr'><strong>scilicet,</strong></span> <span class='ocrx_word' id='word_1_224' title='bbox 2717 1729 2782 1770; x_wconf 84' lang='lat' dir='ltr'><strong>ac</strong></span> <span class='ocrx_word' id='word_1_225' title='bbox 2811 1711 3012 1769; x_wconf 88' lang='lat' dir='ltr'><strong>Filium</strong></span> <span class='ocrx_word' id='word_1_226' title='bbox 3069 1723 3125 1770; x_wconf 91' lang='lat' dir='ltr'><strong>et</strong></span> <span class='ocrx_word' id='word_1_227' title='bbox 3179 1710 3436 1784; x_wconf 76' lang='lat' dir='ltr'><strong>Spiritum</strong></span> 
     </span>
    </p>
   </div>
   <div class='ocr_carea' id='block_1_32' title="bbox 156 1795 1764 1880">
    <p class='ocr_par' dir='ltr' id='par_1_32' title="bbox 156 1795 1752 1878">
     <span class='ocr_line' id='line_1_32' title="bbox 156 1795 1752 1878; baseline -0.006 -19"><span class='ocrx_word' id='word_1_228' title='bbox 156 1807 289 1878; x_wconf 84' lang='grc' dir='ltr'><strong>λησε</strong></span> <span class='ocrx_word' id='word_1_229' title='bbox 342 1800 701 1876; x_wconf 71' lang='grc' dir='ltr'><strong>περιττοτέρᾳ</strong></span> <span class='ocrx_word' id='word_1_230' title='bbox 756 1799 864 1853; x_wconf 74' lang='grc' dir='ltr'><strong>τινὶ</strong></span> <span class='ocrx_word' id='word_1_231' title='bbox 915 1799 1216 1871; x_wconf 85' lang='grc' dir='ltr'><strong>φερόμενος</strong></span> <span class='ocrx_word' id='word_1_232' title='bbox 1267 1796 1606 1869; x_wconf 71' lang='grc' dir='ltr'><strong>ἡδυπαθείᾳ,</strong></span> <span class='ocrx_word' id='word_1_233' title='bbox 1657 1795 1752 1850; x_wconf 76' lang='grc' dir='ltr'><strong>καὶ</strong></span> 
     </span>
    </p>
   </div>
   <div class='ocr_carea' id='block_1_33' title="bbox 1871 1795 3438 1880">
    <p class='ocr_par' dir='ltr' id='par_1_33' title="bbox 1871 1805 3438 1880">
     <span class='ocr_line' id='line_1_33' title="bbox 1871 1805 3438 1880; baseline -0.008 -13"><span class='ocrx_word' id='word_1_234' title='bbox 1871 1808 2017 1880; x_wconf 74' lang='lat'><strong>520</strong></span> <span class='ocrx_word' id='word_1_235' title='bbox 2063 1815 2316 1864; x_wconf 90' lang='lat' dir='ltr'><strong>sanctum</strong></span> <span class='ocrx_word' id='word_1_236' title='bbox 2340 1846 2355 1872; x_wconf 93' lang='lat'><strong>,</strong></span> <span class='ocrx_word' id='word_1_237' title='bbox 2399 1807 2896 1863; x_wconf 88' lang='lat' dir='ltr'><strong>abundantioribus</strong></span> <span class='ocrx_word' id='word_1_238' title='bbox 2926 1813 2981 1861; x_wconf 90' lang='lat' dir='ltr'><strong>et</strong></span> <span class='ocrx_word' id='word_1_239' title='bbox 3014 1806 3199 1863; x_wconf 91' lang='lat' dir='ltr'><strong>nimiis</strong></span> <span class='ocrx_word' id='word_1_240' title='bbox 3227 1805 3438 1862; x_wconf 71' lang='lat' dir='ltr'><strong>deliciis</strong></span> 
     </span>
    </p>
   </div>
   <div class='ocr_carea' id='block_1_34' title="bbox 157 1886 1753 1957">
    <p class='ocr_par' dir='ltr' id='par_1_34' title="bbox 157 1886 1753 1957">
     <span class='ocr_line' id='line_1_34' title="bbox 157 1886 1753 1957; baseline -0.007 -6"><span class='ocrx_word' id='word_1_241' title='bbox 157 1897 305 1950; x_wconf 82' lang='grc' dir='ltr'><strong>κατά</strong></span> <span class='ocrx_word' id='word_1_242' title='bbox 337 1895 432 1949; x_wconf 73' lang='grc' dir='ltr'><strong>τὸν</strong></span> <span class='ocrx_word' id='word_1_243' title='bbox 463 1891 728 1947; x_wconf 78' lang='grc' dir='ltr'><strong>ἰδιωτικὸν</strong></span> <span class='ocrx_word' id='word_1_244' title='bbox 753 1889 918 1944; x_wconf 70' lang='grc' dir='ltr'><strong>αὑτοῦ</strong></span> <span class='ocrx_word' id='word_1_245' title='bbox 959 1890 1082 1943; x_wconf 86' lang='grc' dir='ltr'><strong>νοῦν</strong></span> <span class='ocrx_word' id='word_1_246' title='bbox 1113 1887 1499 1954; x_wconf 72' lang='grc' dir='ltr'><strong>ἐπιτωθάζων,</strong></span> <span class='ocrx_word' id='word_1_247' title='bbox 1529 1888 1625 1940; x_wconf 61' lang='grc' dir='ltr'><strong>καὶ⁵</strong></span> <span class='ocrx_word' id='word_1_248' title='bbox 1657 1886 1753 1957; x_wconf 67' lang='grc' dir='ltr'><strong>βας</strong></span> 
     </span>
    </p>
   </div>
   <div class='ocr_carea' id='block_1_35' title="bbox 162 1979 1756 2062">
    <p class='ocr_par' dir='ltr' id='par_1_35' title="bbox 162 1979 1756 2062">
     <span class='ocr_line' id='line_1_35' title="bbox 162 1979 1756 2062; baseline -0.006 -20"><span class='ocrx_word' id='word_1_249' title='bbox 162 1991 277 2062; x_wconf 85' lang='grc' dir='ltr'><strong>ρεῖς</strong></span> <span class='ocrx_word' id='word_1_250' title='bbox 318 1985 585 2059; x_wconf 74' lang='grc' dir='ltr'><strong>στρήνους</strong></span> <span class='ocrx_word' id='word_1_251' title='bbox 633 1986 694 2037; x_wconf 82' lang='grc' dir='ltr'><strong>ὲν</strong></span> <span class='ocrx_word' id='word_1_252' title='bbox 738 1982 915 2052; x_wconf 79' lang='grc' dir='ltr'><strong>ἑαυτῷ</strong></span> <span class='ocrx_word' id='word_1_253' title='bbox 956 1982 1224 2053; x_wconf 81' lang='grc' dir='ltr'><strong>ἀγόμενος</strong></span> <span class='ocrx_word' id='word_1_254' title='bbox 1252 2021 1266 2045; x_wconf 95' lang='grc'><strong>,</strong></span> <span class='ocrx_word' id='word_1_255' title='bbox 1304 1979 1629 2034; x_wconf 79' lang='grc' dir='ltr'><strong>στέλλεσθαι</strong></span> <span class='ocrx_word' id='word_1_256' title='bbox 1655 1979 1756 2051; x_wconf 84' lang='grc' dir='ltr'><strong>τὴν</strong></span> 
     </span>
    </p>
   </div>
   <div class='ocr_carea' id='block_1_36' title="bbox 162 2071 1754 2154">
    <p class='ocr_par' dir='ltr' id='par_1_36' title="bbox 162 2071 1754 2154">
     <span class='ocr_line' id='line_1_36' title="bbox 162 2071 1754 2154; baseline -0.008 -18"><span class='ocrx_word' id='word_1_257' title='bbox 162 2080 390 2154; x_wconf 77' lang='grc' dir='ltr'><strong>πορείαν</strong></span> <span class='ocrx_word' id='word_1_258' title='bbox 421 2078 515 2131; x_wconf 76' lang='grc' dir='ltr'><strong>ἐπὶ</strong></span> <span class='ocrx_word' id='word_1_259' title='bbox 552 2076 623 2130; x_wconf 81' lang='grc' dir='ltr'><strong>τὰ</strong></span> <span class='ocrx_word' id='word_1_260' title='bbox 671 2073 1023 2147; x_wconf 82' lang='grc' dir='ltr'><strong>Ἰεροσόλυμα</strong></span> <span class='ocrx_word' id='word_1_261' title='bbox 1055 2073 1187 2145; x_wconf 75' lang='grc' dir='ltr'><strong>περὶ</strong></span> <span class='ocrx_word' id='word_1_262' title='bbox 1225 2072 1354 2137; x_wconf 81' lang='grc' dir='ltr'><strong>τοὺς</strong></span> <span class='ocrx_word' id='word_1_263' title='bbox 1384 2071 1608 2144; x_wconf 82' lang='grc' dir='ltr'><strong>χρόνους</strong></span> <span class='ocrx_word' id='word_1_264' title='bbox 1646 2071 1754 2124; x_wconf 83' lang='grc' dir='ltr'><strong>τῶν</strong></span> 
     </span>
    </p>
   </div>
   <div class='ocr_carea' id='block_1_37' title="bbox 165 2161 1756 2239">
    <p class='ocr_par' dir='ltr' id='par_1_37' title="bbox 165 2161 1756 2239">
     <span class='ocr_line' id='line_1_37' title="bbox 165 2161 1756 2239; baseline -0.008 -12"><span class='ocrx_word' id='word_1_265' title='bbox 165 2171 482 2227; x_wconf 74' lang='grc' dir='ltr'><strong>ἀποστόλων</strong></span> <span class='ocrx_word' id='word_1_266' title='bbox 521 2167 657 2239; x_wconf 81' lang='grc'><strong>(15),</strong></span> <span class='ocrx_word' id='word_1_267' title='bbox 711 2165 788 2230; x_wconf 83' lang='grc' dir='ltr'><strong>ὼς</strong></span> <span class='ocrx_word' id='word_1_268' title='bbox 832 2165 994 2237; x_wconf 81' lang='grc' dir='ltr'>δῆθεν</span> <span class='ocrx_word' id='word_1_269' title='bbox 1051 2166 1231 2218; x_wconf 72' lang='grc' dir='ltr'><strong>ἐκεῖσε</strong></span> <span class='ocrx_word' id='word_1_270' title='bbox 1284 2161 1609 2234; x_wconf 77' lang='grc' dir='ltr'><strong>ποιούμενος</strong></span> <span class='ocrx_word' id='word_1_271' title='bbox 1663 2161 1756 2216; x_wconf 79' lang='grc' dir='ltr'><strong>τὸν</strong></span> 
     </span>
    </p>
   </div>
   <div class='ocr_carea' id='block_1_38' title="bbox 165 2253 1758 2334">
    <p class='ocr_par' dir='ltr' id='par_1_38' title="bbox 165 2253 1758 2334">
     <span class='ocr_line' id='line_1_38' title="bbox 165 2253 1758 2334; baseline -0.008 -15"><span class='ocrx_word' id='word_1_272' title='bbox 165 2265 324 2334; x_wconf 83' lang='grc' dir='ltr'><strong>λόγον</strong></span> <span class='ocrx_word' id='word_1_273' title='bbox 353 2259 484 2333; x_wconf 77' lang='grc' dir='ltr'><strong>περὶ</strong></span> <span class='ocrx_word' id='word_1_274' title='bbox 511 2259 640 2324; x_wconf 76' lang='grc' dir='ltr'><strong>τοὺς</strong></span> <span class='ocrx_word' id='word_1_275' title='bbox 662 2258 731 2312; x_wconf 80' lang='grc' dir='ltr'><strong>τὰ</strong></span> <span class='ocrx_word' id='word_1_276' title='bbox 757 2257 849 2312; x_wconf 74' lang='grc' dir='ltr'><strong>ἐπὶ</strong></span> <span class='ocrx_word' id='word_1_277' title='bbox 880 2255 1178 2329; x_wconf 79' lang='grc' dir='ltr'><strong>μοναρχίας</strong></span> <span class='ocrx_word' id='word_1_278' title='bbox 1212 2253 1585 2326; x_wconf 83' lang='grc' dir='ltr'><strong>κηρύττοντας</strong></span> <span class='ocrx_word' id='word_1_279' title='bbox 1604 2293 1620 2318; x_wconf 88' lang='grc'><strong>,</strong></span> <span class='ocrx_word' id='word_1_280' title='bbox 1659 2253 1758 2306; x_wconf 76' lang='grc' dir='ltr'><strong>καὶ</strong></span> 
     </span>
    </p>
   </div>
   <div class='ocr_carea' id='block_1_39' title="bbox 166 2345 1754 2422">
    <p class='ocr_par' dir='ltr' id='par_1_39' title="bbox 166 2345 1754 2422">
     <span class='ocr_line' id='line_1_39' title="bbox 166 2345 1754 2422; baseline -0.009 -10"><span class='ocrx_word' id='word_1_281' title='bbox 166 2357 271 2412; x_wconf 86' lang='grc' dir='ltr'><strong>τῶν</strong></span> <span class='ocrx_word' id='word_1_282' title='bbox 317 2355 414 2410; x_wconf 81' lang='grc' dir='ltr'><strong>τοῦ</strong></span> <span class='ocrx_word' id='word_1_283' title='bbox 459 2352 597 2408; x_wconf 83' lang='grc' dir='ltr'><strong>Θεοῦ</strong></span> <span class='ocrx_word' id='word_1_284' title='bbox 645 2350 984 2422; x_wconf 81' lang='grc' dir='ltr'><strong>κτισμάτων.</strong></span> <span class='ocrx_word' id='word_1_285' title='bbox 1046 2349 1106 2402; x_wconf 77' lang='grc' dir='ltr'>ὐ</span> <span class='ocrx_word' id='word_1_286' title='bbox 1153 2348 1210 2402; x_wconf 81' lang='grc' dir='ltr'><strong>δὲ</strong></span> <span class='ocrx_word' id='word_1_287' title='bbox 1248 2346 1456 2411; x_wconf 84' lang='grc' dir='ltr'><strong>τάλας.</strong></span> <span class='ocrx_word' id='word_1_288' title='bbox 1491 2345 1754 2411; x_wconf 85' lang='grc' dir='ltr'><strong>ἀνελθὼν,</strong></span> 
     </span>
    </p>
   </div>
   <div class='ocr_carea' id='block_1_40' title="bbox 165 2437 1755 2518">
    <p class='ocr_par' dir='ltr' id='par_1_40' title="bbox 165 2437 1755 2518">
     <span class='ocr_line' id='line_1_40' title="bbox 165 2437 1755 2518; baseline -0.009 -14"><span class='ocrx_word' id='word_1_289' title='bbox 165 2447 512 2504; x_wconf 77' lang='grc' dir='ltr'><strong>ἁντιϐἀλλειν</strong></span> <span class='ocrx_word' id='word_1_290' title='bbox 547 2445 751 2518; x_wconf 66' lang='grc' dir='ltr'><strong>ἤρξατο</strong></span> <span class='ocrx_word' id='word_1_291' title='bbox 781 2443 916 2514; x_wconf 69' lang='grc' dir='ltr'><strong>πρὸς</strong></span> <span class='ocrx_word' id='word_1_292' title='bbox 955 2441 1081 2504; x_wconf 78' lang='grc' dir='ltr'><strong>τοὺς</strong></span> <span class='ocrx_word' id='word_1_293' title='bbox 1119 2440 1298 2492; x_wconf 73' lang='grc' dir='ltr'>ἐκεῖσε</span> <span class='ocrx_word' id='word_1_294' title='bbox 1327 2437 1755 2509; x_wconf 85' lang='grc' dir='ltr'><strong>πρεσϐυτέρους,</strong></span> 
     </span>
    </p>
   </div>
   <div class='ocr_carea' id='block_1_41' title="bbox 166 2528 1760 2610">
    <p class='ocr_par' dir='ltr' id='par_1_41' title="bbox 166 2528 1760 2610">
     <span class='ocr_line' id='line_1_41' title="bbox 166 2528 1760 2610; baseline -0.01 -13"><span class='ocrx_word' id='word_1_295' title='bbox 166 2545 291 2606; x_wconf 77' lang='grc' dir='ltr'><strong>τοὺς</strong></span> <span class='ocrx_word' id='word_1_296' title='bbox 323 2540 469 2596; x_wconf 85' lang='grc' dir='ltr'><strong>κατά</strong></span> <span class='ocrx_word' id='word_1_297' title='bbox 494 2538 594 2610; x_wconf 81' lang='grc' dir='ltr'><strong>τὴν</strong></span> <span class='ocrx_word' id='word_1_298' title='bbox 620 2534 944 2607; x_wconf 75' lang='grc' dir='ltr'><strong>νομοθεσίαν</strong></span> <span class='ocrx_word' id='word_1_299' title='bbox 969 2529 1108 2586; x_wconf 80' lang='grc' dir='ltr'><strong>Θεοῦ</strong></span> <span class='ocrx_word' id='word_1_300' title='bbox 1129 2531 1230 2602; x_wconf 80' lang='grc' dir='ltr'><strong>τὴν</strong></span> <span class='ocrx_word' id='word_1_301' title='bbox 1253 2529 1332 2602; x_wconf 76' lang='grc' dir='ltr'><strong>τῷ</strong></span> <span class='ocrx_word' id='word_1_302' title='bbox 1355 2528 1560 2601; x_wconf 80' lang='grc' dir='ltr'><strong>Μωῦσῇ</strong></span> <span class='ocrx_word' id='word_1_303' title='bbox 1588 2529 1760 2582; x_wconf 80' lang='grc' dir='ltr'><strong>δοθεϊο</strong></span> 
     </span>
    </p>
   </div>
   <div class='ocr_carea' id='block_1_42' title="bbox 170 2620 1762 2702">
    <p class='ocr_par' dir='ltr' id='par_1_42' title="bbox 170 2620 1762 2702">
     <span class='ocr_line' id='line_1_42' title="bbox 170 2620 1762 2702; baseline -0.009 -14"><span class='ocrx_word' id='word_1_304' title='bbox 170 2653 289 2698; x_wconf 84' lang='grc' dir='ltr'><strong>σαν,</strong></span> <span class='ocrx_word' id='word_1_305' title='bbox 336 2635 431 2686; x_wconf 75' lang='grc' dir='ltr'><strong>καὶ</strong></span> <span class='ocrx_word' id='word_1_306' title='bbox 473 2630 791 2702; x_wconf 78' lang='grc' dir='ltr'><strong>προφητικῇ</strong></span> <span class='ocrx_word' id='word_1_307' title='bbox 832 2626 1063 2680; x_wconf 77' lang='grc' dir='ltr'><strong>ἑκάστου</strong></span> <span class='ocrx_word' id='word_1_308' title='bbox 1115 2623 1393 2694; x_wconf 82' lang='grc' dir='ltr'><strong>προφήτου</strong></span> <span class='ocrx_word' id='word_1_309' title='bbox 1441 2620 1762 2694; x_wconf 52' lang='grc' dir='ltr'><strong>διδασκαλίᾳ⁵</strong></span> 
     </span>
    </p>
   </div>
   <div class='ocr_carea' id='block_1_43' title="bbox 169 2712 1762 2798">
    <p class='ocr_par' dir='ltr' id='par_1_43' title="bbox 169 2712 1762 2798">
     <span class='ocr_line' id='line_1_43' title="bbox 169 2712 1762 2798; baseline -0.009 -17"><span class='ocrx_word' id='word_1_310' title='bbox 169 2727 447 2798; x_wconf 75' lang='grc' dir='ltr'><strong>βιοῦντας.</strong></span> <span class='ocrx_word' id='word_1_311' title='bbox 477 2724 600 2776; x_wconf 77' lang='grc' dir='ltr'><strong>Ὀτι</strong></span> <span class='ocrx_word' id='word_1_312' title='bbox 626 2763 640 2787; x_wconf 96' lang='grc'><strong>,</strong></span> <span class='ocrx_word' id='word_1_313' title='bbox 677 2718 802 2782; x_wconf 82' lang='grc' dir='ltr'><strong>Πῶς</strong></span> <span class='ocrx_word' id='word_1_314' title='bbox 828 2733 964 2787; x_wconf 82' lang='grc' dir='ltr'><strong>φατε</strong></span> <span class='ocrx_word' id='word_1_315' title='bbox 985 2716 1082 2769; x_wconf 72' lang='grc' dir='ltr'><strong>ἕνα</strong></span> <span class='ocrx_word' id='word_1_316' title='bbox 1113 2715 1245 2768; x_wconf 76' lang='grc' dir='ltr'>Θεὸν</span> <span class='ocrx_word' id='word_1_317' title='bbox 1266 2713 1567 2784; x_wconf 87' lang='grc' dir='ltr'><strong>ποιήσαντα</strong></span> <span class='ocrx_word' id='word_1_318' title='bbox 1590 2712 1762 2766; x_wconf 81' lang='grc' dir='ltr'><strong>νύκτα</strong></span> 
     </span>
    </p>
   </div>
   <div class='ocr_carea' id='block_1_44' title="bbox 167 2801 1764 2887">
    <p class='ocr_par' dir='ltr' id='par_1_44' title="bbox 167 2801 1764 2887">
     <span class='ocr_line' id='line_1_44' title="bbox 167 2801 1764 2887; baseline -0.009 -15"><span class='ocrx_word' id='word_1_319' title='bbox 167 2836 228 2872; x_wconf 87' lang='grc' dir='ltr'><strong>τε</strong></span> <span class='ocrx_word' id='word_1_320' title='bbox 260 2819 360 2872; x_wconf 79' lang='grc' dir='ltr'><strong>καὶ</strong></span> <span class='ocrx_word' id='word_1_321' title='bbox 395 2815 630 2887; x_wconf 80' lang='grc' dir='ltr'><strong>ἡμέραν,</strong></span> <span class='ocrx_word' id='word_1_322' title='bbox 659 2812 836 2884; x_wconf 85' lang='grc' dir='ltr'><strong>σάρκα</strong></span> <span class='ocrx_word' id='word_1_323' title='bbox 875 2825 934 2861; x_wconf 90' lang='grc' dir='ltr'>τε</span> <span class='ocrx_word' id='word_1_324' title='bbox 969 2807 1065 2862; x_wconf 74' lang='grc' dir='ltr'><strong>καὶ</strong></span> <span class='ocrx_word' id='word_1_325' title='bbox 1095 2805 1296 2878; x_wconf 79' lang='grc' dir='ltr'><strong>ψυχὴν,</strong></span> <span class='ocrx_word' id='word_1_326' title='bbox 1339 2803 1506 2876; x_wconf 78' lang='grc' dir='ltr'><strong>ξηρόν</strong></span> <span class='ocrx_word' id='word_1_327' title='bbox 1553 2822 1614 2858; x_wconf 89' lang='grc' dir='ltr'><strong>τε</strong></span> <span class='ocrx_word' id='word_1_328' title='bbox 1667 2801 1764 2858; x_wconf 75' lang='grc' dir='ltr'><strong>καὶ</strong></span> 
     </span>
    </p>
   </div>
   <div class='ocr_carea' id='block_1_45' title="bbox 167 2895 1762 2983">
    <p class='ocr_par' dir='ltr' id='par_1_45' title="bbox 167 2895 1762 2983">
     <span class='ocr_line' id='line_1_45' title="bbox 167 2895 1762 2983; baseline -0.011 -18"><span class='ocrx_word' id='word_1_329' title='bbox 167 2909 365 2983; x_wconf 74' lang='grc' dir='ltr'><strong>ὑγρὸν,</strong></span> <span class='ocrx_word' id='word_1_330' title='bbox 392 2905 622 2979; x_wconf 77' lang='grc' dir='ltr'><strong>οὐρανόν</strong></span> <span class='ocrx_word' id='word_1_331' title='bbox 654 2920 714 2956; x_wconf 83' lang='grc' dir='ltr'><strong>τε</strong></span> <span class='ocrx_word' id='word_1_332' title='bbox 744 2901 835 2956; x_wconf 81' lang='grc' dir='ltr'><strong>καὶ</strong></span> <span class='ocrx_word' id='word_1_333' title='bbox 860 2901 986 2972; x_wconf 87' lang='grc' dir='ltr'><strong>γῆν,</strong></span> <span class='ocrx_word' id='word_1_334' title='bbox 1016 2898 1210 2962; x_wconf 82' lang='grc' dir='ltr'><strong>σκότος</strong></span> <span class='ocrx_word' id='word_1_335' title='bbox 1260 2914 1319 2950; x_wconf 84' lang='grc' dir='ltr'>τε</span> <span class='ocrx_word' id='word_1_336' title='bbox 1353 2897 1447 2951; x_wconf 74' lang='grc' dir='ltr'><strong>καὶ</strong></span> <span class='ocrx_word' id='word_1_337' title='bbox 1491 2895 1642 2967; x_wconf 85' lang='grc' dir='ltr'><strong>φῶς;</strong></span> <span class='ocrx_word' id='word_1_338' title='bbox 1698 2896 1762 2949; x_wconf 84' lang='grc' dir='ltr'><strong>υἱ</strong></span> 
     </span>
    </p>
   </div>
   <div class='ocr_carea' id='block_1_46' title="bbox 167 2985 1766 3068">
    <p class='ocr_par' dir='ltr' id='par_1_46' title="bbox 167 2985 1766 3068">
     <span class='ocr_line' id='line_1_46' title="bbox 167 2985 1766 3068; baseline -0.011 -12"><span class='ocrx_word' id='word_1_339' title='bbox 167 3001 229 3056; x_wconf 77' lang='grc' dir='ltr'><strong>δὲ</strong></span> <span class='ocrx_word' id='word_1_340' title='bbox 277 2999 475 3068; x_wconf 79' lang='grc' dir='ltr'><strong>σαφῶς</strong></span> <span class='ocrx_word' id='word_1_341' title='bbox 502 2993 794 3051; x_wconf 73' lang='grc' dir='ltr'><strong>ἐδείκνυον.</strong></span> <span class='ocrx_word' id='word_1_342' title='bbox 838 2991 914 3046; x_wconf 80' lang='grc' dir='ltr'><strong>οὐ</strong></span> <span class='ocrx_word' id='word_1_343' title='bbox 939 2990 1048 3062; x_wconf 80' lang='grc' dir='ltr'><strong>γὰρ</strong></span> <span class='ocrx_word' id='word_1_344' title='bbox 1073 2991 1108 3061; x_wconf 79' lang='grc' dir='ltr'><strong>ἡ</strong></span> <span class='ocrx_word' id='word_1_345' title='bbox 1151 2986 1380 3060; x_wconf 84' lang='grc' dir='ltr'><strong>ἀλήθεια</strong></span> <span class='ocrx_word' id='word_1_346' title='bbox 1408 2985 1766 3058; x_wconf 84' lang='grc' dir='ltr'><strong>παρακέκρυ-</strong></span> 
     </span>
    </p>
   </div>
   <div class='ocr_carea' id='block_1_47' title="bbox 172 3080 1766 3156">
    <p class='ocr_par' dir='ltr' id='par_1_47' title="bbox 172 3080 1766 3156">
     <span class='ocr_line' id='line_1_47' title="bbox 172 3080 1766 3156; baseline -0.011 -6"><span class='ocrx_word' id='word_1_347' title='bbox 172 3113 318 3149; x_wconf 84' lang='grc' dir='ltr'><strong>πται</strong></span> <span class='ocrx_word' id='word_1_348' title='bbox 377 3093 440 3146; x_wconf 81' lang='lat'><strong>&#39;0</strong></span> <span class='ocrx_word' id='word_1_349' title='bbox 471 3090 528 3145; x_wconf 84' lang='grc' dir='ltr'><strong>δὲ</strong></span> <span class='ocrx_word' id='word_1_350' title='bbox 557 3086 851 3156; x_wconf 76' lang='grc' dir='ltr'><strong>ἀντιλέγων</strong></span> <span class='ocrx_word' id='word_1_351' title='bbox 877 3084 978 3138; x_wconf 80' lang='grc' dir='ltr'><strong>οὐκ</strong></span> <span class='ocrx_word' id='word_1_352' title='bbox 1001 3081 1283 3155; x_wconf 70' lang='grc' dir='ltr'><strong>ᾐσχύνετο.</strong></span> <span class='ocrx_word' id='word_1_353' title='bbox 1319 3080 1502 3152; x_wconf 77' lang='grc' dir='ltr'><strong>Μηδὲν</strong></span> <span class='ocrx_word' id='word_1_354' title='bbox 1535 3080 1591 3134; x_wconf 77' lang='grc' dir='ltr'><strong>δὲ</strong></span> <span class='ocrx_word' id='word_1_355' title='bbox 1612 3080 1766 3134; x_wconf 87' lang='grc' dir='ltr'><strong>δυνά-</strong></span> 
     </span>
    </p>
   </div>
   <div class='ocr_carea' id='block_1_48' title="bbox 1854 1896 3438 1970">
    <p class='ocr_par' dir='ltr' id='par_1_48' title="bbox 1854 1896 3438 1970">
     <span class='ocr_line' id='line_1_48' title="bbox 1854 1896 3438 1970; baseline -0.005 -16"><span class='ocrx_word' id='word_1_356' title='bbox 1854 1900 2144 1970; x_wconf 89' lang='lat' dir='ltr'><strong>impulsus,</strong></span> <span class='ocrx_word' id='word_1_357' title='bbox 2179 1910 2343 1968; x_wconf 87' lang='lat' dir='ltr'><strong>atque</strong></span> <span class='ocrx_word' id='word_1_358' title='bbox 2372 1905 2428 1951; x_wconf 89' lang='lat' dir='ltr'><strong>ut</strong></span> <span class='ocrx_word' id='word_1_359' title='bbox 2459 1897 2582 1960; x_wconf 83' lang='lat' dir='ltr'><strong>rudi</strong></span> <span class='ocrx_word' id='word_1_360' title='bbox 2624 1896 2991 1967; x_wconf 88' lang='lat' dir='ltr'><strong>impcritoque</strong></span> <span class='ocrx_word' id='word_1_361' title='bbox 3031 1905 3151 1951; x_wconf 85' lang='lat' dir='ltr'><strong>erat</strong></span> <span class='ocrx_word' id='word_1_362' title='bbox 3198 1897 3438 1966; x_wconf 81' lang='lat' dir='ltr'><strong>ingenio,</strong></span> 
     </span>
    </p>
   </div>
   <div class='ocr_carea' id='block_1_49' title="bbox 1852 1986 3432 2066">
    <p class='ocr_par' dir='ltr' id='par_1_49' title="bbox 1852 1986 3432 2066">
     <span class='ocr_line' id='line_1_49' title="bbox 1852 1986 3432 2066; baseline -0.003 -21"><span class='ocrx_word' id='word_1_363' title='bbox 1852 1991 2116 2045; x_wconf 88' lang='lat' dir='ltr'><strong>cavillans</strong></span> <span class='ocrx_word' id='word_1_364' title='bbox 2163 2004 2228 2045; x_wconf 88' lang='lat' dir='ltr'><strong>ac</strong></span> <span class='ocrx_word' id='word_1_365' title='bbox 2276 1989 2686 2066; x_wconf 86' lang='lat' dir='ltr'><strong>vehementiore</strong></span> <span class='ocrx_word' id='word_1_366' title='bbox 2727 1988 2858 2042; x_wconf 82' lang='lat' dir='ltr'><strong>luxu</strong></span> <span class='ocrx_word' id='word_1_367' title='bbox 2901 1987 3134 2050; x_wconf 85' lang='lat' dir='ltr'><strong>fractus,</strong></span> <span class='ocrx_word' id='word_1_368' title='bbox 3183 1986 3432 2042; x_wconf 83' lang='lat' dir='ltr'><strong>llieroso-</strong></span> 
     </span>
    </p>
   </div>
   <div class='ocr_carea' id='block_1_50' title="bbox 1855 2080 3442 2155">
    <p class='ocr_par' dir='ltr' id='par_1_50' title="bbox 1855 2080 3442 2155">
     <span class='ocr_line' id='line_1_50' title="bbox 1855 2080 3442 2155; baseline -0.002 -22"><span class='ocrx_word' id='word_1_369' title='bbox 1855 2081 2054 2152; x_wconf 81' lang='lat' dir='ltr'><strong>lyniam</strong></span> <span class='ocrx_word' id='word_1_370' title='bbox 2086 2080 2189 2135; x_wconf 89' lang='lat' dir='ltr'><strong>sub</strong></span> <span class='ocrx_word' id='word_1_371' title='bbox 2219 2080 2593 2155; x_wconf 82' lang='lat' dir='ltr'><strong>apostolorum</strong></span> <span class='ocrx_word' id='word_1_372' title='bbox 2628 2089 2876 2154; x_wconf 88' lang='lat' dir='ltr'><strong>tempora</strong></span> <span class='ocrx_word' id='word_1_373' title='bbox 2913 2080 3185 2151; x_wconf 80' lang='lat' dir='ltr'><strong>proﬁcisci</strong></span> <span class='ocrx_word' id='word_1_374' title='bbox 3228 2081 3442 2144; x_wconf 81' lang='lat' dir='ltr'><strong>statuit,</strong></span> 
     </span>
    </p>
   </div>
   <div class='ocr_carea' id='block_1_51' title="bbox 1857 2160 3441 2242">
    <p class='ocr_par' dir='ltr' id='par_1_51' title="bbox 1857 2160 3441 2242">
     <span class='ocr_line' id='line_1_51' title="bbox 1857 2160 3441 2242; baseline -0.003 -15"><span class='ocrx_word' id='word_1_375' title='bbox 1857 2180 1917 2227; x_wconf 92' lang='lat' dir='ltr'><strong>ut</strong></span> <span class='ocrx_word' id='word_1_376' title='bbox 1947 2172 2059 2228; x_wconf 91' lang='lat' dir='ltr'><strong>illic</strong></span> <span class='ocrx_word' id='word_1_377' title='bbox 2099 2188 2412 2230; x_wconf 88' lang='lat' dir='ltr'><strong>sermonem</strong></span> <span class='ocrx_word' id='word_1_378' title='bbox 2445 2161 2572 2227; x_wconf 85' lang='lat' dir='ltr'><strong>eum</strong></span> <span class='ocrx_word' id='word_1_379' title='bbox 2605 2173 2672 2228; x_wconf 88' lang='lat' dir='ltr'><strong>iis</strong></span> <span class='ocrx_word' id='word_1_380' title='bbox 2706 2160 3004 2236; x_wconf 81' lang='lat' dir='ltr'><strong>conferret,</strong></span> <span class='ocrx_word' id='word_1_381' title='bbox 3036 2173 3129 2242; x_wconf 92' lang='lat' dir='ltr'><strong>qni</strong></span> <span class='ocrx_word' id='word_1_382' title='bbox 3160 2186 3223 2224; x_wconf 88' lang='lat' dir='ltr'><strong>ea</strong></span> <span class='ocrx_word' id='word_1_383' title='bbox 3248 2168 3441 2240; x_wconf 79' lang='lat' dir='ltr'><strong>praedi-</strong></span> 
     </span>
    </p>
   </div>
   <div class='ocr_carea' id='block_1_52' title="bbox 1857 2259 3444 2335">
    <p class='ocr_par' dir='ltr' id='par_1_52' title="bbox 1857 2259 3444 2335">
     <span class='ocr_line' id='line_1_52' title="bbox 1857 2259 3444 2335; baseline -0.004 -17"><span class='ocrx_word' id='word_1_384' title='bbox 1857 2271 2067 2327; x_wconf 86' lang='lat' dir='ltr'><strong>carent,</strong></span> <span class='ocrx_word' id='word_1_385' title='bbox 2134 2281 2255 2335; x_wconf 72' lang='lat' dir='ltr'><strong>quae</strong></span> <span class='ocrx_word' id='word_1_386' title='bbox 2283 2263 2351 2319; x_wconf 88' lang='lat' dir='ltr'><strong>ad</strong></span> <span class='ocrx_word' id='word_1_387' title='bbox 2396 2265 2562 2320; x_wconf 84' lang='lat' dir='ltr'><strong>unius</strong></span> <span class='ocrx_word' id='word_1_388' title='bbox 2600 2263 2965 2334; x_wconf 88' lang='lat' dir='ltr'><strong>principatum</strong></span> <span class='ocrx_word' id='word_1_389' title='bbox 3008 2277 3206 2334; x_wconf 87' lang='lat' dir='ltr'><strong>resque</strong></span> <span class='ocrx_word' id='word_1_390' title='bbox 3261 2259 3444 2322; x_wconf 76' lang='lat' dir='ltr'><strong>a.Dco</strong></span> 
     </span>
    </p>
   </div>
   <div class='ocr_carea' id='block_1_53' title="bbox 1857 2353 3502 2427">
    <p class='ocr_par' dir='ltr' id='par_1_53' title="bbox 1857 2353 3502 2427">
     <span class='ocr_line' id='line_1_53' title="bbox 1857 2353 3502 2427; baseline -0.003 -16"><span class='ocrx_word' id='word_1_391' title='bbox 1857 2357 2108 2412; x_wconf 91' lang='lat' dir='ltr'><strong>conditas</strong></span> <span class='ocrx_word' id='word_1_392' title='bbox 2142 2359 2499 2427; x_wconf 86' lang='lat' dir='ltr'><strong>pertinerent.</strong></span> <span class='ocrx_word' id='word_1_393' title='bbox 2541 2359 2731 2427; x_wconf 81' lang='lat' dir='ltr'><strong>Itaque</strong></span> <span class='ocrx_word' id='word_1_394' title='bbox 2780 2355 3112 2425; x_wconf 84' lang='lat' dir='ltr'><strong>simulatque</strong></span> <span class='ocrx_word' id='word_1_395' title='bbox 3157 2353 3224 2408; x_wconf 94' lang='lat' dir='ltr'><strong>ad</strong></span> <span class='ocrx_word' id='word_1_396' title='bbox 3260 2353 3447 2408; x_wconf 87' lang='lat' dir='ltr'><strong>urbem</strong></span> <span class='ocrx_word' id='word_1_397' title='bbox 3498 2419 3502 2422; x_wconf 29' lang='grc'><strong>,</strong></span> 
     </span>
    </p>
   </div>
   <div class='ocr_carea' id='block_1_54' title="bbox 1860 2445 3449 2520">
    <p class='ocr_par' dir='ltr' id='par_1_54' title="bbox 1860 2445 3449 2520">
     <span class='ocr_line' id='line_1_54' title="bbox 1860 2445 3449 2520; baseline -0.003 -18"><span class='ocrx_word' id='word_1_398' title='bbox 1860 2448 2006 2503; x_wconf 86' lang='lat' dir='ltr'><strong>illam</strong></span> <span class='ocrx_word' id='word_1_399' title='bbox 2066 2447 2326 2515; x_wconf 89' lang='lat' dir='ltr'><strong>accessit,</strong></span> <span class='ocrx_word' id='word_1_400' title='bbox 2372 2464 2500 2504; x_wconf 91' lang='lat' dir='ltr'><strong>cum</strong></span> <span class='ocrx_word' id='word_1_401' title='bbox 2544 2448 2904 2520; x_wconf 86' lang='lat' dir='ltr'><strong>presbyteris,</strong></span> <span class='ocrx_word' id='word_1_402' title='bbox 2954 2446 3048 2518; x_wconf 89' lang='lat' dir='ltr'><strong>qui</strong></span> <span class='ocrx_word' id='word_1_403' title='bbox 3106 2445 3218 2501; x_wconf 91' lang='lat' dir='ltr'><strong>illic</strong></span> <span class='ocrx_word' id='word_1_404' title='bbox 3269 2451 3449 2506; x_wconf 88' lang='lat' dir='ltr'><strong>erant,</strong></span> 
     </span>
    </p>
   </div>
   <div class='ocr_carea' id='block_1_55' title="bbox 1860 2539 3449 2613">
    <p class='ocr_par' dir='ltr' id='par_1_55' title="bbox 1860 2539 3449 2613">
     <span class='ocr_line' id='line_1_55' title="bbox 1860 2539 3449 2613; baseline -0.004 -16"><span class='ocrx_word' id='word_1_405' title='bbox 1860 2542 2063 2612; x_wconf 78' lang='lat' dir='ltr'><strong>quique</strong></span> <span class='ocrx_word' id='word_1_406' title='bbox 2097 2558 2164 2597; x_wconf 81' lang='lat' dir='ltr'><strong>ex</strong></span> <span class='ocrx_word' id='word_1_407' title='bbox 2199 2542 2334 2613; x_wconf 75' lang='lat' dir='ltr'><strong>legis</strong></span> <span class='ocrx_word' id='word_1_408' title='bbox 2361 2557 2392 2596; x_wconf 90' lang='lat' dir='ltr'><strong>a</strong></span> <span class='ocrx_word' id='word_1_409' title='bbox 2421 2541 2532 2598; x_wconf 91' lang='lat' dir='ltr'><strong>Deo</strong></span> <span class='ocrx_word' id='word_1_410' title='bbox 2567 2541 2706 2597; x_wconf 84' lang='lat' dir='ltr'><strong>Mosi</strong></span> <span class='ocrx_word' id='word_1_411' title='bbox 2771 2541 2989 2596; x_wconf 77' lang='lat' dir='ltr'><strong>traditae</strong></span> <span class='ocrx_word' id='word_1_412' title='bbox 3018 2554 3083 2595; x_wconf 88' lang='lat' dir='ltr'><strong>ac</strong></span> <span class='ocrx_word' id='word_1_413' title='bbox 3117 2539 3449 2611; x_wconf 61' lang='lat' dir='ltr'><strong>propheticus</strong></span> 
     </span>
    </p>
   </div>
   <div class='ocr_carea' id='block_1_56' title="bbox 1862 2631 3448 2705">
    <p class='ocr_par' dir='ltr' id='par_1_56' title="bbox 1862 2631 3448 2705">
     <span class='ocr_line' id='line_1_56' title="bbox 1862 2631 3448 2705; baseline -0.003 -17"><span class='ocrx_word' id='word_1_414' title='bbox 1862 2631 2165 2703; x_wconf 64' lang='lat' dir='ltr'><strong>disciplinae</strong></span> <span class='ocrx_word' id='word_1_415' title='bbox 2225 2635 2550 2705; x_wconf 67' lang='lat' dir='ltr'><strong>praescripto</strong></span> <span class='ocrx_word' id='word_1_416' title='bbox 2596 2635 2767 2689; x_wconf 90' lang='lat' dir='ltr'><strong>vitam</strong></span> <span class='ocrx_word' id='word_1_417' title='bbox 2830 2633 3212 2694; x_wconf 87' lang='lat' dir='ltr'><strong>instituebant,</strong></span> <span class='ocrx_word' id='word_1_418' title='bbox 3263 2631 3448 2700; x_wconf 83' lang='lat' dir='ltr'><strong>dispu-</strong></span> 
     </span>
    </p>
   </div>
   <div class='ocr_carea' id='block_1_57' title="bbox 1862 2717 3452 2792">
    <p class='ocr_par' dir='ltr' id='par_1_57' title="bbox 1862 2717 3452 2792">
     <span class='ocr_line' id='line_1_57' title="bbox 1862 2717 3452 2792; baseline -0.001 -16"><span class='ocrx_word' id='word_1_419' title='bbox 1862 2730 1980 2776; x_wconf 84' lang='lat' dir='ltr'><strong>tare</strong></span> <span class='ocrx_word' id='word_1_420' title='bbox 2026 2723 2210 2792; x_wconf 72' lang='lat' dir='ltr'><strong>cmpit.</strong></span> <span class='ocrx_word' id='word_1_421' title='bbox 2257 2721 2363 2790; x_wconf 85' lang='lat' dir='ltr'><strong>Qui</strong></span> <span class='ocrx_word' id='word_1_422' title='bbox 2407 2724 2580 2788; x_wconf 91' lang='lat' dir='ltr'><strong>enim,</strong></span> <span class='ocrx_word' id='word_1_423' title='bbox 2629 2723 2831 2788; x_wconf 81' lang='lat' dir='ltr'><strong>aiebat,</strong></span> <span class='ocrx_word' id='word_1_424' title='bbox 2883 2736 3054 2777; x_wconf 92' lang='lat' dir='ltr'><strong>unum</strong></span> <span class='ocrx_word' id='word_1_425' title='bbox 3105 2737 3229 2778; x_wconf 87' lang='lat' dir='ltr'><strong>esse</strong></span> <span class='ocrx_word' id='word_1_426' title='bbox 3283 2717 3452 2775; x_wconf 87' lang='lat' dir='ltr'><strong>Deum</strong></span> 
     </span>
    </p>
   </div>
   <div class='ocr_carea' id='block_1_58' title="bbox 1864 2812 3453 2885">
    <p class='ocr_par' dir='ltr' id='par_1_58' title="bbox 1864 2812 3453 2885">
     <span class='ocr_line' id='line_1_58' title="bbox 1864 2812 3453 2885; baseline 0 -19"><span class='ocrx_word' id='word_1_427' title='bbox 1864 2813 2138 2881; x_wconf 88' lang='lat' dir='ltr'><strong>asseritis,</strong></span> <span class='ocrx_word' id='word_1_428' title='bbox 2169 2813 2263 2884; x_wconf 77' lang='lat' dir='ltr'><strong>qui</strong></span> <span class='ocrx_word' id='word_1_429' title='bbox 2302 2821 2520 2869; x_wconf 90' lang='lat' dir='ltr'><strong>noctem</strong></span> <span class='ocrx_word' id='word_1_430' title='bbox 2553 2813 2812 2885; x_wconf 88' lang='lat' dir='ltr'><strong>diemque</strong></span> <span class='ocrx_word' id='word_1_431' title='bbox 2869 2812 3200 2878; x_wconf 88' lang='lat' dir='ltr'><strong>condiderit,</strong></span> <span class='ocrx_word' id='word_1_432' title='bbox 3237 2826 3453 2867; x_wconf 88' lang='lat' dir='ltr'><strong>necnon</strong></span> 
     </span>
    </p>
   </div>
   <div class='ocr_carea' id='block_1_59' title="bbox 1865 2903 3455 2970">
    <p class='ocr_par' dir='ltr' id='par_1_59' title="bbox 1865 2903 3455 2970">
     <span class='ocr_line' id='line_1_59' title="bbox 1865 2903 3455 2970; baseline 0 -12"><span class='ocrx_word' id='word_1_433' title='bbox 1865 2918 2088 2959; x_wconf 84' lang='lat' dir='ltr'><strong>carnem</strong></span> <span class='ocrx_word' id='word_1_434' title='bbox 2135 2910 2190 2958; x_wconf 89' lang='lat' dir='ltr'><strong>et</strong></span> <span class='ocrx_word' id='word_1_435' title='bbox 2226 2903 2492 2970; x_wconf 86' lang='lat' dir='ltr'><strong>animam,</strong></span> <span class='ocrx_word' id='word_1_436' title='bbox 2541 2903 2754 2959; x_wconf 87' lang='lat' dir='ltr'><strong>siccum</strong></span> <span class='ocrx_word' id='word_1_437' title='bbox 2807 2912 2861 2959; x_wconf 91' lang='lat' dir='ltr'><strong>et</strong></span> <span class='ocrx_word' id='word_1_438' title='bbox 2897 2903 3205 2970; x_wconf 90' lang='lat' dir='ltr'><strong>humidum,</strong></span> <span class='ocrx_word' id='word_1_439' title='bbox 3255 2905 3455 2959; x_wconf 85' lang='lat' dir='ltr'><strong>coelum</strong></span> 
     </span>
    </p>
   </div>
   <div class='ocr_carea' id='block_1_60' title="bbox 1866 2993 3456 3074">
    <p class='ocr_par' dir='ltr' id='par_1_60' title="bbox 1866 2993 3456 3074">
     <span class='ocr_line' id='line_1_60' title="bbox 1866 2993 3456 3074; baseline 0.003 -28"><span class='ocrx_word' id='word_1_440' title='bbox 1866 3000 2028 3074; x_wconf 81' lang='lat' dir='ltr'><strong>atque</strong></span> <span class='ocrx_word' id='word_1_441' title='bbox 2058 3003 2283 3058; x_wconf 89' lang='lat' dir='ltr'><strong>terram,</strong></span> <span class='ocrx_word' id='word_1_442' title='bbox 2335 2993 2590 3052; x_wconf 88' lang='lat' dir='ltr'><strong>tenebras</strong></span> <span class='ocrx_word' id='word_1_443' title='bbox 2616 3010 2681 3050; x_wconf 90' lang='lat' dir='ltr'><strong>ac</strong></span> <span class='ocrx_word' id='word_1_444' title='bbox 2723 2995 2945 3050; x_wconf 86' lang='lat' dir='ltr'><strong>lucem?</strong></span> <span class='ocrx_word' id='word_1_445' title='bbox 2991 2993 3151 3061; x_wconf 81' lang='lat' dir='ltr'><strong>Quod</strong></span> <span class='ocrx_word' id='word_1_446' title='bbox 3216 3010 3338 3051; x_wconf 82' lang='lat' dir='ltr'><strong>eum</strong></span> <span class='ocrx_word' id='word_1_447' title='bbox 3374 2995 3456 3050; x_wconf 92' lang='lat' dir='ltr'><strong>illi</strong></span> 
     </span>
    </p>
   </div>
   <div class='ocr_carea' id='block_1_61' title="bbox 1867 3087 3459 3159">
    <p class='ocr_par' dir='ltr' id='par_1_61' title="bbox 1867 3087 3459 3159">
     <span class='ocr_line' id='line_1_61' title="bbox 1867 3087 3459 3159; baseline 0.003 -17"><span class='ocrx_word' id='word_1_448' title='bbox 1867 3097 2053 3159; x_wconf 87' lang='lat' dir='ltr'><strong>aperte</strong></span> <span class='ocrx_word' id='word_1_449' title='bbox 2099 3087 2568 3154; x_wconf 88' lang='lat' dir='ltr'><strong>demonstrarent;</strong></span> <span class='ocrx_word' id='word_1_450' title='bbox 2600 3103 2777 3158; x_wconf 89' lang='lat' dir='ltr'><strong>neque</strong></span> <span class='ocrx_word' id='word_1_451' title='bbox 2809 3089 2956 3144; x_wconf 91' lang='lat' dir='ltr'><strong>enim</strong></span> <span class='ocrx_word' id='word_1_452' title='bbox 2993 3088 3210 3144; x_wconf 90' lang='lat' dir='ltr'><strong>occulta</strong></span> <span class='ocrx_word' id='word_1_453' title='bbox 3255 3088 3459 3146; x_wconf 82' lang='lat' dir='ltr'><strong>veritas</strong></span> 
     </span>
    </p>
   </div>
   <div class='ocr_carea' id='block_1_62' title="bbox 173 3152 1764 3260">
    <p class='ocr_par' dir='ltr' id='par_1_62' title="bbox 173 3152 1764 3260">
     <span class='ocr_line' id='line_1_62' title="bbox 173 3152 1764 3260; baseline -0.013 -18"><span class='ocrx_word' id='word_1_454' title='bbox 173 3204 350 3260; x_wconf 80' lang='grc' dir='ltr'><strong>μενος</strong></span> <span class='ocrx_word' id='word_1_455' title='bbox 375 3182 719 3256; x_wconf 75' lang='grc' dir='ltr'><strong>περαιῶσαι,</strong></span> <span class='ocrx_word' id='word_1_456' title='bbox 753 3152 906 3250; x_wconf 66' lang='grc' dir='ltr'><strong>⁷ὅμως</strong></span> <span class='ocrx_word' id='word_1_457' title='bbox 1063 3152 1419 3244; x_wconf 76' lang='grc' dir='ltr'><strong>ἀναισχυντίᾳ</strong></span> <span class='ocrx_word' id='word_1_458' title='bbox 1459 3172 1556 3243; x_wconf 85' lang='grc' dir='ltr'><strong>τῆς</strong></span> <span class='ocrx_word' id='word_1_459' title='bbox 1602 3171 1764 3242; x_wconf 88' lang='grc' dir='ltr'><strong>χαλε-</strong></span> 
     </span>
    </p>
   </div>
   <div class='ocr_carea' id='block_1_63' title="bbox 1871 3152 3460 3260">
    <p class='ocr_par' dir='ltr' id='par_1_63' title="bbox 1871 3173 3460 3250">
     <span class='ocr_line' id='line_1_63' title="bbox 1871 3173 3460 3250; baseline 0.001 -17"><span class='ocrx_word' id='word_1_460' title='bbox 1871 3173 2206 3245; x_wconf 61' lang='grc' dir='ltr'><strong>θειξοοιιιω</strong></span> <span class='ocrx_word' id='word_1_461' title='bbox 2232 3179 2322 3234; x_wconf 92' lang='lat' dir='ltr'><strong>ille</strong></span> <span class='ocrx_word' id='word_1_462' title='bbox 2352 3179 2472 3235; x_wconf 89' lang='lat' dir='ltr'><strong>sine</strong></span> <span class='ocrx_word' id='word_1_463' title='bbox 2500 3179 2612 3236; x_wconf 88' lang='lat' dir='ltr'><strong>ullo</strong></span> <span class='ocrx_word' id='word_1_464' title='bbox 2633 3179 2842 3250; x_wconf 86' lang='lat' dir='ltr'><strong>pudore</strong></span> <span class='ocrx_word' id='word_1_465' title='bbox 2870 3181 3220 3236; x_wconf 89' lang='lat' dir='ltr'><strong>contendere.</strong></span> <span class='ocrx_word' id='word_1_466' title='bbox 3256 3178 3460 3236; x_wconf 83' lang='lat' dir='ltr'><strong>Verum</strong></span> 
     </span>
    </p>
   </div>
   <div class='ocr_carea' id='block_1_64' title="bbox 171 3261 1767 3348">
    <p class='ocr_par' dir='ltr' id='par_1_64' title="bbox 171 3261 1767 3348">
     <span class='ocr_line' id='line_1_64' title="bbox 171 3261 1767 3348; baseline -0.01 -16"><span class='ocrx_word' id='word_1_467' title='bbox 171 3283 418 3348; x_wconf 70' lang='grc' dir='ltr'><strong>πότητος</strong></span> <span class='ocrx_word' id='word_1_468' title='bbox 452 3274 696 3346; x_wconf 78' lang='grc' dir='ltr'><strong>ἐφέρετο.</strong></span> <span class='ocrx_word' id='word_1_469' title='bbox 739 3270 828 3333; x_wconf 73' lang='grc' dir='ltr'><strong>ῘΩς</strong></span> <span class='ocrx_word' id='word_1_470' title='bbox 865 3268 922 3322; x_wconf 77' lang='grc' dir='ltr'><strong>δὲ</strong></span> <span class='ocrx_word' id='word_1_471' title='bbox 950 3268 1050 3321; x_wconf 78' lang='grc' dir='ltr'><strong>οὐκ</strong></span> <span class='ocrx_word' id='word_1_472' title='bbox 1079 3265 1267 3338; x_wconf 73' lang='grc' dir='ltr'><strong>ἴσχυσέ</strong></span> <span class='ocrx_word' id='word_1_473' title='bbox 1296 3282 1349 3318; x_wconf 86' lang='grc' dir='ltr'><strong>τι</strong></span> <span class='ocrx_word' id='word_1_474' title='bbox 1374 3263 1590 3348; x_wconf 83' lang='grc' dir='ltr'><strong>άνῦσαι,</strong></span> <span class='ocrx_word' id='word_1_475' title='bbox 1631 3261 1767 3316; x_wconf 81' lang='grc' dir='ltr'><strong>ἀλλὰ</strong></span> 
     </span>
    </p>
   </div>
   <div class='ocr_carea' id='block_1_65' title="bbox 170 3347 1769 3436">
    <p class='ocr_par' dir='ltr' id='par_1_65' title="bbox 170 3347 1769 3436">
     <span class='ocr_line' id='line_1_65' title="bbox 170 3347 1769 3436; baseline -0.008 -18"><span class='ocrx_word' id='word_1_476' title='bbox 170 3368 235 3420; x_wconf 79' lang='grc' dir='ltr'><strong>τὸ</strong></span> <span class='ocrx_word' id='word_1_477' title='bbox 267 3347 437 3436; x_wconf 76' lang='grc' dir='ltr'><strong>ἦττον</strong></span> <span class='ocrx_word' id='word_1_478' title='bbox 465 3361 663 3433; x_wconf 81' lang='grc' dir='ltr'><strong>μᾶλλον</strong></span> <span class='ocrx_word' id='word_1_479' title='bbox 697 3357 1068 3430; x_wconf 84' lang='grc' dir='ltr'><strong>ἀπηνέγκατο,</strong></span> <span class='ocrx_word' id='word_1_480' title='bbox 1101 3355 1429 3428; x_wconf 76' lang='grc' dir='ltr'><strong>ἐπετήδευσε</strong></span> <span class='ocrx_word' id='word_1_481' title='bbox 1460 3352 1529 3407; x_wconf 88' lang='grc' dir='ltr'><strong>δι’</strong></span> <span class='ocrx_word' id='word_1_482' title='bbox 1554 3347 1628 3408; x_wconf 84' lang='grc' dir='ltr'><strong>ὧν</strong></span> <span class='ocrx_word' id='word_1_483' title='bbox 1654 3349 1769 3423; x_wconf 73' lang='grc' dir='ltr'><strong>εἶχε</strong></span> 
     </span>
    </p>
   </div>
   <div class='ocr_carea' id='block_1_66' title="bbox 172 3441 1772 3527">
    <p class='ocr_par' dir='ltr' id='par_1_66' title="bbox 172 3441 1772 3527">
     <span class='ocr_line' id='line_1_66' title="bbox 172 3441 1772 3527; baseline -0.007 -17"><span class='ocrx_word' id='word_1_484' title='bbox 172 3455 438 3527; x_wconf 80' lang='grc' dir='ltr'><strong>μαγικῶν</strong></span> <span class='ocrx_word' id='word_1_485' title='bbox 471 3451 691 3524; x_wconf 77' lang='grc' dir='ltr'><strong>βιϐλίων</strong></span> <span class='ocrx_word' id='word_1_486' title='bbox 720 3453 737 3521; x_wconf 95' lang='grc'>(</span> <span class='ocrx_word' id='word_1_487' title='bbox 759 3451 855 3504; x_wconf 72' lang='grc' dir='ltr'><strong>καὶ</strong></span> <span class='ocrx_word' id='word_1_488' title='bbox 881 3451 991 3520; x_wconf 71' lang='grc' dir='ltr'><strong>γάρ</strong></span> <span class='ocrx_word' id='word_1_489' title='bbox 1036 3448 1132 3502; x_wconf 78' lang='grc' dir='ltr'><strong>καὶ</strong></span> <span class='ocrx_word' id='word_1_490' title='bbox 1155 3449 1286 3518; x_wconf 80' lang='grc' dir='ltr'><strong>γόης</strong></span> <span class='ocrx_word' id='word_1_491' title='bbox 1310 3446 1376 3519; x_wconf 79' lang='grc' dir='ltr'><strong>ἦν</strong></span> <span class='ocrx_word' id='word_1_492' title='bbox 1402 3445 1509 3499; x_wconf 73' lang='grc' dir='ltr'><strong>ἀπὸ</strong></span> <span class='ocrx_word' id='word_1_493' title='bbox 1533 3445 1632 3516; x_wconf 72' lang='grc' dir='ltr'><strong>τῆς</strong></span> <span class='ocrx_word' id='word_1_494' title='bbox 1659 3441 1772 3499; x_wconf 86' lang='grc' dir='ltr'><strong>τῶν</strong></span> 
     </span>
    </p>
   </div>
   <div class='ocr_carea' id='block_1_67' title="bbox 187 3537 1771 3614">
    <p class='ocr_par' dir='ltr' id='par_1_67' title="bbox 187 3537 1771 3614">
     <span class='ocr_line' id='line_1_67' title="bbox 187 3537 1771 3614; baseline -0.008 -13"><span class='ocrx_word' id='word_1_495' title='bbox 187 3547 374 3601; x_wconf 82' lang='grc' dir='ltr'><strong>Ἰνδῶν</strong></span> <span class='ocrx_word' id='word_1_496' title='bbox 407 3545 503 3599; x_wconf 76' lang='grc' dir='ltr'><strong>καὶ</strong></span> <span class='ocrx_word' id='word_1_497' title='bbox 534 3543 843 3614; x_wconf 74' lang='grc' dir='ltr'><strong>Αἰγυπτίων</strong></span> <span class='ocrx_word' id='word_1_498' title='bbox 885 3541 980 3594; x_wconf 76' lang='grc' dir='ltr'><strong>καὶ</strong></span> <span class='ocrx_word' id='word_1_499' title='bbox 1019 3537 1316 3610; x_wconf 81' lang='grc' dir='ltr'><strong>ὲθνομὺθου</strong></span> <span class='ocrx_word' id='word_1_500' title='bbox 1364 3537 1553 3607; x_wconf 81' lang='grc' dir='ltr'><strong>σοφίας</strong></span> <span class='ocrx_word' id='word_1_501' title='bbox 1599 3538 1771 3608; x_wconf 76' lang='grc' dir='ltr'><strong>ἐμπο-</strong></span> 
     </span>
    </p>
   </div>
   <div class='ocr_carea' id='block_1_68' title="bbox 177 3625 1768 3710">
    <p class='ocr_par' dir='ltr' id='par_1_68' title="bbox 177 3625 1768 3710">
     <span class='ocr_line' id='line_1_68' title="bbox 177 3625 1768 3710; baseline -0.008 -18"><span class='ocrx_word' id='word_1_502' title='bbox 177 3638 526 3710; x_wconf 82' lang='grc' dir='ltr'><strong>ρευσάμενος</strong></span> <span class='ocrx_word' id='word_1_503' title='bbox 558 3633 628 3688; x_wconf 80' lang='grc' dir='ltr'><strong>τὰ</strong></span> <span class='ocrx_word' id='word_1_504' title='bbox 670 3632 818 3687; x_wconf 89' lang='grc' dir='ltr'><strong>δεινά</strong></span> <span class='ocrx_word' id='word_1_505' title='bbox 857 3632 952 3686; x_wconf 70' lang='grc' dir='ltr'><strong>καὶ</strong></span> <span class='ocrx_word' id='word_1_506' title='bbox 1007 3631 1264 3701; x_wconf 84' lang='grc' dir='ltr'><strong>όλετήρια</strong></span> <span class='ocrx_word' id='word_1_507' title='bbox 1303 3629 1402 3698; x_wconf 82' lang='grc' dir='ltr'><strong>τῆς</strong></span> <span class='ocrx_word' id='word_1_508' title='bbox 1448 3625 1768 3699; x_wconf 85' lang='grc' dir='ltr'><strong>γοητείας),</strong></span> 
     </span>
    </p>
   </div>
   <div class='ocr_carea' id='block_1_69' title="bbox 174 3716 1774 3800">
    <p class='ocr_par' dir='ltr' id='par_1_69' title="bbox 174 3716 1774 3800">
     <span class='ocr_line' id='line_1_69' title="bbox 174 3716 1774 3800; baseline -0.009 -16"><span class='ocrx_word' id='word_1_509' title='bbox 174 3727 493 3800; x_wconf 81' lang='grc' dir='ltr'><strong>φαντασίαν</strong></span> <span class='ocrx_word' id='word_1_510' title='bbox 530 3726 652 3780; x_wconf 79' lang='grc' dir='ltr'><strong>τινὰ</strong></span> <span class='ocrx_word' id='word_1_511' title='bbox 679 3724 772 3778; x_wconf 66' lang='grc' dir='ltr'><strong>ἐπὶ</strong></span> <span class='ocrx_word' id='word_1_512' title='bbox 809 3721 1058 3794; x_wconf 83' lang='grc' dir='ltr'><strong>δώματος</strong></span> <span class='ocrx_word' id='word_1_513' title='bbox 1089 3719 1328 3775; x_wconf 85' lang='grc' dir='ltr'><strong>ἀνελθὼν</strong></span> <span class='ocrx_word' id='word_1_514' title='bbox 1366 3720 1461 3773; x_wconf 75' lang='grc' dir='ltr'><strong>καὶ</strong></span> <span class='ocrx_word' id='word_1_515' title='bbox 1490 3716 1774 3789; x_wconf 76' lang='grc' dir='ltr'><strong>ἐπιτηδεύ-</strong></span> 
     </span>
    </p>
   </div>
   <div class='ocr_carea' id='block_1_70' title="bbox 177 3810 1773 3892">
    <p class='ocr_par' dir='ltr' id='par_1_70' title="bbox 177 3810 1773 3892">
     <span class='ocr_line' id='line_1_70' title="bbox 177 3810 1773 3892; baseline -0.009 -15"><span class='ocrx_word' id='word_1_516' title='bbox 177 3841 309 3886; x_wconf 78' lang='grc' dir='ltr'><strong>σας,</strong></span> <span class='ocrx_word' id='word_1_517' title='bbox 355 3821 508 3892; x_wconf 81' lang='grc' dir='ltr'><strong>ὅμως</strong></span> <span class='ocrx_word' id='word_1_518' title='bbox 549 3815 698 3872; x_wconf 74' lang='grc' dir='ltr'><strong>οὐδὲν</strong></span> <span class='ocrx_word' id='word_1_519' title='bbox 751 3815 1004 3887; x_wconf 68' lang='grc' dir='ltr'><strong>ἰσχύσας,</strong></span> <span class='ocrx_word' id='word_1_520' title='bbox 1041 3814 1178 3868; x_wconf 77' lang='grc' dir='ltr'><strong>ἀλλὰ</strong></span> <span class='ocrx_word' id='word_1_521' title='bbox 1215 3810 1544 3867; x_wconf 83' lang='grc' dir='ltr'><strong>καταπεσὼν</strong></span> <span class='ocrx_word' id='word_1_522' title='bbox 1585 3811 1650 3864; x_wconf 83' lang='grc' dir='ltr'><strong>ὲκ</strong></span> <span class='ocrx_word' id='word_1_523' title='bbox 1678 3810 1773 3864; x_wconf 77' lang='grc' dir='ltr'><strong>τοῦ</strong></span> 
     </span>
    </p>
   </div>
   <div class='ocr_carea' id='block_1_71' title="bbox 175 3898 1774 3984">
    <p class='ocr_par' dir='ltr' id='par_1_71' title="bbox 175 3898 1774 3984">
     <span class='ocr_line' id='line_1_71' title="bbox 175 3898 1774 3984; baseline -0.01 -17"><span class='ocrx_word' id='word_1_524' title='bbox 175 3914 462 3984; x_wconf 82' lang='grc' dir='ltr'><strong>δώματος,</strong></span> <span class='ocrx_word' id='word_1_525' title='bbox 489 3909 633 3962; x_wconf 88' lang='grc' dir='ltr'><strong>τέλει</strong></span> <span class='ocrx_word' id='word_1_526' title='bbox 658 3906 753 3961; x_wconf 79' lang='grc' dir='ltr'><strong>τοῦ</strong></span> <span class='ocrx_word' id='word_1_527' title='bbox 786 3907 900 3977; x_wconf 86' lang='grc' dir='ltr'><strong>βίου</strong></span> <span class='ocrx_word' id='word_1_528' title='bbox 931 3905 1224 3976; x_wconf 79' lang='grc' dir='ltr'><strong>ἐχρήσατο.</strong></span> <span class='ocrx_word' id='word_1_529' title='bbox 1256 3898 1365 3955; x_wconf 78' lang='grc' dir='ltr'><strong>Ἷιν</strong></span> <span class='ocrx_word' id='word_1_530' title='bbox 1396 3902 1452 3955; x_wconf 80' lang='grc' dir='ltr'><strong>δὲ</strong></span> <span class='ocrx_word' id='word_1_531' title='bbox 1483 3901 1774 3973; x_wconf 67' lang='grc' dir='ltr'><strong>διατρίψας</strong></span> 
     </span>
    </p>
   </div>
   <div class='ocr_carea' id='block_1_72' title="bbox 179 3993 1775 4070">
    <p class='ocr_par' dir='ltr' id='par_1_72' title="bbox 179 3993 1775 4070">
     <span class='ocr_line' id='line_1_72' title="bbox 179 3993 1775 4070; baseline -0.007 -13"><span class='ocrx_word' id='word_1_532' title='bbox 179 4005 304 4057; x_wconf 71' lang='grc' dir='ltr'><strong>ἐκεῖ</strong></span> <span class='ocrx_word' id='word_1_533' title='bbox 352 3998 513 4054; x_wconf 84' lang='grc' dir='ltr'><strong>ίκανά</strong></span> <span class='ocrx_word' id='word_1_534' title='bbox 553 3998 671 4070; x_wconf 75' lang='grc' dir='ltr'><strong>ἐτη,</strong></span> <span class='ocrx_word' id='word_1_535' title='bbox 722 3997 968 4069; x_wconf 80' lang='grc' dir='ltr'><strong>μαθητὴν</strong></span> <span class='ocrx_word' id='word_1_536' title='bbox 1013 3995 1069 4048; x_wconf 78' lang='grc' dir='ltr'><strong>δὲ</strong></span> <span class='ocrx_word' id='word_1_537' title='bbox 1117 3993 1256 4066; x_wconf 74' lang='grc' dir='ltr'><strong>ἔχων</strong></span> <span class='ocrx_word' id='word_1_538' title='bbox 1304 3993 1399 4046; x_wconf 72' lang='grc' dir='ltr'><strong>ἶνα</strong></span> <span class='ocrx_word' id='word_1_539' title='bbox 1447 3993 1609 4065; x_wconf 89' lang='grc' dir='ltr'><strong>μόνον</strong></span> <span class='ocrx_word' id='word_1_540' title='bbox 1655 3993 1775 4062; x_wconf 87' lang='grc' dir='ltr'>μεθ’</span> 
     </span>
    </p>
   </div>
   <div class='ocr_carea' id='block_1_73' title="bbox 183 4078 1778 4162">
    <p class='ocr_par' dir='ltr' id='par_1_73' title="bbox 183 4078 1778 4162">
     <span class='ocr_line' id='line_1_73' title="bbox 183 4078 1778 4162; baseline -0.004 -15"><span class='ocrx_word' id='word_1_541' title='bbox 183 4091 410 4159; x_wconf 71' lang='grc' dir='ltr'><strong>ἑαυτοῦ,</strong></span> <span class='ocrx_word' id='word_1_542' title='bbox 446 4090 538 4144; x_wconf 74' lang='grc' dir='ltr'><strong>τὸν</strong></span> <span class='ocrx_word' id='word_1_543' title='bbox 579 4088 978 4162; x_wconf 82' lang='grc' dir='ltr'><strong>προειρημένον</strong></span> <span class='ocrx_word' id='word_1_544' title='bbox 1010 4085 1327 4159; x_wconf 84' lang='grc' dir='ltr'><strong>Τέρϐινθον,</strong></span> <span class='ocrx_word' id='word_1_545' title='bbox 1437 4087 1533 4140; x_wconf 70' lang='grc' dir='ltr'><strong>καὶ</strong></span> <span class='ocrx_word' id='word_1_546' title='bbox 1562 4085 1632 4140; x_wconf 69' lang='grc' dir='ltr'><strong>τὰ</strong></span> <span class='ocrx_word' id='word_1_547' title='bbox 1671 4086 1778 4141; x_wconf 83' lang='grc' dir='ltr'><strong>ἴδια</strong></span> 
     </span>
    </p>
   </div>
   <div class='ocr_carea' id='block_1_74' title="bbox 184 4177 1779 4250">
    <p class='ocr_par' dir='ltr' id='par_1_74' title="bbox 184 4177 1779 4250">
     <span class='ocr_line' id='line_1_74' title="bbox 184 4177 1779 4250; baseline -0.004 -12"><span class='ocrx_word' id='word_1_548' title='bbox 184 4185 515 4238; x_wconf 69' lang='grc' dir='ltr'><strong>ἐπίστευσεν</strong></span> <span class='ocrx_word' id='word_1_549' title='bbox 556 4181 630 4246; x_wconf 84' lang='grc' dir='ltr'><strong>ὡς</strong></span> <span class='ocrx_word' id='word_1_550' title='bbox 659 4179 1064 4250; x_wconf 84' lang='grc' dir='ltr'><strong>πιστικωτάτῳ,</strong></span> <span class='ocrx_word' id='word_1_551' title='bbox 1099 4181 1194 4233; x_wconf 59' lang='grc' dir='ltr'><strong>καὶ⁵</strong></span> <span class='ocrx_word' id='word_1_552' title='bbox 1221 4181 1342 4232; x_wconf 86' lang='grc' dir='ltr'><strong>κατ’</strong></span> <span class='ocrx_word' id='word_1_553' title='bbox 1391 4177 1602 4234; x_wconf 72' lang='grc' dir='ltr'><strong>εὖνοιαν</strong></span> <span class='ocrx_word' id='word_1_554' title='bbox 1629 4177 1779 4250; x_wconf 79' lang='grc' dir='ltr'><strong>αὐτῷ</strong></span> 
     </span>
    </p>
   </div>
   <div class='ocr_carea' id='block_1_75' title="bbox 187 4269 1779 4346">
    <p class='ocr_par' dir='ltr' id='par_1_75' title="bbox 187 4269 1779 4346">
     <span class='ocr_line' id='line_1_75' title="bbox 187 4269 1779 4346; baseline -0.004 -17"><span class='ocrx_word' id='word_1_555' title='bbox 187 4273 686 4346; x_wconf 77' lang='grc' dir='ltr'><strong>ἐξυπηρετουμένῳ</strong></span> <span class='ocrx_word' id='word_1_556' title='bbox 705 4289 716 4300; x_wconf 81' lang='lat'><strong><em>°</em></strong></span> <span class='ocrx_word' id='word_1_557' title='bbox 753 4271 834 4337; x_wconf 82' lang='grc' dir='ltr'><strong>ὃς,</strong></span> <span class='ocrx_word' id='word_1_558' title='bbox 873 4271 1295 4342; x_wconf 77' lang='grc' dir='ltr'><strong>τελευτήσαντος</strong></span> <span class='ocrx_word' id='word_1_559' title='bbox 1327 4269 1425 4323; x_wconf 74' lang='grc' dir='ltr'><strong>τοῦ</strong></span> <span class='ocrx_word' id='word_1_560' title='bbox 1456 4269 1779 4334; x_wconf 86' lang='grc' dir='ltr'><strong>Σκυθιανοῦ,</strong></span> 
     </span>
    </p>
   </div>
   <div class='ocr_carea' id='block_1_76' title="bbox 187 4361 1782 4440">
    <p class='ocr_par' dir='ltr' id='par_1_76' title="bbox 187 4361 1782 4440">
     <span class='ocr_line' id='line_1_76' title="bbox 187 4361 1782 4440; baseline -0.004 -19"><span class='ocrx_word' id='word_1_561' title='bbox 187 4366 415 4440; x_wconf 77' lang='grc' dir='ltr'><strong>κηδεύει</strong></span> <span class='ocrx_word' id='word_1_562' title='bbox 451 4365 550 4435; x_wconf 81' lang='grc' dir='ltr'><strong>μὲν</strong></span> <span class='ocrx_word' id='word_1_563' title='bbox 575 4364 737 4418; x_wconf 80' lang='grc' dir='ltr'><strong>αὐτὸν</strong></span> <span class='ocrx_word' id='word_1_564' title='bbox 767 4362 1254 4434; x_wconf 81' lang='grc' dir='ltr'><strong>φιλοφρονέστατα,</strong></span> <span class='ocrx_word' id='word_1_565' title='bbox 1284 4361 1378 4416; x_wconf 74' lang='grc' dir='ltr'><strong>καὶ</strong></span> <span class='ocrx_word' id='word_1_566' title='bbox 1413 4361 1593 4431; x_wconf 70' lang='grc' dir='ltr'><strong>θάψας</strong></span> <span class='ocrx_word' id='word_1_567' title='bbox 1639 4361 1782 4416; x_wconf 77' lang='grc' dir='ltr'><strong>σκέ-</strong></span> 
     </span>
    </p>
   </div>
   <div class='ocr_carea' id='block_1_77' title="bbox 1873 3270 3462 3342">
    <p class='ocr_par' dir='ltr' id='par_1_77' title="bbox 1873 3270 3462 3342">
     <span class='ocr_line' id='line_1_77' title="bbox 1873 3270 3462 3342; baseline 0.001 -18"><span class='ocrx_word' id='word_1_568' title='bbox 1873 3270 1963 3324; x_wconf 75' lang='lat' dir='ltr'><strong>ubi</strong></span> <span class='ocrx_word' id='word_1_569' title='bbox 2004 3270 2141 3326; x_wconf 90' lang='lat' dir='ltr'><strong>nihil</strong></span> <span class='ocrx_word' id='word_1_570' title='bbox 2174 3270 2414 3342; x_wconf 83' lang='lat' dir='ltr'><strong>prolicit,</strong></span> <span class='ocrx_word' id='word_1_571' title='bbox 2456 3270 2512 3325; x_wconf 90' lang='lat' dir='ltr'><strong>in</strong></span> <span class='ocrx_word' id='word_1_572' title='bbox 2552 3271 2742 3327; x_wconf 86' lang='lat' dir='ltr'><strong>eadem</strong></span> <span class='ocrx_word' id='word_1_573' title='bbox 2787 3272 3150 3329; x_wconf 89' lang='lat' dir='ltr'><strong>nihilominus</strong></span> <span class='ocrx_word' id='word_1_574' title='bbox 3198 3273 3462 3327; x_wconf 68' lang='lat' dir='ltr'><strong>molestia:</strong></span> 
     </span>
    </p>
   </div>
   <div class='ocr_carea' id='block_1_78' title="bbox 1871 3361 3462 3433">
    <p class='ocr_par' dir='ltr' id='par_1_78' title="bbox 1871 3361 3462 3433">
     <span class='ocr_line' id='line_1_78' title="bbox 1871 3361 3462 3433; baseline 0.004 -19"><span class='ocrx_word' id='word_1_575' title='bbox 1871 3361 2205 3431; x_wconf 69' lang='lat' dir='ltr'><strong>impudentia</strong></span> <span class='ocrx_word' id='word_1_576' title='bbox 2249 3364 2512 3433; x_wconf 87' lang='lat' dir='ltr'><strong>persistit.</strong></span> <span class='ocrx_word' id='word_1_577' title='bbox 2539 3361 2823 3419; x_wconf 88' lang='lat' dir='ltr'><strong>Postremo</strong></span> <span class='ocrx_word' id='word_1_578' title='bbox 2868 3378 2994 3418; x_wconf 92' lang='lat' dir='ltr'><strong>cum</strong></span> <span class='ocrx_word' id='word_1_579' title='bbox 3040 3364 3176 3419; x_wconf 89' lang='lat' dir='ltr'><strong>nihil</strong></span> <span class='ocrx_word' id='word_1_580' title='bbox 3222 3365 3462 3422; x_wconf 71' lang='lat' dir='ltr'><strong>ediceret</strong></span> 
     </span>
    </p>
   </div>
   <div class='ocr_carea' id='block_1_79' title="bbox 1870 3451 3464 3524">
    <p class='ocr_par' dir='ltr' id='par_1_79' title="bbox 1870 3451 3464 3524">
     <span class='ocr_line' id='line_1_79' title="bbox 1870 3451 3464 3524; baseline 0.003 -19"><span class='ocrx_word' id='word_1_581' title='bbox 1870 3455 2137 3520; x_wconf 88' lang='lat' dir='ltr'><strong>omnino,</strong></span> <span class='ocrx_word' id='word_1_582' title='bbox 2195 3451 2293 3509; x_wconf 86' lang='lat' dir='ltr'><strong>sed</strong></span> <span class='ocrx_word' id='word_1_583' title='bbox 2356 3453 2538 3508; x_wconf 87' lang='lat' dir='ltr'><strong>victus</strong></span> <span class='ocrx_word' id='word_1_584' title='bbox 2589 3453 2772 3524; x_wconf 85' lang='lat' dir='ltr'><strong>potius</strong></span> <span class='ocrx_word' id='word_1_585' title='bbox 2831 3452 3188 3520; x_wconf 84' lang='lat' dir='ltr'><strong>abscederet,</strong></span> <span class='ocrx_word' id='word_1_586' title='bbox 3234 3453 3464 3524; x_wconf 82' lang='lat' dir='ltr'><strong>magicis</strong></span> 
     </span>
    </p>
   </div>
   <div class='ocr_carea' id='block_1_80' title="bbox 1872 3542 3462 3616">
    <p class='ocr_par' dir='ltr' id='par_1_80' title="bbox 1872 3542 3462 3616">
     <span class='ocr_line' id='line_1_80' title="bbox 1872 3542 3462 3616; baseline 0.001 -18"><span class='ocrx_word' id='word_1_587' title='bbox 1872 3542 2204 3615; x_wconf 84' lang='lat' dir='ltr'><strong>quibusdam</strong></span> <span class='ocrx_word' id='word_1_588' title='bbox 2233 3543 2386 3600; x_wconf 88' lang='lat' dir='ltr'><strong>libris</strong></span> <span class='ocrx_word' id='word_1_589' title='bbox 2417 3544 2678 3602; x_wconf 83' lang='lat' dir='ltr'><strong>adhibitis</strong></span> <span class='ocrx_word' id='word_1_590' title='bbox 2719 3545 2862 3616; x_wconf 77' lang='lat' dir='ltr'><strong>(erat</strong></span> <span class='ocrx_word' id='word_1_591' title='bbox 2889 3545 3034 3599; x_wconf 89' lang='lat' dir='ltr'><strong>enim</strong></span> <span class='ocrx_word' id='word_1_592' title='bbox 3069 3543 3462 3600; x_wconf 80' lang='lat' dir='ltr'><strong>maleﬁciorum</strong></span> 
     </span>
    </p>
   </div>
   <div class='ocr_carea' id='block_1_81' title="bbox 1874 3635 3463 3706">
    <p class='ocr_par' dir='ltr' id='par_1_81' title="bbox 1874 3635 3463 3706">
     <span class='ocr_line' id='line_1_81' title="bbox 1874 3635 3463 3706; baseline 0.002 -16"><span class='ocrx_word' id='word_1_593' title='bbox 1874 3636 2102 3706; x_wconf 90' lang='lat' dir='ltr'><strong>peritus,</strong></span> <span class='ocrx_word' id='word_1_594' title='bbox 2130 3651 2195 3691; x_wconf 90' lang='lat' dir='ltr'><strong>ac</strong></span> <span class='ocrx_word' id='word_1_595' title='bbox 2233 3635 2603 3706; x_wconf 86' lang='lat' dir='ltr'><strong>perniciosam</strong></span> <span class='ocrx_word' id='word_1_596' title='bbox 2636 3637 2788 3691; x_wconf 88' lang='lat' dir='ltr'><strong>illam</strong></span> <span class='ocrx_word' id='word_1_597' title='bbox 2829 3645 2882 3692; x_wconf 90' lang='lat' dir='ltr'><strong>et</strong></span> <span class='ocrx_word' id='word_1_598' title='bbox 2922 3636 3250 3692; x_wconf 80' lang='lat' dir='ltr'><strong>exitiabilem</strong></span> <span class='ocrx_word' id='word_1_599' title='bbox 3290 3645 3463 3692; x_wconf 90' lang='lat' dir='ltr'><strong>artem</strong></span> 
     </span>
    </p>
   </div>
   <div class='ocr_carea' id='block_1_82' title="bbox 1874 3726 3463 3800">
    <p class='ocr_par' dir='ltr' id='par_1_82' title="bbox 1874 3726 3463 3800">
     <span class='ocr_line' id='line_1_82' title="bbox 1874 3726 3463 3800; baseline -0.001 -16"><span class='ocrx_word' id='word_1_600' title='bbox 1874 3744 1942 3784; x_wconf 82' lang='lat' dir='ltr'><strong>ex</strong></span> <span class='ocrx_word' id='word_1_601' title='bbox 1986 3726 2244 3783; x_wconf 83' lang='lat' dir='ltr'><strong>Indorum</strong></span> <span class='ocrx_word' id='word_1_602' title='bbox 2302 3736 2357 3784; x_wconf 91' lang='lat' dir='ltr'><strong>et</strong></span> <span class='ocrx_word' id='word_1_603' title='bbox 2403 3726 2786 3800; x_wconf 66' lang='lat' dir='ltr'><strong>Egyptiorum</strong></span> <span class='ocrx_word' id='word_1_604' title='bbox 2831 3729 3224 3800; x_wconf 79' lang='lat' dir='ltr'><strong>gentiliumquc</strong></span> <span class='ocrx_word' id='word_1_605' title='bbox 3291 3728 3463 3784; x_wconf 83' lang='lat' dir='ltr'><strong>disci-</strong></span> 
     </span>
    </p>
   </div>
   <div class='ocr_carea' id='block_1_83' title="bbox 1875 3821 3464 3894">
    <p class='ocr_par' dir='ltr' id='par_1_83' title="bbox 1875 3821 3464 3894">
     <span class='ocr_line' id='line_1_83' title="bbox 1875 3821 3464 3894; baseline 0 -20"><span class='ocrx_word' id='word_1_606' title='bbox 1875 3821 2024 3891; x_wconf 90' lang='lat' dir='ltr'><strong>plina</strong></span> <span class='ocrx_word' id='word_1_607' title='bbox 2075 3821 2226 3875; x_wconf 91' lang='lat' dir='ltr'><strong>velut</strong></span> <span class='ocrx_word' id='word_1_608' title='bbox 2285 3821 2702 3876; x_wconf 84' lang='lat' dir='ltr'><strong>mercimonium</strong></span> <span class='ocrx_word' id='word_1_609' title='bbox 2762 3821 3043 3892; x_wconf 86' lang='lat' dir='ltr'><strong>quoddam</strong></span> <span class='ocrx_word' id='word_1_610' title='bbox 3094 3823 3464 3894; x_wconf 86' lang='lat' dir='ltr'><strong>abstulerat),</strong></span> 
     </span>
    </p>
   </div>
   <div class='ocr_carea' id='block_1_84' title="bbox 1877 3909 3465 3982">
    <p class='ocr_par' dir='ltr' id='par_1_84' title="bbox 1877 3909 3465 3982">
     <span class='ocr_line' id='line_1_84' title="bbox 1877 3909 3465 3982; baseline 0.002 -20"><span class='ocrx_word' id='word_1_611' title='bbox 1877 3910 2173 3981; x_wconf 76' lang='lat' dir='ltr'><strong>przestigiis</strong></span> <span class='ocrx_word' id='word_1_612' title='bbox 2224 3909 2455 3966; x_wconf 91' lang='lat' dir='ltr'><strong>illndere</strong></span> <span class='ocrx_word' id='word_1_613' title='bbox 2497 3918 2732 3966; x_wconf 88' lang='lat' dir='ltr'><strong>conatus</strong></span> <span class='ocrx_word' id='word_1_614' title='bbox 2770 3917 2891 3977; x_wconf 89' lang='lat' dir='ltr'><strong>est;</strong></span> <span class='ocrx_word' id='word_1_615' title='bbox 2930 3926 2992 3965; x_wconf 85' lang='lat' dir='ltr'><strong>ac</strong></span> <span class='ocrx_word' id='word_1_616' title='bbox 3025 3911 3188 3966; x_wconf 92' lang='lat' dir='ltr'><strong>domo</strong></span> <span class='ocrx_word' id='word_1_617' title='bbox 3230 3911 3465 3982; x_wconf 69' lang='lat' dir='ltr'><strong>qtutdam</strong></span> 
     </span>
    </p>
   </div>
   <div class='ocr_carea' id='block_1_85' title="bbox 1879 4003 3466 4076">
    <p class='ocr_par' dir='ltr' id='par_1_85' title="bbox 1879 4003 3466 4076">
     <span class='ocr_line' id='line_1_85' title="bbox 1879 4003 3466 4076; baseline -0.002 -17"><span class='ocrx_word' id='word_1_618' title='bbox 1879 4019 2180 4060; x_wconf 90' lang='lat' dir='ltr'><strong>conscensa</strong></span> <span class='ocrx_word' id='word_1_619' title='bbox 2215 4004 2386 4060; x_wconf 89' lang='lat' dir='ltr'><strong>nihilo</strong></span> <span class='ocrx_word' id='word_1_620' title='bbox 2419 4004 2591 4076; x_wconf 75' lang='lat' dir='ltr'><strong>magis</strong></span> <span class='ocrx_word' id='word_1_621' title='bbox 2613 4003 2759 4076; x_wconf 85' lang='lat' dir='ltr'><strong>quod</strong></span> <span class='ocrx_word' id='word_1_622' title='bbox 2793 4005 3010 4060; x_wconf 91' lang='lat' dir='ltr'><strong>volebat</strong></span> <span class='ocrx_word' id='word_1_623' title='bbox 3044 4012 3336 4058; x_wconf 89' lang='lat' dir='ltr'><strong>assecutus</strong></span> <span class='ocrx_word' id='word_1_624' title='bbox 3359 4011 3466 4058; x_wconf 83' lang='lat' dir='ltr'><strong>est.</strong></span> 
     </span>
    </p>
   </div>
   <div class='ocr_carea' id='block_1_86' title="bbox 1881 4093 3468 4167">
    <p class='ocr_par' dir='ltr' id='par_1_86' title="bbox 1881 4093 3468 4167">
     <span class='ocr_line' id='line_1_86' title="bbox 1881 4093 3468 4167; baseline -0.003 -17"><span class='ocrx_word' id='word_1_625' title='bbox 1881 4094 2094 4167; x_wconf 86' lang='lat' dir='ltr'><strong>Quippe</strong></span> <span class='ocrx_word' id='word_1_626' title='bbox 2128 4096 2254 4151; x_wconf 89' lang='lat' dir='ltr'><strong>inde</strong></span> <span class='ocrx_word' id='word_1_627' title='bbox 2302 4111 2547 4166; x_wconf 81' lang='lat' dir='ltr'><strong>praeceps</strong></span> <span class='ocrx_word' id='word_1_628' title='bbox 2593 4095 2853 4152; x_wconf 87' lang='lat' dir='ltr'><strong>decidens</strong></span> <span class='ocrx_word' id='word_1_629' title='bbox 2881 4111 2949 4150; x_wconf 85' lang='lat' dir='ltr'><strong>ex</strong></span> <span class='ocrx_word' id='word_1_630' title='bbox 2985 4094 3090 4148; x_wconf 91' lang='lat' dir='ltr'><strong>hac</strong></span> <span class='ocrx_word' id='word_1_631' title='bbox 3117 4093 3226 4147; x_wconf 87' lang='lat' dir='ltr'><strong>vita</strong></span> <span class='ocrx_word' id='word_1_632' title='bbox 3264 4093 3468 4163; x_wconf 75' lang='lat' dir='ltr'><strong>migra-</strong></span> 
     </span>
    </p>
   </div>
   <div class='ocr_carea' id='block_1_87' title="bbox 1881 4187 3469 4257">
    <p class='ocr_par' dir='ltr' id='par_1_87' title="bbox 1881 4187 3469 4257">
     <span class='ocr_line' id='line_1_87' title="bbox 1881 4187 3469 4257; baseline -0.003 -15"><span class='ocrx_word' id='word_1_633' title='bbox 1881 4187 1994 4250; x_wconf 86' lang='lat' dir='ltr'><strong>vit,</strong></span> <span class='ocrx_word' id='word_1_634' title='bbox 2045 4203 2171 4242; x_wconf 91' lang='lat' dir='ltr'><strong>cum</strong></span> <span class='ocrx_word' id='word_1_635' title='bbox 2215 4188 2418 4244; x_wconf 90' lang='lat' dir='ltr'><strong>multos</strong></span> <span class='ocrx_word' id='word_1_636' title='bbox 2457 4189 2568 4243; x_wconf 92' lang='lat' dir='ltr'><strong>illic</strong></span> <span class='ocrx_word' id='word_1_637' title='bbox 2619 4202 2794 4242; x_wconf 89' lang='lat' dir='ltr'><strong>annos</strong></span> <span class='ocrx_word' id='word_1_638' title='bbox 2836 4187 3073 4257; x_wconf 80' lang='lat' dir='ltr'><strong>egisset,</strong></span> <span class='ocrx_word' id='word_1_639' title='bbox 3107 4193 3271 4253; x_wconf 89' lang='lat' dir='ltr'><strong>atque</strong></span> <span class='ocrx_word' id='word_1_640' title='bbox 3302 4200 3469 4237; x_wconf 86' lang='lat' dir='ltr'><strong>unum</strong></span> 
     </span>
    </p>
   </div>
   <div class='ocr_carea' id='block_1_88' title="bbox 1885 4274 3475 4349">
    <p class='ocr_par' dir='ltr' id='par_1_88' title="bbox 1885 4274 3475 4349">
     <span class='ocr_line' id='line_1_88' title="bbox 1885 4274 3475 4349; baseline -0.003 -16"><span class='ocrx_word' id='word_1_641' title='bbox 1885 4279 2261 4334; x_wconf 87' lang='lat' dir='ltr'><strong>tantummodo</strong></span> <span class='ocrx_word' id='word_1_642' title='bbox 2300 4295 2486 4335; x_wconf 91' lang='lat' dir='ltr'><strong>secum</strong></span> <span class='ocrx_word' id='word_1_643' title='bbox 2531 4278 2862 4349; x_wconf 90' lang='lat' dir='ltr'><strong>discipulum</strong></span> <span class='ocrx_word' id='word_1_644' title='bbox 2893 4277 3209 4337; x_wconf 89' lang='lat' dir='ltr'><strong>habuisset,</strong></span> <span class='ocrx_word' id='word_1_645' title='bbox 3244 4274 3475 4330; x_wconf 85' lang='lat' dir='ltr'><strong>Tct‘bin-</strong></span> 
     </span>
    </p>
   </div>
   <div class='ocr_carea' id='block_1_89' title="bbox 1886 4369 3474 4443">
    <p class='ocr_par' dir='ltr' id='par_1_89' title="bbox 1886 4369 3474 4443">
     <span class='ocr_line' id='line_1_89' title="bbox 1886 4369 3474 4443; baseline -0.003 -19"><span class='ocrx_word' id='word_1_646' title='bbox 1886 4370 2038 4425; x_wconf 90' lang='lat' dir='ltr'><strong>thum</strong></span> <span class='ocrx_word' id='word_1_647' title='bbox 2056 4369 2309 4427; x_wconf 81' lang='lat' dir='ltr'><strong>videlicet</strong></span> <span class='ocrx_word' id='word_1_648' title='bbox 2326 4372 2500 4438; x_wconf 87' lang='lat' dir='ltr'><strong>illum,</strong></span> <span class='ocrx_word' id='word_1_649' title='bbox 2519 4387 2680 4443; x_wconf 90' lang='lat' dir='ltr'><strong>quem</strong></span> <span class='ocrx_word' id='word_1_650' title='bbox 2699 4370 2957 4436; x_wconf 82' lang='lat' dir='ltr'><strong>diximus,</strong></span> <span class='ocrx_word' id='word_1_651' title='bbox 2981 4369 3069 4423; x_wconf 92' lang='lat' dir='ltr'><strong>cui</strong></span> <span class='ocrx_word' id='word_1_652' title='bbox 3095 4376 3150 4424; x_wconf 92' lang='lat' dir='ltr'><strong>et</strong></span> <span class='ocrx_word' id='word_1_653' title='bbox 3167 4384 3266 4424; x_wconf 87' lang='lat' dir='ltr'><strong>sua</strong></span> <span class='ocrx_word' id='word_1_654' title='bbox 3286 4369 3474 4420; x_wconf 83' lang='lat' dir='ltr'><strong>omnia</strong></span> 
     </span>
    </p>
   </div>
   <div class='ocr_carea' id='block_1_90' title="bbox 189 4452 1764 4532">
    <p class='ocr_par' dir='ltr' id='par_1_90' title="bbox 189 4452 1764 4530">
     <span class='ocr_line' id='line_1_90' title="bbox 189 4452 1764 4530; baseline -0.004 -15"><span class='ocrx_word' id='word_1_655' title='bbox 189 4477 393 4515; x_wconf 88' lang='grc' dir='ltr'><strong>πτεται</strong></span> <span class='ocrx_word' id='word_1_656' title='bbox 428 4457 506 4530; x_wconf 77' lang='grc' dir='ltr'><strong>μὴ</strong></span> <span class='ocrx_word' id='word_1_657' title='bbox 535 4458 669 4528; x_wconf 78' lang='grc' dir='ltr'><strong>πρὸς</strong></span> <span class='ocrx_word' id='word_1_658' title='bbox 712 4456 776 4509; x_wconf 76' lang='grc' dir='ltr'><strong>τὸ</strong></span> <span class='ocrx_word' id='word_1_659' title='bbox 807 4455 1028 4525; x_wconf 84' lang='grc' dir='ltr'><strong>γύναιον</strong></span> <span class='ocrx_word' id='word_1_660' title='bbox 1056 4452 1401 4525; x_wconf 81' lang='grc' dir='ltr'><strong>ἀνακάμψαι,</strong></span> <span class='ocrx_word' id='word_1_661' title='bbox 1433 4452 1492 4507; x_wconf 78' lang='grc' dir='ltr'><strong>τὸ</strong></span> <span class='ocrx_word' id='word_1_662' title='bbox 1515 4453 1629 4526; x_wconf 73' lang='grc' dir='ltr'><strong>-ἦδη</strong></span> <span class='ocrx_word' id='word_1_663' title='bbox 1673 4453 1764 4508; x_wconf 65' lang='grc' dir='ltr'><strong>ἀπὶ</strong></span> 
     </span>
    </p>
   </div>
   <div class='ocr_carea' id='block_1_91' title="bbox 1871 4452 3476 4532">
    <p class='ocr_par' dir='ltr' id='par_1_91' title="bbox 1884 4457 3476 4532">
     <span class='ocr_line' id='line_1_91' title="bbox 1884 4457 3476 4532; baseline -0.006 -15"><span class='ocrx_word' id='word_1_664' title='bbox 1884 4461 2034 4517; x_wconf 86' lang='lat' dir='ltr'><strong>velut</strong></span> <span class='ocrx_word' id='word_1_665' title='bbox 2100 4460 2370 4518; x_wconf 80' lang='lat' dir='ltr'><strong>ﬁdissimo</strong></span> <span class='ocrx_word' id='word_1_666' title='bbox 2438 4460 3066 4532; x_wconf 85' lang='lat' dir='ltr'><strong>benevolentissimoque</strong></span> <span class='ocrx_word' id='word_1_667' title='bbox 3147 4457 3476 4512; x_wconf 81' lang='lat' dir='ltr'><strong>administro</strong></span> 
     </span>
    </p>
   </div>
   <div class='ocr_carea' id='block_1_92' title="bbox 188 4521 1764 4626">
    <p class='ocr_par' dir='ltr' id='par_1_92' title="bbox 188 4521 1764 4624">
     <span class='ocr_line' id='line_1_92' title="bbox 188 4521 1764 4624; baseline -0.005 -20"><span class='ocrx_word' id='word_1_668' title='bbox 188 4521 459 4624; x_wconf 75' lang='grc' dir='ltr'><strong>πορνείας</strong></span> <span class='ocrx_word' id='word_1_669' title='bbox 494 4521 619 4621; x_wconf 50' lang='grc' dir='ltr'><strong>ἦτοι</strong></span> <span class='ocrx_word' id='word_1_670' title='bbox 663 4521 1040 4618; x_wconf 72' lang='grc' dir='ltr'><strong>αἰχμαλωσίας</strong></span> <span class='ocrx_word' id='word_1_671' title='bbox 1087 4543 1166 4617; x_wconf 79' lang='grc' dir='ltr'><strong>τῷ</strong></span> <span class='ocrx_word' id='word_1_672' title='bbox 1228 4521 1512 4616; x_wconf 55' lang='grc' dir='ltr'><strong>ἑκυθιανῷ</strong></span> <span class='ocrx_word' id='word_1_673' title='bbox 1550 4521 1764 4618; x_wconf 43' lang='grc' dir='ltr'><strong>’συνημε</strong></span> 
     </span>
    </p>
   </div>
   <div class='ocr_carea' id='block_1_93' title="bbox 1871 4521 3478 4626">
    <p class='ocr_par' dir='ltr' id='par_1_93' title="bbox 1890 4521 3478 4626">
     <span class='ocr_line' id='line_1_93' title="bbox 1890 4521 3478 4626; baseline -0.004 -18"><span class='ocrx_word' id='word_1_674' title='bbox 1890 4552 2185 4609; x_wconf 90' lang='lat' dir='ltr'><strong>commisit.</strong></span> <span class='ocrx_word' id='word_1_675' title='bbox 2236 4552 2337 4610; x_wconf 82' lang='lat' dir='ltr'><strong>Hic</strong></span> <span class='ocrx_word' id='word_1_676' title='bbox 2377 4561 2654 4610; x_wconf 88' lang='lat' dir='ltr'><strong>mortuum</strong></span> <span class='ocrx_word' id='word_1_677' title='bbox 2691 4521 3052 4626; x_wconf 78' lang='lat' dir='ltr'><strong>Scythiandm</strong></span> <span class='ocrx_word' id='word_1_678' title='bbox 3092 4568 3257 4624; x_wconf 89' lang='lat' dir='ltr'><strong>quam</strong></span> <span class='ocrx_word' id='word_1_679' title='bbox 3300 4551 3478 4604; x_wconf 81' lang='lat' dir='ltr'><strong>hono-</strong></span> 
     </span>
    </p>
   </div>
   <div class='ocr_carea' id='block_1_94' title="bbox 191 4643 380 4714">
    <p class='ocr_par' dir='ltr' id='par_1_94' title="bbox 191 4643 380 4714">
     <span class='ocr_line' id='line_1_94' title="bbox 191 4643 380 4714; baseline 0.005 -19"><span class='ocrx_word' id='word_1_680' title='bbox 191 4643 358 4714; x_wconf 61' lang='grc' dir='ltr'><strong>μένον</strong></span> <span class='ocrx_word' id='word_1_681' title='bbox 369 4687 380 4696; x_wconf 94' lang='grc'><strong>.</strong></span> 
     </span>
    </p>
   </div>
   <div class='ocr_carea' id='block_1_95' title="bbox 1891 4643 3476 4716">
    <p class='ocr_par' dir='ltr' id='par_1_95' title="bbox 1891 4643 3476 4716">
     <span class='ocr_line' id='line_1_95' title="bbox 1891 4643 3476 4716; baseline -0.001 -18"><span class='ocrx_word' id='word_1_682' title='bbox 1891 4644 2296 4702; x_wconf 85' lang='lat' dir='ltr'><strong>rilicentissime</strong></span> <span class='ocrx_word' id='word_1_683' title='bbox 2355 4645 2622 4716; x_wconf 88' lang='lat' dir='ltr'><strong>sepelivit.</strong></span> <span class='ocrx_word' id='word_1_684' title='bbox 2670 4643 2810 4699; x_wconf 92' lang='lat' dir='ltr'><strong>Tum</strong></span> <span class='ocrx_word' id='word_1_685' title='bbox 2861 4643 3004 4716; x_wconf 88' lang='lat' dir='ltr'><strong>apud</strong></span> <span class='ocrx_word' id='word_1_686' title='bbox 3051 4661 3110 4700; x_wconf 92' lang='lat' dir='ltr'><strong>se</strong></span> <span class='ocrx_word' id='word_1_687' title='bbox 3167 4643 3476 4698; x_wconf 74' lang='lat' dir='ltr'><strong>deliberans</strong></span> 
     </span>
    </p>
   </div>
   <div class='ocr_carea' id='block_1_96' title="bbox 189 4731 3478 4811">
    <p class='ocr_par' dir='ltr' id='par_1_96' title="bbox 189 4731 3478 4811">
     <span class='ocr_line' id='line_1_96' title="bbox 189 4731 3478 4811; baseline -0.004 -9"><span class='ocrx_word' id='word_1_688' title='bbox 189 4737 390 4792; x_wconf 65' lang='lat' dir='ltr'><strong>513m“</strong></span> <span class='ocrx_word' id='word_1_689' title='bbox 431 4733 500 4789; x_wconf 68' lang='lat' dir='ltr'><strong>ad</strong></span> <span class='ocrx_word' id='word_1_690' title='bbox 560 4733 706 4788; x_wconf 67' lang='lat' dir='ltr'><strong>illa!“</strong></span> <span class='ocrx_word' id='word_1_691' title='bbox 772 4731 1146 4788; x_wconf 66' lang='grc' dir='ltr'><strong>ηιυιῖετουιξιῐυ</strong></span> <span class='ocrx_word' id='word_1_692' title='bbox 1191 4747 1303 4787; x_wconf 71' lang='lat' dir='ltr'><strong>mn</strong></span> <span class='ocrx_word' id='word_1_693' title='bbox 1345 4733 1568 4797; x_wconf 58' lang='lat' dir='ltr'><strong>reverti.</strong></span> <span class='ocrx_word' id='word_1_694' title='bbox 1634 4749 1800 4805; x_wconf 86' lang='lat' dir='ltr'><strong>quam</strong></span> <span class='ocrx_word' id='word_1_695' title='bbox 1854 4752 1886 4794; x_wconf 91' lang='lat' dir='ltr'><strong>e</strong></span> <span class='ocrx_word' id='word_1_696' title='bbox 1947 4740 2260 4797; x_wconf 89' lang='lat' dir='ltr'><strong>meretricio</strong></span> <span class='ocrx_word' id='word_1_697' title='bbox 2298 4747 2510 4811; x_wconf 79' lang='lat' dir='ltr'><strong>quaestu</strong></span> <span class='ocrx_word' id='word_1_698' title='bbox 2563 4755 2626 4794; x_wconf 91' lang='lat' dir='ltr'><strong>ac</strong></span> <span class='ocrx_word' id='word_1_699' title='bbox 2673 4739 2942 4803; x_wconf 79' lang='lat' dir='ltr'><strong>servitute</strong></span> <span class='ocrx_word' id='word_1_700' title='bbox 2986 4738 3093 4793; x_wconf 82' lang='lat' dir='ltr'><strong>sibi</strong></span> <span class='ocrx_word' id='word_1_701' title='bbox 3144 4735 3478 4808; x_wconf 75' lang='lat' dir='ltr'><strong>Scythianus</strong></span> 
     </span>
    </p>
   </div>
   <div class='ocr_carea' id='block_1_97' title="bbox 189 4834 551 4903">
    <p class='ocr_par' dir='ltr' id='par_1_97' title="bbox 189 4834 551 4903">
     <span class='ocr_line' id='line_1_97' title="bbox 189 4834 551 4903; baseline -0.003 -14"><span class='ocrx_word' id='word_1_702' title='bbox 189 4834 551 4903; x_wconf 75' lang='lat' dir='ltr'><strong>adjunxerat.</strong></span> 
     </span>
    </p>
   </div>
   <div class='ocr_carea' id='block_1_98' title="bbox 263 4917 1786 4996">
    <p class='ocr_par' dir='ltr' id='par_1_98' title="bbox 263 4917 1786 4996">
     <span class='ocr_line' id='line_1_98' title="bbox 263 4917 1786 4996; baseline -0.002 -16"><span class='ocrx_word' id='word_1_703' title='bbox 263 4924 435 4980; x_wconf 82' lang='grc' dir='ltr'><strong>Ἀλλά</strong></span> <span class='ocrx_word' id='word_1_704' title='bbox 476 4923 884 4996; x_wconf 81' lang='grc' dir='ltr'><strong>ἀποδιδράσκει,</strong></span> <span class='ocrx_word' id='word_1_705' title='bbox 931 4921 1110 4977; x_wconf 87' lang='grc' dir='ltr'><strong>λαϐὼν</strong></span> <span class='ocrx_word' id='word_1_706' title='bbox 1157 4921 1337 4976; x_wconf 85' lang='grc' dir='ltr'><strong>πάντα</strong></span> <span class='ocrx_word' id='word_1_707' title='bbox 1388 4921 1600 4994; x_wconf 82' lang='grc' dir='ltr'><strong>ὅσαπερ</strong></span> <span class='ocrx_word' id='word_1_708' title='bbox 1638 4917 1786 4996; x_wconf 75' lang='grc' dir='ltr'><strong>εἶχε,</strong></span> 
     </span>
    </p>
   </div>
   <div class='ocr_carea' id='block_1_99' title="bbox 193 5013 1789 5090">
    <p class='ocr_par' dir='ltr' id='par_1_99' title="bbox 193 5013 1789 5090">
     <span class='ocr_line' id='line_1_99' title="bbox 193 5013 1789 5090; baseline -0.002 -19"><span class='ocrx_word' id='word_1_709' title='bbox 193 5019 399 5090; x_wconf 77' lang='grc' dir='ltr'><strong>χρυσόν</strong></span> <span class='ocrx_word' id='word_1_710' title='bbox 446 5033 507 5070; x_wconf 88' lang='grc' dir='ltr'><strong>τε</strong></span> <span class='ocrx_word' id='word_1_711' title='bbox 547 5017 643 5070; x_wconf 67' lang='grc' dir='ltr'><strong>καὶ</strong></span> <span class='ocrx_word' id='word_1_712' title='bbox 686 5016 946 5088; x_wconf 74' lang='grc' dir='ltr'><strong>ἄργυρον,</strong></span> <span class='ocrx_word' id='word_1_713' title='bbox 977 5015 1072 5069; x_wconf 72' lang='grc' dir='ltr'><strong>καὶ</strong></span> <span class='ocrx_word' id='word_1_714' title='bbox 1117 5013 1188 5068; x_wconf 83' lang='grc' dir='ltr'><strong>τὰ</strong></span> <span class='ocrx_word' id='word_1_715' title='bbox 1225 5013 1399 5077; x_wconf 73' lang='grc' dir='ltr'><strong>ἄλλα,</strong></span> <span class='ocrx_word' id='word_1_716' title='bbox 1427 5015 1507 5078; x_wconf 89' lang='grc' dir='ltr'><strong>είς</strong></span> <span class='ocrx_word' id='word_1_717' title='bbox 1545 5015 1643 5086; x_wconf 79' lang='grc' dir='ltr'><strong>τὴν</strong></span> <span class='ocrx_word' id='word_1_718' title='bbox 1681 5015 1789 5069; x_wconf 87' lang='grc' dir='ltr'><strong>τῶν</strong></span> 
     </span>
    </p>
   </div>
   <div class='ocr_carea' id='block_1_100' title="bbox 196 5105 1791 5180">
    <p class='ocr_par' dir='ltr' id='par_1_100' title="bbox 196 5105 1791 5180">
     <span class='ocr_line' id='line_1_100' title="bbox 196 5105 1791 5180; baseline -0.001 -18"><span class='ocrx_word' id='word_1_719' title='bbox 196 5109 428 5180; x_wconf 81' lang='grc' dir='ltr'><strong>Περσῶν</strong></span> <span class='ocrx_word' id='word_1_720' title='bbox 456 5107 665 5179; x_wconf 83' lang='grc' dir='ltr'><strong>χώραν,</strong></span> <span class='ocrx_word' id='word_1_721' title='bbox 697 5107 888 5162; x_wconf 81' lang='grc' dir='ltr'><strong>ἑαυτοῦ</strong></span> <span class='ocrx_word' id='word_1_722' title='bbox 915 5108 977 5161; x_wconf 79' lang='grc' dir='ltr'><strong>τὸ</strong></span> <span class='ocrx_word' id='word_1_723' title='bbox 1007 5108 1200 5178; x_wconf 78' lang='grc' dir='ltr'><strong>ὄνομα,</strong></span> <span class='ocrx_word' id='word_1_724' title='bbox 1232 5105 1320 5160; x_wconf 83' lang='grc' dir='ltr'><strong>ἵνα</strong></span> <span class='ocrx_word' id='word_1_725' title='bbox 1351 5105 1426 5179; x_wconf 79' lang='grc' dir='ltr'><strong>μὴ</strong></span> <span class='ocrx_word' id='word_1_726' title='bbox 1464 5107 1791 5180; x_wconf 83' lang='grc' dir='ltr'><strong>κατάφωρος</strong></span> 
     </span>
    </p>
   </div>
   <div class='ocr_carea' id='block_1_101' title="bbox 194 5200 1786 5273">
    <p class='ocr_par' dir='ltr' id='par_1_101' title="bbox 194 5200 1786 5273">
     <span class='ocr_line' id='line_1_101' title="bbox 194 5200 1786 5273; baseline -0.003 -17"><span class='ocrx_word' id='word_1_727' title='bbox 194 5203 447 5272; x_wconf 82' lang='grc' dir='ltr'><strong>γένηται,</strong></span> <span class='ocrx_word' id='word_1_728' title='bbox 483 5202 606 5255; x_wconf 76' lang='grc' dir='ltr'><strong>ἀντὶ</strong></span> <span class='ocrx_word' id='word_1_729' title='bbox 635 5200 963 5273; x_wconf 84' lang='grc' dir='ltr'><strong>Τερϐίνθου,</strong></span> <span class='ocrx_word' id='word_1_730' title='bbox 988 5200 1064 5264; x_wconf 85' lang='grc' dir='ltr'><strong>ὡς</strong></span> <span class='ocrx_word' id='word_1_731' title='bbox 1098 5200 1209 5254; x_wconf 81' lang='grc' dir='ltr'><strong>ἄνω</strong></span> <span class='ocrx_word' id='word_1_732' title='bbox 1239 5219 1328 5273; x_wconf 90' lang='grc' dir='ltr'><strong>μοι</strong></span> <span class='ocrx_word' id='word_1_733' title='bbox 1361 5200 1786 5272; x_wconf 71' lang='grc' dir='ltr'><strong>προδεδήλωται,</strong></span> 
     </span>
    </p>
   </div>
   <div class='ocr_carea' id='block_1_102' title="bbox 198 5287 1791 5365">
    <p class='ocr_par' dir='ltr' id='par_1_102' title="bbox 198 5287 1791 5365">
     <span class='ocr_line' id='line_1_102' title="bbox 198 5287 1791 5365; baseline -0.001 -17"><span class='ocrx_word' id='word_1_734' title='bbox 198 5294 435 5349; x_wconf 49' lang='lat' dir='ltr'><strong>Bonam:</strong></span> <span class='ocrx_word' id='word_1_735' title='bbox 484 5293 665 5365; x_wconf 80' lang='grc' dir='ltr'><strong>ἑαυτῷ</strong></span> <span class='ocrx_word' id='word_1_736' title='bbox 712 5292 1033 5364; x_wconf 72' lang='grc' dir='ltr'><strong>ἐπιθέμενος</strong></span> <span class='ocrx_word' id='word_1_737' title='bbox 1075 5293 1266 5364; x_wconf 77' lang='grc' dir='ltr'><strong>ὄνομα.</strong></span> <span class='ocrx_word' id='word_1_738' title='bbox 1309 5287 1478 5355; x_wconf 77' lang='grc' dir='ltr'><strong>Οὗτος</strong></span> <span class='ocrx_word' id='word_1_739' title='bbox 1518 5291 1577 5345; x_wconf 77' lang='grc' dir='ltr'><strong>δὲ</strong></span> <span class='ocrx_word' id='word_1_740' title='bbox 1627 5291 1791 5347; x_wconf 87' lang='grc' dir='ltr'><strong>πάλιν</strong></span> 
     </span>
    </p>
   </div>
   <div class='ocr_carea' id='block_1_103' title="bbox 1962 4919 3473 4992">
    <p class='ocr_par' dir='ltr' id='par_1_103' title="bbox 1962 4919 3473 4992">
     <span class='ocr_line' id='line_1_103' title="bbox 1962 4919 3473 4992; baseline 0.001 -17"><span class='ocrx_word' id='word_1_741' title='bbox 1962 4920 2152 4992; x_wconf 83' lang='lat' dir='ltr'><strong>Itaque</strong></span> <span class='ocrx_word' id='word_1_742' title='bbox 2194 4935 2319 4976; x_wconf 90' lang='lat' dir='ltr'><strong>cum</strong></span> <span class='ocrx_word' id='word_1_743' title='bbox 2341 4919 2597 4976; x_wconf 88' lang='lat' dir='ltr'><strong>omnibus</strong></span> <span class='ocrx_word' id='word_1_744' title='bbox 2624 4935 2745 4992; x_wconf 65' lang='lat' dir='ltr'><strong>quae</strong></span> <span class='ocrx_word' id='word_1_745' title='bbox 2777 4919 3035 4984; x_wconf 87' lang='lat' dir='ltr'><strong>habebat,</strong></span> <span class='ocrx_word' id='word_1_746' title='bbox 3073 4935 3209 4976; x_wconf 89' lang='lat' dir='ltr'><strong>auro</strong></span> <span class='ocrx_word' id='word_1_747' title='bbox 3241 4922 3473 4985; x_wconf 69' lang='lat' dir='ltr'><strong>scilicet,</strong></span> 
     </span>
    </p>
   </div>
   <div class='ocr_carea' id='block_1_104' title="bbox 1895 5011 3469 5086">
    <p class='ocr_par' dir='ltr' id='par_1_104' title="bbox 1895 5011 3469 5086">
     <span class='ocr_line' id='line_1_104' title="bbox 1895 5011 3469 5086; baseline -0.001 -18"><span class='ocrx_word' id='word_1_748' title='bbox 1895 5020 2140 5086; x_wconf 77' lang='lat' dir='ltr'><strong>argento,</strong></span> <span class='ocrx_word' id='word_1_749' title='bbox 2161 5013 2483 5083; x_wconf 56' lang='lat' dir='ltr'><strong>exterisque</strong></span> <span class='ocrx_word' id='word_1_750' title='bbox 2499 5013 2694 5084; x_wconf 89' lang='lat' dir='ltr'><strong>copiis,</strong></span> <span class='ocrx_word' id='word_1_751' title='bbox 2727 5012 2781 5067; x_wconf 89' lang='lat' dir='ltr'><strong>in</strong></span> <span class='ocrx_word' id='word_1_752' title='bbox 2805 5011 3081 5069; x_wconf 86' lang='lat' dir='ltr'><strong>Persidem</strong></span> <span class='ocrx_word' id='word_1_753' title='bbox 3110 5014 3340 5083; x_wconf 79' lang='lat' dir='ltr'><strong>aufugit.</strong></span> <span class='ocrx_word' id='word_1_754' title='bbox 3370 5013 3469 5077; x_wconf 88' lang='lat' dir='ltr'><strong>lbi,</strong></span> 
     </span>
    </p>
   </div>
   <div class='ocr_carea' id='block_1_105' title="bbox 1895 5103 3476 5176">
    <p class='ocr_par' dir='ltr' id='par_1_105' title="bbox 1895 5103 3476 5176">
     <span class='ocr_line' id='line_1_105' title="bbox 1895 5103 3476 5176; baseline -0.001 -16"><span class='ocrx_word' id='word_1_755' title='bbox 1895 5121 1966 5161; x_wconf 87' lang='lat' dir='ltr'><strong>ne</strong></span> <span class='ocrx_word' id='word_1_756' title='bbox 1987 5103 2504 5176; x_wconf 86' lang='lat' dir='ltr'><strong>deprehenderetur,</strong></span> <span class='ocrx_word' id='word_1_757' title='bbox 2537 5113 2748 5160; x_wconf 84' lang='lat' dir='ltr'><strong>mutato</strong></span> <span class='ocrx_word' id='word_1_758' title='bbox 2779 5105 3022 5169; x_wconf 85' lang='lat' dir='ltr'><strong>nomine,</strong></span> <span class='ocrx_word' id='word_1_759' title='bbox 3055 5120 3156 5175; x_wconf 91' lang='lat' dir='ltr'><strong>pro</strong></span> <span class='ocrx_word' id='word_1_760' title='bbox 3174 5103 3476 5160; x_wconf 85' lang='lat' dir='ltr'><strong>Terhintho</strong></span> 
     </span>
    </p>
   </div>
   <div class='ocr_carea' id='block_1_106' title="bbox 1897 5196 3478 5268">
    <p class='ocr_par' dir='ltr' id='par_1_106' title="bbox 1897 5196 3478 5268">
     <span class='ocr_line' id='line_1_106' title="bbox 1897 5196 3478 5268; baseline 0.001 -16"><span class='ocrx_word' id='word_1_761' title='bbox 1897 5197 2141 5252; x_wconf 88' lang='lat' dir='ltr'><strong>Buddam</strong></span> <span class='ocrx_word' id='word_1_762' title='bbox 2173 5213 2254 5262; x_wconf 89' lang='lat' dir='ltr'><strong>se,</strong></span> <span class='ocrx_word' id='word_1_763' title='bbox 2297 5197 2375 5251; x_wconf 93' lang='lat' dir='ltr'><strong>uti</strong></span> <span class='ocrx_word' id='word_1_764' title='bbox 2416 5197 2677 5262; x_wconf 84' lang='lat' dir='ltr'><strong>diximus,</strong></span> <span class='ocrx_word' id='word_1_765' title='bbox 2724 5197 2980 5266; x_wconf 87' lang='lat' dir='ltr'><strong>appellat.</strong></span> <span class='ocrx_word' id='word_1_766' title='bbox 3018 5197 3198 5266; x_wconf 83' lang='lat' dir='ltr'><strong>Atque</strong></span> <span class='ocrx_word' id='word_1_767' title='bbox 3226 5196 3314 5250; x_wconf 89' lang='lat' dir='ltr'><strong>hic</strong></span> <span class='ocrx_word' id='word_1_768' title='bbox 3351 5213 3478 5268; x_wconf 82' lang='lat' dir='ltr'><strong>pes-</strong></span> 
     </span>
    </p>
   </div>
   <div class='ocr_carea' id='block_1_107' title="bbox 1898 5287 3480 5364">
    <p class='ocr_par' dir='ltr' id='par_1_107' title="bbox 1898 5287 3480 5364">
     <span class='ocr_line' id='line_1_107' title="bbox 1898 5287 3480 5364; baseline -0.004 -15"><span class='ocrx_word' id='word_1_769' title='bbox 1898 5293 2094 5350; x_wconf 86' lang='lat' dir='ltr'><strong>simam</strong></span> <span class='ocrx_word' id='word_1_770' title='bbox 2132 5307 2325 5348; x_wconf 88' lang='lat' dir='ltr'><strong>rursus</strong></span> <span class='ocrx_word' id='word_1_771' title='bbox 2353 5301 2590 5364; x_wconf 86' lang='lat' dir='ltr'><strong>quatuor</strong></span> <span class='ocrx_word' id='word_1_772' title='bbox 2644 5290 2863 5344; x_wconf 92' lang='lat' dir='ltr'><strong>illorum</strong></span> <span class='ocrx_word' id='word_1_773' title='bbox 2903 5288 3184 5360; x_wconf 90' lang='lat' dir='ltr'><strong>Seythiani</strong></span> <span class='ocrx_word' id='word_1_774' title='bbox 3216 5287 3480 5344; x_wconf 89' lang='lat' dir='ltr'><strong>librorum</strong></span> 
     </span>
    </p>
   </div>
   <div class='ocr_carea' id='block_1_108' title="bbox 259 5445 1764 5572">
    <p class='ocr_par' dir='ltr' id='par_1_108' title="bbox 259 5445 1764 5572">
     <span class='ocr_line' id='line_1_108' title="bbox 259 5445 1762 5572; baseline -0.001 -68"><span class='ocrx_word' id='word_1_775' title='bbox 259 5451 370 5521; x_wconf 68' lang='lat' dir='ltr'><strong>(l4)</strong></span> <span class='ocrx_word' id='word_1_776' title='bbox 391 5452 774 5532; x_wconf 68' lang='grc' dir='ltr'><strong>Καίβίόλους</strong></span> <span class='ocrx_word' id='word_1_777' title='bbox 789 5449 1118 5531; x_wconf 59' lang='grc' dir='ltr'><strong>τέσσαρας.</strong></span> <span class='ocrx_word' id='word_1_778' title='bbox 1137 5447 1296 5572; x_wconf 50' lang='lat' dir='ltr'><strong>A‘pud</strong></span> <span class='ocrx_word' id='word_1_779' title='bbox 1314 5445 1540 5536; x_wconf 71' lang='lat' dir='ltr'><strong>Suidam</strong></span> <span class='ocrx_word' id='word_1_780' title='bbox 1555 5455 1762 5528; x_wconf 86' lang='lat' dir='ltr'><strong>quatuo</strong></span> 
     </span>
     <span class='ocr_line' id='line_1_109' title="bbox 259 5517 1764 5572; baseline 0 0"><span class='ocrx_word' id='word_1_781' title='bbox 259 5539 469 5572; x_wconf 61' lang='lat' dir='ltr'><strong>urorum</strong></span> <span class='ocrx_word' id='word_1_782' title='bbox 496 5533 734 5572; x_wconf 79' lang='lat' dir='ltr'><strong>istorum</strong></span> <span class='ocrx_word' id='word_1_783' title='bbox 753 5529 948 5572; x_wconf 89' lang='lat' dir='ltr'><strong>auctor</strong></span> <span class='ocrx_word' id='word_1_784' title='bbox 965 5521 1136 5572; x_wconf 79' lang='lat' dir='ltr'><strong>fuisse</strong></span> <span class='ocrx_word' id='word_1_785' title='bbox 1207 5528 1370 5572; x_wconf 84' lang='lat' dir='ltr'><strong>tcttur</strong></span> <span class='ocrx_word' id='word_1_786' title='bbox 1397 5517 1764 5572; x_wconf 84' lang='lat' dir='ltr'><strong>&#39;lcrebtnthus</strong></span> 
     </span>
    </p>
   </div>
   <div class='ocr_carea' id='block_1_109' title="bbox 1871 5445 3487 5572">
    <p class='ocr_par' dir='ltr' id='par_1_109' title="bbox 1891 5445 3487 5572">
     <span class='ocr_line' id='line_1_110' title="bbox 1891 5445 3487 5518; baseline -0.003 -15"><span class='ocrx_word' id='word_1_787' title='bbox 1891 5447 2052 5505; x_wconf 87' lang='lat' dir='ltr'><strong>mode</strong></span> <span class='ocrx_word' id='word_1_788' title='bbox 2100 5448 2246 5506; x_wconf 90' lang='lat' dir='ltr'><strong>istud</strong></span> <span class='ocrx_word' id='word_1_789' title='bbox 2290 5446 2669 5518; x_wconf 88' lang='lat' dir='ltr'><strong>accipiendum</strong></span> <span class='ocrx_word' id='word_1_790' title='bbox 2699 5455 2802 5511; x_wconf 88' lang='lat' dir='ltr'><strong>est,</strong></span> <span class='ocrx_word' id='word_1_791' title='bbox 2845 5456 2904 5502; x_wconf 91' lang='lat' dir='ltr'><strong>ut</strong></span> <span class='ocrx_word' id='word_1_792' title='bbox 2937 5445 3313 5518; x_wconf 88' lang='lat' dir='ltr'><strong>apostolorum</strong></span> <span class='ocrx_word' id='word_1_793' title='bbox 3348 5453 3487 5500; x_wconf 82' lang='lat' dir='ltr'><strong>tem~</strong></span> 
     </span>
     <span class='ocr_line' id='line_1_111' title="bbox 1892 5519 3487 5572; baseline -0.001 0"><span class='ocrx_word' id='word_1_794' title='bbox 1892 5534 2028 5572; x_wconf 87' lang='lat' dir='ltr'><strong>nora</strong></span> <span class='ocrx_word' id='word_1_795' title='bbox 2064 5529 2242 5572; x_wconf 88' lang='lat' dir='ltr'><strong>vocet.</strong></span> <span class='ocrx_word' id='word_1_796' title='bbox 2267 5535 2388 5572; x_wconf 63' lang='lat' dir='ltr'><strong>una;</strong></span> <span class='ocrx_word' id='word_1_797' title='bbox 2415 5519 2521 5572; x_wconf 90' lang='lat' dir='ltr'><strong>illis</strong></span> <span class='ocrx_word' id='word_1_798' title='bbox 2554 5519 2804 5572; x_wconf 75' lang='lat' dir='ltr'><strong>proxima</strong></span> <span class='ocrx_word' id='word_1_799' title='bbox 2835 5529 2989 5572; x_wconf 84' lang='lat' dir='ltr'><strong>sunt:</strong></span> <span class='ocrx_word' id='word_1_800' title='bbox 3027 5532 3151 5572; x_wconf 87' lang='lat' dir='ltr'><strong>nam</strong></span> <span class='ocrx_word' id='word_1_801' title='bbox 3185 5525 3243 5570; x_wconf 93' lang='lat' dir='ltr'><strong>ut</strong></span> <span class='ocrx_word' id='word_1_802' title='bbox 3263 5528 3487 5572; x_wconf 73' lang='lat' dir='ltr'><strong>aposto-</strong></span> 
     </span>
    </p>
   </div>
   <div class='ocr_carea' id='block_1_110' title="bbox 200 5517 1791 5583">
    <p class='ocr_par' dir='ltr' id='par_1_110' title="bbox 200 5517 1791 5583">
     <span class='ocr_line' id='line_1_112' title="bbox 200 5517 1791 5583; baseline -0.001 -7"><span class='ocrx_word' id='word_1_803' title='bbox 200 5517 469 5576; x_wconf 79' lang='lat' dir='ltr'><strong>lihrorum</strong></span> <span class='ocrx_word' id='word_1_804' title='bbox 496 5525 734 5578; x_wconf 86' lang='lat' dir='ltr'><strong>istorum</strong></span> <span class='ocrx_word' id='word_1_805' title='bbox 753 5529 948 5575; x_wconf 89' lang='lat' dir='ltr'><strong>auctor</strong></span> <span class='ocrx_word' id='word_1_806' title='bbox 965 5519 1136 5576; x_wconf 79' lang='lat' dir='ltr'><strong>fuisse</strong></span> <span class='ocrx_word' id='word_1_807' title='bbox 1166 5517 1370 5574; x_wconf 89' lang='lat' dir='ltr'><strong>dicitur</strong></span> <span class='ocrx_word' id='word_1_808' title='bbox 1397 5517 1791 5583; x_wconf 79' lang='lat' dir='ltr'><strong>&#39;l‘crebinthus,</strong></span> 
     </span>
    </p>
   </div>
   <div class='ocr_carea' id='block_1_111' title="bbox 199 5588 1791 5662">
    <p class='ocr_par' dir='ltr' id='par_1_111' title="bbox 199 5588 1791 5662">
     <span class='ocr_line' id='line_1_113' title="bbox 199 5588 1791 5662; baseline -0.001 -16"><span class='ocrx_word' id='word_1_809' title='bbox 199 5596 317 5646; x_wconf 75' lang='lat' dir='ltr'><strong>sive</strong></span> <span class='ocrx_word' id='word_1_810' title='bbox 350 5591 599 5657; x_wconf 75' lang='lat' dir='ltr'><strong>Buddas;</strong></span> <span class='ocrx_word' id='word_1_811' title='bbox 629 5606 866 5662; x_wconf 88' lang='lat' dir='ltr'><strong>quorum</strong></span> <span class='ocrx_word' id='word_1_812' title='bbox 892 5590 1058 5646; x_wconf 87' lang='lat' dir='ltr'><strong>etiam</strong></span> <span class='ocrx_word' id='word_1_813' title='bbox 1091 5588 1228 5644; x_wconf 92' lang='lat' dir='ltr'><strong>ordo</strong></span> <span class='ocrx_word' id='word_1_814' title='bbox 1265 5589 1427 5662; x_wconf 80' lang='lat' dir='ltr'><strong>aliter</strong></span> <span class='ocrx_word' id='word_1_815' title='bbox 1458 5589 1791 5662; x_wconf 76' lang='lat' dir='ltr'><strong>instituitur.</strong></span> 
     </span>
    </p>
   </div>
   <div class='ocr_carea' id='block_1_112' title="bbox 199 5658 1793 5734">
    <p class='ocr_par' dir='ltr' id='par_1_112' title="bbox 199 5658 1793 5734">
     <span class='ocr_line' id='line_1_114' title="bbox 199 5658 1793 5734; baseline -0.003 -16"><span class='ocrx_word' id='word_1_816' title='bbox 199 5663 339 5718; x_wconf 82' lang='lat' dir='ltr'><strong>Nam</strong></span> <span class='ocrx_word' id='word_1_817' title='bbox 365 5666 579 5734; x_wconf 87' lang='lat' dir='ltr'><strong>primus</strong></span> <span class='ocrx_word' id='word_1_818' title='bbox 609 5658 699 5718; x_wconf 68' lang='lat' dir='ltr'><strong>est</strong></span> <span class='ocrx_word' id='word_1_819' title='bbox 730 5658 1452 5734; x_wconf 28' lang='lat' dir='ltr'><strong>Mysteriortimasecundus</strong></span> <span class='ocrx_word' id='word_1_820' title='bbox 1483 5659 1793 5732; x_wconf 82' lang='lat' dir='ltr'><strong>Evangelii,</strong></span> 
     </span>
    </p>
   </div>
   <div class='ocr_carea' id='block_1_113' title="bbox 204 5729 1294 5812">
    <p class='ocr_par' dir='ltr' id='par_1_113' title="bbox 204 5729 1294 5812">
     <span class='ocr_line' id='line_1_115' title="bbox 204 5729 1294 5812; baseline -0.006 -23"><span class='ocrx_word' id='word_1_821' title='bbox 204 5729 404 5812; x_wconf 40' lang='lat' dir='ltr'><strong>tertiis</strong></span> <span class='ocrx_word' id='word_1_822' title='bbox 430 5734 694 5812; x_wconf 45' lang='lat' dir='ltr'><strong>{laesuri</strong></span> <span class='ocrx_word' id='word_1_823' title='bbox 713 5773 728 5793; x_wconf 88' lang='lat'><strong>,</strong></span> <span class='ocrx_word' id='word_1_824' title='bbox 765 5729 997 5812; x_wconf 73' lang='lat' dir='ltr'><strong>quartus</strong></span> <span class='ocrx_word' id='word_1_825' title='bbox 1021 5729 1294 5812; x_wconf 56' lang='lat' dir='ltr'><strong>Capitur».</strong></span> 
     </span>
    </p>
   </div>
   <div class='ocr_carea' id='block_1_114' title="bbox 277 5799 1794 5876">
    <p class='ocr_par' dir='ltr' id='par_1_114' title="bbox 277 5799 1794 5876">
     <span class='ocr_line' id='line_1_116' title="bbox 277 5799 1794 5876; baseline 0.001 -19"><span class='ocrx_word' id='word_1_826' title='bbox 277 5803 390 5871; x_wconf 77' lang='grc'><strong>(15)</strong></span> <span class='ocrx_word' id='word_1_827' title='bbox 427 5805 565 5876; x_wconf 74' lang='grc' dir='ltr'><strong>Περὶ</strong></span> <span class='ocrx_word' id='word_1_828' title='bbox 589 5804 732 5868; x_wconf 85' lang='grc' dir='ltr'><strong>τοὺς</strong></span> <span class='ocrx_word' id='word_1_829' title='bbox 765 5799 1025 5871; x_wconf 62' lang='grc' dir='ltr'><strong>χρόνους</strong></span> <span class='ocrx_word' id='word_1_830' title='bbox 1056 5799 1177 5856; x_wconf 83' lang='grc' dir='ltr'><strong>τῶν</strong></span> <span class='ocrx_word' id='word_1_831' title='bbox 1206 5800 1591 5873; x_wconf 65' lang='grc' dir='ltr'><strong>ἀποστόλων.</strong></span> <span class='ocrx_word' id='word_1_832' title='bbox 1627 5799 1794 5858; x_wconf 86' lang='lat' dir='ltr'><strong>Com-</strong></span> 
     </span>
    </p>
   </div>
   <div class='ocr_carea' id='block_1_115' title="bbox 1892 5519 3487 5590">
    <p class='ocr_par' dir='ltr' id='par_1_115' title="bbox 1892 5519 3487 5590">
     <span class='ocr_line' id='line_1_117' title="bbox 1892 5519 3487 5590; baseline -0.003 -16"><span class='ocrx_word' id='word_1_833' title='bbox 1892 5534 2028 5590; x_wconf 90' lang='lat' dir='ltr'><strong>pora</strong></span> <span class='ocrx_word' id='word_1_834' title='bbox 2064 5529 2242 5586; x_wconf 91' lang='lat' dir='ltr'><strong>vocet,</strong></span> <span class='ocrx_word' id='word_1_835' title='bbox 2267 5535 2388 5590; x_wconf 59' lang='lat' dir='ltr'><strong>quae</strong></span> <span class='ocrx_word' id='word_1_836' title='bbox 2415 5519 2521 5573; x_wconf 89' lang='lat' dir='ltr'><strong>illis</strong></span> <span class='ocrx_word' id='word_1_837' title='bbox 2554 5519 2804 5588; x_wconf 81' lang='lat' dir='ltr'><strong>proxima</strong></span> <span class='ocrx_word' id='word_1_838' title='bbox 2835 5529 2989 5585; x_wconf 86' lang='lat' dir='ltr'><strong>sunt;</strong></span> <span class='ocrx_word' id='word_1_839' title='bbox 3027 5532 3151 5572; x_wconf 87' lang='lat' dir='ltr'><strong>nam</strong></span> <span class='ocrx_word' id='word_1_840' title='bbox 3185 5525 3487 5590; x_wconf 44' lang='lat' dir='ltr'><strong>utapostof</strong></span> 
     </span>
    </p>
   </div>
   <div class='ocr_carea' id='block_1_116' title="bbox 1895 5587 3488 5661">
    <p class='ocr_par' dir='ltr' id='par_1_116' title="bbox 1895 5587 3488 5661">
     <span class='ocr_line' id='line_1_118' title="bbox 1895 5587 3488 5661; baseline -0.002 -17"><span class='ocrx_word' id='word_1_841' title='bbox 1895 5587 1980 5646; x_wconf 85' lang='lat' dir='ltr'><strong>los</strong></span> <span class='ocrx_word' id='word_1_842' title='bbox 2040 5591 2241 5645; x_wconf 88' lang='lat' dir='ltr'><strong>viderit</strong></span> <span class='ocrx_word' id='word_1_843' title='bbox 2292 5587 2654 5661; x_wconf 57' lang='lat' dir='ltr'><strong>&#39;Scytliianus,</strong></span> <span class='ocrx_word' id='word_1_844' title='bbox 2683 5605 3027 5661; x_wconf 77' lang='lat' dir='ltr'><strong>nequaquam</strong></span> <span class='ocrx_word' id='word_1_845' title='bbox 3092 5588 3359 5661; x_wconf 77' lang='lat' dir='ltr'><strong>procedit,</strong></span> <span class='ocrx_word' id='word_1_846' title='bbox 3409 5587 3488 5641; x_wconf 87' lang='lat' dir='ltr'><strong>uti</strong></span> 
     </span>
    </p>
   </div>
   <div class='ocr_carea' id='block_1_117' title="bbox 1896 5659 3489 5789">
    <p class='ocr_par' dir='ltr' id='par_1_117' title="bbox 1896 5659 3489 5789">
     <span class='ocr_line' id='line_1_119' title="bbox 1896 5659 3489 5789; baseline -0.003 -74"><span class='ocrx_word' id='word_1_847' title='bbox 1896 5668 2085 5789; x_wconf 56' lang='lat' dir='ltr'><strong>polstfa</strong></span> <span class='ocrx_word' id='word_1_848' title='bbox 2115 5659 2414 5729; x_wconf 84' lang='lat' dir='ltr'><strong>constabit,</strong></span> <span class='ocrx_word' id='word_1_849' title='bbox 2454 5677 2580 5717; x_wconf 91' lang='lat' dir='ltr'><strong>cum</strong></span> <span class='ocrx_word' id='word_1_850' title='bbox 2605 5663 2673 5717; x_wconf 92' lang='lat' dir='ltr'><strong>de</strong></span> <span class='ocrx_word' id='word_1_851' title='bbox 2698 5659 2986 5718; x_wconf 66' lang='lat' dir='ltr'><strong>Manichaei</strong></span> <span class='ocrx_word' id='word_1_852' title='bbox 3020 5667 3270 5730; x_wconf 89' lang='lat' dir='ltr'><strong>tempore</strong></span> <span class='ocrx_word' id='word_1_853' title='bbox 3293 5659 3489 5729; x_wconf 88' lang='lat' dir='ltr'><strong>dispn--</strong></span> 
     </span>
     <span class='ocr_line' id='line_1_120' title="bbox 1923 5747 2126 5789; baseline -0.005 -2"><span class='ocrx_word' id='word_1_854' title='bbox 1923 5747 1953 5787; x_wconf 91' lang='lat' dir='ltr'><strong>a</strong></span> <span class='ocrx_word' id='word_1_855' title='bbox 1995 5747 2126 5789; x_wconf 80' lang='lat' dir='ltr'><strong>iur.</strong></span> 
     </span>
    </p>
   </div>
  </div>
