3850 6204
414 289 485 347 35
1831 279 1888 337 S.
1930 275 2275 338 EPIPHANII
3626 276 3694 332 '56

413 417 481 458 ac
504 396 840 471 magicarum
879 402 1079 452 artium
1103 403 1158 452 et
1192 395 1594 468 praestigiarum
1632 394 1999 452 litereditatem

2111 397 2226 469 ἔσχε
2260 396 2436 468 κακὴν
2462 395 2713 466 διαδοχὴν
2741 392 3125 466 κληρονομίας,
3155 392 3221 447 τὰ
3244 393 3488 466 τέσσαρα
3514 394 3694 466 βιϐλία

414 492 573 549 adiit.
622 489 769 545 ldcm
811 490 957 545 cnim
1004 489 1310 543 litterarum
1354 488 1601 558 apprime
1641 488 1838 544 studiis
1877 495 1998 543 erat

2111 490 2193 544 τοῦ
2232 487 2532 543 Σκυθίανοῦ
2581 489 2676 541 καὶ
2721 487 2789 541 τὰ
2827 487 2926 557 τῆς
2975 487 3210 557 μαγείας
3260 486 3691 559 ἐπιτηδεύματα.

413 584 687 642 eruditus.
732 579 839 637 Sed
891 595 1016 635 cum
1065 580 1119 634 in
1170 577 1399 634 Perside
1429 585 1483 633 et
1512 578 1630 649 ipse
1670 579 1995 649 disputaret,

420 686 586 746 atque
613 672 755 744 apud
784 672 1003 727 viduam
1039 668 1334 741 quamdam
1382 668 1657 733 habitans,
1702 684 1827 723 cum
1863 667 1998 723 αιᾶί-

432 769 543 823 tuis
570 782 633 822 ac
685 763 1065 821 sacerdotibus
1114 761 1346 823 Mithrae.
1393 759 1449 813 in
1484 760 1787 830 primisque
1824 757 2000 813 Pareo

418 860 679 932 quodam,
726 874 790 915 ac
837 857 1091 912 Labdaco
1127 852 1428 926 prophetis,
1478 852 1546 907 de
1585 851 1744 922 621
1785 850 2001 906 duobus

417 949 706 1021 principiis
735 944 1113 1009 contenderet,
1152 958 1329 1013 neque
1354 942 1439 997 vel
1488 942 1815 997 idololatriae
1858 941 2003 995 anti-

419 1043 646 1097 stitibus
670 1041 928 1095 resistere
960 1044 1165 1109 posset,
1194 1035 1289 1091 sed
1315 1035 1383 1089 ab
1423 1034 1491 1090 iis
1523 1034 1840 1103 turpissime
1868 1047 2002 1086 con-

420 1135 601 1190 victus
642 1141 809 1195 esset,
853 1128 1159 1201 Scytliiani,
1215 1142 1376 1198 quem
1420 1124 1771 1197 sequebatur,
1816 1140 2003 1182 exem—

422 1228 511 1295 pio
553 1226 750 1281 domus
785 1221 1064 1292 fastigium
1104 1218 1503 1282 conscendens,
1549 1217 1734 1288 ibique
1773 1216 2003 1287 magicis

420 1318 631 1372 artibus
670 1316 721 1370 id
768 1315 977 1370 ellicere
1020 1304 1273 1376 studens,
1316 1326 1385 1366 ne
1414 1311 1539 1381 quis
1598 1309 1703 1364 sibi
1746 1309 2004 1378 deinceps

420 1408 794 1464 contradicere
827 1406 1070 1470 auderet,
1117 1404 1185 1458 ab
1243 1404 1435 1475 angelo
1484 1399 1734 1471 deiectus
1779 1399 2002 1465 cecidit,

421 1512 587 1573 atque
618 1500 689 1555 ob
724 1514 787 1555 ea
815 1515 936 1569 qum
964 1496 1292 1551 moliebatur
1323 1494 1589 1549 maleﬁcia
1630 1492 1809 1564 periit.
1849 1495 2004 1547 Anus

2098 576 2207 635 Ἦν
2234 581 2343 653 γὰρ
2386 581 2481 635 καὶ
2506 572 2663 643 οὗτος
2705 583 2764 633 ἐν
2805 578 3129 650 γράμμασιν
3161 577 3567 649 ἐπιμελέστατα
3601 570 3701 633 πεέ

2100 674 2480 745 παιδευμένος.
2530 674 2618 735 Ὧς
2649 671 2706 725 δὲ
2741 672 2834 725 καὶ
2865 672 3028 735 αὐτὸς
3054 710 3069 735 ,
3102 670 3489 742 διαλεγόμενος
3525 674 3584 725 ἐν

2101 764 2328 835 Περσῶν
2368 763 2552 835 χώρα,
2590 762 2886 832 καταχθεὶς
2931 761 3067 832 πρὸς
3104 760 3282 834 γραῦν
3329 778 3451 814 τινα
3494 762 3692 831 χήραν,

2102 857 2196 910 καὶ
2242 856 2356 919 τοῖς
2398 855 2492 909 τοῦ
2558 855 2743 926 Μίθρα
2784 854 3077 924 νεωκόροις
3109 871 3167 906 τε
3218 852 3315 906 καὶ⁵
3356 851 3563 924 ἱερεῦσι
3601 852 3695 906 τοῦ

2101 946 2344 1015 εἰδώλου,
2388 948 2645 1019 προφήτῃ
2682 945 2790 999 τινὶ
2833 945 3039 1018 Πάρκῳ
3078 945 3173 1000 καὶ
3217 945 3480 1015 Λαϐδάκῳ
3539 943 3698 1014 συζη-

2102 1041 2274 1112 τήσας
2309 1040 2576 1111 περὶτῶν
2623 1038 2717 1093 δύο
2756 1038 2965 1110 ἀρχῶν,
3014 1039 3110 1092 καί
3144 1038 3221 1109 μὴ
3258 1037 3509 1109 δυνηθεὶς
3561 1038 3693 1108 μήτε

2104 1128 2207 1185 κᾶν
2248 1129 2385 1201 πρὸς
2431 1131 2561 1194 τοὺς
2599 1129 2699 1201 τῆς
2742 1128 3187 1200 εἰδωλολατρείας
3236 1129 3531 1201 πρυτάνεις
3579 1128 3695 1181 δια-

2102 1220 2359 1293 λεχθῆναι
2385 1260 2401 1284 ,
2454 1220 2570 1274 ἀλλ’
2620 1219 2832 1291 ἐλέγχῳ
2865 1220 3148 1284 καταστάς
3178 1222 3310 1292 παρ’
3355 1222 3561 1285 αὐτῶν,
3602 1219 3696 1275 καὶ

2104 1307 2293 1381 αἶσχος
2339 1310 2823 1383 ἀπενεγκάμενος,
2870 1310 3133 1374 ὡσαύτως
3180 1310 3259 1382 τῷ
3314 1310 3697 1383 προειρημένῳ

2105 1401 2390 1474 Σκυθιανῷ
2414 1403 2485 1456 τὰ
2517 1404 2679 1475 ὃμοια
2714 1404 3013 1475 φρονήσας,
3039 1402 3129 1455 ἐπὶ
3158 1402 3219 1455 τὸ
3244 1403 3518 1474 δωμάτιον
3550 1403 3697 1457 ἀνελ-

2106 1493 2238 1561 θὼν,
2269 1493 2530 1565 μαγεύειν
2558 1512 2611 1548 τι
2636 1494 2797 1566 δῆθεν
2837 1494 2975 1567 πρὸς
3008 1494 3070 1547 τὸ
3107 1496 3181 1567 μή
3215 1512 3336 1549 τινα
3368 1493 3521 1566 αύτῷ
3550 1496 3705 1548 ἀντι»

421 1609 610 1664 porro,
644 1590 859 1660 sepulto
890 1590 1038 1645 illius
1064 1602 1319 1658 corpore,
1354 1585 1642 1656 pecuniam
1666 1600 1880 1641 omnem
1906 1585 2003 1640 ob-

2111 1586 2285 1655 λέγειν
2327 1586 2722 1657 ἐπιτηδεύσας,
2772 1587 2876 1641 ὑπὸ
2937 1588 3173 1657 ἀγγέλου
3231 1588 3525 1659 καταχθεὶς
3566 1606 3695 1645 κατ·

421 1682 611 1737 tinuit.
668 1681 801 1747 Qua:
853 1678 1075 1751 quidem
1122 1692 1248 1732 cum
1297 1677 1503 1732 liberos
1559 1691 1625 1731 ac
1668 1675 2003 1746 propinquos

2111 1678 2296 1745 έπεσε,
2330 1679 2428 1734 καὶ
2460 1678 2636 1744 οὕτως
2663 1679 2896 1752 τέθνηκε
2923 1680 2991 1733 δι’
3027 1681 3093 1751 ἢν
3123 1679 3383 1751 ήϐούλετο
3411 1681 3694 1754 ἐπιχειρῆ-

423 1775 652 1829 haberet
707 1772 910 1837 nullos,
986 1769 1080 1823 diu
1135 1768 1190 1822 in
1260 1768 1355 1823 illo
1414 1775 1561 1823 statu
1612 1767 2000 1837 perseveravit.

2111 1787 2200 1825 σαι
2236 1771 2502 1842 μαντικὴν
2532 1772 2836 1844 ἐνέργειαν.
2884 1773 2949 1826 Ἡ
2988 1772 3047 1827 δέ
3080 1773 3275 1845 γραῦς,
3308 1775 3695 1845 περιστείλασα

421 1863 663 1919 Tandem
689 1878 818 1918 vero
847 1860 1166 1926 Cubricum,
1207 1859 1300 1930 qui
1347 1867 1401 1915 et
1438 1858 1625 1914 Manes
1668 1857 1849 1915 dictus
1895 1866 1998 1925 est,

2111 1861 2296 1916 τούτου
2330 1862 2390 1916 τὸ
2432 1863 2610 1934 σῶμα,
2652 1862 2761 1917 τῶν
2808 1864 3107 1935 χρημάτων
3150 1864 3317 1918 αὐτοῦ
3371 1867 3429 1919 ἐν
3476 1865 3693 1930 καθέξει

420 1956 489 2011 ad
523 1955 786 2024 obsequia
830 1951 1116 2007 famularia
1166 1965 1387 2007 servum
1446 1950 1692 2011 coemit‘:
1744 1950 1832 2004 cui
1886 1964 2003 2004 mo-

2111 1955 2427 2025 γεγένηται·
2483 1956 2580 2009 καὶ¹
2621 1955 2697 2027 μὴ
2748 1954 2951 2027 ἔχουσα
2992 1955 3192 2023 παῖδα,
3242 1956 3379 2027 μηδέ
3427 1973 3553 2009 τινα
3590 1955 3694 2008 τῶν

420 2048 569 2102 riens
595 2045 791 2099 malam
824 2044 970 2097 illam
998 2042 1371 2097 hzereditatem
1408 2040 1634 2111 perinde
1663 2049 1826 2111 atque
1854 2041 2003 2111 aspi-

2111 2044 2486 2117 Βιαφερόντων,
2519 2045 2702 2117 ἔμεινε
2732 2047 2915 2119 πολλῷ
2956 2046 3035 2118 τῷ
3070 2047 3247 2119 χρόνῳ
3280 2046 3473 2111 οἰτως.
3503 2048 3698 2101 ’Ύστε-

421 2140 507 2195 dis
533 2139 704 2204 virus,
731 2136 1026 2191 multorum
1053 2134 1122 2189 ad
1153 2134 1433 2190 interitum
1471 2147 1536 2187 ac
1569 2132 1868 2203 perniciem
1910 2147 2001 2187 re-

2111 2151 2193 2205 ρον
2241 2134 2297 2187 δὲ
2341 2134 2709 2207 προσελάϐετο
2755 2136 3037 2209 πριαμένη
3097 2136 3189 2190 τὸν
3228 2136 3563 2209 Κούϐρικον,
3610 2136 3696 2189 τὸν

422 2231 604 2301 liquit.
2098 2226 2193 2279 καὶ
2220 2227 2431 2297 Μάνην,
2479 2228 2646 2300 ἑαυτῇ
2680 2228 2817 2300 πρὸς
2854 2230 3158 2302 ὑπηρεσίαν
3181 2248 3194 2261 ·
3241 2230 3339 2283 καὶ
3386 2229 3696 2284 τελευτῶσα

420 2323 712 2377 κατέλιπεν
726 2318 873 2391 αὐτῷ
889 2319 956 2373 τὰ
977 2318 1079 2389 τῆς
1096 2317 1271 2389 κακῆς
1288 2316 1671 2389 κληρονομίας,
1688 2317 1763 2380 ὡς
1794 2317 1871 2369 ίδν
1887 2316 1994 2369 ἀπὸ
2013 2317 2240 2383 ἀσπίδος
2267 2320 2700 2391 καταλειφθέντα
2714 2324 2794 2386 εἰς
2814 2322 3025 2376 πολλῶν
3044 2322 3249 2395 φθορὰν
3282 2323 3374 2378 καὶ
3401 2322 3691 2378 ἀπώλειαν.

494 2414 582 2471 lV.
642 2417 830 2484 Itaque
880 2412 1172 2477 Cubricus,
1234 2411 1327 2482 qui
1383 2426 1442 2467 se
1500 2410 1713 2465 Manem
1764 2411 2003 2477 vocavit,

2184 2418 2257 2466 A'.
2287 2412 2456 2467 Πάλιν
2515 2409 2608 2469 οὖν
2647 2413 2991 2485 Κούϐρικος,
3047 2416 3076 2468 6
3118 2414 3312 2468 ἑαυτὸν
3354 2414 3696 2487 ἐπονομάσας

422 2507 568 2560 inter
613 2503 832 2569 Persas,
882 2501 1025 2574 apud
1065 2516 1207 2575 quos
1234 2501 1492 2572 degebat,
1530 2499 1817 2571 disputare
1848 2499 2003 2554 insti-

2114 2503 2331 2576 Μάνην,
2367 2506 2425 2557 ἐν
2447 2504 2629 2570 αὐτοῖς
2668 2505 2843 2577 διῆγε,
2869 2506 2964 2559 καὶ
2993 2507 3051 2559 ἐν
3072 2504 3255 2570 αὐτοῖς
3277 2505 3563 2576 διελέγετο.
3592 2506 3696 2561 Καὶ

423 2599 549 2652 ιυίι.
599 2595 798 2652 Verum
852 2610 977 2650 cum
1036 2594 1239 2649 nemini
1292 2592 1554 2663 dogmata
1594 2606 1693 2647 sua
1724 2592 2003 2663 probaret,

2114 2595 2191 2660 ὡς
2224 2597 2396 2661 οὐδεὶς
2421 2597 2571 2668 αὑτῷ
2600 2596 2870 2665 ἐπείθετο,
2907 2596 3045 2651 ἀλλά
3078 2596 3368 2662 ἀκούοντες
3393 2597 3694 2668 Μανιχαίου

434 2690 529 2746 sed
565 2688 878 2762 quicunque
912 2687 1215 2741 doctrinam
1253 2684 1401 2739 illius
1432 2684 1747 2747 audiebant,
1776 2684 2003 2739 moleste

2119 2690 2503 2755 διδασκαλίαν,
2564 2692 2896 2762 ἐδυσφόρουν
2948 2692 3071 2762 μὲν,
3129 2692 3223 2745 καὶ
3262 2691 3697 2756 ἐξενολεκτςῦντο

424 2778 652 2844 ferrent,
696 2794 760 2834 ac
805 2778 1047 2834 novitate
1090 2778 1207 2848 ipsa
1250 2777 1647 2847 horrendisque
1692 2776 1801 2832 illis
1848 2783 1903 2832 et
1936 2775 2003 2831 ad

2112 2784 2315 2847 πάντες
2346 2784 2439 2837 ἐπὶ
2474 2786 2542 2855 τῇ
2591 2782 2914 2855 καινοτομίᾳ
2946 2783 3040 2836 καὶ
3077 2783 3222 2856 δεινῇ
3254 2782 3568 2855 μυθοποιίᾳ,
3607 2785 3697 2838 καὶ

422 2868 806 2940 decipiendum
850 2866 1172 2937 compositis
1210 2865 1411 2921 fabulis
1456 2880 1522 2920 ac
1571 2864 1803 2920 vocibus
1838 2864 2003 2920 vehe-

2113 2877 2243 2946 κενῇ
2300 2875 2508 2947 ἀπάτῃ,
2564 2876 2593 2928 6
2633 2874 2690 2927 δὲ
2740 2873 2882 2946 ὁρῶν
2911 2872 2981 2927 τὰ
3021 2874 3128 2927 ἴδια
3158 2873 3257 2945 τῆς
3286 2874 3698 2945 κακομηχανίας

423 2971 638 3018 menter
687 2960 1174 3030 obstupescerent,
1225 2972 1462 3029 cumque
1495 2972 1691 3013 omnes
1714 2957 1829 3024 ille,
1864 2972 2003 3027 quos

2111 2966 2525 3039 άνατρεπόμενα
2575 2966 2685 3021 τῶν
2719 2965 2893 3035 λόγων
2924 2965 3246 3038 συνθήματα
3272 2982 3285 2997 ο
3314 2965 3414 3037 τὴν
3452 2965 3697 3019 διάνοιαν

422 3054 492 3109 de
523 3052 691 3123 impio
714 3058 1028 3106 commento
1065 3064 1353 3105 sermones
1383 3048 1641 3115 habebat,
1663 3046 1833 3103 relelli
1855 3062 2010 3103 ever-

426 3144 578 3214 tique
624 3149 910 3210 cerneret;
954 3142 1303 3197 occasionem
1332 3140 1625 3211 quamdam
1657 3139 2007 3211 excogitavit,

424 3252 524 3307 per
547 3250 711 3306 quam
744 3234 1083 3289 inanissimis
1110 3234 1217 3289 illis
1267 3240 1322 3287 et
1348 3232 1415 3286 ad
1444 3239 1722 3301 stuporem
1744 3230 1999 3286 confictis

427 3328 628 3383 fabulis
659 3327 1045 3382 auctoritatem
1086 3325 1405 3379 ascisceret.
1441 3323 1577 3379 Cum
1608 3321 1752 3378 enim
1789 3335 2009 3392 percre-

424 3419 657 3484 buisset,
702 3418 996 3474 Persarum
1043 3418 1188 3489 regis
1223 3416 1393 3471 lilium
1420 3415 1655 3486 quadam
1685 3414 2009 3486 aegritudine

420 3520 736 3583 correptum
798 3511 854 3565 in
910 3509 1057 3581 regia
1125 3507 1418 3564 Persarum
1481 3509 1616 3563 urbe
1681 3507 2010 3563 decumbere

426 3608 632 3677 (neque
658 3605 803 3658 enim
850 3602 1037 3657 Manes
1079 3601 1190 3657 illic
1219 3601 1468 3672 degebat,
1501 3601 1595 3655 sed
1627 3601 1736 3654 alio
1769 3599 2007 3669 quodam

426 3695 481 3749 iu
506 3695 627 3749 loco
662 3695 729 3748 ab
762 3694 902 3765 regis
940 3692 1065 3746 aula
1099 3692 1335 3763 dissito),
1362 3697 1671 3747 exczcante
1714 3690 1865 3743 illum
1901 3689 2007 3742 im-

424 3787 699 3857 probitate
740 3802 861 3850 sua,
919 3792 1072 3840 ratus
1122 3800 1176 3839 in
1227 3784 1345 3839 heri
1397 3785 1482 3840 sui
1534 3782 1845 3847 Terbinthi,
1889 3781 2007 3836 sive

425 3875 649 3941 Buddaa,
681 3876 777 3947 qui
805 3884 861 3932 et
896 3872 1183 3946 Scythiani
1213 3874 1387 3930 haeres
1416 3874 1618 3938 fuerat,
1655 3872 1811 3928 libris
1844 3886 2008 3942 posse

425 3984 487 4025 se
544 3968 609 4024 ad
661 3968 965 4024 sanandum
1021 3968 1167 4040 regis
1222 3968 1392 4022 lilium
1452 3966 1695 4022 remedia
1755 3965 2007 4035 quaedam

428 4062 695 4126 invenire,
727 4076 792 4116 ex
823 4062 956 4117 urbe
999 4076 1098 4117 sua
1144 4060 1423 4130 digressus
1453 4057 1521 4113 ad
1546 4060 1747 4129 regiam
1776 4066 2008 4112 conten-

425 4154 508 4209 dit
529 4198 542 4218 ,
580 4171 643 4208 ac
676 4170 941 4225 quorsum
965 4154 1203 4209 venisset
1234 4153 1508 4223 aperiens,
1538 4159 1745 4208 certam
1784 4151 1893 4205 lilio
1923 4166 2007 4206 re—

426 4247 511 4316 gis
537 4261 696 4316 opem
748 4244 1038 4315 promittit.
1086 4242 1192 4298 Sed
1229 4258 1355 4314 spes
1404 4243 1758 4312 impostorem
1792 4240 2002 4296 fel'ellit.

425 4336 559 4391 Nam
601 4352 725 4392 cum
754 4352 901 4406 aegro
934 4336 1330 4390 medicamenta
1364 4336 1611 4406 quaedam
1638 4333 2001 4397 adhibuisset,
2040 4323 2082 4377 Ι)

427 4430 841 4499 exspectatione
894 4443 993 4482 sua
1047 4427 1345 4481 frustratus
1398 4428 1696 4482 cst:adeo
1749 4434 1807 4480 ut
1860 4426 2005 4481 inter

428 4521 575 4574 illius
607 4536 800 4574 manus
830 4521 1150 4574 adolescens
1185 4528 1463 4588 postremo
1492 4519 1563 4574 sit
1594 4527 1865 4585 mortuus,
1896 4534 2006 4588 quo

426 4628 566 4665 vana
603 4613 775 4680 ipsius
806 4625 869 4664 ac
897 4610 1177 4666 mendacia
1206 4611 1475 4680 promissa
1524 4610 2002 4664 convincerentur.

428 4703 553 4757 11.υο
612 4720 735 4757 cum
794 4703 869 4756 ita
921 4703 1307 4773 contigissent,
1346 4703 1509 4774 622
1538 4702 1698 4771 jussu
1756 4703 1896 4772 regis
1949 4701 2001 4753 in

425 4799 644 4852 vincula
674 4796 991 4865 conjicitur.
1024 4795 1209 4865 Neque
1238 4796 1383 4850 enim
1422 4795 1711 4865 Persarum
1750 4809 1906 4862 reges
1948 4792 2004 4846 in

424 4889 695 4960 gravioris
727 4887 911 4941 delicti
943 4901 1066 4940 reos
1101 4886 1335 4941 subinde
1370 4884 1638 4955 supplicia
1670 4884 2003 4949 decernunt;

424 4983 518 5036 sed
565 4978 910 5051 quuisitiori
955 4979 1191 5048 quodam
1229 4978 1421 5032 mortis
1450 4977 1758 5047 excogitato
1782 4989 2003 5046 genere,

426 5071 716 5125 tormentis
767 5070 919 5141 prius
964 5070 1085 5126 illos
1122 5086 1186 5124 ac
1225 5070 1511 5140 quaestioni
1547 5068 1869 5138 subjiciunt.
1902 5065 2004 5130 llic

428 5164 591 5233 igitur
621 5164 837 5218 illorum
866 5178 984 5218 mos
1011 5170 1115 5218 est.

496 5335 563 5391 V.
600 5337 667 5390 At
722 5336 925 5401 Manes,
953 5338 1067 5409 sive
1102 5335 1393 5399 Cubricus,
1440 5335 1660 5391 interim
1689 5336 1742 5390 in
1775 5351 2001 5392 carcere

426 5430 793 5507 detineliatur,
845 5430 936 5483 ubi
972 5430 1122 5483 illum
1150 5428 1402 5498 discipuli
1432 5428 1553 5498 ejus
1584 5428 1879 5485 identidem
1915 5431 2001 5484 in-

426 5520 693 5575 visebant.
744 5519 863 5574 Jam
917 5522 1060 5575 enim
1112 5535 1289 5585 suam,
1344 5526 1403 5573 ut
1439 5520 1511 5573 ita
1538 5518 1740 5588 dicam,
1775 5536 1994 5576 manum

500 5677 517 5709 ¹
546 5674 673 5731 For.
705 5677 947 5732 δύναται.
1026 5679 1046 5708 ²
1085 5675 1210 5730 For.
1246 5675 1338 5729 καὶ
1365 5675 1528 5732 ἀτοπ.

2114 3057 2427 3127 κεπφωθείς
2477 3056 2690 3111 ἐπενόει
2740 3056 2919 3128 ἐαυτῷ
2963 3056 3235 3128 πρόφασίν
3267 3073 3407 3121 τινα,
3443 3057 3512 3111 δι’
3541 3054 3609 3129 ἧς
3639 3058 3697 3111 τὸ

2116 3148 2248 3203 ῐδιον
2280 3148 2665 3220 πλασματικῆς
2697 3148 3116 3219 δεινοποιήσεως
3152 3146 3357 3219 ταύτης
3388 3148 3694 3218 συστήσειε.

2114 3240 2226 3295 Καὶ
2257 3240 2445 3311 φήμης
2482 3239 2841 3311 διαδοθείσης,
2888 3239 2965 3303 ὡς
3002 3241 3031 3293 6
3071 3239 3189 3303 υίὸς
3216 3239 3308 3293 τοῦ
3337 3238 3445 3292 τῶν
3474 3239 3696 3311 Περσῶν

2116 3332 2382 3404 βασιλέως
2405 3331 2684 3405 ἀλγήματι
2708 3348 2812 3385 τινι
2856 3320 3268 3402 περιπέπτωκε,
3298 3332 3391 3385 καὶ
3416 3330 3696 3385 κατέκειτο

2115 3426 2173 3478 ἐν
2199 3427 2266 3497 τῇ
2303 3424 2660 3498 βασιλευούσῃ
2691 3423 2948 3493 Περσίδος
2988 3423 3139 3477 πόλει
3181 3421 3262 3494 (οὐ
3315 3421 3425 3495 γὰρ
3466 3424 3640 3475 ἐκεῖσε
3664 3424 3695 3474 6

2114 3515 2307 3585 Μάνης
2344 3513 2635 3586 διέτριϐεν,
2666 3512 2805 3567 ἀλλὰ
2842 3511 2978 3582 άλλη
3021 3528 3123 3565 που
3151 3510 3259 3565 ἀπὸ
3284 3508 3569 3581 πόρρωθεν
3602 3508 3695 3579 τῆς

2113 3602 2207 3658 τοῦ
2270 3602 2582 3673 βασιλέως)’
2636 3601 2742 3655 ὑπὸ
2783 3603 2881 3673 τῆς
2921 3601 3058 3665 ἰδίας
3106 3600 3305 3664 κακίας
3347 3598 3692 3668 τυφλώττων,

2113 3695 2206 3750 καὶ
2232 3695 2461 3766 νομίσας
2506 3695 2579 3765 μή
2624 3711 2712 3748 πω
2740 3695 2832 3764 ἀφ’
2864 3687 2940 3748 ὧν
2980 3688 3106 3764 εὗρε
3138 3692 3357 3763 βιϐλίων
3381 3691 3477 3745 τοῦ
3506 3688 3693 3744 ἐαυτοῦ

2111 3788 2373 3842 δεσπότου
2400 3787 2717 3858 Τερϐίνθου,
2751 3786 2847 3841 τοῦ
2878 3787 2973 3842 καὶ
3000 3786 3221 3850 Βουδδᾶ,
3256 3786 3498 3857 διαδόχου
3527 3784 3581 3837 δέ
3602 3782 3691 3837 τοῦ

2114 3877 2451 3944 Σκυθιανοῦ,
2506 3877 2767 3931 δύνασθαί
2808 3880 2823 3909 ¹
2876 3895 2995 3931 τινα
3035 3878 3239 3949 ἰάματα
3278 3876 3572 3947 ἐνεργῆσαι
3616 3875 3693 3936 εἰς

2112 3971 2204 4027 τὸν
2232 3971 2326 4025 τοῦ
2367 3969 2631 4042 βασιλέως
2667 3970 2802 4033 υἱὸν,
2839 3968 3065 4039 ἀπαίρει
3107 3969 3172 4021 ἐκ
3212 3966 3308 4020 τοῦ
3346 3965 3480 4019 ἰδίου
3509 3966 3689 4027 τόπου,

2113 4064 2209 4118 καὶ
2229 4064 2394 4135 ὁρμᾷ,
2425 4064 2518 4117 καὶ
2535 4062 2812 4133 τολμήσας
2845 4060 3039 4132 μηνύει
3066 4059 3134 4113 τὰ
3168 4058 3297 4131 περὶ
3319 4057 3537 4121 ἑαυτοῦ,
3555 4057 3692 4126 ὠφεο

2112 4154 2225 4209 λεῖν
2263 4154 2749 4225 ἐπαγγελλόμενος,
2803 4152 3013 4207 ’Λλλόΰ
3049 4149 3405 4223 προεχώρησε
3439 4149 3518 4221 τῷ
3544 4150 3690 4221 γόητι

2113 4248 2148 4318 ἡ
2208 4248 2308 4319 τῆς
2359 4247 2573 4310 ἐλπίδος
2621 4246 2913 4316 φαντασία.
2978 4244 3259 4317 Ἤμϐροτε
3314 4244 3425 4315 γὰρ
3465 4243 3573 4298 ἀπὸ
3597 4244 3691 4312 τῆς

2111 4339 2442 4411 καραδοκίας
2477 4339 2601 4392 τινὰ
2634 4338 2748 4409 είδη
2778 4337 3232 4409 φαρμακευτικῆς
3264 4336 3599 4406 προενέγκας
3620 4335 3690 4405 τῷ

2112 4427 2524 4500 νοσηλευομένῳ
2583 4426 2735 4480 παιδὶ
2778 4425 2874 4479 τοῦ
2928 4423 3211 4494 βασιλέως.
3246 4422 3411 4485 Τέλος
3453 4420 3584 4490 γοῦν
3620 4421 3691 4483 εἰς

2113 4516 2210 4580 τὰς
2234 4521 2421 4589 χεῖρας
2445 4517 2610 4571 αὑτοῦ
2644 4517 2868 4587 θνήσκει
2896 4516 2955 4569 τὺ
2975 4516 3281 4586 μειράκιον,
3319 4513 3407 4565 ἵνα
3426 4512 3603 4566 πάντα
3627 4511 3688 4563 τὰ

2117 4609 2254 4682 μετά
2294 4609 2388 4660 τοῦ
2421 4607 2647 4677 ψεύδους
2669 4604 3011 4676 διελέγχηται
3045 4605 3248 4676 μάταια
3282 4602 3685 4673 ἐπαγγέλματα.

2124 4703 2213 4766 Ὠς
2244 4702 2301 4755 δὲ
2328 4698 2486 4755 τοῦτο
2515 4698 2707 4761 »οὕτως
2758 4697 2960 4768 ἀπέϐη,
3006 4696 3389 4768 προστάγματι
3435 4692 3689 4765 βασιλικῷ

2110 4794 2438 4867 ἐμϐάλλεται
2468 4794 2547 4855 εἰς
2573 4792 2634 4844 τὸ
2662 4791 3054 4861 δεσμωτήριον.
3085 4789 3161 4842 Οὐ
3184 4788 3293 4861 γὰρ
3327 4787 3490 4851 εὐθὺς
3515 4789 3565 4840 οἰ
3591 4786 3687 4839 τῶν

2108 4884 2336 4958 Περσῶν
2365 4883 2607 4954 βασιλεῖς
2631 4882 2729 4946 τὰς
2748 4882 3021 4953 τιμωρίας
3051 4880 3191 4935 κατά
3216 4879 3323 4933 τῶν
3349 4878 3447 4944 τὰς
3478 4878 3688 4950 μείζους

2108 4979 2309 5042 αἰτίας,
2333 4976 2441 5029 τῶν
2468 4977 2642 5046 ἁτοπή
2652 4992 2796 5046 ματα
2833 4975 2853 5005 ⁸
2885 4974 3135 5047 δρώντων
3149 4973 3503 5044 ἐπιφέρουσιν
3524 4992 3537 5005 ·
3562 4971 3689 5027 ἀλλὰ

2107 5068 2500 5141 περιττοτέραν
2544 5068 2667 5121 τινὰ
2693 5065 2968 5120 ἐπινοοῦσι
3009 5065 3303 5137 θανατικὴν
3338 5066 3519 5136 ψῆφον
3559 5064 3686 5137 μετὰ

2112 5160 2358 5231 βασάνων
2421 5161 2548 5224 τοὺς
2604 5158 3100 5230 ἐπαπειλουμένους
3178 5156 3535 5211 διατίθεσθαι.
3584 5158 3686 5211 Καὶ

2108 5250 2281 5305 ταῦτα
2314 5251 2412 5321 μὲν
2439 5249 2631 5313 οὕτως.

2182 5341 2257 5413 E'.
2294 5339 2559 5409 Ἐπέμενέ
2616 5357 2672 5392 τε
2708 5342 2773 5409 τῇ
2816 5339 3006 5409 εἱρκτῇ
3045 5336 3304 5389 διατελῶν
3347 5337 3376 5388 ὁ
3423 5336 3629 5407 Μάνης,
3656 5334 3685 5385 ὁ

2107 5434 2201 5487 καὶ
2228 5431 2555 5504 Κούϐρικος,
2604 5433 2698 5485 καὶ
2723 5432 2828 5485 ὑπὸ
2866 5430 2975 5484 τῶν
3008 5430 3151 5485 ἰδίων
3186 5428 3445 5502 μαθητῶν
3473 5431 3685 5484 ἐπισκε-

2104 5522 2392 5593 πτόμενος.
2454 5522 2590 5594 Ἤδη
2636 5523 2742 5594 γὰρ
2782 5523 3081 5593 όάγύρτης
3141 5521 3475 5592 συναγήοχεν
3519 5518 3684 5587 ἐαυτῷ
