3850 6204
217 321 281 380 37
847 311 1223 373 ADVERSUS
1259 309 1602 370 HERESES
1635 310 1766 369 LIB.
1802 311 1870 370 ll.
1909 308 2078 370 TOM.
2118 301 2196 364 Ἱι.
2231 341 2291 354 -—
2332 309 2607 366 IMSRES.
2651 307 2834 365 LXVI.
3414 309 3488 369 38

210 455 465 531 ρτρατδν,
517 456 596 521 ὡς

213 547 444 622 ἀριθμὸν
495 547 597 619 ἢδη
661 547 793 619 περὶ
847 544 942 600 δύο
993 546 1090 600 καὶ
1133 546 1356 599 εἴκοσιν.
1413 542 1502 610 Ἐξ
1541 537 1618 598 ὧν
1647 539 1802 608 τινας

212 641 362 710 τρεῖς
413 637 797 710 ἐκλεξάμενος,
845 636 1050 708 Θωμᾶν
1091 653 1215 690 τινα
1248 634 1393 689 οὕτω
1441 634 1798 707 καλούμενον,

214 729 311 785 καὶ
349 729 636 802 Ἑρμείαν,
686 729 781 784 καὶ
817 729 1050 794 ’Δδδαν,
1095 726 1344 800 διενοήθη
1382 726 1637 800 ἀκηκοὼς
1673 726 1801 799 περὶ

212 820 322 876 τῶν
345 821 488 876 κατά
519 821 619 890 τὴν
660 819 917 874 Ἰουδαίαν
955 819 1052 874 καὶ
1095 819 1152 873 ἐν
1179 817 1286 889 ὅλῳ
1314 816 1394 888 τῷ
1423 818 1612 889 κόσμῳ
1639 816 1801 887 ίερῶν

215 911 440 983 βιϐλίων
466 955 481 979 ,
516 911 661 984 φημὶ
703 911 762 966 δὲ
799 909 1223 983 Χριστιανικῶν,
1262 909 1427 980 νόμου
1455 925 1517 962 τε
1549 909 1644 962 καὶ
1669 925 1803 979 προ-

211 1001 424 1074 φητῶν,
467 999 840 1069 Εὐαγγελίων,
895 1001 991 1054 καὶ
1051 999 1386 1055 ἀποστόλων.
1437 997 1574 1060 Δοὺς
1620 997 1800 1051 τοίνυν

212 1094 442 1167 χρυσίον
466 1097 579 1157 τοῖς
605 1093 1045 1166 προειρημένοις,
1085 1093 1180 1146 ἐπὶ
1209 1093 1278 1146 τά
1313 1092 1457 1164 μέρη
1489 1090 1601 1144 τῶν
1639 1090 1802 1162 Ἱερο-

213 1185 467 1258 σολύμων
489 1185 795 1241 ἀπέστειλε.
819 1186 993 1240 Τοῦτο
1019 1185 1077 1239 δὲ
1109 1184 1334 1261 ἐποίησε
1369 1183 1536 1256 πρινὴ
1576 1183 1801 1255 καθειρ-

211 1276 415 1348 χθῆναι
472 1277 530 1331 ἐν
576 1279 644 1349 τῇ
685 1277 924 1349 φυλακῇ,
953 1277 1040 1331 ὅτε
1079 1276 1462 1348 διαλεγόμενος
1486 1275 1702 1338 πολλοῖς
1739 1274 1800 1328 τὸ

213 1368 349 1420 ἴδιον
375 1367 553 1438 δόγμα
575 1369 676 1422 οὐκ
707 1369 896 1439 ἴσχυσε
938 1369 1223 1439 συστῆσαι.
1272 1366 1550 1439 Ἀκηκοὼς
1587 1367 1643 1420 δὲ
1673 1366 1802 1436 περὶ

207 1457 478 1527 ὀνόματος
513 1457 749 1528 Χριστοῦ
781 1459 872 1512 καὶ
896 1457 1004 1512 τῶν
1030 1458 1192 1512 αὐτοῦ
1215 1456 1436 1521 δούλων,
1460 1457 1802 1528 Χριστιανῶν

204 1548 266 1601 τέ
300 1563 474 1618 φημι,
515 1547 797 1617 διεγνώκει
842 1549 931 1603 διὰ
950 1548 1044 1602 τοῦ
1070 1549 1332 1618 ὀνόματος
1360 1548 1456 1618 τῆς
1491 1546 1800 1610 ὑποθέσεως

204 1641 454 1712 Χριστοῦ
483 1641 759 1711 ἀπατῆσαι
797 1641 922 1704 τοὺς
959 1639 1426 1710 πεπλανημένους.
1457 1641 1519 1692 0i
1545 1638 1603 1693 δὲ
1641 1639 1802 1693 ἀπελ-

205 1729 401 1797 θόντες
421 1733 702 1804 ὠνήσαντο
726 1747 740 1761 ’
770 1729 831 1782 οὐ
874 1727 983 1800 γὰρ
1011 1727 1387 1782 ἀνεϐάλλοντο.
1419 1725 1796 1798 Παλινδρομήι-

204 1840 410 1887 σαντες
459 1825 537 1888 δὲ,
570 1823 648 1887 ὡς
685 1822 748 1874 οὐ
788 1818 1301 1890 καταλαμϐάνουσιν
1333 1817 1496 1872 αὑτὸν
1523 1816 1708 1871 οὐκέτι
1741 1819 1799 1870 ἐν

203 1915 487 1986 ἐλευθέρῳ
533 1913 674 1986 ἀέρι,
732 1910 869 1967 ἀλλά
924 1911 982 1963 ἐν
1026 1909 1108 1980 τῷ
1151 1909 1532 1981 δεσμωτηρίῳ,
1577 1908 1801 1962 κάκεῖσε

203 2007 570 2072 εἰσελθόντες,
633 2004 978 2058 ἐπεδείκνυον
1022 2001 1172 2072 αὐτῷ
1212 2001 1312 2066 τὰς
1344 2000 1583 2072 βίϐλους.
1630 2001 1688 2054 '0
1717 2000 1800 2066 δὲ,

202 2099 393 2153 λαϐὼν
424 2101 519 2153 καὶ
549 2097 937 2170 ἀνερευνήσας,
966 2092 1421 2165 ἐρῤᾳδιούργησε,
1459 2090 1803 2163 προσπλέειις

115 2258 118 2260 γ
199 2195 269 2262 τῇ
303 2191 540 2262 ἀληθείᾳ
572 2190 633 2244 τὸ
663 2189 792 2243 ίδιον
823 2185 1036 2256 ψεῦδος,
1059 2183 1186 2237 ἔνθα
1213 2201 1314 2237 που
1349 2177 1474 2256 εὗρε
1510 2183 1801 2256 πρόσωπον

203 2283 368 2353 λόγου
421 2282 458 2353 ἢ
524 2281 718 2352 κλῆσιν
755 2278 1061 2350 δυναμένην
1103 2277 1385 2331 ἀποτελεῖν
1414 2277 1665 2347 ὁμοίωμα
1706 2273 1798 2328 τοῦ

202 2373 375 2445 αὑτοῦ
395 2374 770 2445 φρονήματος.
796 2371 906 2424 Καὶ
937 2368 1188 2423 ἐντεῦθεν
1217 2367 1404 2422 λοιπὸν
1438 2366 1703 2438 ἐκράτυνε
1740 2365 1802 2419 τὸ

153 2489 160 2496 ·
200 2443 693 2519 ὲπῖπλαστονᾙτοῦ
756 2459 921 2517 αὑτοῦ
983 2460 1341 2530 κοσμήματος
1385 2461 1426 2513 ¹.
1500 2458 1662 2513 Ἀλλά
1706 2458 1802 2512 καὶ¹

203 2555 419 2626 μεταξὺ
452 2556 713 2626 ἄργυρον,
739 2551 1191 2624 προσλιπαρήσας
1221 2551 1310 2604 τὸν
1350 2551 1443 2605 ἐπὶ
1466 2550 1559 2605 τοῦ
1589 2551 1802 2622 δεσμω-

197 2650 423 2721 τηρίου,
481 2647 662 2700 δίδωσι
711 2644 899 2707 πολὺν,
961 2643 1056 2695 καὶ
1127 2643 1308 2712 φυγὰς
1367 2643 1800 2708 ἀπαλλάττεται,

199 2741 554 2810 καταλείψας
583 2737 682 2810 τὴν
707 2737 815 2792 τῶν
843 2736 1074 2809 Περσῶν
1107 2735 1312 2808 χώραν,
1347 2737 1441 2790 καὶ
1467 2738 1534 2808 τῇ
1581 2732 1801 2806 Ῥωμαο

198 2832 293 2903 νίᾳ
348 2829 680 2901 προσέϐαλε.
726 2829 905 2883 Μέσον
942 2828 1000 2882 δέ
1033 2829 1132 2902 ἦδη
1174 2828 1457 2898 τυγχάνων
1479 2827 1581 2898 τῆς
1613 2828 1803 2899 Μέσης

193 2923 312 2976 τῶν
357 2921 627 2992 ποταμῶν
666 2920 760 2975 καὶ
803 2920 903 2991 τῆς
947 2920 1226 2993 Περσίδος,
1256 2919 1385 2990 περὶ
1415 2918 1516 2983 τὰς
1564 2920 1801 2990 ἐρημίας

195 3013 284 3067 ἔτι
317 3013 610 3084 ὑπάρχων,
657 3014 856 3084 ἤκουσε
899 3012 1024 3083 περὶ
1065 3012 1302 3083 μεγάλου
1335 3011 1478 3074 τινὸς
1516 3009 1708 3082 ἀνδρὸς
1742 3012 1801 3064 ἐν

651 455 848 520 εἰπεῖν,
898 452 994 519 οὓς
1051 453 1116 526 δὴ
1159 452 1408 525 μαθητὰς
1461 451 1669 516 ἐκάλει,
1705 450 1799 505 τὸν

1906 427 2206 484 circulator
2235 426 2338 482 iste
2370 427 2688 497 collegerat,
2727 439 2868 495 quos
2904 421 3208 494 discipulos
3237 421 3492 481 nomina-

1901 518 2017 588 bat,
2050 519 2191 575 duos
2219 533 2286 574 ac
2317 517 2533 590 viginti.
2564 517 2811 586 Quorum
2841 533 2872 574 e
2901 531 3133 574 numero
3159 524 3274 574 tres
3299 519 3488 592 elegit,

1902 607 2192 678 Thomam,
2249 609 2538 666 Hermeam
2593 618 2648 666 et
2701 609 2932 666 Addam.
2989 610 3069 666 Ac
3127 627 3253 668 cum
3305 615 3492 670 animo

1901 709 2178 772 repeteret
2219 716 2346 774 qua:
2391 701 2460 758 de
2504 702 2682 758 sacris
2725 701 3169 758 Christianorum
3202 703 3360 760 libris
3388 719 3492 759 au-

1901 791 2099 859 dierat,
2147 791 2241 864 qui
2299 791 2355 847 in
2401 789 2587 847 Iudaea
2635 799 2863 863 totoque
2908 801 3178 848 terrarum
3218 795 3354 851 orbe
3379 796 3494 851 cir-

1901 883 2371 947 cumferebantur,
2401 883 2508 939 hoc
2535 891 2620 940 est
2649 884 2788 956 lege,
2827 883 3129 955 prophetis,
3165 884 3493 958 'Evangeliis

1901 974 2395 1046 apostolorumque
2447 975 2694 1046 scriptis,
2739 982 3028 1030 numerata
3086 977 3318 1048 pecunia
3364 976 3495 1035 Hie-

1901 1064 2238 1136 rosolymam
2297 1064 2425 1120 illos
2485 1065 2706 1134 allegat.
2768 1063 2876 1120 Sed
2928 1065 3033 1121 hoc
3085 1075 3214 1122 ante
3263 1066 3492 1134 fecerat,

1902 1169 2069 1225 quam
2135 1154 2190 1210 in
2252 1170 2532 1212 carcerem
2595 1155 3004 1226 conjiceretur,
3065 1159 3288 1228 quando
3347 1159 3492 1230 apud

1903 1246 2106 1300 inultos
2145 1246 2313 1302 verba
2355 1245 2577 1302 faciens
2625 1246 2822 1316 dogma
2873 1262 3035 1301 suum
3085 1249 3320 1318 probare
3377 1265 3489 1305 non

1902 1345 2134 1408 poterat.
2207 1337 2576 1405 Quamobrem
2632 1339 2816 1394 audito
2856 1339 3060 1394 (lliristi
3104 1340 3333 1411 ejusque
3376 1357 3494 1397 ser-

1905 1445 2121 1496 vorum,
2177 1429 2281 1485 hoc
2324 1439 2409 1486 est
2458 1429 2919 1497 Christianorum,
2956 1431 3211 1497 nomine,
3243 1431 3346 1488 hac
3374 1434 3494 1504 ipsa

1905 1520 2269 1592 professionis
2317 1521 2484 1591 hujus
2535 1521 2900 1594 appellatione
2945 1521 3014 1576 ad
3048 1522 3358 1579 illudendos
3390 1524 3494 1580 ho--

1904 1614 2078 1670 mines
2112 1613 2264 1668 abuti
2315 1614 2527 1670 statuit.
2558 1613 2798 1670 Profecti
2829 1615 3013 1685 itaque
3044 1615 3296 1686 discipuli
3323 1617 3494 1674 libros

1904 1705 2030 1762 illos
2087 1707 2238 1760 nulla
2289 1706 2614 1777 interposita
2647 1721 2800 1760 mora
2829 1714 3108 1762 coemunt.
3163 1707 3372 1765 Deinde
3425 1710 3495 1766 ad

1907 1797 2228 1867 magistrum
2281 1799 2484 1854 reversi
2541 1799 2655 1868 jam
2724 1814 2849 1855 eum
2904 1799 3157 1857 libertate
3214 1803 3490 1872 privatum

1902 1897 2066 1959 atque
2114 1890 2168 1945 in
2214 1905 2492 1946 carcerem
2539 1899 2886 1960 compactum
2924 1893 3224 1963 reperiunt.
3259 1893 3381 1960 Quo
3413 1894 3485 1950 ad

1903 1980 2052 2035 illum
2108 1980 2342 2053 ingressi
2373 1981 2542 2037 libros
2573 1981 2830 2038 offerunt.
2886 1981 3097 2049 Quibus
3139 1986 3380 2056 acceptis
3410 2000 3476 2042 ac

1901 2072 2193 2144 diligenter
2234 2073 2490 2139 evolutis,
2535 2074 2678 2127 mala
2715 2073 2819 2129 fide
2849 2075 3107 2146 pleraque
3135 2075 3481 2146 depravavit,

1901 2163 2118 2218 veritati
2172 2163 2517 2218 mendacium
2563 2179 2724 2218 suum
2780 2164 3074 2220 admiscuit
3112 2207 3128 2234 ,
3176 2168 3494 2239 ubicunque

1902 2254 2142 2323 speciem
2193 2253 2432 2324 aliquam
2499 2255 2769 2311 orationis
2817 2257 3348 2330 appellationemque
3397 2275 3497 2315 na-

1902 2353 2026 2400 ctus
2068 2353 2196 2411 est.,
2239 2361 2362 2416 qua:
2409 2347 2661 2400 nonnihil
2705 2347 2984 2418 opinionis
3011 2351 3139 2420 ξειιιε
3173 2351 3354 2406 simile
3381 2367 3496 2422 prae

1903 2450 1964 2491 se
1999 2434 2185 2491 ferret.
2221 2434 2378 2492 Unde
2409 2444 2464 2493 et
2493 2437 2784 2493 conﬁctam
2812 2438 3073 2510 deinceps
3100 2455 3132 2496 a
3162 2457 3222 2498 se
3251 2442 3494 2498 fabulam

1913 2527 2184 2584 afﬁrmare
2225 2538 2456 2587 conatus
2485 2539 2590 2587 est.
2628 2531 2851 2586 Interim
2891 2533 3095 2603 ingenti
3134 2535 3494 2606 pecuniarum

1904 2622 1958 2676 vi
2022 2622 2372 2692 assiduisque
2424 2625 2680 2694 precibus
2740 2634 2967 2680 exorato
3009 2627 3496 2683 commentariensi

1905 2712 2094 2786 fugam
2131 2715 2348 2786 arripit,
2383 2730 2446 2770 ac
2477 2716 2664 2770 relicta
2699 2714 2924 2770 Perside
2955 2713 3326 2773 Romanorum
3359 2719 3496 2775 fines

1904 2801 2241 2874 ingreditur.
2305 2803 2553 2874 Cumque
2584 2805 2696 2873 jam
2747 2805 2815 2858 ad
2859 2804 3266 2876 Mesopotamiae
3310 2807 3497 2864 Persi-

1903 2892 2100 2964 disque
2128 2892 2367 2948 confinia
2404 2908 2469 2948 ac
2507 2893 2879 2960 solitudinem,
2917 2910 3040 2966 qua:
3073 2895 3188 2950 illic
3240 2905 3345 2963 est,
3380 2913 3500 2968 per-

1903 2985 2164 3050 venisset,
2195 2984 2509 3039 nuntiatum
2529 2992 2613 3042 est
2642 2986 3160 3056 praestantissimum
3184 2989 3480 3058 quemdam

194 3075 512 3177 Θεοσεϐείξ
535 3075 812 3175 ἀκροτάτῃ
860 3075 1276 3172 διαπρέποντος,
1304 3075 1645 3174 ,Μαρκέλλοῦ
1680 3096 1799 3151 τοῦ-

1910 3090 2032 3131 esse
2081 3075 2296 3141 virum,
2355 3085 2520 3147 atque
2575 3077 2864 3132 excellenti
2925 3078 3128 3149 pietate
3175 3079 3490 3152 praeditum,

192 3215 370 3270 νομα,
414 3193 802 3257 κατοικοῦντος
847 3196 904 3247 ἐν
945 3191 1210 3265 Κασχάρῃ
1241 3191 1405 3244 πόλει·
1429 3191 1528 3262 τῆς
1555 3191 1800 3244 Μεσοπο-

192 3288 437 3359 ταμίας,
495 3286 556 3350 δς
597 3281 668 3357 ἦν
729 3284 868 3356 ἀνὴρ
900 3283 1043 3337 κατὰ
1085 3284 1264 3336 πάντα
1308 3281 1654 3353 Χριστιανὸς,
1705 3281 1799 3334 καὶ

191 3379 392 3448 ἔργοις
463 3371 812 3442 δικαιοσύνης
871 3371 1326 3443 θαυμασιώτατος
1356 3410 1372 3436 ,
1436 3371 1634 3443 χήραις
1699 3370 1798 3440 μὲν

191 3467 478 3540 ἐπαρκῶν
496 3466 589 3520 καὶ
611 3464 861 3535 πένησιν,
901 3465 1156 3534 ὀρφανοῖς
1182 3462 1238 3516 δὲ
1269 3463 1364 3518 καὶ
1402 3465 1517 3526 τοῖς
1549 3461 1799 3533 ἐνδεομέο

189 3577 345 3623 νοις·
391 3558 686 3611 διανοεῖται
737 3554 1072 3626 προσπλέξαι
1135 3553 1273 3624 πρὸς
1329 3552 1419 3606 τὸν
1474 3551 1664 3624 ἀνδρα,
1709 3552 1796 3616 ἵν’,

191 3650 530 3722 ὑποχείριον
571 3648 758 3703 τοῦτον
811 3647 1174 3718 κτησάμενος,
1223 3643 1478 3716 δυνηθείη
1523 3644 1590 3698 δι’
1631 3643 1796 3697 αὑτοῦ

189 3742 485 3814 κατάρξαι
503 3743 566 3796 οὐ
593 3741 754 3812 μόνον
785 3740 883 3812 τῆς
927 3736 1374 3806 Μεσοποταμίας,
1397 3735 1536 3790 ἀλλά
1574 3737 1668 3790 καὶ
1703 3735 1796 3788 τοῦ

191 3831 480 3902 κλίματος
505 3829 704 3893 παντὸς
727 3828 822 3882 τοῦ
855 3826 990 3899 πρὸς
1016 3826 1114 3898 τὴν
1132 3825 1333 3898 Συρίαν
1347 3842 1407 3879 τε
1441 3825 1536 3880 καὶ
1579 3823 1795 3896 Ῥωμα-

189 3922 346 3975 νίαν.
380 3919 596 3992 Γράφει
632 3918 688 3971 δὲ
725 3916 874 3988 αὐτῷ
901 3915 1193 3988 ἐπιστολὴν
1217 3913 1362 3969 οὕτω
1396 3914 1487 3968 διὰ
1511 3913 1798 3987 Τύρϐωνός

188 4031 356 4077 τινος
417 4010 530 4064 τῶν
576 4009 742 4064 αὐτοῦ
801 4008 1061 4080 μαθητῶν
1101 4008 1209 4062 ἀπὸ
1259 4007 1354 4062 τοῦ
1408 4007 1642 4079 πέρατος
1701 4006 1797 4060 τοῦ

188 4104 474 4177 Στράγγα
495 4099 776 4171 ποταμοῦ,
811 4099 919 4152 ἀπὸ
952 4098 1245 4152 καστέλλου
1284 4097 1614 4170 Ἀραϐίωνος
1655 4096 1799 4151 οὕτω

189 4195 552 4267 καλουμένου
581 4211 597 4226 ⁸
648 4194 771 4264 ἥτις
814 4193 847 4264 ἡ
889 4191 1146 4262 ἐπιστολὴ
1195 4193 1436 4262 περιεῖχε
1491 4190 1639 4245 τάδε.
1687 4190 1797 4242 Καί

192 4308 292 4363 μοι
325 4287 520 4342 λαϐὼν
564 4284 838 4354 ἀνάγνωθι
877 4283 939 4337 τὸ
988 4283 1330 4355 ἐπιτήδευμα
1368 4283 1472 4354 τῆς
1522 4282 1618 4336 τοῦ
1657 4282 1800 4336 ἀπα-

186 4384 404 4447 τεῶνος
439 4379 764 4452 μοχθηρίας.

377 4560 716 4626 Μανιχαίου
746 4555 895 4626 πρὸς
930 4555 1288 4624 Μάρκελλον
1315 4551 1631 4621 ἐπιστολή.

268 4677 369 4742 ς’.
404 4675 707 4742 Μανιχαῖος
748 4669 1042 4732 ἀπόστολος
1094 4667 1266 4738 Ἰησοῦ
1318 4666 1575 4740 Χριστοῦ,
1618 4667 1711 4719 καὶ
1750 4665 1798 4718 οἱ

187 4768 296 4820 σὺν
356 4765 488 4836 ἐμοὶ
554 4764 755 4826 πάντες
808 4761 954 4830 ἅγιοι
1005 4761 1100 4813 καὶ
1154 4759 1434 4830 παρθένοι,
1493 4757 1799 4829 Μαρκέλλῳ

184 4859 386 4928 τέκνῳ
429 4853 703 4926 ἀγαπητῷ
731 4853 910 4925 χάρις,
953 4853 1122 4916 ἔλεος,
1158 4853 1348 4924 εἰρήνη
1377 4850 1485 4904 ἀπὸ
1515 4849 1648 4902 Θεοῦ
1684 4851 1797 4902 Πα-

184 4951 329 5022 τρδς
365 4950 466 5001 καὶ
502 4947 706 5018 Κυρίου
737 4945 894 5016 ἡμῶν
934 4942 1109 5012 Ἰησοῦ
1145 4941 1383 5013 Χριστοῦ
1405 4956 1420 4971 ο
1467 4940 1561 4993 καὶ
1592 4941 1624 5012 ἡ
1651 4940 1799 5008 δεξιά

183 5043 290 5097 τοῦ
319 5040 512 5104 Φωτὺς
552 5039 873 5109 διατηρησοι
920 5053 979 5089 σε
1013 5033 1120 5088 ἀπὸ
1155 5033 1250 5086 τοῦ
1278 5031 1573 5097 ἐνεστῶτος
1610 5033 1807 5097 αίῶνος

186 5134 474 5208 πονηροῦ,
515 5133 608 5186 καὶ
654 5131 763 5185 τῶν
794 5127 1216 5200 συμπτωμάτων
1239 5125 1424 5192 αὑτοῦ,
1448 5126 1542 5180 καὶ
1563 5125 1805 5194 παγίδων

184 5225 290 5279 τοῦ
328 5222 592 5294 πονηροῦ.
638 5222 830 5293 Ἀμήν.

262 5314 524 5388 Τὴνμέν
575 5315 705 5386 περὶ
744 5313 804 5366 σὲ
842 5313 1062 5383 ἀγάπην
1092 5310 1354 5383 μεγίστην
1404 5304 1570 5362 οὖσαν
1599 5307 1794 5380 αίσθηι

184 5407 314 5471 θεὶς
344 5407 472 5458 λίαν
498 5405 698 5476 ἐχάρην
721 5420 736 5436 ⁸
783 5405 883 5475 τὴν
912 5404 970 5458 δὲ
999 5403 1180 5457 πίστιν
1203 5402 1302 5454 οὐκ
1338 5398 1502 5453 οὖσαν
1533 5401 1674 5452 κατά
1703 5398 1794 5452 τὸν

183 5503 367 5572 ἐρθδν
419 5499 578 5568 λόγον
607 5497 914 5570 ἠχθέσθην.
950 5494 1116 5551 Ὅθεν
1142 5493 1278 5564 πρὸς
1303 5492 1672 5564 ἐπανόρθωσιν
1699 5490 1790 5543 τοῦ

185 5596 304 5648 τῶν
331 5591 638 5662 ἀνθρώπων
666 5591 854 5660 γένους
873 5586 1220 5651 ἀποσταλεὶς,
1252 5583 1565 5656 φειδόμενος
1591 5599 1649 5635 τε
1685 5580 1791 5635 τῶν

267 5754 283 5786 ¹
332 5768 426 5816 γρ.
457 5747 824 5819 βοσκήματος.

1907 3166 2224 3224 Marcellum
2259 3170 2505 3232 nomine,
2536 3169 2630 3240 qui
2661 3167 2972 3236 Cascharaa,
3002 3172 3150 3242 quod
3180 3171 3494 3245 Mesopota-

1907 3257 2030 3312 mia:
2063 3256 2325 3328 oppidum
2382 3264 2487 3321 est,
2543 3257 2839 3325 habitaret,
2896 3259 3075 3316 virum
3125 3261 3493 3332 undequaque

1904 3347 2321 3420 Christianum,
2391 3357 2556 3422 atque
2603 3346 2660 3405 in
2709 3351 2967 3408 omnibus
3015 3352 3243 3423 justitiar
3299 3355 3492 3410 ciliciis

1904 3439 2066 3509 plane
2123 3440 2607 3513 mirabilem:qui
2655 3450 2712 3498 et
2765 3441 2970 3502 viduis.
3028 3451 3083 3499 et
3136 3446 3490 3516 pauperibus,

1906 3546 2120 3587 necnon
2178 3539 2232 3589 et
2261 3533 2551 3604 orphanis,
2582 3549 2647 3589 ac
2674 3533 2914 3605 denique
2964 3534 3338 3606 indigentibus
3381 3537 3492 3590 lar-

1907 3627 2135 3695 giretur.
2185 3623 2267 3679 Ad
2302 3625 2451 3681 hunc
2487 3626 2658 3697 igitur
2698 3627 2972 3698 applicare
3003 3643 3063 3684 se
3088 3627 3251 3699 623
3285 3629 3492 3682 consti-

1906 3709 2033 3776 tuit,
2090 3717 2150 3765 ut
2192 3725 2315 3765 cum
2364 3711 2665 3766 obnoxium
2717 3711 2820 3766 sibi
2867 3711 3144 3767 hominem
3182 3712 3488 3777 habuisset,

1906 3819 2016 3858 non
2065 3804 2120 3859 in
2166 3803 2560 3876 Mesopotamia
2591 3803 2776 3870 modo,
2820 3803 2917 3860 sed
2956 3811 3010 3859 et
3040 3813 3157 3859 toto
3189 3804 3282 3860 illo
3318 3802 3492 3876 Syriae

1907 3894 2248 3966 Romanique
2286 3895 2500 3965 imperii
2537 3903 2718 3950 tractu
2751 3895 3023 3950 dominari
3069 3906 3299 3966 posset.-
3333 3896 3486 3962 Quo-

1905 3988 2053 4041 circa
2081 3985 2354 4057 ejusmodi
2386 3986 2455 4041 ad
2486 3987 2638 4040 illum
2668 3987 2957 4057 epistolam
2983 3988 3196 4054 scribit,
3227 4004 3323 4058 per
3345 3988 3490 4042 Tur-

1906 4079 2102 4134 bonem
2153 4079 2469 4150 quemdam,
2500 4093 2668 4134 unum
2699 4094 2763 4134 ex
2795 4079 3086 4149 discipulis
3119 4080 3258 4144 suis,
3298 4095 3364 4134 ex
3399 4095 3491 4134 ca-

1907 4172 2065 4227 stello
2113 4171 2410 4233 Arabione,
2461 4170 2609 4241 quod
2643 4171 2709 4225 ad
2740 4171 3033 4240 Strangam
3067 4169 3293 4225 ﬂuvium
3322 4172 3488 4225 situm

1904 4272 1990 4320 est
2022 4282 2035 4318 :
2073 4263 2301 4334 epistola
2348 4277 2514 4332 porro
2565 4265 2642 4317 ita
2675 4277 2796 4318 sese
2838 4263 3092 4317 habebat.
3139 4263 3313 4328 Quam
3343 4271 3399 4316 tu
3434 4266 3490 4318 in

1905 4370 2103 4410 manus
2134 4354 2410 4426 accipiens
2436 4354 2758 4426 inipostoris
2799 4354 2948 4410 illius
2971 4354 3223 4410 callidam
3253 4371 3317 4408 ac
3344 4363 3492 4410 vete-

1831 4477 1878 4532 t,
1912 4449 2172 4503 ratoriam
2209 4455 2381 4502 artem
2417 4447 2646 4518 legendo
2676 4447 3018 4516 cognoscito.

2196 4562 2486 4618 Maniclia’t'
2513 4564 2583 4618 ad
2612 4561 2928 4618 Marcellum
2958 4564 3203 4634 epistola.

1975 4677 2064 4733 Yl.
2122 4676 2458 4733 Manichacus
2499 4678 2784 4748 apostolus
2831 4676 2963 4733 Jesu
3015 4678 3253 4743 Christi,
3294 4685 3354 4742 et
3393 4677 3486 4748 qui

1903 4782 2118 4822 illecum
2162 4775 2292 4821 sunt
2332 4766 2514 4821 sancti
2579 4782 2770 4822 omnes
2810 4776 2866 4821 ct
2910 4767 3184 4837 virgines,
3234 4766 3490 4822 Marcello

1904 4860 2016 4914 filio
2043 4859 2396 4926 charissimo,
2431 4859 2630 4931 gratia,
2687 4859 3089 4926 misericordia,
3142 4875 3246 4930 pax
3297 4875 3327 4913 a
3377 4859 3489 4914 Deo

1903 4950 2066 5007 Patre
2111 4961 2168 5008 et
2213 4951 2444 5007 Domino
2489 4962 2679 5007 nostro
2704 4949 2834 5006 Jesu
2863 4950 3114 5018 Christo;
3149 4959 3292 5006 acte
3324 4949 3486 5004 Lucis

1904 5040 2131 5098 dextera
2165 5041 2442 5098 custodiat
2474 5057 2504 5095 a
2535 5043 2788 5113 praesenti
2814 5043 3014 5098 steculo
3043 5057 3297 5114 nequam,
3337 5041 3487 5112 ejus-

1904 5151 2012 5206 que
2043 5135 2287 5203 casibus,
2310 5145 2360 5191 el
2406 5137 2614 5208 laqueis
2649 5137 2892 5208 maligni.
2925 5138 3116 5191 Amen.

1977 5305 2134 5373 Quod
2167 5315 2219 5364 te
2245 5325 2458 5366 summa
2481 5311 2750 5367 charilate
2778 5308 3065 5381 praeditum
3086 5324 3208 5366 esse
3228 5311 3484 5382 cognovi,

1903 5399 2260 5458 vehementer
2323 5419 2445 5458 sum
2500 5404 2744 5475 gavisus.
2808 5402 2963 5469 Quod
3017 5418 3147 5458 vero
3183 5418 3289 5457 non
3321 5411 3487 5458 recte

1901 5487 2104 5542 rationi
2158 5504 2587 5547 consentaneam
2648 5492 2806 5547 fidem
2869 5491 3161 5563 profiteris,
3227 5491 3484 5562 equidem

1900 5581 2072 5637 dolui.
2133 5581 2503 5650 Quamobrem
2571 5599 2698 5639 cum
2757 5583 2835 5664 ad,
2879 5581 3261 5657 corrigendum
3309 5596 3485 5655 genus
