3856 6348
367 365 438 423 39

1762 357 1821 414 s.
1863 314 2207 416 eripuisti

3578 365 3653 425 ιο

364 488 667 543 humanum
731 480 940 537 missus
997 478 1219 547 fuerim,
1249 478 1592 550 ’eorumqne,
1650 481 1747 552 qui
1796 494 1855 536 se
1905 480 1951 535 in

2066 479 2252 551 ἀπάτῃ
2303 479 2397 533 καὶ
2433 476 2609 550 πλάνῃ
2659 477 2883 541 ἑαυτοὺς
2929 474 3323 546 ἐκδεδωκότων,
3362 482 3540 538 ταῦτα
3581 489 3652 542 τὰ

363 574 613 632 fraudem
658 586 1017 642 erroremque
1055 569 1455 635 commiserint,
1526 570 1796 627 rationem
1852 571 1951 626 ha-

2059 570 2361 643 γρὰμματα
2392 568 2532 640 πρὸς
2565 568 2624 620 σὲ
2647 569 2941 637 ἀναγκαῖον
2981 570 3276 657 ἡγησάμην
3307 573 3652 631 ἀποστεῖλαν

363 672 544 734 beam,
592 665 970 724 necessarium
1014 664 1204 736 putavi
1252 664 1355 722 has
1388 664 1459 719 ad
1490 673 1543 721 te
1574 664 1785 721 litteras
1814 679 1953 720 serto

363 762 539 817 bere:
584 758 788 830 quibus
837 759 891 812 in
929 756 1124 827 primis
1170 756 1368 812 animae
1405 764 1532 821 tuae,
1577 762 1693 811 tum
1730 760 1975 811 tuorutn'

368 851 532 908 saluti
565 850 938 913 consulerem,
990 859 1049 903 ut
1091 864 1159 904 nc
1201 847 1492 905 confusum
1522 848 1783 920 quiddam
1823 863 1952 919 per-

364 943 760 1013 turbatumque
784 942 1042 1006 sentires,
1073 955 1172 1012 pro
1200 955 1266 996 eo
1292 954 1357 995 ac
1386 939 1670 997 rudiorum
1703 938 1952 1009 magistri

365 1038 585 1104 docent,
641 1037 734 1108 qui
768 1035 986 1107 quidem
1019 1036 1092 1088 ita
1124 1032 1461 1103 prredicant:
1499 1030 1707 1086 Bonum
1748 1044 1813 1084 ac
1838 1044 1955 1085 ma-

367 1129 480 1183 lum
516 1129 585 1184 ab
614 1128 804 1184 eodem
840 1126 1113 1198 proﬁcisci
1143 1143 1158 1192 ;
1201 1138 1480 1194 unumque
1504 1121 1772 1178 duntaxat
1801 1120 1954 1190 prin—

369 1222 573 1293 cipium
621 1226 908 1281 statuunt;
958 1232 1136 1289 neque
1174 1217 1350 1273 lucem
1383 1231 1413 1270 a
1447 1213 1713 1276 tenebris,
1745 1213 1951 1267 bonum

368 1328 400 1368 a
427 1314 589 1377 malo,
624 1315 949 1367 exteriorem
992 1310 1271 1365 hominem
1313 1310 1381 1363 ab
1438 1306 1707 1373 interiori,
1740 1311 1800 1360 ut
1827 1311 1953 1359 ante

366 1404 503 1469 dixi,
554 1403 877 1459 discernunt
945 1416 1009 1456 ac
1093 1409 1351 1472 separant
1400 1417 1415 1454 :
1458 1400 1567 1454 imo
1630 1413 1763 1453 vero
1812 1398 1952 1452 alte-

368 1498 485 1552 rius
518 1510 645 1551 cum
688 1495 862 1549 altero
912 1491 1281 1549 confundendi
1334 1491 1711 1560 miscendique
1743 1488 1951 1543 nullum

368 1590 531 1646 ﬁnem
562 1588 795 1644 faciunt.
831 1584 915 1641 Tu
946 1600 1099 1654 vero,
1144 1585 1244 1651 ﬁli,
1286 1600 1356 1640 ne
1400 1592 1461 1639 ut
1499 1583 1747 1655 plerique
1781 1581 1955 1637 homi-

368 1699 502 1741 num
544 1694 746 1737 temere
777 1695 842 1737 ac
870 1680 990 1735 sine
1019 1679 1233 1735 ratione
1261 1677 1425 1732 anibo
1459 1676 1562 1732 ista
1589 1674 1911 1745 conjungito
1934 1715 1950 1742 ,

369 1789 552 1845 neque
578 1772 841 1828 bonitatis
870 1770 1080 1825 auctori
1113 1769 1221 1825 Deo
1245 1767 1490 1823 tribuite.
1528 1762 1666 1827 Nam
1698 1765 1774 1820 illi
1803 1765 1954 1835 prin-

2053 659 2271 731 πρῶτον
2323 658 2422 731 μὲν
2477 660 2616 732 πρὸς
2665 658 2940 731 σωτηρίαν
2993 660 3094 730 τῆς
3154 662 3381 716 σεαυτοῦ
3431 664 3653 738 ψυχῆς,

2054 751 2245 805 ἔπειτα
2281 751 2337 804 δὲ
2370 752 2466 805 καὶ⁴
2520 751 2628 806 τῶν
2681 751 2798 822 ἅμα
2852 768 2934 805 σοι
2974 754 3373 823 τυγχανόντων,
3419 755 3556 827 πρὸς
3590 757 3656 812 τὸ

2052 843 2365 915 ἀδιάκριτον
2392 846 2411 876 ⁵
2439 861 2499 897 σε
2520 843 2665 915 ἔχειν
2681 844 2772 897 τὸν
2803 843 3082 916 λογισμὸν,
3112 845 3188 910 ὡς
3217 846 3267 899 οἰ
3291 846 3401 900 τῶν
3444 848 3657 901 ἁπλου-

2055 936 2262 1007 στέρων
2288 937 2664 1009 καθηγεμόνες
2703 939 3037 1007 διδάσκουσι,
3058 939 3310 1010 λέγοντες
3340 941 3402 995 τὸ
3440 942 3654 1011 ἀγαθίν

2054 1028 2232 1081 καὶτὸ
2248 1029 2415 1083 κακὸν
2431 1029 2539 1083 ἀπὸ
2560 1028 2655 1083 τοῦ
2679 1030 2846 1084 αὑτοῦ
2872 1032 3156 1105 φέρεσθαι,
3182 1035 3277 1086 καὶ
3307 1033 3437 1105 μίαν
3466 1036 3653 1107 ἀρχὴν

2053 1119 2455 1190 εἰσηγούμενοι,
2488 1120 2551 1175 ού
2579 1121 2969 1193 διακρίνοντες,
3015 1122 3137 1177 οὐδὲ
3167 1124 3506 1197 διαιροῦντες
3536 1126 3653 1183 ἀπὸ

2053 1210 2149 1264 τοῦ
2180 1211 2358 1281 φωτὸς
2386 1212 2448 1265 τὸ
2492 1213 2706 1278 σκότος,
2742 1214 2839 1268 καὶ⁸
2878 1215 2940 1269 τδ
2975 1216 3179 1286 ἀγαθὸν
3205 1218 3314 1273 ἀπὸ
3343 1218 3438 1273 τοῦ
3468 1218 3652 1274 κακοῦ

2056 1304 2151 1357 καὶ
2190 1302 2417 1373 φαύλου,
2442 1304 2535 1357 καί
2565 1304 2657 1358 τὸν
2680 1304 2880 1371 ἔξωθεν
2901 1307 3191 1379 ἄνθρωπον
3215 1309 3325 1364 ἀπὸ
3346 1308 3440 1364 τοῦ
3473 1308 3647 1374 ἔνδον,

2054 1393 2130 1457 ὡς
2196 1393 2561 1464 προείπομεν
2619 1393 2760 1449 ἀλλὰ
2841 1396 3136 1468 κιρνῶντες
3190 1398 3286 1451 καὶ
3338 1399 3646 1468 ἐγκαταμι-

2054 1480 2280 1551 γνύντες
2306 1483 2531 1555 θάτερον
2552 1483 2765 1557 θατέρῳ
2779 1485 2841 1539 οὺ
2860 1486 3147 1542 παύονται.
3173 1490 3244 1542 Σὺ
3260 1489 3337 1554 δὲ,
3363 1488 3407 1542 ὦ
3428 1491 3647 1559 τέκνον,

2059 1573 2133 1645 μὴ
2166 1572 2257 1628 ῐσα
2290 1576 2403 1638 τοῖς
2454 1575 2672 1641 πολλοῖς
2715 1576 2827 1631 τῶν
2878 1577 3185 1650 ἀνθρώπων
3217 1580 3520 1650 ἀλογίστως
3548 1585 3648 1638 καὶ

2058 1664 2245 1730 ἁπλῶς
2274 1666 2582 1739 ἀμφότερα,
2612 1668 2689 1732 ὼς
2718 1668 2786 1723 ἂν
2814 1668 2988 1741 τύχοι,
3018 1670 3247 1745 ἐνώσῃς,
3279 1673 3413 1745 μηδὲ
3439 1674 3517 1745 τῷ
3542 1675 3647 1747 τῆς

2056 1754 2399 1826 ἀγαθοσύνης
2430 1756 2551 1827 Θεῷ
2605 1758 2915 1813 ἁνατίθεσο.
2965 1759 3164 1831 ’Δρχὴν
3193 1763 3301 1831 γὰρ
3348 1764 3443 1817 καὶ
3485 1764 3646 1829 τέλος

370 1860 598 1929 cipium,
630 1871 695 1912 ac
720 1856 904 1923 ﬁnem,
935 1865 990 1911 et
1017 1857 1212 1910 horum
1249 1852 1531 1911 auctorem
1582 1854 1851 1908 malorum
1881 1852 1949 1908 ad

2059 1848 2147 1901 καὶ
2173 1846 2265 1901 τὸν
2286 1847 2492 1902 τούτων
2523 1848 2734 1921 πατέρα
2753 1848 2862 1903 τῶν
2888 1849 3075 1904 κακῶν
3106 1851 3199 1904 ἐπὶ
3231 1852 3322 1906 τὸν
3346 1852 3479 1906 Θεὸν
3506 1854 3643 1906 ἀναο

254 2012 257 2013 ν
370 1947 540 2005 Deum
603 1946 871 2010 referunt,
918 1961 1144 2016 quorum
1183 1944 1311 2013 ﬁnis
1353 1943 1638 1998 maledicto
1678 1944 1951 2012 proximus

2059 1937 2338 2009 φέρουσιν,
2359 1931 2452 1993 ὧν
2468 1937 2535 1991 τὸ
2555 1938 2732 2005 τέλος
2756 1936 3019 2007 κατάρας
3046 1939 3406 2008 ἑγγύς.οὓτε
3435 1941 3546 2013 γὰρ
3585 1945 3646 1996 ὲν

370 2050 449 2095 est
482 2042 521 2091 ‘.
546 2037 663 2094 Non
695 2037 841 2093 enim
885 2037 953 2093 iis
1000 2051 1124 2106 quae
1173 2036 1227 2090 in
1275 2034 1585 2104 Evangeliis
1615 2049 1646 2087 a
1673 2032 1951 2089 Salvatore

2059 2032 2164 2091 τοίς
2194 2029 2508 2100 εἰρημένοις
2536 2029 2889 2099 Εὑαγγελίοις
2917 2033 3048 2102 παρ’
3077 2030 3239 2084 αὑτοῦ
3273 2031 3365 2085 τοῦ
3393 2033 3646 2105 Σωτῆρος

370 2147 435 2186 ac
470 2131 702 2185 υοιιιίιιο
731 2139 921 2185 nostro
946 2127 1077 2184 Jesu
1110 2125 1330 2182 Christo
1362 2126 1642 2190 dicuntur,
1669 2124 1829 2179 ﬁdem
1858 2123 1955 2179 ad-

367 2223 603 2278 bibent:
636 2220 761 2275 Non
806 2230 977 2290 potest
1030 2220 1193 2273 arbor
1233 2217 1369 2271 bona
1404 2216 1610 2285 fructus
1654 2216 1827 2271 malos
1870 2215 1955 2284 fac

369 2330 482 2368 cere
502 2354 516 2378 ,
548 2329 708 2383 neque
728 2312 890 2365 arbor
907 2311 1049 2364 mala
1090 2312 1252 2363 bonos
1276 2307 1444 2380 624
1480 2308 1687 2377 fructus
1720 2308 1895 2378 facere
1910 2309 1952 2363 ’.

375 2402 852 2472 Quemadmodum
907 2416 1040 2456 vero
1092 2400 1262 2455 Deum
1309 2402 1529 2455 Satanae
1580 2401 1957 2471 malorumque

367 2512 493 2568 quae
537 2496 607 2550 ab
641 2508 707 2549 eo
750 2502 1020 2565 geruntur
1066 2490 1410 2548 conditorem
1452 2506 1516 2546 ac
1546 2502 1953 2563 procreatorem

370 2602 621 2644 asserere
647 2586 907 2651 audeant,
935 2598 1261 2656 magnopere
1306 2585 1571 2640 demiror.
1619 2583 1800 2658 Atque
1851 2586 1957 2642 uti-

370 2689 498 2729 nam
540 2674 810 2729 hactenus
859 2673 1158 2727 vanissima
1205 2673 1425 2727 illorum
1462 2674 1693 2731 consilia
1735 2691 1958 2749 progre-

368 2765 657 2831 derentur,
712 2779 815 2819 nec
871 2763 1213 2834 unigenitum
1268 2762 1365 2819 Dei
1416 2763 1614 2823 Filium
1670 2764 1954 2823 Christum

371 2851 688 2920 Dominum,
737 2853 829 2925 qui
878 2851 946 2907 de
998 2850 1179 2908 Patris
1227 2852 1353 2907 sinu
1392 2852 1744 2920 descendit’,
1774 2854 1959 2911 Mariae

370 2945 658 3015 cujusdam
708 2944 1045 3001 mulierculae
1090 2944 1262 2999 ﬁlium
1309 2960 1435 3001 esse
1488 2947 1759 3014 dicerent,
1793 2958 1958 3019 atqae

371 3054 438 3093 ex
493 3039 767 3110 sanguine
818 3053 1134 3109 carneque,
1184 3049 1297 3094 tum
1332 3054 1461 3094 vero
1510 3041 1722 3110 reliquo
1761 3041 1957 3096 mulle-

373 3144 496 3185 τιτι]
551 3129 729 3185 fetore
781 3130 1075 3199 prodiisse.
1116 3128 1222 3185 Sed
1250 3145 1319 3185 ne
1342 3130 1644 3202 longiorem
1671 3132 1956 3201 epistolam

296 3236 300 3247 ³
374 3218 628 3273 scribens
678 3217 886 3272 diutius
936 3220 1247 3288 mquitatem
1297 3226 1448 3274 tuam
1498 3219 1795 3286 detineam,
1826 3234 1953 3276 cum

373 3309 677 3378 pratsertim
729 3308 966 3363 naturali
1018 3308 1335 3379 eloquentia
1393 3323 1637 3373 caream,
1696 3309 1785 3365 his
1830 3323 1954 3382 qua:

373 3401 522 3455 dicta
568 3408 692 3455 sunt
743 3414 841 3455 ero
885 3406 1202 3455 contentus.
1229 3398 1335 3454 Ubi
1368 3412 1501 3456 vero
1544 3400 1611 3456 ad
1642 3410 1694 3456 te
1723 3416 1949 3465 venero,

372 3490 589 3563 plenius
638 3491 824 3546 omnia
868 3505 1197 3561 cognosces,
1256 3491 1304 3547 si
1341 3490 1562 3561 quidem
1609 3492 1805 3549 salutis
1846 3502 1954 3549 tuae

371 3600 563 3640 curam
600 3584 840 3655 aliquam
876 3584 1136 3655 suscipis.
1171 3583 1362 3655 Neque
1386 3585 1533 3641 enim
1564 3586 1821 3657 cuiquam
1870 3586 1952 3641 la-

370 3692 570 3747 queum
626 3676 906 3746 injicimus
947 3677 1004 3744 ⁸,
1072 3685 1132 3732 ιιι
1188 3677 1503 3735 stolidiores
1560 3679 1812 3735 nonnulli
1870 3678 1955 3734 fa-

370 3770 544 3823 ciunt.
581 3767 825 3840 lntellige
846 3784 968 3839 qua:
988 3769 1134 3836 dico,
1159 3769 1232 3824 ﬁli
1253 3771 1595 3827 charissime.

443 3860 553 3914 VII.
596 3859 749 3915 Hanc
777 3861 1064 3931 epistolam
1106 3878 1233 3916 eum
1265 3862 1555 3919 Marcellus
1589 3862 1672 3918 vir
1699 3862 1953 3934 egregius

371 3968 436 4008 ac
489 3953 966 4023 religiosissimus,
1014 3962 1069 4009 et
1105 3955 1159 4009 in
1194 3955 1392 4027 primis
1446 3954 1679 4011 illustris
1704 3954 1949 4025 legisset,

372 4041 572 4096 mirum
596 4041 650 4095 in
687 4039 910 4095 modum
944 4041 1249 4113 obstupuit.
1284 4043 1363 4096 Ae
1392 4051 1505 4097 tum
1532 4042 1670 4097 forte
1696 4043 1948 4113 contigit,

370 4138 434 4185 ut
468 4129 659 4185 eodem
691 4130 801 4194 die,
831 4146 940 4201 quo
972 4132 1119 4186 illam
1150 4148 1181 4187 a
1211 4132 1511 4189 Manichazo
1540 4133 1826 4203 epistolam
1856 4130 1951 4188 Dei

370 4233 568 4273 servus
624 4218 877 4289 accepit,
923 4219 1230 4276 Archelaus
1289 4221 1446 4276 urbis
1498 4222 1793 4292 episcopus
1843 4235 1951 4275 una

368 4324 495 4364 cum
524 4310 618 4365 illo
649 4310 795 4365 domi
829 4320 996 4367 esset.
1040 4311 1143 4378 Qui
1176 4328 1235 4368 re
1263 4313 1413 4368 omni
1444 4320 1751 4385 perspecta,
1784 4313 1954 4368 denti-

372 4398 475 4453 bus
525 4397 786 4461 fremens,
840 4401 1113 4470 rugientis
1156 4400 1333 4457 leonis
1380 4401 1595 4466 instar,
1648 4416 1717 4457 ac
1763 4400 1952 4455 divino

371 4488 609 4559 quodam
663 4488 862 4543 ardore
894 4492 1161 4560 percitus,
1215 4491 1285 4546 ad
1340 4490 1700 4547 Manicheum
1763 4494 1951 4562 potius

371 4578 650 4649 proﬁcisci
696 4580 975 4650 cupiebat,
1009 4581 1398 4653 hominemque
1430 4598 1461 4639 e
1490 4583 1765 4646 barbaris,
1801 4584 1948 4639 unde

371 4669 421 4723 is
464 4677 637 4723 ortus
670 4677 808 4734 erat,
860 4669 1236 4726 advenientem
1270 4679 1325 4726 et
1380 4672 1447 4726 ad
1480 4672 1703 4726 humani
1733 4674 1951 4743 generis

370 4755 669 4827 perniciem
722 4758 1097 4827 insurgentem
1138 4773 1357 4829 capere.
1391 4758 1501 4815 Sed
1530 4760 1773 4830 prudens
1809 4758 1951 4815 Mar-

370 4845 564 4909 cellus,
599 4846 847 4918 mitigato
874 4847 1129 4916 precibus
1157 4850 1441 4921 episcopo,
1471 4847 1782 4921 Tyrhonem
1816 4851 1951 4906 hor-

367 4945 518 4993 tatus
567 4946 673 5004 est,
715 4946 775 4993 ut
826 4939 893 4994 ad
948 4938 1160 4995 Manem
1210 4942 1265 4996 in
1315 4942 1610 4998 Arabionis
1661 4942 1948 5000 castellum

299 5039 317 5062 '
366 5031 594 5096 rediret,
632 5031 724 5086 ubi
758 5030 828 5086 ab
870 5030 962 5085 illo
989 5034 1435 5104 exspectabatur.
1472 5033 1588 5089 Hoc
1616 5044 1800 5091 autem
1853 5050 1948 5090 ca-

367 5121 588 5175 stellum
615 5128 702 5177 est
737 5120 882 5176 inter
927 5120 1210 5178 Persidem
1256 5138 1321 5179 ac
1363 5123 1812 5194 Mesopotamiam
1868 5126 1948 5181 si-

367 5221 503 5266 tum.
544 5211 652 5268 Sed
681 5229 806 5269 cum
838 5212 1022 5286 Tyrbo
1045 5216 1246 5271 reverti
1274 5214 1342 5270 ad
1372 5214 1729 5273 Manichmum
1754 5218 1945 5285 nollet,

364 5317 431 5358 eo
462 5304 675 5369 relicto,
726 5306 1038 5377 expeditum
1082 5307 1371 5379 quemdam
1414 5323 1692 5364 cursorem
1726 5325 1759 5365 e
1792 5310 1950 5365 fami-

2056 2118 2213 2190 ήμῶν
2259 2120 2354 2174 καὶ
2417 2122 2624 2192 Κυρίου
2690 2121 2867 2193 Ἰησοῦ
2896 2121 3131 2193 Χριστοῦ
3167 2123 3534 2190 πιστεύουσιν,
3560 2126 3645 2180 ὅτι

2060 2213 2142 2264 Οὐ
2194 2210 2443 2266 δύναται
2510 2212 2766 2282 δένδρον
2841 2213 3034 2267 καλὸν
3089 2214 3359 2282 καρποὺς
3414 2218 3645 2284 κακοὺς

2057 2301 2323 2371 ποιῆσαι,
2377 2303 2522 2358 οὐδὲ
2560 2305 2679 2374 μὲν
2714 2305 2968 2374 δένδρον
3009 2304 3200 2359 κακὼ·
3231 2308 3458 2375 καλοὺς
3498 2326 3646 2378 καρ-

2021 2461 2023 2463 ι
2057 2395 2213 2461 ποὺς
2242 2397 2509 2465 ποιῆσαι.
2548 2398 2659 2451 Kai.
2706 2398 2825 2462 πῶς
2861 2397 2951 2453 τὸν
2979 2387 3113 2452 Θεὸν
3152 2399 3248 2454 τοῦ
3291 2400 3507 2454 Σατανᾶ
3547 2401 3646 2454 καὶ

1984 4545 2033 4606 D

2056 2486 2165 2539 τῶν
2198 2486 2385 2541 κακῶν
2412 2488 2579 2542 αὐτοῦ
2626 2488 2970 2561 πραγμάτων
2997 2488 3180 2560 λέγειν
3206 2489 3448 2563 τολμῶσι
3482 2509 3647 2562 ποιη-

2057 2577 2155 2648 τὴν
2187 2578 2281 2629 καὶ
2326 2577 2681 2649 δημιουργὸν,
2715 2579 3016 2652 θαυμάζειν
3053 2598 3143 2654 μοι
3182 2582 3500 2654 ἐπέρχεται.
3532 2584 3649 2636 Καὶ

2059 2667 2169 2721 εἴτε
2194 2668 2293 2739 μὲν
2322 2670 2454 2741 ἄχρι
2482 2669 2687 2725 τούτων
2712 2671 2945 2741 ἔφθασεν
2994 2673 3172 2728 αὐτῶν
3200 2677 3233 2746 ή
3260 2674 3645 2745 ματαιοπονία,

2059 2759 2153 2812 καὶ
2188 2759 2263 2832 μὴ
2290 2759 2380 2813 τὸν
2415 2761 2695 2833 Μονογενῆ
2724 2762 2816 2817 τὸν
2855 2763 2921 2816 ὲκ
2945 2762 3055 2817 τῶν
3080 2763 3297 2819 κόλπων
3313 2763 3406 2818 τοῦ
3428 2766 3649 2836 Πατρὶς

2059 2851 2376 2905 καταϐάντα
2418 2853 2677 2924 Χριστὸν,
2725 2855 2943 2927 Μαρίας
2974 2857 3119 2923 τινὸς
3154 2858 3414 2928 γυναικὸς
3456 2860 3646 2930 ελεγον

2060 2939 2197 2998 εἶναι
2232 2945 2366 3011 υἱὸν,
2424 2945 2485 3010 ἐξ
2518 2944 2772 3018 αἵματος,
2811 2949 2905 3003 καὶ
2938 2936 3158 3023 σαρκὸς,
3202 2953 3300 3007 καὶ
3338 2952 3440 3024 τῆς
3474 2953 3645 3025 ἄλλης

2059 3036 2325 3100 δυσωδίας
2371 3036 2480 3090 τῶν
2510 3037 2787 3105 γυναικῶν
2824 3040 3176 3112 γεγενῆσθαι.
3216 3042 3329 3097 Καὶ
3356 3044 3441 3097 ἵνα
3469 3045 3545 3117 μὴ
3573 3046 3646 3098 τὰ

2063 3120 2233 3176 πολλὰ
2263 3122 2351 3176 διὰ
2382 3124 2544 3195 τῆσδε
2589 3125 2690 3198 τῆς
2744 3129 3035 3201 ἐπιπολῆς
3084 3132 3313 3203 γράφων
3346 3134 3429 3197 εἰς
3467 3134 3646 3206 μῆκος

2060 3215 2253 3288 χρόνου
2286 3215 2527 3287 διασύρω
2581 3235 2675 3273 σου
2709 3221 2809 3292 τὴν
2856 3221 3176 3292 ἐπιείκειαν,
3205 3224 3306 3279 οὐκ
3352 3223 3490 3297 ἔχων
3542 3227 3646 3292 τὰς
3727 3245 3736 3283 ῖ

2060 3304 2296 3375 φυσικὰς
2341 3305 2592 3379 φράσεις,
2628 3310 2722 3363 ἐπὶ
2773 3310 2985 3377 τούτοις
3037 3314 3468 3388 ἀρκεσθήσομαι.
3498 3318 3572 3372 Τὸ
3597 3319 3646 3372 δ’

2059 3395 2180 3450 ὅλον
2200 3397 2387 3472 γνώσῃ
2423 3399 2689 3471 παρόντος
2711 3420 2811 3473 μου
2842 3406 2980 3474 πρὸς
3028 3406 3109 3472 σὲ,
3138 3406 3255 3476 εῐγε
3292 3408 3394 3479 τῆς
3417 3411 3645 3465 σεαυτοῦ

2061 3488 2337 3559 σωτηρίας
2367 3488 2447 3543 ἔτι
2480 3490 2660 3563 φείδῃ.
2697 3493 2833 3548 Οὐδὲ
2856 3495 2966 3567 γὰρ
2989 3495 3183 3567 βρόχον
3216 3498 3324 3551 τινὶ
3346 3499 3642 3568 ἐπιδάλλω,

2059 3576 2136 3641 ὡς
2176 3580 2227 3631 οἰ
2264 3578 2374 3634 τῶν
2422 3580 2635 3635 πολλῶν
2684 3583 3073 3661 ἀφρονέστεροι
3124 3589 3390 3648 ποιοῦσιν.
3442 3590 3570 3648 Νόει
3606 3594 3643 3650 ἃ

2060 3667 2226 3740 λέγω,
2261 3671 2450 3727 τέκνον
2478 3674 2777 3746 τιμιώτατε
2789 3720 2806 3736 .

2130 3854 2204 3907 Z’.
2229 3849 2446 3926 Ταύτην
2470 3855 2737 3926 ἀναγνοὺς
2782 3856 2877 3929 τὴν
2905 3859 3195 3931 ἐπιστολὴν
3229 3861 3258 3913 ό
3285 3860 3645 3932 ἀξιολογώτα-

2058 3956 2150 4003 τος
2171 3940 2516 4013 Μάρκελλος,
2546 3946 2641 3998 καὶ
2677 3945 3093 4013 θεοσεϐέστατος
3125 3950 3287 4022 ἀνὴρ,
3324 3952 3418 4005 καὶ
3450 3952 3647 4023 διαφα-

2059 4030 2178 4100 νὴς,
2227 4031 2504 4102 ἐθαύμαζε
2577 4035 2671 4088 καὶ
2727 4035 3105 4108 ἐξεπλήττετο.
3166 4039 3487 4113 Συμϐέὸηκε
3533 4041 3646 4115 γὰρ

2071 4120 2360 4195 ’Δρχέλαον
2407 4124 2501 4177 τὸν
2542 4127 2643 4197 τῆς
2690 4128 2897 4194 πόλεως
2948 4131 3243 4186 ἐπίσκοπον
3300 4133 3481 4188 οἶκαδε
3527 4134 3645 4205 ἅμα

2058 4214 2208 4286 αὐτῷ
2258 4216 2496 4272 συνεῖναι
2546 4218 2669 4272 κατ’
2707 4220 2922 4293 ἐκείνην
2972 4223 3071 4295 τὴν
3117 4226 3351 4298 ἡμέραν,
3394 4227 3453 4280 ὲν
3541 4227 3644 4300 τὴν

2058 4305 2349 4378 ἐπιστολὴν
2377 4308 2471 4363 τοῦ
2496 4310 2799 4382 Μανιχαίου
2842 4314 2981 4385 μετὰ
3010 4318 3198 4387 χεῖρας
3229 4316 3450 4389 εἴληφεν
3481 4319 3511 4370 ὀ
3540 4318 3640 4373 τοῦ

2058 4398 2194 4454 Θεοῦ
2226 4400 2432 4467 δοῦλος.
2474 4405 2534 4456 ’0
2562 4404 2619 4457 δὲ
2664 4398 2971 4477 Ἀρχέλαος,
3003 4410 3164 4476 γνοὺς
3190 4410 3291 4482 τὴν
3322 4410 3520 4475 αἰτίαν,
3546 4411 3643 4463 καί⁵

2056 4490 2155 4564 τὴν
2180 4493 2467 4566 ἐπιστολὴν
2488 4495 2774 4565 ἀναγνοὺς,
2803 4497 3001 4571 ἔδρυχε
3028 4502 3155 4565 τοὺς
3184 4500 3420 4567 ὀδόντας,
3452 4501 3644 4571 ῶσπερ

2055 4581 2192 4638 λέων
2212 4583 2544 4658 ὠρυόμενος,
2574 4590 2669 4643 καὶ
2698 4589 2857 4662 ζῆλον
2883 4590 3019 4644 Θεοῦ
3051 4592 3353 4659 ἀναλαϐὼν,
3379 4596 3643 4666 ἐπειρᾶτο

2055 4675 2293 4746 ὁρμῆσαι
2361 4678 2561 4749 μᾶλλον
2607 4680 2712 4747 ἓως
2759 4681 2946 4749 αὑτοῦ,
3003 4685 3097 4737 καὶ
3137 4683 3506 4757 χειρώσασθαι
3546 4684 3641 4738 τὸν

2053 4765 2313 4830 τοιοῦτον,
2359 4769 2436 4833 ὡς
2487 4771 2738 4826 ὲπίλυτον
2769 4774 2788 4805 ⁸
2817 4774 2881 4829 ἐκ
2914 4774 3225 4847 βαρῦἁρων,
3249 4776 3372 4831 ὃθεν
3401 4778 3495 4831 καὶ
3523 4777 3640 4849 ὠρ-

2060 4858 2198 4929 μᾶτο
2228 4859 2365 4931 πρὸς
2403 4862 2712 4935 ἀφανισμὸν
2756 4866 2863 4920 τῶν
2892 4868 3022 4921 υἱῶν
3061 4867 3170 4921 τῶν
3213 4868 3514 4947 ᾲνθρὼπων
3547 4868 3644 4921 ἐπ-

2033 4952 2381 5009 αναστάντα.
2420 4954 2481 5007 ’0
2511 4955 2568 5009 δὲ
2604 4958 2821 5022 συνετὸς
2840 4961 3158 5030 Μάρκελλος
3181 4962 3272 5016 τὸν
3299 4961 3395 5033 μὲν
3416 4961 3642 5015 ἐπίσκο-

2057 5060 2158 5096 πον
2180 5041 2420 5109 ἀξιώσας
2453 5048 2825 5121 κατεπράϋνε,
2858 5051 3108 5123 Τύρϐωνι
3137 5053 3193 5105 δὲ
3242 5052 3644 5127 παρεκελεύετο

2055 5135 2291 5190 διανύειν
2339 5138 2439 5209 τὴν
2489 5138 2799 5213 ὁδοιπορίαν
2843 5143 2981 5215 πρὸς
3021 5144 3110 5197 τὸν
3139 5145 3331 5215 Μάνην
3355 5148 3412 5198 ὲν
3435 5142 3511 5215 τῷ
3538 5162 3643 5197 ita-

2059 5225 2261 5297 στέλλῳ
2293 5227 2641 5299 Ἀραϐίωνος,
2662 5231 2788 5285 ἔνθα
2813 5250 2917 5287 που
2938 5234 3213 5304 ἐξεδέχετο
3238 5234 3328 5287 τὸν
3348 5232 3637 5307 Τύρὸιιινα.

2060 5317 2214 5371 Ἔστι
2266 5318 2323 5371 δὲ
2354 5319 2511 5374 τοῦτο
2542 5322 2603 5375 τὸ
2637 5323 2897 5395 φρούριον
2936 5325 3040 5381 ἀνα
3072 5326 3238 5397 μέσον
3271 5324 3380 5377 τῶν
3411 5329 3638 5398 Περσῶν

368 5392 439 5445 lia
482 5407 613 5460 sua,
661 5393 921 5464 destinat,
966 5412 1062 5469 per
1099 5415 1263 5470 quem
1304 5398 1405 5456 has
1447 5400 1515 5456 ad
1546 5399 1699 5454 illum
1733 5400 1947 5460 litteras

2059 5410 2150 5463 καὶ
2186 5410 2460 5482 ἀναμέσον
2488 5415 2586 5485 τῆς
2622 5392 3085 5486 Μεσοποταμίαςί
3114 5416 3175 5469 '0
3206 5416 3263 5469 δὲ
3283 5392 3640 5492 παρῃνησατο

366 5483 531 5539 dedit.

2054 5500 2153 5573 τὴν
2174 5502 2311 5575 πρὸς
2329 5505 2421 5558 τὸν
2443 5507 2741 5579 Μανιχαίον
2762 5507 2945 5577 ἄφιξιν
2960 5524 2973 5537 ·
3001 5508 3095 5561 καὶ
3115 5507 3133 5538 '
3166 5508 3241 5581 μὴ
3280 5510 3639 5581 καταναγκά-

364 5592 461 5639 σας
492 5575 583 5629 re»
604 5576 892 5652 Τύρὸωνα,
926 5581 1247 5637 ἀποστέλλει
1289 5583 1410 5640 τινὰ
1434 5585 1772 5660 ταχυδρόμον
1802 5588 1911 5642 τῶν
1953 5590 2121 5659 ἰδίων,
2152 5594 2370 5665 γράψας
2398 5598 2545 5671 αὐτῷ
2574 5575 2864 5673 ἐπιστολήν
2892 5602 3127 5657 τοιάνδε.

432 5692 450 5774 ξ
485 5690 758 5774 Hebr._yt,
784 5695 936 5774 8.‘_‘I
973 5697 1159 5759 Matth.
1188 5716 1286 5769 vn,
1317 5703 1402 5759 l7.
1484 5705 1505 5737 ³
1562 5703 1720 5762 Joan.
1757 5722 1794 5774 ι,
1830 5708 1915 5761 l8.

361 5760 383 5797 τ
409 5761 572 5821 Deest
599 5765 628 5817 ὁ
652 5766 992 5838 Μάρκελλος.

2066 5707 2234 5769 lCor.
2301 5732 2372 5772 vn
2423 5718 2511 5776 55.
2588 5719 2760 5778 'For.
2805 5721 2878 5778 μὴ
2912 5723 2997 5780 as.
3075 5723 3097 5756 ⁸
3132 5720 3265 5792 ,Εοικ
3341 5723 3639 5789 ἐπήλυτον.

2658 5906 2709 5913 Α-

3708 3334 3739 3607 ἒ

3690 3652 3717 3671 υ
