3850 6204
185 299 239 362 ω
809 296 1180 356 ADV’ERSUS
1213 296 1556 356 HERESES
1596 297 1726 354 LIB.
1765 294 1829 354 II.
1871 295 2036 356 ΤΟΜ.
2077 296 2144 355 II.
2183 330 2254 342 -
2293 297 2568 356 IIIERES.
2612 299 2796 357 LXVI.

320 435 649 504 Ἐπιστολὴ
677 436 1038 507 Μαρκέλλου
1070 439 1220 509 πρὸς
1257 443 1410 496 Mart
1415 439 1608 510 χαῖον.
1785 398 1858 480 Α.

242 568 556 641 Μάρκελλος
596 569 738 640 ἀνὴρ
775 570 1050 643 ἐπίσημος
1078 572 1384 644 ,Μανιχαίῳ
1413 571 1490 642 τῷ
1528 570 1617 625 διὰ
1653 568 1756 642 τῆς

183 661 461 733 ἐπιστολῆς
493 661 809 736 δηλουμένῳ
837 663 1072 736 χαίρειν.
1096 664 1207 737 Τὴν
1231 664 1332 737 μὲν
1361 665 1465 719 ὑπὸ
1496 664 1590 719 σοῦ
1620 682 1759 737 γρα-

172 755 359 837 ,φείσαν
377 751 669 824 ἐπιστολὴν
692 755 1060 826 προσηκάμην
1077 771 1094 789 ο
1116 755 1279 810 τὸνδὲ
1301 755 1377 808 Τύ
1387 754 1568 828 ρϐωνα
1589 773 1758 828 προσ-

181 845 440 918 εδεξάμην
464 847 607 901 κατὰ
651 847 1051 920 φιλοφροσύνην
1084 848 1243 920 ἐμήν.
1278 848 1398 902 Τῶν
1421 848 1479 902 δέ
1503 849 1762 920 γραμμά-

183 955 277 993 των
318 939 412 992 τὸν
457 937 582 993 νοῦν
611 939 860 1012 οὐδαμῶς
897 939 1100 1011 ἔγνων·
1132 941 1181 994 εἰ
1217 941 1292 1014 μὴ
1337 943 1400 994 σὺ
1449 941 1760 1013 παραγενό-

181 1046 331 1103 μενος
345 1029 562 1102 φράσῃς
590 1032 725 1102 ἡμῖν
753 1030 1127 1103 καταλογάδην
1145 1031 1397 1096 ἕκαστον,
1422 1032 1496 1096 ὡς
1520 1031 1758 1101 ὑπέσχου

181 1119 257 1175 διὰ
276 1120 375 1190 τῆς
405 1121 716 1192 ἐπιστολῆς.
746 1120 1050 1194 Ἔρρωσθε.

243 1240 321 1292 Η’.
365 1235 552 1291 Ταῦτα
584 1239 746 1307 γνοὺς
776 1239 804 1292 ὁ
836 1237 1030 1310 Μάνης
1077 1238 1375 1293 ἐσκέπτετο
1421 1241 1520 1294 οὐκ
1551 1239 1762 1312 ἀγαθὴν

177 1325 307 1385 εἶναι
328 1331 431 1403 τὴν
449 1331 543 1385 τοῦ
571 1329 860 1402 Τύρϐωνος
886 1332 944 1385 ἐν
967 1329 1189 1397 καθέξει
1228 1333 1524 1407 γενομένην
1560 1350 1764 1404 παρου-

179 1420 294 1475 σιαν
329 1419 613 1490 (πολλάκις
653 1419 711 1474 δὲ
760 1420 858 1475 καὶ
892 1420 1053 1475 αὑτὸν
1081 1420 1290 1494 ἠπάτα,
1323 1421 1460 1475 ἄλλα
1502 1422 1652 1493 παρὰ
1696 1422 1766 1476 τὰ

176 1514 300 1569 ῠντα
333 1513 731 1586 λογιζόμενος),
762 1513 1136 1586 πληροφορίας
1170 1515 1270 1586 τῆς
1299 1514 1491 1569 ἑαυτοῦ
1525 1515 1764 1577 διανοίας

177 1606 354 1680 χάριν.
416 1606 628 1678 Ὅμως,
686 1605 776 1660 διὰ
828 1609 928 1678 τῆς
991 1606 1286 1678 ἐπιστολῆς
1343 1607 1638 1679 λαϐόμενος
1666 1606 1766 1678 τὴν

179 1698 476 1772 πρόφασιν,
508 1697 786 1771 δρομαιως
816 1694 918 1771 ἦκε
948 1699 1084 1771 πρὸς
1116 1701 1208 1754 τὸν
1239 1699 1578 1772 Μάρκελλον.
1618 1701 1678 1754 '0
1710 1700 1767 1754 δὲ

3374 299 3447 356 ιε

2133 439 2382 498 Marcelli
2416 443 2486 498 ad
2519 444 2873 499 Maniclueum
2912 441 3160 512 epistola.

1930 581 2222 639 Marcellus
2265 583 2351 638 vir
2393 581 2624 640 illustris
2655 581 2952 637 Manicme
3004 595 3100 652 per
3149 580 3440 650 epistolam

1861 675 1993 728 mihi
2023 674 2247 745 cegnito
2291 673 2544 730 salutem.
2598 675 2796 744 Accepi
2847 690 2987 743 quas
3022 675 3100 730 ad.
3123 689 3209 729 me
3242 674 3443 729 dedisti

1867 767 2098 824 litteras.
2139 764 2640 840 Tyrbonem‘625
2667 780 2797 821 vero
2828 781 2926 836 pro
2959 781 3076 820 mea
3108 766 3446 838 benignitate

1864 859 2100 929 suscepi.
2139 858 2282 926 Quid
2318 867 2500 916 autem
2534 859 2733 914 litterze
2784 869 2888 914 tuae
2939 858 3042 915 sibi
3088 859 3257 914 velint
3305 865 3444 914 non-

1863 947 1992 1002 dum
2047 949 2329 1013 intellexi,
2386 949 2493 1004 nisi
2546 955 2605 1003 tu
2655 947 2722 1002 ad
2771 964 2871 1004 nos
2928 949 3153 1004 veniens
3206 948 3450 1018 singula;

1866 1040 1941 1093 uti
1999 1056 2091 1108 per
2147 1041 2360 1095 litteras
2408 1041 2684 1112 recepisti.
2728 1041 2795 1096 ad
2835 1041 3058 1095 verbum
3101 1041 3446 1111 exposueris.

1870 1129 2072 1186 Valete.

1942 1244 2082 1299 VIII.
2122 1243 2246 1300 Ηωο
2298 1244 2392 1299 ubi
2441 1244 2626 1300 Manes
2675 1247 2908 1316 accepit,
2957 1248 3172 1303 tametsi
3221 1247 3353 1302 nihil
3394 1248 3448 1303 in

1871 1353 1934 1393 ea
1984 1337 2258 1410 Tyrbonis
2309 1338 2611 1393 retentione
2645 1338 2771 1392 boni
2812 1352 2937 1393 esse
2971 1353 3155 1394 secum
3201 1342 3450 1395 animad-

1867 1439 2104 1486 verteret
2144 1433 2161 1502 (
2191 1446 2432 1501 persaepe
2469 1445 2597 1486 vero
2626 1431 2738 1485 falli
2765 1432 3022 1502 opinione
3052 1433 3280 1496 solebat,
3313 1435 3452 1489 alia-

1869 1539 1974 1594 que
1995 1523 2200 1587 omnia,
2227 1536 2391 1594 quam
2418 1525 2512 1586 ita,
2541 1523 2619 1576 uti
2649 1538 2707 1578 se
2736 1537 2826 1578 res
2854 1523 3086 1578 habebat
3120 1523 3444 1595 conjicere),

1872 1625 1932 1672 ut
1963 1617 2031 1673 de
2063 1623 2177 1672 tota
2223 1631 2282 1671 re
2314 1616 2516 1672 certior
2547 1615 2721 1680 fieret,
2759 1616 3054 1673 occasione
3103 1633 3166 1672 ex
3215 1615 3454 1674 Marcelli

1873 1711 2072 1768 litteris
2136 1719 2381 1782 accepta,
2427 1711 2710 1767 celerrime
2758 1711 2825 1765 ad
2879 1711 3030 1764 illum
3071 1711 3330 1766 accurrit.
3389 1711 3457 1764 At

176 1789 476 1852 ἐπίσκοπος
499 1798 503 1802 ’
524 1788 816 1860 Ἀρχέλαος
849 1789 987 1860 ἔχων
1029 1791 1088 1844 ἐν
1131 1788 1311 1861 ἐαυτῷ
1366 1789 1506 1861 μετὰ
1549 1790 1641 1844 τὸν
1676 1790 1766 1844 λό-

1894 1804 2180 1861 ircbelaus
2207 1776 2502 1874 episcopus
2537 1812 2735 1874 praeter
2770 1803 3084 1858 doctrinam
3138 1803 3260 1858 ﬁdei
3302 1804 3460 1858 insu-

185 1901 267 1954 γον
299 1887 322 1916 ¹
353 1883 450 1938 καὶ
476 1882 539 1937 τὸ
566 1882 866 1955 ζηλωτικὸν
910 1883 1010 1952 τῆς
1052 1882 1308 1946 πίστεως,
1339 1881 1676 1946 ἐϐουλεύετο,
1719 1885 1768 1937 εἰ

178 1971 239 2048 ἦν
269 1975 523 2039 δυνατὸν,
558 1975 618 2043 ἐξ
659 1974 833 2046 αὐτῆς
862 1975 952 2030 τὸν
981 1975 1170 2047 ἄνδρα,
1192 1974 1383 2047 ῶσπερ
1417 1975 1704 2047 πάρδαλιν,
1734 1977 1768 2048 ἦ

175 2067 364 2133 λύκον,
391 2069 428 2140 ἡ
451 2085 504 2121 τι
526 2067 714 2140 ἕτερον
740 2067 850 2120 τῶν
875 2065 1078 2138 θηρίων
1107 2064 1405 2137 άγρεύσας,
1429 2065 1648 2136 θανάτῳ
1669 2085 1773 2121 πα-

173 2159 458 2232 ραδοῦναι,
487 2159 575 2213 ἵνα
603 2159 680 2231 μὴ
711 2157 958 2229 λυμανθῇ
980 2157 1048 2212 τὰ
1070 2158 1385 2230 θρέμματα,
1411 2159 1657 2215 τοιούτου
1677 2160 1775 2233 θη-

179 2253 288 2326 ρὸς,
328 2251 440 2326 [ἐφ’
468 2239 613 2324 ὁδοῦ]
645 2251 747 2324 τὴν
786 2252 811 2285 ¹
851 2250 1056 2304 εἴσοδον
1089 2250 1389 2306 κατανοῶν.
1439 2252 1498 2304 '0
1531 2251 1589 2306 δὲ
1615 2251 1775 2324 Μάρ-

178 2343 373 2408 κελλος
405 2346 470 2416 τῇ
503 2342 860 2416 μακροθυμίᾳ
895 2341 1097 2414 μᾶλλον
1123 2343 1278 2414 ἠξίου
1320 2344 1414 2398 καὶ
1439 2344 1777 2412 ἀνεξικάκως

177 2437 269 2492 τὸν
322 2435 466 2509 πρὸς
509 2436 673 2491 αὐτὸν
706 2434 955 2505 διάλογον
991 2437 1086 2489 ἀπ’
1109 2436 1277 2491 αὐτοῦ
1317 2437 1590 2507 γενέσθαι.
1628 2439 1688 2493 '0
1719 2439 1776 2492 δὲ

180 2528 283 2601 ἢδη
337 2528 683 2602 μεμαθηκὼς
734 2527 838 2600 τῆς
880 2529 976 2583 τοῦ
1007 2530 1169 2602 Μάνη
1197 2529 1424 2603 γνώμης
1455 2531 1557 2603 τὴν
1598 2534 1778 2586 πᾶσαν

180 2622 466 2677 ὑπόθεσινο
505 2622 804 2694 διηγήσατο
847 2621 956 2694 γὰρ
995 2623 1179 2688 αὐτοῖς
1209 2625 1238 2676 ὁ
1267 2623 1514 2696 Τύρϐων,
1539 2625 1688 2697 αὐτῷ
1720 2643 1781 2679 τε

181 2716 276 2770 καὶ
308 2714 644 2789 Μαρκέλλῳ,
666 2716 766 2788 τὴν
793 2715 896 2788 τῆς
924 2716 1186 2788 αἱρέσεως
1215 2718 1396 2771 πᾶσαν
1427 2717 1779 2788 κενοφωνεανσ

175 2809 258 2874 ὡς
285 2811 316 2863 ό
349 2809 458 2881 μὲν
495 2809 693 2879 Μάνης
725 2808 821 2863 δύο
857 2809 1032 2882 ἀρχάς
1053 2811 1355 2882 εἰσηγεῖται
1381 2809 1654 2882 ἀνάρχους
1698 2810 1786 2864 ἀεὶ

179 2899 374 2967 οὔσας,
413 2901 511 2955 καὶ
540 2901 809 2974 μηδέποτε
841 2900 1224 2966 διαλειπούσας
1263 2902 1324 2955 τὸ
1356 2896 1518 2966 εἶναι,
1547 2902 1785 2956 ἀντικει-

181 2994 362 3065 μένας
389 2994 532 3065 πρὸς
564 2994 818 3067 ἀλλήλας
851 2995 946 3050 καὶ
966 2997 1030 3067 τῇ
1066 2995 1166 3066 μὲν
1199 2995 1298 3066 μιᾷ
1320 2994 1492 3067 ὄνομα
1515 2995 1696 3066 τίθησι
1727 2995 1789 3049 τὸ

183 3088 307 3158 φῶς
346 3088 449 3142 καὶ
477 3087 707 3157 ἀγαθὸν,
734 3090 801 3160 τῇ
832 3087 891 3142 δὲ
918 3087 1084 3160 ἐτέρᾳ
1117 3087 1310 3151 σκότος
1335 3087 1430 3141 καὶ
1465 3087 1686 3154 κακίαν,
1710 3086 1787 3150 ὡς

180 3176 332 3236 εἶναι
360 3179 500 3234 Θεὸν
525 3181 620 3236 καὶ
643 3181 907 3235 διάϐολονο
933 3179 1140 3247 ποτέἶδέ
1167 3179 1262 3234 καὶ
1286 3178 1442 3243 θεοὺς
1469 3181 1595 3242 τοὺς
1615 3181 1792 3250 ἀμφο-

183 3273 388 3347 τέρους
421 3273 602 3340 καλεῖ,
637 3273 768 3328 Θεὸν
787 3272 1021 3342 ἀγαθὸν,
1057 3274 1153 3326 καὶ
1185 3272 1320 3326 Θεὸν
1346 3273 1604 3343 πονηρόν.
1639 3267 1792 3325 Εἶναι

181 3367 244 3422 δὲ
273 3369 346 3421 ἐκ
373 3365 494 3421 τῶν
526 3365 621 3420 δύο
650 3363 835 3438 ἀρχῶν
868 3365 938 3418 τὰ
964 3365 1162 3432 πάντα,
1189 3364 1284 3418 καὶ
1325 3365 1668 3420 συνεστάναιο
1702 3365 1795 3418 καὶ

186 3457 290 3530 τὴν
333 3459 442 3529 μὲν
475 3458 610 3529 μίαν
647 3456 823 3528 ἀρχὴν
853 3456 924 3511 τὰ
966 3455 1148 3526 ἀγαθά
1173 3457 1351 3511 πάντα
1382 3458 1579 3523 ποιεῖν,
1609 3455 1708 3528 τὴν
1737 3455 1796 3510 δέ

181 3549 275 3604 tu!
287 3565 395 3612 ραν
427 3547 632 3619 ὁμοίως
664 3547 731 3602 τὰ
757 3547 956 3617 φαῦλα.
988 3548 1175 3619 Ἐχειν
1197 3546 1258 3601 δὲ
1286 3548 1345 3601 ἐν
1369 3544 1449 3619 τῷ
1471 3547 1661 3618 κόσμῳ
1686 3546 1797 3600 τῶν

178 3645 286 3700 δύο
312 3642 533 3699 τούτων
558 3641 742 3715 ἀρχῶν
766 3642 864 3707 τὰς
887 3641 1233 3706 ὑποστάσεις.
1264 3642 1376 3695 Καὶ
1407 3642 1506 3714 τὴν
1541 3642 1638 3712 μὲν
1667 3641 1797 3712 μίαν

180 3737 375 3810 ἀρχὴν
407 3735 772 3808 πεποιηκέναι
797 3733 858 3788 τὸ
889 3733 1073 3804 σῶμα,
1101 3733 1203 3806 τὴν
1234 3733 1291 3787 δὲ
1321 3731 1498 3805 ψυχὴν
1517 3725 1666 3785 ἐἶναι
1698 3732 1799 3802 τῆς

184 3831 417 3900 ἑτέρας.
446 3827 630 3899 Αὐτὴν
661 3826 719 3880 δὲ
753 3821 1016 3898 εἷναι-τὴν
1039 3826 1220 3898 ψυχὴν
1247 3827 1347 3898 τὴν
1379 3827 1437 3879 ἐν
1469 3824 1796 3896 ἀνθρώποις,

181 3925 289 3978 καὶ
329 3922 395 3976 ἐν
424 3921 596 3976 παντὶ
637 3919 786 3991 ζὼῳ,
837 3920 932 3974 καὶ
981 3918 1235 3990 πετεινῷ,
1277 3918 1371 3972 καὶ
1414 3918 1649 3990 ἑρπετῷ,
1706 3917 1800 3971 καὶ

183 4015 490 4088 κνωδάλφ·
515 4014 578 4068 οὐ
619 4013 778 4086 μόνον
826 4012 963 4066 ἀλλὰ
995 4013 1092 4066 καὶ
1125 4014 1182 4066 ἐν
1207 4015 1321 4075 τοῖς
1352 4013 1540 4082 φυτοῖς
1575 4011 1674 4082 τὴν
1701 4008 1801 4080 τῆς

181 4108 353 4179 ζωῆς
385 4105 594 4179 ἰκμάδα
619 4106 836 4176 κίνησιν
861 4100 1001 4159 εἶναι
1034 4104 1215 4176 ψυχῆς
1244 4103 1490 4174 φάσκων,
1518 4105 1582 4174 ἣν
1613 4103 1707 4156 καὶ
1743 4103 1801 4155 ἐν

183 4206 312 4268 τοῖς
348 4200 666 4275 ἀνθρώποις
691 4201 1046 4273 ὑπάρχουσαν
1068 4200 1235 4270 λέγει.

259 4320 356 4376 8’.
402 4319 576 4374 Ἀλλα
600 4318 659 4374 δὲ
677 4318 780 4374 ὅσα
812 4315 1145 4388 μυθοποιῶν,
1169 4315 1264 4370 καὶ
1282 4314 1551 4368 διδάσκων
1581 4312 1799 4382 φάσκει,

182 4415 288 4470 τὸν
334 4412 597 4467 ἐσθίοντα
634 4411 845 4483 σάρκας
871 4411 1049 4482 ψυχήν
1083 4426 1247 4481 φησιν
1267 4407 1469 4462 ἐσθίειν
1502 4406 1594 4460 τὸν
1629 4403 1799 4460 τοιοῦ-

1886 1913 1985 1970 per
2031 1897 2229 1953 ardore
2277 1897 2564 1968 praeditus,
2604 1904 2798 1951 auctor
2834 1906 2971 1961 erat,
3007 1907 3086 1959 ut,
3119 1898 3161 1950 si
3193 1899 3304 1953 ﬁeri
3332 1914 3460 1968 pos-

1879 1997 1984 2056 set,
2019 1989 2186 2045 bomo
2231 1989 2344 2051 ille,
2392 1987 2550 2058 pardi
2599 1988 2776 2043 instar
2806 2002 2868 2042 ac
2899 1988 3034 2057 lupi,
3081 1989 3162 2043 vel
3215 1990 3462 2058 cujusvis

1875 2083 2104 2140 alterius
2156 2081 2378 2146 bestiae,
2424 2083 2760 2151 interceptus
2801 2081 2963 2136 morti
3011 2082 3338 2148 traderetur,
3394 2097 3464 2138 ne

1891 2173 2164 2246 ejusmodi
2201 2171 2330 2229 ferat
2367 2173 2684 2228 incursione
2715 2187 2912 2243 pecora
2943 2173 3296 2239 laederentur,
3337 2189 3462 2228 cum

1883 2268 2036 2325 illius
2068 2268 2380 2339 ingressum
2418 2274 2799 2338 cognosceret.
2835 2265 3123 2322 Marcellus
3153 2273 3344 2322 contra
3371 2281 3466 2336 pa-

1888 2361 2091 2418 tienter
2123 2375 2187 2414 ac
2209 2358 2406 2414 leniter
2439 2359 2622 2430 potius
2657 2359 2808 2414 illum
2836 2358 2890 2412 in
2922 2358 3197 2429 colloquio
3224 2367 3467 2414 tractan-

1889 2454 2302 2526 dum,putabat.
2360 2453 2457 2508 Ille
2501 2468 2632 2507 vero
2671 2459 2949 2522 comperta
2989 2451 3102 2522 jam
3145 2451 3321 2508 Manis
3348 2451 3468 2524 cpi-

1882 2549 2045 2602 nione
2074 2562 2136 2601 ac
2166 2545 2415 2601 doctrina
2451 2565 2462 2600 :
2499 2545 2773 2614 siquidem
2804 2541 2986 2616 Tyrbo
3040 2545 3260 2616 utrique
3295 2554 3465 2603 totam

1883 2639 2031 2694 illius
2074 2647 2242 2694 sectae
2285 2637 2586 2692 vanitatem
2632 2637 2956 2709 explicarat,
3002 2638 3466 2707 quemadmodum

1883 2731 2095 2787 scilicet
2130 2730 2242 2786 duo
2271 2729 2543 2801 principia
2591 2737 2884 2791 statueret,
2932 2744 3054 2799 qua:
3097 2737 3154 2783 et
3199 2731 3469 2802 principio

1883 2828 2163 2885 carerent,
2197 2836 2298 2876 nec
2323 2834 2564 2889 unquam
2599 2818 2935 2882 desinerent,
2969 2819 3310 2891 invicemque
3347 2836 3472 2875 con-

1887 2913 2059 2968 traria
2087 2911 2306 2977 forent;
2337 2925 2570 2982 quorum
2614 2925 2785 2964 mium
2831 2911 3008 2965 lucem
3041 2925 3105 2965 ac
3135 2911 3338 2965 bonum
3377 2926 3472 2982 ap-

1888 3005 2156 3077 pellaret:
2224 3003 2458 3058 alterum
2516 3000 2774 3057 tenebras
2822 3015 2887 3055 ac
2937 3001 3163 3065 malum,
3215 3008 3272 3055 ut
3327 3001 3472 3056 idem

1895 3098 2006 3154 sint
2031 3111 2094 3151 ac
2117 3094 2261 3151 Deus
2290 3102 2344 3150 et
2379 3092 2632 3149 diabolus
2658 3111 2671 3148 :
2702 3107 2842 3162 quos
2865 3091 3086 3162 quidem
3116 3093 3306 3147 ambos
3335 3108 3476 3147 non-

1896 3201 2176 3257 nunquam
2217 3183 2358 3240 Deos
2396 3184 2726 3244 nominaret,
2757 3181 2925 3237 Deum
2955 3183 3212 3238 videlicet
3243 3184 3473 3248 bonum,

1895 3295 1960 3336 ac
1991 3279 2157 3333 Deum
2199 3279 2423 3332 malum.
2470 3277 2554 3329 Ab
2595 3276 2680 3330 his
2709 3274 2926 3330 duobus
2956 3275 3245 3345 principiis
3277 3284 3475 3331 exorta

1897 3386 1962 3427 ac
1985 3369 2283 3427 constituta
2313 3382 2438 3424 esse
2463 3367 2678 3447 omnia;
2707 3381 2942 3437 quorum
2999 3367 3070 3421 ab
3106 3366 3280 3422 altero
3308 3368 3476 3433 bona,

1897 3464 1966 3518 ab
1989 3463 2161 3518 altero
2184 3460 2328 3515 mala
2349 3459 2534 3514 omnia
2562 3457 3014 3530 proﬁciscuntur,
3047 3473 3170 3528 quae
3193 3459 3475 3515 amborum

1898 3551 2292 3624 principiorum
2326 3550 2382 3604 in
2417 3549 2520 3604 hoc
2543 3548 2748 3605 mundo
2777 3548 3192 3610 subsistentiam
3219 3551 3476 3613 habeant.

1898 3641 1984 3698 Ad
2036 3641 2152 3698 haec
2204 3655 2408 3711 corpus
2453 3639 2522 3694 ab
2567 3653 2678 3694 uno
2723 3640 2946 3695 illorum
2995 3655 3120 3697 esse
3167 3641 3475 3707 conditum,

1901 3734 2141 3789 animam
2173 3733 2242 3789 ab
2267 3734 2461 3788 altero.
2498 3731 2632 3798 Quae
2659 3731 2878 3802 quidem
2919 3733 3102 3788 anima
3137 3742 3245 3787 tam
3280 3735 3336 3788 in
3376 3735 3478 3790 ho-

1902 3825 2187 3890 minibus,
2250 3839 2415 3896 quam
2487 3824 2543 3878 in
2602 3824 2818 3885 caeteris
2876 3825 3240 3888 animalibus,
3311 3826 3478 3882 adeo-

1901 3933 2011 3989 que
2061 3916 2290 3980 avibus,
2352 3915 2701 3986 serpentibus
2772 3931 2837 3972 ac
2888 3917 3082 3974 bestiis
3135 3917 3268 3972 insit
3311 3936 3324 3973 :
3371 3917 3480 3972 imo

1902 4011 2066 4067 etiam
2114 4009 2402 4079 stirpibus,
2451 4008 2507 4063 in
2548 4009 2750 4079 quibus
2792 4008 3010 4064 vitalem
3043 4008 3326 4064 humorem
3363 4023 3482 4064 mo-

1906 4111 2021 4158 tum
2055 4102 2254 4156 animae
2282 4099 2472 4156 deﬁnit
2518 4116 2663 4166 esse,
2712 4099 3021 4171 cujusmodi
3068 4101 3124 4155 in
3167 4100 3482 4156 hominibus

1905 4193 2173 4249 cernitur.

1976 4306 2065 4362 IX.
2109 4306 2314 4362 Praeter
2341 4304 2458 4360 haec
2484 4305 2620 4360 alias
2642 4308 2928 4375 plerasque
2956 4302 3171 4360 fabulas
3212 4300 3481 4371 adjungit,

1907 4399 2053 4454 velut
2088 4396 2133 4453 si
2165 4396 2290 4468 quis
2317 4395 2580 4452 carnibus
2608 4405 2884 4457 vescatur,
2924 4396 3161 4448 animam
3195 4391 3482 4461 devorare,

178 4524 314 4571 τον,
357 4505 458 4560 καὶ
479 4499 620 4558 εἶναι
640 4502 804 4558 αὐτὸν
837 4502 1022 4574 ἔνοχον
1044 4499 1138 4555 τοῦ
1169 4500 1264 4555 καὶ
1294 4499 1456 4555 αὑτὸν
1485 4495 1724 4552 τοιοῦτόν
1747 4513 1771 4549 τ

1907 4505 2137 4560 eamque
2179 4487 2527 4544 committere
2565 4499 2804 4555 pinnam,
2839 4496 2895 4539 ut
2931 4489 2983 4540 in
3022 4487 3256 4557 idipsum
3307 4493 3488 4540 mute-

183 4599 491 4671 γενέσθαι.
530 4598 620 4662 Ὠς
647 4599 696 4651 εἰ
718 4596 888 4667 ἔφαγε
917 4597 1121 4667 χοῖρον,
1140 4595 1322 4666 χοῖρον
1343 4588 1499 4656 αὖθις
1526 4588 1799 4658 γενέσθαι,

179 4695 221 4767 ἢ
259 4692 508 4764 ταῦρον,
544 4688 578 4760 ἢ
615 4689 823 4760 δρνεον,
859 4685 895 4757 ἦ
933 4703 985 4739 τι
1011 4683 1121 4737 τῶν
1157 4681 1432 4752 ἐδωδίμων
1463 4676 1797 4748 κτισμάτων.

183 4787 290 4840 Διὸ
324 4783 600 4856 ἐμψύχων
629 4781 692 4835 οὐ
727 4780 1045 4852 μετέχουσιν
1069 4768 1235 4830 οὗτοι.
1267 4773 1379 4826 Καὶ
1401 4771 1517 4835 ἐὰν,
1545 4770 1698 4842 φησὶ,
1721 4769 1804 4832 τὶς

73 4937 76 4940 ,
183 4877 465 4950 φυτεύσῃ
494 4875 530 4946 ἢ
569 4873 764 4944 συκῆν,
797 4871 832 4943 ἢ
862 4869 1134 4942 ἐλαίαν,ἥ
1178 4866 1442 4939 ἄμπελον,
1486 4864 1520 4936 ἢ
1571 4879 1804 4933 συκομο-

67 4995 70 5000 ·
187 4973 357 5046 μιαν,
397 4970 432 5041 ἢ
464 4967 722 5039 περσέαν,
756 4965 852 5020 καὶ
889 4963 1050 5018 αὐτὸν
1075 4963 1493 5032 τελευτήσαντα,
1529 4952 1685 5046 αξθις
1715 4955 1805 5046 δε-

187 5042 480 5138 σμεῖσθαι
509 5058 673 5114 αὐτοῦ
707 5057 805 5129 τὴν
836 5055 1013 5128 ψυχὴν
1054 5057 1113 5109 ἐν
1143 5056 1256 5118 τοῖς
1284 5051 1518 5115 κλάδοις,
1551 5042 1633 5113 οἷς
1673 5044 1807 5116 ἐφύο

182 5173 377 5211 cauas
405 5152 668 5224 δένδρεσι,
693 5150 789 5204 καὶ
828 5149 903 5221 μὴ
934 5146 1194 5201 δύνασθαι
1221 5143 1590 5216 ὑπερόαἰνειν.
1616 5139 1729 5195 Καὶ
1756 5138 1809 5192 si

183 5265 311 5312 τις,
354 5244 518 5316 φησὶ,
556 5243 714 5314 γήμῃ
748 5243 1004 5311 γυναῖκα,
1043 5234 1198 5303 αὖθις
1229 5235 1391 5292 αὑτὸν
1429 5233 1567 5306 μετὰ
1597 5232 1696 5304 τὴν
1721 5234 1808 5286 ἐν·

184 5339 417 5394 τεῦθεν
455 5333 775 5406 ἀπαλλαγὴν
819 5330 1387 5404 μετενσωματοῦσθαι,
1428 5328 1524 5383 καὶ
1565 5323 1810 5396 γίνεσθαι

183 5431 390 5490 αὐτὸν
443 5431 695 5498 γυναῖκα,
754 5427 904 5489 ὅπως
955 5425 1052 5480 καὶ
1099 5424 1262 5486 αὐτὸς
1289 5418 1586 5492 γαμηθεῑη.
1618 5417 1727 5471 Καὶ
1762 5416 1813 5468 εἰ

1908 4592 2019 4639 tur.
2064 4582 2234 4654 626
2280 4579 2527 4649 Exempli
2578 4577 2776 4648 gratia,
2815 4579 2857 4632 si
2896 4594 3121 4649 porcum
3161 4579 3484 4642 comederit,

1907 4691 2136 4748 porcum
2194 4675 2344 4729 illum
2397 4672 2547 4736 fore,
2604 4673 2688 4729 vel
2743 4679 2982 4734 taurum,
3045 4672 3131 4728 vel
3183 4687 3360 4734 avem,
3400 4671 3484 4727 vel

1908 4769 2186 4842 quidpiam
2225 4782 2334 4838 quo
2362 4767 2656 4822 vescimur.
2693 4765 2927 4837 Ideoque
2958 4767 3026 4821 ab
3056 4766 3314 4821 animatis
3351 4763 3484 4820 abs-

1920 4862 2114 4916 tinent.
2170 4857 2325 4925 Quod
2371 4858 2417 4913 si
2477 4858 2632 4929 quis,
2669 4857 2864 4927 inquit,
2921 4856 3084 4912 licum
3132 4857 3352 4922 severit,
3394 4868 3492 4912 aut

1913 4953 2118 5016 oleam,
2167 4959 2262 5005 aut
2304 4951 2494 5015 vitem,
2534 4956 2626 5004 aut
2659 4963 3030 5021 sycomorum,
3066 4955 3162 5002 aut
3193 4946 3489 5018 persicam,

1915 5052 2039 5116 post
2082 5050 2313 5098 mortem
2364 5043 2507 5112 ejus,
2551 5057 2716 5113 quam
2758 5040 3043 5112 plantavit,
3074 5039 3290 5095 arboris
3318 5038 3490 5092 ramis

1882 5137 2194 5207 alligatur,
2242 5143 2305 5191 ut
2350 5134 2476 5191 inde
2529 5134 2716 5204 egredi
2764 5149 2872 5188 non
2919 5132 3112 5202 possit.
3166 5130 3493 5200 Quicunque

1914 5242 2048 5283 vero
2087 5241 2309 5281 uxorem
2359 5225 2596 5287 duxerit,
2630 5232 2753 5296 post
2779 5221 2986 5277 obitum
3017 5224 3071 5276 in
3113 5219 3258 5275 aliud
3294 5235 3495 5289 corpus

1918 5321 2140 5381 transit,
2172 5319 2336 5389 ﬁtque
2373 5317 2589 5383 mulier,
2619 5323 2751 5373 utet
2780 5315 3022 5372 vicissim
3055 5315 3230 5386 possit
3269 5313 3490 5369 nubere.

1919 5414 2022 5481 Qui
2065 5412 2340 5468 hominem
2381 5410 2666 5477 occiderit,
2710 5410 2804 5465 ubi
2835 5425 2899 5465 ex
2933 5409 3036 5464 hac
3074 5409 3186 5462 vita
3217 5405 3495 5469 discessit,

187 5543 315 5590 τις,
350 5524 548 5594 φησὶν.
583 5522 871 5589 ἐφόνευσεν
912 5518 1218 5588 ἄνθρωπον,
1260 5513 1397 5586 μετὰ
1422 5512 1520 5584 τὴν
1565 5511 1771 5582 σώματι

1922 5507 1978 5562 in
2025 5506 2233 5577 celephi
2281 5519 2485 5575 corpus
2537 5503 2824 5575 demigrat,
2859 5512 2952 5558 aut
2986 5501 3182 5565 muris,
3240 5508 3334 5555 aut
3385 5512 3500 5553 ser-

189 5587 554 5686 ἀπαλλαγὴν
585 5587 742 5677 αὖθις
793 5587 1266 5682 καταστρέφεσθαι
1304 5607 1401 5679 τὴν
1439 5604 1604 5661 αὐτοῦ
1637 5603 1771 5675 ψυχιὶ

1924 5599 2124 5672 pentis,
2173 5608 2266 5653 aut
2307 5595 2456 5652 aliud
2507 5595 2746 5668 denique.
2776 5594 2836 5650 iit
2884 5593 3178 5666 ejusmodi,
3233 5591 3395 5664 quale
3444 5587 3502 5646 id

277 5793 304 5827 ⁸
339 5789 421 5846 F.
459 5789 596 5862 μετὰ
621 5788 732 5842 τῶν
758 5785 953 5856 λόγων.
1065 5789 1087 5818 ³
1114 5783 1176 5842 F.
1203 5784 1397 5856 ἐφόδῳ,
1429 5782 1548 5854 τήν.

569 5881 843 5942 Panos.
875 5879 993 5940 Gn.
1033 5876 1208 5940 XLII
3184 5859 3225 5919 2
