3850 6204
376 325 448 380 {13
1779 319 1834 374 S.
1878 318 2218 378 EPIPHANII
3561 315 3633 382 ιι

377 444 462 493 est
510 434 655 506 quod
693 435 1047 491 interfecerit.
1082 434 1223 502 Quin
1255 435 1354 490 hoc
1392 436 1614 505 insuper
1641 435 1948 500 asserebat,

2068 438 2139 500 εἰς
2196 435 2458 505 κελέφω¹
2488 435 2668 508 σῶμα,
2697 436 2730 506 ἢ
2757 436 2836 499 είς
2871 436 2994 507 μῦν,
3025 437 3058 507 ἢ
3091 437 3169 499 είς
3199 432 3342 504 ὅφιν,
3381 434 3416 504 ἡ
3445 451 3499 488 τι
3519 451 3630 488 τοι-

379 530 657 585 caelestem
699 529 843 583 illam
886 530 1013 583 boni
1043 529 1132 583 Dei
1176 528 1518 598 sapientiam,
1553 542 1676 581 cum
1717 527 1952 580 animam

379 635 474 688 per
533 620 713 674 omnia
767 619 1084 690 dissipatam
1146 620 1400 690 colligere
1456 618 1612 673 vellet
1682 617 1952 689 (animam

377 710 522 765 enim
550 719 659 764 tam
708 711 816 775 ille,
844 725 1005 780 quam
1040 711 1160 780 ejus
1191 718 1490 766 sectatores
1523 709 1825 769 Manichazi,
1862 707 1954 764 Dei

379 802 703 872 particulam
753 818 874 857 esse
921 811 1132 872 putant,
1166 802 1235 856 ab
1263 816 1436 871 eoque
1479 803 1744 864 avulsam,
1798 807 1850 854 et
1888 801 1955 854 ab

381 893 596 948 adversi
642 894 854 963 imperii
895 894 1208 963 radicisque
1250 879 1591 964 principibus
1637 894 1691 946 in
1723 892 1953 962 captivi-

366 994 548 1040 °tatem
594 983 866 1040 redactam
900 985 956 1040 in
996 1000 1224 1055 corpora
1255 1002 1377 1041 esse
1409 985 1776 1054 depressam).
1822 983 1956 1037 Pro-

387 1076 513 1130 inde
549 1075 692 1146 quod
722 1076 909 1130 eadem
951 1077 1039 1130 illa
1068 1077 1222 1132 cibus
1253 1093 1441 1133 eorum
1477 1089 1621 1133 esset
1646 1077 1951 1142 hominum,

385 1167 475 1239 qui
501 1167 672 1236 ipsam
712 1176 1024 1236 rapuerant,
1057 1175 1219 1238 atque
1256 1171 1308 1222 in
1349 1171 1675 1239 corporibus
1709 1171 1823 1224 suis
1843 1169 1956 1224 dis-

389 1258 714 1322 tribuerant,
755 1259 957 1328 quibus
1005 1260 1164 1313 etiam
1196 1261 1363 1314 robur
1389 1262 1640 1331 viresque
1700 1261 1957 1332 suppedi-

383 1357 460 1404 tet
496 1367 509 1416 ;
572 1357 855 1420 propterea
915 1350 1208 1421 Sapientia,
1256 1353 1452 1422 inquit,
1493 1353 1582 1406 illa
1619 1368 1780 1422 quam
1817 1353 1956 1407 dixi-

387 1456 528 1504 mus,
568 1440 750 1496 sidera
796 1441 848 1495 in
885 1443 1024 1497 ccelo
1071 1444 1175 1497 ista
1222 1445 1508 1500 collocavit
1547 1445 1716 1500 solem
1767 1459 1831 1499 ac
1880 1446 1956 1498 lu-

384 1548 534 1597 nam,
583 1533 880 1602 stellasque
927 1543 1176 1599 caeteras.
1221 1544 1277 1591 et
1317 1537 1464 1592 illam
1518 1537 1803 1594 duodecim
1847 1540 1958 1595 ele-

385 1624 605 1687 mentis,
648 1633 706 1678 ut
756 1624 962 1682 Graecis
1015 1628 1212 1697 placet,
1259 1637 1601 1686 constantem
1649 1631 1955 1686 machinam

383 1717 660 1786 produxit.
697 1718 911 1785 Quibus
939 1720 1009 1775 ab
1040 1721 1324 1777 elementis
1347 1721 1574 1776 affirmat
1615 1732 1954 1778 mortuorum

2061 527 2217 581 οῦτον
2245 524 2400 592 αὖθις
2429 527 2666 591 ἔσεσθαι,
2699 527 2916 592 ὁποίους
2937 529 3031 582 καὶ
3052 528 3359 597 ἐφόνευσεν.
3389 526 3634 596 Ἔφασκε

2057 619 2112 673 δὲ
2139 620 2318 685 πάλιν,
2347 621 2428 674 ὃτι
2461 622 2494 690 ή
2527 621 2685 690 σοφία
2719 622 2752 691 ἠ
2777 619 2981 674 ἄνωθεν
3011 619 3104 674 τοῦ
3125 619 3325 689 ἀγαθοῦ
3355 618 3491 672 Θεοῦ
3516 618 3607 689 βου
3626 649 3636 658 ~-

2055 706 2318 779 λευομένη
2354 709 2453 780 τὴν
2474 708 2648 778 ψυχὴν
2681 710 2780 780 τὴν
2804 711 2861 762 ὲν
2890 710 3060 763 ἅπασι
3103 708 3446 779 διαχυθείσαν
3478 704 3635 779 (εἶναι

2058 799 2165 870 γάρ
2190 817 2323 869 φησι
2349 799 2530 863 αὐτὸς,
2555 801 2650 853 καὶ
2679 802 2726 853 οἱ
2761 799 3034 854 ἀπἀὑτοῦ
3063 801 3372 869 Μανιχαῖοι,
3405 799 3507 870 τὴν
3536 798 3638 868 ψυ-

2057 892 2158 960 χὴν
2201 891 2364 962 μέρος
2408 889 2566 954 Θεοῦ,
2609 890 2704 944 καὶ
2749 891 2843 944 ἀπ’
2882 889 3044 943 αὑτοῦ
3085 889 3550 952 ἀποσπασθεῖσαν,
3580 890 3638 943 ὲν

2059 982 2408 1054 αἰχμαλωσίᾳ
2433 983 2710 1055 ἀρχόντων
2730 982 2830 1054 τῆς
2855 981 3233 1054 ἀντικειμένης
3266 982 3440 1054 ἀρχῆς
3459 999 3518 1035 τε
3545 983 3638 1036 καὶ

2060 1073 2213 1144 ῥίζης
2251 1073 2688 1144 καταϐεϐλῆσθαι
2736 1075 2792 1128 ὲν
2841 1077 2949 1139 τοῖς
2976 1073 3212 1146 σώμασι)
3234 1091 3248 1104 ο
3283 1075 3423 1128 κατά
3452 1074 3640 1128 τοῦτον

2058 1165 2148 1218 τὸν
2173 1166 2392 1237 τρόπον,
2425 1167 2581 1237 φησὶ,
2607 1165 2695 1220 διά
2719 1166 2780 1219 τὸ
2819 1166 2988 1237 αὐτὴν
3017 1165 3207 1236 βρῶμα
3237 1167 3504 1238 ὑπάρχειν
3532 1166 3640 1218 τῶν

2058 1257 2225 1328 αὐτὴν
2247 1257 2606 1327 ἁρπαξάντων
2630 1256 2726 1311 ἀνθ
2737 1255 2952 1328 ρώπων,
2978 1257 3072 1310 καὶ
3097 1254 3278 1327 ἰσχύος
3297 1256 3640 1328 παρεκτικὴν

2060 1353 2172 1412 τοῖς
2203 1351 2408 1414 αὐτοῖς,
2442 1351 2538 1404 καὶ
2572 1351 2630 1402 έν
2661 1349 2876 1421 σώμασι
2911 1349 3419 1422 καταμερισάντωνο
3451 1349 3638 1402 τούτου

2059 1440 2238 1503 ἓνεκα,
2269 1441 2455 1511 φησιν,
2496 1443 2528 1511 ἡ
2583 1440 2953 1512 προειρημένη
2995 1440 3153 1509 σοφία
3179 1439 3305 1503 τοὺς
3347 1439 3642 1510 φωστῆρας

2057 1534 2280 1596 τούτους
2327 1533 2585 1588 κατέθετο
2624 1535 2681 1586 ὲν
2720 1531 2952 1604 οὐρανῷ,
2986 1532 3135 1604 ήλιόν
3167 1549 3226 1585 τε
3265 1533 3358 1586 καὶ
3412 1530 3641 1604 σελήνην

2060 1625 2153 1678 καὶ
2189 1625 2384 1697 ἄστρα,
2413 1625 2659 1696 μηχανὴν
2680 1623 2880 1695 ταύτην
2904 1623 3251 1695 ἐργασαμένη
3276 1622 3363 1677 διὰ
3393 1622 3505 1676 τῶν
3542 1623 3644 1676 δώ-

2058 1717 2192 1770 δεκα
2223 1716 2520 1787 στοιχείων,
2551 1710 2624 1771 ὧν
2653 1717 2699 1769 oi
2727 1714 2986 1786 ’Έλληνες
3015 1715 3303 1786 φάσκουσι.
3323 1716 3442 1792 Καὶ
3472 1715 3638 1769 ταῦτα

383 1805 688 1870 hominum,
737 1809 1163 1878 animaliumque
1201 1820 1520 1867 caeterorum
1563 1814 1774 1870 animas
1804 1815 1857 1869 in
1883 1815 1960 1868 al-

2068 1809 2130 1862 τά
2175 1811 2414 1880 στοιχεῖα
2460 1807 2850 1881 διισχυρίζεται
2883 1807 3179 1878 ἀνιμᾶσθαι
3204 1790 3508 1878 τὰς-ψυχὰς
3536 1807 3642 1860 τῶν

383 1907 493 1951 tum
533 1900 842 1969 splendidas
888 1916 952 1957 ac
985 1902 1313 1958 collucentes
1352 1905 1525 1969 evehi,
1565 1907 1708 1960 unde
1750 1907 1805 1961 in
1840 1922 1960 1962 sca-

386 1989 550 2059 pham
608 1991 874 2048 ferantur.
923 1992 1103 2049 Solem
1148 1995 1347 2065 quippe
1394 2011 1458 2050 ac
1511 1995 1692 2050 lunam
1742 1997 1960 2069 navigia

383 2096 507 2136 esse
547 2083 796 2152 quazdam
846 2085 1164 2141 existimat:
1195 2102 1427 2157 quorum
1473 2088 1617 2158 quod
1667 2089 1851 2145 minus
1877 2097 1962 2146 est

383 2188 486 2244 pro
521 2174 664 2231 lunae
689 2177 992 2234 crescentis
1040 2179 1218 2248 spatio
1246 2195 1314 2233 xv
1345 2179 1539 2236 diebus
1570 2196 1712 2237 onus
1741 2183 1959 2249 vehere,

387 2265 551 2335 idque
580 2267 822 2333 demum,
856 2269 1108 2323 confecto
1141 2279 1261 2340 past
1295 2287 1357 2324 xv
1389 2271 1530 2325 diem
1560 2288 1744 2333 cursu,
1783 2277 1961 2343 majus

388 2358 443 2410 in
503 2358 820 2428 navigium,
873 2360 1042 2414 solem
1092 2359 1366 2424 videlicet,
1428 2375 1718 2431 exponere.
1781 2361 1960 2418 Solem

390 2464 537 2513 vero,
606 2449 718 2505 sive
789 2450 1050 2519 majorem
1119 2451 1264 2504 illam
1320 2452 1523 2518 navim,
1595 2453 1652 2506 in
1703 2462 1960 2508 aternam

384 2539 571 2603 vitam,
624 2539 1019 2610 beatorumque
1071 2541 1228 2596 sedes
1296 2543 1507 2597 animas
1570 2528 1959 2601 transmittere.

386 2629 465 2683 Ad
499 2645 623 2684 eum
649 2631 869 2684 modum
903 2648 998 2700 per
1030 2635 1198 2687 solem
1237 2648 1299 2687 ac
1327 2635 1509 2688 lunam
1547 2636 1758 2690 animas
1792 2645 1965 2693 trans-

385 2721 526 2776 vehi.
581 2721 736 2788 Quod
781 2722 1000 2792 quidem
1049 2725 1245 2780 adeas
1289 2726 1567 2794 pertinere
1616 2736 1790 2796 putat,
1843 2745 1964 2798 quae

385 2813 666 2869 vanissimi
703 2813 787 2868 sui
818 2813 1085 2885 dogmatis
1123 2815 1412 2870 scientiam
1464 2818 1826 2887 perceperint,
1886 2818 1960 2870 uti

384 2913 686 2975 repurgata:
737 2903 917 2959 ﬁctam
961 2906 1108 2960 illam
1144 2907 1614 2962 transductionem
1659 2909 1960 2964 obtineant.

383 2994 538 3061 Quod
565 2996 670 3051 nisi
701 2997 1032 3067 cognitionis
1059 2999 1205 3054 illius
1239 2999 1515 3069 particeps
1539 2999 1723 3067 fuerit,
1772 3001 1965 3055 animae

386 3094 546 3156 negat
583 3102 734 3156 spem
761 3089 922 3141 ullam
960 3089 1156 3144 salutis
1185 3106 1309 3146 esse
1339 3092 1696 3161 propositam.
1731 3091 1964 3146 Omnino

384 3177 623 3249 denique
652 3179 810 3249 longa
838 3187 922 3234 est
948 3180 1093 3236 illius
1111 3183 1402 3238 commenti
1437 3183 1724 3254 tragmdia.

454 3407 615 3478 627
658 3405 722 3461 Χ.
769 3406 894 3461 Haec
924 3406 1087 3477 igitur
1117 3422 1240 3462 cum
1272 3408 1345 3460 ita
1384 3425 1442 3463 se
1465 3408 1743 3474 haberent,
1779 3416 1833 3463 et
1865 3409 1967 3462 Ar-

384 3492 608 3548 chelaus
637 3495 854 3564 penitus
889 3495 1072 3548 omnia
1109 3503 1431 3565 cegnosset,
1463 3507 1520 3550 ut
1557 3497 1623 3552 de
1669 3501 1967 3567 quaestione

387 3586 478 3640 illa
506 3587 786 3656 disputare
819 3595 1026 3656 posset,
1049 3601 1282 3656 cumque
1312 3588 1380 3642 ad
1408 3588 1458 3642 id
1488 3597 1633 3643 esset
1653 3589 1965 3646 instructis-

386 3680 580 3742 simus,
611 3681 806 3748 partim
851 3679 994 3750 quod
1039 3695 1071 3734 a
1119 3681 1404 3750 multiplici
1437 3680 1744 3736 divinarum
1784 3699 1964 3738 rerum

387 3770 620 3826 scientia
683 3772 1065 3840 paratissimus
1122 3779 1259 3839 erat,
1314 3773 1510 3842 partim
1563 3773 1706 3844 quod
1755 3789 1784 3828 a
1830 3773 1967 3846 Tyr-

386 3863 530 3918 bone
575 3863 867 3933 perdoctus
896 3873 1021 3917 ante
1056 3863 1252 3928 fuerat,
1301 3872 1356 3918 et
1397 3880 1586 3920 omnes
1630 3865 1821 3921 nefarii
1872 3867 1968 3921 ho-

391 3953 554 4008 minis
586 3955 892 4025 prtestigias
939 3963 1195 4010 accurate
1238 3953 1523 4020 didicerat,
1558 3971 1686 4011 ecce
1716 3957 1814 4011 tibi
1841 3973 1965 4012 cum

389 4061 613 4100 suorum
669 4047 930 4101 comitatu
980 4045 1165 4102 Manes
1209 4047 1462 4101 accessit.
1511 4047 1696 4114 Quare
1735 4048 1967 4104 subinde

389 4137 535 4190 nulla
581 4139 867 4209 interjecta
913 4153 1063 4193 mora
1113 4138 1390 4209 publicam
1430 4139 1775 4195 collationem
1805 4140 1967 4195 insti-

389 4238 548 4283 tuunt
580 4229 632 4284 in
663 4230 861 4301 oppido
891 4229 1010 4301 ipso
1039 4229 1345 4294 Caschara,
1381 4239 1437 4284 ut
1467 4239 1590 4286 ante
1624 4231 1808 4286 omnia
1835 4247 1966 4288 con-

391 4320 713 4374 troversiam
756 4320 904 4374 illam
955 4321 1252 4391 agitarent.
1301 4321 1385 4376 Ad
1419 4322 1475 4377 id
1513 4337 1642 4377 vero
1681 4332 1968 4378 concerta-

390 4410 560 4464 tionis
611 4410 852 4466 arbitros
896 4412 1162 4481 deligunt,
1220 4411 1516 4482 Marsipum
1568 4415 1881 4483 quemdam,
1913 4424 1967 4470 et

2061 1901 2436 1956 τελευτώντων
2497 1901 2797 1972 ἀνθρώπων
2841 1918 2899 1954 τε
2950 1901 3045 1954 καὶ
3087 1899 3196 1954 τῶν
3249 1899 3424 1956 ἄλλων
3464 1897 3641 1965 ζώων,

2063 1993 2286 2062 φαεινὰς
2309 1991 2494 2056 οὔσαςο
2523 1992 2786 2065 φέρεσθαι
2814 1992 2868 2045 δὲ
2889 1992 2980 2045 ἐπὶ
3002 1992 3062 2045 τὸ
3093 1992 3315 2061 σκάφος.
3341 1990 3507 2045 Πλοῖα
3535 1990 3646 2062 γὰρ

2064 2083 2207 2137 θέλει
2230 2083 2408 2153 λέγειν
2437 2085 2588 2156 ἥλιόν
2612 2101 2672 2138 τε
2698 2085 2792 2138 καὶ
2829 2076 3077 2157 σελήνην·
3115 2083 3209 2138 καὶ
3237 2084 3297 2137 τὸ
3320 2083 3416 2155 μὲν
3449 2082 3648 2153 μικρὸν

2065 2177 2246 2231 πλοῖον
2288 2176 2617 2248 φορτοῦσθαι
2659 2177 2764 2241 ἕως
2796 2176 3018 2249 ἡμερῶν
3058 2176 3376 2240 δεκαπέντε,
3413 2175 3509 2230 καὶ
3546 2174 3649 2246 τὴν

2065 2266 2342 2338 πλήρωσιν
2389 2267 2488 2338 τῆς
2544 2266 2792 2339 σελήνης,
2849 2267 2942 2321 καὶ
2989 2265 3132 2321 οὕτω
3173 2266 3403 2338 διαίρειν
3445 2281 3506 2318 τε
3553 2265 3650 2318 καὶ

2065 2357 2414 2411 ἀποτίθεσθαι
2481 2359 2587 2413 ἀπὸ
2645 2357 3138 2430 πεντεκαιδεκάτης
3214 2360 3293 2421 εἰς
3366 2356 3426 2410 τδ
3505 2355 3649 2426 μέγα

2065 2452 2267 2516 πλοῖον,
2301 2451 2544 2505 τουτέστι
2577 2451 2669 2504 τὸν
2708 2451 2878 2522 ἥλιον.
2925 2451 3028 2504 Τὸν
3057 2450 3115 2504 δὲ
3154 2450 3304 2521 ἥλιον
3332 2448 3432 2520 τὴν
3473 2449 3650 2519 μετά·

2063 2543 2161 2613 λην
2184 2540 2316 2596 ναῦν
2348 2542 2769 2614 διαπορθμεύειν
2798 2545 2878 2606 είς
2909 2543 3001 2596 τὸν
3029 2545 3127 2614 τῆς
3157 2541 3302 2612 ζωῆς
3337 2541 3532 2605 αἰῶνα,
3556 2541 3653 2594 καὶ

2069 2634 2334 2705 μακάρων
2358 2635 2552 2706 χῶρον.
2591 2634 2702 2688 Kal.
2730 2634 2900 2698 οὕτως
2927 2633 3027 2698 τὰς
3052 2633 3230 2704 ψυχὰς
3251 2632 3339 2686 διὰ
3374 2632 3470 2685 τοῦ
3495 2632 3650 2704 ήλίου

2065 2727 2160 2780 καὶ
2190 2727 2291 2797 τῆς
2320 2728 2549 2798 σελήνης
2580 2725 3126 2799 διαπορθμευθείσας.
3159 2726 3280 2778 Ἐπὶ
3321 2724 3431 2796 γὰρ
3454 2724 3562 2778 τῶν
3591 2726 3654 2779 ὲν

2066 2819 2295 2887 γνώσει’
2322 2820 2468 2889 λέγει
2486 2821 2584 2891 τῆς
2613 2821 2791 2875 αὐτῶν
2820 2819 3191 2892 χυδαιολογίας
3210 2817 3410 2884 ταύτας
3440 2817 3652 2889 καθαρ-

2068 2912 2251 2976 θείσας
2306 2913 2692 2980 καταξιοῦσθαι
2739 2917 2838 2986 τῆς
2881 2911 3381 2984 διαπορθμεύσεως,
3447 2910 3656 2979 ταύτης

2065 3002 2164 3071 τῆς
2207 3005 2334 3073 παρ’
2370 3002 2519 3074 αὐτῷ
2568 3003 2909 3074 μυθοποιίας.
2945 3002 3116 3056 Πάλιν
3146 3001 3203 3054 δὲ
3245 2998 3422 3071 ψυχὴν
3466 2998 3657 3052 οὐκέτι

2071 3093 2360 3158 σώζεσθαι,
2395 3097 2444 3147 εί
2473 3095 2547 3166 μή
2574 3112 2625 3148 τι
2652 3093 2718 3148 ἂν
2752 3095 2849 3166 τῆς
2878 3093 3132 3162 γνώσεως
3156 3092 3254 3162 τῆς
3282 3091 3452 3160 αὐτῆς
3485 3090 3652 3161 μετά-

2071 3201 2208 3255 σχοι.
2246 3187 2356 3238 Καὶ
2386 3185 2550 3254 πολλή
2593 3183 2678 3248 τίς
2723 3186 2871 3236 ἐστιν
2910 3187 2943 3258 ή
2984 3184 3084 3254 τῆς
3127 3183 3396 3254 ποιήσεως
3447 3179 3658 3249 ταύτης

2069 3292 2098 3326 τ
2109 3275 2366 3345 ραγῳδία.

2141 3387 2194 3438 1'.
2237 3385 2324 3448 Ὡς
2356 3385 2413 3438 δὲ
2445 3385 2616 3440 ταῦτα
2653 3382 2722 3457 ἦν
2759 3385 2952 3450 οὕτως,
2996 3387 3088 3440 καὶ
3123 3389 3181 3440 ἐν
3213 3387 3517 3459 καταλήψει
3561 3404 3658 3456 γεε-

2069 3476 2291 3547 γένηται
2322 3476 2428 3529 ὑπὸ
2453 3476 2546 3530 τοῦ
2579 3477 2872 3551 Ἀρχελάου
2902 3479 2984 3542 είς
3014 3477 3112 3551 τὴν
3141 3477 3424 3550 ἀντιϐολὴν
3445 3477 3540 3533 τοῦ
3564 3478 3660 3551 C1;-

2067 3569 2328 3638 τήματος,
2366 3568 2713 3640 ἑτοιμότατος
2757 3568 3040 3641 ὑπάρχων,
3082 3570 3170 3624 διὰ
3211 3571 3310 3641 τὴν
3355 3570 3491 3643 πρὸς
3519 3571 3659 3625 Θεὸν

2070 3659 2451 3740 πολυποίκιλον
2480 3660 2680 3729 γνῶσιν
2706 3659 2801 3714 τοῦ
2824 3661 3036 3732 ἀνδρὸς,
3075 3662 3167 3714 καὶ
3203 3659 3268 3712 δι’
3301 3661 3367 3732 ἦν
3393 3677 3655 3734 προεντε-

2070 3749 2337 3804 θείκειτο⁸
2383 3751 2534 3823 παρὰ
2571 3751 2666 3805 τοῦ
2695 3751 2980 3826 Τύρϐωνος
3029 3753 3274 3824 ἀκριϐῶς
3320 3754 3658 3825 μεμαθηκὼς

2069 3841 2165 3910 τῆς
2209 3841 2337 3913 περὶ
2369 3842 2458 3895 τὸν
2495 3843 2662 3915 ἄνδρα
2695 3844 2945 3914 γοητείας
2986 3844 3052 3898 τά
3092 3845 3288 3912 πάντα,
3329 3847 3439 3901 ίδοὺ
3474 3849 3502 3902 ὁ
3528 3849 3654 3902 Μά-

2069 3947 2164 3999 νης
2217 3934 2551 4004 παρεγένετο
2595 3934 2713 4005 μεθ’
2756 3929 2831 3990 ὧν
2875 3930 2989 4007 εἷχε
3039 3937 3157 4008 μεθ’
3187 3938 3382 3992 ἑαυτοῦ
3415 3939 3654 4012 ἀνδρῶν.

2082 4022 2171 4087 Ἐξ
2199 4024 2365 4094 αὐτῆς
2391 4019 2482 4078 οὖν
2517 4027 2612 4078 καὶ
2643 4026 2805 4091 εὐθὺς
2838 4029 3206 4101 παρέρχονται
3231 4030 3310 4094 είς
3353 4029 3657 4102 συζήτησιν

2069 4113 2322 4186 δημοσίᾳ,
2361 4117 2418 4169 ἐν
2443 4117 2577 4188 αὐτῇ
2603 4121 2668 4188 τῇ
2702 4121 2989 4195 Κασχάρῃ,
3023 4123 3288 4194 πρότερον
3321 4125 3400 4188 είς
3427 4124 3528 4196 τὴν
3554 4127 3655 4179 αύ-

2069 4205 2175 4257 τῶν
2207 4206 2489 4279 ἀντιϐολὴν
2523 4208 2618 4261 τοῦ
2650 4209 2962 4281 ζητήματος
2991 4212 3347 4287 αἱρησάμενοι
3373 4214 3509 4286 ὁμοῦ
3537 4233 3659 4288 κρι-

2067 4297 2187 4360 τάς,
2227 4297 2518 4369 Μάρσιπόν
2555 4317 2675 4356 τινα
2711 4303 2952 4374 ὀνόματι,
2986 4307 3080 4358 καὶ
3118 4306 3398 4371 Κλαύδιον,
3431 4308 3529 4362 καὶ
3561 4311 3659 4363 Ai-

2071 4387 2284 4455 γιαλέα,
2315 4388 2407 4441 καὶ
2432 4389 2786 4455 Κλεόϐουλον,
2811 4393 2903 4445 τὸν
2932 4394 3029 4464 μὲν
3053 4394 3158 4448 τῶν
3183 4396 3340 4458 ἐκτὸς
3369 4396 3546 4466 λόγων
3575 4416 3661 4469 φι-

391 4500 704 4564 Claudium,
743 4511 798 4555 et
839 4499 1169 4571 IEgialeum,
1223 4512 1278 4556 et
1325 4502 1646 4556 Cleobulum
1679 4523 1692 4557 :
1733 4519 1962 4573 quorum

2071 4479 2316 4548 λόσοφον,
2346 4482 2436 4534 τὸν
2468 4481 2525 4534 δὲ
2575 4484 3010 4557 ίατροσοφιστὴν,
3039 4487 3129 4540 τὸν
3173 4487 3228 4541 δὲ
3259 4489 3415 4557 φύσει
3469 4507 3657 4562 γραμο

391 4589 600 4660 primus
632 4590 852 4658 gentilis
874 4590 1172 4658 sapientiae,
1213 4591 1491 4645 secundus
1530 4591 1814 4646 medicina:
1840 4607 1967 4662 pro-

395 4678 590 4742 fessor,
639 4679 838 4733 tertius
878 4679 1301 4748 graaunaticus;
1354 4685 1666 4748 postremus
1705 4689 1824 4735 erat
1879 4695 1964 4733 so-

394 4771 594 4840 phista.
646 4769 813 4824 Multa
859 4771 914 4824 in
958 4786 1022 4825 ea
1077 4771 1451 4840 disputatione
1505 4772 1650 4826 ultro
1716 4755 1967 4842 citroque

387 4863 592 4931 jactata
624 4874 772 4928 sunt,
799 4878 922 4918 cum
957 4864 1083 4917 hinc
1118 4863 1302 4919 Manes
1340 4863 1552 4919 fabulas
1598 4879 1728 4919 suas
1770 4879 1971 4936 propo-

391 4962 568 5017 neret,
606 4953 733 5008 inde
759 4954 1061 5010 Archelaus
1101 4954 1249 5007 velut
1274 4954 1526 5024 egregius
1571 4955 1728 5009 miles
1774 4956 1969 5010 adver-

393 5047 522 5100 sarii
549 5049 651 5103 tela
697 5047 744 5100 vi
789 5062 887 5102 sua
936 5061 1001 5101 ac
1047 5047 1254 5100 virtute
1311 5046 1629 5101 discuteret.
1682 5047 1970 5103 Postremo

394 5137 572 5192 victus
604 5148 687 5194 est
731 5137 938 5201 Manes,
971 5152 1035 5191 ac
1074 5138 1140 5192 de
1164 5135 1411 5205 judicum
1452 5140 1722 5193 sententia
1751 5140 1970 5195 veritati

394 5229 619 5282 victuria
649 5231 834 5284 cessit.
853 5229 1008 5296 Quod
1039 5231 1228 5299 utique
1259 5229 1457 5283 mirum
1489 5231 1692 5285 nemini
1720 5247 1844 5286 esse
1873 5233 1968 5286 de-

397 5313 508 5368 bet.
554 5312 766 5368 Veritas
804 5319 948 5371 enim
981 5334 1076 5387 per
1109 5334 1169 5372 se
1197 5318 1315 5388 ipsa
1348 5317 1629 5380 consistit,
1667 5333 1769 5373 nec
1801 5318 1966 5389 dejici

395 5412 596 5473 potest,
626 5407 974 5475 quantumvis
1002 5410 1318 5479 improbitas
1340 5409 1570 5464 audacia
1596 5408 1733 5465 freta
1767 5409 1969 5467 firmis-

397 5495 558 5558 sima.
605 5497 806 5567 quibus
835 5507 918 5554 est
951 5499 1042 5553 illa
1068 5501 1389 5568 constricta,
1421 5501 1641 5556 vincula
1663 5501 1967 5559 dissolvere

2079 4573 2327 4643 ματικὸν,
2356 4576 2451 4629 καὶ
2480 4576 2572 4630 τὸν
2599 4576 2755 4632 ἄλλον
2784 4582 3064 4650 σοφιστήν.
3100 4582 3206 4635 Kal.
3233 4581 3442 4635 πολλῶν
3477 4586 3659 4656 ῥημά-

2074 4683 2181 4720 των
2202 4667 2506 4738 είρημένων
2528 4669 2587 4734 ἐξ
2607 4670 2879 4740 ἑκατέρων
2909 4670 3018 4724 τῶν
3045 4672 3248 4744 μερῶν,
3279 4673 3372 4727 τοῦ
3398 4692 3459 4727 τε
3494 4677 3658 4746 Μάνη

2074 4759 2142 4812 τὰ
2169 4760 2267 4831 τῆς
2297 4759 2570 4830 μυθώδους
2595 4761 2940 4827 διδασκαλίας
2966 4764 3418 4837 προϐαλλομένου,
3447 4768 3544 4821 καὶ
3567 4768 3659 4823 τοῦ

2089 4851 2381 4922 Ἀρχελάου
2409 4852 2599 4924 ὥσπερ
2632 4854 3005 4924 ἀριπεύοντος
3040 4857 3284 4924 ὁπλίτου,
3316 4858 3409 4912 καὶ
3441 4862 3510 4931 τῇ
3553 4859 3661 4924 ἰδία

2079 4943 2242 4996 αὑτοῦ
2292 4944 2518 5015 δυνάμει
2569 4943 2957 5016 καθαιροῦντος
2990 4945 3072 4998 ’τὰ
3121 4946 3248 5017 βέλη
3291 4946 3400 5000 τῶν
3444 4947 3658 5001 διεναυ-

2077 5037 2217 5101 τίας,
2254 5036 2316 5090 τὸ
2361 5038 2536 5109 πέρας
2567 5038 2629 5091 τὸ
2662 5032 2824 5110 ἦττον
2867 5040 3313 5110 ἀπενεγκαμένου
3349 5040 3444 5094 τοῦ
3471 5041 3657 5112 Μάνη,

2078 5131 2172 5183 καὶ
2195 5130 2496 5200 κρινάντων
2522 5131 2630 5183 τῶν
2655 5130 2856 5201 κριτῶν
2884 5131 2944 5183 τὸ
2968 5131 3218 5203 βραϐεῖον
3255 5127 3392 5186 εἶναι
3425 5135 3492 5203 τῇ
3528 5132 3661 5201 ἀλη-

2077 5221 2216 5294 θείᾳ,
2241 5223 2378 5292 ὅπερ
2415 5223 2515 5276 οὐκ
2552 5219 2619 5294 ἦν
2654 5223 2859 5294 θαῦμα,
2907 5223 3314 5295 αὑτοσυστάτης
3357 5222 3527 5294 οὔσης
3561 5223 3659 5294 τῆς

2076 5313 2352 5383 ἀληθείας,
2411 5315 2507 5367 καὶ
2554 5315 2629 5385 μὴ
2675 5315 2981 5386 δυναμένης
3019 5315 3418 5388 καθαιρεῖσθαι,
3449 5317 3553 5372 κάν
3595 5333 3655 5370 τε

2075 5406 2428 5476 ἀντιπράττοι
2467 5408 2501 5476 ή
2532 5407 2731 5478 ἀνομία
2767 5409 3122 5480 ἀναισχυντίᾳ
3145 5409 3416 5481 φερομένη
3453 5409 3536 5480 τῷ
3559 5409 3654 5480 τῆς

2075 5497 2331 5569 ἀληθείας
2359 5497 2562 5569 δεσμῷ,
2586 5498 2681 5552 τοῦ
2711 5499 2941 5564 ψεύδους
2974 5502 3050 5573 μὴ
3077 5501 3291 5571 ἔχοντος
3334 5502 3655 5564 ὑπόστασιν,

479 5699 495 5728 ¹
539 5697 645 5786 νὀξ
673 5699 776 5752 ista
807 5698 1038 5786 κελέφου
1067 5700 1198 5786 mihi
1221 5701 1480 5786 ‘nortdum
1502 5701 1838 5786 cognita.A‘b
1867 5700 1962 5786 hac

2068 5699 2502 5786 ιεςιαςροιιείιειη
2524 5701 2826 5768 derivatur,
2851 5703 2999 5774 quod
3022 5711 3119 5774 est
3151 5703 3374 5761 haeresis
3394 5715 3484 5770 ιν,
3513 5716 3572 5758 n.
3593 5697 3652 5760 9.

398 5765 422 5799 ⁸
458 5765 581 5834 Leg.
609 5765 1128 5832 διαποοθιιευθείσας
1150 5770 1373 5824 ἐπὶτῶν
1401 5773 1460 5824 ὲν
1493 5765 1712 5839 γνώσει,
1747 5778 1855 5826 etc.
1933 5770 1954 5801 ³
1990 5768 2048 5823 F.
2083 5765 2441 5841 προενήχητο.
