3850 6204
173 695 186 764 l

200 275 272 338 (is

871 275 1238 346 mensus
1279 257 1632 336 nmussss’
1658 281 1788 340 LlB.
1821 275 2072 352 ιιιτοιι.
2116 282 2182 338 ιι.
2208 277 2571 337 —H.Enss.
2613 274 2796 336 LXVI.

3404 281 3474 338 46

201 396 338 468 μηδὲ
389 395 566 467 βάσιν,
608 397 684 460 ὡς
734 399 826 452 καὶ
877 401 910 470 ἡ
964 401 1094 454 σκιά
1136 398 1228 452 τοῦ
1267 400 1512 466 σκότους,
1562 405 1782 458 καὶτοῦ

1897 411 2134 459 conetur.
2166 403 2372 458 Contra
2395 417 2524 456 vero
2551 402 2895 457 mendacium
2923 400 3086 458 solidi
3115 401 3252 456 nihil
3286 401 3472 470 habet,

198 489 376 558 ὄφεως
421 487 484 542 τὸ
516 489 786 563 σφαλερὸν
835 492 935 562 τῆς
976 494 1304 560 ὲπιϐἁσεως,
1349 497 1441 550 καὶ
1475 497 1786 568 ἀνέρειστον

196 581 297 654 τῆς
315 581 428 636 τῶν
463 583 642 637 ποδῶν
671 586 1010 657 στερήσεως,

269 764 376 816 IA'.
423 763 704 817 Ἐντεῦθεν
755 766 786 818 ό
831 766 1028 838 Μάνης
1057 767 1394 840 ἀποδράσας,
1448 769 1786 839 βουλομένων

193 853 305 908 τῶν
351 854 542 926 δήμιον
595 857 758 910 αὑτὸν
789 856 1156 929 λιθοϐολῆσαι,
1187 862 1236 914 εί
1269 861 1344 932 μὴ
1383 861 1464 914 ὅτι
1505 862 1786 932 παρῆλθεν

195 948 278 1008 είς
303 946 472 1018 μέσον
502 947 842 1018 Μάρκελλος,
880 951 976 1003 καὶ
1007 949 1086 1022 τῷ
1111 951 1376 1022 αἱδεσίμῳ
1416 953 1580 1008 αὑτοῦ
1615 971 1776 1025 προσ-

195 1037 334 1110 ώπῳ
367 1040 788 1110 κατεδυσώπησε
835 1043 964 1106 τοὺς
1002 1041 1228 1113 δήμους,
1275 1045 1398 1098 ἐπεὶ
1432 1045 1498 1098 ἂν
1545 1049 1575 1100 ό
1619 1048 1785 1110 τάλας

194 1130 392 1202 νεκρὸς
427 1130 604 1200 μένων
633 1131 802 1184 πάλαι
835 1131 1136 1202 ἐτεθνήκει·
1165 1132 1530 1204 ἀναχωρήσας
1555 1133 1612 1186 δὲ
1633 1133 1782 1205 ἔρχε-

194 1237 287 1274 ται
315 1222 400 1285 είς
433 1222 627 1294 κώμην
650 1223 773 1278 τινά
797 1223 899 1294 τῆς
924 1224 1236 1297 Καρχάρων
1268 1227 1348 1289 είς
1377 1225 1667 1297 Διοδωρίδα
1693 1244 1786 1280 κα-

193 1311 487 1383 λουμένην,
522 1315 579 1366 ὲν
663 1313 897 1385 Τρύφων
919 1333 1002 1380 τις
1027 1315 1435 1380 ἐπιεικέστατος
1457 1318 1575 1372 κατ’
1610 1321 1785 1373 έκεῖνο

195 1405 394 1475 καιροῦ
433 1405 697 1476 ἐτύγχανε
743 1407 850 1459 τῶν
880 1407 1066 1461 αὐτόθι
1097 1408 1486 1481 πρεσϐύτερος.
1521 1411 1660 1482 Παρ’
1689 1405 1732 1479 ᾧ
1757 1414 1784 1466 ὁ

192 1497 392 1568 Μάνης
420 1499 732 1569 γενόμενος,
757 1500 916 1555 πάλιν
943 1500 1117 1560 ἐκύκα
1140 1501 1510 1573 καυχώμενος,
1540 1503 1778 1558 καταλα-

194 1587 310 1644 ϐὼν
344 1589 438 1643 τὸν
459 1590 628 1662 ἄνδρα
657 1591 860 1660 ἀγαθὸν
900 1593 1000 1663 μὲν
1030 1592 1218 1660 τᾶλλα,
1246 1596 1340 1648 καὶ
1369 1595 1680 1667 θαυμαστὸν
1713 1600 1778 1669 τῇ

193 1681 504 1752 θεοσεϐείᾳ,
553 1683 804 1754 πενιχρὸν
841 1684 898 1737 δὲ
925 1684 1004 1755 τῷ
1039 1685 1202 1756 λόγῳ.
1247 1687 1410 1741 Ἀλλά
1440 1688 1536 1741 καὶ
1572 1690 1629 1741 ὲν
1659 1688 1783 1742 τού-

191 1791 332 1839 τοις,
376 1775 452 1840 ὼς
491 1775 810 1847 ὑπείληφεν,
847 1776 947 1832 οὑκ
1009 1777 1228 1850 ἴσχυσεν
1292 1781 1651 1844 ὲπιτωθάζειν
1704 1783 1784 1854 τῷ
1819 1761 1856 1814 Β

191 1865 290 1920 τοῦ
324 1867 564 1936 Χριστοῦ
590 1867 780 1938 δούλῳ.
823 1869 880 1922 '0
915 1869 1048 1933 Θεὸς
1078 1871 1188 1942 γάρ
1227 1873 1316 1926 ἀεὶ
1353 1876 1464 1938 τοῖς
1501 1876 1588 1928 ἐπ’
1621 1875 1784 1930 αὑτὸν

193 1958 511 2024 ἐλπίζουσιν
541 1961 819 2032 ἑτοιμάζει
845 1962 944 2028 τὰς
971 1965 1034 2018 ὲκ
1054 1965 1370 2036 Πνεύματος
1397 1967 1552 2034 ἁγίου
1575 1968 1784 2040 δωρεὰς

195 2053 722 2124 ὲπιχορηγούμενος,
764 2056 840 2118 ὡς
888 2056 984 2109 καὶ
1007 2057 1383 2129 ἐπηγγείλατο
1409 2059 1648 2132 ἀψευδὴς
1683 2061 1781 2126 ὢν,

192 2147 278 2200 ὅτι
306 2146 406 2214 Μὴ
429 2147 838 2217 μεριμνήσητε
861 2150 920 2203 τί
945 2151 1172 2218 εἴπητε.
1207 2151 1292 2206 Οὐ
1319 2152 1429 2222 γὰρ
1449 2153 1621 2223 ὑμεῖς
1644 2155 1787 2210 ἐστε

193 2241 252 2291 οὶ
281 2239 644 2305 λαλοῦντες,
676 2239 841 2294 ἀλλὰ
863 2241 932 2294 τὸ
965 2241 1209 2312 Πνεῦμα
1247 2243 1355 2298 τοῦ
1379 2247 1612 2314 Πατρός
1639 2264 1782 2315 μου,

193 2327 266 2382 τὸ
305 2330 546 2385 λαλοῦν
575 2331 648 2385 ἐν
693 2331 856 2402 ὑμῖν.
905 2333 1184 2388 Ἐντεῦθεν
1226 2335 1386 2390 πάλιν
1433 2336 1786 2410 βουληθέντος

192 2419 546 2487 διαλέξασθαι
583 2423 720 2496 πρὸς
743 2425 1013 2496 Τρύφωνα
1038 2427 1128 2480 τὸν
1155 2427 1546 2500 πρεσϐύτερον,
1573 2433 1667 2485 καὶ
1695 2433 1786 2485 αὑ-

193 2511 290 2565 τοῦ
315 2514 376 2568 ἐν
404 2513 620 2581 πολλοῖς
651 2516 1020 2586 ἀντειπόντος,
1043 2519 1356 2590 γράψαντός
1381 2538 1441 2574 τε
1473 2521 1550 2592 τῷ
1593 2525 1782 2596 Ἀρχε-

193 2605 312 2676 λάῳ
332 2607 466 2678 περὶ
485 2609 583 2677 τῆς
615 2609 928 2674 ὑποθέσεως
947 2610 1175 2682 ταύτης,
1205 2612 1286 2664 ὅτι
1330 2613 1495 2684 Ἀνήρ
1517 2631 1602 2678 τις
1621 2609 1786 2684 ἦλθεν

195 2697 460 2762 ἐνταῦθα,
493 2695 582 2752 οἷα
613 2699 678 2771 δὴ
713 2700 878 2765 λύκος
907 2701 1098 2773 βαρὺς,
1135 2703 1228 2756 καὶ
1253 2703 1485 2758 διολέσαι
1520 2705 1619 2776 τὴν
1649 2707 1786 2776 μάν-ο

194 2790 332 2861 δραν
363 2793 652 2863 ἐπιχειρεῖ.
699 2793 878 2856 Ἀλλὰ,
909 2795 1234 2867 παρακαλῶ,
1266 2796 1584 2851 ἀπόστειλόν
1615 2815 1706 2869 μοι
1737 2798 1788 2850 τί

193 2884 266 2938 ἂν
297 2885 438 2956 πρὸς
477 2885 664 2940 τοῦτον
697 2889 1034 2959 ποιήσωμαι,
1063 2889 1096 2960 ἢ
1126 2890 1301 2952 ποίοις
1333 2887 1512 2958 λόγοις
1549 2891 1788 2944 ἀντείπω

193 2979 266 3047 τῇ
325 2977 510 3030 αὑτῶν
562 2978 1038 3052 κακοδιδασκαλίᾳ.
1097 2981 1207 3034 Καὶ
1250 2983 1298 3034 εί
1331 2983 1430 3052 μὲν
1464 2982 1625 3046 αὑτὸς
1657 2999 1789 3037 κατ-

195 3070 372 3136 αξιοίς
417 3072 846 3144 παραγενέσθαι,
897 3073 1200 3146 ἀμέριμνον
1244 3075 1526 3145 ποιήσειας
1567 3075 1665 3146 τὴν
1691 3075 1786 3129 τοῦ
1817 3103 1861 3162 c

195 3162 442 3235 Χριστοῦ
470 3163 730 3235 μάνδραν,
764 3164 949 3218 καὶτὰ
984 3165 1274 3237 θρέμματα
1301 3167 1486 3220 αὐτοῦ.
1523 3169 1580 3220 Ὀ
1607 3168 1662 3221 δὲ
1684 3171 1786 3222 dir:-

197 3255 444 3310 έστειλεν
467 3256 618 3328 αὑτῷ
641 3258 734 3311 δύο
761 3258 950 3328 λόγους
972 3261 1028 3312 ὲν
1052 3261 1330 3332 προχείρῳ
1354 3259 1753 3314 καταλαϐέσθαι
1771 3263 1786 3291 ¹

197 3345 280 3418 τῷ
315 3346 503 3418 Μάνη
534 3347 853 3414 ἐκδέξασθαι
890 3349 948 3402 δὲ
973 3348 1072 3420 τὴν
1107 3349 1278 3403 αὑτοῦ
1309 3350 1610 3421 παρουσίαν
1643 3351 1792 3422 αὑτῷ

199 3439 498 3510 ἐσήμανεν.
549 3439 606 3492 '0
639 3441 832 3510 Μάνης
865 3437 920 3496 δὲ
959 3443 1016 3494 ὲν
1051 3445 1117 3514 τῇ
1154 3443 1294 3516 μέσῃ
1325 3441 1488 3516 κώμῃ
1522 3443 1793 3516 προῆλθεν

199 3526 602 3600 ὑρθριαίτερον,
650 3531 1124 3602 προσκαλούμενος
1170 3535 1228 3586 ὲν
1278 3532 1356 3604 τῷ
1405 3535 1791 3606 συνάρξασθαι.

199 3620 598 3691 προκαλεῖσθαι
629 3623 720 3675 τὸν
747 3623 1016 3694 Τρύφωνα
1038 3628 1117 3688 εἰς
1136 3625 1326 3694 λόγους
1345 3627 1520 3696 ἥκειν.
1555 3627 1666 3680 Καὶ
1698 3626 1792 3680 τοῦ

203 3713 506 3785 Τρύφωνος
533 3713 930 3786 ίνδαλλομένου,
963 3717 1356 3788 ἀποκριθέντος
1373 3719 1432 3772 δὲ
1458 3718 1622 3772 αὑτοῦ
1655 3719 1794 3790 πρὸς

203 3801 336 3867 ἔπος
359 3797 436 3857 ὧν
467 3803 634 3875 ᾔτησε
663 3805 806 3858 κατά
837 3805 934 3876 τὴν
964 3808 1028 3859 ἐκ
1049 3807 1184 3861 Θεοῦ
1211 3807 1458 3862 δοθεῖσαν
1487 3809 1636 3880 αὐτῷ
1667 3811 1794 3864 σύν-

205 3911 344 3962 εσιν,
379 3896 475 3949 καὶ
503 3895 898 3968 στροϐήσαντος
925 3897 1015 3952 τὸν
1041 3899 1332 3952 ἀπατεῶνα
1361 3900 1461 3971 ὴρέ
1473 3919 1548 3972 μα
1593 3901 1709 3966 πῶς
1738 3904 1794 3954 ἐν

203 3981 250 4055 ᾧ
273 3987 454 4058 ἐαυτῷ
485 3988 598 4059 (16)
628 3988 948 4055 ἐνεδοίαζεν,
976 3991 1279 4045 ἀνακύπτει
1308 3994 1337 4046 ὁ
1379 3994 1666 4065 Ἀρχέλαος
1697 3995 1798 4049 ὥσ-

207 4096 312 4152 περ
370 4081 596 4152 ἰσχυρὸς
639 4083 1026 4155 οἰκοδεσπότης
1075 4084 1184 4138 τῶν
1226 4083 1371 4140 ἰδίων
1429 4087 1792 4158 ἐπιμελούμε-

209 4191 296 4238 νος
319 4213 336 4238 ,
367 4176 464 4228 καὶ
497 4174 636 4245 μετά
663 4175 980 4247 παρρησίας
1015 4176 1258 4231 ἐπελθὼν
1286 4177 1366 4249 τῷ
1396 4180 1562 4250 συλᾷν
1591 4181 1796 4250 ἐπιχει-

214 4267 394 4338 ροῦντι
427 4267 788 4338 ὲνεϐριμεῖτο.
823 4267 1001 4332 Εὐθὺς
1039 4268 1094 4322 δὲ
1131 4269 1206 4332 ὠς
1242 4265 1384 4324 εἶδεν
1411 4272 1440 4324 ό
1479 4271 1672 4340 Μάνης
1705 4272 1797 4325 τὸν

225 4357 537 4430 Ἀρχέλαον,
567 4357 932 4429 ὑποκριτικῶς
960 4359 1082 4410 καθ’
1103 4358 1396 4430 ὑπόκρισιν
1437 4357 1564 4428 ἔφη·
1593 4359 1696 4412 Ἔα
1730 4377 1798 4430 με

1889 513 2066 567 neque
2133 496 2489 551 fundamento
2562 497 2674 550 ullo
2730 495 2967 560 nititur;
3023 495 3250 566 perinde
3309 503 3476 564 atque

1889 590 2082 644 umbra
2119 589 2493 653 tenebrarum,
2540 599 2637 641 aut
2681 587 2927 642 lubricus
2955 596 3009 642 et
3044 586 3338 654 instabilis,
3373 601 3474 656 pro

1891 693 1955 732 eo
1995 678 2140 748 quod
2173 678 2406 746 pedibus
2435 687 2608 740 caret,
2645 677 2918 748 serpentis
2953 678 3256 746 ingressus.

1959 769 2052 824 ΧΙ.
2120 767 2436 824 Secundqu
2489 770 2603 824 haec
2659 769 2847 824 Manes
2887 768 3012 838 fuga
3059 767 3162 822 sibi
3207 765 3470 822 consulit.

1888 862 2134 932 Populus
2157 863 2304 918 enim
2337 863 2614 932 lapidibus
2651 863 2804 916 illum
2833 862 3069 916 obruere
3101 849 3332 927 volebat,
3365 861 3470 915 nisi

1890 955 2184 1012 Marcellus
2237 955 2291 1009 in
2339 955 2575 1010 medium
2609 953 2870 1024 prodieus
2903 955 3057 1008 vultu
3093 954 3213 1024 ipso
3245 968 3474 1009 venera-

1889 1047 2055 1104 tionis
2105 1048 2269 1118 pleno
2320 1057 2655 1118 aspectuque
2707 1047 3085 1117 repressisset.
3150 1046 3308 1112 Quod
3361 1045 3472 1102 nisi

1891 1140 2132 1203 fecisset,
2151 1139 2477 1208 jamdudum
2511 1139 2703 1194 infelix
2733 1139 2822 1194 ille
2857 1140 3129 1210 periisset.
3155 1135 3284 1194 Inde
3309 1139 3474 1210 igitur

1889 1230 2180 1286 discedens
2211 1229 2558 1284 Diodoridem
2591 1230 2804 1300 (pagus
2847 1230 2894 1284 is
2924 1241 3008 1286 est
3049 1229 3106 1284 in
3143 1228 3472 1302 Carcharis)

1856 1307 2009 1378 ’scse
2055 1323 2313 1387 contulit,
2369 1323 2461 1378 ubi
2503 1321 2764 1394 Tryphon
2807 1323 3029 1393 quidam
3074 1333 3194 1378 erat
3219 1324 3306 1376 vir
3331 1323 3474 1394 cpti-

1886 1429 2030 1478 mus,
2057 1429 2122 1469 ac
2169 1424 2282 1468 tum
2313 1414 2418 1468 loci
2474 1413 2624 1468 illius
2661 1413 2968 1484 presbyter.
2997 1413 3077 1468 Ad
3111 1412 3256 1467 hunc
3285 1412 3474 1469 Manes

1886 1505 2168 1560 divertcns
2213 1520 2434 1560 rursum
2463 1505 2697 1560 miscere
2728 1503 2933 1566 omnia,
2966 1517 3030 1557 ac
3066 1518 3125 1558 se
3151 1510 3474 1574 arroganter

1885 1597 2101 1663 ell‘erre,
2160 1606 2356 1652 nactus
2387 1598 2660 1653 hominem
2691 1597 2894 1666 alioqui
2934 1596 3160 1658 bonum,
3205 1605 3259 1650 et
3293 1595 3475 1650 excel-

1893 1691 2028 1746 lenti
2074 1691 2275 1762 pietatc
2321 1690 2633 1761 praeditum,
2668 1689 2762 1743 sed
2791 1689 3058 1743 orationis
3089 1687 3346 1758 praesidio
3379 1689 3475 1744 de-

1887 1786 2180 1850 stitutum;
2216 1801 2404 1839 verum
2455 1800 2524 1838 ne
2573 1784 2654 1838 sic
2691 1783 2946 1852 quidem,
2993 1782 3069 1835 uti
3131 1789 3472 1852 speraverat,

1888 1875 2120 1930 illudere
2143 1873 2348 1930 Christi
2378 1889 2539 1930 servo
2577 1875 2771 1944 potuit.
2803 1872 2947 1928 Deus
2986 1876 3132 1928 enim
3169 1873 3238 1927 iis
3270 1873 3362 1943 qui
3411 1873 3470 1928 it:

1887 1983 1948 2025 se
1973 1968 2276 2032 confidunt,
2319 1965 2560 2037 Spiritus
2601 1967 2777 2021 sancti
2815 1966 2960 2020 dona
2981 1963 3151 2036 623
3177 1971 3470 2034 pra-parat,

1887 2061 2106 2116 abunde
2139 2061 2392 2132 largitur,
2417 2070 2582 2130 prout
2611 2061 2729 2130 ipse
2757 2059 3033 2128 pollicitus
3059 2065 3162 2120 est,
3202 2059 3294 2126 qui
3321 2072 3475 2110 men-

1890 2155 1980 2207 tiri
2014 2169 2123 2208 non
2169 2162 2374 2224 potest.
2411 2152 2616 2217 Nolite,
2655 2153 2853 2222 inquit,
2905 2151 3126 2206 solliciti
3160 2167 3292 2213 esse,
3345 2147 3472 2219 quid

1889 2245 2202 2315 loquamini.
2269 2243 2390 2302 Non
2433 2245 2573 2298 enim
2619 2261 2710 2298 vos
2753 2245 2880 2298 estis
2915 2244 3005 2313 qui
3046 2241 3344 2312 loquimini,
3381 2239 3474 2296 sed

1890 2336 2126 2406 Spiritus
2155 2336 2339 2391 Patris
2367 2339 2489 2398 mei,
2509 2338 2599 2408 qui
2619 2337 2856 2406 loquitur
2885 2337 2938 2390 in
2963 2335 3106 2390 vobis
3136 2337 3178 2389 ².
3210 2334 3314 2390 Sed
3345 2348 3474 2389 cum

1889 2427 2078 2484 Manes
2111 2429 2308 2482 iterum
2357 2444 2481 2482 cum
2533 2429 2825 2499 Tryphone
2861 2427 3183 2498 presbytero
3211 2425 3476 2495 congredi

1893 2521 2070 2582 vellet,
2105 2521 2198 2590 qui
2231 2520 2334 2575 sibi
2375 2521 2430 2574 in
2470 2521 2746 2590 plerisque
2777 2519 3211 2582 contradixerat,
3244 2517 3334 2572 ille
3357 2530 3472 2571 rem

1890 2625 2108 2666 omnem
2141 2626 2237 2681 per
2259 2611 2471 2665 litteras
2499 2611 2771 2673 Archelao
2803 2609 3102 2680 significat,
3138 2608 3226 2663 his
3260 2607 3470 2662 verbis:

1892 2701 2066 2756 Homo
2096 2701 2322 2771 quidam
2355 2702 2464 2755 huc
2511 2702 2768 2768 accessit,
2823 2700 2916 2769 qui
2966 2699 3307 2756 infestissimi
3363 2699 3477 2769 lupi

1892 2807 2046 2847 more
2075 2793 2218 2848 ovile
2251 2793 2480 2862 perdere
2513 2793 2853 2862 aggreditur.
2889 2791 3114 2858 Verum,
3143 2791 3371 2846 obsecro
3399 2801 3476 2854 te,

1892 2887 2072 2942 scribe
2130 2885 2198 2940 ad
2245 2901 2334 2942 me
2387 2886 2846 2956 quemadmodum
2903 2886 3164 2940 adversus
3203 2885 3355 2966 illum
3389 2899 3478 2938 me

1893 2995 2082 3050 gerere
2131 2987 2402 3050 Oporteat,
2457 2995 2522 3035 ac
2563 2981 2766 3051 quibus
2815 2979 3124 3032 rationibus
3155 2977 3478 3046 perniciosa:

1893 3074 2014 3142 ejus
2063 3072 2328 3127 doctrinae
2363 3074 2645 3128 resistere.
2676 3071 2831 3137 Quod
2865 3072 2912 3125 si
2935 3070 3121 3124 venire
3147 3072 3262 3140 ipse
3287 3071 3482 3140 digna-

1897 3164 2069 3224 beris.
2122 3163 2332 3218 Christi
2381 3164 2522 3218 ovile
2571 3178 2902 3234 gregemque
2931 3163 2998 3216 ah
3025 3162 3174 3216 omni
3210 3162 3480 3217 sollicitu-

1895 3254 2021 3308 dine
2050 3253 2328 3308 liberabis.
2371 3255 2668 3308 Archelaus
2701 3255 2785 3306 his
2817 3253 3060 3322 acceptis
3103 3252 3302 3306 litteris
3337 3252 3480 3308 duos

1894 3345 1962 3402 ad
1991 3362 2115 3402 eum
2163 3347 2332 3402 libros
2379 3347 2566 3411 mittit,
2615 3363 2754 3417 quos
2801 3348 2855 3400 in
2897 3356 3149 3418 promptu
3211 3345 3483 3416 facileque

1895 3437 2406 3508 connprehenderet,
2459 3447 2652 3492 contra
2702 3436 2918 3490 Manent
2955 3438 3324 3507 conscriptos.
3361 3437 3483 3490 Ca:—

1896 3539 2074 3584 terum
2114 3539 2171 3584 ut
2205 3529 2498 3586 adventura
2531 3547 2691 3586 suum
2724 3532 3140 3601 praestolaretur
3172 3531 3478 3586 admonuit.

1896 3621 2116 3676 Interim
2167 3621 2353 3677 Manes
2399 3623 2636 3678 medium
2669 3623 2722 3676 in
2756 3639 2952 3694 pagum
2986 3639 3202 3678 summo
3237 3624 3482 3679 diluculo

1897 3711 2158 3781 prodiens
2211 3711 2562 3784 Tryphonem
2615 3711 2682 3766 ad
2735 3712 3130 3783 disputandum
3197 3723 3480 3784 provocat.

1897 3804 2000 3872 Qui
2051 3819 2176 3859 cum
2230 3820 2290 3860 se
2338 3805 2592 3870 stitisset,
2622 3814 2677 3860 et
2708 3805 2776 3858 ad
2821 3809 3006 3861 omnia
3035 3821 3156 3877 quae
3190 3806 3483 3875 quaesierat

1900 3897 2217 3968 singillatim
2251 3911 2352 3967 pro
2380 3913 2466 3964 ea,
2499 3913 2664 3968 quam
2693 3913 2724 3952 a
2755 3896 2868 3954 Deo
2902 3907 3214 3968 acceperat,
3263 3899 3484 3970 sapien—

1899 3990 1974 4044 tia
2009 3989 2407 4059 respoudisset,
2435 3999 2600 4061 atque
2635 3991 2988 4061 impostorem
3013 3991 3198 4047 lenius
3227 3991 3480 4062 agitaret,

1902 4079 2044 4151 apud
2078 4095 2137 4135 se
2162 4080 2414 4134 nonnihil
2459 4082 2742 4143 haasitans,
2793 4088 3018 4150 repente
3047 4079 3350 4138 Archelaus
3380 4095 3484 4136 nec

1907 4173 2130 4242 opinato
2187 4179 2520 4242 conspectus
2566 4183 2670 4238 est,
2721 4173 2812 4242 qui
2862 4180 3124 4242 tanquam
3179 4175 3484 4232 acerrimus

1901 4259 2328 4338 paterfamilias,
2353 4277 2690 4332 suorumque
2722 4263 3192 4330 studiosissimus,
3221 4265 3485 4322 audacter

1907 4337 1966 4410 in
2005 4337 2327 4425 praedonem
2369 4351 2612 4412 fremens
2659 4357 2910 4413 incurrit.
2967 4359 3144 4426 Quem‘
3191 4367 3252 4415 ut
3297 4359 3486 4416 Manes

213 4452 346 4524 πρὸς
365 4450 640 4522 Τρύφωνα
659 4449 1022 4518 διαλέγεσθαι·
1054 4451 1369 4522 ὑπερϐαίνει
1399 4451 1508 4522 γάρ
1538 4469 1604 4522 με
1624 4452 1685 4505 τὸ
1707 4452 1792 4506 σὸν

1904 4448 2136 4520 aspexit,
2169 4449 2422 4504 simulata
2458 4449 2721 4505 blanditia
2751 4469 2766 4506 :
2795 4450 2925 4506 Sine
2979 4469 3086 4514 me.
3128 4454 3325 4525 inquit,
3357 4469 3484 4510 cum

213 4543 425 4616 ἀξίωμα
455 4543 548 4596 διά
579 4543 672 4597 τὸν
697 4541 1016 4597 ἐπίσκοπον.
1059 4543 1120 4598 '0
1147 4544 1226 4608 δὲ,
1259 4544 1352 4596 καὶ
1380 4544 1518 4615 μετά
1539 4544 1796 4614 ἐλέγχους

211 4635 302 4689 τοῦ
334 4635 500 4704 λόγου
542 4634 766 4706 μείζονα
793 4635 956 4688 αὑτὸν
989 4635 1291 4707 ὑποκριτὴν
1327 4635 1633 4700 ἀποδείξας,
1676 4637 1800 4690 ἀπ·-

215 4731 514 4802 εφίμωσεν.
559 4727 680 4782 Τῶν
730 4727 788 4780 δὲ
828 4727 920 4780 ὑπ’
961 4729 1170 4782 ἐκείνου
1220 4727 1590 4799 προτεθέντων
1626 4728 1800 4797 λόγων

213 4823 304 4886 τὰς
347 4820 632 4884 ὲπιλύσεις
673 4821 1062 4890 ποιησάμενος,
1089 4815 1248 4884 αὖθις
1285 4823 1366 4884 εἰς
1397 4821 1658 4892 αἰσχύνην
1703 4823 1802 4875 αὑ-

217 4915 300 4968 τὸν
337 4913 670 4982 κατέστησε,
705 4911 902 4983 μηκέτι
931 4911 1228 4983 δυνάμενον
1250 4912 1479 4985 διαίρειν
1511 4914 1704 4985 στόμα.
1738 4914 1804 4967 οι

221 5008 434 5071 δὲλλαοὶ,
467 5004 632 5076 ζῆλον
659 5005 824 5060 πάλιν
848 5004 1218 5076 ἀνειληφότες,
1249 5006 1550 5079 ἐπειρῶντο
1575 5005 1667 5060 τὸν
1690 5005 1806 5060 ἀλι-

224 5103 400 5170 τήριον
441 5095 901 5168 διαχειρίσασθαι.
956 5095 1014 5150 '0
1041 5096 1098 5149 δὲ
1127 5096 1370 5167 ἀποδρὰς
1407 5097 1534 5161 τοὺς
1571 5098 1802 5169 δήμους,

229 5195 316 5246 καὶ
340 5194 420 5256 εἰς
444 5191 543 5245 τὸν
569 5188 968 5270 προειρημένον
997 5189 1294 5244 κάστελλον
1331 5191 1660 5262 ’Δραὸίωνος
1697 5189 1804 5244 πά-

233 5286 306 5338 λιν
327 5286 571 5353 ἀφῖκται.

301 5623 317 5652 ¹
345 5567 468 5676 iitii
501 5619 754 5676 nonnihil
789 5618 974 5675 subest
1009 5616 1138 5672 huic
1169 5615 1316 5671 loco.
1393 5614 1414 5645 ⁸
1442 5611 1634 5668 Matth.
1669 5625 1726 5679 tr,
1765 5612 1855 5671 19.

306 5751 412 5820 ([6)
465 5749 674 5822 Ἠρέμα
695 5763 821 5817 πως
849 5749 921 5803 ἐν
957 5741 1006 5816 ᾦ
1031 5745 1241 5815 ἑαυτῷ.
1277 5745 1403 5804 Cor.
1464 5745 1648 5819 ἠρέμα
1682 5763 1800 5813 πως
1827 5765 1841 5780 ο

1906 4535 2200 4608 Tryphone
2256 4537 2624 4603 contendere;
2661 4545 2718 4594 tu
2769 4539 2914 4594 enim
2967 4555 3055 4596 me
3102 4557 3226 4596 cum
3258 4543 3334 4598 sis
3365 4544 3486 4613 cpi-

1907 4642 2111 4698 scopus
2168 4625 2434 4698 dignitate
2477 4644 2728 4700 superas.
2773 4631 3080 4690 Archelaus
3126 4649 3274 4698 vero,
3321 4649 3388 4690 ex
3419 4651 3488 4690 eo

1905 4721 2049 4792 quod
2099 4721 2212 4793 jam
2255 4723 2416 4806 illius
2476 4724 2674 4796 dogma
2725 4725 3066 4782 confutatam
3117 4737 3256 4791 erat,
3315 4730 3488 4786 multo

1907 4829 2069 4884 quam
2103 4815 2287 4870 verbis
2321 4815 2554 4886 exprimi
2585 4823 2794 4886 posset,
2824 4817 3120 4875 simulandi
3149 4821 3484 4876 callidiorem

1907 4921 2034 4962 esse
2063 4906 2271 4972 docuit,
2328 4923 2502 4978 osque
2529 4908 2606 4963 illi
2638 4923 2870 4979 prorsus
2900 4911 3152 4968 occlusit.
3195 4911 3333 4966 Tum
3366 4927 3488 4983 qua

1908 4999 1978 5052 ab
2014 4997 2106 5051 illo
2149 4997 2430 5068 proposita
2469 4997 2686 5054 fuerant
2715 4984 3042 5066 dissolvens,
3081 5019 3282 5058 novum
3305 5005 3356 5059 ei
3387 5019 3486 5074 pu-

1911 5089 2100 5146 dorem
2119 5090 2374 5155 incussit,
2401 5105 2525 5145 cum
2549 5106 2616 5146 ne
2647 5091 2866 5146 hiscere
2893 5092 3114 5161 quidem
3139 5093 3376 5162 amplius
3391 5109 3482 5150 au-

1913 5179 2086 5238 deret.
2115 5180 2230 5237 Sub
2259 5183 2373 5238 ιιωο
2400 5184 2635 5254 populus
2679 5182 3000 5239 ardentibus
3031 5199 3248 5241 rursum
3289 5187 3487 5244 animis

1914 5273 2207 5331 scelestum
2252 5275 2404 5330 illum
2451 5277 2762 5346 opprimere
2810 5285 3045 5336 conatus
3089 5287 3194 5334 est.
3243 5278 3488 5345 Quorum

1916 5367 2008 5422 ille
2032 5381 2232 5424 manus
2259 5367 2524 5440 effugiens
2557 5368 2622 5422 ad
2655 5367 2944 5425 castellum
2981 5368 3276 5428 Arabionis
3302 5386 3488 5430 rever-

1915 5473 2012 5514 SUS
2036 5467 2142 5515 88in

1882 5747 1946 5801 ὲν
1975 5741 2042 5816 ᾧ,
2069 5751 2176 5802 etc.
