3856 6330
380 379 451 435 ιγ
1809 363 1866 420 S.
1910 360 2255 419 EPIPHANII
3579 355 3656 413 4.3

451 493 563 549 Xll.
607 491 711 549 Sed
730 491 1021 549 Persarum
1044 509 1160 560 rex,
1191 497 1470 562 comperta
1491 487 1773 544 Mauichaei
1799 486 1946 558 l‘uga,

2125 484 2226 541 lB'.
2281 482 2521 538 Ἐκεῖθεν
2550 482 2605 537 δὲ
2628 482 2657 536 δ
2684 482 2792 536 τῶν
2814 478 3043 554 Περσῶν
3068 472 3337 551 βασιλεὺς,
3361 474 3523 548 γνοὺς
3543 480 3649 550 τὴ,

382 587 569 642 missis
608 586 935 643 satellitibus
975 586 1029 641 in
1074 585 1263 641 eodem
1309 584 1402 639 illo
1435 581 1663 638 castello
1702 594 1956 649 compre-

384 678 613 733 hensum
656 676 929 732 hominem
972 676 1333 747 ignominiose
1377 674 1432 728 in
1478 671 1761 729 Persidem
1792 669 1960 726 abdu-

384 767 461 820 xit
490 786 505 819 :
536 766 626 821 ubi
666 767 883 821 calamo
929 774 1055 821 cute
1100 765 1369 827 detracta,
1398 763 1654 817 ultimum
1690 760 1858 832 629
1886 758 1954 815 de

380 870 448 911 eo
479 856 804 927 supplicium
841 859 1096 927 sumpsit.
1144 854 1321 923 Quam
1344 853 1565 926 quidem
1600 860 1783 907 cutem
1816 851 1957 906 utris

382 945 439 1000 in
473 947 717 1009 modum,
767 947 983 1001 inlartis
1025 947 1221 1016 paleis,
1260 946 1326 1001 ad
1360 944 1684 1000 hodiernum
1714 943 1859 998 diem
1902 944 1959 997 in

383 1036 607 1093 Perside
638 1049 880 1092 servant.
930 1036 1086 1092 Hunc
1116 1037 1284 1107 igitur
1317 1036 1408 1091 ille
1438 1035 1645 1090 exitum
1671 1036 1795 1089 vita:
1822 1048 1958 1088 con-

383 1135 605 1182 secutus
624 1134 728 1183 est.
754 1125 837 1183 Ob
867 1127 921 1182 id
941 1126 1218 1182 Manicth
1250 1124 1467 1183 lbetulis
1490 1124 1609 1181 suis
1636 1124 1957 1180 arundinem

383 1218 764 1278 substernunt.
804 1216 946 1288 Ergo
976 1218 1067 1273 ille
1095 1218 1175 1273 sic
1206 1227 1463 1273 mortuus
1491 1231 1611 1284 eos,
1646 1231 1787 1287 quos
1822 1216 1957 1282 dixi,

383 1309 684 1379 discipulos
715 1310 957 1380 reliquit,
988 1309 1219 1376 Addam,
1252 1308 1542 1375 Thomam,
1569 1317 1624 1363 et
1647 1308 1956 1375 Hermeam,

383 1416 546 1472 quos,
596 1408 887 1472 antequam
923 1402 1017 1456 illo
1065 1402 1257 1457 mortis
1290 1415 1489 1472 genere
1530 1415 1721 1472 poenas
1762 1402 1958 1464 lueret,

381 1495 532 1549 varia
570 1493 623 1547 in
666 1493 786 1547 loca
836 1491 1137 1547 dimiserat.
1187 1490 1451 1547 Hermeas
1498 1492 1643 1547 enim
1695 1491 1749 1545 in
1793 1490 1963 1562 Egy-

383 1590 533 1653 ptum
571 1582 848 1654 prolectus
881 1588 985 1648 est,
1013 1596 1250 1651 quocum
1298 1581 1545 1653 plerique
1578 1581 1775 1637 versati
1812 1588 1958 1636 sunt.

381 1676 570 1747 Neque
618 1675 762 1731 enim
815 1675 1040 1745 antiqua
1071 1686 1155 1729 est
1188 1673 1484 1729 admodum
1539 1675 1654 1729 haec
1712 1673 1960 1737 haeresis,

383 1767 516 1824 adeo
548 1776 606 1823 ut
632 1768 725 1836 qui
757 1782 881 1820 cum
912 1767 1144 1820 Herniea
1194 1763 1369 1820 Manis
1398 1766 1671 1835 discipulo
1702 1764 1960 1820 collocuti

382 1873 530 1925 sunt,
575 1862 734 1916 nobis
764 1876 886 1931 qua:
918 1859 987 1913 ad
1020 1859 1171 1913 illum
1213 1860 1557 1928 pertinebant
1590 1859 1957 1913 narraverint.
1992 1830 2036 1889 Β

380 1955 565 2011 Addas
620 1955 675 2008 in
729 1952 1069 2023 superiorem
1123 1952 1405 2023 regionem
1438 1952 1596 2015 abiit,
1625 1949 1866 2007 Thomas
1902 1951 1958 2005 in

379 2045 644 2101 Judmam.
696 2044 873 2114 Atque
921 2044 991 2099 ah
1048 2043 1117 2099 iis
1175 2053 1324 2098 secta
1380 2043 1473 2097 illa
1522 2042 1587 2096 ad
1635 2042 1957 2097 hodiernum

381 2153 556 2209 usque
588 2138 733 2192 diem
774 2137 919 2192 vires
955 2147 1119 2206 atque
1152 2136 1552 2190 incrementum
1590 2135 1800 2190 habuit.
1837 2134 1958 2190 Cae-

381 2236 557 2284 terum
593 2224 780 2280 Manes
816 2223 1082 2294 Spiritum
1114 2238 1172 2279 se
1199 2239 1322 2279 esse
1367 2223 1704 2294 paracletum
1746 2236 1964 2277 assere-

379 2318 515 2382 bat,
566 2332 631 2374 ac
686 2330 1080 2386 nonnunquam
1130 2315 1435 2386 apostolum
1467 2330 1525 2371 se
1554 2330 1679 2370 esse
1728 2312 1958 2378 Christi,

379 2410 518 2465 alias
554 2406 889 2479 paracletum
936 2405 1202 2477 Spiritum
1233 2405 1518 2476 praedicat.
1569 2404 1776 2475 Estque
1804 2420 1961 2476 pror-

381 2516 479 2560 sus
498 2500 743 2556 insolens
768 2505 823 2555 et
856 2498 1097 2555 absurda
1127 2498 1385 2555 exczecati
1420 2498 1662 2553 hominis
1701 2497 1795 2551 illa
1830 2512 1953 2568 per-

380 2592 586 2648 suasio.

449 2680 592 2737 Xlll.
631 2680 749 2736 Jam
781 2694 909 2737 vero
940 2694 1163 2736 necesse
1201 2688 1284 2735 est
1318 2686 1375 2734 ut
1404 2679 1660 2751 deinceps
1692 2680 1961 2737 adversus

377 2781 524 2839 hanc
565 2780 818 2835 haeresim
878 2777 1187 2847 stolidaque
1248 2776 1403 2854 illius.
1443 2774 1668 2829 decreta
1717 2773 1965 2843 dispute-

380 2889 524 2930 mus.
567 2870 704 2926 Nam
756 2886 876 2942 qua:
926 2870 1191 2927 hactenus
1227 2867 1471 2923 diximus
1504 2866 1709 2922 nudam
1755 2866 1823 2922 de
1871 2866 1965 2922 illo

381 2964 667 3022 historiam
711 2961 1018 3018 continent.
1068 2958 1152 3013 Ab
1189 2972 1257 3015 eo
1295 2958 1459 3029 igitur
1502 2957 1782 3013 ordiemur
1812 2956 1963 3027 quod

380 3055 614 3111 docendi
646 3069 712 3110 ac
757 3052 1034 3110 scribendi
1081 3049 1408 3119 dicendique
1457 3049 1674 3104 initium
1727 3048 1966 3118 sumpsit

2062 575 2155 629 τοῦ
2179 576 2338 648 Μάνη
2365 576 2709 647 καταφυγὴν,
2736 573 3085 637 ἀποστείλας,
3116 573 3211 628 καὶ
3235 572 3649 643 χειρωσάμενος

2063 666 2224 720 αὑτὸν
2252 668 2309 721 ἐν
2338 665 2416 736 τῷ
2442 665 2830 737 προειρημένῳ
2863 663 3164 734 καστέλλῳ,
3200 664 3282 725 εἰς
3309 662 3409 733 τὴν
3440 660 3651 733 Περσί-

2060 758 2127 812 δα
2166 758 2377 828 ἀτίμως
2413 757 2758 811 καθείλκυσε·
2792 757 2887 810 καὶ
2914 756 2975 809 τὸ
3007 756 3183 827 δέρμα
3217 753 3383 808 αὑτοῦ
3409 752 3650 824 καλάμῳ

2062 850 2325 915 κελεύσας
2358 850 2676 921 ἐκδαρῆναι,
2725 848 2867 902 οὓτω
2902 847 3001 919 τὴν
3031 847 3301 921 τιμωρίαν
3348 846 3498 917 αὐτῷ
3536 849 3650 901 άπ-

2064 942 2281 997 ἐδωκεν.
2310 942 2472 995 Ὅθεν
2495 944 2589 996 καὶ
2614 941 2909 1013 ἐκδαρέντα
2944 940 3198 1011 καλάμῳ,
3222 939 3317 993 καὶ
3357 938 3448 992 τὸν
3475 940 3649 993 ἀσκὸν

2062 1034 2225 1090 αὐτοῦ
2254 1035 2637 1106 ἐμπλησθέντα
2667 1033 2886 1105 ἀχύρων
2923 1032 3003 1086 ἔτι
3023 1033 3119 1085 καὶ
3144 1030 3305 1103 δεῦρο
3333 1032 3391 1084 ἐν
3420 1032 3650 1102 Περσίδι

2063 1128 2264 1198 ἔχουσι.
2305 1129 2414 1181 Καὶ
2440 1126 2583 1180 οὕτω
2617 1126 2710 1179 τὸν
2744 1125 2858 1196 βίον
2887 1124 3245 1195 κατέστρεψε.
3277 1123 3368 1176 Διὸ
3400 1123 3556 1177 αὐτοὶ
3597 1124 3651 1176 οί

2062 1222 2350 1291 Μανιχαῐοι
2402 1220 2514 1290 (17)
2564 1219 2659 1273 ἐπὶ
2725 1216 2994 1288 καλάμοις
3055 1216 3155 1280 τὰς
3218 1216 3404 1279 κοίτας
3464 1216 3650 1270 αὐτῶν

2064 1310 2360 1364 ποιοῦνται.
2395 1310 2550 1363 Οὕτω
2569 1309 2625 1362 δὲ
2650 1307 2816 1362 αὐτοῦ
2849 1306 3230 1371 ἀποθανόντος,
3267 1306 3361 1359 καὶ
3393 1306 3651 1360 καταλι-ῑί⁶

2061 1406 2260 1475 ψαντος
2306 1404 2433 1467 τοὺς
2470 1402 2664 1456 ἐαυτοῦ
2702 1400 2972 1473 μαθητὰς,
3005 1399 3099 1463 οὓς
3144 1400 3389 1471 εἴπομεν,
3439 1400 3648 1464 Ἀδδᾶν,

2063 1497 2155 1550 καὶ
2188 1495 2411 1567 Θωμᾶν,
2456 1496 2549 1549 καὶ
2593 1495 2873 1567 Ἑρμείαν,
2917 1492 3046 1564 πρὶν
3088 1492 3120 1563 ἢ
3156 1492 3317 1545 αὑτὸν
3351 1492 3449 1563 τὴν
3488 1493 3649 1561 δίκην

2062 1585 2356 1640 ἀπολαϐεῖν
2392 1585 2534 1639 κατὰ
2565 1586 2655 1637 τὸν
2688 1582 3056 1654 δεδηλωμένον
3086 1582 3304 1652 τρόπον,
3334 1574 3473 1652 ἦσαν
3505 1584 3649 1636 ἁποο

2066 1679 2349 1742 σταλέντες
2394 1679 2484 1731 ὑπ’
2519 1677 2705 1742 αὑτοῦ,
2740 1680 2769 1731 ὁ
2800 1678 2898 1748 μὲν
2946 1675 3205 1746 Ἑρμείας
3233 1678 3312 1739 εἰς
3340 1674 3439 1746 τὴν
3480 1675 3650 1744 Αἴγυ-

2066 1789 2218 1837 πτον,
2332 1771 2426 1824 καὶ
2452 1772 2740 1842 συνέτυχον
2775 1771 2980 1824 πολλοί·
3024 1771 3125 1824 οὐκ
3155 1770 3270 1823 ἐστι
3300 1770 3409 1839 γὰρ
3451 1769 3651 1840 ἀρχαϊδ

2064 1862 2235 1926 ζουσα
2264 1865 2297 1933 ὴ
2328 1863 2560 1934 αἵρεσις,
2599 1863 2693 1914 καὶ
2722 1863 2771 1914 οἱ
2809 1858 3265 1929 συντετυχηκότες
3288 1858 3365 1929 τῷ
3389 1869 3651 1929 προειρη-

2067 1954 2214 2026 μένῳ
2245 1953 2493 2026 Ἐρμεία,
2524 1952 2740 2024 μαθητῇ
2780 1952 2894 2006 ὄντι
2927 1951 3022 2005 τοῦ
3058 1951 3242 2021 Μάνη,
3270 1950 3402 2021 ἡμῖν
3427 1950 3496 2003 τὰ
3523 1943 3649 2003 κατ⁶

2062 2047 2225 2103 ἀύτὸν
2245 2046 2590 2118 διηγήσαντο·
2626 2045 2810 2109 Ἀδδᾶς
2838 2044 2895 2099 δὲ
2918 2044 3013 2098 ἐπὶ
3036 2044 3104 2097 τά
3132 2042 3439 2114 ἀνωτερικὰ
3462 2041 3607 2113 μέρη
3631 2057 3648 2071 ·

2064 2142 2265 2212 Θωμᾶς
2285 2141 2342 2194 δὲ
2376 2141 2468 2193 ἐπὶ
2489 2140 2586 2211 τὴν
2624 2138 2880 2192 Ἰουδαίαν
2902 2137 3033 2208 (18).
3052 2138 3139 2204 Ἐξ
3160 2129 3235 2191 ὧν
3260 2131 3569 2208 ἐκρατύνθη
3588 2128 3655 2187 τὸ

2062 2234 2238 2307 δόγμα
2291 2234 2457 2288 εἰσέτι
2502 2233 2678 2304 δεῦρο.
2708 2233 2899 2301 Ἔλεγε
2936 2232 2993 2285 δὲ
3031 2232 3222 2285 ἐαυτὸν
3258 2232 3286 2284 ὁ
3313 2231 3505 2300 Μάνης
3534 2231 3650 2300 (19)

2063 2321 2202 2382 εἶναι
2236 2327 2297 2380 τὸ
2328 2324 2552 2396 Πνεῦμα
2580 2326 2639 2378 τὸ
2672 2323 3039 2395 παράκλητον·
3085 2322 3180 2376 καλ⁸
3216 2322 3347 2376 ποτέ
3386 2323 3486 2394 μὲν
3512 2323 3652 2376 ἀπό-

2066 2419 2250 2473 στολον
2299 2418 2497 2488 φάσκει
2526 2417 2713 2470 ἑαυτὸν
2747 2415 3005 2488 Χριστοῦ,
3037 2415 3165 2469 ποτέ
3201 2414 3254 2468 δὲ
3282 2414 3507 2485 Πνεῦμα
3537 2433 3648 2467 πα-

2066 2511 2352 2585 ράκλητον.
2377 2510 2487 2564 Καὶ
2517 2508 2683 2578 πολλὴ
2718 2507 2819 2577 τῆς
2846 2504 3169 2575 τυφλώσεως
3200 2504 3390 2570 τουτου
3423 2504 3652 2559 κακόδο-

2062 2600 2152 2668 ξος
2181 2599 2579 2670 άλλοιοτροπία.

2136 2692 2232 2747 ll".
2261 2691 2539 2747 Ἐντεῦθεν
2555 2691 2763 2756 λοιπὸν,
2787 2689 3081 2759 ἀγαπητοὶ,
3105 2688 3263 2760 χρεία
3280 2684 3414 2760 ἡμῖν
3437 2688 3651 2756 γίνεται

2064 2790 2145 2852 είς
2169 2787 2267 2859 τὴν
2293 2785 2504 2859 αἵρεσιν
2528 2786 2721 2846 εἰπεῖν,
2751 2784 2844 2837 καὶ
2876 2784 2955 2846 εἰς
2985 2781 3083 2853 τὴν
3111 2781 3284 2851 αὐτῆς
3311 2798 3650 2854 ματαιοφρο-

2066 2878 2232 2951 σύνην
2251 2892 2264 2907 ·
2302 2876 2371 2930 τὰ
2414 2877 2520 2947 γὰρ
2544 2873 2884 2946 παρελθόντα
2905 2873 3083 2927 πάντα
3105 2872 3248 2926 κατὰ
3277 2874 3515 2945 ἱστορίαν
3543 2874 3652 2943 ὑφ-

2062 2971 2358 3042 ηγησάμην
2378 2985 2391 2998 ·
2416 2968 2538 3022 ὅθεν
2564 2966 2629 3037 δὴ
2657 2965 2883 3037 ἄρχεται
2905 2964 3173 3019 διδάσκειν
3205 2983 3264 3019 τε
3292 2966 3387 3020 καὶ
3414 2966 3656 3037 γράφειν

2065 3064 2159 3116 καὶ
2188 3061 2366 3129 λέγειν
2393 3063 2421 3114 ὁ
2449 3057 2832 3131 χαλεπώτατος
2847 3058 3040 3127 Μάνης
3054 3060 3111 3111 ἐν
3126 3057 3206 3129 τῷ
3221 3058 3359 3126 Περὶ
3386 3059 3651 3125 πίστεως

381 3143 824 3215 improbissimus
866 3140 1056 3197 Manes
1102 3140 1158 3193 in
1202 3153 1269 3195 eo
1324 3139 1485 3202 libro,
1533 3153 1694 3209 quem
1738 3137 1815 3191 De
1861 3136 1960 3206 ﬁde

2068 3152 2231 3207 αὐτοῦ
2262 3148 2424 3223 λόγῳ.
2475 3150 2698 3215 Βίϐλους
2741 3150 2851 3222 γὰρ
2890 3142 3047 3214 οὗτος
3075 3149 3363 3221 διαφόρους
3394 3149 3609 3215 ἐξέθετο
3630 3168 3646 3181 ο

383 3237 643 3310 scripsit;
691 3235 862 3292 libros
901 3235 1046 3290 enim
1082 3231 1261 3287 varios
1305 3230 1492 3299 edidit,
1538 3246 1772 3302 quorum
1822 3247 1960 3287 unus

2073 3246 2202 3317 μίαν
2249 3244 2348 3315 μὲν
2403 3243 2685 3316 ἰσάριθμον
2733 3243 3000 3297 είκοσιδύο
3033 3243 3313 3312 στοιχείων
3358 3243 3466 3296 τῶν
3505 3242 3652 3297 κατὰ

385 3330 577 3403 viginti
616 3329 753 3386 duas
783 3329 838 3384 in
880 3333 1065 3398 partes
1102 3324 1434 3382 distributus
1472 3334 1583 3389 est,
1621 3323 1969 3395 alphabetico

385 3423 578 3479 ordine
632 3436 731 3493 pro
785 3421 1089 3477 litterarum
1148 3419 1350 3491 quibus
1408 3417 1531 3489 Syri
1586 3424 1817 3472 utuntur
1868 3433 1971 3472 nu-

384 3531 575 3584 mero;
631 3529 755 3569 nam
804 3513 1053 3585 plerique
1097 3511 1389 3568 Persarum
1441 3520 1640 3581 praeter
1695 3511 1962 3565 elementa

384 3606 601 3662 Persica
636 3604 899 3677 Syrorum
927 3618 1146 3676 quoque
1180 3601 1378 3659 litteris
1416 3609 1668 3667 utuntur,
1704 3600 1967 3672 quemad-

384 3698 605 3755 modum
646 3698 791 3768 apud
842 3712 943 3753 nos
987 3696 1289 3752 innumerae
1326 3702 1515 3765 gentes
1552 3691 1770 3751 Graacas
1811 3693 1968 3749 adhi-

384 3794 545 3857 bent,
598 3791 817 3848 tametsi
866 3790 1096 3863 singula:
1145 3789 1256 3846 fere
1298 3804 1428 3845 suas
1471 3803 1536 3843 ac
1576 3788 1829 3859 proprias
1862 3788 1965 3843 ha-

380 3886 566 3942 beant.
620 3884 729 3939 Alii
781 3899 910 3940 vero
954 3881 1401 3939 reconditissima
1466 3879 1729 3953 Syrorum
1779 3880 1965 3953 lingua

384 3990 507 4033 sese
577 3974 882 4039 venditant,
957 3971 1272 4043 cuiusmodi
1341 3982 1427 4028 est
1480 3970 1962 4044 Palmyrenorum,

381 4082 549 4139 quam
580 4081 687 4122 una
708 4080 834 4122 cum
868 4065 1059 4138 viginti
1099 4064 1313 4120 duobus
1342 4064 1463 4134 ejus
1502 4064 1788 4120 elementis
1818 4066 1969 4120 adhi-

381 4158 532 4216 bent.
563 4156 703 4213 Hinc
728 4164 815 4214 est
853 4155 1001 4227 quod
1033 4156 1318 4213 Manichaei
1349 4158 1487 4213 liber
1522 4156 1745 4212 totidem
1789 4157 1845 4212 in
1875 4174 1963 4213 se-

380 4251 593 4317 ctiones
640 4248 903 4305 dividitur
942 4266 958 4305 :
1008 4249 1174 4320 hujus
1214 4248 1502 4320 inscriptio
1548 4256 1634 4305 est
1675 4247 1964 4305 Manicluei

382 4343 653 4415 mysteria.
686 4340 842 4399 Alius
878 4350 962 4398 est
999 4341 1089 4397 cui
1138 4340 1410 4396 Thesauro
1452 4355 1653 4397 nomen
1700 4341 1961 4396 inditum.

380 4432 584 4489 Praeter
611 4432 750 4498 hos,
787 4431 925 4487 alios
951 4430 1219 4502 quosdam
1259 4432 1327 4486 ad
1362 4432 1674 4488 illudendos
1714 4433 1963 4489 homines

2067 3339 2166 3410 τὴν
2196 3337 2304 3391 τῶν
2327 3336 2513 3409 Σύρων
2539 3335 2873 3407 στοιχείωσιν
2896 3334 2963 3388 δι’
2986 3333 3317 3406 ἀλφαὸήτων
3354 3335 3650 3405 συγκειμέ-

2068 3448 2166 3502 νην
2191 3446 2203 3460 ·
2233 3429 2471 3501 χρῶνται
2495 3428 2605 3500 γὰρ
2626 3428 2677 3481 οἰ
2703 3428 2945 3481 πλεῖστοι
2964 3425 3075 3480 τῶν
3099 3425 3329 3498 Περσῶν
3354 3425 3491 3497 μετὰ
3510 3427 3652 3499 Περ-

2070 3521 2198 3576 σικὰ
2227 3523 2463 3593 στοιχεῖα
2507 3519 2602 3574 καὶ
2633 3518 2712 3590 τῷ
2751 3518 2909 3590 Σύρῳ
2944 3518 3254 3590 γράμματι,
3289 3512 3481 3588 ὥσπερ
3512 3518 3649 3588 παρ’

2065 3614 2197 3685 ἡμῖν
2232 3613 2404 3667 πολλὰ
2441 3612 2570 3684 ἔθνη
2603 3614 2716 3675 τοῖς
2760 3611 3091 3683 Ἑλληνικοῖς
3114 3611 3437 3683 κέχρηνται,
3467 3609 3650 3664 καίτοι

2066 3723 2130 3776 γε
2152 3705 2320 3760 ὅντων
2347 3704 2531 3775 σχεδὸν
2556 3704 2701 3758 κατὰ
2724 3702 2876 3767 ἔθνος
2902 3703 3047 3757 ἰδίων
3066 3702 3435 3775 γραμμάτων.
3462 3701 3653 3756 ’Ᾱλλοι

2065 3797 2121 3851 δὲ
2152 3795 2308 3867 δῆθεν
2334 3795 2435 3867 τὴν
2464 3794 2770 3866 βαθυτάτην
2792 3792 2900 3846 τῶν
2925 3779 3114 3865 Σύρων
3141 3791 3419 3847 διάλεκτον
3452 3790 3652 3862 σεμνύ-

2065 3907 2266 3959 νονται,
2306 3889 2404 3960 τήν
2430 3906 2488 3942 τε
2519 3886 2664 3961 [τὴν]
2706 3886 2845 3941 κατὰ
2880 3885 2980 3955 τὴν
3014 3884 3314 3959 Παλμύραν
3344 3884 3646 3953 διάλεκτον,

2065 3981 2235 4052 αὑτήν
2263 3997 2324 4033 τε
2356 3980 2448 4033 καὶ
2480 3979 2547 4033 τὰ
2571 3976 2749 4032 αὐτῶν
2781 3979 3051 4048 στοιχεῖν
3088 3976 3357 4031 εἰκοσιδύο
3387 3978 3444 4031 δὲ
3470 3976 3648 4031 ταῦτα

2067 4075 2321 4145 ὑπάρχει.
2373 4073 2570 4144 Διόπερ
2608 4071 2701 4125 καὶ
2744 4072 2778 4142 ή
2822 4070 2960 4142 αὐτὴ
2998 4069 3178 4141 βίϐλος
3209 4070 3477 4125 εἰκοσιδύο
3504 4072 3649 4143 τμή-

2068 4183 2216 4238 ματα
2256 4165 2429 4234 λόγων
2464 4164 2765 4235 τέτμηται·
2815 4160 2988 4236 ταύτῃ
3022 4162 3079 4217 δὲ
3121 4162 3428 4235 ἐπιτίθησιν
3473 4162 3650 4234 ὄνομα

2065 4258 2397 4328 Μανιχαίου
2438 4255 2772 4326 μυστήρια*
2829 4254 2993 4326 ἑτέρᾳ
3041 4252 3100 4307 δὲ
3146 4255 3482 4323 Θησαυρός.
3532 4255 3649 4309 Καὶ

2065 4350 2229 4415 ἄλλας
2256 4349 2321 4421 δὴ
2355 4348 2572 4418 βίϐλους
2597 4346 2873 4409 καττύσας
2912 4345 3270 4416 φαντάζεται,
3302 4345 3393 4400 τὸν
3416 4345 3652 4414 Μικρὸν

2064 4444 2129 4516 δὴ
2156 4441 2469 4513 θησαυρὸν
2505 4440 2649 4494 οὕτω
2685 4438 3041 4510 καλούμενον,
3083 4438 3252 4510 ἄλλην
3281 4438 3340 4492 δέ
3371 4438 3470 4511 τὴν
3500 4438 3647 4508 Περὶ

380 4525 683 4592 contexuit,
708 4524 856 4581 velut
879 4522 1141 4579 Minorem
1162 4524 1485 4578 thesaurum.
1514 4524 1650 4579 Item
1683 4523 1759 4579 De
1785 4535 1960 4579 astro-

2068 4533 2481 4603 ἀστρολογίας.
2523 4532 2598 4585 Οὐ
2621 4531 2730 4603 γὰρ
2756 4529 3043 4585 ἀποδέουσι
3069 4530 3169 4602 τῆς
3202 4529 3457 4601 τοιαύτης
3491 4546 3649 4601 περι-

380 4623 547 4695 logia.
600 4618 788 4691 Neque
824 4618 971 4674 enim
1006 4632 1037 4672 a
1062 4617 1299 4673 curiosis
1332 4617 1441 4672 illis
1495 4616 1707 4673 artibus
1747 4618 1952 4675 abhor-

382 4722 551 4772 rent:
603 4712 737 4786 quin
787 4710 972 4781 potius
1021 4709 1374 4765 astronomiae
1420 4709 1709 4766 scientiam
1755 4708 1867 4783 pri:
1901 4727 1961 4769 se

382 4805 586 4870 ferunt,
624 4818 690 4858 ac
733 4801 802 4858 de
842 4817 909 4857 ea
950 4801 1266 4874 gloriantur.
1328 4799 1435 4857 Sed
1490 4808 1544 4857 et
1582 4802 1822 4860 amuleta
1857 4804 1963 4861 hoc

378 4908 466 4957 est
503 4912 742 4971 appensa
772 4895 1021 4968 quietiam
1052 4910 1084 4952 e
1114 4895 1258 4951 collo
1280 4935 1297 4959 ,
1342 4908 1554 4951 necnon
1590 4902 1646 4950 et
1678 4896 1963 4955 cautiones

377 4994 543 5067 330
588 4990 831 5063 magicas
875 5004 940 5044 ac
990 4987 1294 5060 praestigias
1329 4996 1615 5058 usurpant.
1649 4987 1852 5045 Verum
1882 4991 1962 5047 sic

379 5090 531 5144 illum
562 5099 725 5156 quem
758 5082 872 5139 dixi
898 5083 1097 5137 librum
1132 5080 1320 5138 Manes
1357 5080 1675 5137 exorditur:

448 5178 589 5234 XIV.
634 5177 769 5233 Erat
805 5176 945 5233 Deus
972 5184 1023 5232 et
1060 5175 1307 5236 materia,
1350 5174 1443 5227 tua:
1479 5182 1529 5228 et
1563 5174 1823 5234 tenebraz.
1870 5174 1961 5228 bo-

380 5287 506 5325 num
531 5279 582 5325 et
611 5269 834 5334 malum,
865 5282 980 5338 qua:
1022 5275 1132 5322 tam
1171 5265 1377 5334 penitus
1406 5265 1507 5319 sibi
1546 5265 1766 5319 invicem
1806 5275 1961 5320 eram

450 5491 566 5562 (l7)
598 5490 696 5562 Διὸ
733 5489 904 5562 αὐτοί
960 5490 1016 5542 οι
1058 5474 1400 5562 Μανιχαῒοι.
1441 5484 1585 5562 Ver_t_i
1620 5495 1798 5562 potest
1830 5507 1844 5543 :
1877 5488 1957 5562 οι

382 5565 436 5619 id
456 5555 753 5642 'Manichazt:
783 5574 940 5642 super
962 5555 1504 5642 "arundines-cubant.
1709 5557 1959 5642 Dgattarii

381 5640 669 5711 propterea
701 5630 856 5711 dicti,
891 5627 1037 5711 quod
1067 5629 1123 5711 in
1145 5628 1331 5682 mattis
1371 5626 1690 5683 dormirent.
1730 5631 1872 5702 Aug.
1927 5646 1959 5685 τ

380 5698 552 5761 contr.
592 5699 856 5755 Faustum
890 5698 1125 5753 Manich.
1823 5698 1841 5702 '

451 5774 563 5845 (l8)
605 5769 811 5845 Θωμᾶς
834 5769 1027 5845 dilexi
1056 5767 1522 5845 thr-flauaque.
1556 5767 1959 5845 Corrigendum

379 5838 818 5903 cx'Tlieodo'reto
841 5839 1011 5898 videri
1045 5839 1330 5912 possitén‘t
1360 5838 1458 5909 τὴν
1487 5838 1698 5892 Ἰνδίαν.
1741 5838 1877 5894 Nam
1900 5847 1961 5893 ut

2062 4626 2290 4696 εργίαςο
2336 4622 2472 4676 ἀλλὰ
2504 4621 2704 4693 μᾶλλον
2738 4621 2921 4684 αὐτοῖς
2949 4622 3007 4677 ἐν
3051 4619 3327 4692 προχείρῳ
3352 4621 3648 4692 καυχήμα·

2064 4734 2157 4782 τος
2179 4715 2465 4788 πρόκειται
2492 4711 2827 4786 ἀστρονομία
2849 4728 2863 4742 ·
2895 4714 2991 4767 καὶ
3020 4712 3389 4785 φυλακτήρια,
3423 4713 3568 4785 φημὶ
3587 4712 3648 4767 δι

2064 4810 2134 4864 τὰ
2171 4809 2471 4881 περίαπτα,
2521 4806 2633 4861 καὶ·
2656 4806 2814 4861 ἄλλαι
2853 4806 2994 4869 τινὲς
3035 4806 3244 4876 ἐπῳδαὶ
3289 4807 3386 4861 καὶ
3427 4824 3650 4877 μαγγα-

2064 4902 2225 4956 νεῖαι.
2267 4901 2529 4972 Ἀρχεται
2574 4897 2704 4952 γοῦν
2758 4899 2817 4951 ἐν
2867 4898 2937 4967 τῇ
2972 4896 3139 4952 αὑτοῦ
3197 4896 3364 4970 βίὅλῳ
3393 4898 3574 4967 λέγειν
3618 4900 3650 4953 ὀ

2066 4993 2227 5058 αὐτὸς
2259 4993 2453 5064 Μάνης
2471 5012 2487 5023 ·

2132 5178 2230 5234 lA'.
2244 5172 2356 5233 Ἦν
2371 5177 2516 5243 Θεὸς
2530 5179 2627 5233 καί
2646 5178 2785 5246 ὕλη,
2802 5177 2929 5247 φῶς
2940 5178 3038 5233 καί
3056 5179 3296 5244 σκότος,
3310 5176 3537 5246 ἀγαθὸν
3551 5177 3653 5229 και

2068 5269 2277 5334 κακὸν,
2300 5269 2423 5335 τοῖς
2451 5267 2640 5325 πᾶσιν·
2658 5269 2853 5339 ἄκριας
2875 5269 3140 5335 ἐναντία,
3172 5270 3256 5335 ὡς
3281 5267 3433 5323 κατὰ
3455 5267 3653 5340 μηδὲν

2057 5490 2341 5563 Christum
2387 5490 2717 5563 imitaretur,
2768 5491 3149 5563 cognominem
3192 5492 3342 5550 illius
3392 5496 3649 5563 apostolo

2057 5560 2391 5632 discipulum
2426 5562 2480 5614 in
2516 5562 2723 5615 Indiam
2751 5560 3027 5632 allegavit.
3058 5560 3265 5617 Verum
3298 5560 3461 5620 etiam
3502 5565 3647 5618 intra

2058 5647 2116 5706 ῃ.
2159 5630 2220 5706 5-1
2263 5630 2730 5706 Τιιοηιειηηὶειυω
2778 5630 3272 5703 pseudapostolum
3329 5636 3384 5689 in
3429 5632 3648 5706 Syriam

2058 5702 2398 5756 destinatum
2430 5702 2643 5757 scribit.

2128 5771 2246 5851 ς19)
2282 5771 2586 5851 Ἔλεγε·δᾴ
2610 5771 3122 5851 ἐω-ζύνρΜάνης.
3148 5772 3260 5830 lmo
3286 5782 3339 5831 et
3360 5773 3648 5831 Christum

2061 5841 2303 5909 seipsum
2323 5857 2447 5897 esse
2473 5841 2612 5896 dixit
2644 5883 2658 5897 .
2692 5841 2967 5900 Theudor.
