3850 6204
204 252 276 311 ιο
823 255 1197 316 Αυνειιδυε
1230 259 1598 330 ,ηκειιεδεε
1635 247 1765 320 uis.

1918 252 2084 324 τόῖί.
2127 269 2192 326 ιι.
2233 303 2303 312 -
2341 271 2612 330 amnes.
2663 275 2846 331 va1.
3397 287 3467 342 so

203 367 617 422 ἐπικοινωνεῖν
631 370 883 440 θάτερον
908 372 1151 443 θατέρῳ.
1187 375 1300 429 Καὶ
1328 368 1483 442 οὗτος
1513 378 1616 449 μέν
1639 380 1788 433 ἐστιν

1900 386 2185 449 contraria,
2239 387 2389 441 nulla
2439 398 2495 441 ut
2549 389 2775 444 alterum
2829 407 2946 444 cum
3010 403 3175 447 attcro
3227 412 3463 451 ιυιηηιιι-

203 461 236 514 ό
260 459 531 532 πρόλογος
560 460 654 515 τοῦ
684 461 946 534 ἀγύρτου.
992 465 1275 522 Ἐντεῦθεν
1298 469 1526 540 ἄρχεται
1558 470 1660 540 τῆς
1684 472 1788 524 αὑ-

204 551 299 606 τοῦ
324 552 761 623 κακομηχανίας.
789 555 902 610 Καὶ
916 558 950 626 ἡ
974 556 1075 628 μὲν
1096 557 1277 628 βίϐλος
1297 563 1356 614 ἑν
1379 561 1570 617 πλάτει
1587 565 1787 630 κεῖται,

203 642 435 698 τοιαῦτα
464 662 586 699 τινα
613 645 794 716 φαῦλα
817 646 956 702 ἄττα
990 652 1339 723 περιέχουσα,
1367 647 1444 709 ὧν
1468 655 1565 727 τὴν
1594 655 1789 710 δυσκο-

203 734 350 803 λίαν,
387 737 484 791 καὶ
509 736 611 810 τὴν
637 740 988 812 ἐναντιότητα
1019 742 1128 797 τῶν
1165 743 1338 816 λόγων
1366 747 1461 801 καὶ
1491 748 1588 802 ἀπ’
1617 749 1790 820 αὐτῆς

202 827 305 898 τῆς
334 828 516 900 ἀρχῆς
538 830 632 884 τοῦ
671 833 876 887 σκοποῦ
911 833 992 888 ἔτι
1043 837 1424 909 περιληπτέον.
1463 841 1527 895 Ei
1557 841 1664 913 γὰρ
1696 843 1791 896 καὶ

204 918 380 991 πολλὴ
423 922 458 990 ή
499 920 660 993 λοιπὴ
693 922 951 995 φλυαρία,
985 925 1082 989 καὶ
1127 926 1380 1000 μυθώδης
1411 929 1684 994 ὑπόθεσις,
1726 933 1791 986 ὲκ

204 1012 310 1082 τῆς
335 1014 653 1086 εἰσαγωγῆς
690 1015 754 1070 τὸ
787 1018 897 1072 πᾶν
921 1017 1265 1090 δειχθήσεται
1292 1018 1394 1089 τῆς
1431 1020 1596 1074 αὑτοῦ
1622 1037 1790 1092 πονη-

207 1104 354 1175 ρίας.
381 1104 457 1158 Τὸ
483 1106 614 1176 γὰρ,
638 1101 758 1161 Ἦν
790 1107 935 1175 Θεὸς
961 1108 1062 1164 καὶ
1095 1109 1234 1179 ὕλη,
1261 1111 1413 1165 οὐδὲν
1443 1111 1672 1166 ἀποδέον
1692 1113 1790 1184 τῆς

203 1194 316 1248 τῶν
352 1195 620 1268 Ἑλλήνιον
647 1199 882 1269 ματαίας
912 1200 1168 1265 ὑπονοίας
1198 1202 1538 1274 ὑφηγήσατο.
1574 1203 1792 1257 Εὑάλω-

202 1304 298 1342 τον
326 1288 407 1353 δὲ,
439 1289 535 1342 καὶ
556 1291 760 1362 ῥᾴδιον,
791 1292 886 1346 καὶ
912 1293 1279 1348 εύκατάλυτον
1304 1294 1405 1365 τῆς
1425 1297 1790 1366 συκοφαντίας

203 1379 367 1433 τοῦτο
412 1381 475 1434 τὸ
518 1383 919 1455 κενοφρόνημα.
977 1384 1082 1438 Δύο
1128 1386 1238 1458 γὰρ
1281 1388 1570 1442 ἐπιτοαυτὸ
1603 1385 1788 1460 [εἶναι]

206 1473 487 1542 σύγχρονά
515 1491 575 1527 τε
602 1475 697 1528 καὶ
726 1476 872 1529 ἀΐδια
901 1475 962 1541 ἐξ
981 1476 1218 1546 εὐλόγων
1245 1480 1521 1551 λογισμῶν
1545 1481 1639 1534 καὶ
1662 1498 1790 1536 συν-

203 1566 332 1635 ετῆς
367 1566 581 1630 εὐνοίας
607 1566 867 1620 ἀδύνατον
889 1563 1028 1622 εἶναι
1057 1570 1208 1640 παρά
1227 1571 1306 1643 τῷ
1324 1571 1530 1642 κρίνειν
1554 1571 1790 1641 εὐλόγως

204 1655 556 1724 γινώσκοντι.
622 1658 732 1712 Καὶ
776 1659 1047 1728 γνωστέον
1093 1661 1254 1716 τοῦτο
1302 1662 1457 1718 ἔσται
1500 1666 1666 1718 παντὶ
1711 1665 1790 1735 τῷ

1892 478 2045 532 itione
2065 479 2402 550 jungeretur.
2452 480 2567 536 lloc
2601 483 2764 538 modo
2797 480 3089 546 circulator
3135 487 3239 543 iste
3276 491 3470 560 puera-

1894 576 2004 625 tur.
2054 569 2192 626 Tum
2230 573 2531 643 pessimum
2577 574 2774 644 dogma
2813 574 3089 645 explicare
3134 578 3464 646 aggreditur.

1891 661 1989 719 Est
2017 671 2200 719 autem
2239 664 2377 720 liber
2413 664 2505 720 ille
2550 663 2830 722 iusissime
2868 668 3129 736 scriptus,
3171 684 3235 722 ac
3273 682 3470 724 caetera

1890 751 2141 819 eiusdem
2198 754 2418 825 generis
2467 755 2614 811 mala
2669 765 2724 812 et
2791 757 2976 828 inepta
3029 758 3467 827 complectitur:

1891 858 2126 914 quorum
2175 845 2492 916 perplexam
2540 846 2953 910 obscuritatem,
2992 848 3468 903 contrarietatem-

1891 953 1999 1008 que
2024 952 2338 994 sermonum
2366 938 2482 1010 jam
2509 947 2625 996 tum
2655 939 2726 995 ab
2753 939 2874 1009 ipso
2915 939 3224 1010 argumenti
3267 939 3470 1011 princi-

1893 1029 1984 1099 pio
2032 1029 2466 1086 animadvertere
2505 1037 2741 1101 oportet.
2785 1028 2939 1086 Licet
2983 1030 3147 1088 enim-
3178 1045 3388 1102 magna:
3415 1031 3471 1086 in

1894 1121 2120 1191 reliquis
2161 1137 2320 1194 nugae
2368 1137 2434 1178 ac
2473 1122 2669 1178 fabulae
2707 1123 2852 1188 sint,
2885 1138 2953 1178 ex
2983 1123 3102 1193 ipso
3145 1131 3325 1178 tamen
3361 1123 3474 1192 pri-

1893 1215 2106 1268 mordio
2146 1221 2260 1270 tota
2290 1215 2436 1270 illius
2475 1216 2797 1286 improbitas
2848 1213 3088 1286 pateﬁet.
3131 1212 3289 1281 Quod
3315 1211 3474 1270 enim

1893 1305 2119 1372 scribit,
2160 1304 2292 1361 Erat
2314 1307 2458 1362 Deus
2485 1319 2532 1362 et
2565 1309 2815 1374 materia,
2846 1322 2970 1362 eum
3000 1309 3297 1364 vanissima
3335 1321 3472 1377 gen-

1893 1399 2069 1453 tilium
2121 1399 2515 1469 superstitione
2565 1399 2841 1472 congruit.
2888 1398 2996 1454 Sed
3035 1407 3090 1455 ct
3132 1399 3474 1454 calumniosa

1894 1491 1986 1544 illa
2041 1490 2332 1561 inanisque
2401 1491 2675 1547 sententia
2738 1491 2992 1546 convinci
3047 1491 3197 1546 nullo
3253 1489 3478 1562 negotio

1878 1581 2278 1650 .conl'utarique
2323 1588 2522 1651 potest.
2577 1579 2792 1636 Etenim
2847 1581 2957 1636 duo
3005 1581 3170 1637 simul
3218 1588 3279 1635 ut
3328 1581 3475 1635 exsi-

1894 1681 2041 1727 stant
2069 1672 2295 1742 aequalis
2327 1673 2427 1727 aevi
2467 1686 2532 1727 ac
2574 1672 2934 1743 sempiterna,
2979 1671 3094 1727 fieri
3125 1670 3279 1727 nullo
3310 1670 3475 1726 modo

207 1746 430 1802 σύνεσιν
460 1751 825 1822 κεκτημένῳ(
850 1752 912 1807 Et
948 1753 1060 1825 γὰρ
1097 1754 1168 1808 τὰ
1202 1755 1298 1810 δύο
1329 1756 1627 1828 σύγχρονα,
1670 1730 1790 1810 οὐδε

1900 1771 2105 1833 potest;
2143 1765 2222 1819 uti
2250 1779 2384 1818 sana
2426 1779 2490 1818 ac
2525 1730 2767 1834 prudens
2799 1766 2939 1818 ratio
2973 1764 3022 1820 ei
3062 1763 3221 1820 facile
3243 1777 3475 1834 persua-

206 1839 424 1912 κᾶν.τῷ
450 1841 673 1912 ὀνόματι
713 1843 1051 1915 διήλλακται.
1104 1847 1223 1899 Πᾶν
1251 1846 1362 1919 γὰρ
1398 1847 1460 1900 τὸ
1495 1846 1790 1919 σύγχρονον

1900 1857 2045 1919 serit,
2065 1855 2156 1926 qui
2170 1842 2534 1925 rectojudicio
2561 1856 2633 1910 sit
2651 1855 2932 1924 praeditus.
2958 1857 3136 1925 Atque
3165 1857 3268 1909 hoc
3306 1855 3472 1909 intel-

205 1933 304 1986 καὶ
325 1933 620 1990 συναῖδιον.
648 1934 722 1990 Τὸ
744 1937 803 1990 δὲ
824 1938 1093 1992 συναΐδιον
1116 1940 1208 1992 καὶ
1225 1940 1312 1992 ἀεὶ
1339 1939 1608 2012 ὑπάρχον,
1633 1939 1792 1993 τοῦτο

1900 1945 2066 2017 ligcns
2093 1945 2328 2016 quisque
2365 1960 2701 2017 cognoscere
2745 1945 2926 2000 debet.
2982 1945 3116 1998 Nam
3163 1945 3208 1999 si
3247 1945 3472 2014 aequalia

205 2025 363 2089 Θεὸς,
400 2027 635 2097 μάλιστα
680 2027 790 2082 ἀπό
828 2046 972 2094 τινος
998 2030 1172 2084 αἰτίου
1201 2031 1376 2104 ἀρχὴν
1425 2033 1501 2104 μὴ
1547 2033 1789 2104 εἰληφός.

1900 2049 2136 2108 tempore
2161 2037 2270 2092 duo
2295 2044 2448 2100 sunt,
2475 2050 2540 2090 ne
2555 2036 2912 2106 appellatione
2937 2034 3156 2104 quidem
3192 2019 3470 2090 diiferunt.

205 2121 378 2175 Οὐδὲν
407 2120 516 2193 γάρ
547 2121 716 2176 ἀΐδιον
747 2122 783 2196 ἢ
818 2123 977 2194 μόνον
1012 2123 1167 2190 Θεός.
1219 2125 1506 2198 Διαφόροις
1537 2125 1646 2197 γὰρ
1673 2127 1791 2181 όνό-

1900 2128 2177 2200 Quidquid
2208 2129 2354 2184 enim
2377 2129 2588 2199 aequale
2621 2136 2705 2184 est
2763 2127 2921 2193 alteri
2953 2134 3220 2197 tempore,
3257 2123 3382 2182 cuni
3409 2143 3476 2182 eo

209 2227 347 2280 μασι
365 2213 570 2276 ταύτας
589 2211 691 2276 τάς
718 2213 894 2284 ἀρχὰς
915 2211 1119 2279 ὲξέθου,
1143 2209 1189 2268 ὧ
1218 2215 1462 2287 βάρσαρε
1483 2218 1582 2288 τὴν
1601 2218 1792 2289 φρένα,

207 2303 304 2356 καὶ
337 2303 568 2375 πολέμιε
596 2303 698 2375 τῆς
723 2305 1072 2376 ἀνθρωπείας
1101 2307 1339 2378 φύσεως.
1390 2311 1464 2362 Τὸ
1492 2311 1591 2380 μὲν
1609 2309 1793 2375 ἐξέθου

207 2395 351 2464 φῶς,
373 2396 438 2450 τὸ
476 2395 533 2450 δὲ
567 2396 779 2461 σκότος,
817 2397 878 2451 τὸ
922 2397 966 2450 δ’
1002 2393 1069 2452 αὖ
1100 2398 1330 2467 ἀγαθὸν,
1369 2401 1464 2454 καὶ
1501 2401 1562 2454 τὸ
1609 2402 1795 2473 ἕτερον

207 2486 402 2540 κακόν.
436 2486 670 2551 Φάσκεις
698 2486 778 2551 δὲ,
811 2487 895 2540 ὅτι
925 2491 1033 2551 τοῖς
1070 2489 1235 2542 πᾶσιν
1260 2489 1444 2562 ἄκρως
1477 2493 1593 2544 ἐστὶ
1622 2493 1796 2548 ταῦτα

207 2577 453 2644 ἐναντία,
474 2578 549 2643 ὡς
576 2578 716 2632 κατά
737 2578 905 2650 μηδὲν
917 2581 1290 2634 ἐπικοινωνεῖν
1309 2580 1535 2652 θάτερον
1561 2583 1793 2656 θατέρῳ.

206 2669 422 2724 Οὑκοῦν
448 2660 704 2742 χωρίζεις
730 2671 904 2725 ταῦτα
933 2672 1028 2726 ἀπ’
1056 2672 1325 2744 ἀλλήλων.
1360 2672 1532 2744 Δῆλον
1559 2674 1689 2747 γὰρ,
1715 2678 1797 2730 ὃτι

207 2760 550 2824 ἐναντία,ὼς
582 2761 738 2832 ἔφης.
787 2763 851 2817 Εί
890 2763 947 2817 δὲ
987 2763 1216 2818 συνόντα
1247 2765 1490 2834 πέφυκε,
1531 2766 1660 2836 φίλα
1703 2769 1800 2821 καὶ

211 2851 504 2922 σύμφωνα,
538 2853 633 2908 καὶ
657 2852 907 2924 ἀλλήλοις
936 2855 1164 2908 συνόντα
1186 2856 1561 2929 εὑρεθήσεται,
1585 2859 1799 2912 συνδια-

207 2943 473 3016 τρίϐοντά
501 2961 562 2997 τε
599 2945 694 2999 καὶ
734 2947 1224 3016 συγκοινωνοῖωτα,
1260 2951 1355 3004 καὶ
1388 2951 1510 3021 μηδ’
1539 2950 1677 3022 ὅλως
1703 2953 1799 3008 ἀπ’

1895 2227 2117 2294 quoque
2153 2222 2512 2277 aeternitatem
2564 2221 2728 2276 habet
2763 2220 3052 2290 aequalem.
3099 2219 3253 2285 Quod
3291 2231 3474 2273 autem

1895 2317 2104 2387 aequale
2143 2323 2230 2370 est
2261 2314 2585 2378 aeternitate,
2628 2328 2692 2368 ac
2724 2327 2940 2384 semper
2969 2311 3205 2375 exsistit,
3240 2311 3474 2382 idipsur‘n

1900 2409 2043 2466 Deus
2085 2415 2190 2474 est,
2242 2422 2369 2462 cum
2419 2406 2722 2477 przesertim
2769 2405 2919 2460 nulla
2966 2405 3034 2459 ab
3063 2419 3230 2460 causa
3260 2404 3475 2458 initium

1898 2499 2188 2569 acceperit.
2240 2495 2384 2550 Nihil
2426 2496 2572 2551 enim
2620 2502 2817 2566 praeter
2853 2493 3042 2570 Deum
3069 2501 3154 2550 est
3189 2501 3474 2548 aeternum.

1899 2593 1980 2648 Ad
2008 2592 2127 2646 haec
2161 2593 2264 2647 ista
2293 2589 2558 2661 principia
2591 2589 2823 2644 diversis
2861 2590 3176 2644 nominibus
3209 2587 3476 2652 extulisti,

1899 2685 2062 2739 homo
2089 2683 2306 2754 ingenio
2344 2681 2599 2745 barbare,
2635 2690 2689 2737 et
2725 2682 2948 2736 humani
2991 2681 3206 2754 generis
3233 2680 3476 2736 inimice.

1899 2779 2036 2834 Nam
2071 2778 2218 2834 aliud
2263 2777 2440 2832 lucem
2480 2775 2801 2847 appellasti,
2831 2774 3276 2841 aliudstenebrae,
3329 2758 3477 2826 aliud

1901 2871 2126 2935 bonum,
2148 2868 2294 2923 aliud
2316 2867 2539 2923 malum.
2557 2866 2962 2921 Addissumme
2982 2863 3099 2919 inc
3123 2863 3357 2917 invicem
3375 2861 3476 2917 sbi

1901 2958 2317 3020 essecontraria
2338 2975 2352 3024 ;
2371 2957 2507 3014 nihil
2531 2957 2699 3012 utuni
2721 2957 2792 3010 sit
2819 2971 2944 3010 cum
2967 2955 3138 3010 altero
3167 2967 3474 3008 commune.

207 3036 461 3109 ἀλλήλων
485 3036 936 3111 ἀπαλλαττόμενα
973 3039 1040 3094 δι’
1076 3039 1380 3114 ὑπερϐολὴν
1403 3042 1608 3112 φιλίας.
1651 3044 1716 3097 El
1744 3044 1795 3098 δὲ

1904 3053 2072 3125 Igitur
2097 3067 2128 3106 a
2162 3067 2222 3108 se
2270 3050 2364 3106 illa
2384 3055 2574 3103 mutua
2611 3060 2866 3116 separas;
2895 3059 3073 3114 neque
3107 3042 3335 3099 dubium
3369 3053 3475 3104 οδε,

209 3130 379 3202 χωρὶς
397 3128 646 3202 ἀλλήλων
669 3133 807 3194 ἐστὶ,
834 3131 1052 3196 πάντως
1066 3132 1298 3188 ἕκαστον
1319 3134 1523 3190 τούτων
1545 3136 1793 3208 πεπέρα-

211 3240 356 3277 σται.
389 3224 509 3277 Πᾶν
535 3223 593 3277 δὲ
617 3224 679 3278 τὺ
708 3226 1148 3297 πεπερασμένον,
1167 3228 1229 3281 οὑ
1251 3226 1475 3286 τέλειον.
1526 3230 1795 3301 ὐρίζεται

209 3315 322 3386 γὰρ
359 3313 430 3369 δι’
461 3315 665 3370 αύτοῠ¹
701 3317 1066 3390 πεπεράσθαι.
1112 3319 1318 3383 ’Ἄλλως
1354 3320 1410 3374 δὲ
1437 3322 1531 3375 καὶ
1559 3313 1798 3395 ζητηθή-

212 3425 366 3466 σεται
387 3410 538 3481 ὄριον
564 3411 644 3474 είς
667 3409 1040 3484 διαπερασμὸν
1070 3411 1417 3484 ἀμφοτέρων,
1441 3415 1527 3468 ἴνα
1555 3413 1628 3487 μὴ
1657 3418 1801 3471 κατὰ.

209 3502 277 3556 τά
301 3502 562 3574 τέρματα
605 3501 856 3575 ἀλλήλοις
889 3504 1240 3574 ἐφαπτόμενα
1271 3506 1560 3580 ἀμφότερα
1591 3510 1658 3562 τὰ
1693 3509 1800 3563 ἴδια

207 3595 296 3650 διὰ
333 3595 446 3650 τῶν
473 3596 762 3668 τερμάτων
788 3596 1038 3668 ἀλλήλοις
1067 3597 1426 3669 συνάπτηται,
1461 3599 1556 3652 καὶ
1592 3602 1802 3654 ἐπικοι-

209 3689 474 3759 νωνήσειε
503 3688 731 3760 θάτερον
769 3687 1004 3762 θατέρῳ,
1040 3689 1135 3744 καὶ
1178 3689 1268 3744 τὸν
1300 3690 1396 3761 τῆς
1431 3691 1801 3762 ἐναντιότητος

209 3783 452 3856 ἀφανίσῃ
476 3783 614 3854 ὅρον.

1903 3143 2365 3217 quandoquidem,
2397 3149 2456 3196 ut
2499 3140 2657 3204 diris,
2697 3138 2972 3194 contraria
3015 3144 3161 3192 sunt.
3217 3136 3380 3204 Atqui
3431 3137 3477 3189 si

1901 3251 1967 3292 CX
1998 3243 2193 3289 natura
2249 3246 2348 3287 sua
2405 3245 2512 3284 una
2569 3242 2876 3291 VCI'SCINUI‘,
2917 3240 3258 3295 consequens
3290 3233 3375 3278 εει
3421 3231 3480 3277 ιιι

1903 3335 1958 3383 et
2000 3327 2176 3380 amice
2226 3324 2461 3379 invicem
2499 3321 2867 3382 consentiant,
2915 3325 3210 3387 mutuaque
3252 3315 3480 3384 conjun-

1905 3418 2094 3473 ctione
2149 3429 2216 3470 ac
2265 3412 2669 3470 consuetudine
2716 3409 3016 3472 sociemur,
3071 3421 3248 3477 neque
3289 3421 3320 3460 a
3362 3419 3482 3460 sese

1908 3524 2020 3582 pra:
2050 3521 2236 3562 amore
2276 3519 2342 3560 ac
2389 3503 2685 3559 concordia
2740 3501 3088 3557 divellantur.
3121 3498 3280 3566 Quod
3307 3499 3355 3554 si
3400 3498 3483 3552 in-

1913 3601 2081 3657 vicem
2133 3601 2384 3665 separata
2433 3600 2583 3656 sunt,
2631 3592 2828 3648 horum
2882 3589 3311 3658 unumquodque
3359 3587 3483 3643 ﬁni-

1907 3704 2020 3750 tum
2073 3690 2146 3747 sit
2185 3695 2417 3759 oportet.
2459 3683 2616 3752 Quod
2661 3691 2840 3739 autem
2887 3682 3098 3737 [initum
3143 3689 3248 3746 est,
3305 3679 3483 3750 perfe-

1907 3798 2054 3842 ctum
2103 3797 2210 3836 non
2245 3789 2354 3847 est;
2383 3785 2468 3834 est
2508 3777 2654 3833 enim
2697 3777 2800 3832 line
2851 3790 2950 3831 suo
2989 3774 3480 3843 circumscriptum.

208 3875 352 3946 Quin
378 3878 549 3932 etiam
581 3877 848 3933 terminus
873 3878 1073 3949 aliquis
1113 3878 1470 3949 requirendus
1508 3882 1635 3946 erit,
1675 3885 1767 3953 qui
1809 3894 2101 3950 utrumque
2135 3877 2388 3942 deﬁniat;
2423 3891 2512 3938 ne,
2546 3872 2594 3930 si
2623 3888 2682 3928 se
2710 3877 2901 3927 mutuo
2925 3868 3286 3937 contigerint,
3329 3880 3483 3920 com-

211 3971 476 4025 munione
500 3970 681 4040 aliqua
713 3971 974 4026 extremis
1005 3971 1113 4026 illis
1136 3971 1188 4025 in
1223 3969 1422 4026 ﬁnibus
1459 3974 1817 4044 copulentur;
1842 3976 2002 4050 331
2032 3981 2194 4041 atque
2231 3969 2306 4022 ita
2338 3965 2636 4022 constituta
2663 3963 2751 4017 illa
2781 3960 3144 4016 contrarietas
3173 3956 3483 4014 intercidat.

279 4061 393 4115 Καὶ
424 4062 476 4114 εί
505 4061 649 4132 δῲης
675 4079 730 4115 τι
752 4061 988 4132 διεῖργον
1014 4063 1286 4134 ἀναμέσον
1312 4063 1422 4117 τῶν
1450 4066 1795 4139 ἀμφοτέρων,

1977 4067 2096 4122 Jam
2128 4078 2257 4120 vero
2287 4061 2332 4118 si
2363 4057 2665 4131 quidpiam,
2701 4054 2846 4126 quod
2892 4054 2980 4108 illa
3013 4052 3254 4116 dirimat,
3295 4051 3483 4104 ambo-

211 4153 397 4208 οὐκέτι
443 4153 508 4206 τὸ
542 4154 779 4224 διεῖργον
815 4152 1002 4224 ὅμοιον
1057 4154 1212 4207 ἔσται
1251 4155 1490 4220 τούτοις,
1541 4155 1656 4209 ἀλλ’
1688 4155 1795 4210 οὖθ⁴

1904 4172 2026 4211 rum
2059 4155 2115 4210 in
2155 4151 2336 4208 medio
2369 4147 2752 4210 collocaveris,
2787 4160 2892 4199 non
2934 4151 3116 4214 potest
3154 4140 3207 4196 id
3238 4139 3384 4212 quod
3408 4139 3488 4195 di-

211 4249 399 4319 ἕτερον
421 4246 579 4300 ἔσται
603 4249 716 4310 τοῖς
734 4247 1085 4318 ἀμφοτέροις.
1117 4248 1180 4300 Et
1195 4246 1305 4318 γάρ
1320 4249 1428 4301 ἀπὸ
1456 4249 1575 4311 ἐνὸς
1601 4249 1795 4321 μέρους

1907 4248 2054 4303 rimit
2105 4246 2324 4299 illorum
2372 4254 2496 4295 esse
2553 4236 2752 4300 simile,
2797 4235 2891 4289 sed
2925 4233 2994 4286 ab
3027 4239 3260 4298 utraque
3305 4229 3486 4286 diver-

213 4339 695 4411 ἀφομοιωθήσεται
716 4339 777 4393 τὸ
795 4340 1028 4411 διεῖργον
1054 4339 1136 4392 ἑνὶ
1155 4339 1262 4396 τῶν
1287 4340 1382 4394 δύο
1407 4339 1515 4394 τῶν
1531 4320 1795 4413 πρότερον

1904 4353 2048 4394 sum.
2084 4333 2293 4389 Etenim
2323 4331 2370 4387 si
2395 4329 2466 4384 ab
2497 4341 2606 4382 una
2630 4333 2785 4396 parte
2825 4325 2880 4380 id
2905 4322 3049 4394 quod
3077 4328 3297 4393 separat
3322 4320 3485 4374 alteri
3573 4398 3580 4402 ἧ

211 4431 526 4503 εἰρημένων
567 4431 781 4494 ἀϊδίων,
837 4431 947 4485 ἀπὸ
989 4431 1082 4486 τοῦ
1134 4433 1572 4504 ἀφομοιουμένου
1615 4432 1795 4486 οὐκέτι

1904 4442 1969 4482 ex
2014 4422 2236 4481 mternis
2278 4421 2386 4476 illis
2421 4417 2706 4490 principiis
2747 4414 2925 4471 simile
2967 4412 3152 4478 fuerit,
3195 4412 3264 4468 ab
3290 4425 3357 4468 eo
3389 4426 3488 4466 cu-

210 4500 499 4596 ἀλλότριον
541 4523 627 4595 εἴη
674 4524 736 4577 τὸ
773 4524 1038 4596 διεῖργον,
1095 4500 1680 4596 ἀλλά-συναπτόμενον
1722 4525 1795 4596 τῷ

1900 4518 1992 4588 jus
2044 4511 2460 4571 similitudinem
2517 4509 2703 4572 habet,
2761 4521 2870 4561 non
2923 4504 3030 4562 erit
3077 4503 3338 4568 alienum,
3392 4500 3488 4557 sed

210 4595 657 4689 ἀφομοιουμένῳ,
688 4614 784 4668 καὶ
803 4595 892 4668 διὰ
923 4614 1017 4668 τοῦ
1044 4611 1392 4686 ὲξισουμένου
1423 4595 1622 4688 μέρους
1651 4595 1795 4668 ἔσται

1900 4622 2024 4662 cum
2058 4621 2123 4661 eo
2165 4602 2542 4672 coniunctum.
2583 4598 2797 4670 Quippe
2824 4613 2918 4668 per
2975 4596 3116 4650 hanc
3157 4595 3330 4666 ipsam
3371 4608 3490 4664 par-

211 4686 575 4782 ήσυνάφεια,
630 4707 726 4764 καὶ
750 4707 936 4762 οὐκέτι
967 4708 1463 4780 τερματισθήσεται
1499 4686 1558 4760 ἓν
1591 4709 1658 4777 τῇ
1697 4707 1795 4760 τῶι

1902 4708 2034 4761 tem,
2076 4711 2184 4767 qua
2223 4695 2292 4750 ad
2365 4691 2498 4749 illud
2538 4691 2771 4755 accedit,
2817 4689 3066 4760 quaedam
3118 4686 3480 4744 contrahetur

208 4803 302 4856 δύο
327 4802 552 4871 φύσεων
581 4802 680 4855 ἀπ’
714 4799 962 4871 ἀλλήλων
995 4799 1297 4856 διαστάσει.
1354 4799 1418 4853 El
1441 4799 1500 4853 δὲ
1533 4799 1628 4853 καὶ
1655 4799 1802 4852 ἔστιν
1863 4862 1868 4868 _

210 4891 333 4947 οὕτε
361 4894 553 4971 ὅμοιον
579 4891 689 4946 τῶν
711 4892 826 4956 δύο,
866 4891 990 4948 οὑτε
1020 4892 1246 4964 μέτοχον
1285 4891 1394 4946 ἀπὸ
1417 4894 1618 4965 μέρους
1648 4893 1806 4947 θατέ-

214 5003 327 5058 ρου,
381 4985 574 5039 οὐκέτι
598 4985 695 5038 δύο
746 4985 864 5039 ἐστὶ
890 4985 962 5040 τὰ
995 4985 1162 5050 ἀΐδια,
1198 4986 1293 5039 καὶ
1337 4984 1427 5040 ἀεὶ
1454 4985 1611 5041 ὅντα⁸
1670 4985 1806 5040 ἀλλά

211 5075 397 5129 λοιπὸν
429 5075 551 5128 ἔστι
585 5073 732 5146 τρία,
777 5076 871 5129 καὶ
901 5075 1088 5130 οὑκέτι
1130 5075 1226 5130 δύο
1251 5075 1437 5148 ἀρχαὶ,
1471 5075 1684 5130 καὶδύο
1708 5076 1804 5131 ἀλοΔ

211 5164 394 5237 λήλοις
411 5165 638 5221 ἐναντία
655 5165 724 5220 τὰ
753 5164 966 5236 πριῖιτα,
991 5166 1130 5222 ἀλλὰ
1150 5167 1333 5239 τρίτον
1358 5166 1508 5232 ἄλλο,
1530 5167 1640 5222 καὶ·
1654 5168 1809 5221 ἐναν-

215 5267 330 5312 τιον
359 5258 473 5313 τῶν
503 5258 856 5330 ἀμφοτέρων,
895 5260 993 5314 καὶ
1021 5259 1276 5332 ἀνόμοιον
1306 5261 1419 5325 τοῖς
1453 5259 1803 5340 ἀμφοτέροις,

218 5345 311 5402 καί
338 5350 580 5422 διεῖργον
603 5351 880 5421 ἀναμέσον
901 5353 1015 5406 τοῖν
1037 5351 1206 5418 δυοῖν,
1226 5352 1325 5407 καὶ
1351 5351 1426 5425 μὴ
1447 5351 1658 5425 θατέρῳ
1685 5351 1806 5406 ἑπι-

219 5440 510 5496 κοινοννοῧν
535 5440 626 5496 διὰ
644 5441 710 5494 τὺ
732 5441 1043 5508 ἀλλόκοτον,
1066 5441 1162 5498 καὶ
1178 5440 1304 5498 οὔτε
1322 5442 1649 5515 ἀμφοτέρων
1671 5441 1808 5514 λαμ-

221 5531 380 5588 σάνον
417 5533 522 5605 τὴν
563 5533 845 5604 ὁμοίωσιν.
908 5535 1019 5590 Καὶ
1055 5535 1240 5590 λοιπὸν
1273 5535 1426 5591 ἔσται
1460 5534 1646 5590 οὐκέτι
1689 5532 1804 5599 δύο,

295 5712 312 5742 ⁸
335 5709 462 5784 Leg.
504 5710 672 5766 αὑτοῦ
701 5710 817 5767 τοῦ.

1910 4790 2186 4856 aﬂinitas;
2231 4789 2376 4844 unde
2409 4789 2594 4844 nullus
2618 4787 2732 4857 jam
2767 4787 2824 4842 in
2866 4786 3150 4840 ambarum
3185 4782 3491 4838 contraria-

1909 4899 2032 4939 rum
2080 4884 2313 4938 invicem
2360 4890 2680 4936 naturarum
2729 4879 2967 4934 divortio
3009 4876 3274 4933 terminus
3321 4874 3488 4930 relin-

1909 4981 2125 5046 quetur.
2163 4975 2232 5027 At
2268 4974 2312 5026 si
2339 4987 2520 5044 neque
2561 4971 2848 5026 amborum
2891 4970 3069 5025 simile
3099 4975 3206 5035 est,
3241 4981 3343 5022 nec
3380 4965 3490 5020 ulla

1908 5066 1993 5123 sui
2021 5075 2177 5139 parte
2203 5081 2328 5121 cum
2358 5065 2533 5120 altero
2561 5063 2959 5126 communicat,
2995 5061 3193 5116 falsum
3222 5066 3310 5139 est
3329 5064 3490 5112 aeter-

1910 5174 1980 5214 na
2011 5132 2135 5214 esse
2181 5159 2322 5225 duo,
2373 5171 2496 5228 quae
2553 5171 2769 5227 semper
2810 5152 3146 5217 exstiterint,
3205 5132 3332 5204 cum
3382 5148 3488 5202 tria

1910 5262 2264 5323 consurgant.
2306 5249 2494 5322 Itaque
2519 5265 2694 5321 neque
2732 5248 2843 5303 duo
2865 5245 2975 5315 jam
3001 5250 3162 5298 erunt
3193 5239 3486 5312 principia,

1910 5359 2089 5415 neque
2125 5343 2237 5400 duo
2277 5343 2453 5416 prima
2501 5342 2732 5398 invicem
2774 5337 3087 5404 contraria;
3125 5336 3221 5393 sed
3266 5332 3487 5390 tertium

1909 5433 2186 5506 quoddam
2241 5436 2472 5500 orietur,
2523 5435 2743 5504 utrique
2799 5430 3162 5498 contrarium,
3208 5442 3274 5484 ac
3326 5424 3489 5482 dissi-

1913 5527 2061 5598 mile,
2107 5543 2218 5600 quo
2244 5528 2433 5585 eadem
2465 5526 2559 5582 illa
2598 5532 2964 5598 separantur:
2997 5519 3146 5595 quod
3186 5519 3320 5578 nihil
3358 5532 3486 5574 cum
