  <div class='ocr_page' id='page_1' title='image "/cluster/home/n/w/nwhite01/storage/ocr_20150623/42/hvd.32044011752995/026.png"; bbox 0 0 3850 6204; ppageno 0'>
   <div class='ocr_carea' id='block_1_1' title="bbox 242 164 1843 282">
    <p class='ocr_par' dir='ltr' id='par_1_1' title="bbox 242 207 1815 272">
     <span class='ocr_line' id='line_1_1' title="bbox 242 207 1815 272; baseline 0 0"><span class='ocrx_word' id='word_1_1' title='bbox 242 214 319 272; x_wconf 71' lang='lat'><strong>53</strong></span> <span class='ocrx_word' id='word_1_2' title='bbox 840 221 845 225; x_wconf 82' lang='lat'><em>&#39;</em></span> <span class='ocrx_word' id='word_1_3' title='bbox 902 207 1275 272; x_wconf 72' lang='lat' dir='ltr'><strong>ADVERSUS</strong></span> <span class='ocrx_word' id='word_1_4' title='bbox 1312 210 1656 271; x_wconf 67' lang='lat' dir='ltr'><strong>HERESES</strong></span> <span class='ocrx_word' id='word_1_5' title='bbox 1685 212 1815 272; x_wconf 78' lang='lat' dir='ltr'><strong>LIB.</strong></span> 
     </span>
    </p>
   </div>
   <div class='ocr_carea' id='block_1_2' title="bbox 1952 164 3509 282">
    <p class='ocr_par' dir='ltr' id='par_1_2' title="bbox 1968 188 3509 282">
     <span class='ocr_line' id='line_1_2' title="bbox 1968 188 3509 282; baseline 0.008 -12"><span class='ocrx_word' id='word_1_6' title='bbox 1968 214 2132 273; x_wconf 81' lang='lat' dir='ltr'><strong>&#39;rou.</strong></span> <span class='ocrx_word' id='word_1_7' title='bbox 2169 214 2234 272; x_wconf 87' lang='grc' dir='ltr'>ιι.</span> <span class='ocrx_word' id='word_1_8' title='bbox 2272 246 2341 258; x_wconf 89' lang='grc'><strong><em>-</em></strong></span> <span class='ocrx_word' id='word_1_9' title='bbox 2381 216 2665 278; x_wconf 51' lang='lat' dir='ltr'><strong>naues:</strong></span> <span class='ocrx_word' id='word_1_10' title='bbox 2695 218 2877 278; x_wconf 81' lang='lat' dir='ltr'><strong>LXVI.</strong></span> <span class='ocrx_word' id='word_1_11' title='bbox 3430 188 3509 282; x_wconf 59' lang='grc' dir='ltr'><strong>τι</strong></span> 
     </span>
    </p>
   </div>
   <div class='ocr_carea' id='block_1_3' title="bbox 243 327 1843 411">
    <p class='ocr_par' dir='ltr' id='par_1_3' title="bbox 243 327 1831 408">
     <span class='ocr_line' id='line_1_3' title="bbox 243 327 1831 408; baseline 0.004 -25"><span class='ocrx_word' id='word_1_12' title='bbox 243 336 333 383; x_wconf 75' lang='grc' dir='ltr'><strong>λιν</strong></span> <span class='ocrx_word' id='word_1_13' title='bbox 350 328 452 402; x_wconf 80' lang='grc' dir='ltr'>τῆς</span> <span class='ocrx_word' id='word_1_14' title='bbox 476 327 644 384; x_wconf 87' lang='grc' dir='ltr'>αὑτοῦ</span> <span class='ocrx_word' id='word_1_15' title='bbox 675 328 1084 403; x_wconf 75' lang='grc' dir='ltr'><strong>φιλανθρωπίας</strong></span> <span class='ocrx_word' id='word_1_16' title='bbox 1120 333 1214 387; x_wconf 79' lang='grc' dir='ltr'>καὶ</span> <span class='ocrx_word' id='word_1_17' title='bbox 1241 332 1575 406; x_wconf 84' lang='grc' dir='ltr'>ἀγαθότητος</span> <span class='ocrx_word' id='word_1_18' title='bbox 1604 334 1671 389; x_wconf 90' lang='grc' dir='ltr'><strong>τά</strong></span> <span class='ocrx_word' id='word_1_19' title='bbox 1696 334 1831 408; x_wconf 87' lang='grc' dir='ltr'>βρα-</span> 
     </span>
    </p>
   </div>
   <div class='ocr_carea' id='block_1_4' title="bbox 1952 327 3510 411">
    <p class='ocr_par' dir='ltr' id='par_1_4' title="bbox 1952 336 3510 411">
     <span class='ocr_line' id='line_1_4' title="bbox 1952 336 3510 411; baseline 0.006 -22"><span class='ocrx_word' id='word_1_20' title='bbox 1952 336 2203 391; x_wconf 87' lang='lat' dir='ltr'><strong>nalorum</strong></span> <span class='ocrx_word' id='word_1_21' title='bbox 2238 338 2396 409; x_wconf 91' lang='lat' dir='ltr'><strong>culpa</strong></span> <span class='ocrx_word' id='word_1_22' title='bbox 2438 342 2510 395; x_wconf 86' lang='lat' dir='ltr'><strong>sit</strong></span> <span class='ocrx_word' id='word_1_23' title='bbox 2553 341 2835 403; x_wconf 88' lang='lat' dir='ltr'><strong>immunis,</strong></span> <span class='ocrx_word' id='word_1_24' title='bbox 2867 342 2942 409; x_wconf 65' lang='lat' dir='ltr'><strong>{et</strong></span> <span class='ocrx_word' id='word_1_25' title='bbox 2975 354 3164 394; x_wconf 86' lang='lat' dir='ltr'><strong>eorum</strong></span> <span class='ocrx_word' id='word_1_26' title='bbox 3196 339 3287 411; x_wconf 90' lang='lat' dir='ltr'><strong>qui</strong></span> <span class='ocrx_word' id='word_1_27' title='bbox 3316 341 3371 396; x_wconf 93' lang='lat' dir='ltr'><strong>in</strong></span> <span class='ocrx_word' id='word_1_28' title='bbox 3395 343 3510 399; x_wconf 82' lang='lat' dir='ltr'><strong>vir-</strong></span> 
     </span>
    </p>
   </div>
   <div class='ocr_carea' id='block_1_5' title="bbox 244 419 1829 498">
    <p class='ocr_par' dir='ltr' id='par_1_5' title="bbox 244 419 1829 498">
     <span class='ocr_line' id='line_1_5' title="bbox 244 419 1829 498; baseline 0.006 -25"><span class='ocrx_word' id='word_1_29' title='bbox 244 421 372 498; x_wconf 78' lang='grc' dir='ltr'><strong>ὁεία</strong></span> <span class='ocrx_word' id='word_1_30' title='bbox 403 420 885 493; x_wconf 74' lang='grc' dir='ltr'><strong>εἰσκομιζομένων.</strong></span> <span class='ocrx_word' id='word_1_31' title='bbox 942 423 1001 475; x_wconf 89' lang='lat'><strong>&#39;0</strong></span> <span class='ocrx_word' id='word_1_32' title='bbox 1032 423 1090 477; x_wconf 76' lang='grc' dir='ltr'>δὲ</span> <span class='ocrx_word' id='word_1_33' title='bbox 1126 424 1399 496; x_wconf 75' lang='grc' dir='ltr'><strong>μανιώδης</strong></span> <span class='ocrx_word' id='word_1_34' title='bbox 1432 419 1586 491; x_wconf 79' lang='grc' dir='ltr'>οὗτος</span> <span class='ocrx_word' id='word_1_35' title='bbox 1617 427 1829 498; x_wconf 86' lang='grc' dir='ltr'>Μάνης,</span> 
     </span>
    </p>
   </div>
   <div class='ocr_carea' id='block_1_6' title="bbox 246 496 1833 591">
    <p class='ocr_par' dir='ltr' id='par_1_6' title="bbox 246 496 1833 591">
     <span class='ocr_line' id='line_1_6' title="bbox 246 496 1833 591; baseline 0.004 -25"><span class='ocrx_word' id='word_1_36' title='bbox 246 496 576 585; x_wconf 73' lang='grc' dir='ltr'>βοιῖλόμενος</span> <span class='ocrx_word' id='word_1_37' title='bbox 596 513 797 578; x_wconf 80' lang='grc' dir='ltr'><strong>κακίας</strong></span> <span class='ocrx_word' id='word_1_38' title='bbox 824 512 1141 585; x_wconf 79' lang='grc' dir='ltr'>ὑπεξαίρειν</span> <span class='ocrx_word' id='word_1_39' title='bbox 1168 516 1261 570; x_wconf 83' lang='grc' dir='ltr'>τὸν</span> <span class='ocrx_word' id='word_1_40' title='bbox 1281 515 1436 582; x_wconf 83' lang='grc' dir='ltr'><strong>Θεὸν,</strong></span> <span class='ocrx_word' id='word_1_41' title='bbox 1465 517 1665 589; x_wconf 72' lang='grc' dir='ltr'>μᾶλλον</span> <span class='ocrx_word' id='word_1_42' title='bbox 1684 496 1833 591; x_wconf 82' lang='grc' dir='ltr'>αὑτῷ</span> 
     </span>
    </p>
   </div>
   <div class='ocr_carea' id='block_1_7' title="bbox 244 600 1832 677">
    <p class='ocr_par' dir='ltr' id='par_1_7' title="bbox 244 600 1832 677">
     <span class='ocr_line' id='line_1_7' title="bbox 244 600 1832 677; baseline 0.006 -23"><span class='ocrx_word' id='word_1_43' title='bbox 244 601 454 657; x_wconf 77' lang='grc' dir='ltr'>κακίαν</span> <span class='ocrx_word' id='word_1_44' title='bbox 479 602 615 674; x_wconf 80' lang='grc' dir='ltr'>πρὸς</span> <span class='ocrx_word' id='word_1_45' title='bbox 645 600 759 656; x_wconf 78' lang='grc' dir='ltr'>τσον</span> <span class='ocrx_word' id='word_1_46' title='bbox 788 602 1263 675; x_wconf 76' lang='grc' dir='ltr'>ἀντικατέστησεν.</span> <span class='ocrx_word' id='word_1_47' title='bbox 1311 605 1477 677; x_wconf 91' lang='grc' dir='ltr'>Ὁμοῦ</span> <span class='ocrx_word' id='word_1_48' title='bbox 1502 607 1560 660; x_wconf 75' lang='grc' dir='ltr'>δὲ</span> <span class='ocrx_word' id='word_1_49' title='bbox 1592 607 1832 672; x_wconf 78' lang='grc' dir='ltr'>κακίζων</span> 
     </span>
    </p>
   </div>
   <div class='ocr_carea' id='block_1_8' title="bbox 244 692 1833 770">
    <p class='ocr_par' dir='ltr' id='par_1_8' title="bbox 244 692 1833 770">
     <span class='ocr_line' id='line_1_8' title="bbox 244 692 1833 770; baseline 0.003 -23"><span class='ocrx_word' id='word_1_50' title='bbox 244 692 353 764; x_wconf 78' lang='grc' dir='ltr'>τὴν</span> <span class='ocrx_word' id='word_1_51' title='bbox 394 695 574 748; x_wconf 78' lang='grc' dir='ltr'>πᾶσαν</span> <span class='ocrx_word' id='word_1_52' title='bbox 617 692 795 747; x_wconf 92' lang='grc' dir='ltr'>κτίσιν</span> <span class='ocrx_word' id='word_1_53' title='bbox 828 692 930 747; x_wconf 87' lang='grc' dir='ltr'><strong>οὑκ</strong></span> <span class='ocrx_word' id='word_1_54' title='bbox 969 694 1305 765; x_wconf 78' lang='grc' dir='ltr'><strong>αἰσχύνεται,</strong></span> <span class='ocrx_word' id='word_1_55' title='bbox 1345 696 1564 750; x_wconf 77' lang='grc' dir='ltr'>ἐκοτῶν</span> <span class='ocrx_word' id='word_1_56' title='bbox 1595 699 1653 751; x_wconf 86' lang='grc' dir='ltr'>ὲν</span> <span class='ocrx_word' id='word_1_57' title='bbox 1701 699 1833 770; x_wconf 80' lang='grc' dir='ltr'><strong>ήμίν</strong></span> 
     </span>
    </p>
   </div>
   <div class='ocr_carea' id='block_1_9' title="bbox 249 782 1831 862">
    <p class='ocr_par' dir='ltr' id='par_1_9' title="bbox 249 782 1831 862">
     <span class='ocr_line' id='line_1_9' title="bbox 249 782 1831 862; baseline 0.004 -24"><span class='ocrx_word' id='word_1_58' title='bbox 249 782 589 855; x_wconf 72' lang='grc' dir='ltr'><strong>σφαλμάτων</strong></span> <span class='ocrx_word' id='word_1_59' title='bbox 615 784 954 857; x_wconf 79' lang='grc' dir='ltr'>γιγνομένων</span> <span class='ocrx_word' id='word_1_60' title='bbox 968 785 1067 850; x_wconf 82' lang='grc' dir='ltr'>τὰς</span> <span class='ocrx_word' id='word_1_61' title='bbox 1086 786 1389 858; x_wconf 61' lang='grc' dir='ltr'>προφάσεις</span> <span class='ocrx_word' id='word_1_62' title='bbox 1412 788 1831 862; x_wconf 85' lang='grc' dir='ltr'>ἀπεμπολήσας,</span> 
     </span>
    </p>
   </div>
   <div class='ocr_carea' id='block_1_10' title="bbox 249 874 1829 952">
    <p class='ocr_par' dir='ltr' id='par_1_10' title="bbox 249 874 1829 952">
     <span class='ocr_line' id='line_1_10' title="bbox 249 874 1829 952; baseline 0.004 -24"><span class='ocrx_word' id='word_1_63' title='bbox 249 875 353 928; x_wconf 81' lang='grc' dir='ltr'>καὶ</span> <span class='ocrx_word' id='word_1_64' title='bbox 398 875 481 939; x_wconf 86' lang='grc' dir='ltr'><strong>είς</strong></span> <span class='ocrx_word' id='word_1_65' title='bbox 530 874 631 945; x_wconf 80' lang='grc' dir='ltr'>τὴν</span> <span class='ocrx_word' id='word_1_66' title='bbox 672 875 854 930; x_wconf 80' lang='grc' dir='ltr'>πᾶσαν</span> <span class='ocrx_word' id='word_1_67' title='bbox 892 874 1253 947; x_wconf 79' lang='grc' dir='ltr'>δημιουργίαν</span> <span class='ocrx_word' id='word_1_68' title='bbox 1296 876 1447 950; x_wconf 88' lang='grc' dir='ltr'>(τῶν)</span> <span class='ocrx_word' id='word_1_69' title='bbox 1481 880 1786 952; x_wconf 80' lang='grc' dir='ltr'>ίσορῤόπων</span> <span class='ocrx_word' id='word_1_70' title='bbox 1813 883 1829 913; x_wconf 79' lang='grc'>⁸</span> 
     </span>
    </p>
   </div>
   <div class='ocr_carea' id='block_1_11' title="bbox 253 967 1835 1046">
    <p class='ocr_par' dir='ltr' id='par_1_11' title="bbox 253 967 1835 1046">
     <span class='ocr_line' id='line_1_11' title="bbox 253 967 1835 1046; baseline 0.004 -26"><span class='ocrx_word' id='word_1_71' title='bbox 253 967 592 1038; x_wconf 79' lang='grc' dir='ltr'>συνυφήνας,</span> <span class='ocrx_word' id='word_1_72' title='bbox 623 967 942 1041; x_wconf 82' lang='grc' dir='ltr'>ὑπέρμαχος</span> <span class='ocrx_word' id='word_1_73' title='bbox 970 967 1172 1040; x_wconf 80' lang='grc' dir='ltr'>μᾶλλον</span> <span class='ocrx_word' id='word_1_74' title='bbox 1194 970 1488 1042; x_wconf 80' lang='grc' dir='ltr'>γεγένηται</span> <span class='ocrx_word' id='word_1_75' title='bbox 1530 971 1626 1025; x_wconf 57' lang='grc' dir='ltr'><strong>καὶ⁵</strong></span> <span class='ocrx_word' id='word_1_76' title='bbox 1666 972 1835 1046; x_wconf 82' lang='grc' dir='ltr'>ὑπερ-</span> 
     </span>
    </p>
   </div>
   <div class='ocr_carea' id='block_1_12' title="bbox 249 1054 1835 1133">
    <p class='ocr_par' dir='ltr' id='par_1_12' title="bbox 249 1054 1835 1133">
     <span class='ocr_line' id='line_1_12' title="bbox 249 1054 1835 1133; baseline 0.002 -18"><span class='ocrx_word' id='word_1_77' title='bbox 249 1059 548 1130; x_wconf 83' lang='grc' dir='ltr'>ασπιστὴς,</span> <span class='ocrx_word' id='word_1_78' title='bbox 595 1054 664 1132; x_wconf 81' lang='grc' dir='ltr'>ἦς</span> <span class='ocrx_word' id='word_1_79' title='bbox 705 1059 905 1130; x_wconf 80' lang='grc' dir='ltr'>φάσκει</span> <span class='ocrx_word' id='word_1_80' title='bbox 940 1059 1303 1133; x_wconf 80' lang='grc' dir='ltr'>ἀπαγορεύειν</span> <span class='ocrx_word' id='word_1_81' title='bbox 1335 1062 1555 1129; x_wconf 80' lang='grc' dir='ltr'>κακίας,</span> <span class='ocrx_word' id='word_1_82' title='bbox 1588 1064 1684 1117; x_wconf 74' lang='grc' dir='ltr'>καὶ</span> <span class='ocrx_word' id='word_1_83' title='bbox 1714 1065 1835 1132; x_wconf 69' lang='grc' dir='ltr'>ἀντὶ</span> 
     </span>
    </p>
   </div>
   <div class='ocr_carea' id='block_1_13' title="bbox 249 1147 1834 1226">
    <p class='ocr_par' dir='ltr' id='par_1_13' title="bbox 249 1147 1834 1226">
     <span class='ocr_line' id='line_1_13' title="bbox 249 1147 1834 1226; baseline 0.004 -25"><span class='ocrx_word' id='word_1_84' title='bbox 249 1147 352 1203; x_wconf 85' lang='grc' dir='ltr'><strong>τοῦ</strong></span> <span class='ocrx_word' id='word_1_85' title='bbox 374 1149 512 1221; x_wconf 80' lang='grc' dir='ltr'>πρὸς</span> <span class='ocrx_word' id='word_1_86' title='bbox 531 1147 701 1221; x_wconf 78' lang='grc' dir='ltr'>αὑτήν</span> <span class='ocrx_word' id='word_1_87' title='bbox 720 1149 912 1221; x_wconf 86' lang='grc' dir='ltr'>μίσους</span> <span class='ocrx_word' id='word_1_88' title='bbox 931 1149 1112 1219; x_wconf 84' lang='grc' dir='ltr'>φιλίαν</span> <span class='ocrx_word' id='word_1_89' title='bbox 1134 1150 1257 1206; x_wconf 88' lang='grc' dir='ltr'><strong>τινά</strong></span> <span class='ocrx_word' id='word_1_90' title='bbox 1278 1151 1373 1206; x_wconf 75' lang='grc' dir='ltr'>καὶ</span> <span class='ocrx_word' id='word_1_91' title='bbox 1391 1151 1677 1207; x_wconf 87' lang='grc' dir='ltr'>κοινωνίαν</span> <span class='ocrx_word' id='word_1_92' title='bbox 1697 1154 1834 1226; x_wconf 80' lang='grc' dir='ltr'>πρὸς</span> 
     </span>
    </p>
   </div>
   <div class='ocr_carea' id='block_1_14' title="bbox 249 1239 1835 1315">
    <p class='ocr_par' dir='ltr' id='par_1_14' title="bbox 249 1239 1835 1315">
     <span class='ocr_line' id='line_1_14' title="bbox 249 1239 1835 1315; baseline 0.002 -19"><span class='ocrx_word' id='word_1_93' title='bbox 249 1239 427 1312; x_wconf 77' lang='grc' dir='ltr'>αὐτὴν</span> <span class='ocrx_word' id='word_1_94' title='bbox 453 1239 853 1312; x_wconf 74' lang='grc' dir='ltr'>ἀσπαζόμενος,</span> <span class='ocrx_word' id='word_1_95' title='bbox 874 1241 1035 1295; x_wconf 78' lang='grc' dir='ltr'>ὁπότε</span> <span class='ocrx_word' id='word_1_96' title='bbox 1063 1240 1322 1296; x_wconf 84' lang='grc' dir='ltr'>σύστασιν</span> <span class='ocrx_word' id='word_1_97' title='bbox 1346 1243 1484 1315; x_wconf 82' lang='grc' dir='ltr'>αὐτῇ</span> <span class='ocrx_word' id='word_1_98' title='bbox 1511 1243 1715 1311; x_wconf 87' lang='grc' dir='ltr'>δίδωσι,</span> <span class='ocrx_word' id='word_1_99' title='bbox 1740 1246 1835 1299; x_wconf 72' lang='grc' dir='ltr'>καὶ</span> 
     </span>
    </p>
   </div>
   <div class='ocr_carea' id='block_1_15' title="bbox 249 1330 1832 1404">
    <p class='ocr_par' dir='ltr' id='par_1_15' title="bbox 249 1330 1832 1404">
     <span class='ocr_line' id='line_1_15' title="bbox 249 1330 1832 1404; baseline 0.002 -19"><span class='ocrx_word' id='word_1_100' title='bbox 249 1331 606 1396; x_wconf 78' lang='grc' dir='ltr'>ἀῖδιάζουσαν</span> <span class='ocrx_word' id='word_1_101' title='bbox 620 1331 789 1404; x_wconf 80' lang='grc' dir='ltr'>αὑτὴν</span> <span class='ocrx_word' id='word_1_102' title='bbox 810 1331 1189 1401; x_wconf 86' lang='grc' dir='ltr'>καταγγέλλει,</span> <span class='ocrx_word' id='word_1_103' title='bbox 1211 1333 1308 1387; x_wconf 85' lang='grc' dir='ltr'>σὺν</span> <span class='ocrx_word' id='word_1_104' title='bbox 1328 1331 1446 1404; x_wconf 84' lang='grc' dir='ltr'><strong>Θεῷ</strong></span> <span class='ocrx_word' id='word_1_105' title='bbox 1466 1333 1521 1387; x_wconf 86' lang='grc' dir='ltr'>δὲ</span> <span class='ocrx_word' id='word_1_106' title='bbox 1537 1334 1624 1388; x_wconf 77' lang='grc' dir='ltr'><strong>ἀεὶ</strong></span> <span class='ocrx_word' id='word_1_107' title='bbox 1646 1330 1832 1398; x_wconf 80' lang='grc' dir='ltr'>οὖσαν,</span> 
     </span>
    </p>
   </div>
   <div class='ocr_carea' id='block_1_16' title="bbox 252 1419 1836 1495">
    <p class='ocr_par' dir='ltr' id='par_1_16' title="bbox 252 1419 1836 1495">
     <span class='ocr_line' id='line_1_16' title="bbox 252 1419 1836 1495; baseline 0 -17"><span class='ocrx_word' id='word_1_108' title='bbox 252 1424 352 1478; x_wconf 78' lang='grc' dir='ltr'><strong>καὶ</strong></span> <span class='ocrx_word' id='word_1_109' title='bbox 384 1424 652 1495; x_wconf 81' lang='grc' dir='ltr'>μηδέποτε</span> <span class='ocrx_word' id='word_1_110' title='bbox 690 1424 962 1495; x_wconf 82' lang='grc' dir='ltr'>λήγουσαν</span> <span class='ocrx_word' id='word_1_111' title='bbox 987 1423 1081 1477; x_wconf 87' lang='grc' dir='ltr'><strong>τοῦ</strong></span> <span class='ocrx_word' id='word_1_112' title='bbox 1105 1419 1264 1478; x_wconf 74' lang='grc' dir='ltr'>εἶναι.</span> <span class='ocrx_word' id='word_1_113' title='bbox 1328 1425 1581 1495; x_wconf 79' lang='grc' dir='ltr'>Ὀνόμασι</span> <span class='ocrx_word' id='word_1_114' title='bbox 1609 1426 1667 1479; x_wconf 77' lang='grc' dir='ltr'><strong>δέ</strong></span> <span class='ocrx_word' id='word_1_115' title='bbox 1694 1443 1836 1480; x_wconf 86' lang='grc' dir='ltr'>τισιν</span> 
     </span>
    </p>
   </div>
   <div class='ocr_carea' id='block_1_17' title="bbox 250 1515 1835 1589">
    <p class='ocr_par' dir='ltr' id='par_1_17' title="bbox 250 1515 1835 1589">
     <span class='ocr_line' id='line_1_17' title="bbox 250 1515 1835 1589; baseline 0.001 -17"><span class='ocrx_word' id='word_1_116' title='bbox 250 1517 429 1589; x_wconf 76' lang='grc' dir='ltr'>αὐτὴν</span> <span class='ocrx_word' id='word_1_117' title='bbox 458 1515 747 1572; x_wconf 81' lang='grc' dir='ltr'>ἀποκαλῶν</span> <span class='ocrx_word' id='word_1_118' title='bbox 766 1516 853 1571; x_wconf 83' lang='grc' dir='ltr'><strong>διὰ</strong></span> <span class='ocrx_word' id='word_1_119' title='bbox 885 1516 1075 1573; x_wconf 85' lang='grc' dir='ltr'>πασῶν</span> <span class='ocrx_word' id='word_1_120' title='bbox 1091 1516 1199 1571; x_wconf 87' lang='grc' dir='ltr'><strong>τῶν</strong></span> <span class='ocrx_word' id='word_1_121' title='bbox 1227 1517 1555 1584; x_wconf 82' lang='grc' dir='ltr'>ὑποθέσεων,</span> <span class='ocrx_word' id='word_1_122' title='bbox 1589 1520 1835 1575; x_wconf 85' lang='grc' dir='ltr'>ἐκπεσὼν</span> 
     </span>
    </p>
   </div>
   <div class='ocr_carea' id='block_1_18' title="bbox 249 1604 1837 1679">
    <p class='ocr_par' dir='ltr' id='par_1_18' title="bbox 249 1604 1837 1679">
     <span class='ocr_line' id='line_1_18' title="bbox 249 1604 1837 1679; baseline 0.002 -19"><span class='ocrx_word' id='word_1_123' title='bbox 249 1608 358 1678; x_wconf 76' lang='grc' dir='ltr'>τῆς</span> <span class='ocrx_word' id='word_1_124' title='bbox 394 1606 653 1677; x_wconf 77' lang='grc' dir='ltr'>ἀληθείας</span> <span class='ocrx_word' id='word_1_125' title='bbox 696 1604 1103 1678; x_wconf 73' lang='grc' dir='ltr'>φωραθήσεται,</span> <span class='ocrx_word' id='word_1_126' title='bbox 1144 1606 1242 1677; x_wconf 80' lang='grc' dir='ltr'>τῆς</span> <span class='ocrx_word' id='word_1_127' title='bbox 1290 1608 1470 1679; x_wconf 83' lang='grc' dir='ltr'>πάσης</span> <span class='ocrx_word' id='word_1_128' title='bbox 1511 1608 1739 1673; x_wconf 84' lang='grc' dir='ltr'>κτίσεως</span> <span class='ocrx_word' id='word_1_129' title='bbox 1772 1611 1837 1663; x_wconf 87' lang='grc' dir='ltr'><strong>ἐκ</strong></span> 
     </span>
    </p>
   </div>
   <div class='ocr_carea' id='block_1_19' title="bbox 1940 429 3508 502">
    <p class='ocr_par' dir='ltr' id='par_1_19' title="bbox 1940 429 3508 502">
     <span class='ocr_line' id='line_1_19' title="bbox 1940 429 3508 502; baseline 0.006 -21"><span class='ocrx_word' id='word_1_130' title='bbox 1940 435 2053 482; x_wconf 91' lang='lat' dir='ltr'><strong>tute</strong></span> <span class='ocrx_word' id='word_1_131' title='bbox 2081 429 2528 499; x_wconf 76' lang='lat' dir='ltr'><strong>progrediuntur,</strong></span> <span class='ocrx_word' id='word_1_132' title='bbox 2568 440 2730 502; x_wconf 89' lang='lat' dir='ltr'><strong>atque</strong></span> <span class='ocrx_word' id='word_1_133' title='bbox 2772 431 2841 488; x_wconf 89' lang='lat' dir='ltr'><strong>ab</strong></span> <span class='ocrx_word' id='word_1_134' title='bbox 2869 430 3204 487; x_wconf 71' lang='lat' dir='ltr'><strong>humanitate</strong></span> <span class='ocrx_word' id='word_1_135' title='bbox 3235 432 3508 490; x_wconf 84' lang='lat' dir='ltr'><strong>bonitate-</strong></span> 
     </span>
    </p>
   </div>
   <div class='ocr_carea' id='block_1_20' title="bbox 1935 523 3508 594">
    <p class='ocr_par' dir='ltr' id='par_1_20' title="bbox 1935 523 3508 594">
     <span class='ocr_line' id='line_1_20' title="bbox 1935 523 3508 594; baseline 0.006 -21"><span class='ocrx_word' id='word_1_136' title='bbox 1935 536 2041 591; x_wconf 85' lang='lat' dir='ltr'><strong>que</strong></span> <span class='ocrx_word' id='word_1_137' title='bbox 2075 536 2174 576; x_wconf 89' lang='lat' dir='ltr'><strong>sua</strong></span> <span class='ocrx_word' id='word_1_138' title='bbox 2226 523 2448 592; x_wconf 67' lang='lat' dir='ltr'><strong>praemia</strong></span> <span class='ocrx_word' id='word_1_139' title='bbox 2494 523 2758 589; x_wconf 78' lang='lat' dir='ltr'><strong>referunt,</strong></span> <span class='ocrx_word' id='word_1_140' title='bbox 2806 523 3100 579; x_wconf 91' lang='lat' dir='ltr'><strong>discrimen</strong></span> <span class='ocrx_word' id='word_1_141' title='bbox 3140 524 3358 594; x_wconf 84' lang='lat' dir='ltr'><strong>aliquod</strong></span> <span class='ocrx_word' id='word_1_142' title='bbox 3394 533 3508 583; x_wconf 86' lang='lat' dir='ltr'><strong>sta-</strong></span> 
     </span>
    </p>
   </div>
   <div class='ocr_carea' id='block_1_21' title="bbox 1935 611 3512 675">
    <p class='ocr_par' dir='ltr' id='par_1_21' title="bbox 1935 611 3512 675">
     <span class='ocr_line' id='line_1_21' title="bbox 1935 611 3512 675; baseline 0.001 -11"><span class='ocrx_word' id='word_1_143' title='bbox 1935 618 2139 666; x_wconf 90' lang='lat' dir='ltr'><strong>tuatur.</strong></span> <span class='ocrx_word' id='word_1_144' title='bbox 2172 611 2240 664; x_wconf 83' lang='lat' dir='ltr'><strong>At</strong></span> <span class='ocrx_word' id='word_1_145' title='bbox 2266 611 2491 667; x_wconf 88' lang='lat' dir='ltr'><strong>insanus</strong></span> <span class='ocrx_word' id='word_1_146' title='bbox 2529 612 2621 668; x_wconf 90' lang='lat' dir='ltr'><strong>ille</strong></span> <span class='ocrx_word' id='word_1_147' title='bbox 2649 611 2855 675; x_wconf 81' lang='lat' dir='ltr'><strong>Manes,</strong></span> <span class='ocrx_word' id='word_1_148' title='bbox 2890 611 3021 665; x_wconf 92' lang='lat' dir='ltr'><strong>dum</strong></span> <span class='ocrx_word' id='word_1_149' title='bbox 3051 611 3119 666; x_wconf 90' lang='lat' dir='ltr'><strong>ab</strong></span> <span class='ocrx_word' id='word_1_150' title='bbox 3156 612 3304 666; x_wconf 90' lang='lat' dir='ltr'><strong>omni</strong></span> <span class='ocrx_word' id='word_1_151' title='bbox 3353 612 3512 667; x_wconf 83' lang='lat' dir='ltr'><strong>mali-</strong></span> 
     </span>
    </p>
   </div>
   <div class='ocr_carea' id='block_1_22' title="bbox 1937 700 3509 774">
    <p class='ocr_par' dir='ltr' id='par_1_22' title="bbox 1937 700 3509 774">
     <span class='ocr_line' id='line_1_22' title="bbox 1937 700 3509 774; baseline 0.003 -18"><span class='ocrx_word' id='word_1_152' title='bbox 1937 701 2024 756; x_wconf 71' lang='lat' dir='ltr'><strong>tiae</strong></span> <span class='ocrx_word' id='word_1_153' title='bbox 2053 702 2173 757; x_wconf 83' lang='lat' dir='ltr'><strong>labe</strong></span> <span class='ocrx_word' id='word_1_154' title='bbox 2201 700 2367 757; x_wconf 90' lang='lat' dir='ltr'><strong>Deum</strong></span> <span class='ocrx_word' id='word_1_155' title='bbox 2397 703 2636 759; x_wconf 84' lang='lat' dir='ltr'><strong>eximere</strong></span> <span class='ocrx_word' id='word_1_156' title='bbox 2674 704 2880 772; x_wconf 92' lang='lat' dir='ltr'><strong>studet,</strong></span> <span class='ocrx_word' id='word_1_157' title='bbox 2920 718 3030 759; x_wconf 90' lang='lat' dir='ltr'><strong>non</strong></span> <span class='ocrx_word' id='word_1_158' title='bbox 3079 702 3241 758; x_wconf 91' lang='lat' dir='ltr'><strong>modo</strong></span> <span class='ocrx_word' id='word_1_159' title='bbox 3278 703 3332 759; x_wconf 83' lang='lat' dir='ltr'><strong>id</strong></span> <span class='ocrx_word' id='word_1_160' title='bbox 3362 704 3509 774; x_wconf 80' lang='lat' dir='ltr'><strong>quod</strong></span> 
     </span>
    </p>
   </div>
   <div class='ocr_carea' id='block_1_23' title="bbox 1934 792 3512 865">
    <p class='ocr_par' dir='ltr' id='par_1_23' title="bbox 1934 792 3512 865">
     <span class='ocr_line' id='line_1_23' title="bbox 1934 792 3512 865; baseline 0.003 -21"><span class='ocrx_word' id='word_1_161' title='bbox 1934 792 2049 845; x_wconf 86' lang='lat' dir='ltr'><strong>vult</strong></span> <span class='ocrx_word' id='word_1_162' title='bbox 2079 807 2186 847; x_wconf 91' lang='lat' dir='ltr'><strong>non</strong></span> <span class='ocrx_word' id='word_1_163' title='bbox 2231 793 2565 864; x_wconf 82' lang='lat' dir='ltr'><strong>assequitur,</strong></span> <span class='ocrx_word' id='word_1_164' title='bbox 2596 793 2691 850; x_wconf 91' lang='lat' dir='ltr'><strong>sed</strong></span> <span class='ocrx_word' id='word_1_165' title='bbox 2728 794 2835 849; x_wconf 92' lang='lat' dir='ltr'><strong>alia</strong></span> <span class='ocrx_word' id='word_1_166' title='bbox 2872 792 3085 849; x_wconf 82' lang='lat' dir='ltr'><strong>ratione</strong></span> <span class='ocrx_word' id='word_1_167' title='bbox 3117 794 3382 864; x_wconf 79' lang='lat' dir='ltr'><strong>aequalem</strong></span> <span class='ocrx_word' id='word_1_168' title='bbox 3414 808 3512 865; x_wconf 84' lang='lat' dir='ltr'><strong>po-</strong></span> 
     </span>
    </p>
   </div>
   <div class='ocr_carea' id='block_1_24' title="bbox 1936 883 3512 954">
    <p class='ocr_par' dir='ltr' id='par_1_24' title="bbox 1936 883 3512 954">
     <span class='ocr_line' id='line_1_24' title="bbox 1936 883 3512 954; baseline 0.003 -17"><span class='ocrx_word' id='word_1_169' title='bbox 1936 883 2044 939; x_wconf 85' lang='lat' dir='ltr'><strong>tius</strong></span> <span class='ocrx_word' id='word_1_170' title='bbox 2077 884 2223 938; x_wconf 85' lang='lat' dir='ltr'><strong>illam</strong></span> <span class='ocrx_word' id='word_1_171' title='bbox 2265 883 2532 954; x_wconf 82' lang='lat' dir='ltr'><strong>rependit.</strong></span> <span class='ocrx_word' id='word_1_172' title='bbox 2570 884 2711 952; x_wconf 80' lang='lat' dir='ltr'><strong>Quin</strong></span> <span class='ocrx_word' id='word_1_173' title='bbox 2735 886 2897 941; x_wconf 86' lang='lat' dir='ltr'><strong>etiam</strong></span> <span class='ocrx_word' id='word_1_174' title='bbox 2921 884 3174 940; x_wconf 89' lang='lat' dir='ltr'><strong>conditas</strong></span> <span class='ocrx_word' id='word_1_175' title='bbox 3207 899 3238 939; x_wconf 90' lang='lat' dir='ltr'><strong>a</strong></span> <span class='ocrx_word' id='word_1_176' title='bbox 3281 883 3392 940; x_wconf 90' lang='lat' dir='ltr'><strong>Deo</strong></span> <span class='ocrx_word' id='word_1_177' title='bbox 3423 900 3512 941; x_wconf 87' lang='lat' dir='ltr'><strong>res</strong></span> 
     </span>
    </p>
   </div>
   <div class='ocr_carea' id='block_1_25' title="bbox 1940 974 3512 1047">
    <p class='ocr_par' dir='ltr' id='par_1_25' title="bbox 1940 974 3512 1047">
     <span class='ocr_line' id='line_1_25' title="bbox 1940 974 3512 1047; baseline 0.001 -18"><span class='ocrx_word' id='word_1_178' title='bbox 1940 987 2131 1030; x_wconf 87' lang='lat' dir='ltr'><strong>omnes</strong></span> <span class='ocrx_word' id='word_1_179' title='bbox 2155 974 2276 1030; x_wconf 90' lang='lat' dir='ltr'><strong>sine</strong></span> <span class='ocrx_word' id='word_1_180' title='bbox 2326 975 2437 1030; x_wconf 93' lang='lat' dir='ltr'><strong>ullo</strong></span> <span class='ocrx_word' id='word_1_181' title='bbox 2487 975 2693 1046; x_wconf 91' lang='lat' dir='ltr'><strong>pudore</strong></span> <span class='ocrx_word' id='word_1_182' title='bbox 2729 977 3044 1046; x_wconf 85' lang='lat' dir='ltr'><strong>vituperat:</strong></span> <span class='ocrx_word' id='word_1_183' title='bbox 3096 976 3257 1047; x_wconf 86' lang='lat' dir='ltr'><strong>cujus</strong></span> <span class='ocrx_word' id='word_1_184' title='bbox 3293 976 3512 1047; x_wconf 87' lang='lat' dir='ltr'><strong>quidem</strong></span> 
     </span>
    </p>
   </div>
   <div class='ocr_carea' id='block_1_26' title="bbox 1939 1065 3516 1137">
    <p class='ocr_par' dir='ltr' id='par_1_26' title="bbox 1939 1065 3516 1137">
     <span class='ocr_line' id='line_1_26' title="bbox 1939 1065 3516 1137; baseline 0 -15"><span class='ocrx_word' id='word_1_185' title='bbox 1939 1068 2018 1123; x_wconf 91' lang='lat' dir='ltr'><strong>sic</strong></span> <span class='ocrx_word' id='word_1_186' title='bbox 2052 1082 2115 1121; x_wconf 77' lang='lat' dir='ltr'><strong>ex</strong></span> <span class='ocrx_word' id='word_1_187' title='bbox 2149 1067 2217 1122; x_wconf 91' lang='lat' dir='ltr'><strong>iis</strong></span> <span class='ocrx_word' id='word_1_188' title='bbox 2253 1065 2465 1122; x_wconf 84' lang='lat' dir='ltr'><strong>delictis</strong></span> <span class='ocrx_word' id='word_1_189' title='bbox 2504 1083 2625 1137; x_wconf 68' lang='lat' dir='ltr'><strong>quae</strong></span> <span class='ocrx_word' id='word_1_190' title='bbox 2654 1068 2709 1122; x_wconf 94' lang='lat' dir='ltr'><strong>in</strong></span> <span class='ocrx_word' id='word_1_191' title='bbox 2749 1069 2909 1123; x_wconf 89' lang='lat' dir='ltr'><strong>nobis</strong></span> <span class='ocrx_word' id='word_1_192' title='bbox 2941 1075 3242 1123; x_wconf 84' lang='lat' dir='ltr'><strong>cernuntur</strong></span> <span class='ocrx_word' id='word_1_193' title='bbox 3277 1068 3516 1123; x_wconf 89' lang='lat' dir='ltr'><strong>occasio-</strong></span> 
     </span>
    </p>
   </div>
   <div class='ocr_carea' id='block_1_27' title="bbox 1938 1157 3513 1229">
    <p class='ocr_par' dir='ltr' id='par_1_27' title="bbox 1938 1157 3513 1229">
     <span class='ocr_line' id='line_1_27' title="bbox 1938 1157 3513 1229; baseline -0.001 -17"><span class='ocrx_word' id='word_1_194' title='bbox 1938 1174 2060 1215; x_wconf 81' lang='lat' dir='ltr'><strong>nem</strong></span> <span class='ocrx_word' id='word_1_195' title='bbox 2103 1157 2314 1227; x_wconf 83' lang='lat' dir='ltr'><strong>arripit,</strong></span> <span class='ocrx_word' id='word_1_196' title='bbox 2351 1168 2411 1212; x_wconf 88' lang='lat' dir='ltr'><strong>ut</strong></span> <span class='ocrx_word' id='word_1_197' title='bbox 2446 1159 2499 1213; x_wconf 91' lang='lat' dir='ltr'><strong>in</strong></span> <span class='ocrx_word' id='word_1_198' title='bbox 2542 1167 2735 1214; x_wconf 69' lang='lat' dir='ltr'><strong>caetera</strong></span> <span class='ocrx_word' id='word_1_199' title='bbox 2764 1160 2952 1213; x_wconf 78' lang='lat' dir='ltr'><strong>omnia</strong></span> <span class='ocrx_word' id='word_1_200' title='bbox 2992 1158 3205 1229; x_wconf 80' lang='lat' dir='ltr'><strong>npiticia</strong></span> <span class='ocrx_word' id='word_1_201' title='bbox 3251 1158 3513 1228; x_wconf 86' lang='lat' dir='ltr'><strong>probrum</strong></span> 
     </span>
    </p>
   </div>
   <div class='ocr_carea' id='block_1_28' title="bbox 1938 1248 3513 1323">
    <p class='ocr_par' dir='ltr' id='par_1_28' title="bbox 1938 1248 3513 1323">
     <span class='ocr_line' id='line_1_28' title="bbox 1938 1248 3513 1323; baseline -0.001 -20"><span class='ocrx_word' id='word_1_202' title='bbox 1938 1249 2067 1304; x_wconf 86' lang='lat' dir='ltr'><strong>illud</strong></span> <span class='ocrx_word' id='word_1_203' title='bbox 2092 1263 2156 1304; x_wconf 82' lang='lat' dir='ltr'><strong>ex</strong></span> <span class='ocrx_word' id='word_1_204' title='bbox 2187 1264 2344 1320; x_wconf 70' lang='grc' dir='ltr'>αξηυο</span> <span class='ocrx_word' id='word_1_205' title='bbox 2369 1249 2597 1304; x_wconf 84' lang='lat' dir='ltr'><strong>derivet.</strong></span> <span class='ocrx_word' id='word_1_206' title='bbox 2643 1248 2701 1303; x_wconf 88' lang='lat' dir='ltr'><strong>In</strong></span> <span class='ocrx_word' id='word_1_207' title='bbox 2748 1263 2857 1317; x_wconf 91' lang='lat' dir='ltr'><strong>quo</strong></span> <span class='ocrx_word' id='word_1_208' title='bbox 2889 1249 3107 1303; x_wconf 76' lang='lat' dir='ltr'><strong>malitia:</strong></span> <span class='ocrx_word' id='word_1_209' title='bbox 3150 1250 3318 1314; x_wconf 84' lang='lat' dir='ltr'><strong>illius,</strong></span> <span class='ocrx_word' id='word_1_210' title='bbox 3349 1264 3513 1323; x_wconf 88' lang='lat' dir='ltr'><strong>quam</strong></span> 
     </span>
    </p>
   </div>
   <div class='ocr_carea' id='block_1_29' title="bbox 1936 1339 3514 1410">
    <p class='ocr_par' dir='ltr' id='par_1_29' title="bbox 1936 1339 3514 1410">
     <span class='ocr_line' id='line_1_29' title="bbox 1936 1339 3514 1410; baseline 0.001 -15"><span class='ocrx_word' id='word_1_211' title='bbox 1936 1340 2150 1396; x_wconf 81' lang='lat' dir='ltr'><strong>excludi</strong></span> <span class='ocrx_word' id='word_1_212' title='bbox 2184 1356 2215 1395; x_wconf 91' lang='lat' dir='ltr'><strong>a</strong></span> <span class='ocrx_word' id='word_1_213' title='bbox 2245 1355 2305 1395; x_wconf 90' lang='lat' dir='ltr'><strong>se</strong></span> <span class='ocrx_word' id='word_1_214' title='bbox 2337 1340 2594 1410; x_wconf 62' lang='lat' dir='ltr'><strong>praadicat</strong></span> <span class='ocrx_word' id='word_1_215' title='bbox 2620 1348 2990 1410; x_wconf 81' lang='lat' dir='ltr'><strong>propugnator</strong></span> <span class='ocrx_word' id='word_1_216' title='bbox 3018 1341 3198 1410; x_wconf 84' lang='lat' dir='ltr'><strong>potius</strong></span> <span class='ocrx_word' id='word_1_217' title='bbox 3229 1355 3294 1395; x_wconf 89' lang='lat' dir='ltr'><strong>ac</strong></span> <span class='ocrx_word' id='word_1_218' title='bbox 3321 1339 3514 1396; x_wconf 82' lang='lat' dir='ltr'><strong>defen-</strong></span> 
     </span>
    </p>
   </div>
   <div class='ocr_carea' id='block_1_30' title="bbox 1938 1431 3518 1503">
    <p class='ocr_par' dir='ltr' id='par_1_30' title="bbox 1938 1431 3518 1503">
     <span class='ocr_line' id='line_1_30' title="bbox 1938 1431 3518 1503; baseline -0.003 -15"><span class='ocrx_word' id='word_1_219' title='bbox 1938 1447 2030 1488; x_wconf 89' lang='lat' dir='ltr'><strong>sor</strong></span> <span class='ocrx_word' id='word_1_220' title='bbox 2061 1440 2314 1503; x_wconf 88' lang='lat' dir='ltr'><strong>apparet;</strong></span> <span class='ocrx_word' id='word_1_221' title='bbox 2362 1440 2686 1502; x_wconf 88' lang='lat' dir='ltr'><strong>tantumque</strong></span> <span class='ocrx_word' id='word_1_222' title='bbox 2726 1433 2904 1494; x_wconf 86' lang='lat' dir='ltr'><strong>abest,</strong></span> <span class='ocrx_word' id='word_1_223' title='bbox 2940 1441 2997 1486; x_wconf 90' lang='lat' dir='ltr'><strong>ut</strong></span> <span class='ocrx_word' id='word_1_224' title='bbox 3043 1432 3191 1486; x_wconf 89' lang='lat' dir='ltr'><strong>illam</strong></span> <span class='ocrx_word' id='word_1_225' title='bbox 3222 1431 3422 1496; x_wconf 88' lang='lat' dir='ltr'><strong>oderit,</strong></span> <span class='ocrx_word' id='word_1_226' title='bbox 3458 1438 3518 1485; x_wconf 90' lang='lat' dir='ltr'><strong>ut</strong></span> 
     </span>
    </p>
   </div>
   <div class='ocr_carea' id='block_1_31' title="bbox 1939 1521 3517 1594">
    <p class='ocr_par' dir='ltr' id='par_1_31' title="bbox 1939 1521 3517 1594">
     <span class='ocr_line' id='line_1_31' title="bbox 1939 1521 3517 1594; baseline -0.003 -16"><span class='ocrx_word' id='word_1_227' title='bbox 1939 1523 2230 1579; x_wconf 85' lang='lat' dir='ltr'><strong>amicitiam</strong></span> <span class='ocrx_word' id='word_1_228' title='bbox 2260 1537 2481 1594; x_wconf 90' lang='lat' dir='ltr'><strong>quoque</strong></span> <span class='ocrx_word' id='word_1_229' title='bbox 2523 1538 2646 1577; x_wconf 89' lang='lat' dir='ltr'><strong>cum</strong></span> <span class='ocrx_word' id='word_1_230' title='bbox 2688 1536 2750 1577; x_wconf 89' lang='lat' dir='ltr'><strong>ea</strong></span> <span class='ocrx_word' id='word_1_231' title='bbox 2777 1522 2938 1594; x_wconf 76' lang='lat'><strong>633</strong></span> <span class='ocrx_word' id='word_1_232' title='bbox 2970 1521 3517 1590; x_wconf 88' lang='lat' dir='ltr'><strong>communionemque</strong></span> 
     </span>
    </p>
   </div>
   <div class='ocr_carea' id='block_1_32' title="bbox 1941 1612 3517 1685">
    <p class='ocr_par' dir='ltr' id='par_1_32' title="bbox 1941 1612 3517 1685">
     <span class='ocr_line' id='line_1_32' title="bbox 1941 1612 3517 1685; baseline -0.004 -15"><span class='ocrx_word' id='word_1_233' title='bbox 1941 1614 2221 1685; x_wconf 86' lang='lat' dir='ltr'><strong>suscipiat.</strong></span> <span class='ocrx_word' id='word_1_234' title='bbox 2251 1612 2386 1667; x_wconf 86' lang='lat' dir='ltr'><strong>Nam</strong></span> <span class='ocrx_word' id='word_1_235' title='bbox 2419 1621 2474 1668; x_wconf 91' lang='lat' dir='ltr'><strong>et</strong></span> <span class='ocrx_word' id='word_1_236' title='bbox 2511 1614 2873 1668; x_wconf 84' lang='lat' dir='ltr'><strong>substantiam</strong></span> <span class='ocrx_word' id='word_1_237' title='bbox 2905 1614 2993 1667; x_wconf 88' lang='lat' dir='ltr'><strong>ille</strong></span> <span class='ocrx_word' id='word_1_238' title='bbox 3026 1612 3237 1677; x_wconf 85' lang='lat' dir='ltr'><strong>tribuit,</strong></span> <span class='ocrx_word' id='word_1_239' title='bbox 3279 1618 3333 1666; x_wconf 88' lang='lat' dir='ltr'><strong>et</strong></span> <span class='ocrx_word' id='word_1_240' title='bbox 3357 1619 3517 1665; x_wconf 72' lang='lat' dir='ltr'><strong>teter-</strong></span> 
     </span>
    </p>
   </div>
   <div class='ocr_carea' id='block_1_33' title="bbox 252 1689 1843 1775">
    <p class='ocr_par' dir='ltr' id='par_1_33' title="bbox 252 1691 1835 1772">
     <span class='ocr_line' id='line_1_33' title="bbox 252 1691 1835 1772; baseline 0.003 -22"><span class='ocrx_word' id='word_1_241' title='bbox 252 1696 395 1752; x_wconf 82' lang='grc' dir='ltr'>θεοῦ</span> <span class='ocrx_word' id='word_1_242' title='bbox 440 1697 620 1762; x_wconf 83' lang='grc' dir='ltr'>καλῶς</span> <span class='ocrx_word' id='word_1_243' title='bbox 660 1697 1009 1769; x_wconf 84' lang='grc' dir='ltr'>ἐκτισμένης,</span> <span class='ocrx_word' id='word_1_244' title='bbox 1058 1696 1119 1762; x_wconf 80' lang='grc' dir='ltr'>ἐξ</span> <span class='ocrx_word' id='word_1_245' title='bbox 1159 1691 1232 1751; x_wconf 82' lang='grc' dir='ltr'>ὧν</span> <span class='ocrx_word' id='word_1_246' title='bbox 1279 1698 1437 1762; x_wconf 79' lang='grc' dir='ltr'>αὑτὸς</span> <span class='ocrx_word' id='word_1_247' title='bbox 1480 1700 1835 1772; x_wconf 75' lang='grc' dir='ltr'>παρατίθεται</span> 
     </span>
    </p>
   </div>
   <div class='ocr_carea' id='block_1_34' title="bbox 1952 1689 3518 1775">
    <p class='ocr_par' dir='ltr' id='par_1_34' title="bbox 1952 1704 3518 1775">
     <span class='ocr_line' id='line_1_34' title="bbox 1952 1704 3518 1775; baseline -0.002 -15"><span class='ocrx_word' id='word_1_248' title='bbox 1952 1722 2064 1761; x_wconf 82' lang='lat' dir='ltr'><strong>nam</strong></span> <span class='ocrx_word' id='word_1_249' title='bbox 2097 1721 2220 1763; x_wconf 91' lang='lat' dir='ltr'><strong>esse</strong></span> <span class='ocrx_word' id='word_1_250' title='bbox 2266 1705 2528 1770; x_wconf 81' lang='lat' dir='ltr'><strong>defendit,</strong></span> <span class='ocrx_word' id='word_1_251' title='bbox 2569 1720 2635 1760; x_wconf 91' lang='lat' dir='ltr'><strong>ac</strong></span> <span class='ocrx_word' id='word_1_252' title='bbox 2662 1720 2786 1759; x_wconf 88' lang='lat' dir='ltr'><strong>cum</strong></span> <span class='ocrx_word' id='word_1_253' title='bbox 2838 1704 2947 1758; x_wconf 83' lang='lat' dir='ltr'><strong>Deo</strong></span> <span class='ocrx_word' id='word_1_254' title='bbox 2978 1720 3193 1775; x_wconf 87' lang='lat' dir='ltr'><strong>semper</strong></span> <span class='ocrx_word' id='word_1_255' title='bbox 3239 1718 3383 1767; x_wconf 84' lang='lat' dir='ltr'><strong>esse,</strong></span> <span class='ocrx_word' id='word_1_256' title='bbox 3416 1716 3518 1757; x_wconf 89' lang='lat' dir='ltr'><strong>nec</strong></span> 
     </span>
    </p>
   </div>
   <div class='ocr_carea' id='block_1_35' title="bbox 256 1789 600 1861">
    <p class='ocr_par' dir='ltr' id='par_1_35' title="bbox 256 1789 600 1861">
     <span class='ocr_line' id='line_1_35' title="bbox 256 1789 600 1861; baseline 0.006 -18"><span class='ocrx_word' id='word_1_257' title='bbox 256 1806 442 1860; x_wconf 76' lang='grc' dir='ltr'>μαρτυ</span> <span class='ocrx_word' id='word_1_258' title='bbox 451 1789 600 1861; x_wconf 87' lang='grc' dir='ltr'>ριῶν.</span> 
     </span>
    </p>
   </div>
   <div class='ocr_carea' id='block_1_36' title="bbox 1945 1794 3518 1869">
    <p class='ocr_par' dir='ltr' id='par_1_36' title="bbox 1945 1794 3518 1869">
     <span class='ocr_line' id='line_1_36' title="bbox 1945 1794 3518 1869; baseline -0.004 -17"><span class='ocrx_word' id='word_1_259' title='bbox 1945 1814 2183 1869; x_wconf 87' lang='lat' dir='ltr'><strong>unquam</strong></span> <span class='ocrx_word' id='word_1_260' title='bbox 2237 1796 2487 1852; x_wconf 86' lang='lat' dir='ltr'><strong>desinere</strong></span> <span class='ocrx_word' id='word_1_261' title='bbox 2530 1798 2833 1867; x_wconf 81' lang='lat' dir='ltr'><strong>proﬁtetur.</strong></span> <span class='ocrx_word' id='word_1_262' title='bbox 2876 1796 3047 1851; x_wconf 76' lang='lat' dir='ltr'><strong>Porro</strong></span> <span class='ocrx_word' id='word_1_263' title='bbox 3094 1812 3218 1851; x_wconf 90' lang='lat' dir='ltr'><strong>cum</strong></span> <span class='ocrx_word' id='word_1_264' title='bbox 3264 1797 3319 1851; x_wconf 91' lang='lat' dir='ltr'><strong>in</strong></span> <span class='ocrx_word' id='word_1_265' title='bbox 3368 1794 3518 1850; x_wconf 91' lang='lat' dir='ltr'><strong>omni</strong></span> 
     </span>
    </p>
   </div>
   <div class='ocr_carea' id='block_1_37' title="bbox 253 1881 3521 1961">
    <p class='ocr_par' dir='ltr' id='par_1_37' title="bbox 253 1881 3521 1961">
     <span class='ocr_line' id='line_1_37' title="bbox 253 1881 3521 1961; baseline 0.001 -24"><span class='ocrx_word' id='word_1_266' title='bbox 253 1884 630 1954; x_wconf 80' lang='lat' dir='ltr'><strong>disputatione</strong></span> <span class='ocrx_word' id='word_1_267' title='bbox 658 1881 826 1938; x_wconf 88' lang='lat' dir='ltr'><strong>variis</strong></span> <span class='ocrx_word' id='word_1_268' title='bbox 866 1882 1011 1937; x_wconf 86' lang='lat' dir='ltr'><strong>illam</strong></span> <span class='ocrx_word' id='word_1_269' title='bbox 1054 1881 1371 1936; x_wconf 89' lang='lat' dir='ltr'><strong>nominibus</strong></span> <span class='ocrx_word' id='word_1_270' title='bbox 1413 1882 1667 1953; x_wconf 86' lang='lat' dir='ltr'><strong>appellet,</strong></span> <span class='ocrx_word' id='word_1_271' title='bbox 1741 1901 1769 1939; x_wconf 92' lang='lat' dir='ltr'><strong>a</strong></span> <span class='ocrx_word' id='word_1_272' title='bbox 1830 1890 2058 1945; x_wconf 84' lang='lat' dir='ltr'><strong>veritate</strong></span> <span class='ocrx_word' id='word_1_273' title='bbox 2112 1891 2301 1960; x_wconf 85' lang='lat' dir='ltr'><strong>procul</strong></span> <span class='ocrx_word' id='word_1_274' title='bbox 2347 1890 2601 1944; x_wconf 85' lang='lat' dir='ltr'><strong>aberrare</strong></span> <span class='ocrx_word' id='word_1_275' title='bbox 2646 1889 3101 1961; x_wconf 77' lang='lat' dir='ltr'><strong>deprehendetur,</strong></span> <span class='ocrx_word' id='word_1_276' title='bbox 3141 1906 3263 1945; x_wconf 89' lang='lat' dir='ltr'><strong>cum</strong></span> <span class='ocrx_word' id='word_1_277' title='bbox 3312 1904 3375 1942; x_wconf 80' lang='lat' dir='ltr'><strong>ex</strong></span> <span class='ocrx_word' id='word_1_278' title='bbox 3448 1886 3521 1939; x_wconf 87' lang='lat' dir='ltr'><strong>al-</strong></span> 
     </span>
    </p>
   </div>
   <div class='ocr_carea' id='block_1_38' title="bbox 256 1974 3519 2059">
    <p class='ocr_par' dir='ltr' id='par_1_38' title="bbox 256 1974 3519 2059">
     <span class='ocr_line' id='line_1_38' title="bbox 256 1974 3519 2059; baseline 0.001 -30"><span class='ocrx_word' id='word_1_279' title='bbox 256 1975 388 2031; x_wconf 76' lang='lat' dir='ltr'><strong>latis</strong></span> <span class='ocrx_word' id='word_1_280' title='bbox 424 1975 494 2030; x_wconf 89' lang='lat' dir='ltr'><strong>ab</strong></span> <span class='ocrx_word' id='word_1_281' title='bbox 529 1974 647 2045; x_wconf 88' lang='lat' dir='ltr'><strong>ipso</strong></span> <span class='ocrx_word' id='word_1_282' title='bbox 700 1975 1032 2030; x_wconf 87' lang='lat' dir='ltr'><strong>testimoniis</strong></span> <span class='ocrx_word' id='word_1_283' title='bbox 1080 1974 1287 2042; x_wconf 88' lang='lat' dir='ltr'><strong>liquido</strong></span> <span class='ocrx_word' id='word_1_284' title='bbox 1324 1975 1655 2040; x_wconf 85' lang='lat' dir='ltr'><strong>constiterit,</strong></span> <span class='ocrx_word' id='word_1_285' title='bbox 1690 1978 1954 2049; x_wconf 84' lang='lat' dir='ltr'><strong>quidquid</strong></span> <span class='ocrx_word' id='word_1_286' title='bbox 1991 1998 2020 2035; x_wconf 86' lang='lat' dir='ltr'><strong>a</strong></span> <span class='ocrx_word' id='word_1_287' title='bbox 2060 1981 2170 2037; x_wconf 88' lang='lat' dir='ltr'><strong>Deo</strong></span> <span class='ocrx_word' id='word_1_288' title='bbox 2198 1982 2480 2037; x_wconf 86' lang='lat' dir='ltr'><strong>conditum</strong></span> <span class='ocrx_word' id='word_1_289' title='bbox 2515 1990 2600 2038; x_wconf 90' lang='lat' dir='ltr'><strong>est</strong></span> <span class='ocrx_word' id='word_1_290' title='bbox 2629 1983 2765 2036; x_wconf 86' lang='lat' dir='ltr'><strong>bene</strong></span> <span class='ocrx_word' id='word_1_291' title='bbox 2792 1997 2854 2035; x_wconf 88' lang='lat' dir='ltr'><strong>ac</strong></span> <span class='ocrx_word' id='word_1_292' title='bbox 2923 1993 3068 2037; x_wconf 85' lang='lat' dir='ltr'><strong>recte</strong></span> <span class='ocrx_word' id='word_1_293' title='bbox 3137 1982 3310 2035; x_wconf 80' lang='lat' dir='ltr'><strong>fuisse</strong></span> <span class='ocrx_word' id='word_1_294' title='bbox 3387 1994 3519 2059; x_wconf 83' lang='lat' dir='ltr'><strong>pro-</strong></span> 
     </span>
    </p>
   </div>
   <div class='ocr_carea' id='block_1_39' title="bbox 253 2076 523 2122">
    <p class='ocr_par' dir='ltr' id='par_1_39' title="bbox 253 2076 523 2122">
     <span class='ocr_line' id='line_1_39' title="bbox 253 2076 523 2122; baseline -0.03 0"><span class='ocrx_word' id='word_1_295' title='bbox 253 2076 523 2122; x_wconf 84' lang='lat' dir='ltr'><strong>creatum.</strong></span> 
     </span>
    </p>
   </div>
   <div class='ocr_carea' id='block_1_40' title="bbox 329 2153 1836 2230">
    <p class='ocr_par' dir='ltr' id='par_1_40' title="bbox 329 2153 1836 2230">
     <span class='ocr_line' id='line_1_40' title="bbox 329 2153 1836 2230; baseline 0.001 -19"><span class='ocrx_word' id='word_1_296' title='bbox 329 2153 574 2213; x_wconf 68' lang='grc' dir='ltr'><strong>ΙΖύΚαὶ</strong></span> <span class='ocrx_word' id='word_1_297' title='bbox 605 2154 824 2228; x_wconf 88' lang='grc' dir='ltr'>πρῶτον</span> <span class='ocrx_word' id='word_1_298' title='bbox 866 2156 987 2227; x_wconf 84' lang='grc' dir='ltr'>μὲν,</span> <span class='ocrx_word' id='word_1_299' title='bbox 1036 2156 1117 2211; x_wconf 83' lang='grc' dir='ltr'>ὅτι</span> <span class='ocrx_word' id='word_1_300' title='bbox 1159 2156 1290 2228; x_wconf 78' lang='grc' dir='ltr'>ὓλην</span> <span class='ocrx_word' id='word_1_301' title='bbox 1328 2157 1529 2229; x_wconf 83' lang='grc' dir='ltr'>ταύτην</span> <span class='ocrx_word' id='word_1_302' title='bbox 1580 2158 1836 2230; x_wconf 80' lang='grc' dir='ltr'>κέκληκε,</span> 
     </span>
    </p>
   </div>
   <div class='ocr_carea' id='block_1_41' title="bbox 256 2245 1835 2321">
    <p class='ocr_par' dir='ltr' id='par_1_41' title="bbox 256 2245 1835 2321">
     <span class='ocr_line' id='line_1_41' title="bbox 256 2245 1835 2321; baseline 0.001 -18"><span class='ocrx_word' id='word_1_303' title='bbox 256 2247 403 2303; x_wconf 81' lang='grc' dir='ltr'><strong>κατά</strong></span> <span class='ocrx_word' id='word_1_304' title='bbox 427 2247 485 2302; x_wconf 77' lang='grc' dir='ltr'>δὲ</span> <span class='ocrx_word' id='word_1_305' title='bbox 515 2246 606 2302; x_wconf 78' lang='grc' dir='ltr'>τὸν</span> <span class='ocrx_word' id='word_1_306' title='bbox 645 2247 807 2302; x_wconf 84' lang='grc' dir='ltr'>αὑτὸν</span> <span class='ocrx_word' id='word_1_307' title='bbox 835 2247 959 2301; x_wconf 82' lang='grc' dir='ltr'>νοῦν</span> <span class='ocrx_word' id='word_1_308' title='bbox 987 2247 1258 2318; x_wconf 77' lang='grc' dir='ltr'>λογίζεται</span> <span class='ocrx_word' id='word_1_309' title='bbox 1299 2249 1500 2321; x_wconf 81' lang='grc' dir='ltr'>ταύτην</span> <span class='ocrx_word' id='word_1_310' title='bbox 1530 2245 1669 2304; x_wconf 79' lang='grc' dir='ltr'>εἶναι</span> <span class='ocrx_word' id='word_1_311' title='bbox 1705 2251 1835 2321; x_wconf 81' lang='grc' dir='ltr'>φθο-</span> 
     </span>
    </p>
   </div>
   <div class='ocr_carea' id='block_1_42' title="bbox 255 2340 1838 2415">
    <p class='ocr_par' dir='ltr' id='par_1_42' title="bbox 255 2340 1838 2415">
     <span class='ocr_line' id='line_1_42' title="bbox 255 2340 1838 2415; baseline 0.003 -21"><span class='ocrx_word' id='word_1_312' title='bbox 255 2342 379 2413; x_wconf 81' lang='grc' dir='ltr'>ράν.</span> <span class='ocrx_word' id='word_1_313' title='bbox 416 2340 529 2395; x_wconf 76' lang='grc' dir='ltr'>Καὶ</span> <span class='ocrx_word' id='word_1_314' title='bbox 562 2340 778 2411; x_wconf 82' lang='grc' dir='ltr'>πρῶτον</span> <span class='ocrx_word' id='word_1_315' title='bbox 814 2340 931 2412; x_wconf 78' lang='grc' dir='ltr'>μὲν,</span> <span class='ocrx_word' id='word_1_316' title='bbox 970 2343 1017 2394; x_wconf 86' lang='grc' dir='ltr'><strong>εί</strong></span> <span class='ocrx_word' id='word_1_317' title='bbox 1050 2340 1168 2396; x_wconf 77' lang='grc' dir='ltr'>ἐστι</span> <span class='ocrx_word' id='word_1_318' title='bbox 1208 2340 1404 2413; x_wconf 77' lang='grc' dir='ltr'>φθορὰ,</span> <span class='ocrx_word' id='word_1_319' title='bbox 1438 2343 1581 2407; x_wconf 79' lang='grc' dir='ltr'>τίνος</span> <span class='ocrx_word' id='word_1_320' title='bbox 1607 2344 1716 2415; x_wconf 83' lang='grc' dir='ltr'>ἄρα</span> <span class='ocrx_word' id='word_1_321' title='bbox 1754 2346 1838 2414; x_wconf 81' lang='grc' dir='ltr'><strong>εἴη</strong></span> 
     </span>
    </p>
   </div>
   <div class='ocr_carea' id='block_1_43' title="bbox 257 2432 1837 2507">
    <p class='ocr_par' dir='ltr' id='par_1_43' title="bbox 257 2432 1837 2507">
     <span class='ocr_line' id='line_1_43' title="bbox 257 2432 1837 2507; baseline 0.002 -22"><span class='ocrx_word' id='word_1_322' title='bbox 257 2432 459 2505; x_wconf 75' lang='grc' dir='ltr'>φθορά.</span> <span class='ocrx_word' id='word_1_323' title='bbox 492 2432 603 2487; x_wconf 74' lang='grc' dir='ltr'><strong>Καὶ</strong></span> <span class='ocrx_word' id='word_1_324' title='bbox 642 2434 691 2486; x_wconf 85' lang='grc' dir='ltr'><strong>εί</strong></span> <span class='ocrx_word' id='word_1_325' title='bbox 737 2433 836 2505; x_wconf 89' lang='grc' dir='ltr'><strong>μέν</strong></span> <span class='ocrx_word' id='word_1_326' title='bbox 873 2432 1046 2487; x_wconf 78' lang='grc' dir='ltr'>ἄλλων</span> <span class='ocrx_word' id='word_1_327' title='bbox 1083 2432 1258 2505; x_wconf 86' lang='grc' dir='ltr'>φθορά</span> <span class='ocrx_word' id='word_1_328' title='bbox 1290 2434 1546 2507; x_wconf 80' lang='grc' dir='ltr'>ὑπάρχει,</span> <span class='ocrx_word' id='word_1_329' title='bbox 1580 2434 1721 2506; x_wconf 83' lang='grc' dir='ltr'>αῦτη</span> <span class='ocrx_word' id='word_1_330' title='bbox 1779 2435 1837 2488; x_wconf 87' lang='grc' dir='ltr'><strong>δέ</strong></span> 
     </span>
    </p>
   </div>
   <div class='ocr_carea' id='block_1_44' title="bbox 255 2525 1842 2598">
    <p class='ocr_par' dir='ltr' id='par_1_44' title="bbox 255 2525 1842 2598">
     <span class='ocr_line' id='line_1_44' title="bbox 255 2525 1842 2598; baseline 0.001 -18"><span class='ocrx_word' id='word_1_331' title='bbox 255 2525 667 2598; x_wconf 16' lang='grc' dir='ltr'>ἐμπαράμονόςί</span> <span class='ocrx_word' id='word_1_332' title='bbox 691 2527 858 2594; x_wconf 88' lang='grc' dir='ltr'>ἐστιν,</span> <span class='ocrx_word' id='word_1_333' title='bbox 907 2525 1013 2598; x_wconf 79' lang='grc' dir='ltr'>ἄρα</span> <span class='ocrx_word' id='word_1_334' title='bbox 1054 2526 1291 2580; x_wconf 73' lang='grc' dir='ltr'>ἔκπαλαι</span> <span class='ocrx_word' id='word_1_335' title='bbox 1341 2526 1558 2598; x_wconf 74' lang='grc' dir='ltr'>ἔφθειρε</span> <span class='ocrx_word' id='word_1_336' title='bbox 1597 2527 1663 2582; x_wconf 78' lang='grc' dir='ltr'><strong>τά</strong></span> <span class='ocrx_word' id='word_1_337' title='bbox 1690 2528 1842 2593; x_wconf 77' lang='grc' dir='ltr'>ὄντα,</span> 
     </span>
    </p>
   </div>
   <div class='ocr_carea' id='block_1_45' title="bbox 257 2613 1842 2688">
    <p class='ocr_par' dir='ltr' id='par_1_45' title="bbox 257 2613 1842 2688">
     <span class='ocr_line' id='line_1_45' title="bbox 257 2613 1842 2688; baseline 0.001 -19"><span class='ocrx_word' id='word_1_338' title='bbox 257 2615 354 2669; x_wconf 54' lang='grc' dir='ltr'><strong>καί⁹</strong></span> <span class='ocrx_word' id='word_1_339' title='bbox 387 2614 527 2687; x_wconf 84' lang='grc' dir='ltr'>μόνη</span> <span class='ocrx_word' id='word_1_340' title='bbox 556 2613 695 2688; x_wconf 83' lang='grc' dir='ltr'>αῦτη</span> <span class='ocrx_word' id='word_1_341' title='bbox 727 2615 1059 2686; x_wconf 83' lang='grc' dir='ltr'>συνέστηκεν</span> <span class='ocrx_word' id='word_1_342' title='bbox 1091 2616 1149 2670; x_wconf 87' lang='grc' dir='ltr'><strong>ἐν</strong></span> <span class='ocrx_word' id='word_1_343' title='bbox 1174 2615 1357 2687; x_wconf 82' lang='grc' dir='ltr'>χρόνῳ</span> <span class='ocrx_word' id='word_1_344' title='bbox 1385 2616 1621 2688; x_wconf 84' lang='grc' dir='ltr'>τοσούτῳ</span> <span class='ocrx_word' id='word_1_345' title='bbox 1649 2616 1713 2670; x_wconf 88' lang='grc' dir='ltr'>τὸ</span> <span class='ocrx_word' id='word_1_346' title='bbox 1742 2615 1842 2686; x_wconf 79' lang='grc' dir='ltr'>τῆς</span> 
     </span>
    </p>
   </div>
   <div class='ocr_carea' id='block_1_46' title="bbox 256 2707 1842 2781">
    <p class='ocr_par' dir='ltr' id='par_1_46' title="bbox 256 2707 1842 2781">
     <span class='ocr_line' id='line_1_46' title="bbox 256 2707 1842 2781; baseline -0.001 -19"><span class='ocrx_word' id='word_1_347' title='bbox 256 2708 433 2780; x_wconf 78' lang='grc' dir='ltr'>αὑτῆς</span> <span class='ocrx_word' id='word_1_348' title='bbox 480 2707 765 2780; x_wconf 87' lang='grc' dir='ltr'>δυνάμεως</span> <span class='ocrx_word' id='word_1_349' title='bbox 814 2708 1163 2780; x_wconf 81' lang='grc' dir='ltr'>ἐνεργητικὸν</span> <span class='ocrx_word' id='word_1_350' title='bbox 1203 2708 1584 2781; x_wconf 75' lang='grc' dir='ltr'>ἐργαζομένη,</span> <span class='ocrx_word' id='word_1_351' title='bbox 1626 2710 1715 2762; x_wconf 76' lang='grc' dir='ltr'>καὶ</span> <span class='ocrx_word' id='word_1_352' title='bbox 1768 2709 1842 2779; x_wconf 85' lang='grc' dir='ltr'>μὴ</span> 
     </span>
    </p>
   </div>
   <div class='ocr_carea' id='block_1_47' title="bbox 258 2797 1842 2871">
    <p class='ocr_par' dir='ltr' id='par_1_47' title="bbox 258 2797 1842 2871">
     <span class='ocr_line' id='line_1_47' title="bbox 258 2797 1842 2871; baseline 0 -20"><span class='ocrx_word' id='word_1_353' title='bbox 258 2798 661 2870; x_wconf 80' lang='grc' dir='ltr'>ἐκκοπτομένη.</span> <span class='ocrx_word' id='word_1_354' title='bbox 694 2797 758 2851; x_wconf 76' lang='lat' dir='ltr'><strong>Et</strong></span> <span class='ocrx_word' id='word_1_355' title='bbox 794 2797 851 2851; x_wconf 88' lang='grc' dir='ltr'>δὲ</span> <span class='ocrx_word' id='word_1_356' title='bbox 897 2797 1099 2869; x_wconf 79' lang='grc' dir='ltr'>ἑαυτῆς</span> <span class='ocrx_word' id='word_1_357' title='bbox 1135 2799 1251 2852; x_wconf 89' lang='grc' dir='ltr'>ἐστι</span> <span class='ocrx_word' id='word_1_358' title='bbox 1302 2798 1498 2871; x_wconf 76' lang='grc' dir='ltr'>φθορὰ,</span> <span class='ocrx_word' id='word_1_359' title='bbox 1550 2798 1842 2868; x_wconf 80' lang='grc' dir='ltr'>φθείρουσά</span> 
     </span>
    </p>
   </div>
   <div class='ocr_carea' id='block_1_48' title="bbox 258 2890 1838 2962">
    <p class='ocr_par' dir='ltr' id='par_1_48' title="bbox 258 2890 1838 2962">
     <span class='ocr_line' id='line_1_48' title="bbox 258 2890 1838 2962; baseline -0.004 -13"><span class='ocrx_word' id='word_1_360' title='bbox 258 2908 321 2949; x_wconf 74' lang='grc' dir='ltr'><strong>τε</strong></span> <span class='ocrx_word' id='word_1_361' title='bbox 347 2891 448 2945; x_wconf 77' lang='grc' dir='ltr'><strong>καὶ</strong></span> <span class='ocrx_word' id='word_1_362' title='bbox 471 2890 809 2962; x_wconf 79' lang='grc' dir='ltr'>δαμάζουσα,</span> <span class='ocrx_word' id='word_1_363' title='bbox 840 2891 936 2944; x_wconf 75' lang='grc' dir='ltr'>καὶ</span> <span class='ocrx_word' id='word_1_364' title='bbox 969 2890 1358 2957; x_wconf 83' lang='grc' dir='ltr'>άναλίσκουσα,</span> <span class='ocrx_word' id='word_1_365' title='bbox 1388 2891 1483 2944; x_wconf 71' lang='grc' dir='ltr'>καὶ</span> <span class='ocrx_word' id='word_1_366' title='bbox 1510 2890 1838 2955; x_wconf 84' lang='grc' dir='ltr'>άπόλλουσα,</span> 
     </span>
    </p>
   </div>
   <div class='ocr_carea' id='block_1_49' title="bbox 2020 2154 3524 2228">
    <p class='ocr_par' dir='ltr' id='par_1_49' title="bbox 2020 2154 3524 2228">
     <span class='ocr_line' id='line_1_49' title="bbox 2020 2154 3524 2228; baseline 0.001 -17"><span class='ocrx_word' id='word_1_367' title='bbox 2020 2155 2183 2212; x_wconf 81' lang='lat' dir='ltr'><strong>XVII.</strong></span> <span class='ocrx_word' id='word_1_368' title='bbox 2224 2160 2401 2228; x_wconf 89' lang='lat' dir='ltr'><strong>Atque</strong></span> <span class='ocrx_word' id='word_1_369' title='bbox 2441 2156 2574 2212; x_wconf 92' lang='lat' dir='ltr'><strong>illud</strong></span> <span class='ocrx_word' id='word_1_370' title='bbox 2616 2156 2851 2227; x_wconf 90' lang='lat' dir='ltr'><strong>primum</strong></span> <span class='ocrx_word' id='word_1_371' title='bbox 2899 2154 3189 2210; x_wconf 88' lang='lat' dir='ltr'><strong>videndum</strong></span> <span class='ocrx_word' id='word_1_372' title='bbox 3222 2162 3340 2223; x_wconf 84' lang='lat' dir='ltr'><strong>est,</strong></span> <span class='ocrx_word' id='word_1_373' title='bbox 3376 2158 3524 2227; x_wconf 87' lang='lat' dir='ltr'><strong>quod</strong></span> 
     </span>
    </p>
   </div>
   <div class='ocr_carea' id='block_1_50' title="bbox 1947 2245 3523 2316">
    <p class='ocr_par' dir='ltr' id='par_1_50' title="bbox 1947 2245 3523 2316">
     <span class='ocr_line' id='line_1_50' title="bbox 1947 2245 3523 2316; baseline -0.002 -10"><span class='ocrx_word' id='word_1_374' title='bbox 1947 2264 2067 2306; x_wconf 89' lang='lat' dir='ltr'><strong>eam</strong></span> <span class='ocrx_word' id='word_1_375' title='bbox 2097 2251 2381 2305; x_wconf 88' lang='lat' dir='ltr'><strong>materiam</strong></span> <span class='ocrx_word' id='word_1_376' title='bbox 2409 2249 2675 2312; x_wconf 87' lang='lat' dir='ltr'><strong>nominat,</strong></span> <span class='ocrx_word' id='word_1_377' title='bbox 2701 2245 2755 2302; x_wconf 94' lang='lat' dir='ltr'><strong>id</strong></span> <span class='ocrx_word' id='word_1_378' title='bbox 2785 2245 2930 2316; x_wconf 90' lang='lat' dir='ltr'><strong>quod</strong></span> <span class='ocrx_word' id='word_1_379' title='bbox 2960 2260 3026 2301; x_wconf 82' lang='lat' dir='ltr'><strong>ex</strong></span> <span class='ocrx_word' id='word_1_380' title='bbox 3056 2246 3206 2300; x_wconf 86' lang='lat' dir='ltr'><strong>illius</strong></span> <span class='ocrx_word' id='word_1_381' title='bbox 3252 2250 3523 2303; x_wconf 90' lang='lat' dir='ltr'><strong>sententia</strong></span> 
     </span>
    </p>
   </div>
   <div class='ocr_carea' id='block_1_51' title="bbox 1947 2337 3525 2410">
    <p class='ocr_par' dir='ltr' id='par_1_51' title="bbox 1947 2337 3525 2410">
     <span class='ocr_line' id='line_1_51' title="bbox 1947 2337 3525 2410; baseline 0 -15"><span class='ocrx_word' id='word_1_382' title='bbox 1947 2340 2089 2397; x_wconf 89' lang='lat' dir='ltr'><strong>idem</strong></span> <span class='ocrx_word' id='word_1_383' title='bbox 2116 2349 2200 2397; x_wconf 91' lang='lat' dir='ltr'><strong>est</strong></span> <span class='ocrx_word' id='word_1_384' title='bbox 2230 2356 2294 2396; x_wconf 91' lang='lat' dir='ltr'><strong>ac</strong></span> <span class='ocrx_word' id='word_1_385' title='bbox 2322 2340 2626 2410; x_wconf 88' lang='lat' dir='ltr'><strong>corruptio.</strong></span> <span class='ocrx_word' id='word_1_386' title='bbox 2662 2337 2864 2393; x_wconf 86' lang='lat' dir='ltr'><strong>Verum</strong></span> <span class='ocrx_word' id='word_1_387' title='bbox 2902 2338 2949 2393; x_wconf 91' lang='lat' dir='ltr'><strong>si</strong></span> <span class='ocrx_word' id='word_1_388' title='bbox 2986 2338 3266 2410; x_wconf 86' lang='lat' dir='ltr'><strong>corruptio</strong></span> <span class='ocrx_word' id='word_1_389' title='bbox 3301 2341 3391 2407; x_wconf 86' lang='lat' dir='ltr'><strong>sil,</strong></span> <span class='ocrx_word' id='word_1_390' title='bbox 3427 2356 3525 2395; x_wconf 83' lang='lat' dir='ltr'><strong>cu-</strong></span> 
     </span>
    </p>
   </div>
   <div class='ocr_carea' id='block_1_52' title="bbox 1944 2428 3528 2502">
    <p class='ocr_par' dir='ltr' id='par_1_52' title="bbox 1944 2428 3528 2502">
     <span class='ocr_line' id='line_1_52' title="bbox 1944 2428 3528 2502; baseline 0.002 -16"><span class='ocrx_word' id='word_1_391' title='bbox 1944 2433 2037 2502; x_wconf 86' lang='lat' dir='ltr'><strong>jus</strong></span> <span class='ocrx_word' id='word_1_392' title='bbox 2061 2433 2165 2488; x_wconf 89' lang='lat' dir='ltr'><strong>erit</strong></span> <span class='ocrx_word' id='word_1_393' title='bbox 2192 2431 2413 2487; x_wconf 89' lang='lat' dir='ltr'><strong>tandem</strong></span> <span class='ocrx_word' id='word_1_394' title='bbox 2441 2429 2766 2501; x_wconf 87' lang='lat' dir='ltr'><strong>corruptio?</strong></span> <span class='ocrx_word' id='word_1_395' title='bbox 2795 2428 2853 2484; x_wconf 92' lang='lat' dir='ltr'><strong>Si</strong></span> <span class='ocrx_word' id='word_1_396' title='bbox 2886 2429 3115 2485; x_wconf 90' lang='lat' dir='ltr'><strong>aliorum</strong></span> <span class='ocrx_word' id='word_1_397' title='bbox 3137 2441 3241 2500; x_wconf 89' lang='lat' dir='ltr'><strong>est,</strong></span> <span class='ocrx_word' id='word_1_398' title='bbox 3266 2442 3528 2489; x_wconf 85' lang='lat' dir='ltr'><strong>constan-</strong></span> 
     </span>
    </p>
   </div>
   <div class='ocr_carea' id='block_1_53' title="bbox 1948 2520 3527 2596">
    <p class='ocr_par' dir='ltr' id='par_1_53' title="bbox 1948 2520 3527 2596">
     <span class='ocr_line' id='line_1_53' title="bbox 1948 2520 3527 2596; baseline 0.002 -18"><span class='ocrx_word' id='word_1_399' title='bbox 1948 2531 2032 2580; x_wconf 90' lang='lat' dir='ltr'><strong>ter</strong></span> <span class='ocrx_word' id='word_1_400' title='bbox 2080 2522 2200 2594; x_wconf 90' lang='lat' dir='ltr'><strong>ipsa</strong></span> <span class='ocrx_word' id='word_1_401' title='bbox 2252 2537 2515 2588; x_wconf 88' lang='lat' dir='ltr'><strong>manens,</strong></span> <span class='ocrx_word' id='word_1_402' title='bbox 2575 2520 2897 2592; x_wconf 86' lang='lat' dir='ltr'><strong>jamdudum</strong></span> <span class='ocrx_word' id='word_1_403' title='bbox 2948 2524 3129 2577; x_wconf 87' lang='lat' dir='ltr'><strong>omnia</strong></span> <span class='ocrx_word' id='word_1_404' title='bbox 3169 2538 3527 2596; x_wconf 86' lang='lat' dir='ltr'><strong>corrumpere</strong></span> 
     </span>
    </p>
   </div>
   <div class='ocr_carea' id='block_1_54' title="bbox 1948 2612 3523 2687">
    <p class='ocr_par' dir='ltr' id='par_1_54' title="bbox 1948 2612 3523 2687">
     <span class='ocr_line' id='line_1_54' title="bbox 1948 2612 3523 2687; baseline 0.002 -15"><span class='ocrx_word' id='word_1_405' title='bbox 1948 2615 2174 2681; x_wconf 88' lang='lat' dir='ltr'><strong>debuit,</strong></span> <span class='ocrx_word' id='word_1_406' title='bbox 2231 2628 2295 2669; x_wconf 90' lang='lat' dir='ltr'><strong>ac</strong></span> <span class='ocrx_word' id='word_1_407' title='bbox 2337 2614 2451 2669; x_wconf 90' lang='lat' dir='ltr'><strong>sola</strong></span> <span class='ocrx_word' id='word_1_408' title='bbox 2493 2622 2603 2668; x_wconf 90' lang='lat' dir='ltr'><strong>tam</strong></span> <span class='ocrx_word' id='word_1_409' title='bbox 2652 2612 2867 2668; x_wconf 82' lang='lat' dir='ltr'><strong>inﬁnito</strong></span> <span class='ocrx_word' id='word_1_410' title='bbox 2913 2622 3158 2687; x_wconf 90' lang='lat' dir='ltr'><strong>tempore</strong></span> <span class='ocrx_word' id='word_1_411' title='bbox 3201 2619 3523 2685; x_wconf 89' lang='lat' dir='ltr'><strong>consistere,</strong></span> 
     </span>
    </p>
   </div>
   <div class='ocr_carea' id='block_1_55' title="bbox 1948 2704 3527 2775">
    <p class='ocr_par' dir='ltr' id='par_1_55' title="bbox 1948 2704 3527 2775">
     <span class='ocr_line' id='line_1_55' title="bbox 1948 2704 3527 2775; baseline 0.003 -13"><span class='ocrx_word' id='word_1_412' title='bbox 1948 2708 2078 2763; x_wconf 93' lang='lat' dir='ltr'><strong>dum</strong></span> <span class='ocrx_word' id='word_1_413' title='bbox 2120 2705 2317 2761; x_wconf 89' lang='lat' dir='ltr'><strong>virium</strong></span> <span class='ocrx_word' id='word_1_414' title='bbox 2361 2721 2582 2761; x_wconf 89' lang='lat' dir='ltr'><strong>suarum</strong></span> <span class='ocrx_word' id='word_1_415' title='bbox 2636 2704 3008 2762; x_wconf 80' lang='lat' dir='ltr'><strong>eﬂicacitatem</strong></span> <span class='ocrx_word' id='word_1_416' title='bbox 3049 2709 3279 2775; x_wconf 79' lang='lat' dir='ltr'><strong>exserit,</strong></span> <span class='ocrx_word' id='word_1_417' title='bbox 3325 2725 3426 2765; x_wconf 91' lang='lat' dir='ltr'><strong>nec</strong></span> <span class='ocrx_word' id='word_1_418' title='bbox 3456 2709 3527 2767; x_wconf 85' lang='lat' dir='ltr'><strong>ab</strong></span> 
     </span>
    </p>
   </div>
   <div class='ocr_carea' id='block_1_56' title="bbox 1952 2795 3523 2872">
    <p class='ocr_par' dir='ltr' id='par_1_56' title="bbox 1952 2795 3523 2872">
     <span class='ocr_line' id='line_1_56' title="bbox 1952 2795 3523 2872; baseline 0 -19"><span class='ocrx_word' id='word_1_419' title='bbox 1952 2799 2061 2853; x_wconf 93' lang='lat' dir='ltr'><strong>ullo</strong></span> <span class='ocrx_word' id='word_1_420' title='bbox 2093 2796 2444 2853; x_wconf 88' lang='lat' dir='ltr'><strong>rescinditur.</strong></span> <span class='ocrx_word' id='word_1_421' title='bbox 2469 2795 2525 2851; x_wconf 85' lang='lat' dir='ltr'><strong>Si</strong></span> <span class='ocrx_word' id='word_1_422' title='bbox 2557 2812 2685 2852; x_wconf 84' lang='lat' dir='ltr'><strong>vero</strong></span> <span class='ocrx_word' id='word_1_423' title='bbox 2714 2797 3092 2868; x_wconf 89' lang='lat' dir='ltr'><strong>suimetipsius</strong></span> <span class='ocrx_word' id='word_1_424' title='bbox 3123 2808 3206 2856; x_wconf 88' lang='lat' dir='ltr'><strong>est</strong></span> <span class='ocrx_word' id='word_1_425' title='bbox 3224 2802 3523 2872; x_wconf 84' lang='lat' dir='ltr'><strong>corruptio,</strong></span> 
     </span>
    </p>
   </div>
   <div class='ocr_carea' id='block_1_57' title="bbox 1949 2886 3529 2956">
    <p class='ocr_par' dir='ltr' id='par_1_57' title="bbox 1949 2886 3529 2956">
     <span class='ocr_line' id='line_1_57' title="bbox 1949 2886 3529 2956; baseline 0.002 -14"><span class='ocrx_word' id='word_1_426' title='bbox 1949 2900 2305 2956; x_wconf 91' lang='lat' dir='ltr'><strong>corrumpens</strong></span> <span class='ocrx_word' id='word_1_427' title='bbox 2339 2900 2403 2940; x_wconf 91' lang='lat' dir='ltr'><strong>ac</strong></span> <span class='ocrx_word' id='word_1_428' title='bbox 2432 2886 2763 2956; x_wconf 87' lang='lat' dir='ltr'><strong>perdomans</strong></span> <span class='ocrx_word' id='word_1_429' title='bbox 2794 2901 2949 2953; x_wconf 88' lang='lat' dir='ltr'><strong>sese,</strong></span> <span class='ocrx_word' id='word_1_430' title='bbox 2981 2895 3036 2943; x_wconf 91' lang='lat' dir='ltr'><strong>et</strong></span> <span class='ocrx_word' id='word_1_431' title='bbox 3066 2903 3421 2953; x_wconf 86' lang='lat' dir='ltr'><strong>consumens,</strong></span> <span class='ocrx_word' id='word_1_432' title='bbox 3464 2907 3529 2945; x_wconf 91' lang='lat' dir='ltr'><strong>ac</strong></span> 
     </span>
    </p>
   </div>
   <div class='ocr_carea' id='block_1_58' title="bbox 260 2977 1843 3066">
    <p class='ocr_par' dir='ltr' id='par_1_58' title="bbox 260 2980 1843 3054">
     <span class='ocr_line' id='line_1_58' title="bbox 260 2980 1843 3054; baseline -0.002 -17"><span class='ocrx_word' id='word_1_433' title='bbox 260 2982 610 3054; x_wconf 76' lang='grc' dir='ltr'>ἀπολλυμένη</span> <span class='ocrx_word' id='word_1_434' title='bbox 641 2982 781 3047; x_wconf 82' lang='grc' dir='ltr'>ἐστὶ,</span> <span class='ocrx_word' id='word_1_435' title='bbox 812 2982 907 3036; x_wconf 72' lang='grc' dir='ltr'>καὶ</span> <span class='ocrx_word' id='word_1_436' title='bbox 930 2983 992 3036; x_wconf 83' lang='grc' dir='ltr'><strong>ού</strong></span> <span class='ocrx_word' id='word_1_437' title='bbox 1029 2980 1378 3053; x_wconf 83' lang='grc' dir='ltr'>σταθήσεται,</span> <span class='ocrx_word' id='word_1_438' title='bbox 1411 2981 1612 3052; x_wconf 76' lang='grc' dir='ltr'>ἑαυτῆς</span> <span class='ocrx_word' id='word_1_439' title='bbox 1635 2980 1843 3036; x_wconf 84' lang='grc' dir='ltr'>ἀναλω-</span> 
     </span>
    </p>
   </div>
   <div class='ocr_carea' id='block_1_59' title="bbox 1952 2977 3527 3066">
    <p class='ocr_par' dir='ltr' id='par_1_59' title="bbox 1952 2977 3527 3048">
     <span class='ocr_line' id='line_1_59' title="bbox 1952 2977 3527 3048; baseline 0.001 -14"><span class='ocrx_word' id='word_1_440' title='bbox 1952 2977 2186 3048; x_wconf 90' lang='lat' dir='ltr'><strong>perdens</strong></span> <span class='ocrx_word' id='word_1_441' title='bbox 2214 2977 2413 3048; x_wconf 84' lang='lat' dir='ltr'><strong>peribit</strong></span> <span class='ocrx_word' id='word_1_442' title='bbox 2453 2978 2709 3045; x_wconf 88' lang='lat' dir='ltr'><strong>tandem,</strong></span> <span class='ocrx_word' id='word_1_443' title='bbox 2743 2993 2923 3048; x_wconf 89' lang='lat' dir='ltr'><strong>neque</strong></span> <span class='ocrx_word' id='word_1_444' title='bbox 2954 2980 3250 3045; x_wconf 90' lang='lat' dir='ltr'><strong>consistet,</strong></span> <span class='ocrx_word' id='word_1_445' title='bbox 3287 2995 3410 3036; x_wconf 90' lang='lat' dir='ltr'><strong>cum</strong></span> <span class='ocrx_word' id='word_1_446' title='bbox 3442 2982 3527 3037; x_wconf 90' lang='lat' dir='ltr'><strong>sui</strong></span> 
     </span>
    </p>
   </div>
   <div class='ocr_carea' id='block_1_60' title="bbox 260 3068 1843 3147">
    <p class='ocr_par' dir='ltr' id='par_1_60' title="bbox 260 3068 1843 3147">
     <span class='ocr_line' id='line_1_60' title="bbox 260 3068 1843 3147; baseline -0.003 -18"><span class='ocrx_word' id='word_1_447' title='bbox 260 3075 388 3147; x_wconf 84' lang='grc' dir='ltr'>τική</span> <span class='ocrx_word' id='word_1_448' title='bbox 421 3091 509 3138; x_wconf 88' lang='grc' dir='ltr'><strong>τις</strong></span> <span class='ocrx_word' id='word_1_449' title='bbox 537 3068 673 3127; x_wconf 76' lang='grc' dir='ltr'>οὖσα</span> <span class='ocrx_word' id='word_1_450' title='bbox 701 3073 798 3127; x_wconf 80' lang='grc' dir='ltr'><strong>καὶ</strong></span> <span class='ocrx_word' id='word_1_451' title='bbox 825 3072 1119 3145; x_wconf 76' lang='grc' dir='ltr'>φθαρτική.</span> <span class='ocrx_word' id='word_1_452' title='bbox 1159 3072 1285 3137; x_wconf 84' lang='grc' dir='ltr'>Πῶς</span> <span class='ocrx_word' id='word_1_453' title='bbox 1313 3068 1406 3126; x_wconf 81' lang='grc' dir='ltr'><strong>οὖν</strong></span> <span class='ocrx_word' id='word_1_454' title='bbox 1431 3071 1632 3143; x_wconf 83' lang='grc' dir='ltr'>ἐστηκε</span> <span class='ocrx_word' id='word_1_455' title='bbox 1658 3070 1843 3129; x_wconf 54' lang='grc' dir='ltr'>τοσοῦέ</span> 
     </span>
    </p>
   </div>
   <div class='ocr_carea' id='block_1_61' title="bbox 262 3163 1847 3238">
    <p class='ocr_par' dir='ltr' id='par_1_61' title="bbox 262 3163 1847 3238">
     <span class='ocr_line' id='line_1_61' title="bbox 262 3163 1847 3238; baseline -0.003 -17"><span class='ocrx_word' id='word_1_456' title='bbox 262 3183 354 3221; x_wconf 86' lang='grc' dir='ltr'><strong>τον</strong></span> <span class='ocrx_word' id='word_1_457' title='bbox 380 3165 575 3238; x_wconf 89' lang='grc' dir='ltr'>χρόνον</span> <span class='ocrx_word' id='word_1_458' title='bbox 595 3165 912 3238; x_wconf 78' lang='grc' dir='ltr'>ὑπάρχουσα</span> <span class='ocrx_word' id='word_1_459' title='bbox 937 3163 1078 3220; x_wconf 84' lang='grc' dir='ltr'>κατὰ</span> <span class='ocrx_word' id='word_1_460' title='bbox 1099 3164 1190 3218; x_wconf 81' lang='grc' dir='ltr'>τὸν</span> <span class='ocrx_word' id='word_1_461' title='bbox 1215 3163 1452 3237; x_wconf 84' lang='grc' dir='ltr'>ἀγύρτου</span> <span class='ocrx_word' id='word_1_462' title='bbox 1481 3164 1666 3233; x_wconf 86' lang='grc' dir='ltr'>λόγον;</span> <span class='ocrx_word' id='word_1_463' title='bbox 1694 3163 1847 3235; x_wconf 74' lang='grc' dir='ltr'>Ἀμα</span> 
     </span>
    </p>
   </div>
   <div class='ocr_carea' id='block_1_62' title="bbox 273 3254 1844 3330">
    <p class='ocr_par' dir='ltr' id='par_1_62' title="bbox 273 3254 1844 3330">
     <span class='ocr_line' id='line_1_62' title="bbox 273 3254 1844 3330; baseline -0.001 -18"><span class='ocrx_word' id='word_1_464' title='bbox 273 3258 331 3312; x_wconf 86' lang='grc' dir='ltr'><strong>δέ</strong></span> <span class='ocrx_word' id='word_1_465' title='bbox 356 3257 420 3312; x_wconf 88' lang='grc' dir='ltr'><strong>οὑ</strong></span> <span class='ocrx_word' id='word_1_466' title='bbox 451 3258 878 3330; x_wconf 83' lang='grc' dir='ltr'>συγκοινωνήσει</span> <span class='ocrx_word' id='word_1_467' title='bbox 907 3256 1044 3321; x_wconf 80' lang='grc' dir='ltr'>ὅλως</span> <span class='ocrx_word' id='word_1_468' title='bbox 1072 3258 1139 3328; x_wconf 79' lang='grc' dir='ltr'><strong>τῇ</strong></span> <span class='ocrx_word' id='word_1_469' title='bbox 1178 3255 1313 3327; x_wconf 80' lang='grc' dir='ltr'>ζωῇ,</span> <span class='ocrx_word' id='word_1_470' title='bbox 1349 3254 1468 3309; x_wconf 83' lang='grc' dir='ltr'>οὐδὲ</span> <span class='ocrx_word' id='word_1_471' title='bbox 1501 3256 1615 3326; x_wconf 74' lang='grc' dir='ltr'>ἅμα</span> <span class='ocrx_word' id='word_1_472' title='bbox 1646 3255 1792 3326; x_wconf 78' lang='grc' dir='ltr'>ζωῆς</span> <span class='ocrx_word' id='word_1_473' title='bbox 1822 3257 1844 3286; x_wconf 84' lang='grc'><strong><em>²</em></strong></span> 
     </span>
    </p>
   </div>
   <div class='ocr_carea' id='block_1_63' title="bbox 266 3347 1850 3423">
    <p class='ocr_par' dir='ltr' id='par_1_63' title="bbox 266 3347 1850 3423">
     <span class='ocr_line' id='line_1_63' title="bbox 266 3347 1850 3423; baseline -0.002 -18"><span class='ocrx_word' id='word_1_474' title='bbox 266 3350 646 3423; x_wconf 81' lang='grc' dir='ltr'>εὑρεθήσεται,</span> <span class='ocrx_word' id='word_1_475' title='bbox 677 3349 801 3404; x_wconf 74' lang='grc' dir='ltr'>οὔτε</span> <span class='ocrx_word' id='word_1_476' title='bbox 830 3349 1183 3420; x_wconf 86' lang='grc' dir='ltr'>ἀγαθότητος.</span> <span class='ocrx_word' id='word_1_477' title='bbox 1227 3347 1420 3401; x_wconf 84' lang='grc' dir='ltr'>Ὁπότε</span> <span class='ocrx_word' id='word_1_478' title='bbox 1449 3348 1506 3402; x_wconf 84' lang='grc' dir='ltr'>δὲ</span> <span class='ocrx_word' id='word_1_479' title='bbox 1545 3349 1603 3401; x_wconf 85' lang='grc' dir='ltr'>ὲν</span> <span class='ocrx_word' id='word_1_480' title='bbox 1635 3348 1850 3419; x_wconf 78' lang='grc' dir='ltr'>ἑκάστῳ</span> 
     </span>
    </p>
   </div>
   <div class='ocr_carea' id='block_1_64' title="bbox 265 3440 1853 3513">
    <p class='ocr_par' dir='ltr' id='par_1_64' title="bbox 265 3440 1853 3513">
     <span class='ocr_line' id='line_1_64' title="bbox 265 3440 1853 3513; baseline -0.001 -17"><span class='ocrx_word' id='word_1_481' title='bbox 265 3442 374 3498; x_wconf 88' lang='grc' dir='ltr'><strong>τῶν</strong></span> <span class='ocrx_word' id='word_1_482' title='bbox 400 3444 495 3497; x_wconf 76' lang='grc' dir='ltr'>ὑπ’</span> <span class='ocrx_word' id='word_1_483' title='bbox 523 3440 690 3497; x_wconf 83' lang='grc' dir='ltr'>αὑτοῦ</span> <span class='ocrx_word' id='word_1_484' title='bbox 717 3441 1094 3513; x_wconf 71' lang='grc' dir='ltr'>κακιζόμενων</span> <span class='ocrx_word' id='word_1_485' title='bbox 1117 3440 1433 3510; x_wconf 83' lang='grc' dir='ltr'>κτισμάτων</span> <span class='ocrx_word' id='word_1_486' title='bbox 1459 3442 1552 3496; x_wconf 78' lang='grc' dir='ltr'>καὶ</span> <span class='ocrx_word' id='word_1_487' title='bbox 1578 3440 1853 3512; x_wconf 85' lang='grc' dir='ltr'>ἀγαθότης</span> 
     </span>
    </p>
   </div>
   <div class='ocr_carea' id='block_1_65' title="bbox 267 3529 1851 3602">
    <p class='ocr_par' dir='ltr' id='par_1_65' title="bbox 267 3529 1851 3602">
     <span class='ocr_line' id='line_1_65' title="bbox 267 3529 1851 3602; baseline -0.003 -14"><span class='ocrx_word' id='word_1_488' title='bbox 267 3534 467 3598; x_wconf 69' lang='grc' dir='ltr'>ἔνεστι,</span> <span class='ocrx_word' id='word_1_489' title='bbox 495 3532 713 3589; x_wconf 79' lang='grc' dir='ltr'>διέπεσε</span> <span class='ocrx_word' id='word_1_490' title='bbox 744 3531 1079 3602; x_wconf 86' lang='grc' dir='ltr'>πανταχόθεν</span> <span class='ocrx_word' id='word_1_491' title='bbox 1119 3532 1148 3584; x_wconf 86' lang='grc' dir='ltr'>ὁ</span> <span class='ocrx_word' id='word_1_492' title='bbox 1184 3530 1316 3600; x_wconf 77' lang='grc' dir='ltr'>περὶ</span> <span class='ocrx_word' id='word_1_493' title='bbox 1351 3530 1549 3593; x_wconf 82' lang='grc' dir='ltr'>κακίας</span> <span class='ocrx_word' id='word_1_494' title='bbox 1571 3529 1734 3583; x_wconf 89' lang='grc' dir='ltr'>αὑτοῦ</span> <span class='ocrx_word' id='word_1_495' title='bbox 1762 3529 1851 3584; x_wconf 87' lang='grc' dir='ltr'>λό-</span> 
     </span>
    </p>
   </div>
   <div class='ocr_carea' id='block_1_66' title="bbox 266 3621 1853 3695">
    <p class='ocr_par' dir='ltr' id='par_1_66' title="bbox 266 3621 1853 3695">
     <span class='ocr_line' id='line_1_66' title="bbox 266 3621 1853 3695; baseline -0.003 -14"><span class='ocrx_word' id='word_1_496' title='bbox 266 3643 383 3695; x_wconf 82' lang='grc' dir='ltr'>γος,</span> <span class='ocrx_word' id='word_1_497' title='bbox 412 3626 507 3681; x_wconf 88' lang='grc' dir='ltr'><strong>διά</strong></span> <span class='ocrx_word' id='word_1_498' title='bbox 530 3626 592 3680; x_wconf 81' lang='grc' dir='ltr'>τὸ</span> <span class='ocrx_word' id='word_1_499' title='bbox 634 3626 1007 3680; x_wconf 76' lang='grc' dir='ltr'>ἐπικοινωνεῖν</span> <span class='ocrx_word' id='word_1_500' title='bbox 1045 3624 1273 3694; x_wconf 87' lang='grc' dir='ltr'>θάτερον</span> <span class='ocrx_word' id='word_1_501' title='bbox 1304 3622 1411 3675; x_wconf 86' lang='grc' dir='ltr'><strong>τῶν</strong></span> <span class='ocrx_word' id='word_1_502' title='bbox 1440 3622 1530 3675; x_wconf 86' lang='grc' dir='ltr'><strong>ὑπ’</strong></span> <span class='ocrx_word' id='word_1_503' title='bbox 1561 3621 1726 3678; x_wconf 81' lang='grc' dir='ltr'>αὑτοῦ</span> <span class='ocrx_word' id='word_1_504' title='bbox 1766 3623 1853 3677; x_wconf 89' lang='grc' dir='ltr'>λε-</span> 
     </span>
    </p>
   </div>
   <div class='ocr_carea' id='block_1_67' title="bbox 271 3704 1854 3793">
    <p class='ocr_par' dir='ltr' id='par_1_67' title="bbox 271 3704 1854 3793">
     <span class='ocr_line' id='line_1_67' title="bbox 271 3704 1854 3793; baseline -0.005 -19"><span class='ocrx_word' id='word_1_505' title='bbox 271 3720 523 3793; x_wconf 81' lang='grc' dir='ltr'>γομένων</span> <span class='ocrx_word' id='word_1_506' title='bbox 581 3704 829 3790; x_wconf 84' lang='grc' dir='ltr'>θατέρῳ,</span> <span class='ocrx_word' id='word_1_507' title='bbox 879 3717 954 3782; x_wconf 85' lang='grc' dir='ltr'><strong>ὡς</strong></span> <span class='ocrx_word' id='word_1_508' title='bbox 998 3718 1172 3771; x_wconf 82' lang='grc' dir='ltr'>εἰπεῖν</span> <span class='ocrx_word' id='word_1_509' title='bbox 1211 3718 1340 3791; x_wconf 72' lang='grc' dir='ltr'>περὶ</span> <span class='ocrx_word' id='word_1_510' title='bbox 1379 3718 1554 3787; x_wconf 77' lang='grc' dir='ltr'>ὄφεων</span> <span class='ocrx_word' id='word_1_511' title='bbox 1602 3717 1697 3769; x_wconf 75' lang='grc' dir='ltr'>καὶ</span> <span class='ocrx_word' id='word_1_512' title='bbox 1746 3713 1854 3768; x_wconf 86' lang='grc' dir='ltr'><strong>τῶν</strong></span> 
     </span>
    </p>
   </div>
   <div class='ocr_carea' id='block_1_68' title="bbox 270 3807 1843 3881">
    <p class='ocr_par' dir='ltr' id='par_1_68' title="bbox 270 3807 1843 3881">
     <span class='ocr_line' id='line_1_68' title="bbox 270 3807 1843 3881; baseline -0.008 -14"><span class='ocrx_word' id='word_1_513' title='bbox 270 3810 443 3866; x_wconf 75' lang='grc' dir='ltr'>ἄλλων</span> <span class='ocrx_word' id='word_1_514' title='bbox 481 3807 728 3881; x_wconf 81' lang='grc' dir='ltr'>ἑρπετῶν</span> <span class='ocrx_word' id='word_1_515' title='bbox 756 3807 992 3862; x_wconf 79' lang='grc' dir='ltr'>ἰοϐόλων.</span> <span class='ocrx_word' id='word_1_516' title='bbox 1019 3808 1157 3862; x_wconf 84' lang='grc' dir='ltr'>Ὅσα</span> <span class='ocrx_word' id='word_1_517' title='bbox 1190 3807 1297 3880; x_wconf 89' lang='grc' dir='ltr'><strong>γάρ</strong></span> <span class='ocrx_word' id='word_1_518' title='bbox 1323 3809 1471 3861; x_wconf 88' lang='grc' dir='ltr'>ἐστιν</span> <span class='ocrx_word' id='word_1_519' title='bbox 1501 3808 1595 3861; x_wconf 76' lang='grc' dir='ltr'>ἐπὶ</span> <span class='ocrx_word' id='word_1_520' title='bbox 1623 3807 1683 3858; x_wconf 84' lang='grc' dir='ltr'>τὸ</span> <span class='ocrx_word' id='word_1_521' title='bbox 1709 3808 1843 3877; x_wconf 85' lang='grc' dir='ltr'>χρή-</span> 
     </span>
    </p>
   </div>
   <div class='ocr_carea' id='block_1_69' title="bbox 272 3896 1847 3974">
    <p class='ocr_par' dir='ltr' id='par_1_69' title="bbox 272 3896 1847 3974">
     <span class='ocr_line' id='line_1_69' title="bbox 272 3896 1847 3974; baseline -0.006 -16"><span class='ocrx_word' id='word_1_522' title='bbox 272 3919 433 3974; x_wconf 85' lang='grc' dir='ltr'>σιμον</span> <span class='ocrx_word' id='word_1_523' title='bbox 488 3900 1002 3971; x_wconf 71' lang='grc' dir='ltr'>κατεσκευασμένα,</span> <span class='ocrx_word' id='word_1_524' title='bbox 1035 3899 1164 3971; x_wconf 82' lang='grc' dir='ltr'>παρ’</span> <span class='ocrx_word' id='word_1_525' title='bbox 1204 3898 1352 3970; x_wconf 87' lang='grc' dir='ltr'><strong>αὑτῷ</strong></span> <span class='ocrx_word' id='word_1_526' title='bbox 1405 3899 1461 3952; x_wconf 82' lang='grc' dir='ltr'>δὲ</span> <span class='ocrx_word' id='word_1_527' title='bbox 1504 3896 1581 3970; x_wconf 81' lang='grc' dir='ltr'>τῷ</span> <span class='ocrx_word' id='word_1_528' title='bbox 1620 3897 1847 3967; x_wconf 83' lang='grc' dir='ltr'>ὀνόματι</span> 
     </span>
    </p>
   </div>
   <div class='ocr_carea' id='block_1_70' title="bbox 273 3987 1855 4067">
    <p class='ocr_par' dir='ltr' id='par_1_70' title="bbox 273 3987 1855 4067">
     <span class='ocr_line' id='line_1_70' title="bbox 273 3987 1855 4067; baseline -0.006 -16"><span class='ocrx_word' id='word_1_529' title='bbox 273 3994 639 4067; x_wconf 79' lang='grc' dir='ltr'>κακιζόμενα,</span> <span class='ocrx_word' id='word_1_530' title='bbox 670 3994 727 4046; x_wconf 91' lang='grc' dir='ltr'><strong>ἐν</strong></span> <span class='ocrx_word' id='word_1_531' title='bbox 771 3993 954 4055; x_wconf 79' lang='grc' dir='ltr'>αὑτοῖς</span> <span class='ocrx_word' id='word_1_532' title='bbox 983 3993 1080 4046; x_wconf 79' lang='grc' dir='ltr'>καὶ</span> <span class='ocrx_word' id='word_1_533' title='bbox 1108 3990 1169 4045; x_wconf 86' lang='grc' dir='ltr'>τὸ</span> <span class='ocrx_word' id='word_1_534' title='bbox 1204 3991 1478 4045; x_wconf 85' lang='grc' dir='ltr'>ἀντίθετον</span> <span class='ocrx_word' id='word_1_535' title='bbox 1515 3990 1616 4060; x_wconf 77' lang='grc' dir='ltr'>τῆς</span> <span class='ocrx_word' id='word_1_536' title='bbox 1660 3987 1855 4051; x_wconf 81' lang='grc' dir='ltr'>κακίας</span> 
     </span>
    </p>
   </div>
   <div class='ocr_carea' id='block_1_71' title="bbox 280 4080 1852 4161">
    <p class='ocr_par' dir='ltr' id='par_1_71' title="bbox 280 4080 1852 4161">
     <span class='ocr_line' id='line_1_71' title="bbox 280 4080 1852 4161; baseline -0.007 -18"><span class='ocrx_word' id='word_1_537' title='bbox 280 4089 622 4161; x_wconf 85' lang='grc' dir='ltr'>εὑρίσκεται,</span> <span class='ocrx_word' id='word_1_538' title='bbox 650 4085 727 4150; x_wconf 86' lang='grc' dir='ltr'>ὡς</span> <span class='ocrx_word' id='word_1_539' title='bbox 771 4085 944 4139; x_wconf 76' lang='grc' dir='ltr'>εἰπεῖν</span> <span class='ocrx_word' id='word_1_540' title='bbox 990 4083 1119 4155; x_wconf 70' lang='grc' dir='ltr'>περὶ</span> <span class='ocrx_word' id='word_1_541' title='bbox 1155 4083 1330 4152; x_wconf 73' lang='grc' dir='ltr'>ὄφεως</span> <span class='ocrx_word' id='word_1_542' title='bbox 1374 4082 1607 4136; x_wconf 72' lang='grc' dir='ltr'>καὶτῶν</span> <span class='ocrx_word' id='word_1_543' title='bbox 1655 4080 1852 4135; x_wconf 81' lang='grc' dir='ltr'>ἄλλων.</span> 
     </span>
    </p>
   </div>
   <div class='ocr_carea' id='block_1_72' title="bbox 287 4173 1858 4253">
    <p class='ocr_par' dir='ltr' id='par_1_72' title="bbox 287 4173 1858 4253">
     <span class='ocr_line' id='line_1_72' title="bbox 287 4173 1858 4253; baseline -0.005 -16"><span class='ocrx_word' id='word_1_544' title='bbox 287 4184 377 4250; x_wconf 76' lang='grc' dir='ltr'><strong>Ἐξ</strong></span> <span class='ocrx_word' id='word_1_545' title='bbox 400 4176 485 4237; x_wconf 82' lang='grc' dir='ltr'>ὧν</span> <span class='ocrx_word' id='word_1_546' title='bbox 515 4181 626 4253; x_wconf 80' lang='grc' dir='ltr'><strong>γάρ</strong></span> <span class='ocrx_word' id='word_1_547' title='bbox 657 4179 733 4244; x_wconf 82' lang='grc' dir='ltr'><strong>ίδς</strong></span> <span class='ocrx_word' id='word_1_548' title='bbox 757 4179 837 4244; x_wconf 89' lang='grc' dir='ltr'><strong>είς</strong></span> <span class='ocrx_word' id='word_1_549' title='bbox 874 4179 1101 4235; x_wconf 85' lang='grc' dir='ltr'>θάνατον</span> <span class='ocrx_word' id='word_1_550' title='bbox 1132 4181 1190 4232; x_wconf 87' lang='grc' dir='ltr'><strong>ἐν</strong></span> <span class='ocrx_word' id='word_1_551' title='bbox 1220 4179 1430 4241; x_wconf 77' lang='grc' dir='ltr'>ἑαυτοῖς</span> <span class='ocrx_word' id='word_1_552' title='bbox 1454 4176 1495 4247; x_wconf 85' lang='grc'>³,</span> <span class='ocrx_word' id='word_1_553' title='bbox 1528 4174 1622 4230; x_wconf 73' lang='grc' dir='ltr'>καὶ</span> <span class='ocrx_word' id='word_1_554' title='bbox 1647 4173 1858 4230; x_wconf 73' lang='grc' dir='ltr'>ἀντίδο-</span> 
     </span>
    </p>
   </div>
   <div class='ocr_carea' id='block_1_73' title="bbox 274 4264 1859 4347">
    <p class='ocr_par' dir='ltr' id='par_1_73' title="bbox 274 4264 1859 4347">
     <span class='ocr_line' id='line_1_73' title="bbox 274 4264 1859 4347; baseline -0.006 -18"><span class='ocrx_word' id='word_1_555' title='bbox 274 4292 364 4338; x_wconf 85' lang='grc' dir='ltr'><strong>τος</strong></span> <span class='ocrx_word' id='word_1_556' title='bbox 401 4272 543 4347; x_wconf 79' lang='grc' dir='ltr'>πρὸς</span> <span class='ocrx_word' id='word_1_557' title='bbox 584 4270 858 4327; x_wconf 83' lang='grc' dir='ltr'>ἀντίδοτον</span> <span class='ocrx_word' id='word_1_558' title='bbox 901 4269 1150 4335; x_wconf 84' lang='grc' dir='ltr'>θανάτου,</span> <span class='ocrx_word' id='word_1_559' title='bbox 1193 4268 1287 4323; x_wconf 57' lang='grc' dir='ltr'><strong>καὶ⁸</strong></span> <span class='ocrx_word' id='word_1_560' title='bbox 1313 4268 1609 4331; x_wconf 84' lang='grc' dir='ltr'>κακώσεως</span> <span class='ocrx_word' id='word_1_561' title='bbox 1637 4264 1859 4330; x_wconf 79' lang='grc' dir='ltr'>κακιζο-</span> 
     </span>
    </p>
   </div>
   <div class='ocr_carea' id='block_1_74' title="bbox 1951 3068 3531 3140">
    <p class='ocr_par' dir='ltr' id='par_1_74' title="bbox 1951 3068 3531 3140">
     <span class='ocr_line' id='line_1_74' title="bbox 1951 3068 3531 3140; baseline 0.002 -16"><span class='ocrx_word' id='word_1_562' title='bbox 1951 3068 2414 3140; x_wconf 89' lang='lat' dir='ltr'><strong>consumptricem</strong></span> <span class='ocrx_word' id='word_1_563' title='bbox 2445 3082 2508 3123; x_wconf 92' lang='lat' dir='ltr'><strong>ac</strong></span> <span class='ocrx_word' id='word_1_564' title='bbox 2549 3069 2949 3138; x_wconf 87' lang='lat' dir='ltr'><strong>corruptricem</strong></span> <span class='ocrx_word' id='word_1_565' title='bbox 2990 3070 3098 3126; x_wconf 90' lang='lat' dir='ltr'><strong>vim</strong></span> <span class='ocrx_word' id='word_1_566' title='bbox 3147 3071 3362 3128; x_wconf 85' lang='lat' dir='ltr'><strong>habeat.</strong></span> <span class='ocrx_word' id='word_1_567' title='bbox 3398 3070 3531 3137; x_wconf 78' lang='lat' dir='ltr'><strong>Qua:</strong></span> 
     </span>
    </p>
   </div>
   <div class='ocr_carea' id='block_1_75' title="bbox 1951 3160 3532 3232">
    <p class='ocr_par' dir='ltr' id='par_1_75' title="bbox 1951 3160 3532 3232">
     <span class='ocr_line' id='line_1_75' title="bbox 1951 3160 3532 3232; baseline 0.001 -16"><span class='ocrx_word' id='word_1_568' title='bbox 1951 3175 2078 3216; x_wconf 90' lang='lat' dir='ltr'><strong>cum</strong></span> <span class='ocrx_word' id='word_1_569' title='bbox 2106 3160 2182 3215; x_wconf 90' lang='lat' dir='ltr'><strong>ita</strong></span> <span class='ocrx_word' id='word_1_570' title='bbox 2216 3160 2348 3224; x_wconf 88' lang='lat' dir='ltr'><strong>sint,</strong></span> <span class='ocrx_word' id='word_1_571' title='bbox 2378 3174 2614 3230; x_wconf 87' lang='lat' dir='ltr'><strong>quanam</strong></span> <span class='ocrx_word' id='word_1_572' title='bbox 2644 3162 2855 3215; x_wconf 88' lang='lat' dir='ltr'><strong>ratione</strong></span> <span class='ocrx_word' id='word_1_573' title='bbox 2884 3168 3038 3216; x_wconf 91' lang='lat' dir='ltr'><strong>tanto</strong></span> <span class='ocrx_word' id='word_1_574' title='bbox 3072 3170 3333 3232; x_wconf 86' lang='lat' dir='ltr'><strong>tempore,</strong></span> <span class='ocrx_word' id='word_1_575' title='bbox 3359 3171 3418 3218; x_wconf 93' lang='lat' dir='ltr'><strong>ut</strong></span> <span class='ocrx_word' id='word_1_576' title='bbox 3442 3163 3532 3219; x_wconf 90' lang='lat' dir='ltr'><strong>ille</strong></span> 
     </span>
    </p>
   </div>
   <div class='ocr_carea' id='block_1_76' title="bbox 1954 3252 3532 3322">
    <p class='ocr_par' dir='ltr' id='par_1_76' title="bbox 1954 3252 3532 3322">
     <span class='ocr_line' id='line_1_76' title="bbox 1954 3252 3532 3322; baseline 0.002 -16"><span class='ocrx_word' id='word_1_577' title='bbox 1954 3252 2255 3307; x_wconf 87' lang='lat' dir='ltr'><strong>circulator</strong></span> <span class='ocrx_word' id='word_1_578' title='bbox 2301 3253 2538 3316; x_wconf 90' lang='lat' dir='ltr'><strong>asserit,</strong></span> <span class='ocrx_word' id='word_1_579' title='bbox 2584 3253 2762 3322; x_wconf 86' lang='lat' dir='ltr'><strong>potuit</strong></span> <span class='ocrx_word' id='word_1_580' title='bbox 2801 3253 3099 3309; x_wconf 80' lang='lat' dir='ltr'><strong>exsistere?</strong></span> <span class='ocrx_word' id='word_1_581' title='bbox 3130 3253 3398 3311; x_wconf 71' lang='lat' dir='ltr'><strong>Praeterea</strong></span> <span class='ocrx_word' id='word_1_582' title='bbox 3430 3271 3532 3311; x_wconf 89' lang='lat' dir='ltr'><strong>nec</strong></span> 
     </span>
    </p>
   </div>
   <div class='ocr_carea' id='block_1_77' title="bbox 1953 3344 3534 3417">
    <p class='ocr_par' dir='ltr' id='par_1_77' title="bbox 1953 3344 3534 3417">
     <span class='ocr_line' id='line_1_77' title="bbox 1953 3344 3534 3417; baseline 0.003 -18"><span class='ocrx_word' id='word_1_583' title='bbox 1953 3344 2118 3399; x_wconf 88' lang='lat' dir='ltr'><strong>ullam</strong></span> <span class='ocrx_word' id='word_1_584' title='bbox 2152 3345 2376 3399; x_wconf 89' lang='lat' dir='ltr'><strong>omnino</strong></span> <span class='ocrx_word' id='word_1_585' title='bbox 2417 3360 2541 3399; x_wconf 88' lang='lat' dir='ltr'><strong>cum</strong></span> <span class='ocrx_word' id='word_1_586' title='bbox 2577 3345 2687 3398; x_wconf 90' lang='lat' dir='ltr'><strong>vita</strong></span> <span class='ocrx_word' id='word_1_587' title='bbox 2726 3345 3165 3400; x_wconf 88' lang='lat' dir='ltr'><strong>communionem</strong></span> <span class='ocrx_word' id='word_1_588' title='bbox 3200 3346 3399 3402; x_wconf 86' lang='lat' dir='ltr'><strong>habere</strong></span> <span class='ocrx_word' id='word_1_589' title='bbox 3424 3363 3534 3417; x_wconf 79' lang='lat' dir='ltr'><strong>po-</strong></span> 
     </span>
    </p>
   </div>
   <div class='ocr_carea' id='block_1_78' title="bbox 1954 3435 3528 3506">
    <p class='ocr_par' dir='ltr' id='par_1_78' title="bbox 1954 3435 3528 3506">
     <span class='ocr_line' id='line_1_78' title="bbox 1954 3435 3528 3506; baseline 0.002 -15"><span class='ocrx_word' id='word_1_590' title='bbox 1954 3437 2102 3502; x_wconf 90' lang='lat' dir='ltr'><strong>terit,</strong></span> <span class='ocrx_word' id='word_1_591' title='bbox 2131 3451 2309 3506; x_wconf 87' lang='lat' dir='ltr'><strong>neque</strong></span> <span class='ocrx_word' id='word_1_592' title='bbox 2341 3450 2466 3491; x_wconf 90' lang='lat' dir='ltr'><strong>cum</strong></span> <span class='ocrx_word' id='word_1_593' title='bbox 2518 3449 2581 3490; x_wconf 90' lang='lat' dir='ltr'><strong>ea</strong></span> <span class='ocrx_word' id='word_1_594' title='bbox 2627 3444 2721 3490; x_wconf 87' lang='lat' dir='ltr'><strong>aut</strong></span> <span class='ocrx_word' id='word_1_595' title='bbox 2765 3451 2887 3490; x_wconf 91' lang='lat' dir='ltr'><strong>cum</strong></span> <span class='ocrx_word' id='word_1_596' title='bbox 2921 3435 3164 3492; x_wconf 86' lang='lat' dir='ltr'><strong>bonitate</strong></span> <span class='ocrx_word' id='word_1_597' title='bbox 3200 3438 3528 3494; x_wconf 82' lang='lat' dir='ltr'><strong>versabitur.</strong></span> 
     </span>
    </p>
   </div>
   <div class='ocr_carea' id='block_1_79' title="bbox 1953 3525 3528 3598">
    <p class='ocr_par' dir='ltr' id='par_1_79' title="bbox 1953 3525 3528 3598">
     <span class='ocr_line' id='line_1_79' title="bbox 1953 3525 3528 3598; baseline 0.003 -16"><span class='ocrx_word' id='word_1_598' title='bbox 1953 3526 2071 3582; x_wconf 81' lang='lat' dir='ltr'><strong>Jam</strong></span> <span class='ocrx_word' id='word_1_599' title='bbox 2115 3542 2244 3582; x_wconf 90' lang='lat' dir='ltr'><strong>vero</strong></span> <span class='ocrx_word' id='word_1_600' title='bbox 2291 3541 2417 3581; x_wconf 90' lang='lat' dir='ltr'><strong>cum</strong></span> <span class='ocrx_word' id='word_1_601' title='bbox 2470 3525 2527 3580; x_wconf 91' lang='lat' dir='ltr'><strong>in</strong></span> <span class='ocrx_word' id='word_1_602' title='bbox 2579 3541 2907 3597; x_wconf 90' lang='lat' dir='ltr'><strong>unaquaque</strong></span> <span class='ocrx_word' id='word_1_603' title='bbox 2947 3536 3256 3584; x_wconf 88' lang='lat' dir='ltr'><strong>creatarum</strong></span> <span class='ocrx_word' id='word_1_604' title='bbox 3302 3545 3485 3586; x_wconf 90' lang='lat' dir='ltr'><strong>rerum</strong></span> <span class='ocrx_word' id='word_1_605' title='bbox 3512 3570 3528 3598; x_wconf 91' lang='lat'><strong>,</strong></span> 
     </span>
    </p>
   </div>
   <div class='ocr_carea' id='block_1_80' title="bbox 1941 3620 3534 3694">
    <p class='ocr_par' dir='ltr' id='par_1_80' title="bbox 1941 3620 3534 3694">
     <span class='ocr_line' id='line_1_80' title="bbox 1941 3620 3534 3694; baseline 0.003 -18"><span class='ocrx_word' id='word_1_606' title='bbox 1941 3636 2093 3693; x_wconf 25' lang='lat' dir='ltr'><strong>[quas</strong></span> <span class='ocrx_word' id='word_1_607' title='bbox 2132 3622 2223 3677; x_wconf 89' lang='lat' dir='ltr'><strong>ille</strong></span> <span class='ocrx_word' id='word_1_608' title='bbox 2245 3621 2539 3692; x_wconf 91' lang='lat' dir='ltr'><strong>vituperat,</strong></span> <span class='ocrx_word' id='word_1_609' title='bbox 2567 3620 2830 3678; x_wconf 88' lang='lat' dir='ltr'><strong>bonitatis</strong></span> <span class='ocrx_word' id='word_1_610' title='bbox 2850 3621 2982 3678; x_wconf 90' lang='lat' dir='ltr'><strong>insit</strong></span> <span class='ocrx_word' id='word_1_611' title='bbox 3010 3622 3237 3693; x_wconf 89' lang='lat' dir='ltr'><strong>aliquid,</strong></span> <span class='ocrx_word' id='word_1_612' title='bbox 3270 3631 3382 3679; x_wconf 88' lang='lat' dir='ltr'><strong>tota</strong></span> <span class='ocrx_word' id='word_1_613' title='bbox 3411 3624 3534 3694; x_wconf 88' lang='lat' dir='ltr'><strong>ejus</strong></span> 
     </span>
    </p>
   </div>
   <div class='ocr_carea' id='block_1_81' title="bbox 1956 3713 3532 3786">
    <p class='ocr_par' dir='ltr' id='par_1_81' title="bbox 1956 3713 3532 3786">
     <span class='ocr_line' id='line_1_81' title="bbox 1956 3713 3532 3786; baseline 0.001 -16"><span class='ocrx_word' id='word_1_614' title='bbox 1956 3716 2023 3772; x_wconf 90' lang='lat' dir='ltr'><strong>de</strong></span> <span class='ocrx_word' id='word_1_615' title='bbox 2057 3715 2263 3771; x_wconf 86' lang='lat' dir='ltr'><strong>malitia</strong></span> <span class='ocrx_word' id='word_1_616' title='bbox 2294 3713 2601 3785; x_wconf 77' lang='lat' dir='ltr'><strong>diSputatio</strong></span> <span class='ocrx_word' id='word_1_617' title='bbox 2619 3713 2876 3770; x_wconf 90' lang='lat' dir='ltr'><strong>concidat</strong></span> <span class='ocrx_word' id='word_1_618' title='bbox 2907 3729 3129 3771; x_wconf 90' lang='lat' dir='ltr'><strong>necesse</strong></span> <span class='ocrx_word' id='word_1_619' title='bbox 3157 3721 3260 3777; x_wconf 87' lang='lat' dir='ltr'><strong>est,</strong></span> <span class='ocrx_word' id='word_1_620' title='bbox 3291 3731 3357 3771; x_wconf 85' lang='lat' dir='ltr'><strong>eo</strong></span> <span class='ocrx_word' id='word_1_621' title='bbox 3386 3716 3532 3786; x_wconf 86' lang='lat' dir='ltr'><strong>quod</strong></span> 
     </span>
    </p>
   </div>
   <div class='ocr_carea' id='block_1_82' title="bbox 1956 3807 3536 3878">
    <p class='ocr_par' dir='ltr' id='par_1_82' title="bbox 1956 3807 3536 3878">
     <span class='ocr_line' id='line_1_82' title="bbox 1956 3807 3536 3878; baseline 0 -16"><span class='ocrx_word' id='word_1_622' title='bbox 1956 3809 2182 3865; x_wconf 86' lang='lat' dir='ltr'><strong>alterius</strong></span> <span class='ocrx_word' id='word_1_623' title='bbox 2211 3807 2463 3870; x_wconf 91' lang='lat' dir='ltr'><strong>illorum,</strong></span> <span class='ocrx_word' id='word_1_624' title='bbox 2497 3822 2619 3878; x_wconf 61' lang='lat' dir='ltr'><strong>qua:</strong></span> <span class='ocrx_word' id='word_1_625' title='bbox 2652 3807 3139 3869; x_wconf 87' lang='lat' dir='ltr'><strong>commemoravit,</strong></span> <span class='ocrx_word' id='word_1_626' title='bbox 3175 3807 3427 3878; x_wconf 82' lang='lat' dir='ltr'><strong>quaedam</strong></span> <span class='ocrx_word' id='word_1_627' title='bbox 3463 3808 3536 3863; x_wconf 92' lang='lat' dir='ltr'><strong>sit</strong></span> 
     </span>
    </p>
   </div>
   <div class='ocr_carea' id='block_1_83' title="bbox 1958 3897 3537 3969">
    <p class='ocr_par' dir='ltr' id='par_1_83' title="bbox 1958 3897 3537 3969">
     <span class='ocr_line' id='line_1_83' title="bbox 1958 3897 3537 3969; baseline 0.002 -17"><span class='ocrx_word' id='word_1_628' title='bbox 1958 3913 2081 3953; x_wconf 91' lang='lat' dir='ltr'><strong>cum</strong></span> <span class='ocrx_word' id='word_1_629' title='bbox 2112 3899 2284 3953; x_wconf 88' lang='lat' dir='ltr'><strong>altero</strong></span> <span class='ocrx_word' id='word_1_630' title='bbox 2326 3897 2585 3961; x_wconf 88' lang='lat' dir='ltr'><strong>societas,</strong></span> <span class='ocrx_word' id='word_1_631' title='bbox 2627 3905 2688 3952; x_wconf 91' lang='lat' dir='ltr'><strong>ut</strong></span> <span class='ocrx_word' id='word_1_632' title='bbox 2716 3897 2785 3953; x_wconf 92' lang='lat' dir='ltr'><strong>de</strong></span> <span class='ocrx_word' id='word_1_633' title='bbox 2813 3898 3180 3968; x_wconf 88' lang='lat' dir='ltr'><strong>serpentibus,</strong></span> <span class='ocrx_word' id='word_1_634' title='bbox 3211 3899 3537 3969; x_wconf 61' lang='lat' dir='ltr'><strong>ceterisque</strong></span> 
     </span>
    </p>
   </div>
   <div class='ocr_carea' id='block_1_84' title="bbox 1958 3988 3537 4046">
    <p class='ocr_par' dir='ltr' id='par_1_84' title="bbox 1958 3988 3537 4046">
     <span class='ocr_line' id='line_1_84' title="bbox 1958 3988 3537 4046; baseline 0 -2"><span class='ocrx_word' id='word_1_635' title='bbox 1958 3989 2242 4045; x_wconf 85' lang='lat' dir='ltr'><strong>venenatis</strong></span> <span class='ocrx_word' id='word_1_636' title='bbox 2277 3988 2471 4044; x_wconf 85' lang='lat' dir='ltr'><strong>bestiis</strong></span> <span class='ocrx_word' id='word_1_637' title='bbox 2503 3988 2755 4046; x_wconf 86' lang='lat' dir='ltr'><strong>nonnihil</strong></span> <span class='ocrx_word' id='word_1_638' title='bbox 2794 3989 3027 4045; x_wconf 89' lang='lat' dir='ltr'><strong>dicatur.</strong></span> <span class='ocrx_word' id='word_1_639' title='bbox 3071 3991 3199 4046; x_wconf 65' lang='lat' dir='ltr'><strong>Haec</strong></span> <span class='ocrx_word' id='word_1_640' title='bbox 3231 3990 3378 4046; x_wconf 91' lang='lat' dir='ltr'><strong>enim</strong></span> <span class='ocrx_word' id='word_1_641' title='bbox 3418 4006 3537 4045; x_wconf 89' lang='lat' dir='ltr'><strong>om-</strong></span> 
     </span>
    </p>
   </div>
   <div class='ocr_carea' id='block_1_85' title="bbox 1958 4080 3537 4153">
    <p class='ocr_par' dir='ltr' id='par_1_85' title="bbox 1958 4080 3537 4153">
     <span class='ocr_line' id='line_1_85' title="bbox 1958 4080 3537 4153; baseline 0.001 -16"><span class='ocrx_word' id='word_1_642' title='bbox 1958 4081 2075 4146; x_wconf 88' lang='lat' dir='ltr'><strong>nia,</strong></span> <span class='ocrx_word' id='word_1_643' title='bbox 2104 4097 2227 4153; x_wconf 86' lang='lat' dir='ltr'><strong>quae</strong></span> <span class='ocrx_word' id='word_1_644' title='bbox 2256 4080 2325 4135; x_wconf 92' lang='lat' dir='ltr'><strong>ab</strong></span> <span class='ocrx_word' id='word_1_645' title='bbox 2351 4081 2446 4135; x_wconf 92' lang='lat' dir='ltr'><strong>illo</strong></span> <span class='ocrx_word' id='word_1_646' title='bbox 2472 4080 2694 4137; x_wconf 88' lang='lat' dir='ltr'><strong>nomine</strong></span> <span class='ocrx_word' id='word_1_647' title='bbox 2719 4080 2837 4152; x_wconf 88' lang='lat' dir='ltr'><strong>ipso</strong></span> <span class='ocrx_word' id='word_1_648' title='bbox 2859 4082 3256 4153; x_wconf 89' lang='lat' dir='ltr'><strong>vituperantur,</strong></span> <span class='ocrx_word' id='word_1_649' title='bbox 3288 4082 3354 4137; x_wconf 89' lang='lat' dir='ltr'><strong>ad</strong></span> <span class='ocrx_word' id='word_1_650' title='bbox 3377 4097 3537 4139; x_wconf 87' lang='lat' dir='ltr'><strong>usum</strong></span> 
     </span>
    </p>
   </div>
   <div class='ocr_carea' id='block_1_86' title="bbox 1961 4174 3537 4245">
    <p class='ocr_par' dir='ltr' id='par_1_86' title="bbox 1961 4174 3537 4245">
     <span class='ocr_line' id='line_1_86' title="bbox 1961 4174 3537 4245; baseline 0.003 -18"><span class='ocrx_word' id='word_1_651' title='bbox 1961 4174 2201 4245; x_wconf 90' lang='lat' dir='ltr'><strong>aliquem</strong></span> <span class='ocrx_word' id='word_1_652' title='bbox 2253 4175 2657 4244; x_wconf 89' lang='lat' dir='ltr'><strong>utilitatemque</strong></span> <span class='ocrx_word' id='word_1_653' title='bbox 2704 4183 2989 4244; x_wconf 89' lang='lat' dir='ltr'><strong>procreata</strong></span> <span class='ocrx_word' id='word_1_654' title='bbox 3044 4183 3210 4243; x_wconf 89' lang='lat' dir='ltr'><strong>sunt,</strong></span> <span class='ocrx_word' id='word_1_655' title='bbox 3256 4183 3311 4230; x_wconf 89' lang='lat' dir='ltr'><strong>et</strong></span> <span class='ocrx_word' id='word_1_656' title='bbox 3359 4176 3414 4231; x_wconf 93' lang='lat' dir='ltr'><strong>in</strong></span> <span class='ocrx_word' id='word_1_657' title='bbox 3452 4175 3537 4232; x_wconf 87' lang='lat' dir='ltr'><strong>bis</strong></span> 
     </span>
    </p>
   </div>
   <div class='ocr_carea' id='block_1_87' title="bbox 1960 4265 3542 4337">
    <p class='ocr_par' dir='ltr' id='par_1_87' title="bbox 1960 4265 3542 4337">
     <span class='ocr_line' id='line_1_87' title="bbox 1960 4265 3542 4337; baseline 0.003 -19"><span class='ocrx_word' id='word_1_658' title='bbox 1960 4265 2088 4318; x_wconf 88' lang='lat' dir='ltr'><strong>mali</strong></span> <span class='ocrx_word' id='word_1_659' title='bbox 2130 4265 2430 4321; x_wconf 89' lang='lat' dir='ltr'><strong>remedium</strong></span> <span class='ocrx_word' id='word_1_660' title='bbox 2467 4265 2762 4330; x_wconf 89' lang='lat' dir='ltr'><strong>invenitur,</strong></span> <span class='ocrx_word' id='word_1_661' title='bbox 2808 4265 2957 4336; x_wconf 90' lang='lat' dir='ltr'><strong>quod</strong></span> <span class='ocrx_word' id='word_1_662' title='bbox 2986 4265 3055 4320; x_wconf 90' lang='lat' dir='ltr'><strong>ad</strong></span> <span class='ocrx_word' id='word_1_663' title='bbox 3102 4274 3386 4337; x_wconf 88' lang='lat' dir='ltr'><strong>serpentes</strong></span> <span class='ocrx_word' id='word_1_664' title='bbox 3420 4268 3542 4324; x_wconf 88' lang='lat' dir='ltr'><strong>reli-</strong></span> 
     </span>
    </p>
   </div>
   <div class='ocr_carea' id='block_1_88' title="bbox 279 4353 1843 4436">
    <p class='ocr_par' dir='ltr' id='par_1_88' title="bbox 279 4355 1843 4436">
     <span class='ocr_line' id='line_1_88' title="bbox 279 4355 1843 4436; baseline -0.006 -18"><span class='ocrx_word' id='word_1_665' title='bbox 279 4365 483 4436; x_wconf 78' lang='grc' dir='ltr'>μὲνων,</span> <span class='ocrx_word' id='word_1_666' title='bbox 527 4361 623 4416; x_wconf 74' lang='grc' dir='ltr'>καὶ</span> <span class='ocrx_word' id='word_1_667' title='bbox 654 4360 906 4434; x_wconf 74' lang='grc' dir='ltr'>ήμὲραν⁵</span> <span class='ocrx_word' id='word_1_668' title='bbox 963 4361 1060 4432; x_wconf 88' lang='grc' dir='ltr'>μὲν</span> <span class='ocrx_word' id='word_1_669' title='bbox 1101 4361 1181 4423; x_wconf 88' lang='grc' dir='ltr'><strong>είς</strong></span> <span class='ocrx_word' id='word_1_670' title='bbox 1222 4359 1486 4431; x_wconf 78' lang='grc' dir='ltr'>ἐργασίαν</span> <span class='ocrx_word' id='word_1_671' title='bbox 1526 4355 1843 4428; x_wconf 83' lang='grc' dir='ltr'>ἀνθρώποις.</span> 
     </span>
    </p>
   </div>
   <div class='ocr_carea' id='block_1_89' title="bbox 1952 4353 3538 4436">
    <p class='ocr_par' dir='ltr' id='par_1_89' title="bbox 1961 4353 3538 4431">
     <span class='ocr_line' id='line_1_89' title="bbox 1961 4353 3538 4431; baseline 0.004 -22"><span class='ocrx_word' id='word_1_672' title='bbox 1961 4370 2177 4427; x_wconf 89' lang='lat' dir='ltr'><strong>quaque</strong></span> <span class='ocrx_word' id='word_1_673' title='bbox 2206 4356 2261 4411; x_wconf 91' lang='lat' dir='ltr'><strong>id</strong></span> <span class='ocrx_word' id='word_1_674' title='bbox 2310 4370 2482 4426; x_wconf 80' lang='lat' dir='ltr'><strong>genus</strong></span> <span class='ocrx_word' id='word_1_675' title='bbox 2521 4355 2797 4410; x_wconf 90' lang='lat' dir='ltr'><strong>convenit.</strong></span> <span class='ocrx_word' id='word_1_676' title='bbox 2847 4353 2922 4408; x_wconf 81' lang='lat' dir='ltr'><strong>Ex</strong></span> <span class='ocrx_word' id='word_1_677' title='bbox 2967 4355 3158 4431; x_wconf 82' lang='lat' dir='ltr'><strong>iisdem</strong></span> <span class='ocrx_word' id='word_1_678' title='bbox 3205 4359 3348 4413; x_wconf 88' lang='lat' dir='ltr'><strong>enim</strong></span> <span class='ocrx_word' id='word_1_679' title='bbox 3381 4359 3538 4415; x_wconf 89' lang='lat' dir='ltr'><strong>letale</strong></span> 
     </span>
    </p>
   </div>
   <div class='ocr_carea' id='block_1_90' title="bbox 274 4446 1852 4525">
    <p class='ocr_par' dir='ltr' id='par_1_90' title="bbox 274 4446 1852 4525">
     <span class='ocr_line' id='line_1_90' title="bbox 274 4446 1852 4525; baseline -0.006 -16"><span class='ocrx_word' id='word_1_680' title='bbox 274 4455 351 4519; x_wconf 84' lang='grc' dir='ltr'>ὡς</span> <span class='ocrx_word' id='word_1_681' title='bbox 378 4454 476 4509; x_wconf 83' lang='grc' dir='ltr'>καὶ</span> <span class='ocrx_word' id='word_1_682' title='bbox 502 4455 585 4516; x_wconf 84' lang='grc' dir='ltr'><strong>είς</strong></span> <span class='ocrx_word' id='word_1_683' title='bbox 617 4453 680 4525; x_wconf 59' lang='lat' dir='ltr'><strong>ab</strong></span> <span class='ocrx_word' id='word_1_684' title='bbox 704 4451 1034 4523; x_wconf 78' lang='grc' dir='ltr'>φωτίζεσθαί</span> <span class='ocrx_word' id='word_1_685' title='bbox 1076 4468 1135 4505; x_wconf 89' lang='grc' dir='ltr'><strong>τε</strong></span> <span class='ocrx_word' id='word_1_686' title='bbox 1172 4451 1268 4505; x_wconf 72' lang='grc' dir='ltr'>καὶ</span> <span class='ocrx_word' id='word_1_687' title='bbox 1296 4450 1450 4521; x_wconf 80' lang='grc' dir='ltr'>όρᾷν.</span> <span class='ocrx_word' id='word_1_688' title='bbox 1495 4446 1655 4501; x_wconf 78' lang='grc' dir='ltr'>Ἀλλά</span> <span class='ocrx_word' id='word_1_689' title='bbox 1689 4448 1784 4501; x_wconf 66' lang='grc' dir='ltr'><strong>κα)⁵</strong></span> <span class='ocrx_word' id='word_1_690' title='bbox 1819 4450 1852 4520; x_wconf 87' lang='grc' dir='ltr'><strong>ή</strong></span> 
     </span>
    </p>
   </div>
   <div class='ocr_carea' id='block_1_91' title="bbox 272 4541 1854 4619">
    <p class='ocr_par' dir='ltr' id='par_1_91' title="bbox 272 4541 1854 4619">
     <span class='ocr_line' id='line_1_91' title="bbox 272 4541 1854 4619; baseline -0.006 -17"><span class='ocrx_word' id='word_1_691' title='bbox 272 4547 372 4612; x_wconf 75' lang='grc' dir='ltr'><strong>νὺξ</strong></span> <span class='ocrx_word' id='word_1_692' title='bbox 393 4550 429 4618; x_wconf 87' lang='grc' dir='ltr'><strong>ή</strong></span> <span class='ocrx_word' id='word_1_693' title='bbox 457 4545 589 4619; x_wconf 83' lang='grc' dir='ltr'>παρ’</span> <span class='ocrx_word' id='word_1_694' title='bbox 614 4544 766 4617; x_wconf 87' lang='grc' dir='ltr'><strong>αὑτῷ</strong></span> <span class='ocrx_word' id='word_1_695' title='bbox 792 4544 1012 4615; x_wconf 85' lang='grc' dir='ltr'>ὀνόματι</span> <span class='ocrx_word' id='word_1_696' title='bbox 1044 4542 1405 4614; x_wconf 78' lang='grc' dir='ltr'>κακιζομένη,</span> <span class='ocrx_word' id='word_1_697' title='bbox 1435 4541 1738 4604; x_wconf 76' lang='grc' dir='ltr'>ἀνάπαυσις</span> <span class='ocrx_word' id='word_1_698' title='bbox 1770 4557 1854 4603; x_wconf 89' lang='grc' dir='ltr'><strong>τις</strong></span> 
     </span>
    </p>
   </div>
   <div class='ocr_carea' id='block_1_92' title="bbox 279 4628 1856 4708">
    <p class='ocr_par' dir='ltr' id='par_1_92' title="bbox 279 4628 1856 4708">
     <span class='ocr_line' id='line_1_92' title="bbox 279 4628 1856 4708; baseline -0.006 -17"><span class='ocrx_word' id='word_1_699' title='bbox 279 4637 594 4708; x_wconf 84' lang='grc' dir='ltr'>εὑρίσκεται</span> <span class='ocrx_word' id='word_1_700' title='bbox 624 4636 690 4689; x_wconf 87' lang='grc' dir='ltr'><strong>ἐκ</strong></span> <span class='ocrx_word' id='word_1_701' title='bbox 721 4632 859 4689; x_wconf 87' lang='grc' dir='ltr'>Θεοῦ</span> <span class='ocrx_word' id='word_1_702' title='bbox 892 4632 1201 4707; x_wconf 82' lang='grc' dir='ltr'>ἀνθρώποις</span> <span class='ocrx_word' id='word_1_703' title='bbox 1231 4632 1510 4701; x_wconf 84' lang='grc' dir='ltr'>γεγονυῖα.</span> <span class='ocrx_word' id='word_1_704' title='bbox 1539 4630 1649 4684; x_wconf 82' lang='grc' dir='ltr'><strong>Καὶ</strong></span> <span class='ocrx_word' id='word_1_705' title='bbox 1683 4628 1856 4697; x_wconf 77' lang='grc' dir='ltr'>οὑτως</span> 
     </span>
    </p>
   </div>
   <div class='ocr_carea' id='block_1_93' title="bbox 280 4719 1860 4797">
    <p class='ocr_par' dir='ltr' id='par_1_93' title="bbox 280 4719 1860 4797">
     <span class='ocr_line' id='line_1_93' title="bbox 280 4719 1860 4797; baseline -0.007 -14"><span class='ocrx_word' id='word_1_706' title='bbox 280 4730 338 4783; x_wconf 84' lang='grc' dir='ltr'><strong>τὺ</strong></span> <span class='ocrx_word' id='word_1_707' title='bbox 365 4729 488 4784; x_wconf 75' lang='grc' dir='ltr'>καθ’</span> <span class='ocrx_word' id='word_1_708' title='bbox 527 4728 587 4781; x_wconf 82' lang='grc' dir='ltr'><strong>ἐν</strong></span> <span class='ocrx_word' id='word_1_709' title='bbox 621 4726 827 4796; x_wconf 79' lang='grc' dir='ltr'>ἀγαθὸν</span> <span class='ocrx_word' id='word_1_710' title='bbox 855 4724 1098 4797; x_wconf 87' lang='grc' dir='ltr'>ὑπάρχον</span> <span class='ocrx_word' id='word_1_711' title='bbox 1146 4724 1481 4794; x_wconf 86' lang='grc' dir='ltr'>εὑρίσκεται,</span> <span class='ocrx_word' id='word_1_712' title='bbox 1529 4719 1623 4775; x_wconf 72' lang='grc' dir='ltr'>καὶ</span> <span class='ocrx_word' id='word_1_713' title='bbox 1663 4721 1738 4791; x_wconf 81' lang='grc' dir='ltr'>μὴ</span> <span class='ocrx_word' id='word_1_714' title='bbox 1768 4719 1860 4773; x_wconf 93' lang='grc' dir='ltr'>δυ-</span> 
     </span>
    </p>
   </div>
   <div class='ocr_carea' id='block_1_94' title="bbox 279 4812 1859 4891">
    <p class='ocr_par' dir='ltr' id='par_1_94' title="bbox 279 4812 1859 4891">
     <span class='ocr_line' id='line_1_94' title="bbox 279 4812 1859 4891; baseline -0.007 -16"><span class='ocrx_word' id='word_1_715' title='bbox 279 4820 511 4891; x_wconf 85' lang='grc' dir='ltr'>νάμενον</span> <span class='ocrx_word' id='word_1_716' title='bbox 565 4819 675 4873; x_wconf 79' lang='grc' dir='ltr'>ἀπὸ</span> <span class='ocrx_word' id='word_1_717' title='bbox 717 4816 829 4872; x_wconf 86' lang='grc' dir='ltr'><strong>τῶν</strong></span> <span class='ocrx_word' id='word_1_718' title='bbox 864 4818 921 4870; x_wconf 88' lang='grc' dir='ltr'><strong>ἐν</strong></span> <span class='ocrx_word' id='word_1_719' title='bbox 963 4816 1093 4887; x_wconf 83' lang='grc' dir='ltr'>ήμῖν</span> <span class='ocrx_word' id='word_1_720' title='bbox 1126 4814 1541 4887; x_wconf 85' lang='grc' dir='ltr'>ἁμαρτημάτων</span> <span class='ocrx_word' id='word_1_721' title='bbox 1587 4813 1649 4866; x_wconf 78' lang='grc' dir='ltr'>τὸ</span> <span class='ocrx_word' id='word_1_722' title='bbox 1689 4812 1859 4883; x_wconf 77' lang='grc' dir='ltr'>ὄνομα</span> 
     </span>
    </p>
   </div>
   <div class='ocr_carea' id='block_1_95' title="bbox 281 4904 1849 4983">
    <p class='ocr_par' dir='ltr' id='par_1_95' title="bbox 281 4904 1849 4983">
     <span class='ocr_line' id='line_1_95' title="bbox 281 4904 1849 4983; baseline -0.005 -17"><span class='ocrx_word' id='word_1_723' title='bbox 281 4913 445 4983; x_wconf 80' lang='grc' dir='ltr'>ἐχειν,</span> <span class='ocrx_word' id='word_1_724' title='bbox 474 4911 508 4982; x_wconf 72' lang='grc' dir='ltr'>ἢ</span> <span class='ocrx_word' id='word_1_725' title='bbox 536 4911 598 4966; x_wconf 80' lang='grc' dir='ltr'>τὸ</span> <span class='ocrx_word' id='word_1_726' title='bbox 631 4910 746 4964; x_wconf 72' lang='grc' dir='ltr'>ἴσον</span> <span class='ocrx_word' id='word_1_727' title='bbox 773 4906 868 4962; x_wconf 79' lang='grc' dir='ltr'><strong>τοῦ</strong></span> <span class='ocrx_word' id='word_1_728' title='bbox 892 4906 1066 4961; x_wconf 82' lang='grc' dir='ltr'>κακοῦ</span> <span class='ocrx_word' id='word_1_729' title='bbox 1096 4906 1195 4979; x_wconf 77' lang='grc' dir='ltr'>τὴν</span> <span class='ocrx_word' id='word_1_730' title='bbox 1227 4905 1551 4978; x_wconf 84' lang='grc' dir='ltr'>ὁμωνυμίαν</span> <span class='ocrx_word' id='word_1_731' title='bbox 1577 4904 1849 4977; x_wconf 87' lang='grc' dir='ltr'>εὑρίσκον.</span> 
     </span>
    </p>
   </div>
   <div class='ocr_carea' id='block_1_96' title="bbox 1966 4447 3541 4520">
    <p class='ocr_par' dir='ltr' id='par_1_96' title="bbox 1966 4447 3541 4520">
     <span class='ocr_line' id='line_1_96' title="bbox 1966 4447 3541 4520; baseline 0.001 -17"><span class='ocrx_word' id='word_1_732' title='bbox 1966 4448 2117 4504; x_wconf 85' lang='lat' dir='ltr'><strong>virus</strong></span> <span class='ocrx_word' id='word_1_733' title='bbox 2139 4489 2154 4511; x_wconf 88' lang='lat'><strong>,</strong></span> <span class='ocrx_word' id='word_1_734' title='bbox 2185 4457 2238 4503; x_wconf 91' lang='lat' dir='ltr'><strong>et</strong></span> <span class='ocrx_word' id='word_1_735' title='bbox 2271 4454 2460 4503; x_wconf 90' lang='lat' dir='ltr'><strong>contra</strong></span> <span class='ocrx_word' id='word_1_736' title='bbox 2508 4455 2736 4502; x_wconf 88' lang='lat' dir='ltr'><strong>mortem</strong></span> <span class='ocrx_word' id='word_1_737' title='bbox 2788 4447 3159 4518; x_wconf 84' lang='lat' dir='ltr'><strong>inﬂictamque</strong></span> <span class='ocrx_word' id='word_1_738' title='bbox 3196 4452 3262 4504; x_wconf 90' lang='lat' dir='ltr'><strong>ab</strong></span> <span class='ocrx_word' id='word_1_739' title='bbox 3305 4451 3438 4520; x_wconf 88' lang='lat' dir='ltr'><strong>ipsis</strong></span> <span class='ocrx_word' id='word_1_740' title='bbox 3470 4452 3541 4505; x_wconf 85' lang='lat' dir='ltr'><strong>la-</strong></span> 
     </span>
    </p>
   </div>
   <div class='ocr_carea' id='block_1_97' title="bbox 1968 4533 3539 4610">
    <p class='ocr_par' dir='ltr' id='par_1_97' title="bbox 1968 4533 3539 4610">
     <span class='ocr_line' id='line_1_97' title="bbox 1968 4533 3539 4610; baseline 0.004 -21"><span class='ocrx_word' id='word_1_741' title='bbox 1968 4535 2086 4589; x_wconf 78' lang='lat' dir='ltr'><strong>beui</strong></span> <span class='ocrx_word' id='word_1_742' title='bbox 2119 4533 2419 4591; x_wconf 89' lang='lat' dir='ltr'><strong>remedium</strong></span> <span class='ocrx_word' id='word_1_743' title='bbox 2468 4534 2539 4590; x_wconf 88' lang='lat' dir='ltr'><strong>ab</strong></span> <span class='ocrx_word' id='word_1_744' title='bbox 2569 4534 2636 4590; x_wconf 92' lang='lat' dir='ltr'><strong>iis</strong></span> <span class='ocrx_word' id='word_1_745' title='bbox 2663 4535 2754 4605; x_wconf 91' lang='lat' dir='ltr'><strong>qui</strong></span> <span class='ocrx_word' id='word_1_746' title='bbox 2803 4535 2917 4593; x_wconf 62' lang='lat' dir='ltr'><strong>laesi</strong></span> <span class='ocrx_word' id='word_1_747' title='bbox 2950 4545 3082 4592; x_wconf 89' lang='lat' dir='ltr'><strong>sunt</strong></span> <span class='ocrx_word' id='word_1_748' title='bbox 3112 4540 3408 4610; x_wconf 77' lang='lat' dir='ltr'><strong>colligitur.</strong></span> <span class='ocrx_word' id='word_1_749' title='bbox 3447 4541 3539 4595; x_wconf 89' lang='lat' dir='ltr'><strong>Sic</strong></span> 
     </span>
    </p>
   </div>
   <div class='ocr_carea' id='block_1_98' title="bbox 1967 4626 3541 4701">
    <p class='ocr_par' dir='ltr' id='par_1_98' title="bbox 1967 4626 3541 4701">
     <span class='ocr_line' id='line_1_98' title="bbox 1967 4626 3541 4701; baseline 0.004 -19"><span class='ocrx_word' id='word_1_750' title='bbox 1967 4627 2086 4683; x_wconf 89' lang='lat' dir='ltr'><strong>dies</strong></span> <span class='ocrx_word' id='word_1_751' title='bbox 2116 4628 2337 4699; x_wconf 87' lang='lat' dir='ltr'><strong>quidem</strong></span> <span class='ocrx_word' id='word_1_752' title='bbox 2367 4626 2625 4682; x_wconf 87' lang='lat' dir='ltr'><strong>humanis</strong></span> <span class='ocrx_word' id='word_1_753' title='bbox 2657 4636 2742 4684; x_wconf 89' lang='lat' dir='ltr'><strong>est</strong></span> <span class='ocrx_word' id='word_1_754' title='bbox 2776 4631 3093 4686; x_wconf 82' lang='lat' dir='ltr'><strong>exercendis</strong></span> <span class='ocrx_word' id='word_1_755' title='bbox 3125 4633 3379 4701; x_wconf 83' lang='lat' dir='ltr'><strong>operibus</strong></span> <span class='ocrx_word' id='word_1_756' title='bbox 3417 4648 3541 4689; x_wconf 88' lang='lat' dir='ltr'><strong>con-</strong></span> 
     </span>
    </p>
   </div>
   <div class='ocr_carea' id='block_1_99' title="bbox 1969 4718 3542 4787">
    <p class='ocr_par' dir='ltr' id='par_1_99' title="bbox 1969 4718 3542 4787">
     <span class='ocr_line' id='line_1_99' title="bbox 1969 4718 3542 4787; baseline 0.003 -11"><span class='ocrx_word' id='word_1_757' title='bbox 1969 4720 2185 4787; x_wconf 90' lang='lat' dir='ltr'><strong>stituta,</strong></span> <span class='ocrx_word' id='word_1_758' title='bbox 2211 4718 2368 4787; x_wconf 89' lang='lat' dir='ltr'><strong>cujus</strong></span> <span class='ocrx_word' id='word_1_759' title='bbox 2392 4719 2655 4777; x_wconf 79' lang='lat' dir='ltr'><strong>beneflcio</strong></span> <span class='ocrx_word' id='word_1_760' title='bbox 2693 4720 3104 4787; x_wconf 88' lang='lat' dir='ltr'><strong>collustrantur,</strong></span> <span class='ocrx_word' id='word_1_761' title='bbox 3141 4740 3204 4777; x_wconf 88' lang='lat' dir='ltr'><strong>ac</strong></span> <span class='ocrx_word' id='word_1_762' title='bbox 3224 4724 3542 4780; x_wconf 90' lang='lat' dir='ltr'><strong>discernunt</strong></span> 
     </span>
    </p>
   </div>
   <div class='ocr_carea' id='block_1_100' title="bbox 1968 4809 3542 4885">
    <p class='ocr_par' dir='ltr' id='par_1_100' title="bbox 1968 4809 3542 4885">
     <span class='ocr_line' id='line_1_100' title="bbox 1968 4809 3542 4885; baseline 0.003 -17"><span class='ocrx_word' id='word_1_763' title='bbox 1968 4812 2183 4872; x_wconf 71' lang='lat' dir='ltr'><strong>omnia:</strong></span> <span class='ocrx_word' id='word_1_764' title='bbox 2206 4809 2312 4868; x_wconf 87' lang='lat' dir='ltr'><strong>Sed</strong></span> <span class='ocrx_word' id='word_1_765' title='bbox 2333 4820 2389 4868; x_wconf 87' lang='lat' dir='ltr'><strong>et</strong></span> <span class='ocrx_word' id='word_1_766' title='bbox 2420 4828 2557 4879; x_wconf 84' lang='lat' dir='ltr'><strong>nox,</strong></span> <span class='ocrx_word' id='word_1_767' title='bbox 2590 4814 2679 4868; x_wconf 90' lang='lat' dir='ltr'><strong>cui</strong></span> <span class='ocrx_word' id='word_1_768' title='bbox 2712 4814 3037 4885; x_wconf 89' lang='lat' dir='ltr'><strong>probrosum</strong></span> <span class='ocrx_word' id='word_1_769' title='bbox 3073 4816 3203 4869; x_wconf 89' lang='lat' dir='ltr'><strong>illud</strong></span> <span class='ocrx_word' id='word_1_770' title='bbox 3240 4833 3434 4872; x_wconf 91' lang='lat' dir='ltr'><strong>nomen</strong></span> <span class='ocrx_word' id='word_1_771' title='bbox 3463 4826 3542 4872; x_wconf 84' lang='lat' dir='ltr'><strong>at-</strong></span> 
     </span>
    </p>
   </div>
   <div class='ocr_carea' id='block_1_101' title="bbox 1965 4904 3536 4977">
    <p class='ocr_par' dir='ltr' id='par_1_101' title="bbox 1965 4904 3536 4977">
     <span class='ocr_line' id='line_1_101' title="bbox 1965 4904 3536 4977; baseline 0.002 -17"><span class='ocrx_word' id='word_1_772' title='bbox 1965 4905 2179 4971; x_wconf 89' lang='lat' dir='ltr'><strong>tribuit,</strong></span> <span class='ocrx_word' id='word_1_773' title='bbox 2214 4904 2283 4958; x_wconf 87' lang='lat' dir='ltr'><strong>ad</strong></span> <span class='ocrx_word' id='word_1_774' title='bbox 2311 4904 2592 4960; x_wconf 89' lang='lat' dir='ltr'><strong>hominum</strong></span> <span class='ocrx_word' id='word_1_775' title='bbox 2623 4906 2860 4977; x_wconf 90' lang='lat' dir='ltr'><strong>quietem</strong></span> <span class='ocrx_word' id='word_1_776' title='bbox 2899 4915 2984 4961; x_wconf 86' lang='lat' dir='ltr'><strong>est</strong></span> <span class='ocrx_word' id='word_1_777' title='bbox 3029 4922 3058 4960; x_wconf 89' lang='lat' dir='ltr'><strong>a</strong></span> <span class='ocrx_word' id='word_1_778' title='bbox 3097 4906 3206 4961; x_wconf 88' lang='lat' dir='ltr'><strong>Deo</strong></span> <span class='ocrx_word' id='word_1_779' title='bbox 3253 4923 3536 4965; x_wconf 85' lang='lat' dir='ltr'><strong>concessa.</strong></span> 
     </span>
    </p>
   </div>
   <div class='ocr_carea' id='block_1_102' title="bbox 282 4999 3543 5074">
    <p class='ocr_par' dir='ltr' id='par_1_102' title="bbox 282 4999 3543 5074">
     <span class='ocr_line' id='line_1_102' title="bbox 282 4999 3543 5074; baseline -0.001 -17"><span class='ocrx_word' id='word_1_780' title='bbox 282 5006 459 5074; x_wconf 79' lang='lat' dir='ltr'><strong>Atque</strong></span> <span class='ocrx_word' id='word_1_781' title='bbox 482 5003 559 5058; x_wconf 90' lang='lat' dir='ltr'><strong>ita</strong></span> <span class='ocrx_word' id='word_1_782' title='bbox 589 5001 890 5074; x_wconf 89' lang='lat' dir='ltr'><strong>quamlibet</strong></span> <span class='ocrx_word' id='word_1_783' title='bbox 946 5014 1131 5056; x_wconf 87' lang='lat' dir='ltr'><strong>rerum</strong></span> <span class='ocrx_word' id='word_1_784' title='bbox 1155 5000 1403 5056; x_wconf 91' lang='lat' dir='ltr'><strong>omnium</strong></span> <span class='ocrx_word' id='word_1_785' title='bbox 1440 4999 1640 5055; x_wconf 90' lang='lat' dir='ltr'><strong>bonam</strong></span> <span class='ocrx_word' id='word_1_786' title='bbox 1706 5014 1829 5055; x_wconf 89' lang='lat' dir='ltr'><strong>esse</strong></span> <span class='ocrx_word' id='word_1_787' title='bbox 1866 5000 2227 5071; x_wconf 88' lang='lat' dir='ltr'><strong>reperiemus,</strong></span> <span class='ocrx_word' id='word_1_788' title='bbox 2274 5013 2451 5071; x_wconf 90' lang='lat' dir='ltr'><strong>neque</strong></span> <span class='ocrx_word' id='word_1_789' title='bbox 2496 5016 2525 5054; x_wconf 91' lang='lat' dir='ltr'><strong>a</strong></span> <span class='ocrx_word' id='word_1_790' title='bbox 2573 5002 2814 5071; x_wconf 89' lang='lat' dir='ltr'><strong>peccatis</strong></span> <span class='ocrx_word' id='word_1_791' title='bbox 2861 5001 3066 5057; x_wconf 82' lang='lat' dir='ltr'><strong>nostris</strong></span> <span class='ocrx_word' id='word_1_792' title='bbox 3110 5016 3231 5058; x_wconf 84' lang='lat' dir='ltr'><strong>esse</strong></span> <span class='ocrx_word' id='word_1_793' title='bbox 3297 5002 3543 5056; x_wconf 86' lang='lat' dir='ltr'><strong>denomi-</strong></span> 
     </span>
    </p>
   </div>
   <div class='ocr_carea' id='block_1_103' title="bbox 283 5094 1991 5167">
    <p class='ocr_par' dir='ltr' id='par_1_103' title="bbox 283 5094 1991 5167">
     <span class='ocr_line' id='line_1_103' title="bbox 283 5094 1991 5167; baseline -0.004 -11"><span class='ocrx_word' id='word_1_794' title='bbox 283 5100 541 5162; x_wconf 86' lang='lat' dir='ltr'><strong>nandam,</strong></span> <span class='ocrx_word' id='word_1_795' title='bbox 578 5105 675 5153; x_wconf 91' lang='lat' dir='ltr'><strong>aut</strong></span> <span class='ocrx_word' id='word_1_796' title='bbox 702 5097 893 5153; x_wconf 88' lang='lat' dir='ltr'><strong>eadem</strong></span> <span class='ocrx_word' id='word_1_797' title='bbox 922 5110 1046 5151; x_wconf 92' lang='lat' dir='ltr'><strong>cum</strong></span> <span class='ocrx_word' id='word_1_798' title='bbox 1074 5095 1221 5150; x_wconf 87' lang='lat' dir='ltr'><strong>malo</strong></span> <span class='ocrx_word' id='word_1_799' title='bbox 1246 5095 1613 5167; x_wconf 88' lang='lat' dir='ltr'><strong>appellatione</strong></span> <span class='ocrx_word' id='word_1_800' title='bbox 1638 5094 1991 5149; x_wconf 71' lang='lat' dir='ltr'><strong>censendam.’</strong></span> 
     </span>
    </p>
   </div>
   <div class='ocr_carea' id='block_1_104' title="bbox 353 5188 1859 5263">
    <p class='ocr_par' dir='ltr' id='par_1_104' title="bbox 353 5188 1859 5263">
     <span class='ocr_line' id='line_1_104' title="bbox 353 5188 1859 5263; baseline -0.004 -15"><span class='ocrx_word' id='word_1_801' title='bbox 353 5195 462 5248; x_wconf 79' lang='lat' dir='ltr'><strong>lH&#39;.</strong></span> <span class='ocrx_word' id='word_1_802' title='bbox 499 5194 687 5248; x_wconf 86' lang='grc' dir='ltr'>Πάντα</span> <span class='ocrx_word' id='word_1_803' title='bbox 714 5191 823 5263; x_wconf 90' lang='grc' dir='ltr'><strong>γάρ</strong></span> <span class='ocrx_word' id='word_1_804' title='bbox 857 5189 999 5244; x_wconf 87' lang='grc' dir='ltr'><strong>καλά</strong></span> <span class='ocrx_word' id='word_1_805' title='bbox 1023 5189 1115 5244; x_wconf 76' lang='grc' dir='ltr'>καὶ</span> <span class='ocrx_word' id='word_1_806' title='bbox 1141 5188 1292 5261; x_wconf 80' lang='grc' dir='ltr'>ήδέα,</span> <span class='ocrx_word' id='word_1_807' title='bbox 1318 5190 1414 5243; x_wconf 72' lang='grc' dir='ltr'>καὶ</span> <span class='ocrx_word' id='word_1_808' title='bbox 1441 5189 1593 5243; x_wconf 75' lang='grc' dir='ltr'>οὐδὲν</span> <span class='ocrx_word' id='word_1_809' title='bbox 1617 5188 1859 5259; x_wconf 73' lang='grc' dir='ltr'>ἀπόϐλη-</span> 
     </span>
    </p>
   </div>
   <div class='ocr_carea' id='block_1_105' title="bbox 2039 5185 3539 5268">
    <p class='ocr_par' dir='ltr' id='par_1_105' title="bbox 2039 5185 3539 5268">
     <span class='ocr_line' id='line_1_105' title="bbox 2039 5185 3539 5268; baseline 0.003 -26"><span class='ocrx_word' id='word_1_810' title='bbox 2039 5185 2227 5266; x_wconf 68' lang='grc' dir='ltr'><strong>ΧἮΙΙ.</strong></span> <span class='ocrx_word' id='word_1_811' title='bbox 2290 5185 2430 5243; x_wconf 89' lang='lat' dir='ltr'><strong>Sunt</strong></span> <span class='ocrx_word' id='word_1_812' title='bbox 2490 5189 2634 5244; x_wconf 89' lang='lat' dir='ltr'><strong>enim</strong></span> <span class='ocrx_word' id='word_1_813' title='bbox 2688 5190 2830 5259; x_wconf 83' lang='lat' dir='ltr'><strong>bona</strong></span> <span class='ocrx_word' id='word_1_814' title='bbox 2892 5202 2957 5268; x_wconf 87' lang='lat' dir='ltr'><strong>ac</strong></span> <span class='ocrx_word' id='word_1_815' title='bbox 3012 5186 3254 5256; x_wconf 92' lang='lat' dir='ltr'><strong>jucunda</strong></span> <span class='ocrx_word' id='word_1_816' title='bbox 3309 5203 3539 5259; x_wconf 90' lang='lat' dir='ltr'><strong>prorsus</strong></span> 
     </span>
    </p>
   </div>
   <div class='ocr_carea' id='block_1_106' title="bbox 290 5267 1843 5356">
    <p class='ocr_par' dir='ltr' id='par_1_106' title="bbox 290 5280 1843 5356">
     <span class='ocr_line' id='line_1_106' title="bbox 290 5280 1843 5356; baseline -0.003 -16"><span class='ocrx_word' id='word_1_817' title='bbox 290 5302 399 5351; x_wconf 83' lang='grc' dir='ltr'>τον,</span> <span class='ocrx_word' id='word_1_818' title='bbox 434 5283 545 5356; x_wconf 81' lang='grc' dir='ltr'>τῷ.</span> <span class='ocrx_word' id='word_1_819' title='bbox 586 5282 696 5339; x_wconf 77' lang='lat' dir='ltr'><strong>Kal</strong></span> <span class='ocrx_word' id='word_1_820' title='bbox 730 5281 882 5348; x_wconf 79' lang='grc' dir='ltr'>ίδοὺ,</span> <span class='ocrx_word' id='word_1_821' title='bbox 916 5280 1072 5351; x_wconf 75' lang='grc' dir='ltr'>φησὶ,</span> <span class='ocrx_word' id='word_1_822' title='bbox 1124 5281 1320 5337; x_wconf 74' lang='grc' dir='ltr'>πάντα</span> <span class='ocrx_word' id='word_1_823' title='bbox 1366 5282 1521 5337; x_wconf 73' lang='grc' dir='ltr'>καλὰ</span> <span class='ocrx_word' id='word_1_824' title='bbox 1557 5282 1726 5336; x_wconf 76' lang='grc' dir='ltr'>λίαν·</span> <span class='ocrx_word' id='word_1_825' title='bbox 1772 5283 1843 5335; x_wconf 82' lang='grc' dir='ltr'><strong>κα</strong></span> 
     </span>
    </p>
   </div>
   <div class='ocr_carea' id='block_1_107' title="bbox 1952 5267 3577 5356">
    <p class='ocr_par' dir='ltr' id='par_1_107' title="bbox 1970 5267 3577 5351">
     <span class='ocr_line' id='line_1_107' title="bbox 1970 5267 3577 5351; baseline -0.001 -15"><span class='ocrx_word' id='word_1_826' title='bbox 1970 5267 2177 5344; x_wconf 84' lang='lat' dir='ltr'><strong>omnia,</strong></span> <span class='ocrx_word' id='word_1_827' title='bbox 2207 5293 2387 5350; x_wconf 87' lang='lat' dir='ltr'><strong>neque</strong></span> <span class='ocrx_word' id='word_1_828' title='bbox 2415 5279 2711 5351; x_wconf 90' lang='lat' dir='ltr'><strong>quidquam</strong></span> <span class='ocrx_word' id='word_1_829' title='bbox 2743 5286 2858 5343; x_wconf 88' lang='lat' dir='ltr'><strong>est,</strong></span> <span class='ocrx_word' id='word_1_830' title='bbox 2891 5277 3036 5348; x_wconf 90' lang='lat' dir='ltr'><strong>quod</strong></span> <span class='ocrx_word' id='word_1_831' title='bbox 3068 5277 3426 5349; x_wconf 88' lang='lat' dir='ltr'><strong>rejiciendum</strong></span> <span class='ocrx_word' id='word_1_832' title='bbox 3457 5280 3539 5335; x_wconf 87' lang='lat' dir='ltr'><strong>vi-</strong></span> <span class='ocrx_word' id='word_1_833' title='bbox 3570 5298 3577 5303; x_wconf 90' lang='grc'>·</span> 
     </span>
    </p>
   </div>
   <div class='ocr_carea' id='block_1_108' title="bbox 291 5367 1843 5446">
    <p class='ocr_par' dir='ltr' id='par_1_108' title="bbox 291 5371 1843 5446">
     <span class='ocr_line' id='line_1_108' title="bbox 291 5371 1843 5446; baseline -0.004 -19"><span class='ocrx_word' id='word_1_834' title='bbox 291 5373 529 5446; x_wconf 74' lang='grc' dir='ltr'>οὐδαμοῦ</span> <span class='ocrx_word' id='word_1_835' title='bbox 565 5373 764 5437; x_wconf 86' lang='grc' dir='ltr'>κακίας</span> <span class='ocrx_word' id='word_1_836' title='bbox 803 5372 921 5426; x_wconf 78' lang='grc' dir='ltr'>ἐστὶ</span> <span class='ocrx_word' id='word_1_837' title='bbox 960 5372 1107 5445; x_wconf 75' lang='grc' dir='ltr'>ῥίζα.</span> <span class='ocrx_word' id='word_1_838' title='bbox 1149 5371 1351 5426; x_wconf 89' lang='grc' dir='ltr'>Τούτου</span> <span class='ocrx_word' id='word_1_839' title='bbox 1382 5371 1491 5445; x_wconf 83' lang='grc' dir='ltr'>γὰρ</span> <span class='ocrx_word' id='word_1_840' title='bbox 1518 5371 1676 5445; x_wconf 82' lang='grc' dir='ltr'>χάριν</span> <span class='ocrx_word' id='word_1_841' title='bbox 1703 5372 1800 5426; x_wconf 75' lang='grc' dir='ltr'>καὶ</span> <span class='ocrx_word' id='word_1_842' title='bbox 1835 5391 1843 5421; x_wconf 77' lang='grc' dir='ltr'><strong>ι</strong></span> 
     </span>
    </p>
   </div>
   <div class='ocr_carea' id='block_1_109' title="bbox 1952 5367 3535 5446">
    <p class='ocr_par' dir='ltr' id='par_1_109' title="bbox 1973 5367 3535 5442">
     <span class='ocr_line' id='line_1_109' title="bbox 1973 5367 3535 5442; baseline 0.001 -19"><span class='ocrx_word' id='word_1_843' title='bbox 1973 5367 2185 5424; x_wconf 89' lang='lat' dir='ltr'><strong>deatur.</strong></span> <span class='ocrx_word' id='word_1_844' title='bbox 2204 5369 2360 5435; x_wconf 80' lang='lat' dir='ltr'><strong>Quod</strong></span> <span class='ocrx_word' id='word_1_845' title='bbox 2383 5385 2450 5425; x_wconf 85' lang='lat' dir='ltr'><strong>ex</strong></span> <span class='ocrx_word' id='word_1_846' title='bbox 2473 5369 2558 5425; x_wconf 86' lang='lat' dir='ltr'><strong>bis</strong></span> <span class='ocrx_word' id='word_1_847' title='bbox 2580 5368 2759 5424; x_wconf 87' lang='lat' dir='ltr'><strong>verbis</strong></span> <span class='ocrx_word' id='word_1_848' title='bbox 2783 5376 3010 5441; x_wconf 88' lang='lat' dir='ltr'><strong>apparet</strong></span> <span class='ocrx_word' id='word_1_849' title='bbox 3039 5390 3051 5424; x_wconf 92' lang='lat'>:</span> <span class='ocrx_word' id='word_1_850' title='bbox 3085 5367 3155 5423; x_wconf 83' lang='lat' dir='ltr'><strong>Et</strong></span> <span class='ocrx_word' id='word_1_851' title='bbox 3175 5387 3309 5436; x_wconf 86' lang='lat' dir='ltr'><strong>ecce,</strong></span> <span class='ocrx_word' id='word_1_852' title='bbox 3335 5370 3535 5442; x_wconf 88' lang='lat' dir='ltr'><strong>inquit.</strong></span> 
     </span>
    </p>
   </div>
   <div class='ocr_carea' id='block_1_110' title="bbox 294 5461 1843 5539">
    <p class='ocr_par' dir='ltr' id='par_1_110' title="bbox 294 5464 1843 5539">
     <span class='ocr_line' id='line_1_110' title="bbox 294 5464 1843 5539; baseline -0.006 -14"><span class='ocrx_word' id='word_1_853' title='bbox 294 5467 443 5533; x_wconf 72' lang='grc' dir='ltr'>Θεὸς,</span> <span class='ocrx_word' id='word_1_854' title='bbox 464 5466 525 5535; x_wconf 80' lang='grc' dir='ltr'>ἐξ</span> <span class='ocrx_word' id='word_1_855' title='bbox 553 5466 807 5539; x_wconf 84' lang='grc' dir='ltr'>ὑπαρχῆς</span> <span class='ocrx_word' id='word_1_856' title='bbox 836 5464 1033 5532; x_wconf 75' lang='grc' dir='ltr'>κτίζων</span> <span class='ocrx_word' id='word_1_857' title='bbox 1059 5466 1152 5519; x_wconf 85' lang='grc' dir='ltr'>τὸν</span> <span class='ocrx_word' id='word_1_858' title='bbox 1177 5465 1352 5520; x_wconf 89' lang='grc' dir='ltr'>πάντα</span> <span class='ocrx_word' id='word_1_859' title='bbox 1375 5465 1580 5536; x_wconf 88' lang='grc' dir='ltr'>κόσμον</span> <span class='ocrx_word' id='word_1_860' title='bbox 1604 5466 1670 5537; x_wconf 81' lang='grc' dir='ltr'>τῇ</span> <span class='ocrx_word' id='word_1_861' title='bbox 1699 5464 1843 5518; x_wconf 75' lang='grc' dir='ltr'>αὑτοὲ</span> 
     </span>
    </p>
   </div>
   <div class='ocr_carea' id='block_1_111' title="bbox 1952 5461 3543 5539">
    <p class='ocr_par' dir='ltr' id='par_1_111' title="bbox 1976 5461 3543 5535">
     <span class='ocr_line' id='line_1_111' title="bbox 1976 5461 3543 5535; baseline -0.001 -18"><span class='ocrx_word' id='word_1_862' title='bbox 1976 5464 2155 5517; x_wconf 85' lang='lat' dir='ltr'><strong>omnia</strong></span> <span class='ocrx_word' id='word_1_863' title='bbox 2184 5463 2334 5519; x_wconf 83' lang='lat' dir='ltr'><strong>valde</strong></span> <span class='ocrx_word' id='word_1_864' title='bbox 2365 5462 2500 5518; x_wconf 88' lang='lat' dir='ltr'><strong>bona</strong></span> <span class='ocrx_word' id='word_1_865' title='bbox 2524 5463 2547 5496; x_wconf 84' lang='grc'>⁸</span> <span class='ocrx_word' id='word_1_866' title='bbox 2576 5481 2588 5518; x_wconf 92' lang='lat'><strong>:</strong></span> <span class='ocrx_word' id='word_1_867' title='bbox 2633 5478 2901 5535; x_wconf 90' lang='lat' dir='ltr'><strong>nusquam</strong></span> <span class='ocrx_word' id='word_1_868' title='bbox 2932 5470 2991 5519; x_wconf 91' lang='lat' dir='ltr'><strong>ut</strong></span> <span class='ocrx_word' id='word_1_869' title='bbox 3009 5461 3231 5519; x_wconf 73' lang='lat' dir='ltr'><strong>malitia:</strong></span> <span class='ocrx_word' id='word_1_870' title='bbox 3252 5462 3409 5520; x_wconf 82' lang='lat' dir='ltr'><strong>radix</strong></span> <span class='ocrx_word' id='word_1_871' title='bbox 3433 5461 3543 5517; x_wconf 89' lang='lat' dir='ltr'><strong>ulla</strong></span> 
     </span>
    </p>
   </div>
   <div class='ocr_carea' id='block_1_112' title="bbox 360 5587 1843 5696">
    <p class='ocr_par' dir='ltr' id='par_1_112' title="bbox 360 5587 1843 5696">
     <span class='ocr_line' id='line_1_112' title="bbox 360 5587 1843 5696; baseline -0.003 -18"><span class='ocrx_word' id='word_1_872' title='bbox 360 5622 453 5678; x_wconf 73' lang='grc'><strong>⁸1³⁵</strong></span> <span class='ocrx_word' id='word_1_873' title='bbox 509 5623 835 5696; x_wconf 78' lang='grc' dir='ltr'>ίσορῤεπως.</span> <span class='ocrx_word' id='word_1_874' title='bbox 910 5624 930 5656; x_wconf 88' lang='grc'>¹</span> <span class='ocrx_word' id='word_1_875' title='bbox 969 5621 1096 5679; x_wconf 86' lang='lat' dir='ltr'><strong>Cor.</strong></span> <span class='ocrx_word' id='word_1_876' title='bbox 1150 5621 1283 5693; x_wconf 79' lang='grc' dir='ltr'>ζωῇ.</span> <span class='ocrx_word' id='word_1_877' title='bbox 1359 5620 1466 5677; x_wconf 75' lang='lat' dir='ltr'><strong>&#39;F.</strong></span> <span class='ocrx_word' id='word_1_878' title='bbox 1507 5587 1706 5685; x_wconf 76' lang='grc' dir='ltr'>αὑτοῖς.</span> <span class='ocrx_word' id='word_1_879' title='bbox 1768 5617 1843 5674; x_wconf 69' lang='lat'><strong>‘1‘</strong></span> 
     </span>
    </p>
   </div>
   <div class='ocr_carea' id='block_1_113' title="bbox 1952 5587 2559 5696">
    <p class='ocr_par' dir='ltr' id='par_1_113' title="bbox 1952 5615 2559 5691">
     <span class='ocr_line' id='line_1_113' title="bbox 1952 5615 2559 5691; baseline 0.002 -21"><span class='ocrx_word' id='word_1_880' title='bbox 1952 5617 2109 5691; x_wconf 80' lang='grc' dir='ltr'>μέρα.</span> <span class='ocrx_word' id='word_1_881' title='bbox 2186 5618 2207 5650; x_wconf 81' lang='grc'>⁸</span> <span class='ocrx_word' id='word_1_882' title='bbox 2240 5615 2373 5672; x_wconf 86' lang='lat' dir='ltr'><strong>Gen.</strong></span> <span class='ocrx_word' id='word_1_883' title='bbox 2407 5630 2447 5683; x_wconf 87' lang='grc' dir='ltr'><strong>ι,</strong></span> <span class='ocrx_word' id='word_1_884' title='bbox 2471 5616 2559 5671; x_wconf 73' lang='grc'><strong>51.</strong></span> 
     </span>
    </p>
   </div>
  </div>
