3850 6204
350 173 423 231 55
1748 167 1807 223 S.
1849 165 2187 223 EPIPHANII
3546 176 3615 230 bit

350 294 631 347 cernatur.
660 284 827 360 635
858 258 1393 357 Etenim‘propterea
1436 282 1577 337 Deus
1616 299 1738 337 cum
1775 282 1919 338 initio

2033 282 2353 351 ἀγαθότητι,
2397 279 2523 334 καθ’
2554 280 2786 336 ἕκαστον
2828 281 2936 335 τῶν
2984 283 3299 353 κτισμάτων
3338 284 3402 337 τὸ
3452 287 3608 343 καλὸν

349 380 614 435 mundum
643 395 744 451 pro
773 394 872 436 sua
904 380 1146 435 bonitate
1171 378 1486 438 fabricaret,
1511 376 1576 431 de
1608 390 1931 446 unaquaque

348 481 658 527 creatarum
685 487 715 526 a
746 486 805 528 se
835 486 1018 526 rerum
1044 471 1243 527 bonam
1274 484 1396 526 esse
1420 469 1833 539 pronuntiavit:
1860 467 1930 521 Et

348 563 501 625 cidit,
539 562 756 633 inquit,
797 563 938 618 Deus
977 562 1115 633 quod
1149 572 1281 617 esset
1309 563 1501 616 bonum
1524 563 1561 624 ¹,
1597 571 1656 614 ut
1684 570 1739 615 et
1769 561 1837 616 de
1860 560 1928 614 il-

347 654 527 709 larum
570 656 816 711 bonitate
847 655 1225 711 testimonium
1273 655 1459 721 ferret,
1493 662 1546 709 et
1581 653 1805 707 humani
1836 668 1929 724 ge-

345 747 495 801 neris
528 746 877 801 inimicorum
918 747 1275 802 calliditatem
1309 744 1658 808 excluderet,
1694 744 1787 816 qui
1834 760 1928 799 ne-

348 835 634 905 quissimis
669 833 870 891 fabulis
914 835 1199 890 veritatem
1228 850 1294 889 ex
1326 834 1641 889 hominibus
1682 833 1928 889 funditus

344 928 698 998 exstinguere
727 936 1015 982 conantur.
1065 926 1248 982 Primo
1282 926 1550 996 siquidem
1587 927 1676 981 die
1724 928 1925 982 coelum

345 1036 409 1075 ac
460 1031 659 1075 terram
685 1061 700 1084 ,
734 1020 1024 1089 lucemque
1059 1033 1182 1074 cum
1224 1017 1509 1083 omnibus,
1541 1034 1662 1088 qua:
1687 1021 1739 1071 in
1782 1027 1925 1073 terra

343 1121 505 1179 sunt,
537 1113 799 1169 condidit.
849 1112 916 1167 Et
955 1114 1082 1167 vidit
1108 1152 1123 1176 ,
1160 1120 1210 1165 et
1261 1127 1376 1166 ecce
1408 1110 1632 1175 bonum,
1668 1110 1743 1164 ait
1778 1111 1927 1165 Scri-

341 1213 520 1273 ptura.
564 1203 888 1260 Utrumnam
935 1218 1065 1257 vero
1121 1202 1325 1256 bonum
1376 1216 1435 1257 se
1486 1201 1758 1255 facturum
1803 1218 1926 1257 esse

341 1294 648 1358 neScicbat,
698 1309 764 1350 eo
789 1292 957 1364 quod,
996 1308 1159 1363 opere
1212 1292 1448 1364 denique
1485 1292 1763 1363 perfecto,
1812 1310 1927 1347 ecce

342 1384 535 1440 bonum
578 1385 786 1441 dixisse
824 1386 1057 1456 legitur?
1104 1384 1277 1451 Quam
1309 1400 1501 1440 vocem
1551 1385 1811 1455 deinceps
1858 1387 1925 1441 de

345 1476 507 1547 aquis
529 1518 543 1539 ,
592 1477 659 1532 de
689 1477 827 1531 mari
856 1518 870 1541 ,
900 1476 968 1531 de
994 1477 1332 1547 germinibus
1352 1518 1367 1544 ,
1401 1476 1469 1530 de
1503 1476 1823 1541 arboribus,
1857 1477 1924 1531 de

340 1569 466 1625 caeli
499 1561 792 1636 sideribus,
828 1567 897 1624 de
926 1568 1251 1639 pecudibus,
1285 1569 1461 1639 deque
1505 1570 1719 1632 avibus,
1757 1570 1923 1638 repti-

2033 374 2302 444 ὲπέφερε,
2365 372 2565 441 λέγων·
2602 372 2712 427 Kal
2749 368 2911 427 εἶδεν
2953 375 2987 427 ό
3036 375 3213 440 Θεὸς,
3260 374 3351 428 ὅτι
3393 381 3602 433 καλόν

2031 465 2181 529 ὅπως
2203 465 2282 535 τῷ
2316 464 2467 535 καλῷ
2516 467 2863 539 μαρτυρήσῃ,
2909 465 3003 519 καὶ
3034 466 3212 520 ἀνέλοι
3236 468 3337 539 τὴν
3369 470 3479 523 τῶν
3508 472 3610 526 ἐπι-

2032 556 2240 611 δούλων
2285 557 2386 627 τῆς
2414 557 2765 627 ἀνθρωπείας
2799 556 3015 627 φύσεως
3046 557 3350 631 δεινότητα,
3389 561 3503 616 τῶν
3530 563 3610 617 διὰ

2033 649 2221 719 μύθων
2260 649 2515 720 πονηρῶν
2550 648 2957 721 ὲπινοησάντων
2988 651 3247 721 ἀφανίσαι
3281 654 3346 706 ἐκ
3376 654 3487 707 τῶν
3520 657 3601 709 ἀνι

2032 741 2267 813 θρὼπων
2300 742 2400 814 τὴν
2432 742 2725 814 -ἀλήθειαν,
2780 744 3035 815 Ἐποίησε
3082 744 3190 818 7&9
3228 746 3321 800 τὸν
3360 747 3607 819 οὐρανὸν,

2031 836 2124 889 καὶ
2164 836 2265 907 τὴν
2309 836 2435 906 γῆν,
2470 836 2562 890 καὶ
2594 836 2654 889 τὸ
2697 837 2836 905 φῶς,
2877 839 2972 892 καὶ
3014 837 3084 891 τὰ
3124 840 3183 893 ἐν
3230 842 3297 911 τῇ
3332 844 3404 913 γῇ
3458 844 3519 895 ὲν
3549 847 3608 915 τῇ

2029 927 2222 1001 πρώτῃ
2257 929 2460 999 ἡμέρᾳ.
2506 928 2610 985 Kal
2633 924 2776 991 εἶδε,
2810 929 2909 983 καὶ
2940 929 3069 984 ἰδοὺ
3117 932 3332 995 καλὸν,
3373 934 3542 1004 φησὶν
3570 937 3609 1007 ἡν

2028 1019 2241 1091 Γραφή.
2283 1022 2425 1092 Ἀρα
2468 1020 2580 1092 γὰρ
2620 1020 2720 1073 οὐκ
2758 1020 2900 1093 ᾔδει,
2939 1021 3021 1075 ὅτι
3063 1022 3228 1076 καλὸν
3257 1024 3494 1093 ἧμελλεν
3525 1027 3610 1097 έρ-

2028 1109 2314 1179 γάζεσθαι,
2353 1112 2434 1165 ὅτι
2464 1112 2603 1180 μετὰ
2628 1112 2688 1165 τὸ
2713 1112 2966 1181 γενέσθαι
2996 1112 3163 1181 λέγει,
3205 1113 3361 1169 Ἰδοὺ
3392 1118 3610 1183 καλόη

2029 1202 2141 1257 Καὶ
2162 1202 2304 1256 οὕτω
2326 1202 2561 1273 καθεξῆς
2582 1204 2675 1256 ἐπὶ
2695 1206 2807 1268 τοῖς
2836 1203 3042 1269 ὕδασιν,
3071 1204 3163 1257 ἐπὶ
3188 1204 3287 1275 τῆς
3312 1206 3607 1277 θαλάσσης,

2030 1298 2123 1349 ἐπὶ
2148 1296 2257 1349 τῶν
2291 1295 2708 1367 βλαπημάτων,
2737 1297 2830 1349 ἐπὶ
2856 1293 2966 1349 τῶν
2999 1294 3189 1363 ξύλων,
3226 1298 3321 1351 ἐπὶ
3352 1299 3463 1351 τῶν
3494 1316 3605 1368 φωφ

2007 1388 2241 1460 ’στήρων
2267 1391 2323 1441 ὲν
2351 1387 2589 1459 οὐρανῷ,
2623 1388 2843 1441 ἐπὶτῶν
2871 1389 3106 1459 κτηνῶν,
3134 1391 3347 1443 ἐπὶτῶν
3369 1390 3609 1461 πτηνῶν.

2026 1481 2121 1533 καὶ
2149 1480 2415 1548 ἑρπετῶν,
2458 1481 2552 1534 καὶ
2583 1479 2802 1551 ίχθύων.
2845 1480 2983 1535 Καθ’
3012 1482 3242 1536 ἕκαστον
3271 1483 3380 1555 γὰρ
3412 1482 3571 1552 ἔλεγε
3594 1500 3607 1515 ο

2026 1572 2138 1625 Kal
2172 1569 2333 1625 εἶδεν
2359 1575 2392 1626 ό
2422 1570 2590 1638 Θεὸς,
2621 1572 2721 1625 xal
2753 1569 2882 1626 ἰδοὺ
2906 1574 3118 1627 καλόν.
3146 1572 3221 1625 Οὐ
3250 1572 3311 1625 τὸ
3344 1574 3610 1644 πρότερον

342 1660 487 1715 libus
532 1676 595 1715 ac
641 1662 887 1731 piscibus
934 1669 1182 1731 usurpat.
1234 1658 1371 1714 Nam
1441 1662 1495 1714 in
1554 1675 1919 1730 unoquoque,

2028 1664 2258 1731 ἀγνοῶν,
2282 1664 2403 1717 οὐδὲ
2430 1664 2568 1735 μετὰ
2589 1663 2649 1716 τὸ
2675 1663 2949 1732 γενέσθαι,
2972 1663 3047 1729 ὡς
3077 1665 3363 1736 διαπείρας
3394 1642 3415 1696 ί
3443 1642 3609 1737 ἐσχη-

339 1754 504 1816 υἱάίι,
544 1754 755 1823 Inquit,
793 1753 967 1833 Deus,
1020 1762 1069 1807 et
1110 1768 1225 1807 ecce
1254 1752 1467 1806 bonum.
1499 1751 1614 1806 Non
1656 1752 1801 1822 quod
1832 1762 1919 1807 aut

2026 1754 2136 1819 κὼς
2162 1755 2251 1807 τοῦ
2278 1755 2499 1821 εἰδέναι,
2525 1756 2607 1809 ὅτι
2636 1755 2820 1819 καλὸν,
2845 1755 2983 1809 ἀλλὰ
3003 1756 3113 1810 ἀπὸ
3134 1756 3230 1809 τοῦ
3258 1753 3395 1809 εἶναι
3432 1758 3617 1813 πάντ).

340 1846 620 1917 ignoraret
642 1854 824 1910 antea,
857 1855 952 1899 aut
982 1845 1392 1916 ubi'procreata
1435 1854 1604 1910 sunt,
1643 1845 1792 1900 velut
1825 1862 1924 1901 ex-

338 1938 608 2010 perientia
635 1937 873 2009 quadam
902 1936 1045 1993 bona
1074 1951 1197 1993 esse
1225 1926 1620 2007 Comperisset;
1655 1938 1751 1994 sed
1775 1940 1923 2007 quod

336 2030 485 2086 bona
512 2031 699 2085 omnia
723 2044 913 2086 revera
942 2029 1075 2095 sint,
1096 2045 1273 2101 neque
1297 2030 1422 2084 mali
1445 2029 1745 2100 quidquam
1770 2030 1921 2097 insit,

334 2132 562 2195 propter
585 2121 966 2193 improborum
995 2122 1281 2178 hominum
1305 2122 1621 2193 opinionem
1650 2123 1754 2179 hoc
1778 2124 1923 2178 velut

336 2212 564 2268 oraculo
589 2211 733 2267 bona
766 2226 891 2268 esse
926 2212 1111 2267 omnia
1147 2227 1211 2267 ac
1245 2212 1506 2283 praeclara
1535 2220 1767 2269 testatus
1801 2223 1917 2279 est;

338 2305 573 2376 ideoque
616 2305 820 2361 bonum
855 2320 981 2363 esse
1021 2305 1193 2371 dixit,
1238 2304 1385 2376 quod
1413 2305 1543 2365 mali
1574 2320 1637 2362 ac
1663 2305 1921 2377 nequitiae

336 2397 519 2453 omnis
556 2397 932 2453 exclusionem
962 2397 1229 2451 continet.
1263 2393 1331 2450 Ut
1360 2395 1619 2450 nimirum
1651 2395 1755 2450 hoc
1778 2394 1919 2466 ipso,

336 2490 483 2560 quod
525 2504 649 2545 esse
693 2490 898 2543 bonum
949 2504 1113 2545 omne
1142 2488 1497 2561 signiﬁcavit,
1531 2487 1753 2543 tollatur
1786 2488 1921 2542 falsa

336 2581 432 2637 illa
463 2581 531 2636 de
554 2580 761 2635 malitia
798 2580 851 2635 in
886 2580 1139 2637 homines
1168 2581 1383 2636 invecta
1415 2580 1718 2655 sententia,
1751 2579 1922 2649 pessi-

337 2688 537 2745 maque
573 2674 755 2729 omnis
790 2673 916 2726 mali
956 2671 1232 2744 dogmatis
1271 2671 1695 2731 architectorum
1731 2670 1918 2749 opinio

334 2763 673 2837 proﬂigetur.

403 2856 693 2912 Postremo
733 2856 824 2912 ubi
864 2855 935 2911 ad
981 2855 1261 2911 hominem
1305 2861 1531 2910 ventum
1562 2861 1681 2917 est,
1714 2854 1918 2908 bonum

337 2963 462 3004 esse
494 2963 605 3003 non
653 2946 823 3010 dixit,
870 2961 981 3001 non
1020 2946 1168 3015 quod
1213 2946 1419 3003 malum
1465 2946 1723 3015 quiddam
1756 2945 1918 3000 homo

336 3040 430 3105 sit,
464 3054 602 3110 Opus
632 3039 879 3093 omnium
912 3054 1033 3109 quze
1066 3039 1121 3091 in
1151 3045 1297 3092 terra
1335 3037 1558 3092 condita
1602 3044 1731 3091 sunt
1761 3037 1922 3107 longe

336 3131 889 3203 praestantissimum;
919 3129 1065 3201 quod
1102 3137 1161 3184 ut
1198 3132 1492 3200 imperaret
1523 3130 1738 3185 caeteris
1768 3132 1923 3186 inex-

337 3222 580 3294 plicabili
615 3219 853 3294 quadam
884 3229 969 3276 est
1008 3234 1039 3273 a
1091 3219 1203 3275 Deo
1258 3220 1526 3291 sapientia
1558 3220 1916 3291 productum;

336 3316 426 3372 cui
468 3316 707 3386 denique
755 3312 939 3371 rerum
971 3312 1217 3368 omnium
1258 3328 1287 3367 a
1320 3327 1378 3368 se
1408 3302 1718 3368 creatarum
1749 3312 1919 3371 domi-

336 3419 526 3465 natum
559 3423 623 3463 ac
669 3407 1037 3479 principatum
1067 3404 1283 3462 deferre
1311 3412 1579 3461 statuerat
1610 3425 1622 3460 :
1652 3405 1922 3475 quemad-

336 3500 561 3556 modum
589 3500 704 3555 haec
740 3499 905 3563 verba
948 3498 1268 3554 declarant:
1321 3496 1613 3551 Faciamus
1656 3496 1919 3552 hominem

337 3594 406 3648 ad
447 3593 732 3663 imaginem
774 3600 1015 3647 nostram
1052 3599 1103 3645 et
1150 3588 1585 3652 similitudinem;
1616 3599 1665 3643 et
1700 3591 1917 3658 prtesint

334 3684 565 3755 piscibus
590 3686 777 3751 maris,
802 3694 849 3737 et
874 3683 1177 3737 volatilibus
1205 3683 1343 3747 creti,
1369 3691 1417 3735 et
1442 3682 1714 3750 reptilibus
1739 3693 1914 3746 terrm,

335 3789 385 3834 et
418 3778 713 3848 jumentis,
772 3786 821 3832 et
861 3777 1078 3842 bestiis,
1124 3786 1171 3829 et
1214 3774 1457 3829 omnibus
1505 3790 1621 3844 qum
1675 3775 1729 3827 in
1774 3784 1916 3828 terra

337 3880 458 3925 sunt
490 3874 532 3927 ².
568 3869 768 3926 Verum
816 3868 1077 3940 quoniam
1113 3866 1181 3921 ad
1228 3866 1323 3921 Dei
1368 3866 1659 3936 imaginem
1699 3874 1917 3921 creatus

334 3971 440 4026 est,
464 3974 570 4017 tam
594 3963 884 4019 excellenti
913 3962 1176 4033 dignitate
1207 3968 1476 4025 contenta:
1508 3974 1679 4015 sacrae
1701 3957 1917 4012 Litterae

336 4056 590 4121 fuerunt,
635 4056 785 4110 nulla
835 4066 890 4110 ut
920 4054 1238 4109 accessione
1268 4068 1405 4124 Opus
1451 4067 1574 4107 esse
1618 4051 1913 4106 videretur.

332 4147 469 4202 Nam
524 4148 569 4204 si
624 4147 890 4202 bonitatis
946 4147 1123 4218 ipsius
1172 4153 1297 4200 erat
1341 4144 1579 4214 imagine
1629 4143 1911 4214 praeditus,

333 4240 429 4295 Dei
460 4240 717 4294 nimirum
738 4253 800 4293 ac
832 4236 1079 4305 Domini,
1110 4238 1204 4310 qui
1238 4238 1310 4294 sit
1339 4238 1582 4292 omnium
1618 4251 1798 4289 rerum
1828 4249 1915 4287 ar-

2025 1846 2188 1908 καλὰ,
2242 1846 2336 1898 καὶ
2375 1844 2613 1916 οὐδαμοῦ
2665 1840 2803 1899 εἶναι
2850 1844 3024 1899 κακὸν
3070 1844 3467 1917 προεθέσπιζε,
3524 1848 3611 1901 διὰ

2023 1936 2123 2008 τὴν
2154 1936 2263 1989 τῶν
2296 1935 2645 1997 κακοϐούλων
2672 1933 2853 2001 δόξαν,
2883 1935 2995 1991 τῶν
3027 1937 3244 1991 πάντων
3274 1936 3499 2005 ἀγαθῶν
3528 1938 3611 1990 δν·-

2022 2049 2131 2093 των
2165 2032 2259 2086 καὶ
2292 2028 2471 2084 καλῶν
2506 2028 2986 2101 μαρτυρουμένων,
3016 2028 3159 2083 κατά
3190 2030 3287 2100 τὴν
3312 2028 3409 2083 τοῦ
3445 2028 3608 2083 καλοῦ

2023 2121 2401 2193 ἀληθεστάτην
2429 2119 2738 2193 μαρτυρίαν
2766 2121 2827 2174 τὸ
2860 2119 3025 2174 καλὸν
3052 2120 3229 2190 ἔλεγε,
3266 2120 3525 2193 στέρησις
3552 2121 3611 2174 δν

2026 2214 2227 2278 παντὸς
2256 2212 2462 2283 ἀγαθοῦ
2509 2214 2604 2266 καὶ
2635 2213 2820 2284 πάσης
2858 2212 3091 2277 κακίας³
3121 2214 3217 2269 καὶ
3254 2214 3340 2267 ἵνα
3377 2213 3489 2268 ἀπὺ
3516 2212 3609 2269 τοῦ

2023 2305 2190 2362 καλὸν
2215 2303 2356 2360 εἶναι
2382 2305 2443 2359 τὸ
2468 2306 2598 2371 πᾶν,
2630 2304 2923 2377 ἀναιρῆται
2949 2306 2977 2358 ό
3010 2305 3140 2376 περὶ
3168 2306 3368 2368 κακίας
3399 2304 3611 2376 ἀνθρὼ-

2023 2414 2147 2463 ποις
2181 2398 2599 2469 ἐπινενοημένος
2625 2396 2804 2467 λόγος,
2839 2398 2926 2451 ἵνα
2964 2396 3062 2469 τὴν
3106 2399 3289 2452 πᾶσαν
3334 2398 3612 2468 ύπόλτψιν

2021 2490 2121 2560 τὴν
2143 2489 2483 2560 κακότροπον
2498 2487 2607 2543 τῶν
2636 2488 2735 2561 τὴν
2754 2478 3104 2555 διδαέκαλίαν
3129 2490 3623 2561 παρεισφερόντων,

2022 2583 2366 2647 παντάπασιν
2399 2582 2579 2637 ἀνέλοι
3430 2568 3433 2569 ν

2091 2840 2229 2905 Εἶτα
2257 2844 2426 2899 ἐλθὼν
2458 2844 2552 2899 ἐπὶ
2585 2844 2677 2899 τὸν
2710 2843 3019 2917 ἄνθρωπον,
3046 2844 3149 2899 οὐκ
3193 2840 3367 2911 εἶπεν,
3399 2847 3483 2900 ὅτι
3511 2865 3619 2903 xa-

2022 2936 2132 3001 λον,
2161 2936 2259 3007 οὐχ
2288 2938 2369 2991 ὅτι
2400 2938 2570 2993 κακὸν
2603 2939 2631 2991 ὁ
2659 2936 2966 3009 ἄνθρωπος,
2998 2938 3060 2991 τὸ
3084 2936 3419 3009 ὲξοχώτατον
3453 2941 3615 3011 παρά

2028 3030 2205 3085 πάντα
2236 3029 2306 3084 τὰ
2340 3031 2433 3083 ἐπὶ
2464 3030 2565 3101 τῆς
2590 3030 2693 3102 γῆς
2721 3031 3043 3102 ἐκτισμένα,
3068 3030 3161 3086 τὸν
3188 3032 3280 3085 ἐπὶ
3310 3032 3388 3104 τῷ
3414 3033 3612 3105 ἄρχειν

2023 3123 2089 3176 ὲκ
2122 3120 2259 3175 Θεοῦ
2302 3121 2622 3193 ὲκτισμένον
2658 3121 2821 3193 σοφίᾳ
2848 3123 3095 3194 ἀρρήτῳ,
3129 3115 3173 3190 ᾧ
3200 3122 3392 3194 ἔμελλε
3426 3141 3623 3196 παρα-ν

2022 3214 2223 3269 διδόναι
2273 3214 2406 3278 Θεὸς
2446 3216 2524 3277 εἰς
2556 3214 2876 3268 δεσποτείαν
2916 3214 3027 3269 τῶν
3056 3215 3147 3268 ὑπ’
3182 3215 3349 3270 αὑτοῦ
3384 3218 3628 3281 πάντων,

2021 3309 2385 3381 ὲκτισμένων,
2412 3308 2487 3373 ῶς
2517 3326 2680 3381 φησι·
2722 3309 3080 3379 Ποιήσωμεν
3117 3309 3434 3379 ἄνθρωπον
3476 3313 3623 3365 κατ*

2020 3402 2224 3458 εἰκόνα
2255 3399 2549 3471 ἡμετέραν
2580 3402 2679 3456 καὶ
2713 3403 2841 3455 καθ’
2863 3402 3148 3470 ὁμοίωσιν
3168 3419 3182 3432 ·
3220 3402 3320 3457 καὶ
3349 3402 3616 3473 ἀρχέτω-

2020 3510 2143 3550 σαν
2173 3493 2293 3548 τῶν¹
2326 3496 2545 3563 ἰχθύων
2586 3492 2695 3563 τῆς
2738 3494 3059 3562 θαλάσσης
3120 3494 3219 3549 καί
3259 3495 3378 3550 τῶν
3415 3511 3615 3551 aerei-

2019 3587 2143 3641 νῶν
2187 3586 2292 3640 τοῦ
2323 3585 2603 3654 οὐρανοῦ,
2638 3584 2736 3639 καί
2768 3584 2886 3639 τῶν
2909 3586 3173 3654 ἑρπετῶν
3196 3586 3307 3655 τῆς
3340 3586 3474 3657 γῆς,
3507 3588 3615 3642 καί

2021 3678 2276 3747 κτηνῶν,
2315 3678 2414 3732 καὶ
2439 3679 2676 3747 θηρίων,
2711 3679 2809 3733 καί
2844 3679 3084 3733 πάντων
3119 3679 3237 3734 τῶν
3270 3680 3462 3733 ὄντων
3503 3682 3612 3736 ἐπὶ

2018 3772 2129 3840 τῆς
2169 3772 2302 3841 γῆς.
2352 3772 2491 3825 Ἀλλ’
2543 3772 2729 3842 ἐπειδὴ
2776 3773 2893 3825 κατ’
2946 3773 3127 3826 είκόνα
3175 3772 3309 3825 Θεοῦ
3353 3774 3610 3845 ἐκτίσθη,

2019 3864 2263 3935 ἠρκέσθη
2292 3865 2353 3916 τὸ
2393 3866 2532 3917 θεῖον
2573 3865 2809 3935 γράμμα
2847 3863 2921 3935 τῷ
2947 3864 3185 3936 τοσούτῳ
3220 3865 3491 3935 ἀξιώματι
3529 3868 3612 3937 μὴ

2020 3956 2205 4028 χρείαν
2240 3956 2383 4026 ἔχειν
2418 3956 2735 4027 προσθήκης
2760 3956 2861 4010 ἔτι.
2893 3957 2955 4010 Εί
2988 3958 3095 4029 γὰρ
3128 3957 3301 4027 αὐτῆς
3327 3958 3429 4028 τῆς
3458 3958 3611 4027 ἀγαέ

2020 4049 2241 4119 θότητος
2287 4043 2398 4121 εἶχε
2446 4049 2782 4119 κεκτημένος
2824 4049 2923 4119 τὴν
2957 4050 3171 4116 είκόνα,
3222 4050 3363 4122 φημὶ
3404 4049 3461 4102 δὲ
3509 4051 3613 4109 τοῦ

2019 4141 2229 4213 Κυρίου
2262 4140 2399 4193 Θεοῦ
2427 4141 2607 4211 πάσης
2634 4140 2864 4204 κτίσεως
2884 4139 3217 4213 δημιουργοῦ
3246 4142 3339 4194 καὶ
3367 4141 3625 4217 ἀγαθοῦ,

2019 4233 2078 4298 ἐξ
2106 4228 2166 4289 οῦ
2215 4234 2364 4287 πᾶσα
2412 4233 2561 4304 πηγὴ
2596 4232 2958 4303 ἀγαθοσύνης,
2993 4232 3053 4298 ἐξ
3084 4228 3146 4286 οὗ
3189 4232 3252 4287 τὸ
3289 4233 3495 4302 ἀγαθὸν
3548 4237 3625 4299 ἐν⁴

332 4329 465 4385 tifex
498 4346 561 4385 ac
587 4330 787 4394 bonus,
814 4347 842 4383 a
866 4345 975 4400 quo
992 4329 1256 4384 bonitatis
1285 4329 1411 4385 fons,
1435 4328 1636 4391 omnis,
1670 4325 1914 4395 adeoque

2024 4328 2184 4380 πᾶσιν
2241 4327 2506 4397 ὑπάρχει·
2570 4324 2690 4389 πῶς
2743 4326 2821 4379 ἔτι
2878 4325 3068 4398 χρείαν
3121 4323 3233 4398 εἶχε
3289 4329 3610 4399 μαρτυρίας

331 4424 537 4479 bonum
568 4422 731 4493 635
760 4422 938 4491 ipsum
972 4420 1027 4475 in
1055 4420 1311 4474 universa
1342 4420 1639 4482 derivatur,
1673 4417 1804 4487 quid
1834 4426 1915 4471 at-

332 4511 544 4566 tinebat
577 4510 680 4564 hoc
732 4508 925 4562 audire
963 4506 1378 4570 testimonium,
1417 4504 1484 4558 Et
1521 4519 1635 4557 ecce
1680 4505 1869 4559 bonum
1898 4544 1912 4567 ,

332 4614 458 4655 cum
480 4598 609 4653 boni
633 4599 805 4669 ipsius
826 4596 1117 4669 imaginem
1152 4596 1205 4649 in
1238 4608 1357 4651 sese
1380 4593 1728 4649 contineret?
1756 4592 1914 4648 Post-

331 4709 395 4749 ea
441 4700 663 4756 tamen,
707 4689 975 4753 absolutis
1020 4688 1277 4745 omnibus
1328 4688 1693 4757 universoque
1749 4699 1911 4756 opere

331 4784 601 4857 perfecto,
635 4782 784 4838 velut
824 4782 1157 4851 obsignans,
1194 4778 1336 4834 idem
1386 4779 1451 4833 de
1479 4779 1734 4833 omnibus
1761 4778 1914 4833 testi-

330 4876 576 4931 monium
604 4874 821 4929 divinus
849 4886 1030 4928 sermo
1055 4871 1283 4942 prptulit
1324 4890 1336 4924 :
1370 4867 1437 4923 Et
1462 4868 1593 4924 vidit
1619 4868 1761 4923 Deus
1785 4885 1913 4921 cun-

330 4977 417 5021 cta
445 4982 563 5038 quae
603 4965 825 5036 fecerat,
857 4974 906 5019 et
948 4978 1063 5018 ecce
1107 4960 1258 5015 valde
1297 4960 1465 5024 bona;
1500 4960 1591 5014 ubi
1639 4969 1692 5015 et
1721 4973 1909 5013 vocem

329 5061 503 5125 illam,
528 5058 701 5122 valde,
736 5057 980 5114 additam
1012 5055 1184 5110 voluit
1221 5054 1361 5124 (erat
1388 5067 1519 5107 vero
1547 5060 1662 5107 tum
1688 5069 1737 5106 vn
1766 5050 1906 5115 dies,

330 5151 419 5205 vel
446 5151 646 5221 quietis
682 5150 780 5223 vu)
805 5189 822 5218 ,
852 5155 947 5215 ut,
979 5147 1129 5204 omni
1174 5145 1416 5217 perversi
1466 5144 1612 5219 illius
1653 5144 1719 5200 de
1762 5145 1907 5200 malo

331 5239 606 5311 dogmatis
644 5242 791 5297 velut
820 5240 1006 5296 radice
1042 5238 1285 5305 sublata,
1322 5250 1513 5293 ansam
1559 5234 1685 5291 inde
1720 5236 1922 5305 nullus.

331 5340 499 5388 tanta?
536 5332 863 5388 temeritatis
906 5330 1209 5401 arriperet,
1252 5327 1644 5399 sempiternam
1682 5337 1739 5382 ut
1782 5344 1905 5384 esse

329 5425 592 5482 malitiam
622 5422 911 5495 cogitaret.
934 5421 1067 5476 Nam
1089 5421 1360 5491 ejusmodi
1384 5420 1452 5478 de
1472 5421 1563 5477 illa
1590 5435 1903 5476 sermonum

406 5580 579 5637 ‘ch.
613 5579 775 5646 1,10,
816 5578 896 5645 12,
934 5578 1017 5643 18,
1049 5576 1140 5643 91,
1165 5578 1255 5632 25.

2014 4419 2269 4483 ἀκοῦσαι,
2300 4421 2381 4473 ὃτι
2417 4419 2561 4474 Ἰδοὺ
2612 4420 2839 4484 καλὸν,
2868 4420 3028 4473 ὁπότε
3070 4420 3169 4491 τὴν
3211 4420 3398 4474 είκόνα
3431 4422 3608 4475 αὐτοῦ

2012 4511 2106 4564 τοῦ
2134 4510 2301 4566 καλοῦ
2336 4505 2449 4583 εἶχε
2484 4511 2854 4582 κεκτημένος;
2896 4510 3011 4581 Ἐφ’
3044 4511 3269 4583 ὕστερον
3301 4512 3359 4565 δὲ
3385 4514 3480 4565 ἐπὶ
3506 4514 3607 4567 τέο

2013 4600 2092 4655 λει
2132 4601 2241 4655 τῶν
2284 4602 2441 4666 ὅλων,
2487 4602 2628 4673 μετά
2660 4602 2722 4656 τὸ
2753 4603 2975 4673 ποιῆσαι
3004 4604 3184 4658 πᾶσαν
3215 4603 3607 4675 δημιουργίαν⁹

2013 4690 2556 4762 ὲπισφραγισάμενος
2592 4694 2620 4746 ὁ
2655 4691 2797 4757 θεῖος
2825 4692 3004 4761 λόγος,
3030 4696 3143 4757 τοῖς
3176 4696 3309 4747 πᾶσι
3356 4696 3453 4765 τὴν
3504 4697 3611 4750 αύ-

2016 4782 2114 4854 τὴν
2145 4784 2454 4855 μαρτυρίαν
2481 4783 2749 4855 προύθετο
2776 4783 3001 4853 φάσκων
3023 4801 3037 4813 °
3062 4784 3172 4840 Kal
3201 4785 3363 4840 εἶδεν
3383 4790 3416 4840 ό
3454 4789 3611 4856 Θεὸς

2013 4872 2212 4927 πάντα
2254 4873 2373 4927 ὅσα
2414 4873 2688 4941 ἐποίησε,
2735 4872 2835 4927 καί
2878 4871 3007 4927 ἰδοὺ
3040 4874 3200 4929 καλὰ
3241 4876 3417 4930 λίαν·
3458 4880 3613 4947 μετά

2012 4967 2332 5039 προσθήκης
2375 4966 2469 5021 τοῦ
2518 4968 2663 5025 λίαν
2708 4966 2887 5021 είπών
2956 4966 3138 5039 (αὕτη
3191 4966 3245 5022 δὲ
3300 4967 3611 5039 ἐτύγχανεν

2008 5058 2141 5129 ἕκτη
2178 5058 2361 5129 ἡμέρα
2389 5057 2485 5111 καὶ
2515 5056 2720 5129 ἑϐδόμη
2759 5056 3185 5130 καταπαύσεως)
3212 5075 3225 5089 ο
3259 5060 3343 5112 ἵνα
3370 5061 3472 5132 τὴν
3513 5062 3608 5132 ῥί-

2013 5146 2112 5212 ζαν
2132 5148 2232 5219 τὴν
2260 5149 2387 5221 περὶ
2416 5147 2509 5202 τοῦ
2546 5149 2719 5203 κακοῦ
2764 5149 2992 5217 ἀνελὼν,
3028 5149 3225 5221 μηκέτι
3257 5149 3407 5221 εὕροι
3452 5153 3599 5223 πρό-

2014 5240 2176 5309 φασίν
2219 5257 2303 5304 τις
2345 5240 2505 5294 τοῦτο
2542 5241 2833 5313 τολμῆσαι,
2866 5240 3215 5306 ἀῖδιάζουσαν
3256 5242 3353 5314 τὴν
3396 5244 3607 5297 κακίαν

2011 5328 2356 5386 διανοεῖσθαι.
2403 5330 2696 5404 ’Λνῄρηται
2730 5332 2838 5405 γὰρ
2864 5336 2894 5387 ό
2920 5333 3083 5397 αὐτὸς
3108 5333 3235 5405 περὶ
3264 5332 3472 5404 ταύτης
3500 5334 3599 5387 λό-

2015 5440 2129 5491 γος.
2163 5421 2417 5495 Οὐδαμοῦ
2447 5424 2554 5497 γὰρ
2575 5421 2643 5499 ἦν
2666 5425 2729 5481 τὸ
2753 5425 2941 5495 κακὸν,
2970 5424 3190 5481 πάντων
3217 5423 3399 5481 καλῶν
3420 5424 3607 5482 ὄντων

1334 5581 1351 5609 ⁸
1393 5577 1519 5633 ibid.
1563 5593 1599 5645 I,
1628 5576 1715 5631 26.
1796 5576 1813 5605 ³
1855 5572 1914 5629 F.
1948 5575 2034 5629 διά
2071 5577 2281 5647 πείρας.

3762 694 3765 779 1

3776 1404 3777 1481 1

3778 1522 3779 1595 1

3780 1640 3781 1691 1

3782 1758 3783 1829 1

3784 1876 3785 1919 χ
