3850 6204
164 259 238 314 57

778 257 1151 316 ADVERSUS
1189 259 1532 318 "ERESES
1565 259 1698 316 LIB.
1740 259 1807 317 ll.
1849 261 2015 320 TOM.
2056 265 2122 322 ll.
2160 298 2230 309 —
2268 266 2550 324 HIERES.
2590 264 2773 322 LXVI.
3375 270 3447 327 58

165 374 305 441 λίαν,
339 375 434 428 καὶ
460 375 526 428 ὲκ
557 373 693 429 Θεοῦ
721 373 928 444 ἀγαθοῦ
958 376 1368 448 γεγενημένων,
1413 377 1509 431 καὶ
1542 392 1748 448 μεμαρ-

1864 379 2072 436 >οεοείο
2093 381 2428 452 praeciditur.
2454 379 2642 451 Neque
2660 380 2805 436 enim
2828 377 3032 436 malum
3057 381 3274 454 uspiam
3303 395 3442 448 erat,

161 484 299 538 ωρη
309 466 509 537 μένων.

233 647 339 699 ῐθν.
381 645 558 716 ’Υλης
593 644 651 698 δὲ
679 643 830 716 διττὴ
871 641 1215 716 ὴόνομαοία.
1236 641 1317 694 Τὸ
1351 640 1451 713 μὲν
1495 642 1626 712 γὰρ,
1674 647 1752 705 ὡς

162 739 325 809 ἔφην,
362 738 508 792 κατά
544 738 637 791 τὸν
667 735 795 790 νοῦν
824 736 920 791 τοῦ
953 735 1236 806 ἀλιτηρίου
1276 733 1424 787 ἐστὶν
1470 733 1750 802 ἐνεργείας

163 830 260 884 καὶ
287 829 499 902 φθορᾶς
533 827 678 902 [καὶ]
709 827 1052 897 ἀναλωτικῆς
1085 826 1286 898 ὄνομα*
1313 823 1446 897 ὓλην
1471 825 1528 880 δὲ
1552 823 1749 880 εἰώθα-

165 939 268 992 μεν
293 921 477 990 λέγειν
500 921 599 992 τὴν
623 921 893 994 κόσμησιν
916 920 1150 977 ἑκάστου
1171 918 1495 990 πράγματος
1517 919 1628 981 τοῖς
1650 917 1750 980 τάς

163 1015 365 1086 τέχνας
416 1013 840 1087 ἐργαζομένοις·
885 1015 964 1077 ὡς
1015 1013 1212 1076 εἰπεῖν,
1267 1009 1366 1082 ῦλη
1399 1009 1595 1078 ξύλων,
1648 1007 1751 1079 ῦλη

164 1107 534 1178 πηλουργίας,
576 1106 676 1177 ὕλη
715 1105 941 1178 χρυσοῦ,
977 1104 1079 1176 ῦλη
1112 1102 1376 1176 ἀργύρου.
1415 1101 1649 1170 Λέγεται
1693 1099 1751 1152 δὲ

168 1199 273 1269 ῦλη
303 1217 390 1265 τις
414 1199 678 1272 ἐργασίας
709 1199 767 1250 ὲν
794 1200 908 1262 τοῖς
940 1197 1244 1268 σώμασινή
1273 1195 1381 1248 ἀπὸ
1414 1192 1750 1264 φθαρμάτων

165 1291 471 1356 κακώσεως
512 1289 878 1361 συναγομένη.
913 1289 1134 1358 Λεγέτω
1175 1287 1356 1341 τοίνυν
1378 1287 1407 1339 6
1440 1286 1751 1356 πρόσφατος

161 1385 320 1454 ἥκων
369 1383 586 1454 μάντις,
617 1381 712 1437 καὶ⁸
747 1382 816 1435 τά
863 1381 970 1453 πρὸ
1009 1379 1220 1434 αἰώνων
1265 1378 1748 1448 ἐπαγγελλόμενος.

176 1475 482 1546 Ὲτόλμησε
520 1472 630 1546 γὰρ
659 1473 688 1526 6
726 1471 966 1536 τοιοῦτος
1002 1471 1094 1524 καὶ
1138 1469 1364 1541 Πνεῦμα
1403 1468 1750 1540 παράκλητον

163 1567 361 1620 ἑαυτὸν
401 1565 616 1635 λέγειν·
646 1564 836 1620 ἄλλοτε
861 1563 918 1616 δὲ
959 1563 1256 1618 ἀπόστολον
1311 1560 1484 1631 Ἰησοῦ
1512 1557 1748 1631 Χριστοῦ

161 1661 382 1723 ἑαυτὸν,
413 1659 490 1722 ὡς
521 1658 681 1728 ἔφην,
710 1657 1059 1728 ὲπιφημίζει,
1089 1655 1213 1708 οὔτε
1243 1649 1380 1718 εἶδος
1419 1653 1750 1725 περιστερᾶς

161 1768 298 1805 ποτε
346 1723 734 1821 ἐνδυσάμενος,
779 1723 903 1804 οῦδξ
939 1747 1002 1801 τὸ
1044 1747 1138 1801 ἀπ’
1165 1744 1395 1818 οὐρανοῦ
1428 1723 1508 1808 εἰς
1549 1743 1753 1814 ἔνδυμα
1782 1723 1825 1780 Β

161 1841 477 1913 ἀφθαρσίας
499 1840 730 1911 δύναμιν
759 1842 872 1904 τοῖς
899 1837 1219 1901 ἀποστόλοις
1256 1835 1504 1908 πεμφθὲν
1528 1834 1753 1905 Πνεῦμα

161 1934 546 2006 παράκλητον,
581 1929 610 1986 6
656 1930 1023 2004 ἐπηγγείλατο
1073 1930 1314 2002 πέμπειν
1350 1929 1379 1982 6
1417 1927 1749 1998 Μονογενὴς,

161 2027 236 2086 οὐ
263 2023 423 2095 μετὰ
449 2023 688 2090 πολλὰς
712 2020 941 2092 ἡμέρας
973 2021 1214 2087 ἐκείνας
1243 2019 1586 2092 ὁρισάμενος,
1618 2017 1752 2072 ἀλλά

161 2117 331 2180 εὐθὺς
362 2114 532 2170 αὐτοῦ
575 2114 914 2179 ἀνελθόντος,
945 2115 1024 2177 ὡς
1065 2112 1251 2182 ἔλεγεν
1271 2129 1286 2144 ο
1330 2113 1466 2166 Ἐὰν
1494 2111 1609 2182 ἐγὼ
1639 2111 1752 2166 άπ-

159 2209 342 2273 έλθω,
367 2207 601 2273 ἐκεῖνος
627 2206 971 2261 ἐλεύσεται.
997 2205 1110 2260 Καὶ
1133 2203 1296 2268 εὐθὺς
1330 2204 1390 2257 ὲν
1411 2201 1492 2275 τῷ
1519 2201 1754 2274 ὑπερῴῳ

159 2300 520 2372 ἐπλήσθησαν
553 2299 878 2370 Πνεύματος
901 2297 1085 2366 ἀγίου,
1115 2298 1174 2351 ἐν
1197 2295 1277 2367 τῷ
1309 2295 1627 2367 ἀνακάμψαι
1656 2294 1755 2346 αὐ-

157 2394 291 2458 τοὺς
322 2393 434 2448 ἀπὸ
459 2389 556 2444 τοῦ
576 2389 737 2463 ὅρους
761 2389 870 2444 τῶν
904 2388 1156 2454 Ἐλαιῶν,
1181 2388 1324 2443 κατά
1349 2387 1410 2442 τὸ
1433 2385 1753 2458 γεγραμμέ-

159 2503 252 2540 νον
273 2503 288 2517 ·
316 2484 432 2541 Καὶ
459 2483 752 2554 ὤφθησαν
776 2480 985 2550 αὐτοῖς
1019 2480 1297 2552 γλῶσσαι
1334 2478 1524 2549 πυρὸς
1552 2478 1752 2547 διαμε-

153 2575 481 2650 ριζόμεναι,
516 2575 618 2630 καὶ
655 2577 688 2630 ὀ
726 2571 894 2640 οἶκος
925 2573 1280 2643 ἐνεπλήσθη
1322 2571 1526 2640 ὥσπερ
1556 2568 1754 2638 πνοῆς

153 2670 406 2735 βιαίας,
453 2665 557 2722 καὶ
597 2665 922 2722 exsudatos
961 2665 1029 2720 τὸ
1069 2663 1316 2736 Πνεῦμα
1362 2662 1455 2733 ἐφ’
1493 2662 1756 2718 ἕκαστον

159 2759 388 2829 αὐτῶν,
435 2758 537 2818 καὶ
565 2758 838 2821 ἐλάλουν
878 2757 1187 2830 γλώσσαις
1213 2757 1288 2811 τὰ
1324 2753 1628 2825 θαυμάσια
1647 2751 1754 2806 τοῦ

161 2851 353 2913 θεοῦ.
406 2851 506 2906 καὶ
563 2849 821 2917 ἕκαστος
869 2847 1100 2919 ἢκουσε
1160 2846 1238 2916 τῇ
1302 2845 1424 2913 Mla
1477 2844 1751 2917 γλώσσῃ.

158 2940 370 3000 Ἦσαν
390 2943 462 2997 δὲ
486 2943 607 2998 ἀπὸ
638 2943 869 3011 παντὸς
897 2942 1118 3012 γένους
1146 2939 1259 3010 τῆς
1285 2940 1406 2996 ὑπὸ
1431 2938 1541 2993 τὸν
1575 2940 1754 3007 οὐρα-

1853 485 1977 526 cum
2005 473 2165 528 valde
2198 473 2339 529 bona
2376 480 2564 530 essent
2601 472 2808 536 omnia,
2838 481 2892 528 et
2930 486 2961 526 a
3000 473 3146 530 bono
3175 473 3284 531 Deo
3317 492 3445 546 pro-

1854 563 2040 626 ducta,
2072 563 2430 636 ejusdemque
2468 562 2785 620 testimonio
2821 563 3198 633 comprobata.

1923 651 2065 710 XIX.
2107 653 2379 710 Caeterum
2435 653 2678 710 materiae
2709 667 2908 710 nomen
2953 653 3230 726 duplicem
3270 657 3441 727 signi-

1854 745 2162 802 ficationem
2211 746 2467 802 obtinet:
2520 746 2691 803 altera
2719 753 2805 804 est
2854 761 2977 818 quae
3022 761 3089 802 ex
3128 746 3440 804 detestandi

1853 839 2003 896 illius
2062 839 2300 897 hominis
2347 840 2648 906 sententia,
2700 839 2972 895 actionem
3025 846 3080 896 et
3125 842 3432 911 corruptio-

1855 945 1976 986 nem
2028 946 2092 987 ac
2133 932 2599 1003 consumptricem
2641 931 2936 1003 quamdam
2989 932 3098 987 vim
3148 932 3451 1002 exprimit;

1852 1023 2043 1087 altera,
2067 1039 2175 1095 qua
2195 1025 2360 1096 vulgo
2382 1038 2567 1080 rerum
2588 1023 2856 1090 omnium,
2872 1037 2994 1095 quae
3020 1024 3086 1078 ad
3109 1040 3268 1080 usum
3299 1026 3440 1080 arti--

1853 1115 1969 1172 ficis
1995 1125 2266 1188 spectant,
2302 1127 2623 1188 apparatum
2649 1117 2933 1172 materiam
2959 1117 3195 1173 dicimus
3225 1134 3240 1170 :
3268 1117 3449 1174 veluti

1852 1207 2148 1278 lignorum,
2197 1209 2415 1280 ﬁglinaa,
2452 1209 2572 1263 auri
2613 1208 2935 1280 argentique
2979 1210 3281 1264 materiem.
3328 1208 3440 1280 Ap-

1853 1299 2086 1370 pellatur
2113 1308 2168 1354 et
2195 1300 2422 1354 materia
2455 1300 2510 1354 in
2537 1298 2883 1369 corporibus.
2907 1313 3028 1370 qum
3052 1314 3119 1354 ex
3143 1299 3439 1355 bumorum

1851 1392 2167 1462 corruptela
2217 1391 2462 1461 vitioque
2502 1389 2798 1462 colligitur.
2853 1387 3008 1444 Dicat
3051 1389 3234 1461 itaque
3262 1405 3440 1446 novus

1852 1483 1944 1538 ille
1965 1489 2140 1548 vates,
2186 1483 2281 1553 qui
2312 1497 2371 1538 se
2403 1497 2468 1539 ea
2515 1482 2658 1539 scire
2698 1481 3004 1552 profitetur,
3038 1498 3160 1553 quae
3189 1483 3258 1538 ab
3289 1482 3438 1558 omni

1851 1573 2156 1630 aeternitate
2204 1572 2442 1629 fuerunt.
2479 1571 2756 1644 Siquidem
2784 1580 2838 1628 et
2862 1574 3195 1644 paraclelum
3225 1590 3286 1630 se
3317 1556 3486 1646 Spi-i',

1851 1667 2018 1722 ritum
2054 1666 2195 1722 idem
2254 1665 2346 1722 ille
2392 1680 2502 1720 non
2535 1665 2804 1721 dubilavit
2843 1681 3110 1723 asserere.
3157 1667 3438 1724 interdum

1853 1773 1983 1814 vero
2023 1767 2079 1815 et
2113 1757 2422 1829 apostolum
2454 1754 2584 1812 Jesu
2611 1755 2839 1821 Christi,
2869 1765 2928 1811 ut
2961 1767 3086 1812 ante
3118 1755 3266 1823 dixi,
3298 1773 3440 1814 nun-

1853 1858 2041 1920 cupat.
2091 1849 2256 1920 Atqui
2291 1864 2467 1919 neque
2511 1847 2780 1903 columba:
2813 1847 3043 1919 figuram
3074 1865 3318 1919 unquam
3363 1851 3442 1906 in-

1854 1944 2001 2006 duit,
2059 1959 2238 2014 neque
2295 1941 2560 2014 Spiritum
2610 1941 2763 1996 illum
2821 1941 3179 2012 paracletum,
3233 1944 3326 2014 qui
3378 1951 3440 1999 ut

1854 2038 2134 2108 apostolos
2166 2035 2368 2090 virtute
2400 2033 2832 2104 incorruptionis
2867 2032 3158 2097 indueret,
3193 2033 3248 2088 in
3286 2050 3381 2090 eos
3408 2051 3440 2092 e

1853 2126 1996 2182 ccelo
2028 2124 2305 2182 demissus
2329 2130 2434 2179 est.
2479 2120 2654 2188 Quem
2701 2123 2865 2177 etiam
2898 2121 3196 2178 missurum
3222 2140 3281 2180 se
3317 2125 3442 2180 uni-

1852 2219 2074 2293 genitus
2114 2217 2211 2274 Dei
2243 2215 2416 2272 Filius
2460 2216 2749 2287 promisit,
2806 2233 2911 2271 non
2952 2225 3072 2285 post
3107 2217 3300 2274 multos
3343 2221 3449 2278 hos.

1857 2315 1969 2368 dies
1992 2315 2032 2380 ',
2055 2310 2331 2368 sedsimul
2364 2317 2529 2380 atque
2567 2307 2980 2364 conscendisset
3012 2307 3068 2363 in
3115 2310 3340 2375 malum,
3379 2320 3441 2366 ut

1855 2405 1973 2476 ipse
2001 2402 2190 2459 definit
2226 2401 2316 2458 his
2349 2402 2574 2458 verbis:
2609 2400 2671 2457 Si
2699 2403 2840 2456 enim
2879 2401 3060 2458 abiero
3091 2403 3181 2458 ille
3205 2404 3369 2458 veniet
3391 2405 3438 2462 ε.

1853 2500 1932 2551 Ac
1963 2495 2197 2552 subinde
2225 2494 2282 2549 in
2331 2493 2620 2549 caenaculo
2661 2493 2856 2564 repleti
2891 2501 3019 2550 sunt
3057 2493 3264 2564 Spiritu
3305 2509 3440 2550 san-
3489 2549 3494 2552 .

1855 2597 1966 2652 cto,
1989 2602 2116 2643 cum
2142 2602 2210 2643 ex
2240 2586 2522 2641 Olivarum
2555 2594 2743 2641 mente
2770 2585 3085 2642 rediissent.
3113 2584 3279 2656 quue
3304 2585 3452 2643 adeo

1856 2683 1942 2738 his
1968 2681 2152 2738 verbis
2185 2680 2471 2752 Scriptura
2504 2686 2736 2735 testatur
2771 2696 2786 2735 :
2832 2677 2902 2731 Et
2936 2678 3444 2748 apparueruntipsis

1858 2772 2052 2842 linguae
2092 2771 2229 2840 ignis
2264 2769 2596 2840 dispertita,
2638 2777 2689 2823 et
2729 2768 2916 2824 domus
2951 2770 3154 2840 repleta
3176 2777 3255 2822 est
3286 2770 3448 2840 quasi

1857 2874 2006 2919 vento
2044 2863 2332 2918 vehementi
2357 2901 2372 2925 ,
2425 2861 2717 2930 reseditque
2747 2861 2978 2930 Spiritus
3012 2873 3175 2927 supra
3201 2861 3446 2932 singulos

1857 2970 2062 3016 eorum,
2083 2963 2132 3008 et
2159 2951 2508 3023 loquebantur
2529 2950 2721 3021 linguis
2750 2951 3020 3022 magnalia
3051 2951 3168 3017 Dei,
3194 2961 3243 3006 et
3277 2967 3444 3007 unus-

158 3037 299 3101 νόν,
340 3035 437 3091 καὶ
477 3035 708 3100 ἕκαστος
736 3035 834 3100 διὰ,
860 3035 956 3089 τοῦ
986 3033 1302 3105 Πνεύματος
1325 3030 1751 3102 παρεκαλοῦντο,

1864 3046 2073 3115 quisque
2117 3043 2299 3112 lingua
2336 3057 2437 3096 sua
2489 3040 2755 3110 loquentes
2788 3038 2914 3094 illos
2958 3039 3226 3094 audiebat.
3270 3039 3448 3095 Erant

159 3130 220 3184 οἵ
245 3145 310 3195 τε
341 3127 632 3183 ἀπόστολοι
663 3126 750 3181 διά
786 3127 888 3198 τῆς
914 3128 1144 3200 δωρεᾶς,
1178 3124 1274 3178 καὶ
1320 3125 1496 3180 πάντα
1532 3122 1600 3176 τά
1628 3122 1756 3193 ἔθνη

159 3221 254 3276 διά
277 3221 383 3294 τῆς
411 3221 725 3293 ἑνηχήσεως
738 3219 840 3291 τῆς
863 3219 960 3274 τοῦ
988 3218 1469 3290 Θεοῦθαυσιαστῆς
1500 3216 1756 3278 διδασκα-

160 3313 318 3381 llas.

239 3581 306 3637 Ei
332 3579 446 3651 γάρ
472 3578 534 3634 τὸ
564 3577 792 3650 Πνεῦμα
823 3579 887 3632 τὸ
920 3577 1291 3650 παράκλητον,
1321 3577 1460 3649 ὅπερ
1493 3576 1760 3648 ἐπηγγεί-

162 3675 299 3730 λατο
319 3677 434 3738 τοῖς
467 3672 737 3746 μαθηταῖς
763 3670 791 3722 6
821 3669 1044 3741 Κύριος,
1077 3671 1106 3722 6
1135 3669 1379 3742 ἀγύρτης
1411 3661 1567 3732 οὗτος
1600 3667 1759 3737 ἐτύγ-

165 3783 356 3838 χανεν,
380 3765 410 3818 6
439 3763 692 3836 ἐμμανὴς
723 3760 959 3833 άληθῶς,
1004 3763 1097 3816 καὶ
1129 3761 1450 3834 φερώνυμος
1473 3761 1574 3831 τῆς
1626 3761 1758 3814 ἐαυ-

164 3859 264 3921 τοῦ
289 3858 635 3929 ἐπωνυμίας,
673 3855 949 3926 παρῆλθον
995 3857 1044 3909 οἱ
1084 3855 1379 3910 ἀπόστολοι
1407 3854 1764 3926 στερηθέντες

165 3953 266 4024 τῆς
292 3949 657 4019 ἐπαγγελίας,
693 3947 1024 4012 ἀκούσαντες
1053 3947 1205 4020 παρὰ
1236 3946 1330 4001 τοῦ
1361 3947 1630 4018 ἀψευδοῦς
1652 3949 1763 4001 Κυ-

171 4047 324 4118 ρίουο
355 4041 644 4112 Λήψεσθε
667 4041 782 4111 τὴν
813 4041 1040 4112 δωρεὰν
1070 4040 1178 4095 τοῦ
1215 4041 1388 4110 ἁγίου
1417 4043 1764 4109 Πνεύματος

171 4141 247 4200 οὐ
281 4134 442 4208 μετὰ
475 4135 712 4201 πολλὰς
746 4135 968 4200 ταύτας
996 4133 1237 4203 ἡμέρας.
1270 4133 1380 4188 Kal.
1409 4133 1764 4205 εὑρεθήσεται

169 4233 200 4286 6
225 4226 489 4285 ἀπατεὼν
514 4225 610 4281 τοῦ
634 4225 870 4298 Χριστοῦ
892 4225 1388 4296 καταψευδόμενος,
1416 4225 1491 4289 ὼς
1522 4225 1594 4296 μὴ
1625 4225 1764 4296 πλη-

174 4323 462 4396 ρώσαντος
495 4322 563 4375 τά
602 4319 752 4391 αὐτῷ
781 4318 1067 4391 εἰρημένα.
1101 4317 1353 4390 Παρῆλθε
1399 4318 1510 4390 γὰρ
1537 4319 1570 4389 ἡ
1605 4319 1766 4386 γενεά

1860 3146 2036 3191 autem
2057 3151 2122 3190 ex
2151 3135 2296 3190 omni
2317 3134 2531 3188 natione
2562 3147 2676 3201 qua:
2703 3129 2800 3184 sub
2833 3129 2961 3184 calo
2987 3139 3067 3185 est
3097 3130 3139 3197 ³,
3171 3131 3443 3203 singulos-

1859 3246 1968 3300 que
2028 3227 2419 3283 consolabatur
2493 3223 2738 3295 Spiritus
2818 3231 3090 3289 sanctus,
3163 3223 3450 3292 apostolos

1860 3322 2082 3394 quidem
2111 3319 2323 3375 caelesti
2355 3319 2449 3373 illo
2473 3317 2641 3389 636
2669 3315 2965 3384 beneficio;
2997 3317 3286 3373 universas
3315 3331 3446 3373 vero

1861 3412 2114 3468 nationes
2159 3410 2360 3466 divinae
2398 3408 2547 3464 illius
2592 3409 2938 3465 admirabilis
2973 3409 3319 3466 institutione
3345 3409 3447 3466 do-

1863 3506 2074 3561 ctrinae.

1936 3595 2002 3649 Et
2054 3607 2182 3650 vero
2229 3595 2276 3648 sl
2333 3592 2598 3664 impostor
2649 3595 2754 3648 iste
2804 3590 3042 3662 Spiritus
3077 3591 3166 3646 ille
3221 3598 3451 3655 sanctus

1862 3694 2029 3748 esset,
2059 3699 2223 3754 quem
2266 3682 2558 3754 discipulis
2593 3682 2872 3754 pollicitus
2902 3688 3021 3736 erat
3057 3679 3320 3736 Dominus
3342 3722 3355 3742 .
3394 3691 3448 3737 et

1863 3775 2229 3846 promissione
2286 3773 2525 3829 fraudati
2580 3773 2972 3830 discessissent
3013 3773 3277 3842 apostoli,
3320 3788 3454 3827 cum

1861 3877 2051 3922 tamen
2082 3881 2112 3920 a
2155 3865 2409 3934 Domino,
2445 3867 2538 3937 qui
2578 3865 2801 3921 mentiri
2837 3881 2946 3920 non
2994 3873 3203 3935 potest,
3239 3863 3448 3936 pridem

1865 3959 2001 4014 illud
2056 3959 2381 4014 erudissent:
2428 3959 2710 4020 Accipietis
2755 3959 2950 4012 donum
2996 3956 3230 4027 Spiritus
3281 3957 3459 4012 sancti

1866 4069 1968 4105 non
2009 4061 2127 4119 post
2176 4051 2370 4104 mullos
2411 4050 2504 4104 hos
2548 4049 2658 4105 dies
2684 4054 2727 4103 ⁸.
2769 4049 2846 4104 Ex
2900 4065 3010 4120 quo
3058 4058 3334 4106 veterator
3360 4050 3452 4106 ille

1866 4141 2233 4202 convincitur,
2257 4140 2387 4194 dum
2411 4138 2693 4194 Christum
2722 4153 2844 4208 quae
2864 4138 3078 4193 dixerat
3106 4151 3448 4207 nequaquam

1868 4229 2128 4298 implesse
2177 4231 2461 4284 mentitur.
2495 4228 2885 4297 Apostolorum
2937 4227 3138 4297 quippe
3171 4227 3452 4296 generatio

1869 4320 2119 4384 transiit,
2153 4320 2411 4374 nimirum
2455 4334 2486 4372 a
2528 4319 2676 4373 Petri
2728 4326 2976 4388 tempore
3019 4319 3085 4373 ad
3133 4317 3360 4372 Paulum
3395 4323 3450 4372 et

170 4416 285 4470 τῶν
327 4413 672 4480 ἀποστόλων,
715 4413 859 4484 φημὶ
891 4412 950 4466 δὲ
987 4412 1095 4466 ἀπὸ
1125 4412 1335 4484 Πέτρου
1365 4411 1497 4484 άχρι
1528 4411 1758 4477 Παύλου,

1870 4412 2159 4480 Joannem,
2193 4413 2287 4484 qui
2305 4413 2375 4468 ad
2399 4428 2574 4483 usque
2596 4411 2818 4482 Trajani
2843 4409 3452 4481 imperium-superfuit.

174 4507 275 4560 καὶ
313 4505 449 4576 ἄχρι
503 4502 785 4567 Ἰωάννου,
823 4501 922 4556 τοῦ
966 4502 1062 4557 καὶ
1099 4502 1452 4575 χρονίσαντος
1487 4506 1546 4558 ὲν
1580 4501 1770 4576 κόσμῳ

180 4596 317 4670 ἄχρι
352 4593 467 4649 τῶν
495 4593 768 4667 Τραϊανοῦ
798 4595 1026 4666 χρόνων.
1055 4593 1164 4648 Καὶ
1191 4595 1472 4668 παρῆλθεν
1517 4596 1773 4662 Ἰάκωϐος

174 4693 210 4744 6
239 4689 465 4762 πρῶτος
493 4685 902 4751 ἑπισκοπεύσας
932 4687 994 4739 ὲν
1040 4687 1456 4760 Ἱεροσολύμοις,
1489 4693 1518 4745 6
1547 4690 1773 4760 ἀδελφὸς

176 4779 505 4857 ἐπικληθεὶς
530 4778 624 4833 τοῦ
650 4779 884 4852 Κυρίου,
920 4781 1050 4843 παῖς
1063 4779 1127 4833 δὲ
1157 4779 1252 4834 τοῦ
1292 4781 1514 4852 Ἰωσὴφ,
1542 4784 1650 4837 ἀπὸ
1673 4783 1772 4854 τῆς

182 4876 326 4941 ιδίας
361 4873 531 4928 αὐτοῦ
557 4871 818 4943 γυναικὸς
843 4872 1129 4945 γεννηθεὶς
1165 4875 1262 4929 σὺν
1298 4877 1411 4939 τοῖς
1438 4875 1646 4940 λοιποῖς
1674 4877 1776 4931 αὐ-

175 4967 276 5022 τοῦ
307 4965 585 5036 ἀδελφοῖς,
634 4957 718 5027 οἷς
755 4965 1225 5036 συναναστραφεὶς
1257 4967 1287 5020 6
1313 4966 1516 5038 Κύριος
1566 4966 1772 5039 Ἰησοῦς

179 5057 446 5132 Χριστὸς,
469 5059 501 5111 6
521 5055 631 5111 ἀπὸ
653 5056 877 5127 Μαρίας
902 5055 1005 5129 τῆς
1027 5057 1394 5130 ἀειπαρθένου
1425 5057 1568 5112 κατά
1593 5059 1774 5131 σάρκα

180 5149 494 5223 γεννηθεὶς,
520 5148 580 5204 ἐν
599 5148 752 5215 τάξει
767 5147 1014 5220 ἀδελφῶν
1035 5149 1160 5222 ἔσχε
1175 5147 1270 5205 τοῦ
1285 5149 1569 5205 καλεῖσθαι
1593 5151 1774 5207 αὐτῶν

178 5244 438 5313 ἀδελφὸς,
473 5242 568 5298 καὶ
593 5243 644 5298 oi
677 5241 963 5316 σύνθρονοι
988 5241 1152 5298 αὐτοῦ
1173 5242 1374 5308 πάντες
1401 5244 1450 5298 ot
1473 5243 1622 5314 ἀγιοι
1638 5261 1651 5274 ·
1680 5244 1776 5300 καὶ

186 5337 313 5410 μετ’
353 5334 536 5390 αὐτῶν
569 5333 798 5407 Συμεὼν
826 5335 857 5389 6
897 5335 1014 5401 υῐδς
1046 5335 1142 5390 τοῦ
1193 5336 1572 5410 πατραδέλφου
1611 5337 1776 5392 αὐτοῦ

184 5427 308 5491 υίὸς
336 5427 434 5479 τοῦ
468 5426 700 5492 Κλωπᾶ,
734 5425 1090 5498 τοῦάδελφοῦ
1129 5428 1347 5501 Ἰωσήφ.
1379 5422 1479 5484 Ὧν
1506 5429 1634 5495 τοὺς
1658 5429 1781 5502 χρόα

185 5533 318 5584 νους
350 5517 586 5588 καθεξῆς
623 5519 719 5574 καὶ
743 5517 868 5574 καθ’
901 5517 1093 5590 εἱρμὸν
1124 5518 1236 5575 ἀπὸ
1257 5518 1352 5574 τοῦ
1392 5519 1651 5578 Ἰακώσου
1681 5521 1777 5575 τοῦ

265 5701 296 5750 ι.
312 5700 443 5774 Act.
465 5717 502 5768 ι,
526 5701 579 5757 5.

1872 4505 2141 4561 Praeteriit
2174 4514 2228 4560 et
2269 4504 2507 4560 Jacobus
2547 4504 2757 4575 primus
2794 4502 3300 4574 Hierosolymorum
3339 4503 3459 4575 epi-

1873 4611 2095 4665 scopus,
2133 4595 2227 4665 qui
2279 4594 2446 4650 frater
2476 4593 2692 4650 Domini
2728 4593 3150 4665 cognominatus
3181 4601 3285 4656 est,
3323 4591 3454 4648 fuit-

1871 4704 1981 4759 que
2005 4686 2233 4758 Iosephi
2269 4687 2414 4742 filius
2436 4729 2450 4752 ,
2488 4697 2542 4742 et
2585 4687 2656 4742 ab
2693 4702 2760 4742 eo
2789 4702 2915 4741 cum
2945 4685 3067 4741 aliis
3098 4687 3360 4742 fratribus
3387 4701 3455 4743 ex

1877 4801 2050 4841 uxore
2080 4799 2180 4840 sua
2226 4791 2538 4854 susceptus.
2588 4782 2928 4849 Quibuscum
2965 4781 3229 4838 fratribus
3274 4781 3458 4837 Domi-

1876 4891 1984 4931 nus
2016 4881 2204 4930 noster
2237 4871 2397 4930 Jesus
2429 4873 2685 4930 Christus
2716 4889 2747 4928 e
2781 4871 2952 4927 Maria
2997 4871 3221 4945 Virgine
3252 4889 3455 4928 secun-

1878 4967 2007 5022 dum
2056 4980 2276 5022 carnem
2325 4972 2486 5022 natus
2527 4965 2600 5020 ita
2637 4973 2890 5022 versatus
2935 4973 3052 5032 est,
3087 4973 3146 5019 ut
3177 4964 3301 5021 illos
3345 4965 3462 5019 fra-

1880 5069 2024 5115 trum
2055 5058 2281 5114 haberet
2310 5059 2450 5122 loco,
2475 5073 2540 5114 ac
2579 5059 2822 5116 vicissim
2850 5074 3040 5115 eorum
3066 5058 3236 5113 frater
3266 5058 3456 5127 appel-

1880 5152 2108 5209 laretur.
2143 5150 2341 5206 Mortui
2384 5157 2649 5221 praeterea
2683 5160 2810 5207 sunt
2841 5157 2894 5205 et
2922 5162 3110 5203 omnes
3155 5147 3331 5204 sancti
3367 5146 3460 5203 Ja-

1875 5243 1997 5300 cobi
2047 5243 2104 5299 in
2143 5242 2236 5298 illa
2271 5242 2534 5315 dignitate
2572 5241 2838 5312 collegae:
2885 5255 3104 5311 unaque
3149 5255 3275 5295 cum
3312 5242 3380 5297 iis
3405 5249 3461 5296 et

1879 5337 2117 5410 Symeon
2163 5336 2416 5407 CleOphae
2463 5335 2647 5406 patrui
2691 5335 2838 5390 illius
2884 5347 2948 5388 ac
2993 5327 3218 5404 Iosephi
3265 5331 3455 5389 fratris

1877 5430 2040 5486 filius.
2081 5427 2325 5496 Quorum
2355 5428 2600 5483 omnium
2633 5433 2878 5496 tempora
2917 5423 3226 5495 seriemque
3263 5423 3451 5495 subje~

1878 5523 2057 5580 cimus
2082 5563 2096 5589 ,
2127 5521 2232 5578 hoc
2264 5529 2350 5578 est
2381 5517 2887 5592 Hierosolymorum
2918 5517 3210 5590 episcopos
3237 5530 3460 5582 omnes,

659 5703 678 5732 ²
700 5699 861 5756 Joan.
890 5717 1003 5758 xvn
1029 5703 1080 5758 7.
1161 5703 1324 5760 'Act.
1353 5719 1438 5772 ιιι,
1469 5705 1522 5760 5.
1596 5705 1616 5738 ⁸
1638 5704 1771 5761 ibid.
1813 5720 1854 5771 ι,
1883 5703 1938 5761 5.
