3856 6302
420 264 494 323 ετ)
1822 257 1879 313 S.
1921 256 2004 313 ΕΡ

2117 254 2264 315 ζΛΝΙΙ
3616 252 3699 312 δι

425 380 519 452 qui
566 377 772 434 Iacobo
823 382 1246 439 successerunt,
1303 389 1410 429 una
1454 390 1580 429 cum
1614 373 2004 443 imperatorum

2117 368 2434 433 ἐπισκόπου,
2465 368 2591 433 τοὺς
2624 367 2767 422 κατὰ
2798 366 3045 438 διαδοχὴν
3072 367 3399 431 ἐπισκόπους
3424 368 3481 419 ἐν
3522 367 3700 440 Ἰερο-

427 472 743 529 nominibus
768 468 838 523 ad
882 466 1163 521 Aureliani
1197 465 1465 535 Probique
1500 472 1777 534 tempora,
1809 462 2009 534 quibus

425 566 618 619 Manes
638 574 915 631 emergere
948 559 1137 627 cepit,
1174 558 1337 611 homo
1370 554 1560 617 Persa,
1594 570 1624 608 a
1664 569 1775 624 quo
1809 555 2007 609 absur-

422 652 658 706 dissima
708 650 801 705 illa
832 647 1088 703 doctrina
1118 646 1265 702 edita
1308 652 1393 701 est
1420 651 1475 700 et
1520 644 1574 699 in
1606 643 1794 698 orbem
1836 642 2008 697 intro-

427 743 614 800 ducta.

563 937 823 993 Elenchus
852 935 1213 1006 episcoporum
1246 932 1873 1003 Hierosolymitanorum.

498 1028 617 1084 XX.
653 1028 695 1085 I.
726 1027 987 1095 Iacobus,
1043 1026 1137 1099 qui
1192 1024 1336 1081 fuste
1388 1041 1565 1080 czesus
1615 1022 2006 1093 Hierosolymis

432 1122 758 1192 martyrium
784 1120 939 1183 obiit,
971 1133 1145 1189 usque
1183 1118 1247 1172 ad
1279 1115 1568 1172 Neronem.

501 1212 566 1267 II.
608 1211 865 1284 Symeou,
893 1212 987 1282 qui
1004 1210 1108 1266 sub
1131 1209 1375 1279 Trajano
1392 1209 1445 1262 in
1472 1222 1689 1263 crucem
1711 1215 1868 1261 actus
1892 1215 1997 1261 est.

502 1366 614 1434 (20)
639 1365 913 1431 Ἰάκωϐος
937 1366 970 1418 ὁ
997 1364 1163 1427 ξύλῳ
1188 1362 1460 1434 πληγείς.
1484 1358 2002 1434 Hierosolym‘titano-

431 1451 553 1489 rum
592 1428 905 1488 antistitum
933 1434 1214 1502 catalogus
1241 1428 1343 1486 iste
1372 1428 1435 1486 ex
1486 1430 1706 1502 Eusebii
1744 1428 2002 1502 Chronico

436 1513 491 1559 et
523 1503 762 1559 Historia
790 1503 1100 1572 descriptus
1119 1499 1219 1557 'est
1252 1520 1265 1555 :
1299 1516 1479 1572 quemA
1497 1511 1553 1572 et
1581 1499 2000 1572 Alexandrinum

436 1573 755 1639 Chronicon,
792 1585 844 1627 et
863 1568 1160 1641 Nicéphori
1186 1568 1413 1641 perinde
1428 1568 1738 1641 iCltrom'con
1760 1569 2000 1641 exhibet.

434 1642 512 1699 Ex
536 1644 736 1712 quibus
760 1638 1036 1701 omnibus.
1071 1643 1171 1697 hoc
1189 1638 1278 1695 est
1298 1657 1370 1712 _ex
1405 1640 1724 1712 Eusebianis
1755 1638 1999 1712 fantibus

431 1709 803 1767 emendandus
841 1720 924 1767 est
957 1712 1245 1781 Epiphanii
1296 1710 1651 1781 Latergultts;
1694 1709 1839 1763 velut
1876 1723 1998 1781 cum
2039 1725 2079 1779 Β

432 1785 651 1835 tertium
684 1791 931 1835 numerat
970 1778 1185 1842 ludam,
1216 1782 1309 1849 qui
1340 1782 1407 1834 ab
1442 1779 1767 1849 Eusebioget
1792 1778 2004 1849 caeteris

431 1849 621 1939 Justus
653 1853 975 1939 appellatur.
1008 1852 1139 1904 Item
1167 1846 1553 1939 IV'Z‘acharias
1579 1851 1648 1939 ab
1680 1846 2003 1939 Epithanio;

432 1920 503 1976 ab
533 1922 654 1975 aliis
688 1917 981 1975 ’[acchaeus
1007 1931 1257 1973 voeatur.
1287 1920 1427 1973 Sunt
1457 1928 1510 1973 et
1543 1920 1648 1971 alia
1680 1917 1924 1987 quaedam
1952 1918 2003 1969 in

432 2000 561 2043 nota
596 1998 901 2060 temporum
939 1992 1005 2043 ab
1036 1989 1474 2060 Epiphanio,_vel
1512 1989 1693 2057 potius
1719 2002 1749 2039 a
1782 1988 2007 2060 librario

432 2056 727 2129 commissa
750 2079 762 2113 :
785 2074 904 2129 qua}
934 2069 991 2112 ut
1014 2056 1326 2113 accuratius
1356 2056 1756 2127 disquirantur,
1773 2056 2006 2129 primum

431 2144 466 2183 e
493 2125 1082 2199 Nicephoro'eumdem
1120 2129 1271 2181 illum
1306 2125 1621 2199 Catalogum
1672 2142 1797 2180 cum
1829 2125 2009 2199 singu-

434 2194 948 2252 lorum'antistitum
1020 2199 1180 2253 annis
1229 2194 1626 2260 exscribemus,
1674 2205 1733 2248 ut
1768 2204 1821 2249 et
1850 2194 2009 2247 Nice-

434 2268 669 2337 phorum
700 2268 886 2323 eadem
921 2283 1085 2339 opera
1116 2270 1468 2336 castigemus.

559 2437 840 2479 INDICULUS
875 2438 1487 2480 BIEROSOLVIIITANORIFM
1524 2438 1874 2476 ANTISTITUM.

1098 2578 1365 2648 Episcopi.
1661 2578 2010 2646 Anui,quibus

1706 2667 1972 2722 sederunt.

434 2807 463 2867 ἰ
791 2807 1032 2863 Iacobus
1067 2803 1283 2859 Domini
1318 2802 1475 2858 fratet
1555 2828 1565 2840 -
1658 2799 1826 2855 XXVI

436 2878 483 2936 II
790 2878 1024 2947 Symeon
1051 2875 1303 2945 Cleopbze
1327 2872 1385 2927 Ρ.
1767 2871 1828 2923 ιιι

439 2948 513 3005 Ill
792 2940 982 3023 Iustus
1188 2940 1202 2945 ’

438 3023 509 3079 IV
796 3018 1087 3077 Zacharias
1662 3014 1720 3065 IV

437 3091 486 3147 Ὗ
791 3091 994 3146 Tobias
1661 3082 1727 3136 IV

441 3160 512 3218 VI
797 3160 1079 3228 Beniamin

439 3231 534 3288 VII
795 3222 1035 3285 Joannes
1660 3222 1703 3276 II

440 3300 557 3359 VIII
792 3300 1074 3354 Matthams
1664 3292 1706 3345 Il

441 3372 511 3427 IX
782 3370 1065 3440 Philippus

440 3442 489 3497 X
795 3431 1001 3494 Seneca
1662 3431 1729 3485 IV

444 3511 517 3567 XI
796 3510 987 3564 Justus
1669 3502 1735 3556 IV

444 3580 535 3636 XII
792 3580 920 3635 Levi
1666 3573 1706 3626 II

440 3648 561 3706 XIII
790 3649 1048 3718 Ephraim
1660 3643 1705 3718 II

440 3720 559 3776 XIV
794 3714 993 3789 Joseph

440 3789 537 3845 XV
793 3783 963 3847 ludas
1664 3783 1705 3837 II

442 3859 559 3915 XVI
783 3859 999 3913 Marcus
1662 3850 1772 3905 VIII

442 3928 585 3985 XVII
785 3928 1083 3984 Cassianus
1662 3920 1773 3975 VIII

444 3999 608 4055 XVIII
798 3998 1022 4054 Publius
1657 3993 1699 4045 V

443 4068 562 4125 XIX
793 4069 1057 4124 Maximus
1218 4086 1224 4091 ·
1656 4064 1723 4117 IV

443 4140 536 4195 XX
793 4138 1044 4195 Julianus
1661 4134 1705 4187 II

442 4208 562 4266 XXI
794 4209 1038 4264 Gaianus
1668 4204 1731 4257 III

443 4280 588 4335 XXII
796 4278 1156 4350 Symmachus
1662 4275 1703 4350 II

444 4350 611 4403 XXIII
786 4344 952 4404 Caius
1662 4344 1724 4397 III

445 4418 611 4473 XXIV
788 4417 1038 4472 Julianus
1658 4414 1724 4467 IV

442 4487 586 4542 XXV
790 4486 933 4541 Elias
1659 4483 1698 4535 Il

444 4556 614 4612 XXVI
786 4557 977 4625 Capito

444 4625 633 4681 XXVII
790 4621 1057 4680 Maximus
1660 4621 1726 4675 IV

446 4695 661 4751 XXVIII
791 4697 1101 4752 Antoninus
1657 4693 1702 4746 V

446 4764 617 4822 XXIX
793 4764 992 4819 Valens
1663 4764 1729 4817 III

446 4836 593 4891 XXX
792 4834 1145 4890 Dulichianus
1661 4836 1707 4889 Il

444 4905 541 4960 XX
552 4907 615 4959 XI
783 4902 1076 4961 Narcissus
1658 4906 1727 4960 lV

445 4974 641 5030 XXXII
794 4974 923 5030 Dius
1659 4976 1773 5031 VIII

445 5046 660 5101 XXXIII
786 5044 1079 5100 Germania
1657 5046 1725 5101 IV

444 5116 663 5171 XXXIV
797 5115 1027 5171 Gordias
1663 5117 1707 5170 V

446 5186 661 5259 XXXV
794 5185 1084 5259 Narcissus
1111 5186 1382 5243 secundus
1408 5196 1608 5259 martyr
1665 5188 1710 5240 X

446 5256 682 5328 XXXVI
792 5257 1101 5328 Alexander
1121 5266 1331 5328 martyr
1548 5256 1560 5259 ⁷
1672 5258 1765 5311 XV

448 5324 685 5379 XXXVII
795 5326 1117 5383 Mazabanes
1270 5324 1285 5328 ⁷
1668 5328 1733 5380 IX

448 5394 710 5465 XXXVIII
794 5395 1119 5465 Hymenaeus
1661 5397 1823 5451 XXIII

448 5462 666 5519 XXXIX
789 5462 1004 5523 zabdas
1663 5469 1705 5521 X

447 5534 542 5589 XL
800 5533 1036 5591 Hermon
1668 5537 1732 5590 IX

451 5604 565 5658 XLI
800 5604 1068 5660 Macarius
1663 5605 1757 5661 XX

451 5674 589 5733 XLII
802 5676 1159 5732 Maximianus
1673 5675 1741 5729 VI

2112 459 2367 529 σολύμοις
2415 457 2509 512 καὶ
2559 458 2685 522 τοὺς
2737 456 2858 510 καθ’
2895 457 3124 511 ἕκαστον
3165 456 3387 527 βασιλέα
3439 458 3698 525 ὑπέταξα

2108 549 2212 613 ἓως
2244 549 2338 603 τοῦ
2369 549 2561 620 χρόνου
2602 546 2698 600 τοῦ
2744 546 3186 620 προδηλωοέντος
3234 545 3577 617 Αὑρηλιανοῦ
3629 562 3696 599 τε

2108 640 2202 692 καὶ
2235 640 2468 711 Πρόϐου,
2498 642 2556 692 ἐν
2576 631 2621 706 ᾧ
2648 632 2801 701 οὗτος
2828 638 2857 689 ὁ
2884 637 3077 708 Μάνης
3106 638 3448 707 ὲγνωρίζετο,
3476 637 3697 707 ἅνθρω-

2108 731 2207 794 πὸς
2240 748 2324 794 τις
2350 730 2426 784 ὢν
2455 730 2693 800 Πέρσης,
2736 729 3039 800 ὲγγενήσας
3080 728 3156 798 τῷ
3204 727 3301 799 βίῳ
3333 727 3558 797 ταυτηνὶ
3586 728 3694 797 τὴν

2107 817 2391 872 ἀλλόκοτον
2419 818 2794 873 διδασκαλίαν·
2822 818 2917 871 καὶ
2946 817 3090 870 ἐστιν
3115 816 3284 880 οὕτως
3308 833 3321 848 ⁸

2266 932 2560 1000 Ἔλεγχος
2597 931 2947 985 ἐπισκόπων
2988 928 3497 999 Ἱεροσολυμιτῶν.

2175 1024 2265 1077 K'.
2300 1026 2379 1077 A’.
2418 1021 2672 1085 Ἰάκωϐος
2697 1023 2725 1074 ὁ
2754 1021 2895 1091 ξύλῳ
2930 1020 3161 1091 πληγεὶς
3196 1019 3307 1091 (20)
3348 1023 3405 1073 ὲν
3449 1021 3689 1093 Ἰεροσο-

2104 1113 2293 1183 λύμοις
2321 1114 2671 1185 ἐμαρτύρησε
2701 1113 2862 1184 μέχρι
2891 1112 3158 1184 Νέρωνος.

2176 1202 2249 1256 B'.
2292 1201 2544 1273 Συμεῶνα
2574 1202 2664 1255 ἐπὶ
2691 1201 2959 1271 Τραϊανοῦ
2988 1199 3323 1272 ἐσταυρώθη.

2106 1362 2266 1417 XLIII
2458 1363 2730 1434 Cyrillus,
2790 1377 2899 1434 quo
2963 1362 3031 1434 ab
3108 1360 3326 1415 Arianis

2525 1434 2699 1502 pulso,
2734 1433 3012 1487 substituti
3041 1440 3168 1486 sunt
3204 1440 3316 1485 tres

2456 1502 2718 1557 Arsenius

2455 1572 2737 1627 IIeracIius

2456 1641 2698 1697 IIilarius

2192 1711 2509 1783 Secundum
2534 1727 2671 1783 quos
2702 1714 2896 1768 iterum
2938 1712 3173 1783 Cyrillus
3220 1711 3503 1765 restitutus
3552 1712 3610 1765 in
3637 1711 3681 1764 Il

2108 1782 2326 1853 Synodo
2342 1783 2450 1853 _s_ub
2475 1780 2757 1838 Gratiano.

2187 1851 2312 1905 llam
2341 1851 2631 1921 Nicephori
2684 1852 2998 1907 Chronicon.
3055 1853 3123 1904 At
3154 1849 3422 1907 Eusebius
3452 1850 3547 1903 lib.
3603 1866 3685 1914 Iv,

2108 1937 2230 1992 cap.
2265 1922 2317 1984 5,
2356 1929 2410 1976 et
2458 1922 2509 1992 in
2572 1921 2767 1978 Chron.
2814 1930 2971 1992 negat
3033 1928 3307 1992 constare,
3344 1929 3487 1992 quot
3515 1923 3685 1973 annis

2109 1989 2501 2062 Ilierosolymis
2524 1992 2815 2061 episcopus
2842 1989 3075 2062 quisque
3105 1990 3327 2062 sederit.
3357 1989 3489 2043 Illud
3517 2000 3676 2043 extra

2110 2060 2542 2114 controversiam
2575 2060 2725 2124 esse,
2750 2060 2898 2116 brevi
2929 2061 3217 2130 admodum
3261 2068 3502 2130 tempore
3535 2075 3682 2127 pra:-

2110 2130 2301 2196 fuissc,
2341 2132 2475 2183 adeo
2518 2138 2573 2182 ut
2614 2132 2677 2182 ad
2710 2140 3037 2199 postremam
3082 2129 3388 2183 Iudaeorum
3436 2130 3684 2183 obsidio.

2112 2216 2257 2262 nem,
2293 2214 2413 2268 quae
2446 2200 2547 2253 sub
2593 2200 2829 2255 Adriano
2880 2200 3125 2268 contigit,
3183 2199 3421 2268 episcopi
3476 2200 3687 2252 fuerint

2111 2270 2453 2340 oinninobsv.
2481 2268 2667 2340 Itaque
2700 2271 2841 2340 unde
2873 2268 3209 2340 singulorum
3228 2284 3401 2322 annos
3425 2269 3682 2340 expisca—

2112 2338 2200 2391 tus
2232 2340 2301 2392 sit
2334 2337 2691 2407 Nicephorus,
2726 2337 2985 2393 divinare
3020 2355 3125 2393 non
3159 2354 3399 2406 possum.
3432 2337 3681 2392 Pessime

2115 2419 2292 2477 tamen
2322 2421 2616 2477 conceptos
2655 2425 2777 2463 esse
2826 2426 2935 2462 non
2986 2408 3208 2462 dubium
3241 2416 3344 2462 est.
3380 2407 3433 2459 In
3484 2409 3682 2475 primis

2114 2476 2317 2531 Iacobo
2366 2476 2539 2531 annos
2594 2480 2785 2532 tribuit
2821 2495 2965 2541 xxvr,
3000 2478 3251 2547 Symeoni
3307 2492 3491 2547 xxur:
3528 2479 3677 2546 quod

2114 2558 2404 2615 utrumque
2418 2547 2632 2602 falsum.
2648 2546 2910 2603 Jacobum
2927 2545 3114 2602 eodem
3131 2562 3408 2615 anno,quo
3423 2545 3683 2601 Christus

2115 2618 2167 2669 in
2217 2618 2413 2671 caelum
2474 2618 2739 2687 ascendit,
2799 2617 3108 2687 ordinatum
3174 2618 3680 2687 Hierosolymorum

2114 2688 2429 2756 episeOpum
2455 2687 2613 2741 docet
2640 2686 2907 2743 Eusebius
2949 2689 3000 2739 in
3024 2686 3301 2741 Chronico.
3319 2686 3505 2756 Neque
3527 2688 3678 2740 enim

2114 2772 2303 2809 Verum
2332 2765 2433 2820 est,
2462 2757 2607 2825 quod
2633 2758 3056 2811 Alexandrinum
3086 2759 3277 2811 asserit
3308 2766 3417 2809 tum
3454 2773 3481 2809 a
3516 2756 3680 2811 Petro

2116 2825 2423 2895 ordinatum
2475 2840 2617 2888 esse,
2670 2843 2790 2879 cum
2844 2827 2888 2878 is
2938 2827 3161 2879 Romam
3218 2828 3674 2895 proﬁcisceretur.

2116 2894 2345 2948 Occisus
2373 2904 2453 2949 est
2483 2904 2661 2949 autem
2682 2911 2824 2949 anno
2848 2895 3077 2951 Neronis
3100 2912 3195 2960 vn.
3222 2899 3452 2951 testibus
3484 2897 3675 2949 eodem

2120 2963 2374 3019 Eusebio.
2419 2973 2471 3017 et
2522 2963 2850 3035 Hieronymo
2902 2966 2953 3019 in
3007 2965 3201 3031 Script.
3258 2967 3441 3019 ecclcs.
3496 2965 3678 3086 Longe

2120 3037 2261 3086 enim
2285 3036 2504 3086 aberrat
2552 3033 2841 3086 Alexandr-
2873 3035 3069 3086 Chron.
3102 3036 3247 3086 quod
3285 3036 3600 3086 Vesnasiani
3659 3074 3676 3086 .

2117 3037 2261 3107 enim
2285 3036 2504 3107 aberra_t
2541 3033 2841 3107 ίᾼιεςτοήᾴν.
2873 3035 3069 3091 Chron.
3102 3036 3247 3107 quod
3285 3036 3600 3107 Vespasiani
3625 3033 3677 3098 I,

2115 3103 2309 3160 Indict.
2344 3121 2422 3168 xl,
2458 3103 2627 3159 Galba
2664 3116 2718 3161 et
2743 3106 2865 3161 Tito
2914 3103 3298 3161 Iluhno'coss.
3331 3103 3519 3159 Jacobi
3579 3121 3678 3159 ne-

2112 3191 2229 3229 cem
2252 3175 2539 3244 eonsignat
2557 3191 2608 3245 p.
2629 3175 2747 3230 58L
2773 3176 2892 3229 Jam
2920 3175 3045 3231 v'ero
3068 3179 3135 3239 si,
3170 3184 3227 3230 ut
3256 3175 3678 3245 antea_plurilms

2111 3242 2443 3299 declaratum
2475 3242 2577 3307 est',
2620 3245 2810 3300 Passio
2835 3246 3045 3300 Domini
3078 3247 3132 3299 in
3164 3260 3366 3299 annum
3398 3242 3674 3297 Iulianum

2114 3330 2271 3367 LXXVI
2309 3324 2589 3383 congruat.
2642 3314 2872 3369 Neronis
2906 3331 3032 3370 vero
3071 3331 3167 3379 vn,
3203 3315 3420 3369 Juliano
3441 3329 3526 3375 cv,
3556 3314 3680 3367 Dio-

2113 3388 2342 3454 nysiano
2379 3400 2469 3449 ιχ,
2508 3384 2719 3447 inierit;
2753 3384 2991 3439 Jacobus
3023 3402 3128 3438 xxx
3168 3388 3288 3454 plus
3319 3385 3497 3454 minus
3518 3385 3679 3439 annis

2114 3452 2713 3534 pontiﬁcatutulerunt.
2740 3456 2974 3534 Symeon
3007 3452 3319 3523 porro—cuin
3347 3456 3417 3511 ab,
3444 3452 3678 3534 Eusebio

2114 3522 2166 3576 iu
2201 3522 2458 3578 Chronico
2494 3522 2715 3591 Trajani
2759 3522 2812 3585 ᾖ,
2855 3525 2909 3577 in
2963 3522 3178 3578 erucem
3230 3534 3382 3579 actus
3435 3524 3673 3586 dicatur,

2113 3594 2215 3646 hoc
2245 3600 2328 3647 est
2356 3593 2559 3646 Christi
2610 3594 2730 3656 IO'l,
2774 3609 2947 3649 annos
2977 3595 3183 3649 solidos
3215 3610 3379 3657 vau,
3417 3594 3596 3661 exegit
3622 3595 3674 3646 in

2115 3663 2453 3733 episcopatu.
2488 3664 2838 3731 Insequenlcs
2861 3679 2991 3718 vero
3021 3682 3051 3719 ν
3079 3666 3362 3733 pontiﬁces
3386 3664 3449 3716 ad
3473 3679 3674 3717 annum

2113 3731 2334 3800 Trajaui
2367 3749 2479 3793 χιχ,
2514 3735 2880 3803 ηοηᾷθιιιριίιιε
2935 3751 2968 3788 x
3002 3731 3160 3803 annis
3213 3734 3579 3803 pricfuerunt;
3627 3733 3670 3788 si

2113 3818 2300 3854 verum
2352 3804 2571 3870 scripsit
2607 3801 2962 3871 Epiphanius.
3012 3802 3145 3857 Nam
3194 3801 3323 3857 ivm
3360 3818 3533 3857 annos
3563 3803 3673 3856 illis

2113 3870 2361 3925 attribuit
2399 3873 2452 3925 in
2487 3870 2744 3942 Chronico
2784 3872 3143 3942 Nieephorus.
3175 3873 3483 3927 Secundum
3536 3888 3673 3941 quos

2112 3950 2236 3995 octo
2264 3957 2294 3996 e
2324 3941 2742 4012 circumcisione
2770 3941 2964 4011 reliqui
2994 3953 3120 3997 sunt
3144 3943 3385 4012 episcopi
3415 3943 3479 3995 ad
3499 3950 3674 3995 extre-

2114 4025 2255 4092 mam
2306 4025 2479 4092 usque
2508 4009 2819 4092 Judaeorum
2856 4009 3088 4092 cladem,
3122 4009 3257 4092 qum
3282 4009 3503 4092 Adriani
3540 4027 3669 4064 xvm

2115 4081 2184 4151 ab
2216 4078 2451 4151 Eusebio
2480 4082 2723 4151 ponitur.
2758 4083 2920 4151 Atqui
2955 4098 3088 4135 mit
3127 4078 3350 4136 Adriani
3388 4082 3505 4134 iniit
3533 4096 3673 4134 anno

2110 4148 2314 4203 Christi
2352 4148 2496 4221 I55C
2526 4149 2667 4221 Ergo
2713 4148 2957 4221 episcopi
3006 4152 3081 4205 illi
3141 4168 3234 4205 vm
3294 4168 3402 4206 non
3440 4152 3580 4204 ultra
3606 4167 3671 4203 xx

2114 4234 2287 4273 annos
2318 4220 2501 4274 sedem
2538 4220 2682 4273 illam
2714 4222 3086 4275 obtinuerunt.
3119 4222 3223 4276 Sed
3268 4221 3559 4277 mendosus
3592 4229 3673 4274 est

2116 4288 2398 4361 Epiphanii
2438 4290 2611 4361 locus,
2640 4290 2851 4361 inquo
2898 4292 3159 4359 scriptum
3208 4300 3293 4346 est
3340 4291 3499 4361 μέχρι
3531 4289 3672 4361 ἐνδε-

2116 4360 2280 4431 xit-ou
2311 4359 2613 4431 ξΛνζεωνὶορ.
2637 4358 3023 4431 Uhi_primunr
3040 4376 3136 4431 pro
3160 4358 3457 4414 Ἀντωὺίοσ
3474 4359 3673 4429 Ἀδρια-

2116 4427 2701 4498 νοῦίευὺειίιυοηὼιηι.
2738 4427 2873 4482 Tum
2927 4427 3403 4485 ὲννεάκαιδεκάτου
3448 4445 3544 4498 pro
3569 4427 3671 4482 -ὲν-

2112 4497 2356 4549 δεκάτου.
2399 4499 2669 4568 Eusebius
2699 4500 2864 4560 cnim,
2889 4515 2950 4554 ex
2982 4516 3090 4568 quo
3113 4501 3216 4553 ista
3240 4497 3519 4553 transtulit
3547 4498 3671 4567 Epi-

2114 4567 2367 4639 phanius,
2389 4580 2532 4639 anno
2546 4567 2765 4639 Adriani
2790 4585 2902 4628 nx.
2927 4567 3163 4623 Marcum
3189 4579 3308 4639 post
3349 4586 3414 4623 xv
3439 4568 3671 4623 Iudaica:

2115 4636 2299 4704 stirpis
2327 4637 2620 4709 antistites,
2658 4638 2891 4706 primum
2935 4654 2964 4692 e
2992 4636 3243 4709 gentibus
3280 4639 3667 4709 Hierosolymi-

2115 4716 2295 4759 tanam
2327 4704 2625 4762 Ecclesiam
2654 4704 2857 4763 rexisse
2888 4704 3099 4764 scribit.
3136 4709 3241 4764 Sed
3276 4708 3406 4763 illud
3444 4704 3670 4777 Epipha-

2114 4777 2205 4848 nio
2251 4788 2472 4848 causam
2525 4777 2790 4848 attulisse.
2829 4779 3041 4833 videtur
3068 4780 3308 4841 erroris;
3339 4780 3481 4848 quod
3525 4778 3663 4833 idem

2119 4844 2383 4899 Eusebius
2416 4847 2509 4900 Iih.
2550 4863 2601 4901 tv
2628 4846 2797 4911 Ilist.,
2833 4864 2952 4917 cap.
2994 4850 3047 4911 5,
3078 4865 3201 4902 cum
3231 4844 3669 4917 Ilierosolymita-

2116 4931 2213 4968 nos
2239 4931 2430 4969 omnes
2460 4918 2743 4986 episcopos
2776 4921 3161 4981 recensuisset,
3185 4918 3411 4988 subinde
3447 4917 3666 4988 Adriani

2115 5001 2190 5059 xu
2222 5000 2424 5059 annum
2456 4996 2865 5059 commemorat,
2907 5004 3017 5056 quo
3068 4989 3241 5059 Xysto
3288 4986 3542 5059 defuncto
3569 4986 3669 5043 Te-

2118 5056 2403 5124 lesphorus
2473 5057 2757 5127 successit.
2796 5056 2977 5127 *Undc
3032 5056 3246 5125 collegit
3291 5058 3572 5127 superiora
3600 5059 3664 5110 ad

2115 5140 2316 5196 annum
2348 5141 2401 5177 x1
2440 5126 2731 5196 pertinere.
2790 5125 3101 5195 Sequuntur
3153 5125 3392 5196 episcopi
3441 5144 3493 5189 γ,
3533 5143 3665 5195 quos

2116 5194 2182 5267 ad
2209 5210 2241 5248 χ
2269 5194 2642 5267 AntoniniPii
2682 5194 2911 5267 pertexit
2939 5198 3133 5267 Epiph.
3162 5194 3228 5249 At
3258 5194 3477 5252 Eusebii
3500 5194 3664 5251 Chro-

2115 5265 2268 5335 nicon
2297 5265 2470 5318 solum
2505 5264 2741 5335 Marcum
2770 5265 2835 5318 ad
2860 5264 3062 5335 annum
3095 5274 3267 5335 usQue
3293 5268 3546 5321 Antonini
3577 5283 3664 5321 xu

2117 5334 2393 5400 perducit;
2426 5350 2535 5402 quo
2575 5334 2789 5388 demum
2838 5334 3157 5390 Cassianum
3184 5334 3409 5391 'suIIicit.
3446 5338 3558 5401 Qua
3588 5353 3665 5389 ra-

2117 5402 2262 5455 tione
2289 5419 2399 5473 gxu
2435 5419 2609 5458 annos
2636 5403 2873 5456 Marcum
2902 5414 3114 5473 oportet
3142 5406 3372 5463 sedisse.
3403 5407 3660 5459 Prmterea

2119 5469 2577 5542 interflulianum,
2612 5482 2664 5527 et
2684 5469 2997 5541 Capitonem
3031 5474 3294 5529 Eusebius
3342 5474 3663 5542 etNicepho—

2115 5558 2210 5614 rus
2238 5541 2405 5614 Eliam
2431 5546 3197 5614 ponunt,quemrpraetermisit
3217 5541 3562 5614 Epiphanius.
3594 5543 3663 5599 De

2119 5610 2392 5684 Narcisso,
2416 5610 2670 5684 jejusque
2706 5610 3011 5684 admirabili
3062 5610 3350 5670 sanctitate
3384 5613 3504 5669 vide
3547 5630 3661 5684 qua:

2121 5681 2383 5736 Eusebius
2416 5682 2511 5738 lib.
2542 5699 2591 5735 vi
2618 5682 2875 5753 prodidit.
