3850 6204
206 265 278 322 ‘5
871 265 1242 326 ADVERSUS
1269 269 1612 330 HERESES.
1647 272 1759 332 LIB

1900 269 2063 330 τοιι.
2099 269 2166 326 ll.
2190 299 2256 313 —
2293 269 2564 326 HERES.
2597 270 2777 328 LXVI.

3389 271 3464 338 66

201 381 394 453 λὺμων
423 381 766 455 ὲπίπεμπτος
803 381 1146 458 ἐξαποσταλῇ
1179 387 1258 458 τῷ
1299 389 1490 462 κόσμῳ
1515 391 1608 444 τοῦ
1643 392 1775 446 ὲνοι-

1883 387 2384 460 Hierosolymorum
2441 391 2700 462 episcopo
2753 390 3124 448 introductum
3192 394 3337 450 hunc
3401 399 3458 452 in

201 471 428 534 mﬁwoc
455 474 516 526 εν
539 474 690 526 αὺτῶ
715 474 958 528 διαϐόλου
984 475 1264 547 ἐνεργείας
1301 480 1477 551 πλάνη
1517 481 1612 536 καὶ
1641 499 1778 550 φαν-

199 563 420 627 τασίας,
477 564 764 636 ἀποστήσῃ
785 567 804 597 ⁸
835 565 946 620 ἀπὸ
989 567 1090 640 τῆς
1141 566 1400 640 ἀληθείας
1455 571 1581 638 τοὺς
1631 573 1782 644 αὐτῷ

200 655 526 720 πεισθέντας
555 656 844 712 ἀπατῶσα.

267 839 408 894 KA'.
453 837 868 910 Ἐξελήλεγκται
911 837 1005 896 οὖν
1039 842 1072 912 ή
1124 841 1286 896 αὐτοῦ
1323 845 1658 917 πανταχόθεν
1682 865 1770 902 κυ-

195 928 352 984 ϐεία·
377 929 456 994 ὥς
479 947 546 1000 γε
565 933 594 984 ό
619 930 743 996 νοῦς
767 931 877 986 τῶν
909 932 1144 986 συνετῶν
1161 934 1340 988 πάντα
1361 937 1602 1007 ἀκριϐῶς
1622 941 1782 1006 γνοὺς

197 1022 616 1091 καταγνώσεται
642 1024 742 1094 τῆς
775 1024 940 1077 αὐτοῦ
968 1041 1316 1098 παραπεποιη
1325 1027 1492 1100 μένης
1516 1029 1777 1094 ἐπινοίας.

199 1113 246 1165 Τ
245 1114 284 1167 ἀ
317 1113 376 1167 δὲ
409 1114 544 1168 ἄλλα
586 1115 764 1168 πάντα
803 1113 874 1170 τά
902 1116 1231 1188 νομιζόμενα
1277 1118 1442 1172 αὑτοῦ
1471 1121 1782 1191 σοφίσματα

199 1204 476 1276 ληρῳδίας
517 1204 748 1276 ἔμπλεα,
788 1203 919 1270 λοξά
953 1223 1012 1260 τε
1057 1207 1152 1262 καὶ
1191 1207 1420 1272 ἄστατα,
1450 1211 1602 1280 παρά
1647 1211 1784 1264 πᾶσι

203 1299 446 1362 συνετοῖς
474 1295 859 1367 γελοιαζόμενα
879 1313 892 1326 ·
923 1298 1079 1352 ἆτινα
1103 1298 1244 1352 κατά
1270 1299 1412 1366 λέξιν
1440 1300 1652 1367 διελεῖν,
1686 1303 1783 1357 καὶ

200 1386 272 1440 τά
307 1387 447 1458 πρὸς
471 1385 742 1452 ἀντίθεσιν
783 1386 1000 1440 πάντων
1044 1389 1225 1442 αὐτῶν
1268 1389 1476 1462 γράψαι
1499 1393 1540 1458 ³,
1571 1395 1651 1456 είς
1681 1409 1780 1452 πο-

199 1478 298 1530 λὺν
338 1477 502 1546 ὄγκον
529 1478 737 1532 ὲλάσσω
774 1479 874 1550 τῆς
919 1478 1036 1532 κατ’
1069 1479 1234 1532 αὐτοῦ
1265 1482 1648 1552 πραγματείας
1693 1483 1782 1538 τὸν

200 1567 444 1638 ἔλεγχον.
480 1567 619 1638 Ἤδη
658 1567 716 1620 δὲ
753 1568 977 1640 ἀνδράσι
1016 1569 1272 1638 μεγάλοις
1299 1571 1412 1642 (‘25)
1456 1571 1782 1642 θαυμαστῶς

199 1660 324 1711 κατ’
382 1657 549 1712 αὐτοῦ
601 1657 948 1730 ἀντιρρήσεις
998 1658 1092 1712 τοῦ
1143 1659 1364 1731 ἐλέγχου
1421 1664 1778 1733 πεποίηνται·

1888 482 2150 536 mundum
2193 483 2660 547 errorem.fuisse,
2697 493 2753 538 et
2791 483 3020 550 diaboli,
3047 486 3142 556 qui
3187 487 3244 542 in
3285 489 3460 545 lme-

1881 573 1992 628 tico
2020 573 2117 627 illo
2141 572 2432 639 residebat,
2465 573 2514 628 vi
2541 588 2606 628 ac
2645 572 2837 630 fraude
2863 583 3334 652 propagatumuut
3360 595 3458 638 eos

1882 663 1976 734 qui
2015 663 2175 718 fidem
2199 663 2520 720 adhiberent
2567 679 2598 718 a
2635 665 2867 722 veritate
2901 675 3187 724 revocatos
3217 669 3274 724 in
3303 669 3453 725 frauo

1882 753 2006 810 dem
2039 754 2360 824 impelleret.

1953 835 2096 892 XXI.
2139 837 2502 904 Quamobrem
2537 855 2603 896 ex
2638 841 2785 898 omni
2828 853 2982 914 parte
3027 845 3291 902 convicta:
3327 859 3458 904 sunt

1880 929 2028 988 illius
2076 930 2384 1002 praestigim,
2433 931 2516 987 sic
2571 941 2629 988 ut
2673 935 2998 1004 sapientium
3051 937 3286 1004 animus,
3330 953 3456 996 ιιι

1881 1029 2138 1078 accurate
2157 1029 2354 1077 cuncta
2375 1023 2610 1090 noverit,
2632 1026 3068 1082 commentitium
3095 1028 3243 1086 illius
3259 1029 3458 1102 dogma

1881 1110 2242 1180 condemnet;
2292 1127 2416 1166 nam
2457 1120 2656 1170 caetera
2702 1114 2852 1170 illius
2883 1117 3196 1188 sophistica:
3231 1123 3455 1176 cavilla-

1883 1200 2063 1256 tiones
2093 1217 2362 1272 nugarum
2391 1203 2756 1273 ‘plenissimac,
2789 1206 3055 1277 ambigua:
3081 1219 3134 1264 et
3171 1209 3456 1268 instabiles

1883 1292 2330 1358 prudentioribus
2349 1294 2604 1350 omnibus
2631 1295 2866 1352 ludibrio
2893 1307 3037 1355 sunt.
3071 1299 3202 1366 Quae
3233 1302 3456 1371 quidem

1883 1381 1928 1436 si
1959 1382 2026 1436 ad
2055 1383 2286 1438 verbum
2313 1400 2588 1455 exponere
2627 1401 2693 1440 ac
2731 1387 2962 1458 singulis
2991 1393 3322 1460 respondere
3359 1409 3454 1450 νει-

1882 1469 1997 1534 lim,
2041 1486 2136 1525 ero
2167 1472 2220 1526 in
2263 1473 2366 1528 hac
2411 1474 2606 1531 hazrcsi
2646 1475 2983 1532 confutanda
3019 1479 3258 1550 iongior.
3305 1482 3454 1540 Prst-

1883 1561 2071 1615 sertim
2117 1577 2242 1618 cum
2287 1577 2318 1618 a
2366 1567 2580 1636 magnis
2628 1567 2760 1622 viris
2805 1567 3152 1626 admirabiles
3187 1573 3256 1626 ad
3304 1574 3455 1632 illius

1883 1650 2208 1708 refutandos
2239 1668 2456 1710 errores
2489 1655 2899 1715 lucubrationes
2929 1667 3058 1716 sunt
3085 1662 3264 1718 editae.
3295 1663 3456 1722 Velut

213 1749 496 1821 Ἀρχελάῳ
525 1749 624 1820 μὲν
645 1749 726 1820 τῷ
757 1750 1060 1820 ὲπισκόπῳ,
1085 1750 1161 1814 ὡς
1191 1751 1532 1824 προείρηται,
1569 1755 1775 1828 Ὠριγέ-

1882 1743 1950 1796 ab
1992 1743 2256 1798 Archelao
2298 1745 2576 1818 episcopo,
2629 1758 2686 1804 ut
2721 1756 2880 1804 antea
2927 1751 3140 1806 dictum.
3169 1762 3292 1810 est:
3331 1755 3450 1812 Ori-

199 1853 281 1892 νει
313 1840 391 1901 δὲ,
431 1839 508 1904 ὡς
535 1841 772 1909 ἀκήκοα,
814 1840 1060 1912 Εὐσεόίῳ
1096 1841 1152 1894 δὲ
1179 1841 1258 1913 τῷ
1299 1845 1656 1916 Καισαρείας,
1689 1847 1780 1900 καὶ

199 1930 451 2001 Εὑσεόίῳ
477 1930 554 2002 τῷ
589 1921 842 2002 Ἐμέσης,
885 1931 1192 2004 Σεραπίωνι
1235 1932 1512 2003 Θμούεως,
1553 1935 1778 1992 Ἀθανα-

209 2023 316 2094 σίῳ
365 2022 448 2094 τῷ
511 2023 934 2096 Ἀλεξανδρείας,
981 2024 1238 2095 Γεωργίῳ
1290 2025 1368 2096 τῷ
1427 2026 1776 2093 Λαοδικείας,

211 2111 610 2188 ’Δπολλιναρίῳ
638 2115 716 2186 τῷ
749 2115 1090 2182 Λαοδικείας,
1119 2117 1264 2188 Τίτῳ
1295 2115 1390 2170 καὶ¹
1437 2118 1647 2182 πολλοῖς
1672 2120 1779 2173 τῶν

199 2209 322 2263 κατ’
361 2207 526 2262 αὑτοῦ
550 2207 868 2279 εἰρηκότων.

271 2299 440 2354 Οὐδὲν
493 2299 552 2352 δὲ
593 2297 826 2369 λυπήσει
871 2299 968 2350 καὶ
1005 2297 1114 2352 ἀπὸ
1149 2297 1250 2370 τῆς
1297 2301 1456 2370 ἡμῶν
1509 2301 1780 2371 πτωχείας

195 2386 358 2454 ὀλίγα
403 2387 484 2450 είς
531 2386 795 2457 αἰσχύνην
842 2387 933 2440 τοῦ
984 2388 1218 2441 ὲλεεινοῦ
1268 2388 1556 2461 ἀνθρώπου
1605 2393 1780 2446 εἰπεῖν

197 2475 340 2546 πρὸς
367 2475 679 2548 ἀνατροπὴν
725 2479 824 2547 τῆς
850 2477 1013 2529 αὐτοῦ
1048 2477 1186 2531 κατά
1226 2479 1402 2534 πάντα
1445 2481 1646 2550 τρόπον
1683 2499 1780 2536 πε-

197 2565 552 2638 πλανημένης
575 2566 832 2630 διανοίας,
855 2566 929 2630 ὡς
958 2567 1051 2620 καὶ
1077 2566 1176 2638 ἠδη
1202 2571 1554 2640 προείπομεν.
1599 2571 1780 2623 11600-

195 2659 372 2730 λύμην
399 2659 460 2712 δὲ
491 2659 566 2731 μὴ
593 2659 887 2731 αὐστηροῖς
917 2660 1126 2731 ρήμασι
1153 2659 1244 2712 τὸν
1279 2663 1396 2714 κατ’
1425 2661 1588 2715 αὐτοῦ
1623 2665 1780 2735 ποιή-

197 2749 397 2804 σασθαι
437 2749 680 2820 ἔλεγχον,
715 2749 810 2803 καὶ
857 2747 1135 2820 ἠδυνάμην
1189 2750 1468 2815 ἐπιεικῶς,
1504 2754 1550 2805 εί
1589 2752 1666 2824 μὴ
1697 2753 1780 2806 ὅτι

193 2841 288 2896 τὶν
315 2841 432 2895 τῶν
459 2841 675 2894 πάντων
690 2840 968 2910 Δεσπότην
989 2839 1414 2912 ἀθυρογλώττως
1442 2841 1780 2914 βλασφημεῖν

193 2933 298 2988 οὐκ
329 2927 670 3004 αἰσχύνεται,
692 2931 851 2994 εὐθὺς
879 2930 1040 2984 αὐτὸν
1059 2931 1150 2984 τὸν
1173 2931 1406 3003 Ποιητὴν
1426 2932 1777 3004 ἀρνούμενος,

193 3025 288 3080 τὸν
317 3025 442 3079 τόδε
474 3024 534 3078 τὺ
575 3024 682 3077 πᾶν
709 3021 870 3086 κύτος
896 3021 1127 3094 ούρανοῦ
1169 3040 1229 3076 τε
1257 3024 1352 3076 καὶ
1378 3024 1500 3094 γῆς,
1523 3025 1616 3078 καὶ
1646 3025 1781 3080 πάν-

194 3134 304 3170 των
331 3115 444 3170 τῶν
473 3117 532 3169 ὲν
575 3115 778 3178 αὐτοῖς,
820 3115 913 3167 καὶ
938 3113 1008 3168 τά
1036 3115 1094 3168 ἐν
1125 3113 1205 3185 τῷ
1252 3115 1442 3186 κόσμῳ
1481 3116 1658 3170 πάντα
1681 3117 1776 3188 δη-

197 3206 630 3278 μιουργήσαντα·
659 3205 842 3276 ἕτερον
861 3203 918 3258 δέ
941 3221 1064 3258 τινα
1090 3203 1494 3275 φανταζόμενος
1517 3203 1667 3270 Θεὸν,
1685 3206 1777 3260 τὸν

199 3297 274 3368 μὴ
300 3295 460 3362 ὄντα,
481 3295 576 3350 τδν
601 3295 660 3349 δὲ
705 3295 832 3349 ὄντα
875 3293 1213 3350 καταλιπών.
1248 3293 1504 3359 Ἐξέπεσε
1538 3293 1646 3366 γάρ
1677 3296 1776 3366 τῆς

195 3386 460 3459 ἀληθείας
479 3403 495 3417 ·
526 3387 622 3440 καὶ
646 3385 840 3458 συνέϐη
867 3386 1016 3458 αὐτῷ
1035 3385 1096 3440 τὸ
1119 3388 1218 3458 τῆς
1244 3385 1452 3454 γελοίου
1479 3384 1776 3458 παροιμίας

195 3477 582 3550 ἐνέργημα,ὡς
608 3478 638 3530 ὀ
660 3476 828 3550 κόραξ
851 3476 1048 3550 βρῶμα
1067 3476 1204 3548 ἔχων
1223 3477 1351 3548 περὶ
1377 3476 1438 3530 τὸ
1459 3475 1652 3546 στόμα,
1683 3476 1778 3528 καὶ

195 3570 358 3624 σκιὰν
383 3571 446 3624 ἐν
473 3568 626 3623 ὕδατι
646 3567 738 3622 τοῦ
763 3566 1050 3640 βρώματος
1078 3567 1430 3638 θεασάμενος,
1457 3565 1777 3638 βουλόμενος

193 3662 390 3734 ἑτέρας
419 3662 628 3734 τροφῆς
652 3659 1051 3732 περιγενέσθαι,
1081 3659 1180 3731 τὴν
1202 3655 1366 3712 οὖσαν
1387 3657 1654 3724 ἀπώλεσε,
1681 3657 1775 3710 καὶ

193 3755 294 3828 τὴν
327 3754 407 3824 μὴ
457 3749 622 3808 οὖσαν
653 3753 753 3807 οὐκ
800 3753 1082 3824 ἐκτήσατο.
1134 3751 1231 3814 Τίς
1275 3750 1332 3803 δὲ
1373 3749 1618 3816 ἀνέξεται
1681 3749 1773 3803 τοῦ

193 3845 557 3918 βλασφήμου;
587 3845 651 3897 Ei
678 3843 784 3916 γὰρ
806 3843 1043 3916 πατέρας
1066 3843 1261 3914 ἔχομεν
1285 3840 1426 3896 κατά
1449 3842 1649 3914 σάρκα,
1679 3841 1775 3897 καὶ

191 3935 252 3988 ού
282 3935 534 4006 φέρομεν
585 3933 802 3988 ἀκούειν
847 3935 940 3989 τὸν
973 3935 1172 3990 τούτων
1206 3934 1310 3988 ὑπό
1359 3951 1520 3988 τινων
1563 3933 1728 4004 ψόγον
1757 3951 1770 3966 ·

193 4026 350 4100 πόσῳ
381 4042 450 4094 γε
481 4023 700 4097 μᾶλλον,
745 4026 837 4080 τὸν
877 4025 1080 4099 Κύριον
1107 4025 1236 4080 Θεὸν
1279 4025 1497 4080 πάντων
1535 4025 1641 4106 ύπρ
1677 4025 1772 4078 τοῦ

191 4119 586 4188 χαλεπωτάτου
632 4117 900 4182 Μάνεντος
947 4117 1428 4190 βλασφημούμενον
1473 4117 1568 4172 ἐὰν
1610 4116 1774 4172 ἀκού-ι

195 4228 417 4282 σωμενς
457 4211 624 4264 Ὅταν
649 4206 742 4264 οὖν
773 4212 832 4263 ὲν
862 4208 942 4278 τῷ
970 4209 1108 4262 ὲλέει
1138 4207 1232 4261 τοῦ
1266 4207 1400 4262 Θεοῦ
1429 4207 1624 4280 δμϐροι
1649 4210 1776 4261 ἀπο-

195 4301 528 4355 στέλλωνται
555 4299 694 4353 κατά
723 4298 822 4371 τὴν
847 4299 1009 4352 αὐτοῦ
1044 4297 1374 4368 ἀγαθότητα,
1423 4297 1582 4362 αὐτὸς
1609 4297 1774 4368 βλασ-

1879 1845 2035 1899 gene,
2071 1839 2130 1885 ut
2171 1837 2502 1904 accepimus,
2537 1835 2773 1892 Eusebio
2806 1835 3150 1909 Caesariensi,
3177 1853 3230 1899 et
3275 1843 3450 1902 altero

1881 1923 2171 1986 Eme-seno,
2215 1923 2510 1995 Serapione
2533 1928 2852 1992 Thmucnsi,
2887 1933 3184 1990 Athanasio
3207 1937 3446 1994 Alexan-

1879 2014 2062 2078 drino,
2093 2015 2323 2088 Georgio
2355 2017 2680 2088 Laodiceno,
2717 2023 3052 2091 Apollinario
3097 2026 3226 2080 item
3253 2027 3452 2084 Laodi-

1879 2119 2036 2168 ceno,
2081 2103 2226 2172 Tito,
2265 2122 2328 2161 ac
2361 2109 2638 2179 plerisque
2687 2112 2830 2174 aliis.
2861 2114 2954 2182 qui
2993 2112 3257 2172 adversus
3296 2117 3450 2172 illum

1880 2195 2240 2265 scripserunt.

1950 2285 2068 2340 Non
2108 2287 2212 2342 erit
2243 2294 2448 2352 tamen,
2494 2298 2554 2343 ut
2590 2290 2808 2360 opinor,
2843 2293 3156 2360 molestum,
3197 2294 3241 2350 si
3274 2309 3450 2364 pauca

1881 2392 1980 2446 pro
2003 2378 2184 2452 inopia
2214 2394 2278 2434 ac
2307 2382 2571 2436 tenuitate
2601 2389 2790 2436 nostra
2833 2382 2902 2437 ad
2934 2386 3236 2454 augendam
3271 2387 3455 2458 infeli-

1879 2469 1960 2524 cis
2001 2469 2378 2527 homuncionis
2427 2471 2705 2526 infamiam
2753 2473 2808 2528 in
2856 2475 3094 2530 medium
3137 2476 3451 2544 aderamus,

1878 2560 2334 2630 quemadmodum
2362 2573 2518 2618 antea
2555 2564 2814 2620 diximus.
2845 2564 2904 2620 In
2933 2583 3042 2638 quo
3078 2570 3272 2625 vellem
3293 2572 3453 2642 equi-

1879 2651 2002 2705 dem
2043 2653 2096 2708 in
2131 2654 2278 2708 illius
2317 2671 2502 2710 errore
2539 2655 2862 2726 castigando
2903 2673 3118 2722 omnem
3162 2663 3454 2719 verborum

1880 2743 2230 2813 asperitatem
2267 2745 2477 2818 fugere,
2525 2747 2689 2817 idque
2731 2750 2867 2806 adeo
2905 2751 3102 2807 leniter
3142 2754 3326 2810 facere
3355 2770 3454 2826 po-

1879 2833 2130 2900 tuissem,
2175 2835 2280 2892 nisi
2334 2839 2391 2892 in
2442 2840 2820 2896 universorum
2877 2841 3162 2899 Dominum
3203 2845 3452 2904 .eﬂ’rena-

1887 2935 1999 2980 tam
2027 2926 2226 2996 lingua:
2260 2928 2694 2986 maledicentiam
2725 2931 3104 3002 imprudenter
3132 2934 3452 2994 effunderet.

1879 3014 2089 3088 Quippe
2125 3019 2218 3089 qui
2257 3019 2486 3077 subinde
2528 3021 2876 3080 Conditorem
2908 3024 3086 3095 ipsum
3120 3027 3372 3098 abneget,
3421 3043 3454 3086 α

1879 3124 1987 3178 quo
2017 3117 2130 3164 tota
2173 3110 2289 3166 haec
2319 3113 2444 3167 coeli
2497 3125 2762 3184 terraeque
2805 3116 2995 3182 moles,
3029 3117 3318 3188 omniaque
3341 3119 3455 3176 ilio-

1874 3215 1993 3254 rum
2025 3201 2230 3256 ambitu
2252 3203 2646 3274 comprehensa
2670 3205 2936 3262 fabricata
2976 3216 3126 3263 sunt.
3149 3209 3316 3280 639
3345 3209 3454 3266 Cu-

1875 3290 1968 3360 jus
2039 3291 2158 3348 loco
2216 3295 2402 3350 nescio
2465 3311 2626 3366 quem
2685 3307 3026 3356 commentus
3089 3306 3176 3354 est
3223 3300 3452 3356 alterum

1887 3383 2073 3448 Deum,
2097 3384 2192 3454 qui
2215 3399 2484 3456 nusquam
2511 3389 2604 3452 sit,
2626 3396 2684 3442 ut
2708 3389 2776 3444 ab
2796 3403 2862 3444 eo
2886 3391 2980 3460 qui
3004 3397 3088 3446 est
3107 3389 3290 3462 reipsa
3311 3405 3455 3446 rece-

1876 3473 2048 3529 deret.
2078 3473 2122 3528 Α
2150 3477 2386 3532 veritate
2411 3478 2556 3533 enim
2594 3480 2833 3546 excidit;
2862 3487 2918 3536 et
2944 3481 3047 3536 hoc
3071 3481 3144 3535 illi
3171 3483 3238 3538 de
3269 3481 3454 3538 fabula

1875 3565 2126 3635 contigit,
2173 3581 2280 3636 qua
2318 3582 2518 3624 corvus
2557 3569 2853 3640 aliquando
2885 3570 3078 3636 fertur,
3113 3587 3238 3626 cum
3271 3579 3454 3628 rostro

1877 3655 2135 3725 pabulum
2166 3653 2353 3724 ferret,
2385 3673 2512 3713 mox
2535 3668 2594 3714 ut
2624 3660 2743 3728 ejus
2775 3663 3024 3716 umbram
3055 3652 3110 3716 in
3142 3677 3282 3732 aqua
3319 3678 3452 3718 con-

1875 3747 2118 3818 spicatus
2146 3757 2251 3810 est.
2279 3755 2337 3803 ut
2367 3749 2515 3805 aliud
2558 3752 2665 3806 sibi
2711 3764 3000 3824 quaereret,
3027 3754 3173 3824 quod
3219 3753 3454 3810 habebat

1877 3837 2206 3908 perdidisse,
2244 3855 2345 3894 nec
2371 3855 2491 3896 eam
2528 3857 2696 3910 quam
2728 3858 2835 3897 non
2862 3843 3094 3898 habebat
3126 3844 3450 3900 obtinuisse.

1873 3927 1991 3983 Jam
2034 3943 2163 3984 vero
2205 3931 2329 3999 quis
2362 3931 2742 4002 blasphemum
2784 3934 2936 3989 illum
2981 3934 3216 3990 tolerare
3245 3935 3454 4008 possit?

1873 4021 2007 4077 Nam
2039 4024 2084 4080 si
2116 4033 2371 4094 parentes
2411 4025 2554 4092 illos,
2594 4043 2624 4081 a
2647 4027 2845 4098 quibus
2884 4043 3085 4099 corpus
3115 4029 3448 4100 accepimus,

1875 4116 1943 4171 ab
1972 4117 2160 4187 aliquo
2185 4117 2518 4188 vituperatos
2551 4119 2744 4175 audire
2764 4134 2873 4174 non
2905 4135 3220 4190 possumus,
3243 4129 3452 4190 quanto

1873 4205 1926 4260 id
1962 4207 2143 4262 minus
2175 4205 2320 4262 ferre
2348 4208 2628 4274 debemus,
2669 4223 2792 4262 cum
2834 4209 2904 4264 ab
2940 4209 3326 4264 molestissimo
3357 4205 3464 4263 illo

1875 4295 2173 4352 Manicbtco
2205 4297 2372 4353 Deum
2399 4292 2778 4354 universorum
2809 4298 3097 4354 Dominum
3127 4301 3306 4370 appeti
3334 4315 3450 4354 ma-

193 4391 396 4464 φημῶν
441 4392 544 4444 οὐκ
590 4389 899 4461 αἰσχύνεται
955 4388 1204 4458 φάσκειν,
1256 4387 1329 4460 μὴ
1375 4389 1439 4442 ἐκ
1474 4386 1606 4440 Θεοῦ
1647 4387 1772 4452 τοὺς

1878 4387 2091 4444 Iedictis
2137 4387 2470 4446 audiemus?
2499 4387 2711 4445 Etenim
2734 4404 2858 4444 cum
2890 4405 2920 4444 a
2962 4389 3070 4446 Deo
3099 4406 3198 4462 pro
3237 4391 3450 4446 inﬁnita

192 4483 435 4556 δμὸρους
459 4478 620 4548 εἶναι,
653 4481 786 4536 ἀλλά
810 4480 1106 4552 ἀπορροίας
1137 4481 1434 4551 ἀρχόντων.

1886 4494 1984 4534 sua
2023 4479 2396 4535 misericordia
2435 4495 2498 4536 ac
2544 4481 2789 4538 bonitate
2824 4482 3026 4539 imbres
3065 4498 3096 4539 e
3143 4483 3282 4540 cmlo
3323 4484 3452 4538 mit-

191 4585 410 4642 tuntur,
459 4575 758 4631 maledicus
799 4574 904 4630 iste
947 4587 1057 4628 non
1091 4579 1309 4628 veretur
1339 4587 1369 4626 a
1409 4569 1518 4627 Deo
1563 4569 1764 4626 imbres
1804 4571 1925 4664 illos
1987 4589 2111 4630 esse
2177 4589 2393 4644 negare,
2431 4575 2524 4630 sed
2569 4590 2636 4630 ex
2679 4575 2988 4646 principum
3029 4579 3222 4634 asserit
3253 4574 3451 4647 proﬂu-

189 4674 280 4730 vio
308 4687 590 4730 manasse.

261 4794 282 4826 ¹
315 4789 447 4848 For.
475 4789 566 4844 ἵνα
593 4787 899 4862 ἀποστήσῃ.

259 4909 380 4988 (ιε)
415 4907 570 4976 ἐδτι
609 4905 680 4988 δι
721 4901 982 4988 arma
1022 4905 1329 4988 ueram-
1386 4901 1764 4988 τδβοίιειιῖεεξυξ

185 4976 518 5050 scriptores,
579 4977 674 5047 qui
734 4976 1002 5032 adversus
1069 4976 1494 5030 Manichaeorum
1559 4977 1764 5054 sectam

187 5050 622 5105 commentarios
671 5045 986 5110 ediderunt,
1057 5053 1308 5101 recenset
1368 5045 1550 5099 istos:
1585 5041 1766 5095 Titum

188 5119 588 5192 ljostrenorum
642 5117 997 5192 episcopum,
1055 5114 1379 5192 Diodo_i_-um_
1403 5111 1766 5192 fratrs-ensem,

185 5187 490 5259 Georgium
513 5181 882 5259 Laodiéenur'n
908 5185 1192 5259 Arianum,
1219 5183 1518 5259 Eusebium
1545 5181 1766 5259 Phqzni-

183 5273 310 5332 cem
337 5250 478 5324 '(hoc
498 5267 584 5314 est
611 5255 984 5332 Emesenum).
1017 5255 1178 5332 Quod
1220 5255 1289 5310 ad
1321 5253 1616 5332 Eusebium
1648 5250 1769 5332 (ξαιτ

183 5321 494 5404 sarieusem
541 5329 782 5404 attinet,_
805 5321 1200 5404 Βοιξιύιιςιε-ιίιι.⁸
1235 5340 1276 5389 ι,
1315 5339 1440 5404 cap.
1465 5322 1530 5404 17
1576 5321 1767 5404 εει-ἰδῇ

177 5400 374 5470 jejune
425 5389 828 5470 admodum-in
887 5393 1264 5470 Ecclesiastica
1297 5389 1768 5470 ΔΙιὶἑιοιοίιιήιιιιιιιί-

183 5459 468 5524 chaonio)
517 5469 589 5524 ab
631 5467 726 5542 illo
757 5466 1092 5542 mentionem
1139 5481 1262 5542 esse
1291 5463 1514 5542 factam.
1542 5459 1660 5540 Qua
1695 5459 1766 5542 de

181 5553 356 5612 causa
403 5547 578 5593 totam
621 5535 1062 5612 e_jus_historiam
1107 5551 1176 5612 ex
1231 5531 1764 5612 Ar_chelai__scri_ptis

183 5609 430 5664 uberius.
457 5601 704 5677 exponit.
739 5606 920 5673 Quare
962 5607 1240 5677 praecipuo
1268 5605 1452 5677 aliquo
1473 5601 1615 5677 l_i_br_o
1647 5601 1762 5677 Ιιιιιτ

183 5679 334 5735 resin
351 5669 892 5748 istam'oppugnasse
917 5669 1444 5733 vi'detur'Eusebiiis.
1480 5670 1586 5726 Sed
1615 5669 1762 5740 quod

994 4788 1015 4820 ³
1043 4785 1206 4844 Deest
1245 4799 1349 4840 vox
1373 4782 1697 4856 βουλόμενος
1721 4789 1816 4837 aut
1852 4795 1958 4836 vox
1985 4779 2205 4836 similis.

1859 4897 2146 4969 Origenem
2187 4896 2852 4969 iadvcrsusuManichzeos
2913 4896 3271 4969 elucubrasse
3324 4897 3444 4969 ali-

1859 4966 2380 5040 quidnEpiphanius
2435 4967 2688 5040 afﬁrmat,
2745 4969 3014 5040 temporis
3063 4967 3276 5040 ratione
3321 4966 3446 5036 ipsa

1861 5035 2428 5120 fefellituri‘biortuus
2454 5039 2599 5094 enim
2624 5045 2709 5092 est
2735 5035 3000 5120 Origenes
3025 5037 3187 5120 annis
3233 5035 3438 5120 fere“

1861 5117 2154 5186 antequam
2173 5107 2600 5186 Manichaeorum
2622 5107 2944 5186 superstitio
2967 5108 3028 5186 _in
3060 5107 3236 5160 lucem
3257 5119 3442 5186 emer-

1867 5176 2039 5251 geret.
2079 5176 2730 5256 _Siqu_idem,__grassa_nte
2793 5176 2998 5256 Severi
3037 5176 3442 5256 persecutione,

1869 5245 2017 5324 anno
2044 5245 2171 5319 ejus
2217 5245 2519 5318 imperii'x,
2549 5249 2642 5318 qui
2675 5257 2760 5302 est
2783 5261 2907 5301 arae
2921 5245 3283 5324 __Dion_y_siana:
3310 5259 3444 5324 celi,

1863 5319 2046 5375 aetatis
2074 5315 2313 5372 'annum‘
2336 5315 2589 5388 exegerat
2627 5332 2759 5381 xvu,
2811 5326 2872 5371 ut
2921 5315 3190 5388 Eusebius
3244 5317 3444 5388 asserit

1865 5389 1962 5444 lib.
2001 5404 2090 5465 νιε-
2109 5403 2231 5465 cap.
2264 5389 2318 5443 5.
2346 5385 2495 5465 _Obiit
2529 5403 2657 5442 vero
2687 5401 2832 5465 anno
2875 5386 3054 5442 :etatis
3085 5399 3252 5465 Lx_m,_
3273 5385 3448 5465 impe-

1861 5466 2021 5513 rante
2051 5453 2228 5523 Gallo,
2260 5457 2449 5513 eodem
2493 5467 2718 5512 auctore
2751 5457 2848 5511 lih.
2881 5473 2980 5522 vn,
3009 5471 3112 5526 cap
3143 5455 3196 5510 i.
3225 5453 3444 5510 Additis

1862 5531 2028 5598 igitur
2064 5529 2224 5583 annis
2250 5543 2344 5603 ιιι,
2393 5535 2452 5580 ιιι
2497 5543 2626 5603 L§i_x_
2671 5528 3301 5603 impleantur__mortuus
3357 5531 3444 5603 est

1862 5595 1986 5654 tera:
2020 5598 2332 5654 communis
2358 5611 2503 5654 anno
2527 5597 2656 5664 254,
2696 5595 2792 5654 diu
2844 5607 2968 5654 ante
3017 5595 3324 5652 Manichaaa:
3354 5595 3435 5646 t'a-

1861 5670 2061 5726 ctionis
2087 5677 2290 5724 ortum.
