3850 6204
385 276 460 335 67
1794 271 1852 330 S.
1893 268 2265 327 EPIPIIANII-
3599 262 3674 327 68

308 366 313 369 “
461 393 623 451 xxu.
655 395 813 462 Quod
848 396 915 451 ad
955 396 1164 468 reliqua
1198 397 1459 468 pertinet,
1482 397 1606 467 quis
1629 398 1684 451 in
1712 396 1973 452 hiscom-

2147 394 2275 448 KB’.
2328 391 2407 445 Τὰ
2438 392 2494 444 δὲ
2524 358 2658 444 άλλα
2690 392 2865 445 εἰπεῖν
2903 390 2986 454 τίς
3032 390 3133 444 οὐκ
3180 391 3554 459 ὲκγελάσειεν,
3587 392 3671 456 ὡς

388 490 762 543 memorandis
806 490 978 545 risum
1026 498 1230 553 teneat,
1272 505 1399 545 cum
1436 489 1781 545 Philistionis
1822 489 1975 543 mimi

389 580 639 635 ridiculis
682 582 829 637 illius
876 584 1039 653 nugis
1092 583 1266 652 magis
1310 599 1434 637 esse
1485 583 1614 637 serii
1645 582 1978 636 videantur?

392 670 635 727 Primum
687 676 832 729 enim
880 676 1070 729 nescio
1120 692 1282 744 quem
1324 676 1572 744 bajulum
1622 690 1745 729 esse
1787 674 1974 744 ﬁngit,

402 765 495 832 qui
525 773 728 819 terram
755 777 973 821 omnem
1016 767 1135 821 suis
1167 767 1413 821 humeris
1449 773 1742 829 sustentet,
1782 782 1845 819 ac
1878 765 1977 819 tri-

397 854 603 908 cesimo
649 870 871 925 quoque
928 870 1107 921 anno,
1150 856 1432 910 laborante
1480 857 1653 909 altero
1711 854 1975 919 humero,

398 957 547 998 onus
596 943 654 997 in
708 944 940 998 alterum
983 944 1309 1010 transferat,
1366 946 1507 999 unde
1580 954 1738 1001 terra:
1797 954 1977 1001 motus

403 1034 697 1090 exsistant.
729 1034 884 1100 Quod
909 1036 953 1089 si
979 1036 1030 1090 id
1056 1052 1244 1090 verum
1279 1046 1446 1101 esset,
1488 1038 1737 1091 naturale
1769 1037 1822 1090 id
1860 1052 1977 1090 om-

397 1124 530 1179 nino
564 1124 723 1188 foret,
761 1128 1093 1197 minimeque
1119 1128 1387 1181 divinum.
1428 1127 1533 1183 Sed
1574 1129 1973 1199 praastigiarum

396 1216 663 1272 artiﬁcem
709 1217 1011 1273 Salvatoris
1062 1223 1348 1276 sententia:
1390 1223 1780 1285 condemnant,
1829 1224 1976 1278 velut

396 1323 521 1363 cum
570 1311 646 1364 ait
679 1331 693 1365 ι
732 1310 914 1365 Estote
955 1314 1095 1377 boni,
1143 1316 1277 1367 sicut
1322 1316 1482 1369 Pater
1521 1326 1685 1371 vester
1715 1317 1973 1380 caelestis,

400 1402 649 1470 quoniam
679 1404 812 1455 oriri
842 1403 970 1471 facit
993 1406 1155 1458 solem
1178 1424 1331 1461 suum
1374 1425 1524 1477 super
1544 1409 1722 1477 justas
1763 1420 1810 1463 et
1835 1410 1978 1478 inju-

396 1501 539 1555 stas;
594 1501 643 1545 et
687 1492 821 1561 pluit
866 1510 1024 1563 super
1064 1497 1231 1550 malos
1256 1508 1303 1550 et
1335 1497 1495 1552 bonos
1527 1502 1563 1551 ’.
1600 1499 1728 1553 Item
1762 1519 1775 1555 :
1811 1500 1977 1553 Erunt

398 1591 555 1636 terra:
578 1594 750 1637 motus
773 1600 863 1652 per
891 1585 1027 1649 loca,
1057 1596 1104 1641 et
1129 1588 1318 1657 futiles,
1345 1600 1391 1643 et
1423 1590 1722 1659 pestilentia
1748 1595 1789 1643 '.
1822 1590 1974 1657 Quod

397 1673 445 1729 si
478 1674 802 1730 naturaliter
830 1683 994 1745 atque
1024 1678 1232 1733 usitato
1264 1694 1412 1733 more
1453 1690 1808 1735 terrzemotus
1832 1681 1977 1735 acci-

2079 486 2219 556 τάχα
2254 484 2326 537 τὰ
2358 482 2449 536 τοῦ
2499 482 2846 546 Φιλιστίωνος
2897 478 3036 535 εἶναι
3084 481 3555 554 ἀναγκαιότεραῆ
3600 484 3672 536 τά

2076 578 2177 648 τῆς
2200 577 2389 629 τούτου
2435 575 2793 646 μιμολογίας;
2843 574 3145 647 Ὠμοφόρον
3195 575 3303 646 γὰρ
3356 574 3675 645 μυθοποιῶν

2078 667 2317 721 διδάσκει
2350 662 2688 735 βαστάζοντα
2717 664 2817 735 τὴν
2858 664 2962 735 γῆν
2997 664 3199 729 πᾶσαν,
3246 664 3344 718 καὶ
3376 664 3469 717 διά
3510 665 3671 731 ἐτῶν,

2080 756 2235 828 φησι,
2264 755 2558 827 τριάκοντα
2583 755 2881 826 κάμνοντος
2908 754 3002 807 τοῦ
3024 754 3200 826 ῶμου,
3238 756 3567 827 μεταφέρειν
3592 758 3675 819 εἰς

2078 848 2169 901 τὸν
2195 848 2279 901 ἒτε
2291 864 2381 919 ρον
2409 841 2582 918 ὦμον,
2629 847 2757 910 τοὺς
2779 847 2799 878 ³
2836 848 3094 917 σεισμοὺς
3126 848 3392 917 γίνεσθαι.
3436 849 3500 901 Et
3528 848 3584 901 δὲ
3605 845 3676 920 ἦν

2077 940 2259 1003 τοῦτο,
2318 940 2464 993 κατὰ
2515 938 2676 1008 φύσιν
2717 935 2785 1011 ἦν
2828 939 2890 992 τὸ
2936 941 3192 1011 πρᾶγμα,
3248 942 3345 994 καὶ
3379 941 3565 994 οὐκέτι
3604 936 3675 1012 ἦν

2083 1030 2393 1085 θεσπέσιον.
2438 1031 2751 1102 Ἑλέγχουσι
2786 1030 2844 1083 δὲ
2882 1032 2971 1084 τὸν
3006 1033 3176 1103 γόητα
3214 1034 3263 1085 οἱ
3296 1032 3391 1084 τοῦ
3417 1033 3676 1104 Σωτῆρος

2078 1123 2250 1192 λόγοι,
2281 1123 2357 1187 ὡς
2396 1124 2523 1194 ἔφη’
2557 1124 2811 1177 Γίνεσθε
2838 1123 3068 1193 ἀγαθοὶ,
3104 1124 3186 1188 ὡς
3210 1126 3242 1177 ό
3271 1118 3476 1192 Πατὴρ
3503 1124 3675 1193 ὑμῶν

2080 1215 2113 1270 ὁ
2136 1216 2435 1285 οὐράνιος·
2488 1215 2578 1269 ὅτι
2622 1216 2942 1271 ἀνατέλλει
2986 1215 3093 1268 τὸν
3134 1215 3317 1282 ἣλιον
3354 1217 3542 1271 αὐτοῦ
3572 1217 3675 1269 ἐπὶ

2078 1309 2341 1374 δικαίους
2403 1307 2498 1362 καὶ
2560 1308 2831 1374 ἀδίκους,
2902 1308 3003 1361 καὶ
3048 1307 3259 1377 ,βρέχει
3321 1307 3509 1362 αὑτοῦ
3563 1309 3676 1361 τὸν

2078 1402 2257 1456 ὑετὸν
2281 1402 2381 1454 ἐπὶ
2421 1400 2724 1469 πονηροὺς
2754 1401 2854 1453 καὶ
2895 1400 3176 1470 ἀγαθούςο
3224 1400 3421 1467 καὶτὸ,
3460 1402 3677 1454 Ἔσον-

2078 1512 2173 1548 ται
2201 1494 2440 1564 σεισμοὶ
2474 1494 2625 1547 κατὰ
2674 1495 2881 1556 τόπον,
2923 1494 3021 1547 καὶ
3056 1492 3239 1563 λιμοὶ,
3296 1492 3394 1546 καὶ
3448 1494 3673 1562 λοιμοὶ.

2079 1587 2142 1639 Εἰ
2174 1586 2231 1639 δὲ
2276 1588 2341 1639 ὲκ
2380 1584 2615 1654 φύσεως,
2653 1587 2686 1657 ἢ
2727 1585 2869 1639 κατὰ
2904 1584 3191 1655 συνήθειαν
3216 1583 3325 1656 (26)
3370 1586 3417 1637 οἱ
3459 1584 3678 1654 σεισμοὶ

2079 1678 2376 1748 ἐγίγνοντο,
2432 1678 2691 1742 πολλάκις
2742 1674 2855 1744 οὖν,
2896 1678 3027 1731 ὅτε*
3064 1678 3277 1747 σεισμοὶ
3320 1676 3457 1729 κατὰ
3489 1676 3679 1747 χώραν

400 1763 533 1819 dere
554 1764 831 1831 dicantur,
868 1782 989 1823 cum
1023 1770 1326 1838 srepissime
1356 1771 1526 1825 variis
1558 1770 1610 1825 in
1652 1771 1786 1825 locis
1828 1783 1971 1826 terra

2091 1770 2382 1840 γίγνονται,
2449 1770 2645 1842 συνέϐη
2702 1771 2803 1842 (δὲ)
2856 1771 2950 1824 καὶ
3004 1771 3090 1822 ἐπ’
3151 1770 3393 1823 ἐνιαυτὸν
3451 1768 3677 1839 ολοτελῆ

396 1855 695 1924 quatiatur,
742 1856 878 1912 adeo
918 1867 975 1911 ut
1008 1874 1405 1929 nonnunquam
1453 1867 1567 1915 toto
1606 1876 1750 1915 anno
1783 1862 1974 1931 singu-

398 1943 577 2015 lisque
599 1947 851 2001 noctibus
874 1951 1093 2004 concuti
1119 1949 1386 2013 videatur,
1422 1960 1734 2006 utrumnam
1760 1952 1978 2021 bajulus

404 2034 496 2090 ille
529 2037 792 2094 sauciatis
821 2040 1068 2096 humeris
1104 2041 1309 2096 laboris
1343 2042 1635 2112 impatiens
1662 2044 1977 2097 continuam

357 2176 366 2190 ,
402 2128 545 2182 hanc
565 2129 912 2200 agitationem
940 2131 1156 2187 efﬁcere
1184 2132 1449 2188 dicendus
1466 2135 1583 2188 est?
1609 2133 1743 2201 Quis
1773 2142 1979 2189 tantam

403 2216 758 2272 stoliditatem
796 2220 1097 2274 sustineat?
1123 2218 1261 2285 Quid
1286 2228 1465 2274 autem
1496 2221 1665 2283 aliud,
1685 2220 1830 2290 quod
1863 2236 1986 2290 pro-

402 2306 581 2362 babile
621 2307 922 2374 videretur,
969 2325 1078 2364 non
1125 2326 1295 2365 ausus
1350 2320 1432 2366 est
1487 2312 1767 2367 asserere?
1819 2310 1986 2365 Docet

400 2398 548 2475 enim
581 2399 725 2455 inter
756 2408 979 2467 caetera,
1012 2402 1246 2465 animas,
1277 2418 1397 2473 qua:
1441 2401 1561 2458 falsi
1596 2402 1679 2457 sui
1714 2403 1987 2473 dogmatis

402 2490 634 2546 scientia
680 2492 913 2561 perfusae
963 2502 1113 2558 sunt,
1164 2494 1230 2549 ad
1274 2495 1518 2549 lunarem
1564 2495 1753 2550 orbem
1805 2494 1984 2560 evehi,

402 2596 527 2636 cum
559 2581 737 2637 lucida
767 2583 841 2639 sit
863 2586 1056 2639 anima:
1091 2593 1303 2641 natura.
1334 2584 1508 2651 Quam
1531 2586 1601 2640 ob
1625 2601 1872 2650 causam,
1901 2586 1988 2639 in-

404 2673 542 2743 quit,
568 2674 726 2744 plena
748 2683 832 2730 est
864 2676 999 2731 alias
1031 2676 1180 2743 luna,
1215 2677 1350 2731 alias
1390 2679 1511 2732 luce
1551 2676 1819 2747 privatur,
1846 2676 1992 2748 quod

405 2779 528 2819 eam
572 2765 767 2821 animae
802 2767 1063 2837 repleant,
1095 2784 1215 2838 quae
1252 2768 1584 2823 inﬁdelitatis
1617 2769 1764 2824 illius
1802 2770 1988 2841 cogni-

417 2855 566 2910 tione
592 2857 834 2927 prmditae
857 2874 923 2913 ex
958 2860 1059 2913 hac
1076 2860 1183 2914 vita
1212 2858 1768 2931 discesserint.640
1791 2858 1996 2915 Deinde

403 2948 473 3002 ab
487 2953 613 3003 luna
632 2956 889 3018 tanquam
910 2951 1123 3006 minore
1139 2951 1355 3022 navigio
1371 2951 1888 3007 easdemexonerari
1905 2968 1999 3022 pu-

402 3048 502 3106 tat,
524 3050 579 3096 et
616 3041 761 3095 intra
789 3043 959 3097 solem
988 3043 1179 3113 recipi,
1214 3051 1377 3113 atque
1413 3044 1467 3097 in
1499 3059 1674 3098 aevum
1708 3044 1989 3100 beatorum

403 3134 629 3205 exponi.
665 3133 960 3188 Enimvero
991 3134 1269 3189 obcaecata
1308 3149 1526 3204 semper
1573 3135 1777 3187 malitia
1812 3135 1987 3204 pudo-

407 3242 521 3282 rem
539 3241 701 3282 suum
736 3226 1200 3296 ignominiamque
1232 3241 1343 3281 non
1363 3226 1551 3292 sentit,
1586 3226 1832 3295 adeoque
1858 3227 1991 3297 ipsis

405 3318 524 3374 suis
563 3318 749 3374 verbis
776 3318 1145 3385 convincitur,
1183 3332 1308 3373 cum
1340 3319 1631 3373 mendacia
1663 3334 1762 3373 sua
1792 3320 1990 3389 proba-

406 3412 572 3468 bilem
610 3410 850 3482 aliquam
895 3411 963 3465 ad
1004 3411 1269 3466 rationem
1317 3410 1637 3482 exitumque
1692 3412 1991 3482 perducere

406 3513 665 3576 nequeat.

477 3594 663 3649 XXIII.
694 3593 754 3649 In
806 3595 997 3665 primis
1049 3595 1193 3649 enim
1234 3610 1376 3649 unus
1410 3594 1576 3649 homo
1602 3592 1872 3650 formatus
1903 3606 1990 3650 est

404 3685 672 3751 Adamus,
726 3700 758 3739 a
802 3701 912 3756 quo
971 3687 1255 3757 utriusque
1300 3702 1466 3742 sexus
1514 3686 1668 3742 liberi
1705 3690 1989 3759 propagati

406 3785 557 3832 sunt.
595 3775 734 3831 Tum
757 3776 860 3832 sub
887 3776 1074 3831 mundi
1107 3777 1346 3839 initium,
1376 3791 1520 3830 anno
1549 3778 1770 3833 circiter
1793 3778 1989 3832 Adami

406 3869 733 3933 centesimo,
777 3870 909 3924 Abel
956 3869 1280 3925 interfectus
1319 3878 1423 3933 est,
1456 3886 1633 3925 annos
1679 3882 1839 3928 natus
1878 3873 1990 3928 I'ere

406 3959 657 4028 triginta.
700 3959 829 4014 Post
862 3960 1032 4025 hunc,
1081 3961 1174 4030 qui
1230 3962 1442 4031 primus
1484 3963 1725 4016 omnium
1769 3964 1990 4019 occisus

406 4058 513 4119 est,
547 4051 759 4121 primus
787 4066 986 4121 parens
1028 4052 1271 4108 Adamns
1304 4055 1356 4106 in
1394 4062 1538 4108 terra
1581 4055 1817 4107 moritur
1845 4070 1990 4108 anno

406 4144 820 4215 nongentesimo
843 4144 1143 4210 tricesimo,
1178 4160 1301 4198 cum
1330 4145 1443 4215 jam
1476 4145 1559 4199 sol
1586 4153 1639 4200 et
1666 4147 1816 4210 luna,
1861 4147 1991 4202 stel-

406 4235 581 4307 laeque
621 4245 835 4292 caeterte
864 4244 1066 4306 quarto
1100 4236 1188 4293 die
1224 4238 1280 4291 in
1315 4238 1455 4293 coelo
1483 4240 1658 4293 deﬁxa
1697 4242 1990 4311 producta~

406 4345 513 4401 que
530 4329 785 4385 fuissent.
808 4330 950 4396 Quid
983 4330 1171 4400 igitur,
1206 4331 1277 4384 mi
1302 4331 1487 4393 homo,
1520 4331 1721 4387 dicturi
1758 4336 1992 4390 sumus?

2077 1863 2199 1916 καθ’
2246 1863 2482 1933 ἑκάστην
2535 1861 2705 1916 νύκτα
2759 1861 3016 1925 πολλάκις
3060 1861 3380 1915 σαλεύεσθαι
3420 1861 3520 1929 τὴν
3546 1861 3673 1930 γῆν.

2078 1948 2228 2025 *Αρά
2264 1954 2329 2022 γ’
2390 1948 2484 2008 οὖν
2538 1951 3041 2024 τραυματωθέντων
3094 1952 3202 2006 τῶν
3258 1952 3353 2007 τοῦ
3382 1949 3677 2024 ὼμοφόρου

2081 2042 2281 2115 ὤμων,
2347 2045 2702 2115 άφερεπόνως
2765 2043 2955 2113 ἄγεται
3036 2043 3285 2114 ἐνδελεχῆ
3354 2043 3679 2114 ποιούμενος

2082 2134 2174 2188 τὸν
2211 2135 2405 2203 σάλον;
2452 2136 2561 2188 Καὶ
2621 2136 2705 2199 τίς
2747 2135 2992 2202 ἀνέξεται
3030 2135 3132 2207 τῆς
3183 2136 3441 2206 τοιαύτης
3492 2153 3680 2207 pupa-

2084 2226 2303 2296 λογίας;
2341 2227 2405 2280 Τί
2443 2227 2500 2280 δὲ
2541 2227 2668 2282 ἄλλο
2724 2227 2951 2281 πιθανὸν
2988 2227 3089 2281 ούκ
3143 2228 3441 2299 ἐτόλμησεν
3470 2230 3681 2293 simtu;

2084 2318 2288 2371 Φάσκει
2319 2319 2427 2389 γὰρ
2453 2321 2481 2371 6
2510 2317 2770 2383 τοιοῦτος,
2808 2317 2913 2383 δτι,
2946 2321 3099 2390 φησι,
3131 2319 3230 2382 τὰς
3257 2321 3315 2373 ὲν
3342 2318 3544 2388 γνώσει
3576 2320 3682 2391 τῆς

2088 2408 2254 2463 αὑτοῦ
2290 2408 2498 2480 πλάνης
2540 2408 2718 2479 ψυχὰς
2751 2410 3049 2481 γενομένας
3082 2408 3564 2481 ἀναλαμϐάνεσθαι
3597 2414 3682 2473 εἰς

2090 2504 2187 2574 τὴν
2220 2503 2471 2575 σελήνην,
2514 2504 2781 2574 φωτεινῆς
2822 2498 3009 2568 ούσίας
3046 2504 3144 2575 τῆς
3182 2503 3364 2575 ψυχῆς
3400 2498 3685 2575 ὑπαρχού-

2094 2612 2213 2667 σης,
2239 2596 2352 2661 Διὸ,
2374 2594 2529 2667 φησὶ,
2558 2596 2754 2667 πλήθει
2784 2598 2817 2667 ή
2848 2596 3070 2668 σελήνη,
3101 2596 3193 2649 καὶ
3217 2596 3415 2665 φθίνει.
3442 2595 3686 2668 πληρου-

2096 2686 2230 2758 μένη
2260 2686 2368 2741 ἀπὸ
2395 2688 2503 2742 τῶν
2528 2687 2717 2758 ψυχῶν
2747 2687 2855 2741 τῶν
2884 2686 3231 2741 τελευτωσῶν
3257 2688 3314 2740 ὲν
3348 2682 3548 2756 γνώσει
3579 2688 3686 2757 τῆς

2094 2779 2351 2843 ἀπιστίας
2380 2780 2567 2851 αὐτῆς.
2604 2777 2759 2845 Εἶτα,
2792 2780 2947 2852 φησι,
2989 2778 3399 2850 άπογομοῦσθαι
3438 2776 3547 2831 ἀπὸ
3579 2778 3686 2848 τῆς

2098 2871 2326 2943 σελήνης
2356 2871 2451 2925 τοῦ
2487 2872 2816 2943 μικροτέρου
2845 2872 2978 2944 φησι
3009 2872 3269 2941 σκάφους,
3304 2872 3384 2934 είς
3411 2871 3503 2923 τὸν
3528 2870 3687 2942 ἥλιον

2096 2962 2154 3015 δὲ
2187 2963 2658 3034 παραλαμϐάνειν,
2694 2966 2787 3018 καὶ
2817 2962 3165 3019 ἀποτίθεσθαι
3202 2966 3282 3027 είς
3304 2962 3395 3017 τὸν
3423 2963 3534 3017 τῶν
3570 2980 3687 3034 μα-

2100 3055 2286 3126 κάρων
2323 3055 2516 3120 αἰῶνα,
2550 3056 2734 3128 φησίν.
2785 3056 2897 3110 Ἀεὶ
2937 3057 2994 3112 δὲ
3040 3056 3214 3130 τυφλὴ
3259 3056 3600 3129 τυγχάνουσα
3646 3059 3688 3130 ἠ

2094 3149 2283 3212 κακία,
2315 3148 2415 3218 τὴν
2444 3146 2645 3220 ἑαυτῆς
2671 3146 2934 3220 αἰσχύνην
2967 3152 3173 3219 ἀγνοεῖ,
3210 3152 3285 3214 ὠς
3309 3150 3420 3205 ἀπὸ
3451 3150 3560 3203 τῶν
3584 3151 3686 3203 λδ-

2092 3255 2205 3307 γων
2242 3239 2416 3310 αὐτῆς
2463 3240 2761 3311 ἐλέγχεται,
2807 3241 2883 3312 μὴ
2928 3240 3198 3314 δυναμένη
3246 3242 3533 3295 τελειῶσαι
3570 3242 3689 3296 τῶν

2090 3330 2420 3402 ψευσμάτων
2445 3332 2543 3402 τὴν
2564 3332 2863 3389 τελείωσιν.

2162 3596 2288 3649 Kl".
2325 3594 2549 3667 Πρῶτον
2576 3592 2676 3666 μὲν
2707 3596 2816 3668 γὰρ
2842 3596 2923 3649 ὅτι
2949 3591 3029 3661 εἷς
3049 3596 3337 3669 ἄνθρωπος
3362 3598 3685 3654 πέπλασται

2090 3687 2119 3739 ὁ
2156 3688 2346 3758 Ἀδὰμ,
2381 3688 2440 3755 ἐξ
2477 3680 2649 3760 οὗπερ
2683 3688 3041 3758 γεγέννηνται
3081 3690 3185 3741 υἱοί
3217 3707 3275 3742 τε
3312 3691 3404 3744 καὶ
3439 3691 3684 3760 θυγατέ-

2095 3795 2205 3849 ρες*
2250 3780 2308 3831 ἐν
2351 3782 2417 3850 τῇ
2464 3780 2606 3852 ἀρχῇ
2648 3780 2705 3833 δὲ
2749 3783 2849 3852 τῆς
2896 3782 3254 3852 κοσμοποιίας
3281 3782 3395 3852 (‘27)
3442 3784 3575 3855 περ)⁵
3620 3786 3687 3839 τὸ

2091 3869 2323 3925 ἕκαστον
2357 3870 2476 3935 ἔτος
2507 3871 2600 3924 τοῦ
2644 3872 2836 3942 Ἀδάμ,
2884 3872 3054 3926 πλείω
3090 3874 3321 3938 ἐλάσσω,
3359 3876 3687 3930 ἀποκτείνε-

2090 3981 2179 4017 ται
2216 3963 2403 4031 Ἅϐελ,
2436 3959 2511 4027 ὡς
2540 3964 2675 4017 ἐτῶν
2702 3964 2949 4039 ὑπάρξας
2975 3967 3039 4030 λ’,
3068 3966 3237 4020 πλείω
3262 3967 3495 4022 ἐλάσσω.
3521 3970 3687 4023 Μετὰ

2090 4054 2277 4107 τοῦτον
2298 4055 2387 4108 τὸν
2417 4056 2631 4128 πρῶτον
2652 4056 3063 4111 ἁποκτανθέντα
3083 4059 3311 4131 τελευτᾷ
3330 4060 3423 4111 ἐπὶ
3452 4060 3552 4129 τῆς
3577 4062 3688 4132 γῆς

2092 4147 2121 4198 6
2161 4146 2329 4219 Ἀδάμ
2356 4151 2383 4201 6
2411 4149 2835 4221 πρωτόπλαστος
2861 4150 2927 4203 δι’
2955 4150 3090 4203 ἐτῶν
3118 4152 3227 4218 ξδλκ
3259 4151 3352 4205 τοῦ
3390 4151 3546 4223 ἡλίου
3583 4156 3685 4207 καὶ

2092 4239 2191 4310 τῆς
2224 4241 2452 4312 σελήνης
2483 4243 2576 4296 καὶ
2612 4242 2720 4295 τῶν
2758 4243 2975 4313 ἄστρων
3007 4244 3115 4297 ἀπὸ
3153 4246 3420 4316 τετάρτης
3462 4247 3683 4318 ἡμέρας

2092 4329 2150 4383 ὲν
2173 4330 2387 4402 οὐρανῷ
2426 4331 2741 4401 πηχθέντων
2774 4332 2868 4384 καὶ
2901 4332 3247 4388 κτισθέντων.
3289 4334 3353 4387 Τί
3381 4330 3474 4388 οὖν
3505 4338 3682 4389 εἴπω-

405 4420 598 4478 Nonne
623 4423 840 4477 tandem
857 4424 1163 4476 convictam
1186 4439 1309 4478 esse
1339 4424 1693 4479 stoliditatem
1722 4436 1869 4480 tuam
1905 4428 1984 4481 fa-

2098 4440 2218 4494 μεν,
2266 4418 2311 4477 ὦ
2360 4418 2540 4489 οὗτοςς
2587 4423 3025 4495 Ὀμολογήσομεν
3072 4424 3163 4479 τὸν
3209 4426 3308 4497 τῆς
3342 4426 3533 4493 άνοίας
3583 4446 3682 4483 σου

410 4512 890 4570 tebimurHierine
920 4515 1065 4567 enim
1112 4514 1285 4582 potuit
1337 4516 1469 4569 totis
1502 4524 1559 4569 ut
1601 4519 1891 4586 nongentis
1920 4534 1987 4573 ac

411 4605 632 4676 triginta
660 4607 819 4659 annis
860 4620 959 4659 nec
1002 4606 1323 4674 impleretur
1368 4607 1517 4670 luna,
1568 4624 1746 4678 neque
1798 4609 1987 4667 decre-

410 4696 618 4751 sceret?
639 4695 977 4761 Quibusnam
1019 4705 1198 4750 autem
1240 4698 1440 4753 animis
1475 4709 1597 4769 post
1634 4710 1862 4758 mortem
1902 4719 1989 4759 re-

414 4787 548 4842 ferta
579 4802 701 4843 esse
732 4787 860 4841 luna
902 4796 963 4840 ut
1010 4787 1328 4857 impleretur
1376 4791 1595 4860 potuit?
1645 4793 1733 4847 dic
1758 4832 1771 4856 ,
1801 4793 1982 4849 sodes.

410 4877 677 4933 Nimirum
704 4878 805 4932 hoc
829 4878 1158 4935 Manichacus
1190 4881 1505 4952 ignorabat;
1546 4900 1667 4939 esse
1690 4886 1985 4955 prudentes

411 4974 624 5044 aliquos
655 4974 746 5044 qui
784 4989 891 5027 non
931 4974 1189 5029 inanibus
1240 4978 1561 5041 mendaciis,
1601 4978 1698 5032 sed
1735 4980 1985 5036 certissi-

478 5156 495 5187 ι
528 5153 719 5210 Matth.
752 5171 803 5219 v,
835 5155 925 5210 45.

482 5334 591 5407 (26)
626 5336 697 5389 El
736 5336 803 5388 δὲ
856 5337 923 5389 ἐκ
980 5338 1222 5405 φύσεως
1256 5379 1271 5403 ,
1330 5336 1367 5404 ἢ
1429 5336 1577 5391 κατὰ
1639 5337 1993 5403 συνήθειαν.

410 5404 596 5460 Terrae
645 5416 827 5459 motus
878 5404 1223 5463 naturalibus
1280 5422 1347 5462 ex
1399 5410 1585 5462 causis
1638 5408 1773 5462 oriri
1829 5410 1995 5464 nimis

412 5475 697 5598 IIBtmrth);
731 5492 926 5547 negare
940 5479 1174 5533 videtur.
1197 5477 1353 5544 Quod
1381 5488 1435 5534 et
1461 5476 1605 5548 apud
1637 5477 1987 5535 Philostrium

430 5561 663 5598 emmus.

771 5616 846 5685 τῇ
874 5616 1028 5687 ἀρχῇ
1052 5618 1118 5670 δὲ
1141 5617 1251 5685 τῆς
1271 5620 1684 5689 κοσμοποιίας.
1706 5619 1827 5686 Quo
1849 5635 1993 5675 anno

412 5688 770 5763 post‘orbem
816 5692 1094 5744 conditum
1152 5688 1395 5745 Abelum’
1440 5692 1684 5746 Adamus
1719 5692 1995 5762 genuerit.

1006 5158 1024 5186 ²
1053 5154 1219 5209 Mare.
1248 5172 1366 5221 xm,
1394 5157 1462 5221 8;
1506 5166 1559 5212 et
1591 5158 1778 5213 Matth.
1816 5176 1965 5227 xxiv,
1998 5160 2050 5213 7.

2093 4516 2346 4587 ἔλεγχον,
2381 4516 2505 4580 Πῶς
2538 4516 2647 4590 γάρ
2678 4516 2911 4587 ἠδύνατο
2944 4519 3234 4573 ἐννακόσια
3261 4519 3557 4592 τριάκοντα
3584 4522 3682 4593 ἔτη

2093 4608 2349 4677 γενέσθαι
2393 4608 2522 4663 ἄνευ
2567 4609 2663 4663 τοῦ
2726 4610 2936 4679 φθίνειν
2985 4612 3217 4684 σελήνην
3268 4613 3364 4666 καὶ
3416 4613 3681 4687 πλήθεινς

2093 4701 2269 4754 Ποίων
2314 4701 2489 4755 τοίνυν
2532 4701 2721 4773 ψυχῶν
2772 4704 3181 4775 τελευτησασῶν
3224 4708 3599 4779 ἐνεπίμπλατο
3644 4714 3680 4784 ἡ

2097 4793 2293 4865 σελήνη
2323 4795 2417 4847 καὶ
2438 4794 2773 4866 ὲπληροῦτο;
2798 4794 2944 4864 λέγε.
2980 4795 3119 4849 Ἀλλ’
3142 4798 3325 4868 ἠγνόει
3350 4800 3681 4870 Μανιχαίος,

2089 4887 2171 4940 ὅτι
2204 4886 2314 4939 εἰσὶ
2345 4890 2575 4953 συνετοὶ,
2608 4889 2669 4941 ού
2711 4889 2892 4957 λόγοις
2926 4888 3144 4944 ψευδέσι
3173 4891 3506 4963 πειθόμενοι,
3540 4895 3683 4948 ἀλλὰ

2091 4979 2485 5051 ἀληθεστάταις
2514 4980 2871 5045 ἀποδείξεσιν.
2900 4978 3033 5036 Εἶτα
3069 4980 3126 5036 δὲ
3152 4982 3351 5056 δῶμεν,
3385 4985 3466 5038 ὅτι
3505 4986 3684 5051 οὕτως

2130 5161 2151 5190 ³
2186 5160 2316 5232 Leg.
2350 5163 2443 5216 καὶ
2466 5162 2610 5216 οὕτω
2638 5162 2786 5227 τούς.
2866 5163 2888 5195 ⁸
2926 5162 2988 5218 F.
3008 5163 3065 5217 οἴ
3090 5180 3172 5218 τε.

2097 5338 2314 5412 Moyses
2342 5341 2533 5395 tacuit.
2564 5338 2666 5396 Hic
2700 5355 2844 5395 anno
2866 5341 3167 5412 centesimo
3193 5348 3421 5396 necatus
3450 5339 3682 5406 dicitur,

2095 5411 2219 5465 cum
2259 5411 2438 5466 aetatis
2462 5419 2648 5482 ageret
2678 5428 2806 5465 xxx.
2838 5411 2997 5467 Unde
3025 5427 3140 5482 Lxx,
3162 5412 3382 5466 circiter
3404 5425 3552 5482 anno
3580 5427 3683 5465 na-

2096 5489 2209 5534 tum
2250 5480 2519 5551 Oportuit.
2552 5482 2659 5537 Sed
2696 5483 2809 5537 haec
2847 5497 2997 5536 mera
3036 5481 3299 5536 divinatio
3349 5492 3456 5536 est.
3506 5480 3685 5536 Porro

2096 5552 2407 5624 ἑκατοστόν,
2437 5568 2535 5624 pro
2562 5552 2794 5609 ἕκαστον
2809 5552 3209 5611 emendandum
3236 5567 3357 5609 esse
3385 5566 3549 5607 nemo
3572 5566 3685 5607 non

2094 5623 2261 5678 videt.
