  <div class='ocr_page' id='page_1' title='image "/cluster/home/n/w/nwhite01/storage/ocr_20150623/42/hvd.32044011752995/034.png"; bbox 0 0 3850 6204; ppageno 0'>
   <div class='ocr_carea' id='block_1_1' title="bbox 201 276 3454 346">
    <p class='ocr_par' dir='ltr' id='par_1_1' title="bbox 201 276 3454 346">
     <span class='ocr_line' id='line_1_1' title="bbox 201 276 3454 346; baseline 0 -2"><span class='ocrx_word' id='word_1_1' title='bbox 201 286 272 344; x_wconf 76' lang='lat'>63</span> <span class='ocrx_word' id='word_1_2' title='bbox 847 284 1217 343; x_wconf 75' lang='lat' dir='ltr'><strong>ADVERSUS</strong></span> <span class='ocrx_word' id='word_1_3' title='bbox 1253 285 1597 340; x_wconf 70' lang='lat' dir='ltr'><strong>ILERESES</strong></span> <span class='ocrx_word' id='word_1_4' title='bbox 1635 285 1762 342; x_wconf 86' lang='lat' dir='ltr'><strong>LIB.</strong></span> <span class='ocrx_word' id='word_1_5' title='bbox 1805 286 1872 344; x_wconf 89' lang='lat' dir='ltr'><strong>ll.</strong></span> <span class='ocrx_word' id='word_1_6' title='bbox 1913 284 2078 343; x_wconf 78' lang='grc' dir='ltr'><strong>ΤΟΜ.</strong></span> <span class='ocrx_word' id='word_1_7' title='bbox 2120 285 2258 341; x_wconf 87' lang='lat' dir='ltr'><strong>ll.-—</strong></span> <span class='ocrx_word' id='word_1_8' title='bbox 2309 276 2584 342; x_wconf 66' lang='lat' dir='ltr'><strong>ILERES.</strong></span> <span class='ocrx_word' id='word_1_9' title='bbox 2614 285 2801 343; x_wconf 79' lang='lat' dir='ltr'><strong>LXVI.</strong></span> <span class='ocrx_word' id='word_1_10' title='bbox 3384 289 3454 346; x_wconf 80' lang='lat'><strong>70</strong></span> 
     </span>
    </p>
   </div>
   <div class='ocr_carea' id='block_1_2' title="bbox 197 396 1799 468">
    <p class='ocr_par' dir='ltr' id='par_1_2' title="bbox 197 396 1773 468">
     <span class='ocr_line' id='line_1_2' title="bbox 197 396 1773 468; baseline 0 -17"><span class='ocrx_word' id='word_1_11' title='bbox 197 396 370 461; x_wconf 69' lang='grc' dir='ltr'>ἐστὶν,</span> <span class='ocrx_word' id='word_1_12' title='bbox 398 397 532 468; x_wconf 79' lang='grc' dir='ltr'>ὅπερ</span> <span class='ocrx_word' id='word_1_13' title='bbox 566 397 666 449; x_wconf 71' lang='grc' dir='ltr'>οὐκ</span> <span class='ocrx_word' id='word_1_14' title='bbox 711 397 841 462; x_wconf 80' lang='grc' dir='ltr'>ἔστι,</span> <span class='ocrx_word' id='word_1_15' title='bbox 875 398 949 467; x_wconf 84' lang='grc' dir='ltr'>μὴ</span> <span class='ocrx_word' id='word_1_16' title='bbox 978 398 1222 465; x_wconf 71' lang='grc' dir='ltr'>γένοιτοῑ</span> <span class='ocrx_word' id='word_1_17' title='bbox 1258 397 1352 450; x_wconf 72' lang='grc' dir='ltr'><strong>καὶ</strong></span> <span class='ocrx_word' id='word_1_18' title='bbox 1387 398 1494 451; x_wconf 85' lang='grc' dir='ltr'><strong>ἀπὸ</strong></span> <span class='ocrx_word' id='word_1_19' title='bbox 1533 398 1640 451; x_wconf 85' lang='grc' dir='ltr'><strong>τῶν</strong></span> <span class='ocrx_word' id='word_1_20' title='bbox 1668 398 1773 467; x_wconf 75' lang='grc' dir='ltr'><strong>ψυ-</strong></span> 
     </span>
    </p>
   </div>
   <div class='ocr_carea' id='block_1_3' title="bbox 1904 396 3454 468">
    <p class='ocr_par' dir='ltr' id='par_1_3' title="bbox 1904 399 3454 459">
     <span class='ocr_line' id='line_1_3' title="bbox 1904 399 3454 459; baseline 0.003 -5"><span class='ocrx_word' id='word_1_21' title='bbox 1904 401 1984 454; x_wconf 89' lang='lat' dir='ltr'><strong>nis</strong></span> <span class='ocrx_word' id='word_1_22' title='bbox 2012 399 2574 457; x_wconf 87' lang='lat' dir='ltr'><strong>demonstrationibus</strong></span> <span class='ocrx_word' id='word_1_23' title='bbox 2612 401 2954 457; x_wconf 78' lang='lat' dir='ltr'><strong>adducantur</strong></span> <span class='ocrx_word' id='word_1_24' title='bbox 2978 407 3036 454; x_wconf 92' lang='lat' dir='ltr'><strong>ut</strong></span> <span class='ocrx_word' id='word_1_25' title='bbox 3073 400 3318 458; x_wconf 81' lang='lat' dir='ltr'><strong>credant.</strong></span> <span class='ocrx_word' id='word_1_26' title='bbox 3347 401 3454 459; x_wconf 75' lang='lat' dir='ltr'><strong>Ve-</strong></span> 
     </span>
    </p>
   </div>
   <div class='ocr_carea' id='block_1_4' title="bbox 197 486 1774 560">
    <p class='ocr_par' dir='ltr' id='par_1_4' title="bbox 197 486 1774 560">
     <span class='ocr_line' id='line_1_4' title="bbox 197 486 1774 560; baseline 0.001 -21"><span class='ocrx_word' id='word_1_27' title='bbox 197 487 312 559; x_wconf 86' lang='grc' dir='ltr'><strong>χῶν</strong></span> <span class='ocrx_word' id='word_1_28' title='bbox 329 487 440 540; x_wconf 89' lang='grc' dir='ltr'><strong>τῶν</strong></span> <span class='ocrx_word' id='word_1_29' title='bbox 464 486 782 556; x_wconf 82' lang='grc' dir='ltr'>Μανιχαίων</span> <span class='ocrx_word' id='word_1_30' title='bbox 801 487 1084 557; x_wconf 75' lang='grc' dir='ltr'>γεμίζεται</span> <span class='ocrx_word' id='word_1_31' title='bbox 1105 487 1458 560; x_wconf 82' lang='grc' dir='ltr'><strong>πληρουμένη</strong></span> <span class='ocrx_word' id='word_1_32' title='bbox 1488 491 1521 558; x_wconf 79' lang='grc' dir='ltr'><strong>ἡ</strong></span> <span class='ocrx_word' id='word_1_33' title='bbox 1553 489 1774 558; x_wconf 75' lang='grc' dir='ltr'>σελήνηο</span> 
     </span>
    </p>
   </div>
   <div class='ocr_carea' id='block_1_5' title="bbox 198 578 1780 650">
    <p class='ocr_par' dir='ltr' id='par_1_5' title="bbox 198 578 1780 650">
     <span class='ocr_line' id='line_1_5' title="bbox 198 578 1780 650; baseline 0.001 -19"><span class='ocrx_word' id='word_1_34' title='bbox 198 579 318 642; x_wconf 84' lang='grc' dir='ltr'><strong>πῶς</strong></span> <span class='ocrx_word' id='word_1_35' title='bbox 363 579 446 632; x_wconf 86' lang='grc' dir='ltr'><strong>ἐτι</strong></span> <span class='ocrx_word' id='word_1_36' title='bbox 488 579 884 648; x_wconf 82' lang='grc' dir='ltr'>συσταθήσεται</span> <span class='ocrx_word' id='word_1_37' title='bbox 923 579 956 648; x_wconf 81' lang='grc' dir='ltr'><strong>ή</strong></span> <span class='ocrx_word' id='word_1_38' title='bbox 991 579 1211 650; x_wconf 81' lang='grc' dir='ltr'><strong>τοιαύτη</strong></span> <span class='ocrx_word' id='word_1_39' title='bbox 1244 578 1534 644; x_wconf 84' lang='grc' dir='ltr'>ὑπόθεσις;</span> <span class='ocrx_word' id='word_1_40' title='bbox 1570 581 1633 633; x_wconf 82' lang='grc' dir='ltr'><strong>Εἰ</strong></span> <span class='ocrx_word' id='word_1_41' title='bbox 1671 579 1780 650; x_wconf 89' lang='grc' dir='ltr'>γὰρ</span> 
     </span>
    </p>
   </div>
   <div class='ocr_carea' id='block_1_6' title="bbox 194 669 1779 743">
    <p class='ocr_par' dir='ltr' id='par_1_6' title="bbox 194 669 1779 743">
     <span class='ocr_line' id='line_1_6' title="bbox 194 669 1779 743; baseline -0.001 -18"><span class='ocrx_word' id='word_1_42' title='bbox 194 673 372 735; x_wconf 72' lang='grc' dir='ltr'>οὐδεὶς</span> <span class='ocrx_word' id='word_1_43' title='bbox 407 671 546 743; x_wconf 87' lang='grc' dir='ltr'><strong>μετά</strong></span> <span class='ocrx_word' id='word_1_44' title='bbox 576 671 676 741; x_wconf 84' lang='grc' dir='ltr'>τὴν</span> <span class='ocrx_word' id='word_1_45' title='bbox 705 669 1192 741; x_wconf 86' lang='grc' dir='ltr'>πεντεκαιδεκάτην</span> <span class='ocrx_word' id='word_1_46' title='bbox 1227 671 1440 741; x_wconf 81' lang='grc' dir='ltr'>ἡμέραν</span> <span class='ocrx_word' id='word_1_47' title='bbox 1478 671 1593 740; x_wconf 81' lang='grc' dir='ltr'>τῆς.</span> <span class='ocrx_word' id='word_1_48' title='bbox 1620 671 1779 742; x_wconf 85' lang='grc' dir='ltr'>σελή-</span> 
     </span>
    </p>
   </div>
   <div class='ocr_carea' id='block_1_7' title="bbox 195 758 1779 834">
    <p class='ocr_par' dir='ltr' id='par_1_7' title="bbox 195 758 1779 834">
     <span class='ocr_line' id='line_1_7' title="bbox 195 758 1779 834; baseline -0.01 -12"><span class='ocrx_word' id='word_1_49' title='bbox 195 781 297 834; x_wconf 78' lang='grc' dir='ltr'><strong>νης</strong></span> <span class='ocrx_word' id='word_1_50' title='bbox 344 763 662 834; x_wconf 85' lang='grc' dir='ltr'>Μανιχαίων</span> <span class='ocrx_word' id='word_1_51' title='bbox 711 761 985 826; x_wconf 82' lang='grc' dir='ltr'>ἐτελεύτα,</span> <span class='ocrx_word' id='word_1_52' title='bbox 1033 761 1168 816; x_wconf 82' lang='grc' dir='ltr'>ἀλλὰ</span> <span class='ocrx_word' id='word_1_53' title='bbox 1215 761 1524 833; x_wconf 75' lang='grc' dir='ltr'><strong>προθεσμία</strong></span> <span class='ocrx_word' id='word_1_54' title='bbox 1550 758 1617 833; x_wconf 81' lang='grc' dir='ltr'>ἦν</span> <span class='ocrx_word' id='word_1_55' title='bbox 1647 762 1779 834; x_wconf 83' lang='grc' dir='ltr'><strong>ὼρι-</strong></span> 
     </span>
    </p>
   </div>
   <div class='ocr_carea' id='block_1_8' title="bbox 203 854 1780 926">
    <p class='ocr_par' dir='ltr' id='par_1_8' title="bbox 203 854 1780 926">
     <span class='ocr_line' id='line_1_8' title="bbox 203 854 1780 926; baseline -0.001 -18"><span class='ocrx_word' id='word_1_56' title='bbox 203 855 377 926; x_wconf 85' lang='grc' dir='ltr'>σμένη</span> <span class='ocrx_word' id='word_1_57' title='bbox 412 856 517 918; x_wconf 70' lang='grc' dir='ltr'><strong>ἕως</strong></span> <span class='ocrx_word' id='word_1_58' title='bbox 550 854 1040 924; x_wconf 81' lang='grc' dir='ltr'><strong>πεντεκαιδεκάτης</strong></span> <span class='ocrx_word' id='word_1_59' title='bbox 1072 855 1172 924; x_wconf 80' lang='grc' dir='ltr'>τῆς</span> <span class='ocrx_word' id='word_1_60' title='bbox 1200 854 1428 926; x_wconf 79' lang='grc' dir='ltr'><strong>σελήνης</strong></span> <span class='ocrx_word' id='word_1_61' title='bbox 1453 856 1580 918; x_wconf 77' lang='grc' dir='ltr'>τοὺς</span> <span class='ocrx_word' id='word_1_62' title='bbox 1604 855 1780 908; x_wconf 90' lang='grc' dir='ltr'>Μανι-</span> 
     </span>
    </p>
   </div>
   <div class='ocr_carea' id='block_1_9' title="bbox 203 945 1782 1020">
    <p class='ocr_par' dir='ltr' id='par_1_9' title="bbox 203 945 1782 1020">
     <span class='ocr_line' id='line_1_9' title="bbox 203 945 1782 1020; baseline -0.003 -17"><span class='ocrx_word' id='word_1_63' title='bbox 203 949 396 1020; x_wconf 86' lang='grc' dir='ltr'>χαίους</span> <span class='ocrx_word' id='word_1_64' title='bbox 425 947 808 1018; x_wconf 81' lang='grc' dir='ltr'>ἀποθνήσκειν,</span> <span class='ocrx_word' id='word_1_65' title='bbox 839 945 975 1017; x_wconf 85' lang='grc' dir='ltr'>μετὰ</span> <span class='ocrx_word' id='word_1_66' title='bbox 996 946 1051 998; x_wconf 80' lang='grc' dir='ltr'><strong>δὲ</strong></span> <span class='ocrx_word' id='word_1_67' title='bbox 1076 946 1563 1016; x_wconf 87' lang='grc' dir='ltr'>πεντεκαιδεκάτην</span> <span class='ocrx_word' id='word_1_68' title='bbox 1585 947 1782 1017; x_wconf 81' lang='grc' dir='ltr'><strong>μηκέτι</strong></span> 
     </span>
    </p>
   </div>
   <div class='ocr_carea' id='block_1_10' title="bbox 203 1037 1783 1112">
    <p class='ocr_par' dir='ltr' id='par_1_10' title="bbox 203 1037 1783 1112">
     <span class='ocr_line' id='line_1_10' title="bbox 203 1037 1783 1112; baseline -0.002 -18"><span class='ocrx_word' id='word_1_69' title='bbox 203 1041 486 1112; x_wconf 72' lang='grc' dir='ltr'><strong>τελευτᾷν,</strong></span> <span class='ocrx_word' id='word_1_70' title='bbox 539 1039 644 1102; x_wconf 74' lang='grc' dir='ltr'><strong>ἕως</strong></span> <span class='ocrx_word' id='word_1_71' title='bbox 681 1038 916 1110; x_wconf 86' lang='grc' dir='ltr'>ἀποτεθῇ</span> <span class='ocrx_word' id='word_1_72' title='bbox 956 1040 984 1090; x_wconf 90' lang='lat'><strong>6</strong></span> <span class='ocrx_word' id='word_1_73' title='bbox 1023 1037 1124 1107; x_wconf 81' lang='grc' dir='ltr'>τῆς</span> <span class='ocrx_word' id='word_1_74' title='bbox 1172 1038 1404 1110; x_wconf 81' lang='grc' dir='ltr'>σελήνης</span> <span class='ocrx_word' id='word_1_75' title='bbox 1447 1039 1664 1110; x_wconf 84' lang='grc' dir='ltr'>φόρτος,</span> <span class='ocrx_word' id='word_1_76' title='bbox 1695 1038 1783 1091; x_wconf 82' lang='grc' dir='ltr'>ἶνα</span> 
     </span>
    </p>
   </div>
   <div class='ocr_carea' id='block_1_11' title="bbox 203 1127 1783 1202">
    <p class='ocr_par' dir='ltr' id='par_1_11' title="bbox 203 1127 1783 1202">
     <span class='ocr_line' id='line_1_11' title="bbox 203 1127 1783 1202; baseline -0.001 -16"><span class='ocrx_word' id='word_1_77' title='bbox 203 1132 442 1202; x_wconf 76' lang='grc' dir='ltr'>ἄρξηται</span> <span class='ocrx_word' id='word_1_78' title='bbox 480 1129 640 1184; x_wconf 84' lang='grc' dir='ltr'>πάλιν</span> <span class='ocrx_word' id='word_1_79' title='bbox 682 1129 791 1183; x_wconf 86' lang='grc' dir='ltr'><strong>ἀπὸ</strong></span> <span class='ocrx_word' id='word_1_80' title='bbox 821 1128 1112 1200; x_wconf 79' lang='grc' dir='ltr'>νεομηνίας</span> <span class='ocrx_word' id='word_1_81' title='bbox 1143 1127 1369 1198; x_wconf 81' lang='grc' dir='ltr'>γομοῦν·</span> <span class='ocrx_word' id='word_1_82' title='bbox 1413 1128 1636 1182; x_wconf 85' lang='grc' dir='ltr'>πιθανὸν</span> <span class='ocrx_word' id='word_1_83' title='bbox 1675 1129 1783 1201; x_wconf 84' lang='grc' dir='ltr'><strong>ἀρα</strong></span> 
     </span>
    </p>
   </div>
   <div class='ocr_carea' id='block_1_12' title="bbox 199 1218 1782 1294">
    <p class='ocr_par' dir='ltr' id='par_1_12' title="bbox 199 1218 1782 1294">
     <span class='ocr_line' id='line_1_12' title="bbox 199 1218 1782 1294; baseline -0.003 -16"><span class='ocrx_word' id='word_1_84' title='bbox 199 1220 270 1294; x_wconf 72' lang='grc' dir='ltr'>ἦν</span> <span class='ocrx_word' id='word_1_85' title='bbox 300 1225 363 1277; x_wconf 89' lang='grc' dir='ltr'><strong>τὸ</strong></span> <span class='ocrx_word' id='word_1_86' title='bbox 388 1223 613 1293; x_wconf 76' lang='grc' dir='ltr'>ψεῦσμα</span> <span class='ocrx_word' id='word_1_87' title='bbox 638 1221 744 1275; x_wconf 88' lang='grc' dir='ltr'><strong>τῶν</strong></span> <span class='ocrx_word' id='word_1_88' title='bbox 766 1221 964 1274; x_wconf 83' lang='grc' dir='ltr'>αὐτῶν.</span> <span class='ocrx_word' id='word_1_89' title='bbox 989 1218 1105 1273; x_wconf 81' lang='grc' dir='ltr'><strong>Νῦν</strong></span> <span class='ocrx_word' id='word_1_90' title='bbox 1133 1219 1189 1271; x_wconf 80' lang='grc' dir='ltr'><strong>δὲ</strong></span> <span class='ocrx_word' id='word_1_91' title='bbox 1221 1220 1315 1272; x_wconf 75' lang='grc' dir='ltr'><strong>καὶ</strong></span> <span class='ocrx_word' id='word_1_92' title='bbox 1334 1220 1620 1275; x_wconf 84' lang='grc' dir='ltr'>ἀπίθανον.</span> <span class='ocrx_word' id='word_1_93' title='bbox 1645 1220 1782 1274; x_wconf 85' lang='grc' dir='ltr'>Καθ’</span> 
     </span>
    </p>
   </div>
   <div class='ocr_carea' id='block_1_13' title="bbox 199 1313 1785 1386">
    <p class='ocr_par' dir='ltr' id='par_1_13' title="bbox 199 1313 1785 1386">
     <span class='ocr_line' id='line_1_13' title="bbox 199 1313 1785 1386; baseline -0.004 -14"><span class='ocrx_word' id='word_1_94' title='bbox 199 1316 420 1386; x_wconf 73' lang='grc' dir='ltr'>ἡμέραν</span> <span class='ocrx_word' id='word_1_95' title='bbox 446 1315 554 1385; x_wconf 81' lang='grc' dir='ltr'>γὰρ</span> <span class='ocrx_word' id='word_1_96' title='bbox 583 1314 897 1376; x_wconf 80' lang='grc' dir='ltr'>τελευτῶσι,</span> <span class='ocrx_word' id='word_1_97' title='bbox 925 1314 1019 1366; x_wconf 82' lang='grc' dir='ltr'><strong>καὶ</strong></span> <span class='ocrx_word' id='word_1_98' title='bbox 1041 1313 1108 1366; x_wconf 83' lang='grc' dir='ltr'>τὰ</span> <span class='ocrx_word' id='word_1_99' title='bbox 1140 1313 1422 1385; x_wconf 88' lang='grc' dir='ltr'>ὡρισμένα</span> <span class='ocrx_word' id='word_1_100' title='bbox 1453 1316 1691 1383; x_wconf 84' lang='grc' dir='ltr'>στοιχεῖα</span> <span class='ocrx_word' id='word_1_101' title='bbox 1721 1314 1785 1366; x_wconf 90' lang='grc' dir='ltr'><strong>ἐκ</strong></span> 
     </span>
    </p>
   </div>
   <div class='ocr_carea' id='block_1_14' title="bbox 201 1405 1818 1476">
    <p class='ocr_par' dir='ltr' id='par_1_14' title="bbox 201 1405 1818 1476">
     <span class='ocr_line' id='line_1_14' title="bbox 201 1405 1818 1476; baseline 0.001 -18"><span class='ocrx_word' id='word_1_102' title='bbox 201 1407 343 1460; x_wconf 74' lang='grc' dir='ltr'>Θεοῦ</span> <span class='ocrx_word' id='word_1_103' title='bbox 371 1406 462 1460; x_wconf 88' lang='grc' dir='ltr'><strong>τὸν</strong></span> <span class='ocrx_word' id='word_1_104' title='bbox 495 1407 626 1460; x_wconf 74' lang='grc' dir='ltr'>ἴδιον</span> <span class='ocrx_word' id='word_1_105' title='bbox 654 1406 974 1459; x_wconf 73' lang='grc' dir='ltr'>ἐπίστανται.</span> <span class='ocrx_word' id='word_1_106' title='bbox 998 1405 1218 1476; x_wconf 85' lang='grc' dir='ltr'>δρόμον.</span> <span class='ocrx_word' id='word_1_107' title='bbox 1245 1405 1356 1458; x_wconf 68' lang='grc' dir='ltr'>Καὶ</span> <span class='ocrx_word' id='word_1_108' title='bbox 1383 1405 1545 1459; x_wconf 85' lang='grc' dir='ltr'>πάλιν</span> <span class='ocrx_word' id='word_1_109' title='bbox 1573 1407 1632 1458; x_wconf 84' lang='grc' dir='ltr'><strong>οὐ</strong></span> <span class='ocrx_word' id='word_1_110' title='bbox 1660 1423 1786 1459; x_wconf 86' lang='grc' dir='ltr'>στα-</span> <span class='ocrx_word' id='word_1_111' title='bbox 1814 1435 1818 1440; x_wconf 92' lang='grc'><strong>-</strong></span> 
     </span>
    </p>
   </div>
   <div class='ocr_carea' id='block_1_15' title="bbox 204 1496 1786 1570">
    <p class='ocr_par' dir='ltr' id='par_1_15' title="bbox 204 1496 1786 1570">
     <span class='ocr_line' id='line_1_15' title="bbox 204 1496 1786 1570; baseline -0.001 -19"><span class='ocrx_word' id='word_1_112' title='bbox 204 1498 431 1568; x_wconf 78' lang='grc' dir='ltr'>θήσεται</span> <span class='ocrx_word' id='word_1_113' title='bbox 464 1500 492 1552; x_wconf 89' lang='lat'><strong>6</strong></span> <span class='ocrx_word' id='word_1_114' title='bbox 527 1498 653 1570; x_wconf 77' lang='grc' dir='ltr'>περὶ</span> <span class='ocrx_word' id='word_1_115' title='bbox 690 1497 800 1550; x_wconf 85' lang='grc' dir='ltr'><strong>τῶν</strong></span> <span class='ocrx_word' id='word_1_116' title='bbox 840 1496 1027 1566; x_wconf 79' lang='grc' dir='ltr'>ψυχῶν</span> <span class='ocrx_word' id='word_1_117' title='bbox 1073 1500 1130 1550; x_wconf 83' lang='grc' dir='ltr'><strong>ἐν</strong></span> <span class='ocrx_word' id='word_1_118' title='bbox 1167 1499 1233 1568; x_wconf 81' lang='grc' dir='ltr'>τῇ</span> <span class='ocrx_word' id='word_1_119' title='bbox 1270 1496 1469 1570; x_wconf 81' lang='grc' dir='ltr'>σελήνῃ</span> <span class='ocrx_word' id='word_1_120' title='bbox 1497 1498 1786 1567; x_wconf 85' lang='grc' dir='ltr'>γενόμενος</span> 
     </span>
    </p>
   </div>
   <div class='ocr_carea' id='block_1_16' title="bbox 202 1589 400 1656">
    <p class='ocr_par' dir='ltr' id='par_1_16' title="bbox 202 1589 400 1656">
     <span class='ocr_line' id='line_1_16' title="bbox 202 1589 400 1656; baseline 0.005 -15"><span class='ocrx_word' id='word_1_121' title='bbox 202 1589 270 1656; x_wconf 80' lang='grc' dir='ltr'><strong>γό</strong></span> <span class='ocrx_word' id='word_1_122' title='bbox 278 1606 400 1652; x_wconf 71' lang='grc' dir='ltr'>ιιος.</span> 
     </span>
    </p>
   </div>
   <div class='ocr_carea' id='block_1_17' title="bbox 1882 491 3456 566">
    <p class='ocr_par' dir='ltr' id='par_1_17' title="bbox 1882 491 3456 566">
     <span class='ocr_line' id='line_1_17' title="bbox 1882 491 3456 566; baseline 0.004 -22"><span class='ocrx_word' id='word_1_123' title='bbox 1882 507 2002 546; x_wconf 90' lang='lat' dir='ltr'><strong>rum</strong></span> <span class='ocrx_word' id='word_1_124' title='bbox 2036 491 2229 548; x_wconf 90' lang='lat' dir='ltr'><strong>demus</strong></span> <span class='ocrx_word' id='word_1_125' title='bbox 2255 493 2328 548; x_wconf 90' lang='lat' dir='ltr'><strong>ita</strong></span> <span class='ocrx_word' id='word_1_126' title='bbox 2361 510 2482 550; x_wconf 89' lang='lat' dir='ltr'><strong>sese</strong></span> <span class='ocrx_word' id='word_1_127' title='bbox 2505 510 2619 550; x_wconf 91' lang='lat' dir='ltr'><strong>rem</strong></span> <span class='ocrx_word' id='word_1_128' title='bbox 2661 494 2885 559; x_wconf 88' lang='lat' dir='ltr'><strong>habere,</strong></span> <span class='ocrx_word' id='word_1_129' title='bbox 2910 491 3055 562; x_wconf 89' lang='lat' dir='ltr'><strong>quod</strong></span> <span class='ocrx_word' id='word_1_130' title='bbox 3087 499 3271 548; x_wconf 89' lang='lat' dir='ltr'><strong>tamen</strong></span> <span class='ocrx_word' id='word_1_131' title='bbox 3293 493 3456 566; x_wconf 72' lang='lat' dir='ltr'><strong>longe</strong></span> 
     </span>
    </p>
   </div>
   <div class='ocr_carea' id='block_1_18' title="bbox 1900 581 3454 651">
    <p class='ocr_par' dir='ltr' id='par_1_18' title="bbox 1900 581 3454 651">
     <span class='ocr_line' id='line_1_18' title="bbox 1900 581 3454 651; baseline 0.003 -16"><span class='ocrx_word' id='word_1_132' title='bbox 1900 582 2057 637; x_wconf 79' lang='lat' dir='ltr'><strong>aliter</strong></span> <span class='ocrx_word' id='word_1_133' title='bbox 2085 598 2146 637; x_wconf 87' lang='lat' dir='ltr'><strong>se</strong></span> <span class='ocrx_word' id='word_1_134' title='bbox 2189 583 2380 651; x_wconf 89' lang='lat' dir='ltr'><strong>habet;</strong></span> <span class='ocrx_word' id='word_1_135' title='bbox 2428 599 2491 639; x_wconf 89' lang='lat' dir='ltr'><strong>ac</strong></span> <span class='ocrx_word' id='word_1_136' title='bbox 2530 583 2950 638; x_wconf 72' lang='lat' dir='ltr'><strong>Manichaeorum</strong></span> <span class='ocrx_word' id='word_1_137' title='bbox 2990 581 3189 637; x_wconf 89' lang='lat' dir='ltr'><strong>animis</strong></span> <span class='ocrx_word' id='word_1_138' title='bbox 3233 584 3454 640; x_wconf 87' lang='lat' dir='ltr'><strong>onerari</strong></span> 
     </span>
    </p>
   </div>
   <div class='ocr_carea' id='block_1_19' title="bbox 1897 673 3452 747">
    <p class='ocr_par' dir='ltr' id='par_1_19' title="bbox 1897 673 3452 747">
     <span class='ocr_line' id='line_1_19' title="bbox 1897 673 3452 747; baseline 0.002 -21"><span class='ocrx_word' id='word_1_139' title='bbox 1897 673 2266 744; x_wconf 87' lang='lat' dir='ltr'><strong>complerique</strong></span> <span class='ocrx_word' id='word_1_140' title='bbox 2303 675 2509 739; x_wconf 89' lang='lat' dir='ltr'><strong>lunam,</strong></span> <span class='ocrx_word' id='word_1_141' title='bbox 2542 677 2636 747; x_wconf 86' lang='lat' dir='ltr'><strong>qui</strong></span> <span class='ocrx_word' id='word_1_142' title='bbox 2667 675 2882 730; x_wconf 83' lang='lat' dir='ltr'><strong>tandem</strong></span> <span class='ocrx_word' id='word_1_143' title='bbox 2914 674 3224 729; x_wconf 86' lang='lat' dir='ltr'><strong>istiusmodi</strong></span> <span class='ocrx_word' id='word_1_144' title='bbox 3255 675 3452 746; x_wconf 78' lang='lat' dir='ltr'><strong>dogma</strong></span> 
     </span>
    </p>
   </div>
   <div class='ocr_carea' id='block_1_20' title="bbox 1894 765 3456 822">
    <p class='ocr_par' dir='ltr' id='par_1_20' title="bbox 1894 765 3456 822">
     <span class='ocr_line' id='line_1_20' title="bbox 1894 765 3456 822; baseline 0.003 -5"><span class='ocrx_word' id='word_1_145' title='bbox 1894 765 2195 820; x_wconf 82' lang='lat' dir='ltr'><strong>consistet?</strong></span> <span class='ocrx_word' id='word_1_146' title='bbox 2221 765 2357 820; x_wconf 89' lang='lat' dir='ltr'><strong>Nam</strong></span> <span class='ocrx_word' id='word_1_147' title='bbox 2386 767 2435 822; x_wconf 92' lang='lat' dir='ltr'><strong>si</strong></span> <span class='ocrx_word' id='word_1_148' title='bbox 2475 765 2897 822; x_wconf 67' lang='lat' dir='ltr'><strong>Manichaeorum</strong></span> <span class='ocrx_word' id='word_1_149' title='bbox 2936 766 3118 821; x_wconf 90' lang='lat' dir='ltr'><strong>nullas</strong></span> <span class='ocrx_word' id='word_1_150' title='bbox 3165 781 3196 820; x_wconf 87' lang='lat' dir='ltr'><strong>a</strong></span> <span class='ocrx_word' id='word_1_151' title='bbox 3241 766 3456 822; x_wconf 89' lang='lat' dir='ltr'><strong>decimo</strong></span> 
     </span>
    </p>
   </div>
   <div class='ocr_carea' id='block_1_21' title="bbox 1883 854 3455 928">
    <p class='ocr_par' dir='ltr' id='par_1_21' title="bbox 1883 854 3455 928">
     <span class='ocr_line' id='line_1_21' title="bbox 1883 854 3455 928; baseline 0.004 -21"><span class='ocrx_word' id='word_1_152' title='bbox 1883 854 2077 924; x_wconf 89' lang='lat' dir='ltr'><strong>quinto</strong></span> <span class='ocrx_word' id='word_1_153' title='bbox 2112 857 2252 912; x_wconf 74' lang='lat' dir='ltr'><strong>luna:</strong></span> <span class='ocrx_word' id='word_1_154' title='bbox 2281 857 2370 913; x_wconf 93' lang='lat' dir='ltr'><strong>die</strong></span> <span class='ocrx_word' id='word_1_155' title='bbox 2397 865 2722 924; x_wconf 85' lang='lat' dir='ltr'><strong>moreretur,</strong></span> <span class='ocrx_word' id='word_1_156' title='bbox 2749 858 2842 913; x_wconf 91' lang='lat' dir='ltr'><strong>sed</strong></span> <span class='ocrx_word' id='word_1_157' title='bbox 2863 857 3185 928; x_wconf 65' lang='lat' dir='ltr'><strong>praeﬁnitum</strong></span> <span class='ocrx_word' id='word_1_158' title='bbox 3212 857 3343 912; x_wconf 90' lang='lat' dir='ltr'><strong>illud</strong></span> <span class='ocrx_word' id='word_1_159' title='bbox 3365 873 3455 913; x_wconf 88' lang='lat' dir='ltr'><strong>es-</strong></span> 
     </span>
    </p>
   </div>
   <div class='ocr_carea' id='block_1_22' title="bbox 1882 947 3456 1018">
    <p class='ocr_par' dir='ltr' id='par_1_22' title="bbox 1882 947 3456 1018">
     <span class='ocr_line' id='line_1_22' title="bbox 1882 947 3456 1018; baseline 0.003 -20"><span class='ocrx_word' id='word_1_160' title='bbox 1882 951 1964 998; x_wconf 91' lang='lat' dir='ltr'><strong>set</strong></span> <span class='ocrx_word' id='word_1_161' title='bbox 2008 947 2276 1015; x_wconf 83' lang='lat' dir='ltr'><strong>spatium,</strong></span> <span class='ocrx_word' id='word_1_162' title='bbox 2314 955 2374 1002; x_wconf 89' lang='lat' dir='ltr'><strong>ut</strong></span> <span class='ocrx_word' id='word_1_163' title='bbox 2418 949 2486 1003; x_wconf 89' lang='lat' dir='ltr'><strong>ad</strong></span> <span class='ocrx_word' id='word_1_164' title='bbox 2531 948 2673 1003; x_wconf 83' lang='lat' dir='ltr'><strong>lunae</strong></span> <span class='ocrx_word' id='word_1_165' title='bbox 2707 948 2978 1003; x_wconf 90' lang='lat' dir='ltr'><strong>decimum</strong></span> <span class='ocrx_word' id='word_1_166' title='bbox 3028 948 3281 1018; x_wconf 86' lang='lat' dir='ltr'><strong>quintum</strong></span> <span class='ocrx_word' id='word_1_167' title='bbox 3312 947 3456 1002; x_wconf 89' lang='lat' dir='ltr'><strong>diem</strong></span> 
     </span>
    </p>
   </div>
   <div class='ocr_carea' id='block_1_23' title="bbox 1891 1034 3454 1110">
    <p class='ocr_par' dir='ltr' id='par_1_23' title="bbox 1891 1034 3454 1110">
     <span class='ocr_line' id='line_1_23' title="bbox 1891 1034 3454 1110; baseline 0.003 -21"><span class='ocrx_word' id='word_1_168' title='bbox 1891 1034 2172 1092; x_wconf 58' lang='lat' dir='ltr'><strong>Manichai</strong></span> <span class='ocrx_word' id='word_1_169' title='bbox 2203 1052 2270 1093; x_wconf 83' lang='lat' dir='ltr'><strong>ex</strong></span> <span class='ocrx_word' id='word_1_170' title='bbox 2301 1037 2404 1093; x_wconf 85' lang='lat' dir='ltr'><strong>hac</strong></span> <span class='ocrx_word' id='word_1_171' title='bbox 2425 1038 2537 1094; x_wconf 89' lang='lat' dir='ltr'><strong>vita</strong></span> <span class='ocrx_word' id='word_1_172' title='bbox 2568 1039 2942 1106; x_wconf 86' lang='lat' dir='ltr'><strong>discederent,</strong></span> <span class='ocrx_word' id='word_1_173' title='bbox 2989 1047 3113 1110; x_wconf 85' lang='lat' dir='ltr'><strong>post</strong></span> <span class='ocrx_word' id='word_1_174' title='bbox 3136 1040 3283 1095; x_wconf 89' lang='lat' dir='ltr'><strong>hunc</strong></span> <span class='ocrx_word' id='word_1_175' title='bbox 3311 1038 3454 1095; x_wconf 88' lang='lat' dir='ltr'><strong>diem</strong></span> 
     </span>
    </p>
   </div>
   <div class='ocr_carea' id='block_1_24' title="bbox 1885 1129 3454 1201">
    <p class='ocr_par' dir='ltr' id='par_1_24' title="bbox 1885 1129 3454 1201">
     <span class='ocr_line' id='line_1_24' title="bbox 1885 1129 3454 1201; baseline 0.001 -17"><span class='ocrx_word' id='word_1_176' title='bbox 1885 1144 2045 1185; x_wconf 89' lang='lat' dir='ltr'><strong>nemo</strong></span> <span class='ocrx_word' id='word_1_177' title='bbox 2072 1129 2302 1199; x_wconf 85' lang='lat' dir='ltr'><strong>amplius</strong></span> <span class='ocrx_word' id='word_1_178' title='bbox 2332 1130 2529 1194; x_wconf 90' lang='lat' dir='ltr'><strong>obiret,</strong></span> <span class='ocrx_word' id='word_1_179' title='bbox 2563 1129 2736 1186; x_wconf 88' lang='lat' dir='ltr'><strong>donec</strong></span> <span class='ocrx_word' id='word_1_180' title='bbox 2765 1130 2909 1186; x_wconf 69' lang='lat' dir='ltr'><strong>luna:</strong></span> <span class='ocrx_word' id='word_1_181' title='bbox 2937 1147 3079 1187; x_wconf 93' lang='lat' dir='ltr'><strong>onus</strong></span> <span class='ocrx_word' id='word_1_182' title='bbox 3111 1139 3260 1186; x_wconf 82' lang='lat' dir='ltr'><strong>esset</strong></span> <span class='ocrx_word' id='word_1_183' title='bbox 3288 1145 3454 1201; x_wconf 84' lang='lat' dir='ltr'><strong>expo-</strong></span> 
     </span>
    </p>
   </div>
   <div class='ocr_carea' id='block_1_25' title="bbox 1840 1220 3462 1291">
    <p class='ocr_par' dir='ltr' id='par_1_25' title="bbox 1840 1220 3462 1291">
     <span class='ocr_line' id='line_1_25' title="bbox 1840 1220 3462 1291; baseline 0.003 -21"><span class='ocrx_word' id='word_1_184' title='bbox 1840 1260 1857 1270; x_wconf 90' lang='lat'><em>_</em></span> <span class='ocrx_word' id='word_1_185' title='bbox 1885 1220 2048 1275; x_wconf 89' lang='lat' dir='ltr'><strong>situm</strong></span> <span class='ocrx_word' id='word_1_186' title='bbox 2100 1233 2262 1283; x_wconf 88' lang='lat' dir='ltr'><strong>nova,</strong></span> <span class='ocrx_word' id='word_1_187' title='bbox 2293 1227 2355 1274; x_wconf 90' lang='lat' dir='ltr'><strong>ut</strong></span> <span class='ocrx_word' id='word_1_188' title='bbox 2394 1221 2609 1274; x_wconf 86' lang='lat' dir='ltr'><strong>onerari</strong></span> <span class='ocrx_word' id='word_1_189' title='bbox 2642 1235 2836 1275; x_wconf 87' lang='lat' dir='ltr'><strong>rursus</strong></span> <span class='ocrx_word' id='word_1_190' title='bbox 2879 1220 3166 1291; x_wconf 82' lang='lat' dir='ltr'><strong>inciperet,</strong></span> <span class='ocrx_word' id='word_1_191' title='bbox 3209 1221 3462 1275; x_wconf 84' lang='lat' dir='ltr'><strong>nonnihil</strong></span> 
     </span>
    </p>
   </div>
   <div class='ocr_carea' id='block_1_26' title="bbox 1886 1311 3456 1381">
    <p class='ocr_par' dir='ltr' id='par_1_26' title="bbox 1886 1311 3456 1381">
     <span class='ocr_line' id='line_1_26' title="bbox 1886 1311 3456 1381; baseline 0.001 -14"><span class='ocrx_word' id='word_1_192' title='bbox 1886 1321 1945 1367; x_wconf 90' lang='lat' dir='ltr'><strong>ut</strong></span> <span class='ocrx_word' id='word_1_193' title='bbox 1996 1313 2051 1366; x_wconf 89' lang='lat' dir='ltr'><strong>in</strong></span> <span class='ocrx_word' id='word_1_194' title='bbox 2087 1311 2376 1368; x_wconf 89' lang='lat' dir='ltr'><strong>mendacio</strong></span> <span class='ocrx_word' id='word_1_195' title='bbox 2418 1311 2822 1381; x_wconf 84' lang='lat' dir='ltr'><strong>probabilitatis</strong></span> <span class='ocrx_word' id='word_1_196' title='bbox 2852 1312 3077 1368; x_wconf 89' lang='lat' dir='ltr'><strong>inesset.</strong></span> <span class='ocrx_word' id='word_1_197' title='bbox 3124 1311 3244 1368; x_wconf 82' lang='lat' dir='ltr'><strong>Non</strong></span> <span class='ocrx_word' id='word_1_198' title='bbox 3275 1321 3456 1368; x_wconf 86' lang='lat' dir='ltr'><strong>autem</strong></span> 
     </span>
    </p>
   </div>
   <div class='ocr_carea' id='block_1_27' title="bbox 1887 1402 3462 1474">
    <p class='ocr_par' dir='ltr' id='par_1_27' title="bbox 1887 1402 3462 1474">
     <span class='ocr_line' id='line_1_27' title="bbox 1887 1402 3462 1474; baseline 0.002 -18"><span class='ocrx_word' id='word_1_199' title='bbox 1887 1404 2046 1474; x_wconf 89' lang='lat' dir='ltr'><strong>plane</strong></span> <span class='ocrx_word' id='word_1_200' title='bbox 2067 1413 2151 1460; x_wconf 90' lang='lat' dir='ltr'><strong>est</strong></span> <span class='ocrx_word' id='word_1_201' title='bbox 2177 1403 2326 1459; x_wconf 91' lang='lat' dir='ltr'><strong>istud</strong></span> <span class='ocrx_word' id='word_1_202' title='bbox 2351 1403 2675 1467; x_wconf 89' lang='lat' dir='ltr'><strong>absurdum,</strong></span> <span class='ocrx_word' id='word_1_203' title='bbox 2700 1403 2932 1474; x_wconf 78' lang='lat' dir='ltr'><strong>singulis</strong></span> <span class='ocrx_word' id='word_1_204' title='bbox 2965 1404 3110 1459; x_wconf 88' lang='lat' dir='ltr'><strong>enim</strong></span> <span class='ocrx_word' id='word_1_205' title='bbox 3144 1402 3339 1460; x_wconf 91' lang='lat' dir='ltr'><strong>diebus</strong></span> <span class='ocrx_word' id='word_1_206' title='bbox 3366 1419 3462 1459; x_wconf 90' lang='lat' dir='ltr'><strong>oc-</strong></span> 
     </span>
    </p>
   </div>
   <div class='ocr_carea' id='block_1_28' title="bbox 1887 1492 3460 1563">
    <p class='ocr_par' dir='ltr' id='par_1_28' title="bbox 1887 1492 3460 1563">
     <span class='ocr_line' id='line_1_28' title="bbox 1887 1492 3460 1563; baseline -0.001 -14"><span class='ocrx_word' id='word_1_207' title='bbox 1887 1494 2102 1558; x_wconf 86' lang='lat' dir='ltr'><strong>cidunt,</strong></span> <span class='ocrx_word' id='word_1_208' title='bbox 2128 1502 2183 1548; x_wconf 94' lang='lat' dir='ltr'><strong>et</strong></span> <span class='ocrx_word' id='word_1_209' title='bbox 2211 1508 2333 1563; x_wconf 77' lang='lat' dir='ltr'><strong>qua:</strong></span> <span class='ocrx_word' id='word_1_210' title='bbox 2354 1508 2384 1548; x_wconf 90' lang='lat' dir='ltr'><strong>a</strong></span> <span class='ocrx_word' id='word_1_211' title='bbox 2406 1493 2517 1549; x_wconf 88' lang='lat' dir='ltr'><strong>Deo</strong></span> <span class='ocrx_word' id='word_1_212' title='bbox 2545 1493 2849 1549; x_wconf 87' lang='lat' dir='ltr'><strong>constituta</strong></span> <span class='ocrx_word' id='word_1_213' title='bbox 2890 1501 3019 1548; x_wconf 74' lang='lat' dir='ltr'><strong>sunt</strong></span> <span class='ocrx_word' id='word_1_214' title='bbox 3050 1492 3314 1550; x_wconf 82' lang='lat' dir='ltr'><strong>elementa</strong></span> <span class='ocrx_word' id='word_1_215' title='bbox 3333 1509 3460 1550; x_wconf 70' lang='lat' dir='ltr'><strong>cur.</strong></span> 
     </span>
    </p>
   </div>
   <div class='ocr_carea' id='block_1_29' title="bbox 1888 1583 3463 1651">
    <p class='ocr_par' dir='ltr' id='par_1_29' title="bbox 1888 1583 3463 1651">
     <span class='ocr_line' id='line_1_29' title="bbox 1888 1583 3463 1651; baseline 0.001 -12"><span class='ocrx_word' id='word_1_216' title='bbox 1888 1599 2008 1639; x_wconf 92' lang='lat' dir='ltr'><strong>sum</strong></span> <span class='ocrx_word' id='word_1_217' title='bbox 2044 1599 2204 1639; x_wconf 89' lang='lat' dir='ltr'><strong>suum</strong></span> <span class='ocrx_word' id='word_1_218' title='bbox 2247 1592 2452 1642; x_wconf 89' lang='lat' dir='ltr'><strong>tenent.</strong></span> <span class='ocrx_word' id='word_1_219' title='bbox 2489 1583 2670 1651; x_wconf 87' lang='lat' dir='ltr'><strong>Quare</strong></span> <span class='ocrx_word' id='word_1_220' title='bbox 2699 1584 3006 1638; x_wconf 85' lang='lat' dir='ltr'><strong>animarum</strong></span> <span class='ocrx_word' id='word_1_221' title='bbox 3056 1599 3197 1640; x_wconf 90' lang='lat' dir='ltr'><strong>onus</strong></span> <span class='ocrx_word' id='word_1_222' title='bbox 3239 1585 3374 1641; x_wconf 92' lang='lat' dir='ltr'><strong>illud</strong></span> <span class='ocrx_word' id='word_1_223' title='bbox 3405 1587 3463 1643; x_wconf 86' lang='lat' dir='ltr'><strong>in</strong></span> 
     </span>
    </p>
   </div>
   <div class='ocr_carea' id='block_1_30' title="bbox 1889 1674 2994 1745">
    <p class='ocr_par' dir='ltr' id='par_1_30' title="bbox 1889 1674 2994 1745">
     <span class='ocr_line' id='line_1_30' title="bbox 1889 1674 2994 1745; baseline 0.003 -18"><span class='ocrx_word' id='word_1_224' title='bbox 1889 1675 2074 1728; x_wconf 88' lang='lat' dir='ltr'><strong>lunam</strong></span> <span class='ocrx_word' id='word_1_225' title='bbox 2106 1674 2424 1745; x_wconf 88' lang='lat' dir='ltr'><strong>impositum</strong></span> <span class='ocrx_word' id='word_1_226' title='bbox 2456 1675 2680 1733; x_wconf 90' lang='lat' dir='ltr'><strong>minime</strong></span> <span class='ocrx_word' id='word_1_227' title='bbox 2707 1676 2994 1733; x_wconf 84' lang='lat' dir='ltr'><strong>consistet.</strong></span> 
     </span>
    </p>
   </div>
   <div class='ocr_carea' id='block_1_31' title="bbox 277 1741 1799 1839">
    <p class='ocr_par' dir='ltr' id='par_1_31' title="bbox 277 1746 1790 1832">
     <span class='ocr_line' id='line_1_31' title="bbox 277 1746 1790 1832; baseline 0.002 -18"><span class='ocrx_word' id='word_1_228' title='bbox 277 1762 406 1815; x_wconf 72' lang='lat' dir='ltr'><strong>KA&#39;.</strong></span> <span class='ocrx_word' id='word_1_229' title='bbox 447 1759 549 1815; x_wconf 83' lang='grc' dir='ltr'>Καί</span> <span class='ocrx_word' id='word_1_230' title='bbox 592 1746 736 1824; x_wconf 71' lang='grc' dir='ltr'>τινες</span> <span class='ocrx_word' id='word_1_231' title='bbox 780 1760 878 1832; x_wconf 84' lang='grc' dir='ltr'><strong>μὲν</strong></span> <span class='ocrx_word' id='word_1_232' title='bbox 916 1761 1095 1815; x_wconf 83' lang='grc' dir='ltr'>αὐτῶν</span> <span class='ocrx_word' id='word_1_233' title='bbox 1127 1762 1287 1815; x_wconf 81' lang='grc' dir='ltr'>πάλιν</span> <span class='ocrx_word' id='word_1_234' title='bbox 1328 1760 1606 1831; x_wconf 85' lang='grc' dir='ltr'>βούλονται</span> <span class='ocrx_word' id='word_1_235' title='bbox 1647 1763 1790 1817; x_wconf 90' lang='grc' dir='ltr'><strong>κατά</strong></span> 
     </span>
    </p>
   </div>
   <div class='ocr_carea' id='block_1_32' title="bbox 1904 1741 3470 1839">
    <p class='ocr_par' dir='ltr' id='par_1_32' title="bbox 1962 1741 3470 1839">
     <span class='ocr_line' id='line_1_32' title="bbox 1962 1741 3470 1839; baseline 0.004 -21"><span class='ocrx_word' id='word_1_236' title='bbox 1962 1763 2152 1820; x_wconf 75' lang='lat' dir='ltr'><strong>XXIV.</strong></span> <span class='ocrx_word' id='word_1_237' title='bbox 2187 1741 2453 1821; x_wconf 67' lang='lat' dir='ltr'><strong>Caeterum</strong></span> <span class='ocrx_word' id='word_1_238' title='bbox 2500 1767 2640 1821; x_wconf 90' lang='lat' dir='ltr'><strong>inter</strong></span> <span class='ocrx_word' id='word_1_239' title='bbox 2689 1768 2812 1824; x_wconf 89' lang='lat' dir='ltr'><strong>illos</strong></span> <span class='ocrx_word' id='word_1_240' title='bbox 2843 1767 3105 1836; x_wconf 82' lang='lat' dir='ltr'><strong>nonnulli</strong></span> <span class='ocrx_word' id='word_1_241' title='bbox 3159 1778 3324 1831; x_wconf 86' lang='lat' dir='ltr'><strong>sunt,</strong></span> <span class='ocrx_word' id='word_1_242' title='bbox 3369 1769 3470 1839; x_wconf 73' lang='lat' dir='ltr'><strong>qui</strong></span> 
     </span>
    </p>
   </div>
   <div class='ocr_carea' id='block_1_33' title="bbox 210 1850 1792 1923">
    <p class='ocr_par' dir='ltr' id='par_1_33' title="bbox 210 1850 1792 1923">
     <span class='ocr_line' id='line_1_33' title="bbox 210 1850 1792 1923; baseline 0.001 -19"><span class='ocrx_word' id='word_1_243' title='bbox 210 1853 461 1905; x_wconf 77' lang='grc' dir='ltr'>ἐπίνοιαν</span> <span class='ocrx_word' id='word_1_244' title='bbox 508 1850 862 1923; x_wconf 84' lang='grc' dir='ltr'>πανουργίας,</span> <span class='ocrx_word' id='word_1_245' title='bbox 899 1853 1055 1921; x_wconf 75' lang='grc' dir='ltr'>φησὶ,</span> <span class='ocrx_word' id='word_1_246' title='bbox 1104 1853 1201 1923; x_wconf 79' lang='grc' dir='ltr'>τὴν</span> <span class='ocrx_word' id='word_1_247' title='bbox 1248 1852 1462 1923; x_wconf 85' lang='grc' dir='ltr'>μητέρα</span> <span class='ocrx_word' id='word_1_248' title='bbox 1505 1853 1614 1905; x_wconf 89' lang='grc' dir='ltr'><strong>τῶν</strong></span> <span class='ocrx_word' id='word_1_249' title='bbox 1656 1853 1792 1907; x_wconf 86' lang='grc' dir='ltr'>ὅλων</span> 
     </span>
    </p>
   </div>
   <div class='ocr_carea' id='block_1_34' title="bbox 212 1941 1793 2013">
    <p class='ocr_par' dir='ltr' id='par_1_34' title="bbox 212 1941 1793 2013">
     <span class='ocr_line' id='line_1_34' title="bbox 212 1941 1793 2013; baseline 0.001 -19"><span class='ocrx_word' id='word_1_250' title='bbox 212 1943 647 2013; x_wconf 82' lang='grc' dir='ltr'>συγχωρήσασαν</span> <span class='ocrx_word' id='word_1_251' title='bbox 688 1941 918 2012; x_wconf 78' lang='grc' dir='ltr'>δύναμιν</span> <span class='ocrx_word' id='word_1_252' title='bbox 962 1941 1098 1994; x_wconf 76' lang='grc' dir='ltr'>ἰδίαν</span> <span class='ocrx_word' id='word_1_253' title='bbox 1137 1942 1195 2008; x_wconf 77' lang='grc' dir='ltr'><strong>ἐξ</strong></span> <span class='ocrx_word' id='word_1_254' title='bbox 1238 1941 1468 2012; x_wconf 81' lang='grc' dir='ltr'>οὐρανοῦ</span> <span class='ocrx_word' id='word_1_255' title='bbox 1514 1943 1793 1996; x_wconf 79' lang='grc' dir='ltr'>κατελθεῖν</span> 
     </span>
    </p>
   </div>
   <div class='ocr_carea' id='block_1_35' title="bbox 210 2033 1792 2104">
    <p class='ocr_par' dir='ltr' id='par_1_35' title="bbox 210 2033 1792 2104">
     <span class='ocr_line' id='line_1_35' title="bbox 210 2033 1792 2104; baseline 0.001 -19"><span class='ocrx_word' id='word_1_256' title='bbox 210 2035 294 2096; x_wconf 82' lang='grc' dir='ltr'>εἰς</span> <span class='ocrx_word' id='word_1_257' title='bbox 335 2033 396 2086; x_wconf 87' lang='grc' dir='ltr'><strong>τὸ</strong></span> <span class='ocrx_word' id='word_1_258' title='bbox 433 2033 626 2103; x_wconf 78' lang='grc' dir='ltr'>κλέψαι</span> <span class='ocrx_word' id='word_1_259' title='bbox 670 2033 779 2086; x_wconf 89' lang='grc' dir='ltr'><strong>τῶν</strong></span> <span class='ocrx_word' id='word_1_260' title='bbox 828 2033 1127 2104; x_wconf 85' lang='grc' dir='ltr'>ἀρχόντων,</span> <span class='ocrx_word' id='word_1_261' title='bbox 1179 2033 1273 2086; x_wconf 74' lang='grc' dir='ltr'><strong>καὶ</strong></span> <span class='ocrx_word' id='word_1_262' title='bbox 1311 2033 1652 2104; x_wconf 64' lang='grc' dir='ltr'>ἀωσυλῆσαι</span> <span class='ocrx_word' id='word_1_263' title='bbox 1701 2035 1792 2089; x_wconf 85' lang='grc' dir='ltr'>ἀπ’</span> 
     </span>
    </p>
   </div>
   <div class='ocr_carea' id='block_1_36' title="bbox 213 2126 1795 2198">
    <p class='ocr_par' dir='ltr' id='par_1_36' title="bbox 213 2126 1795 2198">
     <span class='ocr_line' id='line_1_36' title="bbox 213 2126 1795 2198; baseline 0.001 -18"><span class='ocrx_word' id='word_1_264' title='bbox 213 2126 398 2180; x_wconf 78' lang='grc' dir='ltr'>αὐτῶν</span> <span class='ocrx_word' id='word_1_265' title='bbox 441 2129 505 2198; x_wconf 79' lang='grc' dir='ltr'>ἢν</span> <span class='ocrx_word' id='word_1_266' title='bbox 538 2128 736 2198; x_wconf 71' lang='grc' dir='ltr'>εἴληφα</span> <span class='ocrx_word' id='word_1_267' title='bbox 765 2129 782 2158; x_wconf 87' lang='grc'>¹</span> <span class='ocrx_word' id='word_1_268' title='bbox 815 2127 1018 2181; x_wconf 84' lang='grc' dir='ltr'>ἀνωθεν</span> <span class='ocrx_word' id='word_1_269' title='bbox 1069 2127 1320 2197; x_wconf 77' lang='grc' dir='ltr'>δύναμιν.</span> <span class='ocrx_word' id='word_1_270' title='bbox 1381 2127 1636 2181; x_wconf 62' lang='grc' dir='ltr'>Βούλεται</span> <span class='ocrx_word' id='word_1_271' title='bbox 1688 2128 1795 2198; x_wconf 79' lang='grc' dir='ltr'>γὰρ</span> 
     </span>
    </p>
   </div>
   <div class='ocr_carea' id='block_1_37' title="bbox 212 2219 1796 2291">
    <p class='ocr_par' dir='ltr' id='par_1_37' title="bbox 212 2219 1796 2291">
     <span class='ocr_line' id='line_1_37' title="bbox 212 2219 1796 2291; baseline 0.003 -20"><span class='ocrx_word' id='word_1_272' title='bbox 212 2219 418 2287; x_wconf 81' lang='grc' dir='ltr'>λέγειν,</span> <span class='ocrx_word' id='word_1_273' title='bbox 456 2221 534 2273; x_wconf 80' lang='grc' dir='ltr'><strong>ὅτι</strong></span> <span class='ocrx_word' id='word_1_274' title='bbox 578 2220 957 2291; x_wconf 80' lang='grc' dir='ltr'>πολεμήσασαι</span> <span class='ocrx_word' id='word_1_275' title='bbox 989 2222 1044 2272; x_wconf 84' lang='grc' dir='ltr'><strong>αἱ</strong></span> <span class='ocrx_word' id='word_1_276' title='bbox 1089 2220 1254 2289; x_wconf 74' lang='grc' dir='ltr'>ἀρχαὶ</span> <span class='ocrx_word' id='word_1_277' title='bbox 1300 2220 1396 2272; x_wconf 73' lang='grc' dir='ltr'><strong>καὶ</strong></span> <span class='ocrx_word' id='word_1_278' title='bbox 1433 2219 1796 2284; x_wconf 81' lang='grc' dir='ltr'>ἐξουσίαι-τὸν</span> 
     </span>
    </p>
   </div>
   <div class='ocr_carea' id='block_1_38' title="bbox 212 2309 1796 2382">
    <p class='ocr_par' dir='ltr' id='par_1_38' title="bbox 212 2309 1796 2382">
     <span class='ocr_line' id='line_1_38' title="bbox 212 2309 1796 2382; baseline 0 -19"><span class='ocrx_word' id='word_1_279' title='bbox 212 2310 351 2363; x_wconf 83' lang='grc' dir='ltr'>Θεὸν</span> <span class='ocrx_word' id='word_1_280' title='bbox 382 2310 473 2362; x_wconf 87' lang='grc' dir='ltr'><strong>τὸν</strong></span> <span class='ocrx_word' id='word_1_281' title='bbox 508 2309 704 2377; x_wconf 68' lang='grc' dir='ltr'>ζῶντα,</span> <span class='ocrx_word' id='word_1_282' title='bbox 737 2311 828 2362; x_wconf 74' lang='grc' dir='ltr'><strong>καὶ</strong></span> <span class='ocrx_word' id='word_1_283' title='bbox 868 2309 1107 2380; x_wconf 81' lang='grc' dir='ltr'>μεγάλην</span> <span class='ocrx_word' id='word_1_284' title='bbox 1139 2311 1232 2362; x_wconf 80' lang='grc' dir='ltr'><strong>καὶ</strong></span> <span class='ocrx_word' id='word_1_285' title='bbox 1263 2309 1646 2380; x_wconf 82' lang='grc' dir='ltr'>ἀκατάληπτον</span> <span class='ocrx_word' id='word_1_286' title='bbox 1698 2313 1796 2382; x_wconf 82' lang='grc' dir='ltr'><strong>ἠρ-</strong></span> 
     </span>
    </p>
   </div>
   <div class='ocr_carea' id='block_1_39' title="bbox 215 2400 1793 2473">
    <p class='ocr_par' dir='ltr' id='par_1_39' title="bbox 215 2400 1793 2473">
     <span class='ocr_line' id='line_1_39' title="bbox 215 2400 1793 2473; baseline 0.003 -19"><span class='ocrx_word' id='word_1_287' title='bbox 215 2402 456 2454; x_wconf 76' lang='grc' dir='ltr'>πακέναι</span> <span class='ocrx_word' id='word_1_288' title='bbox 484 2403 613 2470; x_wconf 83' lang='grc' dir='ltr'>παρ’</span> <span class='ocrx_word' id='word_1_289' title='bbox 637 2400 801 2454; x_wconf 81' lang='grc' dir='ltr'>αὐτοῦ</span> <span class='ocrx_word' id='word_1_290' title='bbox 828 2401 1076 2472; x_wconf 83' lang='grc' dir='ltr'>δύναμιν,</span> <span class='ocrx_word' id='word_1_291' title='bbox 1104 2401 1171 2471; x_wconf 82' lang='grc' dir='ltr'>ἢν</span> <span class='ocrx_word' id='word_1_292' title='bbox 1201 2402 1295 2453; x_wconf 75' lang='grc' dir='ltr'><strong>καὶ</strong></span> <span class='ocrx_word' id='word_1_293' title='bbox 1320 2401 1498 2472; x_wconf 72' lang='grc' dir='ltr'>ψυχὴν</span> <span class='ocrx_word' id='word_1_294' title='bbox 1521 2403 1793 2473; x_wconf 77' lang='grc' dir='ltr'>ὀνομάζει.</span> 
     </span>
    </p>
   </div>
   <div class='ocr_carea' id='block_1_40' title="bbox 214 2493 1800 2568">
    <p class='ocr_par' dir='ltr' id='par_1_40' title="bbox 214 2493 1800 2568">
     <span class='ocr_line' id='line_1_40' title="bbox 214 2493 1800 2568; baseline 0.001 -20"><span class='ocrx_word' id='word_1_295' title='bbox 214 2496 329 2548; x_wconf 76' lang='grc' dir='ltr'>Καὶ</span> <span class='ocrx_word' id='word_1_296' title='bbox 366 2493 410 2546; x_wconf 88' lang='grc' dir='ltr'><strong>ῶ</strong></span> <span class='ocrx_word' id='word_1_297' title='bbox 441 2494 542 2565; x_wconf 75' lang='grc' dir='ltr'>τῆς</span> <span class='ocrx_word' id='word_1_298' title='bbox 578 2495 778 2563; x_wconf 81' lang='grc' dir='ltr'>πολλῆς</span> <span class='ocrx_word' id='word_1_299' title='bbox 814 2494 1002 2548; x_wconf 84' lang='grc' dir='ltr'>τούτου</span> <span class='ocrx_word' id='word_1_300' title='bbox 1027 2495 1292 2556; x_wconf 70' lang='grc' dir='ltr'>ἀτοπίας-Ξ</span> <span class='ocrx_word' id='word_1_301' title='bbox 1331 2497 1445 2558; x_wconf 79' lang='grc' dir='ltr'><strong>Πᾶς</strong></span> <span class='ocrx_word' id='word_1_302' title='bbox 1481 2496 1587 2567; x_wconf 86' lang='grc' dir='ltr'><strong>γὰρ</strong></span> <span class='ocrx_word' id='word_1_303' title='bbox 1626 2497 1800 2568; x_wconf 87' lang='grc' dir='ltr'>ἀρπα-</span> 
     </span>
    </p>
   </div>
   <div class='ocr_carea' id='block_1_41' title="bbox 213 2585 1798 2657">
    <p class='ocr_par' dir='ltr' id='par_1_41' title="bbox 213 2585 1798 2657">
     <span class='ocr_line' id='line_1_41' title="bbox 213 2585 1798 2657; baseline 0.001 -19"><span class='ocrx_word' id='word_1_304' title='bbox 213 2586 450 2657; x_wconf 83' lang='grc' dir='ltr'>ζόμενος</span> <span class='ocrx_word' id='word_1_305' title='bbox 479 2587 573 2639; x_wconf 73' lang='grc' dir='ltr'><strong>καὶ</strong></span> <span class='ocrx_word' id='word_1_306' title='bbox 597 2585 1013 2657; x_wconf 77' lang='grc' dir='ltr'>βιοφορούμενος</span> <span class='ocrx_word' id='word_1_307' title='bbox 1045 2586 1408 2656; x_wconf 78' lang='grc' dir='ltr'>ὑποϐέϐηκεν.</span> <span class='ocrx_word' id='word_1_308' title='bbox 1447 2587 1510 2638; x_wconf 77' lang='lat' dir='ltr'><strong>Ei</strong></span> <span class='ocrx_word' id='word_1_309' title='bbox 1538 2587 1718 2640; x_wconf 85' lang='grc' dir='ltr'>τοίνυν</span> <span class='ocrx_word' id='word_1_310' title='bbox 1744 2589 1798 2640; x_wconf 86' lang='grc' dir='ltr'><strong>αἱ</strong></span> 
     </span>
    </p>
   </div>
   <div class='ocr_carea' id='block_1_42' title="bbox 212 2677 1800 2747">
    <p class='ocr_par' dir='ltr' id='par_1_42' title="bbox 212 2677 1800 2747">
     <span class='ocr_line' id='line_1_42' title="bbox 212 2677 1800 2747; baseline 0.001 -19"><span class='ocrx_word' id='word_1_311' title='bbox 212 2678 407 2747; x_wconf 76' lang='grc' dir='ltr'>ἀρχαὶ,</span> <span class='ocrx_word' id='word_1_312' title='bbox 449 2677 558 2729; x_wconf 88' lang='grc' dir='ltr'><strong>ἀπὸ</strong></span> <span class='ocrx_word' id='word_1_313' title='bbox 604 2677 706 2746; x_wconf 83' lang='grc' dir='ltr'>τῆς</span> <span class='ocrx_word' id='word_1_314' title='bbox 754 2677 1052 2741; x_wconf 84' lang='grc' dir='ltr'>πανοπλίας</span> <span class='ocrx_word' id='word_1_315' title='bbox 1097 2678 1666 2731; x_wconf 86' lang='grc' dir='ltr'>καταδυναστεύσασαι</span> <span class='ocrx_word' id='word_1_316' title='bbox 1708 2679 1800 2731; x_wconf 79' lang='grc' dir='ltr'><strong>τὸν</strong></span> 
     </span>
    </p>
   </div>
   <div class='ocr_carea' id='block_1_43' title="bbox 118 2767 1803 2841">
    <p class='ocr_par' dir='ltr' id='par_1_43' title="bbox 118 2767 1803 2841">
     <span class='ocr_line' id='line_1_43' title="bbox 118 2767 1803 2841; baseline 0.002 -21"><span class='ocrx_word' id='word_1_317' title='bbox 118 2790 126 2796; x_wconf 60' lang='grc' dir='ltr'><strong><em>ο</em></strong></span> <span class='ocrx_word' id='word_1_318' title='bbox 212 2767 423 2836; x_wconf 88' lang='grc' dir='ltr'>ἀγαθὸν</span> <span class='ocrx_word' id='word_1_319' title='bbox 451 2768 603 2833; x_wconf 77' lang='grc' dir='ltr'>θεὸν,</span> <span class='ocrx_word' id='word_1_320' title='bbox 635 2769 864 2840; x_wconf 78' lang='grc' dir='ltr'>δύναμιν</span> <span class='ocrx_word' id='word_1_321' title='bbox 914 2772 1039 2841; x_wconf 86' lang='grc' dir='ltr'>παρ’</span> <span class='ocrx_word' id='word_1_322' title='bbox 1067 2769 1230 2824; x_wconf 75' lang='grc' dir='ltr'>αὐτοῦ</span> <span class='ocrx_word' id='word_1_323' title='bbox 1275 2771 1617 2835; x_wconf 82' lang='grc' dir='ltr'>ἀπέσπασαν,</span> <span class='ocrx_word' id='word_1_324' title='bbox 1663 2773 1803 2841; x_wconf 78' lang='grc' dir='ltr'>ἰσχυτ</span> 
     </span>
    </p>
   </div>
   <div class='ocr_carea' id='block_1_44' title="bbox 225 2855 1802 2932">
    <p class='ocr_par' dir='ltr' id='par_1_44' title="bbox 225 2855 1802 2932">
     <span class='ocr_line' id='line_1_44' title="bbox 225 2855 1802 2932; baseline 0.002 -18"><span class='ocrx_word' id='word_1_325' title='bbox 225 2861 449 2932; x_wconf 83' lang='grc' dir='ltr'>ρότεραι</span> <span class='ocrx_word' id='word_1_326' title='bbox 478 2855 638 2915; x_wconf 73' lang='grc' dir='ltr'>αὗται</span> <span class='ocrx_word' id='word_1_327' title='bbox 666 2861 805 2932; x_wconf 81' lang='grc' dir='ltr'>ὑπὲρ</span> <span class='ocrx_word' id='word_1_328' title='bbox 837 2863 1039 2915; x_wconf 85' lang='grc' dir='ltr'>ἐκεῖνον</span> <span class='ocrx_word' id='word_1_329' title='bbox 1063 2862 1293 2916; x_wconf 76' lang='grc' dir='ltr'>ἔσονται.</span> <span class='ocrx_word' id='word_1_330' title='bbox 1332 2864 1567 2927; x_wconf 79' lang='grc' dir='ltr'>Ἐκεῖνος</span> <span class='ocrx_word' id='word_1_331' title='bbox 1594 2864 1670 2928; x_wconf 84' lang='grc' dir='ltr'><strong>δὲ,</strong></span> <span class='ocrx_word' id='word_1_332' title='bbox 1688 2865 1802 2917; x_wconf 86' lang='grc' dir='ltr'>τού-</span> 
     </span>
    </p>
   </div>
   <div class='ocr_carea' id='block_1_45' title="bbox 219 2950 1800 3023">
    <p class='ocr_par' dir='ltr' id='par_1_45' title="bbox 219 2950 1800 3023">
     <span class='ocr_line' id='line_1_45' title="bbox 219 2950 1800 3023; baseline 0.003 -21"><span class='ocrx_word' id='word_1_333' title='bbox 219 2969 342 3014; x_wconf 87' lang='grc' dir='ltr'>τοις</span> <span class='ocrx_word' id='word_1_334' title='bbox 378 2951 439 3003; x_wconf 87' lang='grc' dir='ltr'><strong>τὸ</strong></span> <span class='ocrx_word' id='word_1_335' title='bbox 483 2950 701 3021; x_wconf 84' lang='grc' dir='ltr'>πρῶτον</span> <span class='ocrx_word' id='word_1_336' title='bbox 751 2951 1133 3023; x_wconf 80' lang='grc' dir='ltr'>ὑποχωρήσας,</span> <span class='ocrx_word' id='word_1_337' title='bbox 1185 2953 1428 3017; x_wconf 74' lang='grc' dir='ltr'>εἰσαῦθις</span> <span class='ocrx_word' id='word_1_338' title='bbox 1475 2955 1534 3006; x_wconf 86' lang='grc' dir='ltr'><strong>οὐ</strong></span> <span class='ocrx_word' id='word_1_339' title='bbox 1582 2953 1800 3007; x_wconf 85' lang='grc' dir='ltr'>δύναται</span> 
     </span>
    </p>
   </div>
   <div class='ocr_carea' id='block_1_46' title="bbox 217 3042 1801 3118">
    <p class='ocr_par' dir='ltr' id='par_1_46' title="bbox 217 3042 1801 3118">
     <span class='ocr_line' id='line_1_46' title="bbox 217 3042 1801 3118; baseline 0.004 -25"><span class='ocrx_word' id='word_1_340' title='bbox 217 3044 354 3113; x_wconf 79' lang='grc' dir='ltr'>παρ’</span> <span class='ocrx_word' id='word_1_341' title='bbox 383 3042 564 3096; x_wconf 82' lang='grc' dir='ltr'>αὐτῶν</span> <span class='ocrx_word' id='word_1_342' title='bbox 588 3042 884 3111; x_wconf 83' lang='grc' dir='ltr'>ἀφελέσθαι</span> <span class='ocrx_word' id='word_1_343' title='bbox 917 3043 1016 3114; x_wconf 81' lang='grc' dir='ltr'><strong>τὴν</strong></span> <span class='ocrx_word' id='word_1_344' title='bbox 1045 3045 1139 3097; x_wconf 81' lang='grc' dir='ltr'>ἀπ’</span> <span class='ocrx_word' id='word_1_345' title='bbox 1169 3045 1333 3098; x_wconf 74' lang='grc' dir='ltr'>αὐτοῦ</span> <span class='ocrx_word' id='word_1_346' title='bbox 1365 3046 1801 3118; x_wconf 79' lang='grc' dir='ltr'>ἀφηρπασμένην</span> 
     </span>
    </p>
   </div>
   <div class='ocr_carea' id='block_1_47' title="bbox 218 3130 1804 3209">
    <p class='ocr_par' dir='ltr' id='par_1_47' title="bbox 218 3130 1804 3209">
     <span class='ocr_line' id='line_1_47' title="bbox 218 3130 1804 3209; baseline 0.001 -23"><span class='ocrx_word' id='word_1_347' title='bbox 218 3133 478 3204; x_wconf 76' lang='grc' dir='ltr'>δύναμιν,</span> <span class='ocrx_word' id='word_1_348' title='bbox 513 3133 613 3186; x_wconf 77' lang='grc' dir='ltr'>εἴτ’</span> <span class='ocrx_word' id='word_1_349' title='bbox 653 3130 746 3188; x_wconf 80' lang='grc' dir='ltr'>οὖν</span> <span class='ocrx_word' id='word_1_350' title='bbox 790 3134 1107 3200; x_wconf 78' lang='grc' dir='ltr'>πανοπλίαν,</span> <span class='ocrx_word' id='word_1_351' title='bbox 1155 3138 1184 3188; x_wconf 95' lang='lat'><strong>6</strong></span> <span class='ocrx_word' id='word_1_352' title='bbox 1225 3135 1283 3200; x_wconf 77' lang='grc' dir='ltr'><strong>ἐξ</strong></span> <span class='ocrx_word' id='word_1_353' title='bbox 1321 3138 1494 3209; x_wconf 84' lang='grc' dir='ltr'>ἀρχῆς</span> <span class='ocrx_word' id='word_1_354' title='bbox 1532 3138 1804 3208; x_wconf 88' lang='grc' dir='ltr'>ἀντισχεῖν</span> 
     </span>
    </p>
   </div>
   <div class='ocr_carea' id='block_1_48' title="bbox 220 3224 1804 3297">
    <p class='ocr_par' dir='ltr' id='par_1_48' title="bbox 220 3224 1804 3297">
     <span class='ocr_line' id='line_1_48' title="bbox 220 3224 1804 3297; baseline 0.002 -20"><span class='ocrx_word' id='word_1_355' title='bbox 220 3224 362 3296; x_wconf 83' lang='grc' dir='ltr'>πρὸς</span> <span class='ocrx_word' id='word_1_356' title='bbox 393 3225 522 3288; x_wconf 78' lang='grc' dir='ltr'>τοὺς</span> <span class='ocrx_word' id='word_1_357' title='bbox 552 3224 844 3297; x_wconf 82' lang='grc' dir='ltr'>πολεμίους</span> <span class='ocrx_word' id='word_1_358' title='bbox 874 3225 948 3296; x_wconf 80' lang='grc' dir='ltr'>μὴ</span> <span class='ocrx_word' id='word_1_359' title='bbox 981 3225 1358 3296; x_wconf 87' lang='grc' dir='ltr'>δεδυνημένος.</span> <span class='ocrx_word' id='word_1_360' title='bbox 1393 3229 1504 3280; x_wconf 74' lang='grc' dir='ltr'><strong>Καὶ</strong></span> <span class='ocrx_word' id='word_1_361' title='bbox 1535 3228 1729 3291; x_wconf 82' lang='grc' dir='ltr'>ἄλλως,</span> <span class='ocrx_word' id='word_1_362' title='bbox 1756 3229 1804 3280; x_wconf 81' lang='grc' dir='ltr'>εἰ</span> 
     </span>
    </p>
   </div>
   <div class='ocr_carea' id='block_1_49' title="bbox 219 3313 1806 3388">
    <p class='ocr_par' dir='ltr' id='par_1_49' title="bbox 219 3313 1806 3388">
     <span class='ocr_line' id='line_1_49' title="bbox 219 3313 1806 3388; baseline 0.003 -22"><span class='ocrx_word' id='word_1_363' title='bbox 219 3313 278 3366; x_wconf 81' lang='grc' dir='ltr'>δὲ</span> <span class='ocrx_word' id='word_1_364' title='bbox 317 3313 411 3366; x_wconf 80' lang='grc' dir='ltr'><strong>καί</strong></span> <span class='ocrx_word' id='word_1_365' title='bbox 440 3330 572 3366; x_wconf 87' lang='grc' dir='ltr'>ποτε</span> <span class='ocrx_word' id='word_1_366' title='bbox 606 3314 767 3368; x_wconf 89' lang='grc' dir='ltr'>πάλιν</span> <span class='ocrx_word' id='word_1_367' title='bbox 798 3317 854 3368; x_wconf 87' lang='grc' dir='ltr'><strong>ἐν</strong></span> <span class='ocrx_word' id='word_1_368' title='bbox 886 3314 1010 3386; x_wconf 82' lang='grc' dir='ltr'>νίκῃ</span> <span class='ocrx_word' id='word_1_369' title='bbox 1043 3315 1331 3386; x_wconf 86' lang='grc' dir='ltr'>γενόμενος</span> <span class='ocrx_word' id='word_1_370' title='bbox 1361 3317 1624 3387; x_wconf 75' lang='grc' dir='ltr'>ἀφέληται</span> <span class='ocrx_word' id='word_1_371' title='bbox 1659 3318 1806 3388; x_wconf 76' lang='grc' dir='ltr'><strong>ἰσχὺ-</strong></span> 
     </span>
    </p>
   </div>
   <div class='ocr_carea' id='block_1_50' title="bbox 224 3404 1807 3478">
    <p class='ocr_par' dir='ltr' id='par_1_50' title="bbox 224 3404 1807 3478">
     <span class='ocr_line' id='line_1_50' title="bbox 224 3404 1807 3478; baseline 0.003 -22"><span class='ocrx_word' id='word_1_372' title='bbox 224 3421 326 3469; x_wconf 90' lang='grc' dir='ltr'><strong>σας</strong></span> <span class='ocrx_word' id='word_1_373' title='bbox 360 3404 505 3458; x_wconf 86' lang='grc' dir='ltr'><strong>κατά</strong></span> <span class='ocrx_word' id='word_1_374' title='bbox 543 3404 652 3457; x_wconf 91' lang='grc' dir='ltr'><strong>τῶν</strong></span> <span class='ocrx_word' id='word_1_375' title='bbox 688 3405 757 3458; x_wconf 83' lang='grc' dir='ltr'>δι’</span> <span class='ocrx_word' id='word_1_376' title='bbox 785 3407 1033 3469; x_wconf 75' lang='grc' dir='ltr'>ἐναντίας</span> <span class='ocrx_word' id='word_1_377' title='bbox 1080 3408 1178 3478; x_wconf 85' lang='grc' dir='ltr'><strong>τὴν</strong></span> <span class='ocrx_word' id='word_1_378' title='bbox 1213 3410 1306 3461; x_wconf 82' lang='grc' dir='ltr'>ἀπ’</span> <span class='ocrx_word' id='word_1_379' title='bbox 1342 3407 1506 3460; x_wconf 82' lang='grc' dir='ltr'>αὑτοῦ</span> <span class='ocrx_word' id='word_1_380' title='bbox 1557 3407 1807 3478; x_wconf 84' lang='grc' dir='ltr'>ἀφηρπα-</span> 
     </span>
    </p>
   </div>
   <div class='ocr_carea' id='block_1_51' title="bbox 241 3494 1806 3568">
    <p class='ocr_par' dir='ltr' id='par_1_51' title="bbox 241 3494 1806 3568">
     <span class='ocr_line' id='line_1_51' title="bbox 241 3494 1806 3568; baseline 0.008 -24"><span class='ocrx_word' id='word_1_381' title='bbox 241 3495 448 3565; x_wconf 85' lang='grc' dir='ltr'>σμένην</span> <span class='ocrx_word' id='word_1_382' title='bbox 484 3494 732 3566; x_wconf 76' lang='grc' dir='ltr'>δύναμιν,</span> <span class='ocrx_word' id='word_1_383' title='bbox 760 3497 860 3567; x_wconf 79' lang='grc' dir='ltr'><strong>τῆς</strong></span> <span class='ocrx_word' id='word_1_384' title='bbox 898 3496 992 3549; x_wconf 84' lang='grc' dir='ltr'>τοῦ</span> <span class='ocrx_word' id='word_1_385' title='bbox 1023 3496 1192 3551; x_wconf 84' lang='grc' dir='ltr'>κακοῦ</span> <span class='ocrx_word' id='word_1_386' title='bbox 1241 3497 1394 3568; x_wconf 75' lang='grc' dir='ltr'>ῥίζης</span> <span class='ocrx_word' id='word_1_387' title='bbox 1421 3513 1480 3550; x_wconf 91' lang='grc' dir='ltr'><strong>τε</strong></span> <span class='ocrx_word' id='word_1_388' title='bbox 1511 3497 1602 3550; x_wconf 74' lang='grc' dir='ltr'><strong>καὶ</strong></span> <span class='ocrx_word' id='word_1_389' title='bbox 1630 3497 1806 3568; x_wconf 79' lang='grc' dir='ltr'>ἀρχῆς</span> 
     </span>
    </p>
   </div>
   <div class='ocr_carea' id='block_1_52' title="bbox 231 3585 1808 3658">
    <p class='ocr_par' dir='ltr' id='par_1_52' title="bbox 231 3585 1808 3658">
     <span class='ocr_line' id='line_1_52' title="bbox 231 3585 1808 3658; baseline -0.001 -18"><span class='ocrx_word' id='word_1_390' title='bbox 231 3585 474 3656; x_wconf 84' lang='grc' dir='ltr'>ἀνάρχου</span> <span class='ocrx_word' id='word_1_391' title='bbox 503 3585 585 3639; x_wconf 75' lang='grc' dir='ltr'>ἔτι</span> <span class='ocrx_word' id='word_1_392' title='bbox 616 3587 999 3658; x_wconf 75' lang='grc' dir='ltr'>ἐπιμενούσης,</span> <span class='ocrx_word' id='word_1_393' title='bbox 1038 3589 1134 3640; x_wconf 73' lang='grc' dir='ltr'><strong>καὶ</strong></span> <span class='ocrx_word' id='word_1_394' title='bbox 1159 3586 1436 3650; x_wconf 84' lang='grc' dir='ltr'>παντελῶς</span> <span class='ocrx_word' id='word_1_395' title='bbox 1475 3587 1549 3658; x_wconf 78' lang='grc' dir='ltr'>μὴ</span> <span class='ocrx_word' id='word_1_396' title='bbox 1577 3587 1808 3658; x_wconf 87' lang='grc' dir='ltr'>δυναμέ-</span> 
     </span>
    </p>
   </div>
   <div class='ocr_carea' id='block_1_53' title="bbox 222 3675 1810 3750">
    <p class='ocr_par' dir='ltr' id='par_1_53' title="bbox 222 3675 1810 3750">
     <span class='ocr_line' id='line_1_53' title="bbox 222 3675 1810 3750; baseline 0.002 -21"><span class='ocrx_word' id='word_1_397' title='bbox 222 3694 324 3747; x_wconf 83' lang='grc' dir='ltr'><strong>νης</strong></span> <span class='ocrx_word' id='word_1_398' title='bbox 369 3676 742 3748; x_wconf 78' lang='grc' dir='ltr'>ἀναιρεθῆναι,</span> <span class='ocrx_word' id='word_1_399' title='bbox 798 3675 952 3742; x_wconf 78' lang='grc' dir='ltr'>αὖθις</span> <span class='ocrx_word' id='word_1_400' title='bbox 998 3680 1159 3732; x_wconf 82' lang='grc' dir='ltr'>πάλιν</span> <span class='ocrx_word' id='word_1_401' title='bbox 1202 3677 1521 3750; x_wconf 86' lang='grc' dir='ltr'>κατισχύσει</span> <span class='ocrx_word' id='word_1_402' title='bbox 1557 3679 1810 3750; x_wconf 84' lang='grc' dir='ltr'>ἐπιστρα-</span> 
     </span>
    </p>
   </div>
   <div class='ocr_carea' id='block_1_54' title="bbox 223 3765 1808 3840">
    <p class='ocr_par' dir='ltr' id='par_1_54' title="bbox 223 3765 1808 3840">
     <span class='ocr_line' id='line_1_54' title="bbox 223 3765 1808 3840; baseline 0.003 -22"><span class='ocrx_word' id='word_1_403' title='bbox 223 3765 469 3820; x_wconf 82' lang='grc' dir='ltr'>τεύσασα</span> <span class='ocrx_word' id='word_1_404' title='bbox 498 3768 666 3838; x_wconf 76' lang='grc' dir='ltr'>ἑαυτῇ</span> <span class='ocrx_word' id='word_1_405' title='bbox 702 3769 1095 3839; x_wconf 84' lang='grc' dir='ltr'>περισσοτέραν</span> <span class='ocrx_word' id='word_1_406' title='bbox 1130 3767 1379 3838; x_wconf 82' lang='grc' dir='ltr'>δύναμιν,</span> <span class='ocrx_word' id='word_1_407' title='bbox 1403 3769 1498 3823; x_wconf 80' lang='grc' dir='ltr'><strong>καὶ</strong></span> <span class='ocrx_word' id='word_1_408' title='bbox 1518 3769 1620 3840; x_wconf 81' lang='grc' dir='ltr'>τὴν</span> <span class='ocrx_word' id='word_1_409' title='bbox 1647 3769 1808 3822; x_wconf 83' lang='grc' dir='ltr'>πάλιν</span> 
     </span>
    </p>
   </div>
   <div class='ocr_carea' id='block_1_55' title="bbox 225 3857 1810 3930">
    <p class='ocr_par' dir='ltr' id='par_1_55' title="bbox 225 3857 1810 3930">
     <span class='ocr_line' id='line_1_55' title="bbox 225 3857 1810 3930; baseline 0.002 -20"><span class='ocrx_word' id='word_1_410' title='bbox 225 3857 395 3911; x_wconf 76' lang='grc' dir='ltr'>αὐτοῦ</span> <span class='ocrx_word' id='word_1_411' title='bbox 423 3857 723 3928; x_wconf 73' lang='grc' dir='ltr'>ληφθεῖσαν</span> <span class='ocrx_word' id='word_1_412' title='bbox 751 3861 815 3912; x_wconf 89' lang='grc' dir='ltr'><strong>ἐκ</strong></span> <span class='ocrx_word' id='word_1_413' title='bbox 843 3859 936 3912; x_wconf 76' lang='grc' dir='ltr'>τοῦ</span> <span class='ocrx_word' id='word_1_414' title='bbox 973 3858 1181 3928; x_wconf 76' lang='grc' dir='ltr'>ἀγαθοῦ</span> <span class='ocrx_word' id='word_1_415' title='bbox 1213 3858 1348 3913; x_wconf 84' lang='grc' dir='ltr'><strong>Θεοῦ</strong></span> <span class='ocrx_word' id='word_1_416' title='bbox 1378 3859 1634 3930; x_wconf 81' lang='grc' dir='ltr'>δύναμιν,</span> <span class='ocrx_word' id='word_1_417' title='bbox 1667 3862 1810 3914; x_wconf 85' lang='grc' dir='ltr'>κατά</span> 
     </span>
    </p>
   </div>
   <div class='ocr_carea' id='block_1_56' title="bbox 223 3949 1810 4023">
    <p class='ocr_par' dir='ltr' id='par_1_56' title="bbox 223 3949 1810 4023">
     <span class='ocr_line' id='line_1_56' title="bbox 223 3949 1810 4023; baseline 0.003 -22"><span class='ocrx_word' id='word_1_418' title='bbox 223 3967 348 4002; x_wconf 83' lang='grc' dir='ltr'>τινα</span> <span class='ocrx_word' id='word_1_419' title='bbox 387 3949 707 4004; x_wconf 79' lang='grc' dir='ltr'>δυναστείαν</span> <span class='ocrx_word' id='word_1_420' title='bbox 746 3950 1096 4020; x_wconf 76' lang='grc' dir='ltr'>ἐξισχύσασα,</span> <span class='ocrx_word' id='word_1_421' title='bbox 1139 3950 1300 4004; x_wconf 88' lang='grc' dir='ltr'>πάλιν</span> <span class='ocrx_word' id='word_1_422' title='bbox 1339 3952 1684 4023; x_wconf 81' lang='grc' dir='ltr'>ἀφαιρήσειε·</span> <span class='ocrx_word' id='word_1_423' title='bbox 1717 3954 1810 4006; x_wconf 70' lang='grc' dir='ltr'><strong>καὶ</strong></span> 
     </span>
    </p>
   </div>
   <div class='ocr_carea' id='block_1_57' title="bbox 226 4041 1810 4114">
    <p class='ocr_par' dir='ltr' id='par_1_57' title="bbox 226 4041 1810 4114">
     <span class='ocr_line' id='line_1_57' title="bbox 226 4041 1810 4114; baseline 0.003 -20"><span class='ocrx_word' id='word_1_424' title='bbox 226 4041 385 4094; x_wconf 74' lang='grc' dir='ltr'>ἔσται</span> <span class='ocrx_word' id='word_1_425' title='bbox 437 4043 527 4095; x_wconf 75' lang='grc' dir='ltr'><strong>ἀεὶ</strong></span> <span class='ocrx_word' id='word_1_426' title='bbox 572 4043 692 4096; x_wconf 86' lang='grc' dir='ltr'>κατ’</span> <span class='ocrx_word' id='word_1_427' title='bbox 738 4043 900 4096; x_wconf 84' lang='grc' dir='ltr'>αὐτὸν</span> <span class='ocrx_word' id='word_1_428' title='bbox 947 4043 1009 4096; x_wconf 91' lang='grc' dir='ltr'><strong>τὸ</strong></span> <span class='ocrx_word' id='word_1_429' title='bbox 1053 4045 1218 4099; x_wconf 87' lang='grc' dir='ltr'>κακὸν</span> <span class='ocrx_word' id='word_1_430' title='bbox 1261 4043 1676 4114; x_wconf 83' lang='grc' dir='ltr'>ἀνθιστάμενον,</span> <span class='ocrx_word' id='word_1_431' title='bbox 1717 4046 1810 4098; x_wconf 58' lang='grc' dir='ltr'><strong>καὶ¹</strong></span> 
     </span>
    </p>
   </div>
   <div class='ocr_carea' id='block_1_58' title="bbox 231 4134 1812 4206">
    <p class='ocr_par' dir='ltr' id='par_1_58' title="bbox 231 4134 1812 4206">
     <span class='ocr_line' id='line_1_58' title="bbox 231 4134 1812 4206; baseline 0.002 -19"><span class='ocrx_word' id='word_1_432' title='bbox 231 4135 506 4205; x_wconf 82' lang='grc' dir='ltr'>μηδέποτε</span> <span class='ocrx_word' id='word_1_433' title='bbox 534 4134 656 4205; x_wconf 77' lang='grc' dir='ltr'>ἔχον</span> <span class='ocrx_word' id='word_1_434' title='bbox 687 4135 787 4206; x_wconf 84' lang='grc' dir='ltr'><strong>τὴν</strong></span> <span class='ocrx_word' id='word_1_435' title='bbox 814 4135 1154 4204; x_wconf 76' lang='grc' dir='ltr'>κατάλειψιν,</span> <span class='ocrx_word' id='word_1_436' title='bbox 1186 4137 1266 4199; x_wconf 75' lang='grc' dir='ltr'>εἰς</span> <span class='ocrx_word' id='word_1_437' title='bbox 1292 4137 1352 4189; x_wconf 87' lang='grc' dir='ltr'><strong>τὸ</strong></span> <span class='ocrx_word' id='word_1_438' title='bbox 1368 4136 1615 4206; x_wconf 82' lang='grc' dir='ltr'>διηνεκὲς</span> <span class='ocrx_word' id='word_1_439' title='bbox 1639 4137 1812 4206; x_wconf 88' lang='grc' dir='ltr'>ἀρπά-</span> 
     </span>
    </p>
   </div>
   <div class='ocr_carea' id='block_1_59' title="bbox 229 4226 1810 4297">
    <p class='ocr_par' dir='ltr' id='par_1_59' title="bbox 229 4226 1810 4297">
     <span class='ocr_line' id='line_1_59' title="bbox 229 4226 1810 4297; baseline 0.004 -22"><span class='ocrx_word' id='word_1_440' title='bbox 229 4227 322 4290; x_wconf 74' lang='grc' dir='ltr'>ξον</span> <span class='ocrx_word' id='word_1_441' title='bbox 360 4244 422 4279; x_wconf 90' lang='grc' dir='ltr'><strong>τε</strong></span> <span class='ocrx_word' id='word_1_442' title='bbox 462 4228 559 4280; x_wconf 72' lang='grc' dir='ltr'>καὶ</span> <span class='ocrx_word' id='word_1_443' title='bbox 602 4227 1007 4297; x_wconf 78' lang='grc' dir='ltr'>ἁρπαζόμενον.</span> <span class='ocrx_word' id='word_1_444' title='bbox 1043 4228 1105 4280; x_wconf 73' lang='grc' dir='ltr'><strong>Εἰ</strong></span> <span class='ocrx_word' id='word_1_445' title='bbox 1140 4227 1198 4280; x_wconf 85' lang='grc' dir='ltr'>δὲ</span> <span class='ocrx_word' id='word_1_446' title='bbox 1239 4227 1332 4280; x_wconf 78' lang='grc' dir='ltr'><strong>καὶ</strong></span> <span class='ocrx_word' id='word_1_447' title='bbox 1375 4226 1584 4294; x_wconf 80' lang='grc' dir='ltr'>λέξειαν</span> <span class='ocrx_word' id='word_1_448' title='bbox 1626 4230 1674 4280; x_wconf 84' lang='grc' dir='ltr'>οἱ</span> <span class='ocrx_word' id='word_1_449' title='bbox 1711 4227 1810 4291; x_wconf 85' lang='grc' dir='ltr'><strong>τὰς</strong></span> 
     </span>
    </p>
   </div>
   <div class='ocr_carea' id='block_1_60' title="bbox 229 4315 1812 4390">
    <p class='ocr_par' dir='ltr' id='par_1_60' title="bbox 229 4315 1812 4390">
     <span class='ocr_line' id='line_1_60' title="bbox 229 4315 1812 4390; baseline 0.003 -22"><span class='ocrx_word' id='word_1_450' title='bbox 229 4317 435 4386; x_wconf 83' lang='grc' dir='ltr'>φρένας</span> <span class='ocrx_word' id='word_1_451' title='bbox 476 4315 842 4387; x_wconf 81' lang='grc' dir='ltr'>βεϐλαμμένοι</span> <span class='ocrx_word' id='word_1_452' title='bbox 884 4316 1255 4388; x_wconf 82' lang='grc' dir='ltr'>ἀπατηθέντες</span> <span class='ocrx_word' id='word_1_453' title='bbox 1297 4318 1438 4371; x_wconf 85' lang='grc' dir='ltr'>κατὰ</span> <span class='ocrx_word' id='word_1_454' title='bbox 1476 4318 1652 4372; x_wconf 86' lang='grc' dir='ltr'>πάντα</span> <span class='ocrx_word' id='word_1_455' title='bbox 1687 4319 1812 4390; x_wconf 81' lang='grc' dir='ltr'><strong>τρό⁴⁸</strong></span> 
     </span>
    </p>
   </div>
   <div class='ocr_carea' id='block_1_61' title="bbox 1897 1853 3470 1932">
    <p class='ocr_par' dir='ltr' id='par_1_61' title="bbox 1897 1853 3470 1932">
     <span class='ocr_line' id='line_1_61' title="bbox 1897 1853 3470 1932; baseline 0.003 -24"><span class='ocrx_word' id='word_1_456' title='bbox 1897 1853 2110 1909; x_wconf 84' lang='lat' dir='ltr'><strong>vafrum</strong></span> <span class='ocrx_word' id='word_1_457' title='bbox 2135 1855 2396 1926; x_wconf 84' lang='lat' dir='ltr'><strong>quiddam</strong></span> <span class='ocrx_word' id='word_1_458' title='bbox 2421 1857 2806 1928; x_wconf 78' lang='lat' dir='ltr'><strong>excogitarunt</strong></span> <span class='ocrx_word' id='word_1_459' title='bbox 2833 1877 2846 1913; x_wconf 91' lang='lat'><strong>:</strong></span> <span class='ocrx_word' id='word_1_460' title='bbox 2873 1858 3253 1932; x_wconf 82' lang='lat' dir='ltr'><strong>universorum</strong></span> <span class='ocrx_word' id='word_1_461' title='bbox 3279 1857 3470 1914; x_wconf 86' lang='lat' dir='ltr'><strong>videli-</strong></span> 
     </span>
    </p>
   </div>
   <div class='ocr_carea' id='block_1_62' title="bbox 1894 1948 3468 2018">
    <p class='ocr_par' dir='ltr' id='par_1_62' title="bbox 1894 1948 3468 2018">
     <span class='ocr_line' id='line_1_62' title="bbox 1894 1948 3468 2018; baseline 0.004 -18"><span class='ocrx_word' id='word_1_462' title='bbox 1894 1957 1979 2000; x_wconf 91' lang='lat' dir='ltr'><strong>cet</strong></span> <span class='ocrx_word' id='word_1_463' title='bbox 2007 1952 2259 2011; x_wconf 86' lang='lat' dir='ltr'><strong>matrem,</strong></span> <span class='ocrx_word' id='word_1_464' title='bbox 2302 1962 2423 2018; x_wconf 75' lang='lat' dir='ltr'><strong>qua:</strong></span> <span class='ocrx_word' id='word_1_465' title='bbox 2453 1948 2560 2002; x_wconf 86' lang='lat' dir='ltr'><strong>vim</strong></span> <span class='ocrx_word' id='word_1_466' title='bbox 2607 1965 2759 2004; x_wconf 88' lang='lat' dir='ltr'><strong>suam</strong></span> <span class='ocrx_word' id='word_1_467' title='bbox 2796 1950 3239 2016; x_wconf 82' lang='lat' dir='ltr'><strong>communicavit,</strong></span> <span class='ocrx_word' id='word_1_468' title='bbox 3271 1967 3302 2006; x_wconf 92' lang='lat' dir='ltr'><strong>e</strong></span> <span class='ocrx_word' id='word_1_469' title='bbox 3325 1952 3468 2006; x_wconf 71' lang='lat' dir='ltr'><strong>coelo</strong></span> 
     </span>
    </p>
   </div>
   <div class='ocr_carea' id='block_1_63' title="bbox 1893 2035 3468 2110">
    <p class='ocr_par' dir='ltr' id='par_1_63' title="bbox 1893 2035 3468 2110">
     <span class='ocr_line' id='line_1_63' title="bbox 1893 2035 3468 2110; baseline 0.004 -20"><span class='ocrx_word' id='word_1_470' title='bbox 1893 2035 2272 2102; x_wconf 85' lang='lat' dir='ltr'><strong>descendisse,</strong></span> <span class='ocrx_word' id='word_1_471' title='bbox 2304 2045 2364 2091; x_wconf 89' lang='lat' dir='ltr'><strong>ut</strong></span> <span class='ocrx_word' id='word_1_472' title='bbox 2409 2051 2528 2093; x_wconf 89' lang='lat' dir='ltr'><strong>eam</strong></span> <span class='ocrx_word' id='word_1_473' title='bbox 2563 2038 2732 2108; x_wconf 90' lang='lat' dir='ltr'><strong>ipsam</strong></span> <span class='ocrx_word' id='word_1_474' title='bbox 2776 2040 2884 2093; x_wconf 85' lang='lat' dir='ltr'><strong>vim</strong></span> <span class='ocrx_word' id='word_1_475' title='bbox 2939 2040 3277 2110; x_wconf 83' lang='lat' dir='ltr'><strong>principibus</strong></span> <span class='ocrx_word' id='word_1_476' title='bbox 3320 2041 3468 2096; x_wconf 85' lang='lat' dir='ltr'><strong>furto</strong></span> 
     </span>
    </p>
   </div>
   <div class='ocr_carea' id='block_1_64' title="bbox 1895 2122 3467 2196">
    <p class='ocr_par' dir='ltr' id='par_1_64' title="bbox 1895 2122 3467 2196">
     <span class='ocr_line' id='line_1_64' title="bbox 1895 2122 3467 2196; baseline 0.004 -20"><span class='ocrx_word' id='word_1_477' title='bbox 1895 2122 2128 2191; x_wconf 81' lang='lat' dir='ltr'><strong>auferat,</strong></span> <span class='ocrx_word' id='word_1_478' title='bbox 2145 2123 2304 2196; x_wconf 69' lang='grc'><strong>64],</strong></span> <span class='ocrx_word' id='word_1_479' title='bbox 2325 2139 2389 2179; x_wconf 88' lang='lat' dir='ltr'><strong>ac</strong></span> <span class='ocrx_word' id='word_1_480' title='bbox 2417 2125 2704 2196; x_wconf 83' lang='lat' dir='ltr'><strong>subripiat,</strong></span> <span class='ocrx_word' id='word_1_481' title='bbox 2721 2143 2881 2196; x_wconf 89' lang='lat' dir='ltr'><strong>quam</strong></span> <span class='ocrx_word' id='word_1_482' title='bbox 2913 2144 2942 2183; x_wconf 92' lang='lat' dir='ltr'><strong>e</strong></span> <span class='ocrx_word' id='word_1_483' title='bbox 2968 2128 3108 2182; x_wconf 74' lang='lat' dir='ltr'><strong>coelo</strong></span> <span class='ocrx_word' id='word_1_484' title='bbox 3134 2128 3467 2186; x_wconf 86' lang='lat' dir='ltr'><strong>transfusam</strong></span> 
     </span>
    </p>
   </div>
   <div class='ocr_carea' id='block_1_65' title="bbox 1896 2217 3471 2290">
    <p class='ocr_par' dir='ltr' id='par_1_65' title="bbox 1896 2217 3471 2290">
     <span class='ocr_line' id='line_1_65' title="bbox 1896 2217 3471 2290; baseline 0.006 -22"><span class='ocrx_word' id='word_1_485' title='bbox 1896 2224 2245 2286; x_wconf 84' lang='lat' dir='ltr'><strong>acceperant.</strong></span> <span class='ocrx_word' id='word_1_486' title='bbox 2273 2217 2331 2270; x_wconf 92' lang='lat' dir='ltr'><strong>ln</strong></span> <span class='ocrx_word' id='word_1_487' title='bbox 2355 2232 2464 2287; x_wconf 90' lang='lat' dir='ltr'><strong>quo</strong></span> <span class='ocrx_word' id='word_1_488' title='bbox 2493 2217 2627 2272; x_wconf 91' lang='lat' dir='ltr'><strong>illud</strong></span> <span class='ocrx_word' id='word_1_489' title='bbox 2651 2218 2754 2273; x_wconf 91' lang='lat' dir='ltr'><strong>sibi</strong></span> <span class='ocrx_word' id='word_1_490' title='bbox 2782 2220 2972 2273; x_wconf 90' lang='lat' dir='ltr'><strong>volunt</strong></span> <span class='ocrx_word' id='word_1_491' title='bbox 2999 2220 3371 2290; x_wconf 71' lang='lat' dir='ltr'><strong>:prinzipatus</strong></span> <span class='ocrx_word' id='word_1_492' title='bbox 3405 2235 3471 2277; x_wconf 87' lang='lat' dir='ltr'><strong>ae</strong></span> 
     </span>
    </p>
   </div>
   <div class='ocr_carea' id='block_1_66' title="bbox 1894 2307 3469 2380">
    <p class='ocr_par' dir='ltr' id='par_1_66' title="bbox 1894 2307 3469 2380">
     <span class='ocr_line' id='line_1_66' title="bbox 1894 2307 3469 2380; baseline 0.002 -19"><span class='ocrx_word' id='word_1_493' title='bbox 1894 2315 2189 2378; x_wconf 88' lang='lat' dir='ltr'><strong>potestates</strong></span> <span class='ocrx_word' id='word_1_494' title='bbox 2219 2307 2361 2363; x_wconf 90' lang='lat' dir='ltr'><strong>bello</strong></span> <span class='ocrx_word' id='word_1_495' title='bbox 2391 2315 2582 2363; x_wconf 89' lang='lat' dir='ltr'><strong>contra</strong></span> <span class='ocrx_word' id='word_1_496' title='bbox 2609 2307 2778 2364; x_wconf 91' lang='lat' dir='ltr'><strong>Deum</strong></span> <span class='ocrx_word' id='word_1_497' title='bbox 2807 2311 2989 2364; x_wconf 88' lang='lat' dir='ltr'><strong>vivum</strong></span> <span class='ocrx_word' id='word_1_498' title='bbox 3031 2319 3311 2380; x_wconf 88' lang='lat' dir='ltr'><strong>suscepto,</strong></span> <span class='ocrx_word' id='word_1_499' title='bbox 3350 2327 3469 2365; x_wconf 88' lang='lat' dir='ltr'><strong>ma-</strong></span> 
     </span>
    </p>
   </div>
   <div class='ocr_carea' id='block_1_67' title="bbox 1895 2397 3473 2469">
    <p class='ocr_par' dir='ltr' id='par_1_67' title="bbox 1895 2397 3473 2469">
     <span class='ocr_line' id='line_1_67' title="bbox 1895 2397 3473 2469; baseline 0.001 -18"><span class='ocrx_word' id='word_1_500' title='bbox 1895 2413 2056 2469; x_wconf 80' lang='lat' dir='ltr'><strong>gnam</strong></span> <span class='ocrx_word' id='word_1_501' title='bbox 2083 2397 2152 2451; x_wconf 88' lang='lat' dir='ltr'><strong>ab</strong></span> <span class='ocrx_word' id='word_1_502' title='bbox 2181 2411 2247 2452; x_wconf 86' lang='lat' dir='ltr'><strong>eo</strong></span> <span class='ocrx_word' id='word_1_503' title='bbox 2279 2397 2531 2468; x_wconf 88' lang='lat' dir='ltr'><strong>rapuisse</strong></span> <span class='ocrx_word' id='word_1_504' title='bbox 2561 2397 2696 2462; x_wconf 87' lang='lat' dir='ltr'><strong>vim,</strong></span> <span class='ocrx_word' id='word_1_505' title='bbox 2733 2413 2854 2468; x_wconf 75' lang='lat' dir='ltr'><strong>qua:</strong></span> <span class='ocrx_word' id='word_1_506' title='bbox 2898 2398 3287 2467; x_wconf 88' lang='lat' dir='ltr'><strong>comprehendi</strong></span> <span class='ocrx_word' id='word_1_507' title='bbox 3320 2398 3473 2453; x_wconf 90' lang='lat' dir='ltr'><strong>nullo</strong></span> 
     </span>
    </p>
   </div>
   <div class='ocr_carea' id='block_1_68' title="bbox 1898 2489 3476 2560">
    <p class='ocr_par' dir='ltr' id='par_1_68' title="bbox 1898 2489 3476 2560">
     <span class='ocr_line' id='line_1_68' title="bbox 1898 2489 3476 2560; baseline 0.001 -16"><span class='ocrx_word' id='word_1_508' title='bbox 1898 2489 2061 2544; x_wconf 91' lang='lat' dir='ltr'><strong>modo</strong></span> <span class='ocrx_word' id='word_1_509' title='bbox 2082 2490 2276 2560; x_wconf 88' lang='lat' dir='ltr'><strong>possit,</strong></span> <span class='ocrx_word' id='word_1_510' title='bbox 2309 2505 2431 2560; x_wconf 57' lang='lat' dir='ltr'><strong>quae</strong></span> <span class='ocrx_word' id='word_1_511' title='bbox 2473 2489 2691 2560; x_wconf 85' lang='lat' dir='ltr'><strong>quidem</strong></span> <span class='ocrx_word' id='word_1_512' title='bbox 2722 2491 2901 2544; x_wconf 91' lang='lat' dir='ltr'><strong>anima</strong></span> <span class='ocrx_word' id='word_1_513' title='bbox 2930 2490 3265 2545; x_wconf 87' lang='lat' dir='ltr'><strong>nominatur.</strong></span> <span class='ocrx_word' id='word_1_514' title='bbox 3301 2489 3348 2546; x_wconf 89' lang='grc'>0</span> <span class='ocrx_word' id='word_1_515' title='bbox 3378 2491 3476 2545; x_wconf 75' lang='lat' dir='ltr'><strong>ab-</strong></span> 
     </span>
    </p>
   </div>
   <div class='ocr_carea' id='block_1_69' title="bbox 1898 2581 3471 2654">
    <p class='ocr_par' dir='ltr' id='par_1_69' title="bbox 1898 2581 3471 2654">
     <span class='ocr_line' id='line_1_69' title="bbox 1898 2581 3471 2654; baseline 0 -18"><span class='ocrx_word' id='word_1_516' title='bbox 1898 2581 2280 2636; x_wconf 87' lang='lat' dir='ltr'><strong>surdissimam</strong></span> <span class='ocrx_word' id='word_1_517' title='bbox 2302 2581 2628 2638; x_wconf 83' lang='lat' dir='ltr'><strong>falsitatem!</strong></span> <span class='ocrx_word' id='word_1_518' title='bbox 2661 2581 2876 2636; x_wconf 87' lang='lat' dir='ltr'><strong>Etenim</strong></span> <span class='ocrx_word' id='word_1_519' title='bbox 2902 2583 3212 2654; x_wconf 89' lang='lat' dir='ltr'><strong>cuicunque</strong></span> <span class='ocrx_word' id='word_1_520' title='bbox 3244 2597 3343 2653; x_wconf 87' lang='lat' dir='ltr'><strong>per</strong></span> <span class='ocrx_word' id='word_1_521' title='bbox 3360 2583 3471 2637; x_wconf 90' lang='lat' dir='ltr'><strong>vim</strong></span> 
     </span>
    </p>
   </div>
   <div class='ocr_carea' id='block_1_70' title="bbox 1899 2674 3472 2746">
    <p class='ocr_par' dir='ltr' id='par_1_70' title="bbox 1899 2674 3472 2746">
     <span class='ocr_line' id='line_1_70' title="bbox 1899 2674 3472 2746; baseline -0.001 -15"><span class='ocrx_word' id='word_1_522' title='bbox 1899 2675 2101 2746; x_wconf 87' lang='lat' dir='ltr'><strong>aliquid</strong></span> <span class='ocrx_word' id='word_1_523' title='bbox 2129 2691 2193 2731; x_wconf 89' lang='lat' dir='ltr'><strong>ac</strong></span> <span class='ocrx_word' id='word_1_524' title='bbox 2226 2677 2543 2732; x_wconf 82' lang='lat' dir='ltr'><strong>violentiam</strong></span> <span class='ocrx_word' id='word_1_525' title='bbox 2565 2676 2819 2746; x_wconf 88' lang='lat' dir='ltr'><strong>eripitur,</strong></span> <span class='ocrx_word' id='word_1_526' title='bbox 2856 2675 3082 2732; x_wconf 88' lang='lat' dir='ltr'><strong>inferior</strong></span> <span class='ocrx_word' id='word_1_527' title='bbox 3101 2684 3202 2732; x_wconf 89' lang='lat' dir='ltr'><strong>est.</strong></span> <span class='ocrx_word' id='word_1_528' title='bbox 3223 2676 3402 2743; x_wconf 85' lang='lat' dir='ltr'><strong>Quare</strong></span> <span class='ocrx_word' id='word_1_529' title='bbox 3423 2674 3472 2730; x_wconf 91' lang='lat' dir='ltr'><strong>si</strong></span> 
     </span>
    </p>
   </div>
   <div class='ocr_carea' id='block_1_71' title="bbox 1899 2767 3472 2839">
    <p class='ocr_par' dir='ltr' id='par_1_71' title="bbox 1899 2767 3472 2839">
     <span class='ocr_line' id='line_1_71' title="bbox 1899 2767 3472 2839; baseline 0.001 -19"><span class='ocrx_word' id='word_1_530' title='bbox 1899 2768 2241 2837; x_wconf 85' lang='lat' dir='ltr'><strong>principatus</strong></span> <span class='ocrx_word' id='word_1_531' title='bbox 2272 2768 2350 2822; x_wconf 91' lang='lat' dir='ltr'><strong>illi</strong></span> <span class='ocrx_word' id='word_1_532' title='bbox 2384 2770 2584 2824; x_wconf 90' lang='lat' dir='ltr'><strong>bonum</strong></span> <span class='ocrx_word' id='word_1_533' title='bbox 2614 2769 2783 2824; x_wconf 91' lang='lat' dir='ltr'><strong>Deum</strong></span> <span class='ocrx_word' id='word_1_534' title='bbox 2816 2768 2982 2823; x_wconf 87' lang='lat' dir='ltr'><strong>armis</strong></span> <span class='ocrx_word' id='word_1_535' title='bbox 3013 2767 3472 2839; x_wconf 75' lang='lat' dir='ltr'><strong>expugnaverint,</strong></span> 
     </span>
    </p>
   </div>
   <div class='ocr_carea' id='block_1_72' title="bbox 1901 2857 3476 2930">
    <p class='ocr_par' dir='ltr' id='par_1_72' title="bbox 1901 2857 3476 2930">
     <span class='ocr_line' id='line_1_72' title="bbox 1901 2857 3476 2930; baseline 0 -18"><span class='ocrx_word' id='word_1_536' title='bbox 1901 2859 2207 2929; x_wconf 86' lang='lat' dir='ltr'><strong>viriumque</strong></span> <span class='ocrx_word' id='word_1_537' title='bbox 2247 2859 2316 2913; x_wconf 87' lang='lat' dir='ltr'><strong>ab</strong></span> <span class='ocrx_word' id='word_1_538' title='bbox 2347 2873 2413 2914; x_wconf 92' lang='lat' dir='ltr'><strong>eo</strong></span> <span class='ocrx_word' id='word_1_539' title='bbox 2460 2865 2667 2930; x_wconf 88' lang='lat' dir='ltr'><strong>partem</strong></span> <span class='ocrx_word' id='word_1_540' title='bbox 2704 2858 3024 2925; x_wconf 89' lang='lat' dir='ltr'><strong>avulserint,</strong></span> <span class='ocrx_word' id='word_1_541' title='bbox 3060 2857 3316 2913; x_wconf 85' lang='lat' dir='ltr'><strong>fortiores</strong></span> <span class='ocrx_word' id='word_1_542' title='bbox 3350 2858 3476 2929; x_wconf 65' lang='lat' dir='ltr'><strong>ipso</strong></span> 
     </span>
    </p>
   </div>
   <div class='ocr_carea' id='block_1_73' title="bbox 1900 2947 3477 3019">
    <p class='ocr_par' dir='ltr' id='par_1_73' title="bbox 1900 2947 3477 3019">
     <span class='ocr_line' id='line_1_73' title="bbox 1900 2947 3477 3019; baseline 0.001 -17"><span class='ocrx_word' id='word_1_543' title='bbox 1900 2949 2022 3004; x_wconf 89' lang='lat' dir='ltr'><strong>illos</strong></span> <span class='ocrx_word' id='word_1_544' title='bbox 2058 2964 2181 3005; x_wconf 89' lang='lat' dir='ltr'><strong>esse</strong></span> <span class='ocrx_word' id='word_1_545' title='bbox 2213 2964 2438 3006; x_wconf 90' lang='lat' dir='ltr'><strong>necesse</strong></span> <span class='ocrx_word' id='word_1_546' title='bbox 2463 2956 2568 3005; x_wconf 90' lang='lat' dir='ltr'><strong>est.</strong></span> <span class='ocrx_word' id='word_1_547' title='bbox 2605 2947 2698 3004; x_wconf 91' lang='lat' dir='ltr'><strong>llle</strong></span> <span class='ocrx_word' id='word_1_548' title='bbox 2743 2962 2908 3019; x_wconf 88' lang='lat' dir='ltr'><strong>porro</strong></span> <span class='ocrx_word' id='word_1_549' title='bbox 2951 2948 3042 3002; x_wconf 91' lang='lat' dir='ltr'><strong>ubi</strong></span> <span class='ocrx_word' id='word_1_550' title='bbox 3083 2949 3320 3018; x_wconf 89' lang='lat' dir='ltr'><strong>primum</strong></span> <span class='ocrx_word' id='word_1_551' title='bbox 3366 2947 3477 3004; x_wconf 69' lang='lat' dir='ltr'><strong>hiis</strong></span> 
     </span>
    </p>
   </div>
   <div class='ocr_carea' id='block_1_74' title="bbox 1855 3040 3479 3110">
    <p class='ocr_par' dir='ltr' id='par_1_74' title="bbox 1855 3040 3479 3110">
     <span class='ocr_line' id='line_1_74' title="bbox 1855 3040 3479 3110; baseline 0 -17"><span class='ocrx_word' id='word_1_552' title='bbox 1855 3083 1870 3100; x_wconf 81' lang='lat'><strong>.</strong></span> <span class='ocrx_word' id='word_1_553' title='bbox 1905 3041 2374 3110; x_wconf 89' lang='lat' dir='ltr'><strong>cessit,ereptam</strong></span> <span class='ocrx_word' id='word_1_554' title='bbox 2420 3042 2486 3094; x_wconf 88' lang='lat' dir='ltr'><strong>ab</strong></span> <span class='ocrx_word' id='word_1_555' title='bbox 2529 3040 2598 3096; x_wconf 91' lang='lat' dir='ltr'><strong>iis</strong></span> <span class='ocrx_word' id='word_1_556' title='bbox 2639 3040 2744 3096; x_wconf 85' lang='lat' dir='ltr'><strong>vim</strong></span> <span class='ocrx_word' id='word_1_557' title='bbox 2790 3054 2945 3094; x_wconf 87' lang='lat' dir='ltr'><strong>suam</strong></span> <span class='ocrx_word' id='word_1_558' title='bbox 3003 3054 3329 3110; x_wconf 83' lang='lat' dir='ltr'><strong>recuperare</strong></span> <span class='ocrx_word' id='word_1_559' title='bbox 3365 3054 3479 3094; x_wconf 74' lang='lat' dir='ltr'><strong>non</strong></span> 
     </span>
    </p>
   </div>
   <div class='ocr_carea' id='block_1_75' title="bbox 1906 3129 3477 3200">
    <p class='ocr_par' dir='ltr' id='par_1_75' title="bbox 1906 3129 3477 3200">
     <span class='ocr_line' id='line_1_75' title="bbox 1906 3129 3477 3200; baseline 0.001 -17"><span class='ocrx_word' id='word_1_560' title='bbox 1906 3138 2104 3200; x_wconf 88' lang='lat' dir='ltr'><strong>potest,</strong></span> <span class='ocrx_word' id='word_1_561' title='bbox 2141 3130 2255 3186; x_wconf 88' lang='lat' dir='ltr'><strong>sive</strong></span> <span class='ocrx_word' id='word_1_562' title='bbox 2285 3139 2616 3184; x_wconf 88' lang='lat' dir='ltr'><strong>armaturam</strong></span> <span class='ocrx_word' id='word_1_563' title='bbox 2650 3129 2835 3184; x_wconf 88' lang='lat' dir='ltr'><strong>dicere</strong></span> <span class='ocrx_word' id='word_1_564' title='bbox 2863 3129 3043 3195; x_wconf 90' lang='lat' dir='ltr'><strong>malis,</strong></span> <span class='ocrx_word' id='word_1_565' title='bbox 3067 3145 3190 3184; x_wconf 91' lang='lat' dir='ltr'><strong>cum</strong></span> <span class='ocrx_word' id='word_1_566' title='bbox 3219 3129 3477 3186; x_wconf 67' lang='lat' dir='ltr'><strong>resistem</strong></span> 
     </span>
    </p>
   </div>
   <div class='ocr_carea' id='block_1_76' title="bbox 1905 3221 3475 3292">
    <p class='ocr_par' dir='ltr' id='par_1_76' title="bbox 1905 3221 3475 3292">
     <span class='ocr_line' id='line_1_76' title="bbox 1905 3221 3475 3292; baseline 0 -18"><span class='ocrx_word' id='word_1_567' title='bbox 1905 3221 2156 3277; x_wconf 88' lang='lat' dir='ltr'><strong>hostibus</strong></span> <span class='ocrx_word' id='word_1_568' title='bbox 2178 3221 2333 3276; x_wconf 91' lang='lat' dir='ltr'><strong>initio</strong></span> <span class='ocrx_word' id='word_1_569' title='bbox 2365 3221 2692 3292; x_wconf 84' lang='lat' dir='ltr'><strong>nequiverit.</strong></span> <span class='ocrx_word' id='word_1_570' title='bbox 2732 3221 3000 3276; x_wconf 70' lang='lat' dir='ltr'><strong>Praeterea</strong></span> <span class='ocrx_word' id='word_1_571' title='bbox 3028 3221 3155 3276; x_wconf 90' lang='lat' dir='ltr'><strong>licet</strong></span> <span class='ocrx_word' id='word_1_572' title='bbox 3179 3221 3475 3291; x_wconf 65' lang='lat' dir='ltr'><strong>aliquando</strong></span> 
     </span>
    </p>
   </div>
   <div class='ocr_carea' id='block_1_77' title="bbox 1906 3311 3479 3384">
    <p class='ocr_par' dir='ltr' id='par_1_77' title="bbox 1906 3311 3479 3384">
     <span class='ocr_line' id='line_1_77' title="bbox 1906 3311 3479 3384; baseline 0.002 -19"><span class='ocrx_word' id='word_1_573' title='bbox 1906 3313 2196 3367; x_wconf 87' lang='lat' dir='ltr'><strong>victoriam</strong></span> <span class='ocrx_word' id='word_1_574' title='bbox 2243 3322 2649 3384; x_wconf 88' lang='lat' dir='ltr'><strong>consequatur,</strong></span> <span class='ocrx_word' id='word_1_575' title='bbox 2705 3328 2769 3367; x_wconf 87' lang='lat' dir='ltr'><strong>ac</strong></span> <span class='ocrx_word' id='word_1_576' title='bbox 2820 3313 3102 3368; x_wconf 86' lang='lat' dir='ltr'><strong>debellatis</strong></span> <span class='ocrx_word' id='word_1_577' title='bbox 3146 3311 3479 3369; x_wconf 88' lang='lat' dir='ltr'><strong>adversariis</strong></span> 
     </span>
    </p>
   </div>
   <div class='ocr_carea' id='block_1_78' title="bbox 1906 3405 3476 3478">
    <p class='ocr_par' dir='ltr' id='par_1_78' title="bbox 1906 3405 3476 3478">
     <span class='ocr_line' id='line_1_78' title="bbox 1906 3405 3476 3478; baseline -0.002 -16"><span class='ocrx_word' id='word_1_578' title='bbox 1906 3417 2146 3478; x_wconf 88' lang='lat' dir='ltr'><strong>ereptam</strong></span> <span class='ocrx_word' id='word_1_579' title='bbox 2178 3408 2324 3461; x_wconf 88' lang='lat' dir='ltr'><strong>illam</strong></span> <span class='ocrx_word' id='word_1_580' title='bbox 2362 3407 2470 3462; x_wconf 89' lang='lat' dir='ltr'><strong>vim</strong></span> <span class='ocrx_word' id='word_1_581' title='bbox 2508 3422 2666 3462; x_wconf 90' lang='lat' dir='ltr'><strong>suam</strong></span> <span class='ocrx_word' id='word_1_582' title='bbox 2696 3407 2943 3462; x_wconf 86' lang='lat' dir='ltr'><strong>obtinere</strong></span> <span class='ocrx_word' id='word_1_583' title='bbox 2972 3406 3164 3475; x_wconf 85' lang='lat' dir='ltr'><strong>possit,</strong></span> <span class='ocrx_word' id='word_1_584' title='bbox 3194 3420 3318 3460; x_wconf 92' lang='lat' dir='ltr'><strong>cum</strong></span> <span class='ocrx_word' id='word_1_585' title='bbox 3344 3405 3476 3459; x_wconf 88' lang='lat' dir='ltr'><strong>mali</strong></span> 
     </span>
    </p>
   </div>
   <div class='ocr_carea' id='block_1_79' title="bbox 1911 3496 3478 3570">
    <p class='ocr_par' dir='ltr' id='par_1_79' title="bbox 1911 3496 3478 3570">
     <span class='ocr_line' id='line_1_79' title="bbox 1911 3496 3478 3570; baseline -0.002 -17"><span class='ocrx_word' id='word_1_586' title='bbox 1911 3500 2062 3553; x_wconf 87' lang='lat' dir='ltr'><strong>radix</strong></span> <span class='ocrx_word' id='word_1_587' title='bbox 2098 3514 2161 3553; x_wconf 87' lang='lat' dir='ltr'><strong>ac</strong></span> <span class='ocrx_word' id='word_1_588' title='bbox 2186 3499 2515 3570; x_wconf 89' lang='lat' dir='ltr'><strong>principium</strong></span> <span class='ocrx_word' id='word_1_589' title='bbox 2547 3497 2803 3569; x_wconf 89' lang='lat' dir='ltr'><strong>principii</strong></span> <span class='ocrx_word' id='word_1_590' title='bbox 2831 3497 3058 3553; x_wconf 87' lang='lat' dir='ltr'><strong>alterius</strong></span> <span class='ocrx_word' id='word_1_591' title='bbox 3079 3511 3274 3566; x_wconf 85' lang='lat' dir='ltr'><strong>expers</strong></span> <span class='ocrx_word' id='word_1_592' title='bbox 3297 3496 3478 3551; x_wconf 91' lang='lat' dir='ltr'><strong>adhuc</strong></span> 
     </span>
    </p>
   </div>
   <div class='ocr_carea' id='block_1_80' title="bbox 1907 3587 3478 3661">
    <p class='ocr_par' dir='ltr' id='par_1_80' title="bbox 1907 3587 3478 3661">
     <span class='ocr_line' id='line_1_80' title="bbox 1907 3587 3478 3661; baseline -0.002 -17"><span class='ocrx_word' id='word_1_593' title='bbox 1907 3601 2144 3653; x_wconf 86' lang='lat' dir='ltr'><strong>maneat,</strong></span> <span class='ocrx_word' id='word_1_594' title='bbox 2173 3606 2350 3661; x_wconf 79' lang='lat' dir='ltr'><strong>neque</strong></span> <span class='ocrx_word' id='word_1_595' title='bbox 2372 3590 2589 3661; x_wconf 87' lang='lat' dir='ltr'><strong>penitus</strong></span> <span class='ocrx_word' id='word_1_596' title='bbox 2612 3590 2882 3660; x_wconf 79' lang='lat' dir='ltr'><strong>exstingui</strong></span> <span class='ocrx_word' id='word_1_597' title='bbox 2902 3587 3096 3659; x_wconf 87' lang='lat' dir='ltr'><strong>possit,</strong></span> <span class='ocrx_word' id='word_1_598' title='bbox 3125 3587 3325 3657; x_wconf 84' lang='lat' dir='ltr'><strong>poterit</strong></span> <span class='ocrx_word' id='word_1_599' title='bbox 3351 3601 3478 3642; x_wconf 88' lang='lat' dir='ltr'><strong>rur-</strong></span> 
     </span>
    </p>
   </div>
   <div class='ocr_carea' id='block_1_81' title="bbox 1908 3678 3479 3754">
    <p class='ocr_par' dir='ltr' id='par_1_81' title="bbox 1908 3678 3479 3754">
     <span class='ocr_line' id='line_1_81' title="bbox 1908 3678 3479 3754; baseline -0.001 -18"><span class='ocrx_word' id='word_1_600' title='bbox 1908 3697 2006 3739; x_wconf 91' lang='lat' dir='ltr'><strong>sus</strong></span> <span class='ocrx_word' id='word_1_601' title='bbox 2052 3684 2208 3738; x_wconf 90' lang='lat' dir='ltr'><strong>novis</strong></span> <span class='ocrx_word' id='word_1_602' title='bbox 2247 3699 2311 3739; x_wconf 86' lang='lat' dir='ltr'><strong>ac</strong></span> <span class='ocrx_word' id='word_1_603' title='bbox 2357 3683 2661 3754; x_wconf 84' lang='lat' dir='ltr'><strong>majoribus</strong></span> <span class='ocrx_word' id='word_1_604' title='bbox 2717 3681 2892 3751; x_wconf 82' lang='lat' dir='ltr'><strong>cepiis</strong></span> <span class='ocrx_word' id='word_1_605' title='bbox 2936 3678 3186 3735; x_wconf 84' lang='lat' dir='ltr'><strong>conflatis</strong></span> <span class='ocrx_word' id='word_1_606' title='bbox 3226 3679 3479 3744; x_wconf 86' lang='lat' dir='ltr'><strong>vincere,</strong></span> 
     </span>
    </p>
   </div>
   <div class='ocr_carea' id='block_1_82' title="bbox 1910 3769 3483 3845">
    <p class='ocr_par' dir='ltr' id='par_1_82' title="bbox 1910 3769 3483 3845">
     <span class='ocr_line' id='line_1_82' title="bbox 1910 3769 3483 3845; baseline -0.001 -17"><span class='ocrx_word' id='word_1_607' title='bbox 1910 3775 2133 3845; x_wconf 90' lang='lat' dir='ltr'><strong>vimque</strong></span> <span class='ocrx_word' id='word_1_608' title='bbox 2161 3774 2310 3829; x_wconf 89' lang='lat' dir='ltr'><strong>illam</strong></span> <span class='ocrx_word' id='word_1_609' title='bbox 2344 3789 2376 3829; x_wconf 72' lang='grc' dir='ltr'><strong>ιι</strong></span> <span class='ocrx_word' id='word_1_610' title='bbox 2412 3774 2640 3829; x_wconf 89' lang='lat' dir='ltr'><strong>meliore</strong></span> <span class='ocrx_word' id='word_1_611' title='bbox 2669 3771 2780 3827; x_wconf 89' lang='lat' dir='ltr'><strong>Deo</strong></span> <span class='ocrx_word' id='word_1_612' title='bbox 2822 3780 3096 3842; x_wconf 84' lang='lat' dir='ltr'><strong>receptam</strong></span> <span class='ocrx_word' id='word_1_613' title='bbox 3143 3769 3360 3826; x_wconf 87' lang='lat' dir='ltr'><strong>auferre</strong></span> <span class='ocrx_word' id='word_1_614' title='bbox 3386 3769 3483 3826; x_wconf 86' lang='lat' dir='ltr'><strong>de-</strong></span> 
     </span>
    </p>
   </div>
   <div class='ocr_carea' id='block_1_83' title="bbox 1910 3861 3483 3937">
    <p class='ocr_par' dir='ltr' id='par_1_83' title="bbox 1910 3861 3483 3937">
     <span class='ocr_line' id='line_1_83' title="bbox 1910 3861 3483 3937; baseline -0.005 -14"><span class='ocrx_word' id='word_1_615' title='bbox 1910 3883 2020 3924; x_wconf 90' lang='lat' dir='ltr'><strong>nuo</strong></span> <span class='ocrx_word' id='word_1_616' title='bbox 2051 3887 2066 3923; x_wconf 86' lang='lat'><strong>:</strong></span> <span class='ocrx_word' id='word_1_617' title='bbox 2101 3884 2169 3923; x_wconf 82' lang='lat' dir='ltr'><strong>ex</strong></span> <span class='ocrx_word' id='word_1_618' title='bbox 2196 3883 2305 3937; x_wconf 91' lang='lat' dir='ltr'><strong>quo</strong></span> <span class='ocrx_word' id='word_1_619' title='bbox 2338 3867 2589 3937; x_wconf 91' lang='lat' dir='ltr'><strong>sequitur</strong></span> <span class='ocrx_word' id='word_1_620' title='bbox 2621 3865 2826 3918; x_wconf 91' lang='lat' dir='ltr'><strong>malum</strong></span> <span class='ocrx_word' id='word_1_621' title='bbox 2852 3863 3000 3919; x_wconf 90' lang='lat' dir='ltr'><strong>illius</strong></span> <span class='ocrx_word' id='word_1_622' title='bbox 3039 3862 3304 3933; x_wconf 89' lang='lat' dir='ltr'><strong>opinione</strong></span> <span class='ocrx_word' id='word_1_623' title='bbox 3341 3861 3483 3917; x_wconf 89' lang='lat' dir='ltr'><strong>resi-</strong></span> 
     </span>
    </p>
   </div>
   <div class='ocr_carea' id='block_1_84' title="bbox 1911 3954 3481 4029">
    <p class='ocr_par' dir='ltr' id='par_1_84' title="bbox 1911 3954 3481 4029">
     <span class='ocr_line' id='line_1_84' title="bbox 1911 3954 3481 4029; baseline -0.004 -14"><span class='ocrx_word' id='word_1_624' title='bbox 1911 3966 2357 4029; x_wconf 83' lang='lat' dir='ltr'><strong>stere-perpetuo,</strong></span> <span class='ocrx_word' id='word_1_625' title='bbox 2389 3972 2565 4027; x_wconf 91' lang='lat' dir='ltr'><strong>neque</strong></span> <span class='ocrx_word' id='word_1_626' title='bbox 2603 3954 2992 4026; x_wconf 86' lang='lat' dir='ltr'><strong>comprehendi</strong></span> <span class='ocrx_word' id='word_1_627' title='bbox 3015 3969 3283 4025; x_wconf 87' lang='lat' dir='ltr'><strong>unquam.</strong></span> <span class='ocrx_word' id='word_1_628' title='bbox 3313 3961 3481 4024; x_wconf 88' lang='lat' dir='ltr'><strong>atque</strong></span> 
     </span>
    </p>
   </div>
   <div class='ocr_carea' id='block_1_85' title="bbox 1911 4043 3482 4118">
    <p class='ocr_par' dir='ltr' id='par_1_85' title="bbox 1911 4043 3482 4118">
     <span class='ocr_line' id='line_1_85' title="bbox 1911 4043 3482 4118; baseline -0.004 -16"><span class='ocrx_word' id='word_1_629' title='bbox 1911 4048 1966 4102; x_wconf 90' lang='lat' dir='ltr'><strong>in</strong></span> <span class='ocrx_word' id='word_1_630' title='bbox 1999 4054 2323 4118; x_wconf 80' lang='lat' dir='ltr'><strong>potestatein</strong></span> <span class='ocrx_word' id='word_1_631' title='bbox 2349 4060 2514 4116; x_wconf 89' lang='lat' dir='ltr'><strong>posse</strong></span> <span class='ocrx_word' id='word_1_632' title='bbox 2545 4043 2718 4114; x_wconf 78' lang='lat' dir='ltr'><strong>redigi</strong></span> <span class='ocrx_word' id='word_1_633' title='bbox 2752 4060 2765 4096; x_wconf 92' lang='lat'>:</span> <span class='ocrx_word' id='word_1_634' title='bbox 2794 4044 2874 4099; x_wconf 92' lang='lat' dir='ltr'><strong>sic</strong></span> <span class='ocrx_word' id='word_1_635' title='bbox 2911 4052 2970 4098; x_wconf 92' lang='lat' dir='ltr'><strong>ut</strong></span> <span class='ocrx_word' id='word_1_636' title='bbox 2998 4044 3216 4100; x_wconf 87' lang='lat' dir='ltr'><strong>assidue</strong></span> <span class='ocrx_word' id='word_1_637' title='bbox 3239 4043 3482 4113; x_wconf 90' lang='lat' dir='ltr'><strong>diripiat,</strong></span> 
     </span>
    </p>
   </div>
   <div class='ocr_carea' id='block_1_86' title="bbox 1911 4133 3482 4207">
    <p class='ocr_par' dir='ltr' id='par_1_86' title="bbox 1911 4133 3482 4207">
     <span class='ocr_line' id='line_1_86' title="bbox 1911 4133 3482 4207; baseline -0.003 -15"><span class='ocrx_word' id='word_1_638' title='bbox 1911 4154 1976 4194; x_wconf 90' lang='lat' dir='ltr'><strong>ac</strong></span> <span class='ocrx_word' id='word_1_639' title='bbox 2007 4138 2251 4194; x_wconf 87' lang='lat' dir='ltr'><strong>vicissim</strong></span> <span class='ocrx_word' id='word_1_640' title='bbox 2282 4137 2593 4207; x_wconf 88' lang='lat' dir='ltr'><strong>diripiatur.</strong></span> <span class='ocrx_word' id='word_1_641' title='bbox 2639 4135 2796 4201; x_wconf 85' lang='lat' dir='ltr'><strong>Quod</strong></span> <span class='ocrx_word' id='word_1_642' title='bbox 2829 4135 2876 4190; x_wconf 90' lang='lat' dir='ltr'><strong>si</strong></span> <span class='ocrx_word' id='word_1_643' title='bbox 2911 4134 3058 4189; x_wconf 90' lang='lat' dir='ltr'><strong>istud</strong></span> <span class='ocrx_word' id='word_1_644' title='bbox 3085 4134 3270 4190; x_wconf 85' lang='lat' dir='ltr'><strong>vesani</strong></span> <span class='ocrx_word' id='word_1_645' title='bbox 3303 4133 3482 4188; x_wconf 85' lang='lat' dir='ltr'><strong>homi-</strong></span> 
     </span>
    </p>
   </div>
   <div class='ocr_carea' id='block_1_87' title="bbox 1912 4221 3482 4306">
    <p class='ocr_par' dir='ltr' id='par_1_87' title="bbox 1912 4221 3482 4306">
     <span class='ocr_line' id='line_1_87' title="bbox 1912 4221 3482 4306; baseline -0.004 -22"><span class='ocrx_word' id='word_1_646' title='bbox 1912 4246 2031 4296; x_wconf 90' lang='lat' dir='ltr'><strong>nes,</strong></span> <span class='ocrx_word' id='word_1_647' title='bbox 2053 4227 2682 4300; x_wconf 85' lang='lat' dir='ltr'><strong>summisqueerroribus</strong></span> <span class='ocrx_word' id='word_1_648' title='bbox 2696 4224 3196 4306; x_wconf 62' lang='lat' dir='ltr'><strong>excaecatidixerint</strong></span> <span class='ocrx_word' id='word_1_649' title='bbox 3221 4243 3234 4277; x_wconf 92' lang='lat'>:</span> <span class='ocrx_word' id='word_1_650' title='bbox 3261 4221 3482 4278; x_wconf 81' lang='lat' dir='ltr'><strong>POSIea-</strong></span> 
     </span>
    </p>
   </div>
   <div class='ocr_carea' id='block_1_88' title="bbox 1912 4314 3484 4390">
    <p class='ocr_par' dir='ltr' id='par_1_88' title="bbox 1912 4314 3484 4390">
     <span class='ocr_line' id='line_1_88' title="bbox 1912 4314 3484 4390; baseline -0.004 -16"><span class='ocrx_word' id='word_1_651' title='bbox 1912 4335 2075 4390; x_wconf 89' lang='lat' dir='ltr'><strong>quam</strong></span> <span class='ocrx_word' id='word_1_652' title='bbox 2107 4321 2284 4375; x_wconf 91' lang='lat' dir='ltr'><strong>bonus</strong></span> <span class='ocrx_word' id='word_1_653' title='bbox 2315 4317 2458 4373; x_wconf 86' lang='lat' dir='ltr'><strong>Deus</strong></span> <span class='ocrx_word' id='word_1_654' title='bbox 2486 4315 2771 4388; x_wconf 63' lang='lat' dir='ltr'><strong>particula:</strong></span> <span class='ocrx_word' id='word_1_655' title='bbox 2807 4314 2977 4379; x_wconf 89' lang='lat' dir='ltr'><strong>illius,</strong></span> <span class='ocrx_word' id='word_1_656' title='bbox 3002 4329 3122 4385; x_wconf 70' lang='lat' dir='ltr'><strong>qua:</strong></span> <span class='ocrx_word' id='word_1_657' title='bbox 3151 4314 3255 4370; x_wconf 89' lang='lat' dir='ltr'><strong>sibi</strong></span> <span class='ocrx_word' id='word_1_658' title='bbox 3299 4321 3484 4385; x_wconf 73' lang='lat' dir='ltr'><strong>erepta</strong></span> 
     </span>
    </p>
   </div>
   <div class='ocr_carea' id='block_1_89' title="bbox 231 4404 1799 4481">
    <p class='ocr_par' dir='ltr' id='par_1_89' title="bbox 231 4405 1799 4481">
     <span class='ocr_line' id='line_1_89' title="bbox 231 4405 1799 4481; baseline 0.003 -21"><span class='ocrx_word' id='word_1_659' title='bbox 231 4425 352 4469; x_wconf 86' lang='grc' dir='ltr'>πον,</span> <span class='ocrx_word' id='word_1_660' title='bbox 379 4409 484 4469; x_wconf 85' lang='grc' dir='ltr'>ὅτι,</span> <span class='ocrx_word' id='word_1_661' title='bbox 528 4405 653 4461; x_wconf 73' lang='grc' dir='ltr'><strong>Ἐὰν</strong></span> <span class='ocrx_word' id='word_1_662' title='bbox 681 4409 781 4480; x_wconf 86' lang='grc' dir='ltr'>τὴν</span> <span class='ocrx_word' id='word_1_663' title='bbox 804 4409 1105 4463; x_wconf 87' lang='grc' dir='ltr'>πανοπλίαν</span> <span class='ocrx_word' id='word_1_664' title='bbox 1141 4413 1169 4464; x_wconf 93' lang='lat'><strong>6</strong></span> <span class='ocrx_word' id='word_1_665' title='bbox 1194 4409 1396 4479; x_wconf 88' lang='grc' dir='ltr'>ἀγαθὸς</span> <span class='ocrx_word' id='word_1_666' title='bbox 1427 4409 1560 4472; x_wconf 83' lang='grc' dir='ltr'>Θεὸς</span> <span class='ocrx_word' id='word_1_667' title='bbox 1592 4409 1687 4463; x_wconf 80' lang='grc' dir='ltr'>τοῦ</span> <span class='ocrx_word' id='word_1_668' title='bbox 1721 4411 1799 4481; x_wconf 85' lang='grc' dir='ltr'>μέ-</span> 
     </span>
    </p>
   </div>
   <div class='ocr_carea' id='block_1_90' title="bbox 1904 4404 3488 4481">
    <p class='ocr_par' dir='ltr' id='par_1_90' title="bbox 1914 4404 3488 4481">
     <span class='ocr_line' id='line_1_90' title="bbox 1914 4404 3488 4481; baseline -0.004 -14"><span class='ocrx_word' id='word_1_669' title='bbox 1914 4411 2111 4476; x_wconf 88' lang='lat' dir='ltr'><strong>fuerat,</strong></span> <span class='ocrx_word' id='word_1_670' title='bbox 2141 4419 2474 4467; x_wconf 85' lang='lat' dir='ltr'><strong>armaturam</strong></span> <span class='ocrx_word' id='word_1_671' title='bbox 2507 4408 2610 4466; x_wconf 90' lang='lat' dir='ltr'><strong>sibi</strong></span> <span class='ocrx_word' id='word_1_672' title='bbox 2632 4407 2925 4481; x_wconf 79' lang='lat' dir='ltr'><strong>aliquando</strong></span> <span class='ocrx_word' id='word_1_673' title='bbox 2952 4404 3333 4466; x_wconf 87' lang='lat' dir='ltr'><strong>vindicaverit,</strong></span> <span class='ocrx_word' id='word_1_674' title='bbox 3355 4413 3488 4460; x_wconf 83' lang='lat' dir='ltr'><strong>tunc</strong></span> 
     </span>
    </p>
   </div>
   <div class='ocr_carea' id='block_1_91' title="bbox 233 4497 1806 4572">
    <p class='ocr_par' dir='ltr' id='par_1_91' title="bbox 233 4497 1806 4572">
     <span class='ocr_line' id='line_1_91' title="bbox 233 4497 1806 4572; baseline 0 -20"><span class='ocrx_word' id='word_1_675' title='bbox 233 4517 359 4569; x_wconf 76' lang='grc' dir='ltr'>ρους</span> <span class='ocrx_word' id='word_1_676' title='bbox 380 4497 476 4550; x_wconf 79' lang='grc' dir='ltr'><strong>τοῦ</strong></span> <span class='ocrx_word' id='word_1_677' title='bbox 502 4499 596 4551; x_wconf 77' lang='grc' dir='ltr'>ἀπ’</span> <span class='ocrx_word' id='word_1_678' title='bbox 618 4497 783 4550; x_wconf 76' lang='grc' dir='ltr'>αὑτοῦ</span> <span class='ocrx_word' id='word_1_679' title='bbox 807 4498 1223 4570; x_wconf 86' lang='grc' dir='ltr'>ἀφαρπαγέντος</span> <span class='ocrx_word' id='word_1_680' title='bbox 1247 4497 1422 4568; x_wconf 88' lang='grc' dir='ltr'>καιρῷ</span> <span class='ocrx_word' id='word_1_681' title='bbox 1445 4497 1806 4572; x_wconf 84' lang='grc' dir='ltr'>ἐλευθερώσῃ,</span> 
     </span>
    </p>
   </div>
   <div class='ocr_carea' id='block_1_92' title="bbox 231 4588 1810 4660">
    <p class='ocr_par' dir='ltr' id='par_1_92' title="bbox 231 4588 1810 4660">
     <span class='ocr_line' id='line_1_92' title="bbox 231 4588 1810 4660; baseline 0.002 -18"><span class='ocrx_word' id='word_1_682' title='bbox 231 4591 352 4644; x_wconf 78' lang='grc' dir='ltr'>τότε</span> <span class='ocrx_word' id='word_1_683' title='bbox 379 4589 482 4653; x_wconf 86' lang='grc' dir='ltr'><strong>τάς</strong></span> <span class='ocrx_word' id='word_1_684' title='bbox 511 4589 684 4660; x_wconf 83' lang='grc' dir='ltr'>ἀρχὰς</span> <span class='ocrx_word' id='word_1_685' title='bbox 719 4589 810 4643; x_wconf 73' lang='grc' dir='ltr'><strong>καὶ</strong></span> <span class='ocrx_word' id='word_1_686' title='bbox 864 4589 964 4653; x_wconf 78' lang='grc' dir='ltr'>τὰς</span> <span class='ocrx_word' id='word_1_687' title='bbox 990 4588 1234 4656; x_wconf 79' lang='grc' dir='ltr'>ἐξουσίας</span> <span class='ocrx_word' id='word_1_688' title='bbox 1260 4589 1361 4659; x_wconf 81' lang='grc' dir='ltr'>τῆς</span> <span class='ocrx_word' id='word_1_689' title='bbox 1386 4590 1633 4654; x_wconf 77' lang='grc' dir='ltr'>ἐναντίας</span> <span class='ocrx_word' id='word_1_690' title='bbox 1658 4590 1810 4645; x_wconf 85' lang='grc' dir='ltr'>δυνά·</span> 
     </span>
    </p>
   </div>
   <div class='ocr_carea' id='block_1_93' title="bbox 237 4680 1276 4754">
    <p class='ocr_par' dir='ltr' id='par_1_93' title="bbox 237 4680 1276 4754">
     <span class='ocr_line' id='line_1_93' title="bbox 237 4680 1276 4754; baseline -0.001 -19"><span class='ocrx_word' id='word_1_691' title='bbox 237 4700 381 4753; x_wconf 80' lang='grc' dir='ltr'>μεως</span> <span class='ocrx_word' id='word_1_692' title='bbox 408 4683 700 4752; x_wconf 83' lang='grc' dir='ltr'>ἀφανίσειε</span> <span class='ocrx_word' id='word_1_693' title='bbox 733 4682 826 4735; x_wconf 74' lang='grc' dir='ltr'><strong>καὶ</strong></span> <span class='ocrx_word' id='word_1_694' title='bbox 856 4680 1276 4754; x_wconf 82' lang='grc' dir='ltr'>ἐξολοθρεύσειε.</span> 
     </span>
    </p>
   </div>
   <div class='ocr_carea' id='block_1_94' title="bbox 305 4773 1809 4843">
    <p class='ocr_par' dir='ltr' id='par_1_94' title="bbox 305 4773 1809 4843">
     <span class='ocr_line' id='line_1_94' title="bbox 305 4773 1809 4843; baseline -0.001 -15"><span class='ocrx_word' id='word_1_695' title='bbox 305 4776 413 4828; x_wconf 83' lang='lat' dir='ltr'><strong>Kal.</strong></span> <span class='ocrx_word' id='word_1_696' title='bbox 452 4777 502 4828; x_wconf 81' lang='grc' dir='ltr'>εἰ</span> <span class='ocrx_word' id='word_1_697' title='bbox 551 4773 634 4827; x_wconf 76' lang='grc' dir='ltr'><strong>ἐτι</strong></span> <span class='ocrx_word' id='word_1_698' title='bbox 684 4773 836 4828; x_wconf 78' lang='grc' dir='ltr'>ἐσται</span> <span class='ocrx_word' id='word_1_699' title='bbox 877 4773 1056 4838; x_wconf 81' lang='grc' dir='ltr'>τοῦτο,</span> <span class='ocrx_word' id='word_1_700' title='bbox 1102 4774 1196 4827; x_wconf 81' lang='grc' dir='ltr'><strong>καὶ</strong></span> <span class='ocrx_word' id='word_1_701' title='bbox 1236 4775 1284 4826; x_wconf 81' lang='grc' dir='ltr'>εἰ</span> <span class='ocrx_word' id='word_1_702' title='bbox 1324 4774 1460 4837; x_wconf 84' lang='grc' dir='ltr'>ὅλως</span> <span class='ocrx_word' id='word_1_703' title='bbox 1492 4774 1744 4843; x_wconf 85' lang='grc' dir='ltr'>ἀφανίσει</span> <span class='ocrx_word' id='word_1_704' title='bbox 1780 4775 1809 4826; x_wconf 93' lang='lat'><strong>6</strong></span> 
     </span>
    </p>
   </div>
   <div class='ocr_carea' id='block_1_95' title="bbox 236 4863 1812 4936">
    <p class='ocr_par' dir='ltr' id='par_1_95' title="bbox 236 4863 1812 4936">
     <span class='ocr_line' id='line_1_95' title="bbox 236 4863 1812 4936; baseline -0.001 -16"><span class='ocrx_word' id='word_1_705' title='bbox 236 4865 434 4936; x_wconf 85' lang='grc' dir='ltr'>ἀγαθὸς</span> <span class='ocrx_word' id='word_1_706' title='bbox 456 4865 612 4929; x_wconf 84' lang='grc' dir='ltr'>Θεὸς,</span> <span class='ocrx_word' id='word_1_707' title='bbox 642 4867 740 4918; x_wconf 78' lang='grc' dir='ltr'>καὶ</span> <span class='ocrx_word' id='word_1_708' title='bbox 773 4863 1168 4936; x_wconf 78' lang='grc' dir='ltr'>ἐξολοθρεύσει,</span> <span class='ocrx_word' id='word_1_709' title='bbox 1197 4863 1454 4932; x_wconf 83' lang='grc' dir='ltr'>ἐξέπεσεν</span> <span class='ocrx_word' id='word_1_710' title='bbox 1481 4866 1509 4918; x_wconf 91' lang='lat'><strong>6</strong></span> <span class='ocrx_word' id='word_1_711' title='bbox 1529 4864 1623 4918; x_wconf 81' lang='grc' dir='ltr'>τοῦ</span> <span class='ocrx_word' id='word_1_712' title='bbox 1647 4865 1812 4936; x_wconf 85' lang='grc' dir='ltr'>ἀγύρ-</span> 
     </span>
    </p>
   </div>
   <div class='ocr_carea' id='block_1_96' title="bbox 237 4950 1808 5026">
    <p class='ocr_par' dir='ltr' id='par_1_96' title="bbox 237 4950 1808 5026">
     <span class='ocr_line' id='line_1_96' title="bbox 237 4950 1808 5026; baseline 0 -16"><span class='ocrx_word' id='word_1_713' title='bbox 237 4975 323 5010; x_wconf 80' lang='grc' dir='ltr'><strong>του</strong></span> <span class='ocrx_word' id='word_1_714' title='bbox 359 4957 541 5025; x_wconf 78' lang='grc' dir='ltr'>λόγος.</span> <span class='ocrx_word' id='word_1_715' title='bbox 584 4959 614 5010; x_wconf 91' lang='lat'><strong>6</strong></span> <span class='ocrx_word' id='word_1_716' title='bbox 650 4956 874 5025; x_wconf 88' lang='grc' dir='ltr'>φάσκων</span> <span class='ocrx_word' id='word_1_717' title='bbox 911 4955 986 5026; x_wconf 84' lang='grc' dir='ltr'>μὴ</span> <span class='ocrx_word' id='word_1_718' title='bbox 1028 4950 1165 5009; x_wconf 78' lang='grc' dir='ltr'>εἶναι</span> <span class='ocrx_word' id='word_1_719' title='bbox 1208 4955 1416 5010; x_wconf 88' lang='grc' dir='ltr'>δίκαιον</span> <span class='ocrx_word' id='word_1_720' title='bbox 1455 4955 1546 5010; x_wconf 87' lang='grc' dir='ltr'><strong>τὸν</strong></span> <span class='ocrx_word' id='word_1_721' title='bbox 1584 4956 1808 5024; x_wconf 85' lang='grc' dir='ltr'>ἀγαθὸν,</span> 
     </span>
    </p>
   </div>
   <div class='ocr_carea' id='block_1_97' title="bbox 245 5033 1810 5120">
    <p class='ocr_par' dir='ltr' id='par_1_97' title="bbox 245 5033 1810 5120">
     <span class='ocr_line' id='line_1_97' title="bbox 245 5033 1810 5120; baseline 0.001 -19"><span class='ocrx_word' id='word_1_722' title='bbox 245 5049 370 5118; x_wconf 80' lang='grc' dir='ltr'>μηδὲ</span> <span class='ocrx_word' id='word_1_723' title='bbox 397 5033 462 5102; x_wconf 68' lang='grc' dir='ltr'><strong>ἐν</strong></span> <span class='ocrx_word' id='word_1_724' title='bbox 494 5048 672 5120; x_wconf 85' lang='grc' dir='ltr'>κρίσει</span> <span class='ocrx_word' id='word_1_725' title='bbox 700 5047 1053 5116; x_wconf 83' lang='grc' dir='ltr'>κατακρίνειν</span> <span class='ocrx_word' id='word_1_726' title='bbox 1093 5047 1184 5100; x_wconf 89' lang='grc' dir='ltr'><strong>τὸν</strong></span> <span class='ocrx_word' id='word_1_727' title='bbox 1230 5048 1631 5118; x_wconf 82' lang='grc' dir='ltr'>ἁμαρτάνοντα,</span> <span class='ocrx_word' id='word_1_728' title='bbox 1675 5049 1810 5119; x_wconf 86' lang='grc' dir='ltr'>μήτε</span> 
     </span>
    </p>
   </div>
   <div class='ocr_carea' id='block_1_98' title="bbox 245 5137 1812 5210">
    <p class='ocr_par' dir='ltr' id='par_1_98' title="bbox 245 5137 1812 5210">
     <span class='ocr_line' id='line_1_98' title="bbox 245 5137 1812 5210; baseline -0.001 -18"><span class='ocrx_word' id='word_1_729' title='bbox 245 5139 495 5208; x_wconf 75' lang='grc' dir='ltr'>βασάνοις</span> <span class='ocrx_word' id='word_1_730' title='bbox 525 5138 647 5192; x_wconf 88' lang='grc' dir='ltr'><strong>τινά</strong></span> <span class='ocrx_word' id='word_1_731' title='bbox 677 5138 1062 5209; x_wconf 84' lang='grc' dir='ltr'>παραδιδόντα,</span> <span class='ocrx_word' id='word_1_732' title='bbox 1103 5140 1237 5209; x_wconf 85' lang='grc' dir='ltr'>μήτε</span> <span class='ocrx_word' id='word_1_733' title='bbox 1277 5137 1570 5192; x_wconf 88' lang='grc' dir='ltr'>κτείνοντα.</span> <span class='ocrx_word' id='word_1_734' title='bbox 1609 5138 1672 5191; x_wconf 79' lang='lat' dir='ltr'><strong>Ei</strong></span> <span class='ocrx_word' id='word_1_735' title='bbox 1704 5137 1812 5210; x_wconf 85' lang='grc' dir='ltr'>γὰρ</span> 
     </span>
    </p>
   </div>
   <div class='ocr_carea' id='block_1_99' title="bbox 241 5224 1812 5296">
    <p class='ocr_par' dir='ltr' id='par_1_99' title="bbox 241 5224 1812 5296">
     <span class='ocr_line' id='line_1_99' title="bbox 241 5224 1812 5296; baseline -0.002 -14"><span class='ocrx_word' id='word_1_736' title='bbox 241 5228 368 5292; x_wconf 61' lang='lat' dir='ltr'><strong>61m;</strong></span> <span class='ocrx_word' id='word_1_737' title='bbox 396 5230 491 5282; x_wconf 79' lang='grc' dir='ltr'><strong>τὸν</strong></span> <span class='ocrx_word' id='word_1_738' title='bbox 516 5227 782 5292; x_wconf 78' lang='grc' dir='ltr'>διάϐολον,</span> <span class='ocrx_word' id='word_1_739' title='bbox 806 5228 980 5280; x_wconf 81' lang='grc' dir='ltr'>εῐτουν</span> <span class='ocrx_word' id='word_1_740' title='bbox 1003 5225 1100 5296; x_wconf 83' lang='grc' dir='ltr'>τὴν</span> <span class='ocrx_word' id='word_1_741' title='bbox 1130 5225 1510 5296; x_wconf 86' lang='grc' dir='ltr'>ἀντικειμένην</span> <span class='ocrx_word' id='word_1_742' title='bbox 1533 5224 1812 5296; x_wconf 75' lang='grc' dir='ltr'>ἐνέργειαν</span> 
     </span>
    </p>
   </div>
   <div class='ocr_carea' id='block_1_100' title="bbox 239 5314 1813 5387">
    <p class='ocr_par' dir='ltr' id='par_1_100' title="bbox 239 5314 1813 5387">
     <span class='ocr_line' id='line_1_100' title="bbox 239 5314 1813 5387; baseline -0.001 -17"><span class='ocrx_word' id='word_1_743' title='bbox 239 5318 501 5387; x_wconf 77' lang='grc' dir='ltr'>ἀφανίσαι</span> <span class='ocrx_word' id='word_1_744' title='bbox 534 5334 595 5371; x_wconf 90' lang='grc' dir='ltr'><strong>τε</strong></span> <span class='ocrx_word' id='word_1_745' title='bbox 636 5318 732 5370; x_wconf 77' lang='grc' dir='ltr'>καὶ</span> <span class='ocrx_word' id='word_1_746' title='bbox 772 5314 1152 5387; x_wconf 83' lang='grc' dir='ltr'>ἐξολοθρεῦσαι</span> <span class='ocrx_word' id='word_1_747' title='bbox 1191 5316 1466 5387; x_wconf 83' lang='grc' dir='ltr'>πειρᾶται,</span> <span class='ocrx_word' id='word_1_748' title='bbox 1503 5315 1622 5368; x_wconf 85' lang='grc' dir='ltr'>κατ’</span> <span class='ocrx_word' id='word_1_749' title='bbox 1651 5316 1813 5369; x_wconf 85' lang='grc' dir='ltr'>αὐτὸν</span> 
     </span>
    </p>
   </div>
   <div class='ocr_carea' id='block_1_101' title="bbox 239 5403 1811 5476">
    <p class='ocr_par' dir='ltr' id='par_1_101' title="bbox 239 5403 1811 5476">
     <span class='ocr_line' id='line_1_101' title="bbox 239 5403 1811 5476; baseline 0 -16"><span class='ocrx_word' id='word_1_750' title='bbox 239 5409 420 5461; x_wconf 76' lang='grc' dir='ltr'>οὐκέτι</span> <span class='ocrx_word' id='word_1_751' title='bbox 449 5407 604 5461; x_wconf 78' lang='grc' dir='ltr'>ἔσται</span> <span class='ocrx_word' id='word_1_752' title='bbox 633 5403 860 5474; x_wconf 84' lang='grc' dir='ltr'>ἀγαθὸς,</span> <span class='ocrx_word' id='word_1_753' title='bbox 882 5404 959 5465; x_wconf 86' lang='grc' dir='ltr'>ὡς</span> <span class='ocrx_word' id='word_1_754' title='bbox 995 5407 1024 5458; x_wconf 91' lang='lat'><strong>6</strong></span> <span class='ocrx_word' id='word_1_755' title='bbox 1057 5403 1222 5459; x_wconf 76' lang='grc' dir='ltr'>αὑτοῦ</span> <span class='ocrx_word' id='word_1_756' title='bbox 1260 5404 1500 5476; x_wconf 87' lang='grc' dir='ltr'>περιέχει</span> <span class='ocrx_word' id='word_1_757' title='bbox 1532 5405 1708 5475; x_wconf 87' lang='grc' dir='ltr'>λόγος.</span> <span class='ocrx_word' id='word_1_758' title='bbox 1741 5408 1811 5460; x_wconf 86' lang='grc' dir='ltr'><em>Ἢ</em></span> 
     </span>
    </p>
   </div>
   <div class='ocr_carea' id='block_1_102' title="bbox 239 5495 1809 5580">
    <p class='ocr_par' dir='ltr' id='par_1_102' title="bbox 239 5495 1809 5580">
     <span class='ocr_line' id='line_1_102' title="bbox 239 5495 1809 5580; baseline -0.001 -28"><span class='ocrx_word' id='word_1_759' title='bbox 239 5499 359 5552; x_wconf 77' lang='grc' dir='ltr'>ὃτι²</span> <span class='ocrx_word' id='word_1_760' title='bbox 386 5498 591 5566; x_wconf 84' lang='grc' dir='ltr'>ἀγαθὸς</span> <span class='ocrx_word' id='word_1_761' title='bbox 627 5497 724 5562; x_wconf 83' lang='grc' dir='ltr'><strong>ὢν,</strong></span> <span class='ocrx_word' id='word_1_762' title='bbox 765 5497 828 5550; x_wconf 87' lang='grc' dir='ltr'><strong>τὸ</strong></span> <span class='ocrx_word' id='word_1_763' title='bbox 876 5495 1464 5580; x_wconf 34' lang='grc' dir='ltr'>ωνηρὸνθάναλίσκει,</span> <span class='ocrx_word' id='word_1_764' title='bbox 1517 5497 1612 5550; x_wconf 76' lang='grc' dir='ltr'>καὶ</span> <span class='ocrx_word' id='word_1_765' title='bbox 1659 5497 1809 5550; x_wconf 75' lang='grc' dir='ltr'>ἔσται</span> 
     </span>
    </p>
   </div>
   <div class='ocr_carea' id='block_1_103' title="bbox 314 5657 1512 5737">
    <p class='ocr_par' dir='ltr' id='par_1_103' title="bbox 314 5657 1512 5737">
     <span class='ocr_line' id='line_1_103' title="bbox 314 5657 1512 5737; baseline -0.001 -24"><span class='ocrx_word' id='word_1_766' title='bbox 314 5657 334 5690; x_wconf 87' lang='grc'>¹</span> <span class='ocrx_word' id='word_1_767' title='bbox 369 5657 428 5713; x_wconf 65' lang='grc' dir='ltr'><strong>ιτ.</strong></span> <span class='ocrx_word' id='word_1_768' title='bbox 458 5658 715 5729; x_wconf 80' lang='grc' dir='ltr'>εἴληφαν,</span> <span class='ocrx_word' id='word_1_769' title='bbox 755 5657 861 5728; x_wconf 79' lang='lat' dir='ltr'><strong>leg.</strong></span> <span class='ocrx_word' id='word_1_770' title='bbox 890 5657 1194 5730; x_wconf 75' lang='grc' dir='ltr'>εἰλήφασιν.</span> <span class='ocrx_word' id='word_1_771' title='bbox 1263 5663 1291 5737; x_wconf 47' lang='grc' dir='ltr'>,θ</span> <span class='ocrx_word' id='word_1_772' title='bbox 1322 5658 1380 5713; x_wconf 82' lang='lat' dir='ltr'><strong>F.</strong></span> <span class='ocrx_word' id='word_1_773' title='bbox 1414 5658 1512 5712; x_wconf 81' lang='grc' dir='ltr'>ἔτι.</span> 
     </span>
    </p>
   </div>
   <div class='ocr_carea' id='block_1_104' title="bbox 1915 4495 3486 4573">
    <p class='ocr_par' dir='ltr' id='par_1_104' title="bbox 1915 4495 3486 4573">
     <span class='ocr_line' id='line_1_104' title="bbox 1915 4495 3486 4573; baseline -0.004 -16"><span class='ocrx_word' id='word_1_774' title='bbox 1915 4503 2252 4573; x_wconf 90' lang='lat' dir='ltr'><strong>principatus</strong></span> <span class='ocrx_word' id='word_1_775' title='bbox 2275 4517 2340 4557; x_wconf 89' lang='lat' dir='ltr'><strong>ac</strong></span> <span class='ocrx_word' id='word_1_776' title='bbox 2372 4506 2675 4572; x_wconf 88' lang='lat' dir='ltr'><strong>potestates</strong></span> <span class='ocrx_word' id='word_1_777' title='bbox 2697 4497 2990 4569; x_wconf 72' lang='lat' dir='ltr'><strong>contraria:</strong></span> <span class='ocrx_word' id='word_1_778' title='bbox 3025 4495 3282 4552; x_wconf 86' lang='lat' dir='ltr'><strong>factionis</strong></span> <span class='ocrx_word' id='word_1_779' title='bbox 3315 4496 3486 4551; x_wconf 86' lang='lat' dir='ltr'><strong>inter-</strong></span> 
     </span>
    </p>
   </div>
   <div class='ocr_carea' id='block_1_105' title="bbox 1915 4593 2644 4649">
    <p class='ocr_par' dir='ltr' id='par_1_105' title="bbox 1915 4593 2644 4649">
     <span class='ocr_line' id='line_1_105' title="bbox 1915 4593 2644 4649; baseline -0.007 0"><span class='ocrx_word' id='word_1_780' title='bbox 1915 4595 2141 4649; x_wconf 90' lang='lat' dir='ltr'><strong>necione</strong></span> <span class='ocrx_word' id='word_1_781' title='bbox 2167 4593 2468 4648; x_wconf 91' lang='lat' dir='ltr'><strong>deleturum</strong></span> <span class='ocrx_word' id='word_1_782' title='bbox 2501 4605 2644 4646; x_wconf 88' lang='lat' dir='ltr'><strong>esse.</strong></span> 
     </span>
    </p>
   </div>
   <div class='ocr_carea' id='block_1_106' title="bbox 1987 4761 3486 4838">
    <p class='ocr_par' dir='ltr' id='par_1_106' title="bbox 1987 4761 3486 4838">
     <span class='ocr_line' id='line_1_106' title="bbox 1987 4761 3486 4838; baseline -0.001 -17"><span class='ocrx_word' id='word_1_783' title='bbox 1987 4767 2124 4835; x_wconf 84' lang='lat' dir='ltr'><strong>Hoc,</strong></span> <span class='ocrx_word' id='word_1_784' title='bbox 2154 4769 2397 4838; x_wconf 89' lang='lat' dir='ltr'><strong>inquam,</strong></span> <span class='ocrx_word' id='word_1_785' title='bbox 2429 4767 2478 4824; x_wconf 88' lang='lat' dir='ltr'><strong>si</strong></span> <span class='ocrx_word' id='word_1_786' title='bbox 2513 4765 2776 4830; x_wconf 81' lang='lat' dir='ltr'><strong>dixerint,</strong></span> <span class='ocrx_word' id='word_1_787' title='bbox 2809 4763 2858 4820; x_wconf 87' lang='lat' dir='ltr'><strong>si</strong></span> <span class='ocrx_word' id='word_1_788' title='bbox 2895 4762 3121 4818; x_wconf 89' lang='lat' dir='ltr'><strong>omnino</strong></span> <span class='ocrx_word' id='word_1_789' title='bbox 3135 4761 3486 4835; x_wconf 74' lang='lat' dir='ltr'><strong>exstinguere</strong></span> 
     </span>
    </p>
   </div>
   <div class='ocr_carea' id='block_1_107' title="bbox 1916 4854 3486 4932">
    <p class='ocr_par' dir='ltr' id='par_1_107' title="bbox 1916 4854 3486 4932">
     <span class='ocr_line' id='line_1_107' title="bbox 1916 4854 3486 4932; baseline -0.004 -18"><span class='ocrx_word' id='word_1_790' title='bbox 1916 4875 1980 4914; x_wconf 83' lang='lat' dir='ltr'><strong>ac</strong></span> <span class='ocrx_word' id='word_1_791' title='bbox 2015 4859 2241 4932; x_wconf 86' lang='lat' dir='ltr'><strong>perdere</strong></span> <span class='ocrx_word' id='word_1_792' title='bbox 2273 4860 2474 4914; x_wconf 91' lang='lat' dir='ltr'><strong>bonum</strong></span> <span class='ocrx_word' id='word_1_793' title='bbox 2499 4857 2668 4914; x_wconf 90' lang='lat' dir='ltr'><strong>Deum</strong></span> <span class='ocrx_word' id='word_1_794' title='bbox 2699 4854 3062 4922; x_wconf 89' lang='lat' dir='ltr'><strong>asseruerint,</strong></span> <span class='ocrx_word' id='word_1_795' title='bbox 3106 4855 3292 4910; x_wconf 87' lang='lat' dir='ltr'><strong>nullus</strong></span> <span class='ocrx_word' id='word_1_796' title='bbox 3327 4854 3486 4908; x_wconf 84' lang='lat' dir='ltr'><strong>alteri</strong></span> 
     </span>
    </p>
   </div>
   <div class='ocr_carea' id='block_1_108' title="bbox 1917 4947 3486 5023">
    <p class='ocr_par' dir='ltr' id='par_1_108' title="bbox 1917 4947 3486 5023">
     <span class='ocr_line' id='line_1_108' title="bbox 1917 4947 3486 5023; baseline -0.004 -18"><span class='ocrx_word' id='word_1_797' title='bbox 1917 4951 2234 5023; x_wconf 90' lang='lat' dir='ltr'><strong>impostoris</strong></span> <span class='ocrx_word' id='word_1_798' title='bbox 2276 4952 2427 5006; x_wconf 90' lang='lat' dir='ltr'><strong>illius</strong></span> <span class='ocrx_word' id='word_1_799' title='bbox 2467 4964 2590 5006; x_wconf 91' lang='lat' dir='ltr'><strong>esse</strong></span> <span class='ocrx_word' id='word_1_800' title='bbox 2630 4950 2860 5007; x_wconf 86' lang='lat' dir='ltr'><strong>decreto</strong></span> <span class='ocrx_word' id='word_1_801' title='bbox 2909 4950 3063 5006; x_wconf 87' lang='lat' dir='ltr'><strong>locus</strong></span> <span class='ocrx_word' id='word_1_802' title='bbox 3101 4947 3332 5018; x_wconf 88' lang='lat' dir='ltr'><strong>poterit;</strong></span> <span class='ocrx_word' id='word_1_803' title='bbox 3375 4960 3486 5014; x_wconf 89' lang='lat' dir='ltr'><strong>quo</strong></span> 
     </span>
    </p>
   </div>
   <div class='ocr_carea' id='block_1_109' title="bbox 1917 5041 3486 5112">
    <p class='ocr_par' dir='ltr' id='par_1_109' title="bbox 1917 5041 3486 5112">
     <span class='ocr_line' id='line_1_109' title="bbox 1917 5041 3486 5112; baseline -0.004 -13"><span class='ocrx_word' id='word_1_804' title='bbox 1917 5045 2077 5100; x_wconf 84' lang='lat' dir='ltr'><strong>docet</strong></span> <span class='ocrx_word' id='word_1_805' title='bbox 2114 5044 2316 5099; x_wconf 89' lang='lat' dir='ltr'><strong>bonum</strong></span> <span class='ocrx_word' id='word_1_806' title='bbox 2351 5043 2503 5098; x_wconf 92' lang='lat' dir='ltr'><strong>illum</strong></span> <span class='ocrx_word' id='word_1_807' title='bbox 2531 5041 2700 5098; x_wconf 86' lang='lat' dir='ltr'><strong>Deum</strong></span> <span class='ocrx_word' id='word_1_808' title='bbox 2733 5043 2945 5112; x_wconf 86' lang='lat' dir='ltr'><strong>justum</strong></span> <span class='ocrx_word' id='word_1_809' title='bbox 2973 5055 3083 5096; x_wconf 88' lang='lat' dir='ltr'><strong>non</strong></span> <span class='ocrx_word' id='word_1_810' title='bbox 3123 5053 3264 5103; x_wconf 88' lang='lat' dir='ltr'><strong>esse,</strong></span> <span class='ocrx_word' id='word_1_811' title='bbox 3309 5051 3486 5106; x_wconf 88' lang='lat' dir='ltr'><strong>neque</strong></span> 
     </span>
    </p>
   </div>
   <div class='ocr_carea' id='block_1_110' title="bbox 1919 5133 3488 5204">
    <p class='ocr_par' dir='ltr' id='par_1_110' title="bbox 1919 5133 3488 5204">
     <span class='ocr_line' id='line_1_110' title="bbox 1919 5133 3488 5204; baseline -0.004 -15"><span class='ocrx_word' id='word_1_812' title='bbox 1919 5135 2321 5204; x_wconf 85' lang='lat' dir='ltr'><strong>delinquentem</strong></span> <span class='ocrx_word' id='word_1_813' title='bbox 2354 5134 2466 5188; x_wconf 90' lang='lat' dir='ltr'><strong>ullo</strong></span> <span class='ocrx_word' id='word_1_814' title='bbox 2493 5133 2705 5204; x_wconf 86' lang='lat' dir='ltr'><strong>judicio</strong></span> <span class='ocrx_word' id='word_1_815' title='bbox 2731 5134 3012 5194; x_wconf 87' lang='lat' dir='ltr'><strong>damnare,</strong></span> <span class='ocrx_word' id='word_1_816' title='bbox 3038 5145 3215 5200; x_wconf 89' lang='lat' dir='ltr'><strong>neque</strong></span> <span class='ocrx_word' id='word_1_817' title='bbox 3241 5137 3488 5184; x_wconf 79' lang='lat' dir='ltr'><strong>tormen-</strong></span> 
     </span>
    </p>
   </div>
   <div class='ocr_carea' id='block_1_111' title="bbox 1922 5221 3484 5297">
    <p class='ocr_par' dir='ltr' id='par_1_111' title="bbox 1922 5221 3484 5297">
     <span class='ocr_line' id='line_1_111' title="bbox 1922 5221 3484 5297; baseline -0.004 -17"><span class='ocrx_word' id='word_1_818' title='bbox 1922 5227 1992 5281; x_wconf 87' lang='lat' dir='ltr'><strong>tis</strong></span> <span class='ocrx_word' id='word_1_819' title='bbox 2023 5227 2316 5297; x_wconf 86' lang='lat' dir='ltr'><strong>subjicere,</strong></span> <span class='ocrx_word' id='word_1_820' title='bbox 2352 5242 2456 5282; x_wconf 89' lang='lat' dir='ltr'><strong>nec</strong></span> <span class='ocrx_word' id='word_1_821' title='bbox 2485 5225 2754 5282; x_wconf 90' lang='lat' dir='ltr'><strong>occidere.</strong></span> <span class='ocrx_word' id='word_1_822' title='bbox 2789 5223 2924 5278; x_wconf 85' lang='lat' dir='ltr'><strong>Nam</strong></span> <span class='ocrx_word' id='word_1_823' title='bbox 2968 5223 3014 5278; x_wconf 89' lang='lat' dir='ltr'><strong>si</strong></span> <span class='ocrx_word' id='word_1_824' title='bbox 3061 5221 3359 5286; x_wconf 83' lang='lat' dir='ltr'><strong>diabolum,</strong></span> <span class='ocrx_word' id='word_1_825' title='bbox 3391 5228 3484 5274; x_wconf 81' lang='lat' dir='ltr'><strong>aut</strong></span> 
     </span>
    </p>
   </div>
   <div class='ocr_carea' id='block_1_112' title="bbox 1924 5309 3488 5388">
    <p class='ocr_par' dir='ltr' id='par_1_112' title="bbox 1924 5309 3488 5388">
     <span class='ocr_line' id='line_1_112' title="bbox 1924 5309 3488 5388; baseline -0.006 -16"><span class='ocrx_word' id='word_1_826' title='bbox 1924 5332 2264 5388; x_wconf 67' lang='lat' dir='ltr'><strong>quaecunque</strong></span> <span class='ocrx_word' id='word_1_827' title='bbox 2298 5317 2516 5374; x_wconf 89' lang='lat' dir='ltr'><strong>demum</strong></span> <span class='ocrx_word' id='word_1_828' title='bbox 2551 5324 2635 5372; x_wconf 92' lang='lat' dir='ltr'><strong>est</strong></span> <span class='ocrx_word' id='word_1_829' title='bbox 2679 5314 2929 5385; x_wconf 88' lang='lat' dir='ltr'><strong>opposita</strong></span> <span class='ocrx_word' id='word_1_830' title='bbox 2971 5312 3061 5367; x_wconf 89' lang='lat' dir='ltr'><strong>illa</strong></span> <span class='ocrx_word' id='word_1_831' title='bbox 3104 5310 3206 5374; x_wconf 84' lang='lat' dir='ltr'><strong>vis,</strong></span> <span class='ocrx_word' id='word_1_832' title='bbox 3237 5324 3269 5364; x_wconf 92' lang='lat' dir='ltr'><strong>e</strong></span> <span class='ocrx_word' id='word_1_833' title='bbox 3306 5309 3488 5363; x_wconf 92' lang='lat' dir='ltr'><strong>medio</strong></span> 
     </span>
    </p>
   </div>
   <div class='ocr_carea' id='block_1_113' title="bbox 1919 5401 3486 5483">
    <p class='ocr_par' dir='ltr' id='par_1_113' title="bbox 1919 5401 3486 5483">
     <span class='ocr_line' id='line_1_113' title="bbox 1919 5401 3486 5483; baseline -0.006 -19"><span class='ocrx_word' id='word_1_834' title='bbox 1919 5410 2110 5465; x_wconf 85' lang='lat' dir='ltr'><strong>tollere</strong></span> <span class='ocrx_word' id='word_1_835' title='bbox 2139 5424 2204 5464; x_wconf 90' lang='lat' dir='ltr'><strong>ac</strong></span> <span class='ocrx_word' id='word_1_836' title='bbox 2235 5409 2522 5479; x_wconf 79' lang='lat' dir='ltr'><strong>proﬂigare</strong></span> <span class='ocrx_word' id='word_1_837' title='bbox 2551 5415 2802 5483; x_wconf 69' lang='lat' dir='ltr'><strong>conatur.</strong></span> <span class='ocrx_word' id='word_1_838' title='bbox 2832 5411 2927 5459; x_wconf 90' lang='lat' dir='ltr'><strong>aut</strong></span> <span class='ocrx_word' id='word_1_839' title='bbox 2958 5420 3024 5460; x_wconf 83' lang='lat' dir='ltr'><strong>ex</strong></span> <span class='ocrx_word' id='word_1_840' title='bbox 3061 5403 3180 5471; x_wconf 85' lang='lat' dir='ltr'><strong>ejus</strong></span> <span class='ocrx_word' id='word_1_841' title='bbox 3215 5401 3486 5456; x_wconf 88' lang='lat' dir='ltr'><strong>sententia</strong></span> 
     </span>
    </p>
   </div>
   <div class='ocr_carea' id='block_1_114' title="bbox 1921 5492 3486 5565">
    <p class='ocr_par' dir='ltr' id='par_1_114' title="bbox 1921 5492 3486 5565">
     <span class='ocr_line' id='line_1_114' title="bbox 1921 5492 3486 5565; baseline -0.005 -11"><span class='ocrx_word' id='word_1_842' title='bbox 1921 5501 2098 5555; x_wconf 85' lang='lat' dir='ltr'><strong>bonus</strong></span> <span class='ocrx_word' id='word_1_843' title='bbox 2146 5516 2268 5557; x_wconf 90' lang='lat' dir='ltr'><strong>esse</strong></span> <span class='ocrx_word' id='word_1_844' title='bbox 2314 5500 2544 5565; x_wconf 86' lang='lat' dir='ltr'><strong>desinet,-</strong></span> <span class='ocrx_word' id='word_1_845' title='bbox 2594 5505 2652 5552; x_wconf 93' lang='lat' dir='ltr'><strong>ut</strong></span> <span class='ocrx_word' id='word_1_846' title='bbox 2683 5498 2736 5551; x_wconf 91' lang='lat' dir='ltr'><strong>in</strong></span> <span class='ocrx_word' id='word_1_847' title='bbox 2771 5498 2916 5552; x_wconf 88' lang='lat' dir='ltr'><strong>illius</strong></span> <span class='ocrx_word' id='word_1_848' title='bbox 2961 5497 3210 5550; x_wconf 79' lang='lat' dir='ltr'><strong>oratione</strong></span> <span class='ocrx_word' id='word_1_849' title='bbox 3243 5492 3486 5564; x_wconf 87' lang='lat' dir='ltr'><strong>positum</strong></span> 
     </span>
    </p>
   </div>
  </div>
