3850 6204
393 308 455 364 ?l
1804 293 1866 351 S.
1908 288 2257 348 ΕΡΙΡΗΑΝΙΙ
3611 278 3684 337 7i

388 436 508 495 est;
533 433 627 480 aut
659 426 705 481 si
730 422 1105 479 nihilominus
1132 420 1319 474 bonus
1351 426 1459 486 est,
1492 418 1697 472 malum
1747 417 1975 486 insuper

2088 405 2232 475 ὦτος
2259 413 2287 465 6
2316 410 2549 482 ποιήσας
2574 408 2665 462 16v
2694 405 2926 480 οὖρανὺν
2955 405 3050 469 καὶ
3078 405 3177 478 την
3200 403 3311 478 γῆν
3339 402 3571 474 Κύριος.

389 519 729 588 enstinguet.
757 513 1102 582 Proindeque
1140 511 1282 566 idem
1307 511 1423 580 ipse
1454 510 1559 565 erit
1590 509 1712 563 εωιί
1737 523 1799 562 ac
1815 514 1980 563 terra:

391 611 650 666 conditor
681 609 968 671 Dominus,
1003 615 1062 660 ut
1084 614 1169 661 est
1197 619 1409 667 revera,
1438 603 1531 673 qui
1554 602 1851 671 unicuique
1877 615 1979 671 pro

392 717 623 775 operum
659 716 886 758 suorum
912 700 1128 753 ratione
1148 697 1369 767 pmmia
1392 695 1680 751 constituit
1716 713 1729 747 :
1764 693 1852 763 qui
1878 707 1978 762 pro

395 794 594 849 eximia
628 792 873 849 bonitate
898 790 969 853 ei,
1008 790 1101 860 qui
1129 790 1308 843 bonus
1349 795 1458 850 est,
1486 794 1541 841 et
1578 785 1631 838 in
1672 782 1978 839 exercenda

2088 507 2179 561 καὶ
2212 505 2361 558 ἔστιν
2394 506 2454 559 ἐν
2484 501 2737 575 ἀληθεία,
2772 506 2801 556 6
2833 502 3048 573 ἑκάστῳ
3091 500 3376 563 ἀποδιδοὺς
3418 498 3565 552 κατά
3609 486 3682 547 τὰ

2081 596 2221 667 ἔργα
2257 596 2444 660 αὐτοῦ,
2483 598 2511 649 6
2550 596 2619 648 δι’
2648 593 2959 666 ὑπερϐολὴν
2985 592 3321 662 ἀγαθότητος
3350 588 3431 661 τῷ
3457 587 3677 657 ἀγαθῷ,

2078 688 2382 760 κεκμηκότι
2407 689 2466 741 ἐν
2489 687 2811 759 ἀγαθότητι,
2840 686 3095 758 παρέχων
3125 684 3188 737 16
3221 682 3447 751 ἀγαθὸν,
3482 681 3577 734 καὶ
3599 678 3680 748 τῷ

2080 786 2148 835 τά
2182 780 2364 851 φαῦλα
2402 780 2686 852 δεδρακότι
2721 780 2783 833 16
2814 779 3023 832 δίκαιον
3060 777 3377 849 ἀπονέμων.
3408 776 3524 829 Kal
3547 789 3681 827 παν-

396 886 641 941 bonitate
667 884 952 947 laborarit,
978 881 1204 960 perinde
1232 880 1436 934 bonum
1460 876 1729 948 rependit.
1756 875 1817 930 Ei
1841 891 1972 931 vero

2088 875 2308 952 ταχόθεν
2350 875 2738 947 ἐξελήλεγκται
2790 872 2955 927 αὐτοῦ
3004 874 3033 926 6
3081 872 3259 941 λόγος,
3324 867 3678 940 ὑποφθεφων

395 977 487 1046 qui
526 978 666 1030 mala
709 974 1067 1032 commiserit.
1107 972 1255 1043 quod
1295 972 1505 1042 justum
1536 978 1621 1026 est
1664 968 1865 1024 reddit.
1896 966 1970 1021 Ex

2082 968 2311 1039 καρδίας
2339 966 2643 1039 ἀνθρώπων
2674 968 2754 1031 εἱς
2787 967 2857 1020 τά
2886 964 3123 1020 ἐναντία.

393 1066 773 1139 quibus-642
789 1067 1044 1121 omnibus
1061 1063 1534 1119 Manichaaioratio
1551 1061 1982 1132 refellitur,qua:
2024 1059 2089 1115 ad
2125 1061 2458 1116 contrariam
2486 1060 2792 1116 doctrinam
2858 1058 3189 1130 depravatos
3222 1055 3505 1111 hominum
3548 1050 3675 1107 ani-

402 1175 520 1216 mos
542 1162 781 1214 abducit.

472 1250 637 1305 XXV.
684 1251 787 1303 Sed
844 1264 989 1303 nunc
1043 1248 1191 1305 illius
1237 1247 1432 1316 dogma
1484 1245 1551 1299 ad
1594 1244 1850 1309 verbum,
1894 1243 1975 1296 uti

395 1352 831 1400 consentaneum
869 1351 983 1405 est,
1028 1342 1297 1396 ascribam
1323 1380 1336 1401 ,
1373 1355 1439 1393 ex
1474 1328 1730 1393 Archelai
1772 1350 1937 1406 opere
1960 1374 1975 1401 ,

395 1436 542 1507 quod
576 1436 841 1487 adversus
888 1432 1142 1486 eumdem
1192 1432 1343 1484 illum
1374 1430 1568 1496 edidit,
1599 1429 1763 1483 exiis
1793 1444 1915 1498 qum
1948 1443 1976 1480 a

398 1522 653 1595 Tyrbonc
683 1521 953 1591 discipulo
980 1522 1126 1575 illius
1158 1528 1465 1589 acceperat,
1498 1520 1565 1573 de
1602 1535 1711 1588 quo
1745 1518 1977 1572 mentio-

397 1632 520 1671 nem
554 1626 678 1669 ante
710 1614 972 1678 fecimus;
1006 1630 1129 1667 nam
1163 1628 1286 1666 cum
1318 1612 1623 1666 Archelaus
1663 1612 1976 1681 episcopus,

395 1718 453 1762 et
484 1707 773 1762 Marcellus
804 1707 870 1761 de
899 1705 1074 1760 Manis
1110 1704 1455 1775 dogmatibus
1477 1703 1785 1774 Tyrbonem
1814 1703 1983 1755 inter-

2152 1240 2283 1293 KE'.
2314 1235 2473 1292 Κατά
2508 1234 2649 1305 λέξιν
2675 1236 2734 1291 δὲ
2758 1234 2993 1307 καθεξῆς
3015 1234 3269 1301 ὐποτάξω
3292 1234 3675 1305 ἀρμοττόντως

2081 1331 2144 1384 16
2180 1328 2348 1384 αὐτοῦ
2390 1328 2647 1400 φρόνημα
2688 1328 2797 1382 ἀπὸ
2838 1327 2948 1383 τῶν
3002 1326 3292 1401 Ἀρχελάου
3331 1326 3467 1397 πρὸς
3507 1324 3677 1380 αὑτὸν

2086 1421 2675 1495 πεπραγματευμένων
2707 1421 2765 1473 ἐν
2794 1422 2860 1491 τῇ
2897 1419 3035 1491 πρὸς
3065 1418 3229 1471 αὐτὸν
3260 1416 3563 1487 ἀντιλογίᾳ,
3600 1420 3681 1480 ὡς

2086 1515 2247 1577 αὐτὸς
2288 1512 2605 1582 ἀπεκάλυψε
2640 1512 2888 1585 Τύρϐων,
2930 1509 3010 1575 εἷς
3050 1510 3158 1563 τῶν
3186 1508 3351 1563 αὐτοῦ
3387 1507 3673 1579 μαθητῶν,

2088 1605 2217 1675 περὶ
2259 1599 2318 1658 οὗ
2362 1605 2474 1658 ἀνω
2520 1603 2892 1674 ἐπεμνήσθην.
2938 1603 3437 1674 Ἐπερωτησάντων
3488 1601 3676 1653 τοίνυν

2088 1694 2195 1748 τῶν
2232 1694 2359 1764 περὶ
2403 1694 2694 1765 ’Λρχέλαον
2735 1695 2827 1748 τὸν
2869 1694 3190 1760 ἐπίσκοπον,
3223 1693 3317 1747 καὶ
3346 1692 3676 1764 Μάρκελλον

396 1810 705 1871 rogassent,
737 1800 852 1855 tunc
878 1800 968 1853 ille
995 1799 1111 1868 ipsa
1156 1798 1462 1867 respondit,
1494 1811 1613 1865 quae
1658 1811 1758 1850 nos
1799 1812 1863 1849 ex
1914 1809 1980 1849 eo

2088 1785 2371 1857 Τύρὸωνα,
2400 1787 2525 1856 περὶ
2552 1787 2650 1857 τῆς
2672 1786 2766 1839 τοῦ
2794 1787 2955 1857 Μάνη
2985 1784 3354 1849 διδασκαλίας,
3384 1787 3413 1838 ὁ
3442 1784 3678 1854 Τύρεων

396 1892 538 1948 libro
570 1892 998 1962 descripsimus;
1027 1898 1265 1960 suntque
1298 1888 1568 1959 ejusmodi
1598 1908 1610 1942 :

795 2108 1084 2164 Manichwi
1113 2110 1280 2179 impia
1316 2106 1589 2181 dogmata.

469 2224 529 2280 Si
563 2222 849 2279 Manicnaei
873 2223 1035 2279 (idem
1075 2237 1412 2293 cognoscere
1450 2224 1652 2290 velitis,
1685 2237 1716 2277 a
1746 2239 1833 2280 me
1854 2224 1981 2278 bre—

394 2318 538 2373 viter
562 2316 873 2387 expositam
898 2314 1102 2369 audite.
1136 2312 1238 2368 Hic
1273 2316 1438 2386 igitur
1465 2315 1597 2371 deos
1621 2316 1869 2385 geminos
1892 2332 1985 2371 co-

396 2410 484 2475 lit,
515 2408 812 2481 ingenitos,
838 2422 869 2461 a
890 2415 1063 2463 semet
1089 2407 1444 2473 exsistenles,
1481 2408 1871 2479 sempiternos,
1900 2412 1985 2464 in-

396 2502 683 2572 vicemque
714 2501 1043 2557 contrarios.
1077 2499 1322 2566 Quorum
1352 2501 1584 2557 alterum
1618 2503 1845 2567 bonum,
1869 2517 1985 2558 ma-

398 2591 762 2649 lumalterum
785 2592 1002 2656 deﬁnit,
1032 2603 1195 2663 atque
1217 2593 1311 2647 uni
1334 2592 1475 2648 lucis
1502 2608 1701 2648 nomen
1729 2594 1980 2664 imponit,

395 2684 747 2740 tenebrarum
772 2683 956 2738 alteri.
990 2682 1072 2737 Ad
1100 2681 1240 2739 lucis
1255 2691 1444 2754 .partes
1479 2683 1717 2739 hominis
1743 2685 1982 2739 animam

398 2776 682 2847 pertinere
719 2784 907 2846 putat;
940 2774 1182 2831 tenebris
1210 2789 1342 2829 vero
1374 2789 1599 2846 corpus,
1633 2791 1699 2829 ac
1744 2775 1986 2831 materiae

395 2870 676 2942 Opiﬁcium
703 2869 917 2924 tribuit.
947 2867 1153 2924 Horum
1177 2883 1305 2923 vero
1328 2868 1743 2938 permistionem
1768 2882 1832 2924 ac
1855 2879 1986 2924 tem-

396 2963 737 3033 perationem
791 2961 941 3016 hunc
992 2961 1048 3015 in
1109 2961 1332 3017 modum
1384 2960 1657 3017 accidisse
1699 2962 1871 3027 dicit,
1916 2977 1983 3015 ac

396 3053 633 3109 duorum
672 3070 862 3123 regum
902 3052 1151 3122 exeimilo
1200 3051 1465 3117 declarat,
1510 3053 1604 3122 qui
1627 3052 1741 3122 jam
1774 3052 1981 3107 dudum

2084 1876 2419 1946 ἁπεκρίνατο
2441 1875 2635 1945 λέγων,
2668 1877 2823 1931 ἅτινα
2866 1880 2930 1931 ἐκ
2966 1876 3060 1932 τοῦ
3094 1876 3301 1948 βιϐλίου
3328 1876 3672 1949 παρεθέμην·

2083 1968 2178 2021 καὶ
2211 1969 2327 2021 ἐστι
2354 1969 2501 2023 τάδε·

2096 2081 2268 2151 Ἀρχὴ
2304 2080 2427 2134 τῶν
2468 2082 2575 2135 τοῦ
2621 2074 2927 2150 Μάνεντος
2952 2082 3065 2154 (28)
3111 2082 3303 2137 ἀθέων
3339 2081 3674 2153 δογμάτων.

2153 2194 2219 2247 Εἰ
2246 2194 2348 2266 τὴν
2372 2195 2464 2250 τοῦ
2493 2196 2654 2267 Μάνη
2697 2196 2881 2250 πίστιν
2912 2196 3095 2250 θέλετε
3125 2198 3339 2269 μαθεῖν,
3381 2213 3514 2270 παρ’
3538 2199 3675 2270 ἐμοῦ

2084 2289 2358 2344 ἀκούσατε
2399 2289 2700 2361 συντόμως.
2733 2283 2902 2355 Οὗτος
2930 2290 3024 2344 δύο
3060 2291 3209 2345 σέϐει
3245 2291 3402 2356 θεοὺς
3439 2292 3675 2363 ἀγεννή-

2083 2395 2228 2443 τους.
2272 2379 2583 2449 αὐτοφυεῖς,
2628 2379 2854 2445 ἀϊδίους,
2897 2379 2996 2434 ένα
3038 2380 3117 2452 τῷ
3160 2382 3241 2434 ἐνὶ
3272 2381 3674 2452 ἀντικείμενον·

2083 2472 2179 2527 καὶ
2207 2471 2298 2525 τὸν
2331 2471 2430 2542 μὲν
2460 2471 2685 2541 ἀγαθὸν,
2714 2472 2807 2527 τὸν
2828 2473 2889 2526 δὲ
2928 2473 3164 2545 πονηρὸν
3198 2475 3523 2544 είσηγεῖται·
3560 2474 3678 2543 φῶς

2082 2563 2161 2636 τῷ
2186 2565 2270 2619 ἐνὶ
2298 2564 2471 2637 ὄνομα
2501 2564 2747 2636 θέμενος,
2780 2566 2875 2619 καὶ
2895 2565 2975 2638 τῷ
2996 2568 3170 2639 ἑτέρῳ
3196 2567 3410 2632 σκότος.
3448 2568 3560 2621 Kal
3579 2567 3676 2621 τοῦ

2086 2659 2187 2732 μὲν
2213 2659 2393 2730 φωτὸς
2425 2656 2566 2715 εἶναι
2603 2660 2770 2733 μέρος
2806 2660 2906 2733 τὴν
2934 2662 2993 2715 ἐν
3023 2660 3332 2733 ἀνθρώποις
3350 2661 3552 2733 ψυχὴν,
3578 2661 3676 2715 τοῦ

2081 2751 2139 2805 δέ
2169 2751 2394 2816 σκότους
2419 2753 2489 2807 .16
2525 2751 2706 2824 σῶμα,
2740 2753 2836 2806 καὶ
2863 2753 2925 2807 16
2958 2753 3060 2825 τῆς
3091 2752 3224 2826 ὕλης
3261 2753 3675 2826 δημιούργημα.

2083 2844 2246 2910 Μίξιν
2268 2845 2345 2911 δὲ,
2376 2846 2495 2917 ἦτοι
2527 2846 2829 2918 σύγκρασιν
2866 2846 3072 2901 τούτων
3099 2847 3249 2916 λέγει
3276 2847 3562 2916 γεγονέναι
3582 2847 3676 2901 τὸν

2084 2939 2304 3011 τρόπον,
2339 2940 2656 3006 ἀπεικάζων
2681 2942 2807 3005 τοὺς
2832 2940 2927 2995 δύο
2953 2940 3090 3013 τῷδε
3130 2942 3208 3013 τῷ
3244 2942 3675 3015 παραδείγματι*

2084 3030 2336 3102 καθάπερ
2364 3031 2458 3086 δύο
2490 3032 2732 3102 βασιλεῖς
2763 3034 3190 3106 ἀντιμαχόμενοι
3222 3036 3357 3108 πρὸς
3385 3037 3676 3109 ἀλλήλους,

398 3145 615 3202 inimici
645 3154 841 3201 mutuo
876 3145 982 3201 sibi
1015 3144 1219 3199 bellum
1249 3143 1513 3209 inferunt,
1554 3144 1629 3198 ita
1658 3153 1717 3199 ut
1754 3154 1980 3215 uterque

2088 3123 2238 3215 δντες
2266 3124 2520 3197 ἀπαρχῆς
2543 3124 2753 3196 ἐχθροὶ,
2784 3128 2880 3180 καὶ
2907 3128 3183 3200 ἀναμέρος
3208 3130 3442 3185 ἑκάστου
3476 3132 3545 3186 τά
3569 3134 3679 3186 ἴδια

398 3238 656 3312 privatim
687 3253 789 3293 sua
820 3238 1122 3309 possideat.
1152 3235 1231 3290 Ita
1266 3237 1546 3297 tenebras,
1596 3238 1694 3302 ait,
1734 3239 1983 3295 collectis

400 3331 635 3396 viribus,
674 3328 879 3384 ﬁnibus
917 3329 1036 3385 suis
1067 3342 1321 3399 egressas
1360 3328 1731 3385 incursionem
1764 3328 1983 3399 fecisse,

398 3438 468 3479 ac
498 3438 625 3477 cum
659 3423 783 3477 luce
803 3421 1119 3477 dimicasse.
1148 3419 1285 3477 Cum
1310 3428 1492 3475 autem
1518 3422 1698 3479 bonus
1724 3431 1878 3493 pater
1904 3433 1985 3480 te-

402 3515 606 3573 nebras
637 3514 693 3569 in
718 3521 867 3569 terra
893 3528 993 3569 sua
1030 3514 1241 3570 versari
1284 3522 1671 3585 cognosceret,
1700 3516 1811 3571 vim
1844 3532 1874 3571 a
1924 3535 1983 3574 se

402 3610 526 3682 ipso
553 3613 850 3680 quamdam
877 3607 1140 3670 edidisse,
1170 3622 1294 3679 qua!
1333 3610 1459 3663 vitae
1507 3616 1684 3665 mater
1708 3611 1984 3681 appellata

400 3701 497 3757 sit.
527 3699 611 3754 Ab
635 3698 738 3753 hac
769 3696 1006 3768 primum
1043 3698 1319 3752 hominem
1350 3696 1716 3767 productum;
1749 3714 1850 3755 nec
1872 3714 1982 3755 non

401 3798 459 3847 et
476 3790 745 3846 elementa
761 3789 1025 3859 quinque,
1045 3797 1292 3852 ventum,
1315 3789 1513 3855 lucem,
1534 3804 1756 3860 aquam,
1781 3791 1981 3863 ignem,

404 3879 713 3933 materiam.
751 3877 879 3933 Haec
923 3892 1049 3932 cum
1078 3878 1227 3933 velut
1257 3878 1326 3933 ad
1367 3878 1624 3935 bellicum
1656 3890 1982 3951 apparatum

403 3969 700 4037 induisset,
733 3970 791 4024 in
829 3968 1092 4025 inferiora
1120 3968 1407 4039 delapsum
1438 3984 1564 4023 cum
1610 3972 1853 4027 tenebris
1884 3988 1984 4043 pu-

401 4076 624 4134 gnasse.
666 4062 1040 4118 Tenebrarum
1082 4076 1212 4117 vero
1256 4062 1560 4133 principes,
1608 4065 1703 4135 qui
1746 4079 1871 4120 cum
1919 4080 1983 4121 ea

399 4156 775 4219 decertabant,
810 4169 875 4211 ex
899 4156 1047 4211 illius
1081 4164 1384 4218 armatura,
1406 4172 1573 4227 quam
1603 4158 1841 4214 animam
1861 4176 1985 4217 esse

397 4247 571 4312 dicit,
608 4247 858 4331 nonnihil
903 4246 1137 4303 dedisse.
1183 4246 1305 4314 Quo
1341 4248 1560 4317 quidem
1602 4257 1844 4321 tempore
1874 4253 1985 4323 pri-

398 4355 550 4394 mum
579 4339 856 4394 hominem
903 4338 959 4393 in
1006 4339 1363 4395 inferioribus
1393 4340 1478 4396 his
1502 4341 1641 4395 locis
1675 4357 1705 4395 a
1739 4344 1982 4401 tenebris

399 4446 735 4502 magnopere
761 4446 884 4486 esse
911 4439 1189 4486 vexatum.
1221 4431 1377 4498 Quod
1406 4432 1513 4487 nisi
1545 4442 1794 4490 orantem
1822 4435 1983 4492 Pater

2086 3213 2321 3287 ἔχοντος.
2355 3215 2514 3269 Κατὰ
2539 3215 2599 3269 δὲ
2633 3216 2893 3271 σύστασιν
2918 3218 2982 3272 16
3014 3222 3204 3283 σκότος
3228 3220 3456 3276 ἐπελθὸν
3481 3223 3547 3275 ἐκ
3565 3225 3681 3277 τῶν

2084 3308 2248 3379 ὁρίων
2275 3305 2441 3361 αὐτοῦ
2480 3311 2944 3381 προσεμαχήσατο
2975 3310 3053 3383 τῷ
3084 3312 3242 3382 φωτί.
3275 3313 3475 3369 Γνόντα
3500 3316 3557 3369 δὲ
3582 3317 3679 3371 τὸν

2084 3399 2291 3470 ἀγαθὸν
2322 3400 2538 3472 πατέρα
2571 3400 2633 3454 16
2658 3403 2849 3467 σκότος
2877 3405 2935 3457 ἐν
2960 3407 3027 3476 τῇ
3059 3408 3129 3476 γῇ
3152 3406 3317 3460 αὑτοῦ
3339 3408 3676 3483 ἐπιδεδημη-

2084 3493 2201 3557 κὺς,
2228 3492 2552 3564 προϐάλλειν
2577 3494 2636 3562 ἐξ
2665 3494 2833 3548 αὐτοῦ
2858 3495 3107 3567 δύναμιν,
3132 3496 3432 3571 λεγομένην
3458 3504 3677 3575 μητέρα

2082 3587 2185 3658 τῆς
2214 3588 2379 3659 ζωῆς·
2419 3589 2515 3643 καὶ⁴
2547 3589 2718 3661 αὐτὴν
2748 3591 3183 3665 προϐεϐληκέναι
3212 3596 3303 3649 τὸν
3333 3597 3561 3668 πρῶτον
3580 3600 3676 3654 ἀν·-

2086 3676 2324 3748 θρωπον,
2361 3680 2377 3708 ¹
2401 3677 2472 3759 τά
2514 3679 2677 3732 πέντε
2721 3684 2977 3753 στοιχεῖα.
3012 3683 3135 3736 Εἰσὶ
3169 3684 3227 3737 δὲ
3270 3686 3488 3759 ἄνεμος,
3533 3690 3673 3759 φῶς.

2086 3769 2250 3843 ὕδωρ,
2283 3770 2396 3843 πῦρ
2422 3772 2517 3824 καὶ
2546 3770 2669 3845 ὕλη.
2714 3775 2831 3828 Καὶ
2848 3774 3019 3828 ταῦτα
3049 3776 3410 3849 ἐνδυσάμενον
3436 3782 3512 3845 ὡς
3535 3784 3674 3855 πρὸς

2083 3864 2429 3937 κατασκευὴν
2455 3865 2713 3937 πολέμου,
2738 3867 3019 3922 κατελθεῖν
3043 3869 3215 3937 κάτω,
3241 3871 3335 3924 καὶ
3361 3872 3673 3945 πολεμῆσαι

2082 3957 2163 4029 τῷ
2206 3958 2408 4012 σκότει.
2456 3960 2519 4013 Ol
2554 3959 2613 4014 δὲ
2650 3959 2745 4013 τοῦ
2781 3960 3009 4026 σκότους
3055 3963 3336 4035 ἄρχοντες,
3384 3968 3673 4022 ἀντιπολε-

2087 4048 2313 4123 μοῦντες
2333 4052 2502 4123 αὐτῷ,
2527 4052 2728 4122 ἔφαγον
2752 4055 2816 4108 ἐκ
2832 4056 2930 4126 τῆς
2948 4058 3253 4122 πανοπλίας
3273 4060 3461 4125 αὐτοῦ,
3476 4062 3503 4114 ὃ
3523 4064 3674 4118 ἐστιν

2082 4144 2115 4215 ἡ
2157 4143 2327 4216 ψυχή.
2346 4145 2478 4198 Τότε
2512 4145 2699 4211 δεινῶς
2726 4147 2911 4219 ἐθλίϐη
2943 4150 3060 4202 ἐκεῖ
3092 4151 3241 4205 κάτω
3271 4154 3301 4206 6
3331 4154 3551 4226 πρῶτος
3576 4158 3671 4211 ἄν·

2086 4236 2305 4309 θρωπος
2336 4236 2441 4291 ὑπὸ
2470 4237 2563 4291 τοῦ
2604 4238 2849 4304 σκότους.
2881 4242 2993 4295 Kal
3024 4245 3072 4295 εί
3110 4244 3185 4314 μὴ
3216 4245 3516 4317 εὐξαμένου
3560 4251 3675 4302 εἰσ-

2082 4333 2317 4403 ήκουσεν
2354 4332 2384 4384 ό
2419 4330 2620 4403 πατὴρ,
2676 4334 2771 4386 καὶ
2830 4334 3149 4389 ἀπέστειλεν
3199 4339 3392 4409 ἑτέραν
3440 4340 3674 4412 δύναμιν

2085 4423 2487 4496 προϐληθεῖσαν
2514 4425 2605 4477 ὑπ’
2629 4426 2816 4493 αὑτοῦ,
2845 4427 3147 4499 λεγομένην
3169 4429 3277 4493 ζῶν
3304 4431 3553 4503 Πνεῦμα,
3580 4437 3674 4488 καὶ

396 4522 735 4586 exaudisset,
767 4530 931 4590 atque
953 4523 1179 4578 alteram
1224 4540 1254 4576 a
1304 4539 1364 4578 se
1400 4526 1721 4593 productam
1762 4527 1893 4594 vim,
1930 4530 1980 4583 in

2088 4518 2136 4569 εί
2172 4517 2248 4588 μὴ
2276 4517 2551 4573 κατελθὼν
2584 4519 2815 4574 δέδωκεν
2842 4520 2991 4592 αὐτῷ
3013 4521 3213 4590 δεξιὰν,
3246 4524 3338 4577 καὶ
3369 4526 3674 4595 ἀνήνεγκεν

400 4614 710 4671 subsidium
738 4614 1005 4678 misisset,
1020 4630 1142 4685 quze
1159 4614 1313 4669 vivus
1332 4615 1572 4684 Spiritus
1591 4616 1887 4681 diceretur,
1920 4636 1980 4676 ac

2089 4611 2154 4662 ἐκ
2181 4609 2274 4662 τοῦ
2310 4610 2565 4675 σκότους·
2607 4613 2776 4667 πάλαι
2822 4612 2888 4667 ἂν
2916 4615 2945 4666 6
2978 4615 3192 4686 πρῶτος
3223 4615 3508 4689 ἄνθρωπος
3540 4637 3675 4673 κατ-

400 4705 508 4762 nisi
543 4704 886 4761 descendens
928 4704 1207 4761 dexteram
1240 4706 1289 4759 ei
1341 4708 1699 4776 porrexisset,
1744 4717 1909 4779 atque
1951 4729 1980 4766 e

2088 4700 2344 4771 εχόμενος
2388 4704 2782 4762 ἐκινδύνευσεν.
2809 4705 3038 4761 Ἕκτοτε
3082 4704 3176 4762 οὖν
3202 4710 3486 4781 κατέλειψε
3517 4714 3676 4767 κάτω

396 4796 642 4853 tenebris
682 4795 986 4860 eduxisset,
1019 4796 1343 4866 jamdudum
1399 4800 1634 4868 primum
1686 4801 1837 4855 illum
1884 4803 1980 4858 ho-

2088 4791 2185 4864 τὴν
2204 4792 2405 4866 ψυχήν.
2438 4796 2549 4849 Kal
2572 4796 2659 4851 διὰ
2682 4796 2837 4851 τοῦτο
2862 4800 3175 4871 Μανιχαίοι,
3200 4800 3296 4855 ἐάν
3325 4804 3674 4875 συναντήσωο

397 4890 603 4945 minem
629 4888 910 4945 detentum
930 4891 1235 4961 periculum
1268 4891 1459 4962 ingens
1476 4892 1751 4949 aditurum
1787 4895 1977 4951 fuisse.

2088 4901 2171 4938 σιν
2200 4887 2469 4959 ἀλλήλοις,
2502 4889 2679 4955 δεξιὰς
2706 4891 2943 4947 διδόασιν
2976 4895 3190 4957 ἑαυτοῖς
3226 4896 3453 4967 σημείου
3484 4898 3671 4971 χάριν,

396 4982 482 5039 Ab
512 4997 581 5039 eo
609 4982 777 5053 igitur
808 4988 1054 5053 tempore
1080 4983 1318 5037 animam
1350 4984 1404 5038 in
1434 4984 1679 5039 inferiori
1713 4986 1816 5041 hac
1849 4988 1978 5043 sede

2088 4981 2161 5047 ὡς
2197 4985 2307 5039 ἀπὸ
2339 4988 2562 5052 σκότους
2592 4989 2877 5055 σωθέντες.
2928 4992 3015 5045 Ἐν
3047 4991 3157 5063 γὰρ
3179 4990 3257 5063 τῷ
3283 4992 3465 5046 σκότει
3488 4993 3672 5057 πάσας

396 5076 641 5148 reliquit.
674 5074 840 5148 διδ
870 5073 1004 5142 Qua:
1045 5089 1215 5130 causa
1246 5082 1330 5132 est
1374 5090 1476 5132 cur
1510 5076 1815 5143 Manichaai,
1846 5094 1979 5150 quo-

2088 5074 2182 5140 τὰς
2211 5078 2452 5149 αἱρέσεις
2472 5075 2611 5134 εἶναι
2638 5081 2806 5151 λέγει.
2834 5083 2967 5136 Τότε
2997 5082 3105 5148 ζῶν
3126 5083 3351 5155 Πνεῦμα
3372 5084 3555 5138 ἔκτισε
3577 5085 3673 5139 τὸν

393 5166 500 5222 ties
530 5168 765 5223 invicem
792 5175 1120 5232 occurrunt,
1152 5166 1321 5238 hujus
1356 5168 1434 5223 rei
1457 5168 1833 5240 signiﬁcanda:
1852 5186 1976 5243 gra—

2088 5168 2308 5241 κόσμον,
2338 5172 2433 5226 καὶ
2454 5173 2586 5228 αὐτὸ
2614 5176 2851 5247 φορέσαν
2878 5176 3071 5248 ἐτέρας
3092 5179 3241 5249 τρεῖς
3267 5171 3547 5249 δυνάμεις,
3572 5197 3673 5232 κα-

469 5323 486 5355 ί
513 5322 676 5379 Deest
704 5323 1010 5395 quidpiam.

2079 5482 2293 5540 tefecit.
2327 5483 2404 5539 Ex
2440 5484 2544 5541 hac
2570 5483 2827 5540 Archelai
2856 5483 3153 5539 collatione
3185 5480 3370 5537 caeteri
3405 5479 3672 5549 deinceps

2084 5555 2389 5627 hauserunt
2420 5572 2634 5622 omnes,
2668 5556 2764 5627 qui
2808 5553 3257 5627 hazreticiillius
3286 5553 3577 5627 historiam
3606 5565 3673 5627 ac

2084 5626 2337 5697 dogmata
2369 5627 2594 5697 scriptis
2622 5620 3007 5697 prodiderunt.
3038 5623 3287 5682 Meminit
3320 5620 3581 5680 Archelai
3610 5622 3672 5675 in

2086 5693 2443 5765 Sciiptoribus
2464 5693 2650 5754 e'cclea}
2685 5697 3075 5769 Hieronymus.

467 5477 805 5552 (28)]Αρχὴ
834 5477 955 5533 τῶν
982 5479 1089 5534 τοῦ
1120 5480 1449 5547 Μάνεντος.
1491 5479 1713 5536 Primus
1748 5489 1974 5552 porten-

396 5554 533 5623 tosa;
564 5548 715 5623 illius
747 5552 968 5623 haeresis
1003 5561 1368 5621 oppugnator,
1403 5553 1474 5606 ob
1502 5552 1671 5623 idque
1706 5548 1974 5623 singulari

397 5619 559 5675 laude
582 5620 807 5693 dignus,
844 5619 1418 5693 Archelaus'exstitit;
1449 5622 1541 5693 qui
1574 5619 1819 5677 habitam
1849 5638 1879 5676 a
1918 5638 1978 5679 se

396 5703 522 5761 cum
570 5691 877 5761 impostore
932 5690 1355 5761 disputationem
1414 5690 1482 5746 in'
1523 5695 1979 5747 commentarium

397 5760 606 5832 redegit
635 5760 928 5832 omniaque
962 5760 1186 5821 nefariae
1214 5763 1627 5833 superstitionis
1658 5777 1857 5819 arcana
1886 5777 1983 5834 pa-
