3850 6204
267 237 341 292 73
925 228 1294 286 ADVERSUS
1333 228 1673 284 HIEIIESES
1713 228 1837 282 LIB.

1990 228 2152 285 ΤΟΜ.
2197 229 2334 284 ΙΙ.-
2373 232 2646 292 Ηίεῐὶῐὲδ.
2691 235 2871 289 LXVI.
3447 240 3517 294 74

264 352 455 408 es).va
488 353 752 422 ἀνήνεγκε
796 352 918 416 τοὺς
955 353 1239 422 ἄρχοντας,
1282 349 1377 405 καί
1423 351 1754 422 ἐστερέωσεν
1785 353 1842 404 ὲν

1952 351 2018 428 tia
2049 362 2239 407 mutuo
2267 353 2368 409 sibi
2404 355 2655 410 dexteras
2685 357 2989 426 porrigant,
3019 365 3278 427 tanquam
3301 372 3330 410 a
3362 367 3516 414 tene-

263 446 347 516 τῷ
381 444 744 516 στερεώματι,
769 444 798 496 δ
817 445 964 496 ἐστιν
995 443 1172 496 αὐτῶν
1203 442 1382 512 σῶμα,
1411 442 1444 513 ἢ
1476 444 1698 514 σφαῖρα.

1949 441 2066 498 bris
2095 445 2286 513 erepti.
2312 443 2514 502 Omnes
2547 447 2692 502 enim
2728 457 2908 503 sectas
2940 449 3148 502 versari
3192 448 3247 502 in
3282 448 3518 504 tenebris

264 538 490 594 asserit.
523 535 678 591 Tunc
704 535 887 591 vivum
919 534 1073 591 illum
1107 533 1373 604 Spiritum
1409 532 1672 588 mundum
1704 532 2043 599 condidisse,
2075 550 2140 590 ac
2171 544 2285 592 tres
2315 537 2448 593 alias
2509 538 2740 594 virtutes
2803 540 3067 594 ferentem
3122 549 3176 596 et
3234 540 3518 613 delapsum

261 635 548 706 principes
577 632 840 688 extulisse
862 645 1108 694 sursum,
1148 639 1202 686 et
1236 630 1291 686 in
1329 629 1686 685 ﬁrmamento‘
1719 628 2042 716 stabiliisse,
2069 631 2217 700 quod
2241 632 2482 702 ipsorum
2511 648 2712 704 corpus
2738 641 2838 699 est,
2869 635 2985 689 sive
3021 633 3236 703 globus.

339 727 484 798 KG’.
517 726 650 781 Τότε
691 727 852 782 πάλιν
882 727 942 779 τὸ
965 726 1072 792 ζῶν
1105 726 1326 796 Πνεῦμα
1357 726 1537 780 ἔκτισε
1566 727 1692 787 τοὺς
1734 742 1846 793 φω-

265 822 510 892 στῆρας,
562 819 600 874 6.
648 821 765 872 ἐστι
818 818 917 889 τῆς
969 818 1152 888 ψυχῆς
1205 817 1465 886 λείψανα·
1522 819 1614 871 καὶ
1672 816 1846 882 οὕτως

263 910 492 982 εποίησε
526 909 814 981 στερέωμα
845 909 1166 964 κυκλεῦσαι.
1199 909 1311 963 Καὶ
1344 909 1504 964 πάλιν
1536 908 1718 962 ἔκτισε
1746 909 1846 982 τὴν

263 1004 374 1073 γῆν
400 1005 484 1066 εἰς
511 1003 632 1074 εἴδη.
659 999 823 1056 ὀκτώ.
869 999 930 1054 '0
963 1001 1020 1054 δὲ
1060 1001 1355 1073 Ὠμοφόρος
1395 1002 1546 1055 κάτω
1589 1000 1845 1071 βαστάζει

265 1095 364 1147 καὶ
415 1091 556 1146 ἐπὰν
610 1089 760 1160 κάμῃ
817 1087 1134 1158 βαστάζων,
1196 1089 1412 1158 τρέμει,
1469 1087 1564 1140 καὶ
1620 1085 1844 1156 σεισμοῦ

263 1187 443 1248 atrio;
472 1179 716 1249 γίνεσθαι
747 1179 899 1251 παρὰ
934 1179 1030 1233 τὸν
1058 1179 1360 1250 ὡρισμένον
1393 1178 1601 1249 καιρόν.
1639 1177 1850 1254 Τούτου.

262 1281 430 1334 ἕνεκα
476 1280 570 1333 τὸν
621 1278 748 1332 Υίὺν
771 1327 774 1332 ,
795 1273 961 1330 αὐτοῦ
993 1272 1307 1328 ἀπέστειλεν
1344 1274 1375 1327 6
1421 1271 1621 1342 ἀγαθὸς
1654 1271 1845 1343 Πατὴρ

262 1375 333 1427 ὲκ
363 1373 472 1427 τῶν
499 1373 717 1426 κόλπων
743 1371 826 1434 είς
845 1367 944 1442 τὴν
978 1366 1201 1439 καρδίαν
1239 1366 1338 1437 τῆς
1372 1364 1498 1436 γῆς,
1539 1364 1634 1418 καὶ
1670 1365 1750 1428 είς
1777 1363 1845 1418 τὰ

261 1465 473 1535 ταύτης
509 1461 793 1518 κατώτατα
832 1459 996 1532 μέρη,
1038 1459 1186 1521 ὅπως
1223 1454 1371 1526 αὐτῷ
1405 1455 1504 1526 τήν
1541 1454 1848 1525 προσήκου-

265 1574 372 1610 σαν
399 1534 694 1624 ὲττιθυμίαν
727 1555 744 1584 ί
772 1551 847 1622 δῷ
865 1568 880 1582 ο
909 1553 1004 1606 καὶ
1026 1549 1216 1612 ὁσάκις
1242 1547 1308 1602 ἂν
1343 1545 1567 1617 σεισμὸς
1596 1545 1844 1616 γένηται,

2001 724 2210 787 XXVI.
2251 726 2390 782 Tum
2420 743 2549 784 vero
2593 738 2854 799 praeterea
2897 727 3089 783 eodem
3120 743 3150 782 a
3183 727 3391 796 Spiritu
3437 729 3518 782 lu-

1949 819 2182 874 minaria
2216 829 2402 877 creata
2423 862 2439 887 ,
2473 836 2596 892 qua:
2630 829 2759 877 sunt
2791 821 2991 875 animae
3020 820 3266 890 reliquiae
3294 837 3308 885 ;
3338 819 3520 889 itaque

1949 911 2019 966 ab
2053 911 2149 966 illo
2176 911 2456 982 perfecta,
2489 921 2551 967 ut
2585 912 2988 968 firmamentum
3022 912 3354 966 circumacta
3393 925 3520 980 per-

1947 1014 2254 1058 cnrrerent.
2285 1003 2526 1060 Rursum
2551 1019 2682 1061 vero
2707 1010 2908 1059 terram
2939 1004 3200 1073 octuplici
3233 1004 3414 1074 specie
3443 1003 3520 1058 fa-

1949 1095 2217 1153 bricassc.
2247 1096 2317 1151 At
2341 1097 2591 1168 Bajulum
2616 1097 2759 1154 infra
2791 1096 3090 1162 sustinere,
3125 1096 3521 1168 fatigatumque

1949 1196 2183 1244 tremere
2203 1231 2219 1252 .
2253 1205 2316 1244 ac
2348 1198 2508 1245 terra:
2532 1197 2738 1244 motum
2771 1197 2966 1260 praeter
2993 1191 3351 1245 constitutum
3384 1196 3520 1244 tem-

1951 1295 2056 1350 pus
2083 1279 2311 1336 elIicere.
2346 1278 2430 1336 0b
2467 1280 2522 1336 id
2559 1281 2772 1346 bonus,
2813 1281 3027 1352 inquit,
3063 1281 3222 1337 Pater
3258 1280 3459 1335 Filium
3491 1297 3522 1338 e

1951 1371 2076 1427 sinu
2113 1387 2215 1427 suo
2261 1374 2315 1427 in
2357 1382 2515 1428 terrae
2561 1373 2893 1444 penetralia,
2931 1384 3094 1443 atque
3136 1373 3359 1430 intimas
3401 1373 3522 1444 ejus

1952 1470 2137 1532 partes
2181 1463 2466 1533 allegavit,
2528 1471 2589 1517 ut
2638 1463 2787 1517 illius
2831 1468 3206 1518 consentaneo
3247 1461 3522 1517 desiderio

1952 1552 2338 1616 satisfaceret;
2370 1563 2424 1609 et
2453 1553 2672 1623 quoties
2706 1561 2852 1608 terra
2887 1559 3100 1618 movet,
3133 1552 3217 1608 vel
3247 1551 3339 1606 ille
3368 1551 3520 1606 labo-

263 1647 300 1717 ἢ
326 1645 524 1716 τρέμει
550 1642 794 1712 κάμνων,
821 1640 856 1711 ἦ
889 1639 1166 1710 ἅντιφέρει
1206 1637 1285 1701 είς
1323 1636 1414 1690 τὸν
1451 1635 1636 1707 ἕτερον
1671 1628 1843 1705 ὦμον.

1952 1658 2082 1699 rans
2117 1645 2336 1707 tremit,
2368 1644 2457 1699 vel
2486 1659 2627 1700 onus
2660 1643 2716 1698 in
2755 1644 2988 1698 alterum
3019 1643 3306 1698 humerum
3341 1650 3522 1697 trans-

263 1738 404 1791 Τότε
429 1736 611 1790 τοίνυν
642 1736 735 1788 καὶ
774 1735 806 1805 ή
839 1733 938 1803 ὔλη
979 1731 1073 1800 ἀφ’
1105 1730 1303 1801 ἑαυτῆς
1351 1727 1530 1782 ἔκτισε
1575 1726 1645 1781 τὰ
1672 1726 1842 1796 φυτά·

265 1831 366 1884 καί
416 1827 740 1898 συλωμένων
783 1823 964 1880 αὐτῶν
1011 1823 1121 1878 ἀπό
1165 1838 1326 1875 τινων
1367 1820 1664 1891 ἀρχόντων,
1714 1815 1846 1871 ἐκά-

263 1920 394 1975 λεσε
445 1919 654 1982 πάντας
696 1917 824 1980 τοὺς
869 1915 977 1968 τῶν
1017 1914 1295 1987 ἀρχόντων
1343 1911 1702 1984 πρωτίστους,
1754 1908 1849 1963 καὶ

265 2014 461 2068 ἐλαϐεν
510 2012 606 2067 ἀπ’
657 2009 837 2064 αὐτῶν
891 2008 996 2063 ἀνὰ
1080 2007 1207 2079 μίαν
1255 2006 1484 2076 δύναμιν
1502 2045 1516 2070 ,
1569 2001 1662 2055 καὶ
1717 2017 1850 2054 κατι

265 2106 535 2162 εσκεύασε
579 2105 671 2158 τὸν
715 2101 1029 2173 ἄνθρωπον,
1076 2099 1170 2154 τὸν
1205 2099 1346 2152 κατὰ
1403 2097 1502 2166 τὴν
1555 2095 1698 2150 ἰδέαν
1753 2093 1846 2146 τοῦ

268 2199 492 2271 πρώτου
524 2195 814 2270 ἀνθρώπου
845 2192 1078 2256 ἐκείνου,
1117 2193 1212 2246 καὶ
1247 2191 1404 2260 ἔδησε
1440 2189 1538 2260 τὴν
1582 2185 1758 2258 ψυχὴν
1790 2188 1848 2240 ὲν

268 2289 442 2361 αὐτῷ.
475 2287 626 2354 Αὕτη
654 2287 769 2340 ἐστὶ
802 2285 902 2355 τῆς
919 2283 1282 2356 συγκράσεως
1325 2284 1358 2351 ἡ
1412 2278 1688 2343 ὑπόθεσις.
1717 2279 1846 2330 Ὅτε

266 2385 325 2438 δὲ
354 2379 496 2437 εἶδεν
529 2381 566 2433 ὁΔ
595 2379 783 2450 Πατὴρ
819 2381 848 2432 6
896 2377 1005 2441 ζῶν
1055 2376 1374 2447 θλιϐομένην
1420 2375 1520 2446 τὴν
1561 2373 1738 2446 ψυχὴν
1789 2375 1847 2427 ὲν

263 2476 348 2546 τῷ
383 2473 617 2543 σώματι,
647 2470 1019 2542 εὖσπλαγχνος
1059 2469 1136 2523 ὢν
1183 2469 1278 2523 καὶ
1327 2467 1595 2539 ἐλεήμων,
1635 2464 1846 2537 έπεμψε

263 2567 362 2619 τὸν
412 2565 533 2618 Γίὸν
564 2562 726 2618 αὑτοῦ
775 2561 866 2616 τὸν
911 2560 1266 2632 ἠγαπημένον
1305 2560 1386 2622 είς
1438 2559 1712 2629 σωτηρίαν
1747 2559 1848 2629 τῆς

261 2650 469 2728 ψυχῆς.
509 2655 608 2710 Διὰ
639 2654 748 2726 γὰρ
777 2652 979 2724 ταύτην
1013 2652 1110 2724 τὴν
1152 2652 1442 2724 πρόφασιν,
1490 2652 1584 2706 καὶ
1626 2649 1716 2704 τὸν
1752 2649 1846 2703 τοῦ

280 2750 583 2821 Ὦμοφόρου
611 2745 926 2802 ἀπέστειλεν
954 2745 1134 2800 αὐτόν.
1171 2743 1281 2798 Καὶ
1305 2742 1475 2798 ἐλθὼν
1502 2745 1532 2798 6
1560 2743 1685 2806 Υἱὸς
1720 2757 1848 2810 μετ-

266 2841 638 2911 εσχημάτισεν
677 2839 867 2893 ἑαυτὸν
911 2840 991 2902 εἰς
1033 2834 1322 2908 ἀνθρώπου
1364 2830 1524 2899 εἶδος,
1559 2834 1654 2888 καὶ
1689 2831 1847 2902 ἐφαί-

267 2950 391 2986 νετο
433 2935 548 2996 τοῖς
595 2930 902 3002 ἀνθρώποις
949 2929 1255 3000 ἄνθρωπος,
1295 2927 1370 2998 μὴ
1415 2925 1492 2981 ὢν
1531 2925 1841 2995 ἄνθρωπος·

267 3028 368 3081 καὶ
395 3027 446 3080 οῖ
475 3024 748 3095 ἄνθρωποι
777 3021 1159 3092 ὑπελάμϐανον
1191 3020 1354 3080 αὑτὸν
1383 3018 1762 3088 γεγεννῆσθαι.

353 3117 558 3173 Ἐλθὼν
585 3111 676 3169 οὖν
708 3117 943 3169 ποιεῖται
979 3115 1078 3185 τὴν
1107 3112 1465 3185 δημιουργίαν
1502 3111 1636 3185 πρὸς
1673 3127 1847 3181 σωτη-

270 3211 392 3281 ρίαν
422 3209 532 3263 τῶν
554 3208 762 3278 ψυχῶν,
796 3209 889 3262 καὶ
919 3208 1163 3278 μηχανὴν
1206 3207 1568 3278 συνεστήσατο
1619 3203 1848 3274 ἔχουσαν

267 3295 479 3352 δώδεκα
509 3299 730 3362 κάδους*
766 3298 906 3369 ῆτις,
940 3299 1045 3351 ὑπὸ
1073 3297 1171 3368 τῆς
1216 3297 1448 3368 σφαίρας
1487 3295 1845 3367 στρεφομένη.

268 3392 534 3460 ἀνιμᾶται
557 3391 666 3444 τῶν
695 3391 1030 3462 θνησκόντων
1059 3390 1157 3454 τὰς
1193 3391 1388 3462 ψυχάς.
1433 3390 1540 3443 Καὶ
1576 3389 1778 3450 ταύτας
1819 3388 1848 3438 6

271 3483 451 3553 μέγας
492 3481 735 3553 φωστὴρ,
772 3485 892 3546 ταῖς
930 3483 1111 3536 ἀκτῖσι
1152 3480 1362 3545 λαϐὼν,
1419 3480 1702 3552 καθαρίζει
1754 3481 1848 3534 καὶ

270 3576 602 3648 μεταδίδωσι
646 3577 714 3647 τῇ
768 3576 993 3650 σελήνῃ’
1043 3576 1137 3630 καὶ
1183 3575 1354 3640 οὕτως
1397 3575 1698 3648 πληροῦται
1746 3572 1851 3641 τῆς

269 3671 508 3742 σελήνης
549 3673 580 3724 6
624 3670 827 3734 δίσκος,
859 3673 888 3724 6
936 3669 1064 3742 παρ’
1112 3673 1244 3741 ἡμῖν
1287 3666 1843 3741 προσαγορευόμενος.

267 3761 441 3814 moi:
476 3761 604 3832 γάρ,
628 3761 747 3832 ήτοι
771 3761 1041 3834 πορθμεῖα
1073 3755 1212 3814 εἶναι
1252 3760 1398 3828 λέγει
1442 3760 1566 3822 τοὺς
1605 3758 1700 3811 δύο
1732 3775 1846 3826 φω-

270 3851 500 3921 στῆρας.
565 3844 697 3903 Εἶτα
746 3851 842 3904 ἐὰν
895 3849 1129 3922 γεμισθῇ
1186 3851 1220 3920 ή
1280 3849 1497 3920 σελήνη,
1567 3863 1842 3918 μεταπορ-

269 3943 465 4016 θμεύει
494 3944 573 4005 είς
611 3940 925 4014 ἀπηλιώτην
943 3957 957 3972 ο
987 3941 1082 3994 καὶ⁹
1124 3940 1296 4004 οὕτως
1321 3940 1653 4012 ἁπόκρουσιν
1677 3942 1847 3994 ποιεῖ-

266 4053 360 4089 ται
403 4028 497 4087 τοῦ
541 4033 712 4105 γόμου
750 4032 1178 4103 ὲλαφρυνομένη,
1230 4032 1324 4086 καὶ
1364 4032 1508 4085 οὔτω
1557 4031 1753 4104 πληροῖ
1785 4029 1848 4085 τὸ

268 4127 592 4198 πορθμεῖον,
642 4124 736 4176 καὶ
782 4121 946 4176 πάλιν
984 4123 1287 4192 άπογομοῖ,
1339 4121 1696 4193 άνιμωμένων
1740 4121 1846 4175 ὑπὸ

266 4219 380 4274 τῶν
407 4219 584 4273 κάδων
610 4216 720 4270 τῶν
745 4214 953 4286 ψυχῶν,
981 4216 1138 4287 ἄχρις
1177 4207 1239 4267 οὗ
1280 4214 1342 4267 τὸ
1389 4215 1517 4268 ῖδιον
1551 4213 1717 4287 αὑτοῦ
1751 4214 1846 4284 μέ-

268 4330 368 4386 ρος
399 4311 562 4365 σώσει
585 4309 685 4378 τῆς
715 4285 913 4379 ψυχῆς.
957 4285 1070 4376 Τῆς
1107 4305 1214 4376 γὰρ
1255 4304 1350 4358 τοῦ
1397 4285 1616 4410 ἀγαθοῦ.
1638 4303 1844 4376 πατρὸς
1874 4350 1920 4410 D

265 4404 459 4466 οὐσίας
493 4403 672 4454 πᾶσαν
695 4397 872 4469 ψυχὴν
911 4396 1006 4450 καὶ
1045 4397 1154 4449 πᾶν
1198 4396 1511 4464 κινούμενον
1547 4393 1685 4458 ζῶον
1716 4411 1844 4464 μετ-

265 4498 420 4566 έχειν
464 4493 630 4561 λέγει.
680 4490 791 4562 Τῆς
824 4485 919 4542 οὖν
955 4488 1183 4560 σελήνης
1214 4487 1595 4559 μεταδιδούσης
1630 4488 1721 4540 τὸν
1753 4487 1844 4555 76-

267 4605 376 4659 μον
399 4585 508 4639 τῶν
529 4581 711 4654 ψυχῶν
744 4583 857 4644 τοῖς
883 4579 1052 4634 Αίῶσι
1101 4578 1197 4634 τοῦ
1229 4579 1458 4651 Ματρὸς,
1493 4579 1844 4650 ’παραμένον⁴

267 4695 355 4731 σιν
392 4679 448 4730 ὲν
479 4675 556 4746 τῷ
590 4674 768 4744 στύλῳ
801 4673 900 4743 τῆς
942 4669 1120 4742 δόξης,
1148 4673 1206 4736 ὃς
1240 4672 1480 4726 καλεῖται
1523 4671 1631 4743 ἀήρ
1684 4672 1714 4723 6
1754 4671 1845 4724 τὲ-

261 4765 430 4828 λειος.
475 4765 532 4817 ’0
567 4763 624 4816 δὲ
677 4763 786 4834 ἀὴρ
821 4756 975 4825 οὗτος
1015 4761 1204 4826 στύλος
1245 4762 1361 4814 ἐστὶ
1409 4762 1582 4830 φωτός
1603 4779 1630 4817 '.
1653 4761 1838 4833 ἐπειδὴ

262 4861 431 4928 γέμει
485 4854 827 4926 ψυχῶνιτῶν
880 4853 1342 4926 καθαριζομένων.
1400 4853 1545 4926 Αὕτη
1599 4855 1746 4908 ἐστὶν
1807 4857 1839 4925 ἡ

261 4951 440 5010 αἰτία,
471 4949 539 5002 δι’
560 4944 630 5019 ἦς
653 4949 710 5002 αί
738 4947 906 5018 ψυχαὶ
944 4947 1224 5011 σώζονται.

335 5039 466 5093 KZ'.
515 5038 573 5090 Ἦ
603 5037 659 5091 δὲ
704 5037 764 5089 τὸ
807 5038 828 5067 ²
865 5037 1153 5090 ἀποθανεῖν
1201 5038 1327 5101 τοὺς
1368 5035 1686 5109 ἀνθρώπους
1724 5039 1839 5092 ἐστὶ

259 5130 432 5184 πάλιν
466 5128 636 5199 αὕτηο
668 5127 943 5200 Παρθένος
978 5147 1061 5193 τις
1099 5128 1274 5201 ὡραία
1310 5129 1717 5201 κεκοσμημένη,
1752 5148 1839 5184 πι-

259 5223 406 5291 θανὴ
434 5223 598 5284 πάνυ,
639 5221 805 5292 ωλᾷν
837 5223 1105 5292 ἐπιχειρεῖ
1143 5222 1267 5284 τοὺς
1317 5222 1581 5293 ἄρχοντας
1613 5223 1738 5285 τοὺς
1782 5223 1840 5275 ἐν

257 5314 342 5386 τῷ
387 5313 724 5384 στερεώματι
766 5310 874 5365 ὑπὸ
913 5310 1007 5365 τοῦ
1051 5311 1248 5377 ζῶντος
1294 5313 1610 5384 Πνεύματος
1659 5313 1841 5366 ἀνενεο

255 5408 492 5480 χθέντας
519 5407 612 5459 καὶ
647 5403 1074 5475 σταυρωθέντας.
1107 5405 1407 5474 Φαινομένη
1431 5404 1489 5458 δὲ
1512 5407 1622 5466 τοῖς
1648 5406 1839 5477 ἄρρεσι

256 5500 455 5571 θήλεια
493 5497 789 5570 εὔμορφος,
829 5499 948 5561 ταῖς
991 5497 1048 5551 δὲ
1093 5495 1331 5568 θηλείαις
1378 5497 1592 5561 νεανίας
1635 5498 1841 5571 εὐειδὴς

1875 3011 1924 3075 C

1950 1735 2078 1790 fert.
2107 1733 2210 1790 Per
2247 1735 2385 1791 idem
2423 1745 2637 1806 tempus
2675 1735 2901 1792 materia
2932 1737 3135 1807 stirpes
3162 1751 3230 1792 ex
3258 1750 3379 1792 sese
3402 1750 3523 1805 pro-

1948 1828 2194 1894 creavit;
2251 1843 2389 1898 quas
2432 1843 2560 1883 cum
2609 1828 2856 1884 nonnulli
2881 1828 3159 1898 principes
3191 1827 3520 1899 diriperent,

1947 1921 2267 1975 convocatis
2317 1920 2410 1974 illa
2458 1919 2768 1991 principum
2823 1919 3194 1990 primoribus,
3238 1935 3406 1974 unam
3453 1920 3522 1974 ah

1949 2011 2184 2081 singulis
2240 2011 2498 2067 virtutem
2552 2011 2793 2082 accepit,
2849 2011 3236 2082 hominemque
3276 2011 3525 2066 condidit

1948 2099 2017 2154 ad
2052 2102 2213 2172 primi
2249 2102 2397 2157 illius
2426 2102 2666 2158 hominis
2704 2101 3007 2173 exemplar,
3053 2104 3142 2158 cui
3185 2110 3241 2158 et
3281 2103 3520 2159 animam

1951 2194 2197 2265 illigavit.
2231 2193 2514 2264 Ejusmodi
2548 2193 2951 2250 commistionis
2979 2203 3064 2251 est
3091 2196 3254 2251 ratio.
3298 2195 3404 2250 Sed
3438 2196 3522 2248 vi-

1951 2303 2049 2342 vus
2082 2286 2267 2355 Pater,
2297 2287 2444 2358 quod
2478 2287 2717 2342 animam
2752 2288 2807 2342 in
2839 2303 3074 2357 corpore
3105 2288 3359 2345 afﬂictam
3411 2305 3522 2344 cer-

1948 2386 2124 2445 neret,
2162 2389 2222 2435 ut
2249 2391 2335 2436 est
2364 2381 2679 2437 misericors
2707 2395 2772 2436 ac
2805 2380 3096 2452 benignus,
3127 2379 3512 2440 charissimum

1949 2473 2053 2528 sibi
2084 2471 2279 2528 Filium
2308 2474 2375 2527 ad
2406 2472 2558 2528 illius
2591 2471 3020 2543 recuperandam
3049 2473 3280 2530 salutem
3309 2472 3511 2528 emisit.

1949 2563 2103 2620 Hanc
2129 2565 2274 2621 enim
2314 2565 2386 2620 ob
2410 2580 2635 2622 causam
2661 2605 2678 2633 ,
2709 2565 2874 2621 simul
2905 2573 2960 2619 et
2988 2563 3162 2636 Bajuli
3209 2565 3382 2636 gratia
3417 2566 3521 2618 mi-

1950 2657 2092 2712 sisse
2123 2656 2342 2712 dicitur.
2375 2655 2546 2728 Igitur
2571 2654 2744 2712 Filius
2785 2656 3082 2712 adveniens
3123 2670 3246 2712 sese
3285 2655 3522 2712 hominis

1949 2745 2007 2800 in
2036 2745 2265 2817 figuram
2295 2746 2600 2809 convertit,
2636 2754 2801 2818 atque
2840 2747 3082 2802 hominis
3117 2747 3315 2804 similis
3341 2747 3520 2802 homi-

1949 2837 2114 2894 nibus
2141 2841 2424 2909 apparuit,
2454 2839 2582 2894 licet
2609 2839 2775 2895 homo
2805 2854 2914 2894 non
2943 2848 3092 2895 esset
3118 2857 3134 2904 ;
3161 2838 3522 2910 eumdemque

1951 2929 2194 3000 genitum
2224 2943 2348 2986 esse
2375 2929 2628 3008 homines
2655 2928 2819 2999 vulgo
2852 2927 3228 2984 crediderunt.

2022 3111 2210 3181 Itaque
2245 3126 2369 3167 mox
2402 3120 2460 3166 ut
2493 3110 2767 3176 accessit,
2809 3126 2945 3182 opus
2976 3111 3252 3182 quoddam
3292 3112 3359 3167 ad
3401 3114 3522 3168 ani-

1950 3220 2166 3260 marum
2213 3205 2445 3260 salutem
2487 3205 2714 3260 molitus
2757 3213 2879 3270 est,
2930 3204 3349 3276 machinamque
3389 3221 3521 3262 con-

1947 3296 2192 3361 struxit;
2224 3297 2282 3349 in
2326 3312 2432 3366 qua
2479 3295 2600 3352 cadi
2648 3305 2807 3351 erant
2849 3295 3176 3353 duodecim:
3215 3313 3334 3367 quae
3375 3300 3521 3369 glohi

1950 3387 2240 3456 cujusdam
2280 3387 2582 3456 agitatione
2610 3401 2879 3442 conversa
2921 3396 3262 3442 mortuorum
3307 3390 3521 3445 animas

1948 3493 2168 3534 sursum
2191 3478 2400 3542 evehit,
2427 3493 2534 3548 qua
2562 3494 2816 3550 magnum
2850 3477 2982 3532 illud
3014 3477 3168 3534 sidus
3198 3479 3370 3536 radiis
3401 3481 3520 3536 suis

1947 3579 2206 3641 exceptas
2231 3585 2298 3624 ac
2325 3579 2643 3642 repurgatas
2665 3571 2719 3624 in
2744 3571 2925 3624 lunam
2952 3578 3306 3641 transportat.
3329 3571 3408 3626 Ita
3441 3572 3518 3635 Iit,

1949 3674 2009 3717 ut
2046 3663 2210 3732 hujus
2237 3665 2387 3718 orbis
2415 3663 2728 3734 impleatur,
2761 3663 2855 3732 qui
2887 3662 3074 3719 discus
3101 3677 3134 3718 a
3167 3665 3328 3722 nobis
3359 3665 3522 3736 vulgo

1947 3756 2168 3812 dicitur.
2194 3755 2420 3828 Navigia
2449 3757 2650 3826 quippe
2679 3765 2734 3811 et
2758 3767 3032 3827 pontones
3057 3756 3165 3812 duo
3190 3771 3312 3812 esse
3341 3757 3522 3812 sidera
3614 3820 3622 3833 ι

1946 3848 2037 3902 illa
2057 3859 2264 3905 censet.
2287 3845 2495 3905 Onusta
2516 3863 2644 3903 vero
2683 3849 2809 3903 luna
2840 3849 2910 3904 ad
2947 3850 3298 3905 subsolanum
3336 3858 3518 3904 trans-

1947 3941 2115 3996 vehit.
2163 3939 2242 3994 Ita
2275 3940 2526 4011 deposito
2557 3955 2728 3996 onere
2769 3941 3002 4004 levatur,
3049 3955 3114 3995 ac
3163 3956 3384 3996 rursum
3422 3958 3522 3996 na-

1945 4032 2148 4102 vigium
2175 4031 2344 4106 6“
2373 4033 2642 4104 complet:
2683 4033 2814 4090 hinc
2858 4034 3016 4089 novis
3059 4049 3156 4104 per
3187 4034 3354 4090 cados
3395 4049 3522 4089 eve-

1946 4126 2051 4179 ctis
2083 4125 2280 4180 animis
2312 4126 2510 4180 iterum
2542 4133 2893 4190 cxoneratur,
2923 4125 3098 4180 donec
3137 4140 3294 4180 suam
3323 4141 3389 4180 ac
3422 4142 3518 4196 pe—

1946 4217 2206 4271 culiarem
2252 4217 2451 4271 animae
2499 4224 2710 4286 partem
2754 4215 2973 4286 eripiat.
3027 4215 3238 4270 Etenim
3279 4216 3518 4270 animam

1947 4322 2184 4369 omnem,
2232 4317 2395 4376 atque
2445 4322 2608 4363 omne
2655 4306 2802 4376 quod
2848 4313 3095 4362 movetur
3137 4307 3338 4360 animai
3391 4307 3521 4361 boui

1949 4399 2098 4454 illius
2124 4398 2294 4469 patris
2317 4406 2525 4452 natura:
2553 4399 2826 4468 particeps
2851 4411 2977 4452 esse
2996 4396 3174 4452 (Iacet.
3199 4395 3371 4451 Porro
3395 4411 3519 4450 cum

1950 4505 2090 4545 onus
2117 4489 2250 4571 illud
2275 4489 2576 4544 animarum
2603 4489 2669 4544 ad
2697 4487 2877 4544 Patris
2898 4487 3105 4545 [Eones
3127 4489 3251 4543 luna
3276 4497 3523 4544 transve-

1948 4582 2090 4636 xcrit
2109 4621 2124 4644 ,
2168 4590 2389 4637 manent
2415 4595 2492 4637 ea:
2522 4582 2576 4636 in
2609 4582 2794 4652 gloria:
2825 4581 3080 4636 columna
3109 4582 3203 4652 qui
3246 4580 3523 4652 perfectus

1948 4687 2042 4727 aer
2071 4671 2291 4726 dicitur.
2321 4672 2418 4728 Est
2449 4683 2626 4730 autem
2666 4673 2752 4728 hic
2780 4689 2873 4730 aer
2909 4674 3048 4728 lucis
3077 4675 3330 4728 columna
3363 4691 3518 4744 qum-

1948 4765 2106 4831 dam;
2129 4766 2385 4835 quoniam
2415 4765 2702 4822 animabus
2726 4782 2844 4836 quae
2866 4775 3168 4838 purgantur
3189 4775 3273 4822 est
3297 4769 3517 4824 referta.

1948 4859 2072 4914 Ilaec
2102 4859 2220 4928 ipsa
2245 4874 2411 4914 causa
2439 4868 2524 4916 est
2546 4874 2643 4930 per
2671 4876 2833 4930 quam
2856 4861 3084 4916 salutem
3107 4862 3301 4916 animae
3327 4877 3522 4918 conse-

1948 4959 2207 5020 quantur.

2019 5040 2233 5096 XXVII.
2273 5041 2385 5098 Cur
2426 5051 2607 5097 autem
2655 5043 2962 5098 moriantur
3005 5043 3255 5098 homines
3294 5056 3518 5098 causam

1949 5136 2263 5206 huiusmodi
2303 5135 2558 5207 proponit
2586 5155 2600 5191 :
2625 5135 2792 5206 Virgo
2817 5134 3100 5205 quaedam,
3152 5135 3362 5204 inquit,
3407 5135 3521 5188 for-

1948 5240 2104 5282 mosa
2153 5235 2315 5296 atque
2355 5234 2573 5295 compta
2609 5224 3104 5292 blanditiarumque
3134 5223 3293 5292 plena
3321 5223 3522 5294 princi-

1946 5331 2044 5386 pes
2073 5331 2102 5371 a
2133 5316 2256 5372 vivo
2281 5315 2490 5387 Spiritu
2514 5316 2570 5371 in
2600 5315 2998 5370 firmamentum
3025 5313 3254 5369 eductos
3280 5328 3346 5368 ac
3365 5328 3516 5368 cruci

1947 5407 2170 5464 suilixos
2209 5409 2325 5465 suis
2366 5407 2638 5464 illecebris
2672 5405 2890 5462 allicere
2918 5406 3270 5478 aggreditur;
3306 5421 3427 5478 qua;
3458 5421 3520 5462 se

1949 5500 2197 5556 maribus
2249 5499 2630 5570 pulcherrima:
2673 5498 2918 5565 feminze,
2970 5498 3190 5555 feminis
3211 5501 3360 5570 hero
3402 5500 3517 5555 ele-

330 5655 351 5687 ⁸
389 5651 503 5709 Vox
535 5653 628 5708 illa
657 5651 956 5723 ἐπιθυμίαν
998 5652 1128 5707 mihi
1167 5660 1443 5725 suspecta,
1482 5653 1843 5724 conjicieham

1952 5654 2185 5725 ιτιμίαν.
2271 5655 2290 5684 ³
2324 5653 2447 5708 Cor.
2481 5657 2595 5706 τοῦ.

554 5749 812 5810 Parnm.
867 5749 984 5810 Gn.
1013 5749 1207 5810 XLII.

3204 5751 3238 5810 3
