3856 6362
373 311 444 368 75

1773 314 1829 370 S.
1872 310 2210 368 EPIPIIANII

3547 305 3632 365 76

368 430 549 500 gantis
582 443 642 484 ac
673 426 896 482 formosi
920 427 1324 498 speciejuveuis
1354 427 1606 491 offerens,
1638 432 1929 500 principes,

2041 428 2134 482 καὶ
2168 425 2518 496 ὲπιθυμητὺς,
2556 424 2647 477 καὶ
2677 424 2722 476 οἱ
2758 423 2853 494 μὲν
2887 421 3164 493 ἄρχοντες,
3194 421 3392 474 ὁπόταν
3432 419 3629 475 ἴδωσιν

372 537 494 573 eum
529 535 648 574 eam
696 527 805 574 tam
852 520 1129 588 exquisito
1170 531 1368 576 ornatu
1419 521 1694 586 viderint,
1735 522 1799 576 ad
1856 523 1940 576 sui

370 611 702 668 desiderium
734 611 1084 666 vehementer
1112 610 1380 666 accendit.
1415 609 1516 676 Qui
1552 626 1674 665 cum
1706 625 1824 666 eam
1858 626 1942 665 as-

372 706 528 776 sequi
564 711 864 774 nequeant,
919 710 1072 758 extra
1118 710 1442 774 potestatem
1493 713 1784 766 exeuntes,
1832 719 1974 773 prae,

371 811 559 851 amore
588 810 652 850 ac
675 795 972 864 cupiditate
995 795 1196 848 mirum
1227 793 1284 848 in
1312 794 1529 848 modum
1558 795 1937 850 exardeseunt.

368 889 614 959 Cumque
633 887 1044 942 accurrentibus
1071 887 1177 942 illis
1198 887 1349 956 virgo
1375 902 1436 940 se
1456 901 1523 940 ex
1550 887 1762 940 illorum
1787 901 1943 954 aspe-

371 990 463 1035 ctu
497 979 850 1040 subduxerit,
885 985 1000 1031 tum
1037 992 1266 1047 magnus
1299 976 1562 1045 Princeps
1593 993 1658 1030 ex
1694 989 1814 1032 sese
1849 993 1944 1030 nu-

371 1072 466 1127 bes
515 1071 744 1136 emittit,
777 1078 838 1124 ut
869 1085 977 1139 pra:
1008 1069 1288 1122 iracundia
1323 1068 1524 1121 mundo
1569 1069 1823 1122 tenebras
1857 1067 1941 1122 of-

369 1163 582 1218 fendat.
622 1163 796 1232 Atque
826 1162 928 1214 hoc
961 1160 1122 1214 modo
1150 1161 1196 1214 si
1227 1160 1601 1216 vehementius
1635 1166 1937 1229 prematur,

369 1252 607 1306 hominis
637 1252 809 1304 instar
843 1265 905 1303 ex
931 1249 1132 1303 sudore
1158 1249 1419 1315 lassatur,
1451 1251 1543 1319 qui
1585 1249 1804 1319 quidem
1842 1265 1937 1304 su-

366 1345 468 1398 dor
495 1345 730 1414 pluviam
779 1343 959 1398 emeit.
1007 1341 1098 1395 Sic
1126 1351 1178 1395 et
1229 1343 1482 1412 princeps
1530 1344 1688 1408 alter,
1731 1341 1940 1396 Messor

368 1436 707 1504 appellatus,
753 1436 798 1488 si
847 1433 1075 1502 virginis
1115 1433 1370 1486 illecebra
1416 1434 1681 1500 capiatur,
1727 1441 1938 1500 pestem

368 1527 422 1579 in
455 1525 764 1578 universam
795 1530 992 1576 terram
1026 1520 1311 1590 perdendis
1339 1521 1648 1574 hominibus
1674 1520 1934 1573 iuin'iittit.

297 1639 300 1642 ·
369 1614 646 1683 Siquidem
694 1627 894 1682 corpus
918 1611 1060 1664 istud
1092 1625 1214 1665 cum
1264 1609 1465 1678 majore
1493 1610 1692 1662 mundo
1719 1624 1938 1677 compa-

367 1713 549 1758 ratum
581 1703 817 1756 mundus
843 1700 1076 1771 ,dicitur.
1113 1700 1380 1754 Caeterum
1424 1699 1672 1754 homines
1695 1700 1935 1754 universi

2043 521 2209 590 αὐτὴν
2266 515 2817 586 κεκαλλωπισμένην,
2870 513 3208 584 οἰστροῦνται
3260 511 3336 582 τῷ
3387 511 3625 584 φίλτρῳ,

2042 588 2267 681 καὶμὴ
2309 609 2590 679 δυνάμενοι
2639 608 2806 678 αὐτὴν
2854 608 3196 670 καταλαϐεῖν,
3260 607 3445 670 δεινῶς
3491 607 3633 676 φλέ-
3686 588 3696 593 ’

2041 719 2226 772 γονται
2270 701 2350 772 τῷ
2394 700 2642 773 ἐρωτικῷ
2685 700 2849 769 πόθῳ,
2885 701 2976 752 τὸν
3005 699 3128 752 νοῦν
3167 698 3628 770 ὲξαρπασθέντες.

2044 796 2210 848 Ὅταν
2247 790 2360 856 οὖν,
2400 792 2702 863 τρεχόντων
2741 790 2940 857 αὐτῶν,
2989 793 3022 861 ἡ
3072 791 3336 861 παρθένος
3383 790 3629 859 ἄφαντος

2041 887 2285 957 γένηται,
2316 885 2435 937 τότε
2459 887 2488 937 ὁ
2507 885 2721 954 Ἀρχων
2750 886 2778 936 ὁ
2797 883 2967 954 μέγας
3006 881 3296 953 προϐάλλει
3327 882 3428 946 τὰς
3461 881 3632 950 νεφέ-

2041 981 2138 1044 λας
2169 980 2226 1046 ἐξ
2256 978 2441 1040 αὑτοῦ,
2470 979 2618 1040 ὅπως
2646 978 2868 1048 σκοτίσῃ
2905 979 2970 1047 τῇ
3018 979 3153 1048 ὀργῇ
3181 975 3345 1029 αὐτοῦ
3390 977 3480 1030 τὸν
3521 977 3627 1030 κόο

2045 1089 2195 1140 σμον.
2229 1071 2337 1122 Kal
2376 1069 2548 1132 οὕτως
2591 1069 2685 1122 ἐὰν
2713 1059 2871 1141 θλζϐῇ
2916 1069 3077 1132 πάνυ,
3127 1067 3375 1137 καθάπερ
3405 1067 3626 1138 ἀνθρω-

2043 1181 2142 1225 πος
2188 1161 2347 1233 ἱδρῶν
2390 1159 2785 1214 ἀποκοποῦται.
2829 1159 2886 1212 'O
2943 1160 2997 1212 δὲ
3049 1158 3207 1230 ἱδρὼς
3263 1157 3426 1213 αὐτοῦ
3470 1161 3630 1213 ἐστιν

2042 1255 2074 1322 ή
2109 1254 2296 1323 βροχή.
2331 1251 2496 1320 Ὁμοῦ
2532 1250 2625 1304 καὶ
2652 1251 2681 1301 ὁ
2721 1249 2979 1321 θερισμὸς
3025 1250 3208 1320 ἄρχων
3241 1247 3352 1319 (29)
3389 1248 3482 1304 ἐὰν
3527 1266 3630 1302 συ.

2041 1341 2174 1411 ληθῇ
2212 1341 2314 1394 ὑπὸ
2355 1341 2452 1411 τῆς
2498 1340 2786 1411 παρθένου,
2824 1340 3078 1410 καταχέει
3130 1340 3314 1410 λοιμὸν
3355 1342 3438 1409 ἐφ’
3490 1341 3628 1411 ὅλης

2038 1437 2136 1505 τῆς
2174 1435 2294 1505 γῆς,
2325 1435 2473 1498 ὅπως
2513 1435 2808 1489 θανατώσει
2855 1437 2979 1498 τοὺς
3021 1435 3358 1507 ἀνθρώπους.
3404 1436 3476 1488 Τὸ
3509 1435 3628 1507 γὰρ

2043 1527 2200 1597 σῶμα
2251 1525 2407 1579 τοῦτο
2460 1526 2664 1594 κόσμος
2706 1526 2947 1579 καλεῖται
2997 1526 3133 1597 πρὸς
3181 1527 3270 1578 τὸν
3318 1527 3486 1597 μέγαν
3526 1527 3626 1579 κό-

2042 1632 2197 1685 σμον.
2231 1617 2338 1667 Kal
2371 1617 2420 1667 oi
2454 1614 2729 1686 ἄνθρωποι
2783 1615 2981 1677 πάντες
3025 1613 3177 1684 ῥίζας
3220 1615 3418 1684 ἔχουσι,
3464 1617 3627 1670 κάτω

2044 1705 2385 1770 συνδεθείσας
2432 1709 2544 1769 τοῖς
2581 1708 2709 1759 ἅνω.
2752 1705 2981 1759 Ὀπόταν
3016 1702 3108 1760 οὖν
3146 1705 3345 1776 συληθῇ
3378 1705 3481 1759 ὑπὸ
3515 1705 3626 1775 τῆς

366 1794 579 1849 radices
610 1794 809 1848 habent
851 1791 994 1845 infra
1037 1805 1161 1845 cum
1211 1789 1584 1860 superioribus
1635 1804 1929 1845 connexas.

2039 1797 2330 1868 παρθένου,
2361 1797 2480 1849 τότε
2521 1797 2744 1866 ἄρχεται
2795 1795 3016 1848 κόπτειν
3054 1795 3150 1858 τὰς
3193 1793 3347 1865 ῥίζας
3378 1794 3484 1848 τῶν
3516 1797 3620 1850 ἀν-

366 1886 535 1958 Igitur
569 1901 692 1940 cum
742 1899 772 1937 a
823 1883 1032 1952 virgine
1080 1883 1342 1952 pellectus
1393 1891 1696 1951 captusque
1737 1881 1931 1945 fuerit,

365 1986 500 2032 tunc
547 1977 826 2029 hominum
877 1980 1166 2043 amputare
1203 1971 1417 2028 radices
1461 1973 1686 2043 incipit;
1733 1974 1934 2043 quibus

359 2067 633 2130 succisis,
671 2066 985 2136 pestilentia
1028 2073 1336 2132 grassatur,
1390 2065 1572 2133 itaque
1601 2065 1931 2120 moriuntur.

365 2159 523 2226 Quod
555 2159 601 2212 si
635 2157 921 2227 superiora
967 2156 1169 2209 radicis
1219 2170 1329 2224 prae
1366 2155 1553 2209 labore
1593 2153 1933 2224 quatiantur,

363 2260 525 2318 terra:
551 2256 731 2302 motus
756 2247 1134 2314 consequitur,
1164 2259 1272 2315 quo
1296 2245 1516 2315 Bajulus
1546 2247 1706 2300 etiam
1733 2262 1936 2302 concu-

364 2343 517 2396 titur.
555 2340 628 2392 Ea
655 2354 823 2392 causa
853 2339 1044 2391 mortis
1076 2347 1179 2393 est.

436 2430 676 2485 XXVIII.
721 2428 876 2483 Nune
903 2429 1036 2482 illud
1066 2429 1224 2484 vobis
1251 2443 1517 2498 exponam
1541 2468 1555 2493 ,
1584 2428 1936 2504 quemadmo-

363 2525 494 2578 dum
528 2521 713 2576 anima
763 2518 1004 2589 quinque
1037 2518 1091 2571 in
1124 2533 1354 2587 corpora
1401 2517 1839 2572 transfundatur.
1875 2516 1933 2570 In

363 2615 558 2684 primis
611 2613 754 2668 enim
803 2625 928 2681 pars
969 2609 1116 2663 illius
1153 2610 1368 2684 exigua
1401 2617 1747 2680 repurgatur.
1795 2609 1931 2662 Tum

363 2709 420 2761 in
450 2705 605 2761 canis
648 2704 731 2757 vel
777 2702 969 2756 cameli
1024 2701 1106 2754 vel
1155 2681 1382 2754 alterius
1430 2701 1685 2754 animalis
1731 2713 1932 2768 corpus

363 2796 714 2853 transfertur.
746 2794 824 2847 Ac
851 2793 896 2848 si
923 2792 1274 2846 homicidium
1305 2792 1490 2847 anima
1515 2791 1930 2862 perpetraverit,

355 2891 419 2943 in
451 2888 805 2957 celepliorum
877 2898 1077 2953 corpus
1120 2883 1467 2938 transfertur.
1525 2881 1584 2936 Si
1634 2881 1933 2936 messuisse

361 2979 820 3050 deprehendatur,
878 2978 932 3029 in
985 2975 1174 3029 balbos
1224 2987 1289 3027 ac
1343 2975 1523 3044 lingua
1579 2972 1930 3042 (impeditos.

360 3075 571 3127 Anima:
600 3086 726 3124 vero
756 3070 871 3122 haec
902 3068 1018 3136 ipsa
1049 3065 1270 3119 nomina
1303 3075 1431 3120 sunt
1457 3080 1471 3115 :
1510 3079 1663 3118 mens
1683 3104 1698 3126 ,
1742 3064 1895 3117 notio
1916 3103 1930 3126 ,

360 3163 718 3232 intelligentia
738 3201 753 3223 ,
785 3158 947 3230 6A5
981 3158 1264 3226 cogitatio,
1291 3158 1657 3212 ratiocmatio.
1689 3159 1759 3210 At
1788 3172 1932 3212 mes-

359 3271 517 3313 sores
537 3296 550 3319 ,
579 3254 892 3324 quicunque
916 3257 1158 3313 metunt,
1191 3249 1501 3319 principum
1536 3249 1744 3304 similes
1777 3255 1929 3312 sunt,

355 3351 454 3420 qui
487 3349 542 3402 in
576 3345 816 3402 tenebris
854 3343 964 3412 jam
995 3349 1110 3395 tum
1145 3342 1214 3397 ab
1247 3342 1403 3395 initio
1451 3350 1760 3405 versantur,
1803 3357 1930 3396 cum

360 3439 523 3511 primi
563 3435 803 3492 hominis
853 3441 1189 3486 armaturam
1233 3433 1553 3488 adederunt.
1591 3431 1716 3487 Ideo
1745 3436 1928 3490 trans-

359 3531 569 3603 portari
605 3528 729 3582 illos
784 3527 839 3579 in
884 3524 1066 3580 fenum
1101 3531 1195 3577 aut
1228 3523 1482 3592 phaselos
1523 3534 1619 3578 aut
1665 3525 1926 3580 hordeum

357 3634 454 3678 aut
481 3621 689 3692 spicam
718 3619 936 3674 olerave
962 3630 1188 3672 necesse
1211 3623 1294 3671 est
1313 3656 1328 3678 ,
1362 3625 1420 3669 ut
1450 3617 1581 3671 meti
1611 3617 1930 3687 succidique

356 3714 593 3785 possint.
630 3711 778 3765 Pane
813 3710 859 3764 si
895 3708 1020 3779 quis
1067 3707 1328 3772 vescitur,
1379 3721 1574 3776 panem
1622 3707 1768 3762 hunc
1811 3709 1927 3762 Ileri

355 3812 608 3876 oportet,
634 3810 694 3857 ut
723 3809 776 3857 et
807 3801 924 3871 ipse
954 3798 1296 3855 comedatur.
1325 3798 1494 3856 Avem
1517 3800 1610 3870 qui
1639 3799 1926 3866 occiderit,

358 3899 475 3952 avis
509 3898 620 3950 ﬁet.
659 3893 926 3948 Similiter
961 3893 1055 3962 qui
1100 3905 1311 3946 murem
1353 3891 1656 3958 occiderit,
1707 3893 1762 3947 in
1805 3907 1929 3946 mu-

356 4005 472 4045 rem
509 3986 958 4042 commutabitur.
992 3984 1260 4040 Praeterea
1297 3985 1342 4038 si
1374 3986 1508 4053 quis
1554 3985 1609 4037 in
1659 3984 1762 4039 hac
1812 3987 1924 4040 vita

356 4083 510 4136 dives
543 4079 744 4141 fuerit,
777 4076 869 4130 ubi
898 4090 964 4130 ex
997 4089 1227 4143 corpore
1257 4072 1574 4143 migraverit
1603 4073 1657 4126 in
1689 4073 1925 4128 mendici

355 4187 558 4242 corpus
591 4167 972 4230 transferetur,
1006 4175 1064 4219 ut
1089 4165 1354 4219 oberrans
1405 4163 1602 4233 stipem
1636 4172 1922 4233 corruget,

357 4266 594 4334 indeque
621 4261 1017 4331 sempiternum
1049 4258 1117 4311 ad
1148 4257 1474 4326 supplicium
1508 4257 1809 4327 perveniat.
1846 4256 1924 4311 Ac

353 4370 480 4408 eum
510 4360 758 4407 nostrum
789 4349 936 4405 istud
971 4363 1172 4417 corpus
1203 4346 1271 4400 ad
1305 4347 1580 4416 principes
1609 4345 1926 4400 materiam-

353 4461 461 4514 que
479 4444 770 4514 pertineat,
798 4441 892 4508 qui
914 4438 1189 4493 Persicam
1216 4437 1462 4492 arborem
1491 4439 1719 4506 plantat,
1750 4437 1918 4490 multa
1957 4477 2000 4530 Β

353 4538 404 4590 ei
422 4548 650 4602 corpora
669 4531 918 4585 obeunda
932 4537 1081 4591 sunt,
1099 4529 1273 4582 donec
1287 4527 1504 4581 Persica
1526 4529 1613 4580 illa
1638 4527 1922 4582 deciderit.

355 4625 462 4691 Qui
498 4624 601 4679 sibi
633 4623 736 4691 ipsi
769 4621 990 4674 domum
1021 4618 1286 4680 exstruit,
1325 4617 1379 4670 in
1409 4617 1662 4670 universa
1689 4631 1924 4685 corpora

357 4713 710 4769 distrahatur.
746 4710 848 4776 Qui
904 4709 958 4762 in
1012 4724 1152 4777 aqua
1203 4708 1382 4772 lavat,
1430 4705 1699 4760 suammet
1747 4705 1924 4774 ipsius

357 4805 598 4858 animam
649 4801 921 4870 astringit.
975 4798 1079 4864 Qui
1112 4798 1302 4852 electis
1353 4797 1526 4867 ipsius
1559 4781 1782 4867 pietatis
1823 4795 1924 4850 ali-

357 4894 502 4966 quod
539 4908 738 4947 munus
771 4906 880 4945 non
911 4887 1154 4950 dederit,
1189 4903 1283 4956 per
1313 4888 1512 4942 umltas
1541 4890 1922 4957 generationes

356 4997 549 5056 pmnas
596 4981 896 5050 expendet,
942 4977 1190 5046 atquein
1237 4977 1757 5032 catechumenorum
1795 4994 1923 5033 cor-

358 5093 490 5147 pora
542 5073 827 5137 transibit,
877 5071 1050 5125 donec
1093 5084 1319 5123 munera
1363 5071 1768 5140 quamplurima
1810 5073 1920 5126 lar-

351 5169 554 5237 giatur.
593 5165 675 5219 0b
714 5163 770 5218 id
813 5162 1058 5218 ciborum
1099 5160 1402 5229 exquisitos
1448 5176 1694 5231 quosque
1731 5163 1922 5221 electis

354 5259 609 5312 offerunt.

425 5347 629 5401 Panem
661 5352 950 5414 antequam
983 5343 1272 5399 cotnedant
1294 5382 1306 5407 ,
1327 5344 1637 5400 orationem
1679 5347 1750 5401 ita
1787 5363 1918 5404 con-

353 5441 563 5510 cipiunt
589 5438 655 5491 ad
687 5452 877 5507 panem
905 5451 1155 5490 sermone
1184 5450 1451 5490 converso
1483 5455 1494 5487 :
1527 5436 1714 5508 Neque
1736 5455 1835 5509 ego
1862 5451 1914 5495 te

583 5637 763 5725 ξρμοῦ
790 5639 885 5725 καὶ
974 5638 1249 5725 θερισμὸς
1280 5639 1508 5725 firmior;
1550 5638 1611 5725 Fr:
1640 5640 1912 5725 θεριστής.

420 5709 536 5778 (50)
574 5711 644 5763 El
677 5726 764 5774 τις
819 5709 1053 5762 λούεται
1107 5713 1182 5774 εἰς
1235 5711 1294 5762 τὸ
1347 5709 1516 5775 ὕδωρ,
1575 5709 1713 5765 (Ἰυιοζ
1756 5709 1917 5775 εἴτις

1961 3126 2002 3183 C

2039 1886 2288 1960 θρὼπων.
2335 1887 2446 1940 Kal
2493 1887 2617 1939 ὅταν
2655 1885 2893 1939 κοπῶσιν
2935 1887 2990 1937 αἱ
3050 1885 3192 1957 ῥίζαι
3245 1885 3448 1949 αὐτῶν,
3481 1885 3618 1940 ,τότε

2036 1983 2260 2051 ἄρχεται
2306 1980 2492 2050 λοιμὸς
2523 1979 2784 2048 γίνεσθαι,
2821 1980 2914 2031 καὶ
2948 1977 3120 2042 οὓτως
3157 1978 3620 2049 ἀποθνήσκουσιν.

2050 2072 2174 2124 Ἐὰν
2209 2071 2264 2123 δὲ
2315 2070 2380 2123 τά
2428 2070 2540 2123 ἄνω
2585 2070 2684 2140 τῆς
2733 2070 2887 2143 ῥίζης
2920 2070 3064 2138 πόνῳ
3107 2069 3362 2142 σαλεύσῃ,
3391 2071 3621 2140 σεισμὸς

2037 2163 2278 2230 γίγνεταί
2310 2180 2367 2215 τε
2402 2164 2493 2216 καὶ
2533 2162 2905 2226 ἐπακολουθεῖ,
2937 2162 3358 2232 συγκινουμένου
3387 2161 3486 2234 μὲν
3515 2161 3620 2216 τοῦ

2051 2255 2366 2326 Ὦμοφόρου.
2397 2254 2542 2326 Αὕτη
2573 2257 2604 2326 ἡ
2638 2255 2783 2309 αἰτία
2812 2255 2902 2307 τοῦ
2934 2254 3186 2310 θανάτου.

2107 2434 2240 2487 KH'.
2275 2433 2414 2504 Ἐρῶ
2463 2433 2519 2486 δὲ
2565 2434 2690 2503 ὑμῖν
2732 2433 2825 2486 καὶ
2871 2433 3045 2494 τοῦτο,
3080 2433 3198 2495 πῶς
3224 2433 3615 2502 μεταγγίζεται

2038 2525 2070 2593 ἡ
2102 2523 2247 2591 ψυχὴ
2281 2523 2359 2584 είς
2388 2521 2547 2574 πέντε
2579 2519 2825 2591 σώματα.
2865 2519 3085 2590 Πρῶτον
3130 2519 3477 2591 καθαρίζεται
3516 2538 3614 2589 μι-

2037 2613 2166 2684 κρόν
2215 2629 2266 2665 τι
2311 2613 2404 2664 ἀπ’
2430 2611 2627 2682 αὑτῆςο
2672 2607 2789 2664 εἶτα
2825 2610 3207 2680 μεταγγίζεται
3250 2614 3330 2675 είς
3363 2612 3543 2676 κυνὸς,
3574 2611 3612 2683 ἢ

2035 2706 2114 2768 εἰς
2147 2703 2414 2774 καμήλου,
2447 2703 2479 2774 ἢ
2509 2705 2589 2766 εἰς
2616 2704 2800 2774 ἐτέρου
2835 2701 2972 2766 ζώου
3003 2703 3178 2772 σῶμα.
3222 2703 3344 2757 Ἐὰν
3369 2699 3479 2776 8ὲῇ
3511 2720 3617 2756 πε-

2036 2797 2326 2863 φονευκυῖα
2370 2793 2536 2864 ψυχὴ,
2587 2796 2664 2857 εἰς
2714 2792 2954 2861 κελεφῶν
3004 2792 3160 2862 σῶμα
3207 2793 3611 2865 μεταφέρεταιο

2035 2887 2128 2939 ἐὰν
2158 2887 2214 2940 δὲ
2241 2885 2502 2957 θερίσασα
2531 2885 2749 2958 εὑρεθῇ,
2779 2887 2859 2949 είς
2890 2884 3229 2955 μογιλάλους.
3265 2885 3375 2955 Τῆς
3407 2885 3461 2938 δὲ
3498 2885 3610 2955 ψυ-

2035 2979 2135 3048 χῆς
2163 2981 2277 3030 ἐστι
2308 2977 2376 3030 τὰ
2408 2976 2646 3047 ὀνόματα
2676 2977 2848 3030 ταῦτα
2867 2975 3045 3042 ”νοῦς,
3088 2976 3288 3042 ἔννοια,
3325 2978 3611 3047 φρόνησις,

2036 3069 2350 3140 ἐνθύμησις,
2393 3068 2670 3140 λογισμός.
2707 3070 2766 3121 Οἱ
2819 3069 2875 3121 δὲ
2911 3069 3176 3139 θερισταὶ,
3209 3070 3321 3122 ὅσοι
3364 3068 3613 3140 θερίζου-

2040 3168 2144 3225 σιν,
2197 3162 2406 3214 ἐοίκασι
2453 3164 2562 3224 τοῖς
2613 3161 2840 3231 ἄρχουσι
2890 3163 3000 3222 τοῖς
3043 3159 3294 3231 ἀπαρχῆς
3329 3155 3475 3214 οὖσιν
3527 3161 3613 3224 είς

2041 3253 2248 3315 σκότος,
2281 3254 2367 3306 ὅτε
2404 3252 2603 3321 ἔφαγον
2655 3253 2717 3304 ὲκ
2767 3250 2866 3320 τῆς
2905 3249 2997 3303 τοῦ
3051 3250 3266 3321 πρώτου
3317 3250 3610 3321 ἀνθρώπου

2037 3345 2352 3408 πανοπλίας.
2403 3345 2494 3398 Διὸ
2546 3344 2757 3414 ἀνάγκη
2805 3346 3023 3408 αὐτοὺς,
3057 3343 3479 3415 μεταγγισθῆναι
3526 3346 3612 3408 είς

2038 3437 2247 3508 χόρτον,
2296 3437 2328 3506 ἢ
2379 3437 2459 3498 εἰς
2517 3435 2772 3504 φασήλια,
2823 3435 2854 3504 ἢ
2908 3437 2986 3498 είς
3041 3434 3252 3505 κριθὴν,
3293 3434 3327 3504 ἢ
3360 3435 3439 3496 εἰς
3473 3435 3612 3488 στά-

2035 3527 2214 3597 χυν,ἢ
2251 3528 2330 3589 εἰς
2371 3526 2592 3596 λάχανα,
2635 3527 2718 3578 ἵνα
2757 3525 3043 3596 θερισθῶσι
3079 3527 3170 3578 καὶ
3212 3523 3438 3578 κοπῶσι.
3494 3524 3614 3578 Καὶ

2036 3619 2088 3671 ετ
2139 3634 2220 3680 τις
2251 3617 2410 3670 πάλιν
2439 3616 2606 3669 ἐσθίει
2637 3617 2818 3687 ἄρτον,
2865 3618 3077 3688 ἀνάγκη
3119 3617 3212 3670 καὶ
3263 3615 3424 3668 αὑτὸν
3466 3613 3611 3685 βρω-

2035 3707 2194 3779 θῆναι
2236 3709 2398 3780 ἄρτον
2443 3709 2748 3779 γενόμενον.
2805 3707 2874 3760 Εἴ
2926 3725 3009 3770 τις
3056 3695 3313 3777 φονεύσει⁸
3349 3707 3607 3777 ὀρνίθιον,

2033 3799 2261 3872 ὀρνίθιον
2289 3800 2460 3854 ἔσται.
2511 3801 2576 3854 Εἴ
2615 3817 2697 3864 τις
2745 3799 2990 3870 φονεύσει
3019 3800 3144 3871 μῦν,
3179 3803 3272 3854 καὶ
3308 3801 3467 3865 αὐτὸς
3498 3799 3606 3872 μῦς

2034 3893 2201 3950 ἔσται.
2237 3893 2304 3946 Εἴ
2327 3911 2410 3956 τις
2451 3893 2611 3947 πάλιν
2655 3893 2768 3944 ἐστὶ
2813 3892 3064 3955 πλούσιος
3112 3895 3168 3945 ὲν
3208 3893 3379 3963 τούτῳ
3402 3892 3479 3962 τῷ
3511 3892 3607 3946 κό-

2034 4001 2176 4056 σμῳ,
2229 3987 2324 4038 καὶ
2371 3985 2465 4036 ἐὰν
2503 3983 2693 4054 ἐξέλθῃ
2755 3985 2816 4036 ἐκ
2867 3982 2961 4036 τοῦ
3017 3982 3368 4054 σκηνώματος
3411 3983 3602 4046 αὑτοῦ,

2032 4077 2244 4145 ἀνάγκη
2296 4072 2458 4128 αὑτὸν
2522 4075 2599 4135 εἰς
2657 4073 2870 4143 πτωχοῦ
2934 4073 3093 4144 σῶμα
3151 4073 3606 4144 μεταγγισθῆναι.

2031 4167 2167 4220 ὥστε
2234 4165 2635 4237 περιπατοῦντα
2704 4164 2864 4217 αὑτὸν
2917 4164 3210 4234 ὲπαιτῆσαι
3236 4205 3251 4225 ,
3307 4164 3399 4217 καὶ
3461 4167 3605 4234 μετέτ

2032 4259 2199 4311 ταῦτα
2245 4257 2487 4311 ἀνελθεῖν
2525 4257 2687 4310 αὑτὸν
2734 4259 2814 4320 εἰς
2858 4256 3074 4310 κόλασιν
3112 4254 3347 4309 αἰώνιον.
3391 4255 3498 4308 Τοῦ
3539 4255 3596 4308 δὲ

2033 4349 2280 4422 σώματος
2323 4349 2511 4402 τούτου
2554 4350 2704 4412 ὄντος
2736 4349 2842 4402 τῶν
2883 4347 3156 4419 ἀρχόντων
3185 4349 3276 4401 καὶ
3317 4347 3413 4416 τῆς
3445 4345 3599 4412 ὕλης,

2031 4439 2240 4508 ἀνάγκη
2278 4439 2367 4491 τὸν
2411 4438 2709 4506 φυτεύοντα
2752 4438 2986 4509 περσέαν
3028 4435 3251 4489 διελθεῖν
3293 4433 3460 4487 πολλὰ
3490 4434 3598 4484 σὼσ

2032 4547 2196 4599 ματα,
2231 4529 2332 4591 ἓως
2357 4528 2421 4582 ἂν
2448 4528 2757 4600 καταϐληθῇ
2790 4532 2822 4599 ἠ
2863 4529 3068 4600 περσέα
3103 4525 3306 4596 ἐκείνη.
3333 4526 3394 4577 Ei
3427 4524 3482 4577 δέ
3515 4539 3600 4579 τις

2026 4619 2295 4688 οἰκοδομεί
2345 4619 2522 4689 ἐαυτῷ
2565 4621 2762 4682 οἰκίαν,
2815 4617 3347 4692 διασπαραχθήσεται
3393 4617 3472 4678 εἰς
3529 4615 3600 4667 τὰ

2025 4709 2120 4762 ὅλα
2151 4707 2394 4779 σώματα.
2441 4710 2508 4762 Εἴ
2550 4727 2632 4774 τις
2672 4709 2885 4765 λούεται
2919 4714 2998 4774 είς
3047 4711 3108 4764 τὸ
3151 4709 3294 4780 ὕδωρ
3329 4707 3464 4778 ('50),
3501 4707 3600 4776 τὴν

2027 4799 2217 4854 ἑαυτοῦ
2243 4800 2417 4871 ψυχὴν
2453 4802 2665 4871 πήσσει.
2697 4803 2806 4856 Kal
2833 4804 2884 4854 εί
2911 4819 2992 4864 τις
3018 4802 3079 4854 οὐ
3109 4800 3287 4852 δίδωσι
3311 4802 3419 4861 τοῖς
3449 4798 3602 4850 ἐκλε-

2029 4893 2174 4953 κτοῖς
2207 4890 2370 4943 αὑτοῦ
2396 4891 2697 4957 εὐσέϐειαν,
2726 4891 3113 4961 κολασθήσεται
3151 4890 3228 4951 είς
3251 4888 3349 4948 τὰς
3385 4886 3598 4954 γενεὰς,

2030 4984 2122 5035 καὶ
2166 4981 2669 5052 μετενσωματοῦται
2729 4983 2808 5044 είς
2859 4979 3276 5051 κατηχουμένων
3332 4979 3600 5047 σώματα,

2028 5075 2131 5138 ἕως
2185 5068 2245 5127 οῦ
2295 5074 2368 5146 δῷ
2404 5075 2683 5139 εὐσεϐείας
2731 5074 2948 5137 πολλάς.
2981 5074 3089 5126 Kal
3131 5071 3218 5125 διὰ
3262 5069 3419 5124 τοῦτο
3461 5068 3602 5120 εἴτι

2029 5167 2309 5220 κάλλιστον
2355 5167 2412 5217 ἐν
2447 5165 2697 5236 βρώμασι
2741 5169 2853 5230 τοῖς
2896 5165 3168 5226 ἐκλεκτοῖς
3210 5159 3598 5232 προσφέρουσι.

2097 5350 2205 5404 Kal
2253 5349 2378 5404 ὅταν
2420 5349 2678 5421 μέλλωσιν
2724 5348 2922 5402 ἐσθίειν
2962 5349 3159 5418 ἄρτον,
3210 5343 3603 5414 προσεύχονται

2027 5440 2238 5511 πρῶτον
2287 5441 2426 5493 οὕτω
2476 5441 2724 5509 λέγοντες
2778 5440 2910 5510 πρὸς
2967 5440 3055 5491 τὸν
3112 5438 3305 5507 ἄρτον·
3353 5434 3488 5487 Οῦτε
3543 5451 3603 5488 σε

2023 5637 2260 5720 λούεται,
2287 5641 2363 5722 εἰς
2387 5641 2449 5722 τό
2473 5641 2634 5712 ὕδωρ.
2670 5640 2728 5696 Si
2753 5640 2866 5709 quis
2901 5640 3061 5707 lavat,
3110 5639 3166 5692 in
3215 5651 3405 5706 aquam
3447 5651 3602 5690 suam

2026 5713 2332 5780 constringit
2358 5713 2612 5765 animant.
