3850 6204
236 229 310 288 ’1⁸1
686 302 689 304 η
837 240 1208 304 ADVERSUS
1249 247 1588 308 [IERESES
1626 251 1753 310 LIB.
1785 255 1788 309 ζ

1897 254 2059 312 ΤΟΜ.
2100 257 2163 314 ll.
2209 291 2267 304 —
2309 262 2583 326 HAZRES.
2618 269 2800 329 LXVI.
3419 285 3491 337 78

233 349 348 419 ἐγὼ
373 351 612 423 ὲθέρισα,
642 355 765 411 οὔτε
805 359 993 431 ήλεσα,
1032 362 1155 418 οὔτε
1215 366 1408 439 ἔθλιψά
1459 387 1540 435 σε,
1577 369 1702 425 οὔτε
1734 373 1788 424 είη

1916 377 2146 443 messui,
2176 395 2353 452 neque
2371 385 2561 454 molui,
2589 404 2689 446 nec
2709 395 2992 462 expressi,
3012 409 3112 451 nec
3133 394 3189 449 in
3214 395 3490 450 clibanum

229 441 488 497 κλίϐανον
534 447 745 504 ἔϐαλον.
776 451 936 507 Ἀλλὰ
981 456 1139 521 ἄλλος
1192 459 1415 531 ἐποίησε
1460 461 1631 517 ταῦτα
1650 503 1664 527 ,
1719 463 1814 517 καὶ

229 533 430 603 ἤνεγκέ
475 555 595 607 μοι·
642 543 752 610 ἐγὼ
797 545 1050 613 ἀναιτίως
1099 551 1317 621 ἔφαγον.
1366 554 1474 608 Καὶ
1514 555 1642 608 ὅταν
1690 555 1813 609 καθ’

227 625 424 679 ἑαυτὸν
452 631 580 701 εἴπῃ
622 633 816 699 ταῦτα,
859 636 1005 707 λέγει
1053 642 1131 713 τῷ
1173 647 1595 717 κατηχουμένῳ·
1633 646 1813 711 nega-

229 735 341 790 μην
387 721 530 793 ὑπὲρ
575 723 691 780 σοῦ.
743 729 852 782 Καὶ
895 729 1066 796 οὕτως
1118 734 1411 802 ἀφίσταται
1458 738 1681 800 ἐκεῖνος.
1726 739 1813 802 Ὠς

224 811 340 881 γὰρ
369 809 524 869 εἶπον
552 817 678 887 ὑμῖν
708 821 816 891 πρὸ
841 821 1044 893 ὀλίγου,
1083 828 1136 880 εί
1168 845 1252 891 τις
1298 828 1520 900 θερίζει,
1560 830 1812 902 θερισθή-

225 920 412 960 σεται·
445 907 619 973 οὕτως
664 911 758 965 ἐὰν
804 915 886 978 είς
924 918 1171 989 μηχανὴν
1222 921 1364 974 σῖτον
1393 920 1584 994 βάλλῃ,
1613 921 1811 992 βληθή-

224 1015 383 1052 σεται
413 1003 509 1056 καὶ
538 1003 720 1068 αὐτὸς,
752 1006 785 1076 ἢ
837 1008 1086 1080 φυράσας
1121 1013 1515 1085 φυραθήσεται,
1552 1014 1584 1084 ἢ
1636 1014 1808 1066 ὀπτή·

222 1107 326 1154 σας
359 1093 521 1164 ἄρτον
547 1096 936 1168 ὀπτηθήσεται.
970 1101 1078 1154 Καὶ
1102 1101 1189 1156 διὰ
1212 1103 1369 1158 τοῦτο
1395 1107 1686 1176 ἀπείρηται
1715 1107 1811 1158 alia

216 1187 338 1248 τοῖς
374 1185 538 1256 ἔργον
575 1188 820 1259 ποιῆσαι.
863 1191 974 1245 Καὶ
1014 1193 1177 1248 πάλιν
1222 1195 1359 1250 εἰσὶν
1403 1193 1577 1266 ἓτεροι
1615 1197 1806 1267 κόσμοι

216 1280 367 1338 τινες
409 1275 520 1330 τῶν
558 1279 860 1351 φωστήρων
899 1280 1171 1336 δυνάντων
1209 1283 1318 1336 ἀπὸ
1356 1284 1544 1338 τούτου
1588 1287 1685 1340 τοῦ
1718 1288 1799 1340 κό-

219 1383 383 1436 σμου,
420 1367 482 1431 ἐξ
523 1361 598 1421 ὧν
621 1369 986 1427 ἅνατὲλλουσι.
1020 1375 1131 1428 Καὶ
1169 1372 1222 1428 εἰ
1255 1392 1338 1439 τις
1386 1381 1678 1448 περιπατεί
1705 1397 1805 1448 χα-

217 1461 343 1529 μαὶ,
377 1461 602 1531 βλάπτει
630 1465 732 1534 τὴν
770 1465 873 1536 γῆν
893 1483 904 1496 ·
942 1468 1035 1520 καὶ
1079 1469 1108 1521 6
1138 1468 1301 1525 κινῶν
1333 1471 1431 1540 τὴν
1467 1474 1646 1543 χεῖρα,
1679 1473 1807 1542 βλά-

214 1569 344 1605 πτει
370 1553 462 1607 τὸν
486 1555 652 1625 ἀέρα·
683 1557 867 1629 ἐπειδὴ
909 1559 940 1612 6
978 1561 1087 1632 ἀὴρ
1113 1560 1258 1634 ψυχή
1303 1564 1420 1616 ἐστι
1457 1564 1563 1617 τῶν
1588 1565 1795 1636 ἀνθρώ⁸

212 1661 357 1710 πων,
400 1646 494 1698 καὶ
534 1647 642 1700 τῶν
688 1648 862 1713 ζώων,
913 1652 1006 1704 καὶ
1046 1652 1154 1706 τῶν
1209 1654 1489 1718 πετεινῶν,
1549 1659 1642 1710 καὶ
1696 1659 1802 1714 τῶν

1918 465 2179 560 imposui.
2210 473 2366 560 Alius
2395 477 2511 534 hac
2537 483 2724 538 omnia
2751 487 3033 555 praestitit,
3063 489 3306 560 mihique
3329 489 3490 544 obtu-

1915 554 2019 622 lit;
2055 550 2156 630 ego
2187 555 2269 619 ab.
2283 568 2431 622 omni
2466 571 2627 641 culpa
2662 574 2929 634 innocens
2959 594 3172 636 vescor.
3201 581 3334 646 Qua:
3361 595 3488 635 cum

1916 652 2060 720 apud
2119 669 2177 710 se
2237 664 2653 730 pronuntiavit,
2707 676 2821 724 tum
2865 673 3258 728 catechumeno
3309 671 3486 727 dicit:

1913 740 2021 799 Pro
2053 754 2105 801 te
2135 752 2306 806 oravi.
2341 753 2419 808 Ita
2449 755 2538 811 ille
2568 757 2821 817 discedit.
2854 762 3014 829 Nam,
3050 775 3104 820 ut
3135 765 3290 820 vobis
3324 763 3489 834 paulo

1915 844 2043 893 ante
2073 839 2187 895 dixi
2218 882 2234 908 ,
2261 846 2356 913 qui
2382 853 2676 908 messuerit
2703 862 2758 910 et
2785 856 2966 926 ipsum
2989 873 3113 914 esse
3135 857 3448 914 metendum
3467 895 3486 922 ,

1912 925 1986 980 ita
2009 930 2107 997 qui
2137 931 2192 985 in
2220 933 2649 998 instrumentum
2678 925 2897 1016 aliquod
2925 949 3259 1005 frumentum
3283 949 3489 1018 injece-

1913 1029 2011 1083 ut,
2043 1023 2376 1092 injiciendus
2396 1043 2445 1087 et
2478 1034 2594 1104 ipse
2617 1045 2734 1103 est,
2771 1048 2829 1094 ut
2855 1041 2950 1110 qui
2984 1057 3220 1098 massam
3250 1041 3485 1112 subege-

1910 1111 2011 1204 [η’
2046 1115 2387 1188 sum{lendus
2420 1131 2846 1202 coquendusque
2887 1135 2984 1204 qui
3033 1149 3226 1204 panem
3251 1111 3483 1189 coxerit.

1909 1199 2206 1273 Pr0pterea
2239 1214 2388 1268 omni
2414 1230 2579 1287 Opere
2604 1221 2714 1278 illis
2738 1199 3110 1284 interdicitur.
3145 1226 3289 1292 Quin
3318 1225 3484 1280 etiam

1907 1293 2000 1347 alii
2030 1306 2198 1364 sunt,
2234 1301 2527 1374 inquiunt,
2565 1315 2752 1369 mundi
2787 1332 2851 1372 ex
2885 1319 3087 1388 quibus
3118 1319 3374 1375 oriuntur
3408 1318 3486 1372 si-

1907 1382 2070 1450 dera,
2109 1403 2229 1458 quae
2258 1394 2326 1448 ab
2367 1396 2471 1452 hoc
2521 1411 2711 1458 nostro
2762 1382 3064 1464 occidendo
3107 1410 3391 1466 recedant.
3424 1411 3482 1465 Si

1907 1475 2031 1565 quis
2082 1477 2238 1535 humi
2292 1486 2568 1552 ambulet,
2625 1500 2826 1549 terram
2857 1498 3044 1565 laedit,
3102 1511 3160 1555 ut
3204 1509 3258 1558 et
3299 1517 3482 1559 aerem

1907 1561 2050 1617 laedit
2085 1568 2178 1636 qui
2210 1585 2434 1629 manum
2465 1580 2668 1648 agitat,
2700 1597 2823 1638 cum
2861 1600 2952 1642 aer
2983 1561 3266 1645 hominum
3295 1598 3349 1647 et
3383 1593 3480 1649 be-

1906 1654 2134 1711 stiarum
2160 1673 2225 1714 ac
2253 1664 2533 1722 volucrum
2565 1677 2619 1726 et
2647 1672 2881 1742 piscium
2904 1685 2958 1731 et
2980 1680 3256 1749 reptilium
3291 1682 3478 1736 anima

212 1735 440 1803 ἰχθύων,
470 1738 566 1790 καὶ
587 1738 691 1799 τῶν
714 1741 980 1821 ἑρπετῶν.
1005 1745 1111 1796 Καὶ
1135 1744 1293 1808 εἴτις
1319 1749 1376 1799 ἐν
1413 1749 1603 1819 κόσμῳ
1633 1751 1788 1812 ἐστὶν,

1906 1745 1995 1799 sit.
2029 1745 2356 1823 Quicunque
2385 1773 2514 1813 vero
2547 1762 2602 1815 in
2639 1766 2844 1822 mundo
2873 1776 2959 1824 est
2980 1810 2995 1833 ,
3028 1771 3131 1826 hoc
3160 1773 3338 1843 ipsum
3364 1814 3378 1837 ,
3416 1783 3476 1828 ut

209 1823 369 1881 εἷπον
401 1830 552 1899 ὑμῖν,
584 1831 664 1884 ὅτι
701 1832 762 1886 τὸ
793 1832 952 1905 σῶμα
1003 1836 1160 1890 τοῦτο
1204 1839 1304 1892 οὐκ
1350 1839 1464 1893 ἔστι
1510 1840 1601 1893 τοῦ
1641 1841 1797 1905 Θεοῦ,

207 1917 349 1972 ἀλλὰ
383 1919 484 1988 τῆς
517 1920 650 1993 ὕλης
677 1924 814 1990 ἐστὶ,
850 1927 944 1979 καὶ
977 1927 1166 1992 σκότος
1205 1930 1340 1988 ἐστὶ.
1376 1932 1468 1985 καὶ
1499 1932 1629 1986 αὐτὸ
1676 1949 1801 1986 axo-

204 2011 452 2082 τωθῆναι
493 2014 591 2067 δεῖ.

277 2103 410 2159 ΚΘ.
456 2106 591 2176 Περὶ⁹
632 2107 690 2160 δὲ
742 2109 834 2161 τοῦ
893 2113 1241 2181 παραδείσου,
1275 2118 1378 2180 (οὐ)
1427 2121 1670 2180 καλεῖται
1709 2130 1798 2182 κό-

207 2213 368 2266 σμος.
391 2196 557 2268 Ἐστι,
580 2199 635 2252 δὲ
661 2200 728 2254 τὰ
764 2203 906 2270 φυτὰ
934 2203 1002 2257 τὰ
1025 2206 1084 2258 ὲν
1103 2206 1252 2278 αὐτῷ
1272 2210 1554 2282 ἐπιθυμία,
1589 2219 1682 2271 καὶ
1705 2221 1796 2274 ἄλ-

201 2287 296 2342 λαι
327 2289 558 2355 ἀπάται,
582 2290 988 2364 διαφθείρουσαι
1010 2297 1136 2361 τοὺς
1155 2297 1446 2372 λογισμοὺς
1465 2306 1573 2359 τῶν
1596 2310 1798 2383 ἀνθρώ-

202 2397 324 2434 πων
348 2381 590 2438 ἐκείνων.
609 2382 683 2436 Τὸ
713 2383 770 2437 δὲ
799 2386 858 2438 ἐν
879 2387 1189 2459 παραδείσῳ
1219 2393 1402 2459 φυτὸν,
1434 2395 1492 2462 ἐξ
1513 2390 1575 2450 οὗ
1607 2381 1797 2473 γνῴρί-

200 2469 357 2533 ζουσι
379 2471 440 2524 τὸ
463 2471 645 2536 καλὸν,
670 2471 799 2526 αὑτό
827 2476 973 2527 εστιν
993 2477 1021 2528 6
1042 2475 1267 2546 Ἰησοῦς,
1292 2481 1324 2549 ή
1354 2481 1554 2549 γνῶσις
1575 2469 1736 2540 adeo;
1760 2491 1792 2559 ἡ

198 2563 259 2614 ὲν
295 2562 375 2633 τῷ
425 2563 642 2634 κόσμῳ·
687 2567 717 2618 6
771 2565 828 2618 δὲ
875 2566 1164 2637 λαμϐάνων
1211 2569 1475 2643 διακρίνει
1520 2577 1580 2629 τὸ
1633 2580 1793 2633 καλὸν

197 2656 296 2707 καὶ
329 2655 393 2707 τὸ
435 2656 692 2728 πονηρόν.
741 2659 800 2710 ’0
835 2657 1020 2729 μέντοι
1049 2661 1271 2732 κόσμος,
1320 2665 1430 2718 οὐδ’
1471 2668 1635 2732 αὐτός
1679 2672 1793 2725 ἐστι

196 2745 293 2798 τοῦ
324 2747 482 2811 Θεοῦ,
509 2748 623 2802 ἀλλ’
655 2749 687 2821 ἢ
718 2749 826 2803 ἀπὸ
855 2750 1054 2824 μέρους
1097 2755 1193 2825 τῆς
1240 2756 1371 2826 ὕλης
1399 2759 1662 2834 ἐπλάσθη.
1700 2765 1792 2818 καὶ

194 2838 286 2893 διὰ
312 2839 471 2893 τοῦτο
500 2841 676 2895 πάντα
705 2843 1046 2912 ἀφανίζεται.
1087 2847 1152 2896 Ὃ
1193 2845 1249 2899 δὲ
1293 2849 1562 2920 ἐσύλησαν
1603 2855 1652 2906 οἱ
1693 2857 1792 2926 ἄρ-

193 2949 386 3001 χοντες
441 2934 550 2986 ἀπὸ
599 2933 693 2986 τοῦ
746 2933 964 3005 πρώτου
1014 2937 1325 3008 ἀνθρώπου,
1372 2943 1503 2995 αὑτό
1552 2947 1668 2999 ἐστι
1732 2949 1792 3001 τὸ

194 3025 426 3094 γεμίζον
471 3026 572 3096 τὴν
619 3027 868 3099 σελήνην,
910 3029 971 3082 τὺ
1020 3029 1447 3103 καθαριζόμενον
1482 3037 1787 3110 καθημερι-
1816 3065 1857 3122 C

193 3117 286 3171 νὺν
349 3117 457 3170 ἀπὸ
495 3119 586 3171 τοῦ
645 3120 874 3191 κόσμου·
930 3122 1024 3174 καὶ
1074 3124 1169 3177 ἐὰν
1217 3126 1407 3200 ἐξέλθῃ
1443 3130 1475 3198 ἡ
1519 3129 1663 3200 ψυχὴ
1706 3133 1781 3202 μὴ

192 3209 401 3276 γνοῦσα
468 3210 565 3281 τὴν
619 3211 907 3282 ἀλήθειαν,
961 3215 1313 3286 παραδίδοται
1361 3222 1471 3284 τοῖς
1518 3220 1783 3291 δαίμοσιν,

191 3305 346 3364 ὅπως
368 3301 683 3373 δαμάσωσιν
729 3304 898 3376 αὐτὴν
928 3306 987 3358 ὲν
1029 3310 1148 3370 ταῖς
1183 3309 1428 3376 γεένναις
1462 3312 1554 3366 τοῦ
1589 3315 1780 3385 πυρός.

191 3393 304 3447 Καὶ
352 3393 490 3464 μετὰ
534 3394 633 3465 τὴν
670 3395 952 3450 παίδευσιν
987 3401 1377 3467 μεταγγίζεται
1409 3406 1490 3468 είς
1534 3402 1781 3475 σώματα,

192 3483 282 3538 ἵνα
312 3484 597 3555 δαμασθῇ·
633 3487 727 3540 καὶ
773 3485 918 3541 οὕτω
968 3487 1215 3558 βάλλεται
1253 3494 1332 3556 είς
1371 3495 1432 3548 τὸ
1471 3496 1613 3566 μέγα
1649 3497 1779 3568 πῦρ»

191 3576 325 3647 ἄχρι
357 3580 459 3648 τῆς
485 3577 817 3642 συντελείας.
1682 3638 1684 3641 .

259 3670 345 3724 A’.
373 3671 511 3740 Περὶ
549 3669 606 3722 δὲ
639 3669 749 3723 τῶν
784 3673 915 3741 παρ’
956 3671 1086 3743 ὑμῖν
1118 3675 1448 3747 ¹προφητῶν
1487 3680 1657 3746 οὕτως
1692 3683 1780 3736 λέ-

189 3777 312 3829 γει·
351 3761 578 3832 Πνεῦμα
619 3757 757 3815 εἶναι
795 3763 1070 3829 ἀσεϐείας,
1114 3752 1232 3837 ἦτοι
1264 3770 1492 3841 ἀνομίας
1528 3774 1620 3828 τοῦ
1657 3777 1781 3829 σκό-

188 3868 339 3916 τους,
371 3851 467 3905 τοῦ
500 3853 596 3906 ἀπ’
627 3853 804 3925 ἀρχῆς
837 3855 1150 3922 ἀνελθόντος
1168 3876 1182 3891 ·
1219 3861 1312 3914 καὶ
1341 3862 1428 3916 διὰ
1455 3863 1614 3919 τοῦτο
1642 3867 1781 3920 πλα-

190 3941 446 4013 νηθέντες
487 3944 588 3996 οὐκ
631 3945 651 3975 ²
696 3944 986 4016 ἐλάλησαν.
1014 3949 1324 4019 Ἐτύφλωσε
1369 3953 1477 4028 γὰρ
1531 3957 1708 4011 αὐτῶν
1751 3961 1780 4012 6

189 4033 372 4105 ἄρχων
419 4034 521 4105 τὴν
563 4035 821 4091 διάνοιαν.
869 4039 981 4093 Καὶ
1019 4039 1073 4092 ετ
1110 4058 1195 4104 τις
1228 4043 1508 4098 ἀκολουθεί
1557 4051 1668 4111 τοῖς
1697 4049 1780 4102 λό-
1813 4075 1817 4079 ι

189 4141 306 4193 γοις
331 4124 534 4190 αὐτῶν,
577 4125 914 4199 ἀποθνήσκει
958 4133 1038 4194 είς
1078 4132 1203 4196 τοὺς
1245 4133 1469 4201 αἰῶνας,
1499 4137 1777 4209 δεδεμένος

187 4219 265 4281 εις
294 4218 394 4290 τὴν
433 4217 735 4290 βῶλον,,ὄτι
765 4221 866 4275 οὐκ
893 4221 1061 4292 ἔμαθε
1099 4224 1197 4296 τὴν
1229 4225 1432 4293 γνῶσιν
1457 4228 1550 4282 τοῦ
1589 4231 1775 4302 Παρα-

190 4310 408 4380 κλήτου.
482 4310 816 4366 Ἐνετείλατο
860 4314 916 4366 δὲ
969 4317 1080 4378 τοῖς
1132 4315 1407 4382 ἐκλεκτοῖς
1449 4320 1560 4387 (51)
1611 4321 1775 4376 αὑτοῦ

1903 1835 2048 1923 dixi,
2077 1853 2279 1910 corpus
2310 1860 2420 1900 non
2451 1847 2544 1904 Dei
2609 1852 2704 1909 sed
2734 1858 2974 1916 materiae
3005 1867 3125 1924 est,
3159 1835 3212 1918 et
3235 1835 3480 1919 tenebris

1901 1926 2096 1985 obduci
2129 1945 2354 1992 necesse
2385 1947 2488 1994 est.

1967 2104 2132 2177 646
2170 2106 2360 2166 XXIX.
2395 2111 2550 2179 Quod
2578 2117 2646 2172 ad
2672 2121 2988 2188 paradisum
3017 2127 3290 2194 pertinet,
3320 2143 3477 2184 mun-

1899 2194 2002 2286 dus
2038 2198 2086 2252 is
2128 2202 2456 2271 appellatur.
2497 2207 2741 2267 Arbores
2781 2228 2946 2283 porro
2983 2215 3037 2269 in
3075 2231 3141 2272 eo
3175 2227 3333 2286 sunt,
3373 2235 3476 2275 cu-

1900 2285 2100 2354 piditas
2123 2332 2137 2356 ,
2167 2292 2396 2364 aliaeque
2425 2295 2649 2356 fraudes
2668 2341 2685 2366 ,
2716 2303 2915 2371 quibus
2945 2305 3162 2361 illorum
3189 2285 3475 2366 hominum

1897 2394 2330 2454 corrumpuntur
2361 2389 2552 2444 animi.
2586 2391 2717 2458 Qua:
2749 2403 2932 2450 autem
2961 2398 3018 2451 in
3052 2399 3310 2468 paradiso
3338 2417 3474 2456 con-

1897 2472 2002 2526 sita
2033 2483 2118 2528 est
2160 2478 2344 2543 arbor,
2379 2482 2538 2550 cujus
2571 2485 2835 2542 beneﬁcio
2866 2489 3071 2545 bonum
3113 2493 3470 2560 discernitur,

1895 2563 2053 2620 Jesus
2096 2579 2216 2635 est,
2252 2573 2480 2644 ejusque
2521 2579 2798 2648 cognitio,
2847 2597 2967 2651 quae
2999 2584 3052 2638 in
3100 2588 3305 2643 mundo
3349 2599 3472 2660 est;

1894 2671 2056 2726 quam
2106 2663 2202 2730 qui
2251 2666 2522 2736 percipit,
2577 2669 2780 2726 bonum
2825 2675 3141 2748 malumque
3182 2679 3470 2739 discernit.

1898 2748 2002 2804 Sed
2029 2767 2130 2808 nec
2162 2758 2401 2814 mundus
2437 2759 2553 2829 ipse
2582 2763 2648 2816 ad
2689 2762 2854 2820 Deum
2887 2768 3154 2837 pertinet,
3188 2789 3375 2828 verum
3402 2792 3472 2833 ex

1895 2842 2138 2897 materiae
2171 2847 2312 2902 mole
2345 2846 2610 2906 formatus
2639 2858 2764 2918 est;
2811 2855 2892 2909 ob
2924 2858 2978 2911 id
3029 2861 3285 2918 universa
3339 2882 3468 2935 per-

1894 2941 2046 2985 eunt.
2081 2932 2238 3000 Quod
2267 2946 2446 2992 autem
2494 2943 2670 3009 primo
2700 2959 2765 2998 ex
2802 2945 3024 3004 homine
3059 2932 3357 3024 principes
3378 2973 3468 3010 ra-

1894 3037 2163 3092 puerunt,
2195 3027 2341 3084 istud
2391 3030 2569 3100 ipsum
2620 3049 2761 3090 onus
2806 3045 2922 3104 est,
2975 3042 3120 3111 quod
3169 3044 3467 3116 imponitur

1892 3114 2058 3180 luna},
2091 3117 2345 3188 quodque
2372 3119 2607 3192 singulis
2653 3125 2844 3184 diebus
2867 3144 2897 3182 a
2935 3132 3122 3188 mundi
3146 3114 3469 3208 contagione

1891 3217 2156 3278 purgatur
2181 3228 2196 3278 ;
2224 3212 2405 3267 anima
2436 3229 2594 3281 vero,
2624 3234 2746 3288 quae
2768 3223 3016 3280 veritatis
3044 3241 3239 3298 expers
3262 3245 3328 3284 ex
3362 3231 3467 3288 hac

1887 3299 1999 3352 vita
2030 3301 2298 3366 discedit,
2328 3304 2669 3363 daemonibus
2701 3310 2956 3379 traditur,
2986 3326 3043 3370 ut
3067 3331 3188 3373 eam
3215 3320 3467 3390 gehenna

1886 3391 2050 3461 atque
2095 3394 2364 3450 incendiis
2402 3397 2676 3454 edoment.
2727 3399 2931 3459 Deinde
2977 3406 3052 3460 ita
3091 3411 3357 3482 castigata
3405 3416 3465 3471 in

1886 3496 2117 3552 corpora
2183 3486 2474 3543 edomandi
2536 3505 2751 3547 rursum
2803 3498 2979 3564 gratia
3030 3502 3462 3572 transmittitur;

1884 3759 2014 3816 tatis
2045 3760 2161 3816 sive
2191 3761 2561 3832 improbitatis
2610 3768 2959 3825 tenebrarum
3004 3787 3126 3829 esse
3170 3772 3460 3845 Spiritum,

1882 3851 1977 3921 qui
2018 3852 2262 3907 ascendit
2302 3855 2371 3910 ab
2411 3856 2612 3923 initio;
2663 3867 2717 3914 et
2764 3861 2834 3915 ob
2879 3861 2934 3916 id
2975 3864 3293 3923 aberrantes
3323 3869 3463 3925 nihil

1882 3944 2052 3998 locuti
2084 3953 2244 4012 sunt,
2278 3947 2423 4017 quod
2458 3950 2674 4005 illorum
2707 3953 2962 4026 princeps
2986 3956 3300 4016 obcaecatus
3332 3962 3459 4016 ani-

1882 4055 1973 4093 mo
2005 4039 2189 4096 fuerit.
2241 4041 2486 4108 Quorum
2527 4047 2622 4118 qui
2674 4051 3022 4107 sermonibus
3062 4056 3369 4121 auscultat,
3401 4058 3460 4113 in

1881 4136 2276 4205 sempiternum
2322 4142 2506 4210 perit,
2552 4140 2619 4194 ad
2665 4141 2877 4211 glebam
2924 4143 3199 4214 illigatus,
3250 4162 3353 4216 pro
3393 4164 3460 4204 eo

1880 4227 2026 4296 quod
2078 4226 2347 4284 Paracleti
2405 4231 2693 4286 scientiam
2748 4227 2978 4288 minimc
3053 4235 3263 4291 didicit.
3312 4239 3457 4304 Quin

1881 4317 2075 4382 etiam.
2103 4318 2240 4374 solis
2273 4318 2326 4372 id
2363 4320 2555 4375 electis
2601 4321 2755 4386 suis,
2802 4323 2894 4392 qui
2931 4339 3041 4379 non
3071 4327 3255 4396 plures
3288 4345 3456 4400 quam

192 4402 394 4472 μόνοις,
429 4404 492 4456 οὐ
522 4402 681 4457 πλέον
713 4404 856 4458 ἑπτὰ
887 4402 1006 4461 οὖσι
1037 4407 1127 4462 τὸν
1170 4408 1422 4480 ἀριθμόν·
1469 4411 1593 4467 Ἐὰν
1632 4413 1772 4466 παύο

1897 4414 2089 4476 ιεριθηι
2116 4406 2374 4474 fuerunt,
2414 4408 2520 4464 hoc
2557 4412 2873 4466 mandatum
2909 4413 3094 4469 dedit:
3135 4414 3235 4470 Ubi
3272 4419 3454 4474 cibum

192 4493 355 4565 σησθε
389 4494 684 4560 ἐσθίοντες,
714 4495 958 4566 εὔχεσθε,
985 4500 1078 4552 καὶ
1109 4499 1328 4568 βάλλετε
1360 4503 1452 4554 ἐπὶ
1484 4503 1586 4574 τῆς
1617 4522 1779 4574 κεφα-

191 4583 285 4654 λῆς
313 4585 494 4640 ἔλαιον
527 4587 927 4660 ὲξωρκισμένον
955 4593 1179 4662 ὀνόμασι
1208 4594 1440 4662 πολλοῖς,
1478 4597 1612 4667 πρὸς
1645 4615 1777 4669 στη-

195 4675 382 4746 μγμὸν
420 4677 521 4747 τῆς
551 4678 787 4743 πίστεως
813 4682 1035 4752 ταύτης.
1083 4684 1162 4738 Τὰ
1206 4685 1262 4739 δὲ
1292 4687 1531 4758 ὀνόματά
1561 4707 1649 4759 μοι
1679 4692 1778 4744 οὐκ

195 4767 542 4840 ἐρανερώθη·
575 4770 725 4840 μόνοι
753 4773 862 4844 γὰρ
889 4778 936 4827 oi
967 4775 1108 4828 ἑπτὰ
1140 4777 1348 4841 τούτοις
1373 4779 1628 4850 χρῶνται.
1667 4782 1777 4836 Καὶ

197 4859 352 4914 πάλιν
377 4860 441 4913 τὸ
474 4862 607 4931 παρ’
637 4864 768 4933 ἡμῖν
805 4865 984 4935 τίμιον
1022 4867 1114 4919 καὶ
1153 4868 1296 4936 μέγα
1323 4869 1492 4941 δνομα
1523 4871 1772 4940 Σαϐαὼθ,

196 4949 318 5002 αὐτὸ
344 4946 485 5004 εἶναι
509 4952 610 5022 τὴν
638 4953 799 5020 φύσιν
832 4953 927 5008 τοῦ
958 4956 1270 5027 ἀνθρώπου,
1299 4959 1395 5012 καὶ⁵
1425 4960 1639 5032 πατέρα
1673 4961 1774 5032 τῆς

199 5041 504 5112 ἐπιθυμίας.
560 5042 674 5096 Καὶ
721 5044 810 5098 διὰ
857 5045 1014 5100 τοῦτο
1061 5046 1318 5120 ἁπλάριοι
1357 5049 1377 5080 ⁸
1411 5051 1772 5120 προσκυνοῦσι

199 5132 294 5202 τὴν
317 5133 636 5205 ἐπιθυμίαν,
666 5135 799 5190 Θεὸν
830 5139 998 5209 αὐτὴν
1029 5139 1343 5211 ἡγούμενοι.

265 5315 395 5385 Περὶ
409 5316 467 5369 δὲ
481 5316 576 5370 τοῦ
607 5317 799 5388 Ἀδὰμ,
833 5317 951 5383 πῶς
973 5320 1218 5392 ἐκτίσθη,
1246 5321 1396 5390 λέγει
1424 5291 1614 5388 οὗτιος·
1639 5325 1765 5378 Ὅτι

1877 4499 2257 4568 sumpseritis,
2289 4508 2462 4565 orate,
2497 4508 2552 4555 et
2577 4502 2754 4558 oleum
2781 4504 3076 4560 multorum
3105 4509 3455 4568 invocatione

1879 4589 2161 4644 nominum
2189 4600 2571 4647 consecratum
2605 4593 2659 4647 in
2691 4603 2855 4664 caput
2882 4597 3206 4669 iuspergite,
3245 4610 3302 4654 ut
3339 4603 3454 4657 hanc

1878 4681 1934 4735 in
1985 4681 2138 4738 vobis
2186 4681 2322 4737 ﬁdes
2361 4684 2767 4742 corroboretur.
2800 4684 2876 4740 De
2906 4686 3105 4756 quibus
3141 4693 3455 4750 nominibus

1877 4773 2014 4828 nihil
2049 4781 2132 4830 est
2163 4774 2297 4829 mihi
2337 4774 2698 4845 signiﬁcatum
2730 4793 2744 4841 ;
2793 4778 2894 4831 soli
2937 4781 3082 4835 enim
3127 4781 3205 4835 illi
3244 4794 3451 4854 septem

1877 4866 1965 4922 his
1991 4875 2238 4920 utuntur.
2267 4865 2536 4923 Praeterea
2571 4884 2786 4924 sacrum
2818 4870 2949 4924 illud
2986 4887 3048 4926 ac
3078 4877 3450 4932 venerandum

1878 4957 2018 5028 apud
2048 4972 2150 5012 nos
2179 4957 2419 5013 Sabaoth
2446 4973 2646 5013 nomen
2691 4960 2860 5029 ipsam
2895 4977 3017 5018 esse
3052 4963 3239 5018 dicunt
3261 4951 3451 5019 ‘bomi-

1875 5050 1964 5104 nis
2013 5055 2305 5112 naturam,
2353 5048 2785 5118 cupiditatisque
2822 5059 3054 5119 patrem.
3105 5051 3452 5124 Quapropter

2140 5151 2150 5158 '
2243 5178 2257 5193 .
2346 5139 2699 5210 cupiditatem
2731 5139 2982 5206 adorant,
3019 5149 3214 5198 etesse
3238 5159 3446 5204 numen

1876 5231 2230 5286 arbitrantur.
2900 5225 2918 5237 ’

1953 5322 2027 5378 De
2053 5323 2245 5378 Adami
2268 5325 2546 5380 creatione
2575 5323 2647 5378 ita
2675 5321 2839 5378 sentit
2867 5342 2881 5378 :
2913 5322 3050 5378 Eum
3071 5325 3166 5396 qui
3195 5325 3270 5381 ita
3300 5327 3455 5384 locu-

268 5469 282 5501 ¹
310 5470 436 5526 Cor.
469 5474 620 5544 ἡμῖν.
697 5477 719 5506 ¹
745 5473 1006 5548 Expungo
1033 5477 1154 5532 οὐκ.
1229 5479 1250 5509 ³
1281 5478 1356 5534 De
1392 5479 1493 5534 hac
1533 5496 1686 5546 voce,
1715 5481 1788 5534 ἀπ

1901 5499 1990 5544 ιοι,
2025 5481 2261 5536 viderint
2289 5480 2508 5535 eruditi.

270 5628 376 5698 (51)
407 5631 780 5685 Ἐνετείλατο
823 5631 889 5685 δὲ
923 5633 1043 5699 τοῖς
1087 5635 1407 5700 ἐκλεκτοῖς.
1465 5633 1535 5690 De
1587 5635 1761 5691 Mani-

1875 5639 2021 5714 lpcis_
2037 5641 2389 5714 Augustinus,
2424 5649 2732 5714 praesertim
2761 5652 2943 5698 contra
2976 5641 3278 5713 Faustum,-
3317 5646 3452 5702 item

204 5697 465 5755 (laetorum
510 5703 858 5758 audientibus
890 5711 942 5758 et
1008 5697 1196 5763 electis
1255 5697 1380 5776 agit
1419 5706 1665 5774 pluribus
1700 5710 1754 5764 iu
1865 5708 1962 5780 Ep.
1994 5710 2078 5766 7i.
