3850 6204
197 285 262 343 ει
850 288 1222 347 Αυνειιευε
1259 287 1600 347 HERESES
1638 289 1768 347 LIB.
1802 289 1868 346 ll.
1906 290 2067 348 ΤΟΜ.
2108 290 2173 346 ll.
2212 323 2281 334 -—
2315 290 2590 347 HERES.
2623 287 2808 345 LXVI.
3392 285 3472 344 82

195 404 266 460 τὰ
301 401 591 476 ζιζανιώδη
622 404 722 476 τῆς
752 405 915 460 αὑτοῦ
941 407 1292 472 διδασκαλίας
1319 408 1604 480 ὲξεμέσας.
1631 409 1779 464 Πόσα

1890 409 2304 465 disseminatum
2353 416 2457 465 est.
2507 407 2646 462 Huic
2693 405 2838 462 enim
2891 401 3088 460 semini
3132 401 3464 459 simillimam

195 493 254 548 δέ
282 511 366 558 τις
393 495 684 565 ὑπενέγκοι
712 497 848 568 πρὸς
877 499 974 570 τὴν
997 500 1267 570 τοσαύτην
1290 499 1541 570 διαόολὴν
1561 499 1656 553 τοῦ
1687 518 1778 572 μι-

197 586 430 656 μολόγου
453 587 664 654 τούτου,
702 590 778 654 ὡς
805 592 967 646 παντί
1006 610 1110 665 που
1138 593 1295 663 δῆλον
1318 593 1436 664 ετηι
1473 594 1589 647 Κᾶν
1609 610 1666 646 τε
1705 594 1781 666 μὴ

195 675 556 742 ιπιξεσθῶσιν
584 681 640 734 αἱ
696 679 868 746 λέξεις
921 682 1057 755 πρὸς
1098 683 1428 756 ἀνατροπὴν,
1459 685 1782 756 ἀρκέσουσιν

194 771 277 834 εἰς
299 770 562 843 αἰσχύνην
591 773 751 843 μόνον
771 775 834 826 τὸ
866 774 1084 841 εἰδέναι,
1130 776 1210 830 ὅτι
1242 775 1414 830 ταῦτα
1445 776 1576 847 παρ’
1599 775 1782 841 αὑτοῖς

194 863 575 933 νομιστεύεται
608 865 888 922 ἀσύστατα
920 867 1070 933 εντα,
1106 870 1202 924 καὶ
1247 867 1519 941 μηδεμίαν
1555 865 1784 940 δύναμιν

195 953 412 1025 ἔχοντα.
444 956 527 1010 Τὰ
557 958 659 1027 μὲν
685 958 793 1034 γὰρ
840 961 1034 1031 πρῶτα
1067 963 1126 1016 ὲν
1180 963 1290 1025 τοῖς
1323 960 1592 1030 δευτέροις
1615 978 1784 1017 καταο

193 1047 318 1102 λύει
339 1066 352 1078 ·
390 1049 460 1103 τά
507 1049 564 1104 δὲ
592 1051 822 1124 δεύτερα
859 1054 1025 1126 ἕτερα
1055 1057 1205 1127 παρὰ
1229 1057 1298 1110 τά
1329 1055 1519 1128 πρῶτα
1547 1056 1782 1126 φθέγγε-

194 1155 309 1197 ται.
353 1141 474 1196 Ὀτὲ
508 1143 609 1206 μὲν
634 1145 743 1216 γὰρ
769 1146 862 1201 τὸν
893 1148 1097 1219 κόσμον
1131 1147 1197 1202 ὲκ
1229 1146 1367 1202 Θεοῦ
1389 1148 1535 1202 θέλει
1559 1149 1786 1220 γεγενῆ-

197 1229 348 1294 σθαι,
384 1231 474 1285 ότὲ
500 1232 557 1284 δὲ
591 1234 656 1287 ὲκ
678 1234 786 1289 τῶν
813 1236 1111 1307 ἀρχόντων,
1143 1237 1347 1292 καὶτὸν
1371 1237 1506 1292 Θεὸν
1541 1237 1616 1310 μὴ
1641 1238 1786 1310 ἔχειν

199 1324 284 1386 είς
315 1322 410 1375 τὸν
448 1324 653 1395 κόσμον
681 1343 736 1380 τι
783 1329 977 1392 αἴτιον,
1023 1328 1162 1382 ἀλλά
1180 1329 1550 1401 ἀπολλύμενον
1573 1331 1664 1384 τὸν
1695 1331 1787 1386 κό-

195 1429 358 1484 σμον.
414 1415 554 1470 Ποτὲ
585 1415 641 1470 δὲ
690 1418 752 1470 τὸ
785 1419 1073 1490 στερέωμα
1117 1419 1362 1493 δέρματα
1389 1417 1660 1474 εἶναιτῶν
1689 1423 1790 1496 ἀρ-

194 1503 403 1572 χόντων
434 1505 653 1573 φάσκει,
677 1506 807 1559 ποτὲ
839 1507 897 1560 δὲ
932 1509 1294 1580 σταυροῦσθαι
1321 1509 1460 1564 αὑτά
1482 1510 1594 1564 ἄνω
1619 1511 1676 1564 ὲν
1710 1509 1788 1582 τῷ

194 1594 369 1666 πόλῳ,
394 1597 753 1667 κατατρέχειν
799 1598 894 1651 καὶ
953 1604 1254 1672 συννεφεῖν,
1307 1601 1401 1656 καὶ
1447 1601 1638 1672 όργᾷν,
1694 1603 1790 1656 καί¹

193 1685 605 1758 ὲξοιστροῦσθαι
640 1689 778 1761 πρὸς
820 1689 919 1762 τὴν
938 1692 1036 1762 τῆς
1059 1692 1329 1766 παρθένου
1356 1692 1505 1762 θέαν,
1529 1695 1621 1749 καὶ
1651 1694 1789 1766 πρὸς

191 1779 298 1850 τὴν
327 1779 636 1852 ὡραιότητα
665 1779 760 1835 τοῦ
787 1783 1023 1839 νεανίου.

270 2044 385 2096 Καὶ
413 2042 460 2097 ὣ
483 2043 679 2115 πολλῆς
700 2045 990 2116 αἰσχύνηςί
1021 2047 1085 2100 Τί
1109 2047 1217 2118 γὰρ
1235 2046 1425 2101 τούτου
1459 2047 1788 2120 μοχθηρότε-

197 2152 318 2207 ρον,
361 2135 686 2208 ἀηδέστερόν
741 2153 799 2190 τε
849 2138 943 2191 καὶ
988 2141 1408 2211 αίσχράτατονί,
1466 2138 1528 2193 τὸ
1573 2139 1788 2210 θήλειαν

195 2225 380 2298 ἑαυτῷ
417 2227 725 2281 ἀνατυποῦν
769 2229 831 2282 τὸ
855 2228 1083 2300 Πνεῦμα
1115 2231 1214 2300 τῆς
1249 2229 1539 2300 ἀληθείας;
1597 2229 1685 2283 ὁτὲ
1732 2229 1788 2283 δὲ

195 2318 557 2391 ἀῤῥενοειδῶς
578 2319 907 2374 όπτάνεσθαι
951 2325 1064 2385 τοῖς
1095 2322 1387 2394 ἀρχουσινς
1423 2322 1655 2395 Αίσχρδν
1692 2322 1788 2392 μὲν

195 2411 312 2483 γὰρ
343 2415 619 2483 παροινεῖν
655 2412 718 2466 τὸ
772 2413 939 2485 ἄνδρα
967 2413 1387 2486 θηλυεύεσθαιί,
1438 2414 1533 2467 καὶ
1595 2415 1652 2467 ὲν
1695 2413 1790 2484 θη-

194 2504 354 2566 λείας
391 2506 573 2576 μορφῇ
605 2504 870 2576 ὑπάρχειν
891 2520 904 2533 ·
946 2505 1298 2577 αἰσχρότατον
1344 2505 1402 2558 δὲ
1431 2505 1592 2558 πάλιν
1633 2504 1692 2557 τὸ
1722 2505 1790 2557 τὰ

193 2593 402 2661 γύναια
436 2593 842 2662 ἀνδραῖζεσθαι,
885 2595 981 2650 καὶ
1007 2594 1102 2648 τοῦ
1141 2595 1330 2667 ἀνδρὸς
1359 2596 1544 2667 φέρειν
1576 2595 1636 2648 τὸ
1661 2596 1792 2666 σχῆ-

199 2704 299 2756 μα.
332 2687 440 2738 Καὶ
473 2687 590 2751 πῶς
621 2688 744 2758 οὑχ).
773 2689 973 2759 ἀρετῆς
992 2686 1052 2742 ὃν
1071 2687 1296 2759 Πνεῦμα
1325 2689 1419 2742 καὶ
1450 2689 1611 2751 θεῖον,
1646 2688 1792 2760 ὑϐρι-

193 2774 432 2847 ζόμενον
477 2777 678 2845 μᾶλλον
705 2779 1061 2851 εὑρεθήσεται
1105 2779 1258 2852 παρὰ
1297 2779 1391 2833 τοῦ
1416 2778 1789 2852 πλαστουργοῦ

192 2867 392 2921 τούτου
410 2867 606 2939 Μάνη;
633 2869 756 2933 Πῶς
782 2869 838 2922 δὲ
855 2871 904 2924 οί
925 2870 1246 2942 ὲκδαρέντες
1276 2869 1636 2941 οίστροῦνται,
1665 2870 1789 2940 λέγε

197 2979 318 3032 μοι,
353 2955 398 3014 ὦ
423 2955 605 3027 οὗτος
643 2962 761 3027 πῶς
789 2963 849 3016 δὲ
875 2962 1014 3034 μετά
1032 2961 1092 3016 τὺ
1127 2962 1502 3034 σταυρωθῆναι
1536 2963 1793 3035 ἐξεδάρη-

195 3070 304 3106 σαν
332 3069 348 3114 ;
379 3053 521 3106 Είδὲ
553 3054 649 3106 καὶ
698 3052 1103 3125 ἐπαύρωνται,
1148 3055 1265 3118 πῶς
1322 3055 1667 3126 ἐπιτρέχουσι
1723 3057 1788 3127 τῇ

195 3144 588 3214 ἀφαντουμένῃ
616 3160 630 3210 ;
660 3143 757 3208 Τίς
812 3143 869 3196 δὲ
904 3144 1152 3211 ἀνέξεται
1184 3145 1276 3200 τοῦ
1323 3145 1662 3217 βλασφήμου,
1696 3147 1789 3202 τοῦ

192 3237 312 3289 ἀπὸ
342 3235 585 3306 ἱδρώτων
616 3237 890 3309 ἀρχόντων
921 3238 1069 3308 ἡμᾶς
1101 3239 1399 3311 τρέφεσθαι
1446 3239 1788 3312 ὁριζομένου,

195 3329 299 3381 καὶ
323 3327 434 3380 ἀπὸ
459 3327 761 3398 ἐκκρίσεως
790 3327 1147 3398 αἰσχρόητος
1175 3329 1264 3382 τὸν
1290 3329 1446 3383 ὑετὸν
1472 3332 1605 3401 ἡμῖν
1627 3348 1793 3385 κατα-

191 3417 557 3488 “precem;
613 3418 782 3472 Πόθεν
827 3419 883 3472 δὲ
937 3419 1098 3482 αὑτὸς
1144 3421 1298 3491 πόμα
1351 3422 1496 3475 πίνει
1538 3420 1598 3488 ἐξ
1624 3423 1794 3477 ὑετῶν

191 3511 510 3582 ἀρυόμενος
546 3512 686 3582 μετά
736 3512 845 3566 τῶν
877 3513 1025 3565 ίδίων
1056 3513 1223 3568 αὑτοῦ
1253 3514 1548 3586 μαθητῶνς
1582 3514 1706 3577 Πῶς
1737 3515 1794 3568 δὲ

193 3603 266 3655 οὑ
301 3603 706 3671 καταγέλαστος
732 3603 838 3673 εἴη,
881 3602 1194 3675 ἡττώμενος
1231 3607 1295 3675 τῇ
1327 3604 1433 3658 τῶν
1467 3604 1795 3674 σωματικῶν

190 3695 390 3766 χρείᾳ,
417 3695 649 3766 ἱδρῶτας
673 3695 875 3760 πίνων;
900 3695 1010 3750 Καὶ
1030 3696 1138 3770 γὰρ
1157 3697 1400 3768 ἁμαρτία
1423 3696 1677 3768 διάφορος
1697 3697 1797 3768 μὲν

193 3788 447 3859 ὑπάρχει
465 3805 480 3816 ’
509 3788 571 3840 οὑ
590 3786 828 3858 τοσαύτη
855 3787 912 3840 δὲ
937 3787 1088 3841 ἔσται
1114 3790 1146 3859 ἠ
1172 3789 1409 3860 τιμωρία
1432 3787 1508 3860 τῷ
1528 3788 1798 3852 ἀκουσίως

194 3879 600 3952 ἁμαρτάνοντι,
641 3880 718 3946 ὡς
749 3880 811 3934 τὸ
839 3879 974 3951 μετά
1001 3880 1254 3944 ἑκουσίας
1281 3879 1504 3952 γνώμης
1529 3878 1590 3933 τὸ
1612 3879 1795 3951 ἀμάρ-

191 3989 363 4044 τημα
384 3971 734 4025 ἐπιτελοῦντι.
769 3973 834 4025 Οί
860 3971 960 4041 μὲν
984 3970 1094 4044 γὰρ
1128 3971 1278 4026 ἄλλοι
1301 3970 1597 4041 ἄνθρωποι,
1633 3972 1682 4024 εί
1705 3970 1798 4024 καὶ

193 4065 385 4127 οὕτως
412 4058 500 4134 ἦν,
525 4065 663 4133 ὅπερ
696 4064 771 4134 μὴ
804 4063 1033 4131 γένοιτο,
1067 4062 1396 4131 φαντάζεται
1425 4061 1534 4132 γάρ
1564 4064 1592 4116 ό
1622 4064 1799 4132 ἐμμα-

196 4157 337 4226 νής·
373 4153 514 4224 πλὴν
557 4157 605 4208 οί
638 4152 962 4222 ἀγνοοῦντες
1021 4152 1250 4222 ἱδρῶτας
1282 4154 1374 4207 καὶ
1407 4152 1682 4224 ἐκκρίσεις
1711 4154 1798 4206 αί-

196 4246 404 4319 σχράς,
431 4246 513 4297 ὅτι
539 4243 854 4315 ὑδρεύονται
890 4243 985 4297 καὶ
1026 4245 1263 4309 πίνουσι,
1297 4243 1634 4312 σύγγνωστοι
1666 4242 1799 4313 μᾶλ-

192 4335 298 4391 λον
329 4336 512 4401 ζελιίους
541 4335 877 4409 ὑπάρχουσιν
921 4337 1066 4406 ἢπερ
1095 4337 1124 4390 ό
1178 4334 1316 4407 μετά
1373 4334 1466 4388 τοῦ
1503 4334 1799 4399 συνειδότος

1883 499 2196 556 doctrinam
2245 499 2514 554 evomuit.
2558 499 2734 565 Quam
2776 494 2950 550 multa
2997 507 3164 565 porro
3198 491 3471 548 adversus

1882 599 2092 647 tantum
2149 591 2438 648 histrionis
2485 589 2652 660 hujus
2703 585 3037 642 calumniam
3089 583 3293 654 opponi
3339 597 3466 652 pos-

1883 692 2013 739 sunt
2045 701 2061 739 :
2091 683 2238 755 quod
2272 683 2572 754 unicuique
2613 687 2874 738 constare
2907 686 3106 750 potest.
3134 678 3211 731 Ac
3246 676 3461 732 tametsi

1883 774 2158 845 perpolita
2198 775 2253 828 in
2295 772 2588 828 refutando
2619 783 2965 842 nequaquam
3000 766 3328 822 adhibeatur
3348 779 3468 820 ora-
3567 814 3582 820 ς

1884 866 1985 933 tio,
2027 867 2164 924 satis
2210 865 2279 922 ad
2317 865 2698 922 incutiendum
2741 863 2851 918 illis
2889 859 3152 932 pudorem
3189 857 3372 920 fuerit,
3411 867 3469 912 ut

1883 958 1938 1016 id
1989 957 2328 1028 intelligatur
2370 955 2642 1027 ejusmodi
2699 955 2768 1010 ab
2808 953 2918 1010 illis
2953 950 3170 1007 decreta
3223 946 3466 1013 defendi,

1885 1065 2006 1120 quae
2043 1056 2301 1106 constare
2333 1047 2438 1102 sibi
2481 1051 2780 1116 nequeant,
2808 1057 2985 1114 neque
3014 1041 3126 1098 vim
3165 1041 3333 1096 ullam
3373 1047 3470 1094 aut

1886 1141 2108 1214 pondus
2136 1141 2397 1198 habeant.
2424 1138 2642 1194 Etenim
2673 1138 2860 1208 priora
2883 1134 3288 1208 posterioribus
3306 1147 3468 1188 ever-

1886 1235 1970 1298 tit,
1998 1232 2303 1305 posteriora
2341 1233 2503 1304 longe
2550 1246 2580 1286 a
2626 1229 2909 1301 prioribus
2939 1227 3157 1294 diversa
3189 1224 3473 1297 proponit.

1888 1323 2146 1384 Mundum
2185 1325 2322 1382 alias
2369 1339 2402 1378 a
2452 1321 2563 1384 Deo
2606 1321 2936 1393 productum
2982 1319 3200 1385 asserit,
3251 1316 3392 1378 alias
3436 1330 3472 1372 a

1887 1417 2250 1490 principibus,
2285 1424 2347 1472 ut
2372 1417 2496 1488 ejus
2523 1416 2677 1472 nulla
2705 1431 2772 1472 ex
2809 1421 2963 1485 parte
2987 1425 3154 1467 causa
3193 1410 3265 1465 sit
3301 1407 3474 1472 Deus,

1889 1508 1988 1563 sed
2024 1518 2080 1562 et
2115 1509 2234 1578 ipse
2275 1512 2515 1563 mundus
2553 1508 2806 1562 intereat.
2853 1503 3258 1571 Nonnunquam
3293 1499 3471 1553 ﬁrma-

1890 1609 2130 1655 mentum
2166 1600 2336 1671 pelles
2378 1615 2501 1656 esse
2535 1599 2842 1670 principum
2873 1597 3067 1658 docet,
3115 1608 3254 1664 quos
3304 1591 3472 1646 inter-

1891 1689 2028 1744 dum
2051 1705 2217 1761 supra
2249 1691 2304 1744 in
2336 1691 2461 1762 polo
2499 1691 2553 1744 in
2586 1703 2754 1744 cruce
2795 1686 3020 1742 suffixos
3051 1700 3176 1740 esse
3212 1681 3370 1748 dicit,
3403 1695 3472 1736 ac

1818 1763 1862 1820 Β
1890 1775 2223 1845 discurrere,
2257 1785 2311 1833 et
2345 1779 2492 1834 velut
2523 1778 2699 1834 nubes
2739 1777 3037 1840 obducere,
3074 1771 3468 1844 proritarique,

1891 1874 1946 1922 et
1982 1868 2225 1924 libidinis
2261 1869 2502 1924 stimulis
2543 1869 2607 1922 ad
2641 1876 2923 1938 aspectum
2964 1864 3214 1936 virginis,
3251 1870 3308 1919 et
3338 1862 3474 1918 ado-

1889 1957 2148 2014 lescentis
2171 1956 2944 2028 pulchritudinemmoncitari.

1961 2046 2006 2103 Ο
2042 2048 2324 2103 infamiam
2365 2048 2734 2120 singularem!
2763 2047 2905 2114 Quid
2937 2045 3082 2102 enim
3117 2043 3248 2116 ﬁngi
3288 2049 3471 2115 potest

1889 2139 2228 2210 improbius?
2251 2139 2384 2210 quid
2413 2140 2700 2195 molestius
2735 2153 2800 2193 ac
2839 2136 3058 2206 turpius
3083 2149 3245 2207 quam
3269 2134 3472 2189 verita-

1891 2231 1961 2287 tis
1993 2229 2259 2301 Spiritum
2310 2231 2567 2286 muliebri
2601 2230 2706 2286 sibi
2738 2230 2911 2300 ﬁgura
2946 2227 3284 2290 describere,
3312 2240 3472 2280 eum-

1889 2323 2121 2392 demque
2147 2321 2332 2378 dicere
2359 2337 2753 2392 nonnunquam
2780 2321 2953 2374 maris
2984 2318 3168 2389 specie
3199 2315 3469 2387 principi-

1891 2415 1994 2471 bus
2021 2417 2320 2487 apparere?
2362 2414 2498 2470 Nam
2529 2430 2654 2470 cum
2693 2423 2853 2484 turpe
2884 2415 2955 2470 sit
2986 2412 3164 2466 virum
3197 2425 3262 2465 eo
3294 2418 3472 2466 temu-

1891 2508 2070 2562 lentis:
2104 2509 2519 2578 insolentiatque
2554 2505 2826 2578 progredi,
2862 2515 2916 2560 ut
2953 2503 3274 2559 muliebrem
3315 2500 3474 2557 habi-

1891 2608 2006 2654 tum
2031 2614 2094 2654 ac
2125 2599 2356 2654 formam
2389 2598 2612 2666 induat;
2640 2607 2756 2652 tum
2788 2611 2920 2652 vero
2948 2594 3330 2665 turpissimum
3361 2599 3472 2661 est,

1891 2690 2244 2746 mulierculas
2278 2691 2332 2743 in
2367 2689 2513 2744 viros
2539 2688 2889 2750 commutari,
2919 2702 2985 2741 ac
3018 2685 3232 2740 virilem
3265 2684 3478 2738 cultum

1893 2780 2140 2836 induere.
2171 2779 2387 2846 Quanto
2419 2795 2549 2834 vero
2577 2779 2784 2848 majore
2821 2793 2851 2832 a
2879 2776 3120 2848 pessimo
3151 2775 3246 2829 illo
3286 2773 3476 2830 ﬁctore

1894 2870 2192 2929 Manichan
2219 2872 2418 2941 injuria
2449 2872 2667 2927 divinus
2714 2871 2806 2925 ille
2839 2869 3086 2925 veritatis
3115 2866 3354 2937 Spiritus
3379 2867 3465 2920 af-

1894 2966 2110 3022 ﬁcitur?
2141 2965 2249 3020 Sed
2290 2965 2424 3020 illud
2462 2965 2586 3020 volo
2614 2963 2746 3018 mihi
2772 2964 2945 3026 dicas,
2977 2961 3178 3030 quibus
3204 2959 3350 3015 cutis
3378 2958 3475 3015 de-

1895 3068 2066 3115 tracta
2116 3060 2210 3123 sit,
2265 3057 2513 3114 libidinis
2562 3056 2805 3114 stimulis
2849 3053 3045 3124 agitari
3075 3053 3170 3122 qui
3221 3049 3477 3122 possint?

1895 3160 1988 3207 aut
2016 3151 2314 3222 quomodo,
2347 3157 2643 3221 postquam
2675 3150 2730 3203 in
2759 3161 2984 3203 crucem
3019 3145 3126 3199 acti
3158 3153 3310 3209 sunt,
3337 3142 3480 3213 pello

1894 3243 2084 3297 nudati
2133 3242 2298 3297 sunt?
2349 3243 2460 3296 imo
2486 3255 2638 3305 vero,
2686 3241 2731 3295 si
2771 3237 2922 3294 cruci
2971 3236 3111 3293 aliixi
3156 3242 3304 3301 sunt,
3339 3249 3482 3305 qua-

1894 3349 2020 3389 nam
2064 3335 2280 3389 ratione
2315 3334 2386 3388 ad
2426 3333 2685 3387 virtutem
2733 3331 2906 3393 illam,
2947 3342 3070 3399 quae
3110 3333 3333 3397 repente
3363 3325 3484 3381 dis-

1894 3433 2102 3497 pareat.
2154 3435 2386 3496 possunt
2425 3424 2746 3480 accurrere?
2774 3421 2978 3477 Deinde
3021 3435 3150 3476 vero
3175 3418 3302 3490 quis
3344 3433 3480 3473 con-

1901 3518 2250 3572 tumeliosum
2283 3519 2449 3574 istum
2501 3517 2558 3570 in
2591 3513 2761 3570 Deum
2795 3512 3071 3568 hominem
3109 3510 3250 3564 ferre
3278 3507 3484 3580 possit,

1896 3610 1990 3679 qui
2047 3625 2148 3666 nos
2193 3609 2502 3682 principum
2563 3606 2864 3663 sudoribus
2908 3603 2981 3657 ali
3032 3602 3254 3666 sentiat,
3315 3607 3480 3668 atque

1896 3715 1964 3755 ex
2005 3700 2324 3757 ftedissimis
2371 3702 2590 3756 illorum
2639 3697 3006 3754 excrementis
3043 3695 3272 3750 imbrem
3321 3690 3480 3746 nobis

1897 3791 2108 3848 emitti?
2141 3791 2255 3847 Cur
2284 3799 2467 3847 autem
2511 3798 2703 3861 potum
2729 3790 2847 3860 ipse
2870 3801 2995 3842 cum
3036 3782 3326 3854 discipulis
3361 3775 3507 3836 suis‘

1898 3885 2084 3940 haurit
2115 3901 2178 3940 ex
2215 3885 2390 3940 imbre
2417 3882 2744 3940 collectum?
2781 3878 2972 3935 Nonne
3000 3876 3182 3933 statim
3208 3872 3477 3929 ridiculus

1897 3985 2004 4043 est,
2055 3978 2150 4048 qui
2195 3978 2447 4048 corporis
2507 3974 2929 4032 necessitatibus
2966 3972 3278 4040 obsequens
3311 3964 3479 4023 sudo-

1899 4086 2015 4127 rem
2055 4071 2244 4127 bibat?
2278 4069 2414 4125 Nam
2447 4078 2508 4126 ut
2539 4069 2728 4138 dispar
2761 4068 2834 4124 sit
2873 4073 3180 4137 peccatum,
3216 4074 3377 4132 pinna
3407 4069 3481 4113 ta-

1899 4178 2024 4218 men
2055 4163 2105 4219 ei
2140 4164 2235 4233 qui
2273 4164 2481 4218 invitus
2519 4169 2710 4232 peccat
2752 4161 2912 4228 longe
2943 4156 3124 4211 minor
3154 4150 3482 4224 proponitur

1899 4269 2063 4324 quam
2091 4254 2140 4309 ei
2173 4255 2266 4324 qui
2299 4262 2497 4324 sponte
2531 4249 2893 4308 commiserit.
2931 4247 3082 4302 Licet
3122 4246 3292 4310 enim,
3331 4243 3486 4315 quod

1902 4345 2086 4415 reipsa
2121 4361 2231 4401 non
2261 4353 2367 4407 est,
2397 4359 2584 4400 verum
2620 4351 2767 4400 esset
2789 4341 2932 4413 quod
2977 4340 3222 4395 furiosus
3257 4338 3346 4394 ille
3377 4335 3482 4392 ﬁn-

192 4429 542 4500 νινυγμένος
572 4431 750 4501 μάτην
783 4428 871 4483 διὰ
901 4428 1000 4501 τὴν
1027 4424 1198 4500 ἦτταν
1241 4428 1340 4501 τῆς
1372 4426 1652 4491 ἀσθενείας
1697 4428 1787 4480 αὑ-

1901 4437 1996 4508 git.
2036 4440 2218 4493 caeteri
2249 4437 2416 4510 66.9
2444 4435 2664 4507 quidem
2699 4436 2968 4500 homines,
2999 4433 3091 4504 qui
3141 4433 3372 4488 sudores
3414 4444 3482 4486 ac

189 4519 300 4576 τοῦ
331 4522 402 4575 ὲκ
426 4521 535 4574 τῶν
559 4519 724 4575 αὑτοῦ
757 4521 1017 4591 πομάτων
1047 4520 1325 4593 χρώμενος
1367 4519 1461 4572 καὶ
1487 4518 1598 4574 τῶν
1625 4519 1798 4573 ἄλλων

191 4613 318 4669 τῶν
351 4614 420 4665 ὲκ
441 4614 538 4684 τῆς
580 4614 782 4686 σαρκὸς
809 4615 1080 4686 χρήσεων.

1906 4529 2080 4587 fmdas
2134 4532 2478 4586 excrctiones
2525 4529 2799 4600 ignorant,
2848 4544 2972 4583 cum
3025 4535 3334 4597 aquantur,
3385 4531 3482 4578 aut

1904 4628 2116 4691 potant,
2149 4621 2305 4676 venia
2349 4621 2522 4691 magis
2559 4619 2710 4691 digni
2755 4629 2913 4683 sunt,
2938 4632 3102 4687 quam
3125 4616 3241 4686 qui,
3276 4614 3481 4670 frustra

196 4710 530 4768 stimulante
572 4710 933 4774 conscientia,
1003 4706 1360 4764 imbecillitati
1431 4724 1545 4764 sua
1617 4713 2007 4780 succumbens,
2057 4717 2332 4787 ejusmodi
2407 4724 2570 4787 portis
2618 4713 2864 4776 adhibet,
2915 4712 3241 4782 czcterisque
3290 4708 3478 4763 carnis

193 4805 635 4861 necessitatibus
663 4805 1024 4874 obtemperat.

280 4897 410 4950 Al".
437 4897 546 4950 Καὶ
574 4895 746 4950 πολλά
773 4897 920 4950 ἐστιν
962 4897 1019 4949 ὲν
1050 4891 1130 4958 οἷς
1155 4891 1308 4959 οὗτος
1345 4895 1573 4967 στόματι
1605 4895 1800 4968 ψευδη-

197 4987 410 5059 γορξας
468 4989 593 5051 τοὺς
627 4988 775 5060 αὑτῷ
837 4989 1156 5054 πεισθέντας
1203 4989 1472 5059 ὴπάτησε.
1509 4989 1666 5043 Ποῖον
1695 4989 1802 5060 γὰρ

197 5081 345 5152 παρ’
379 5079 528 5151 αὑτῷ
582 5081 645 5134 οὑ
692 5080 1126 5150 καταγέλαστονς
1168 5082 1261 5143 Τὸ,
1300 5081 1552 5152 ἡγεῖσθαι
1589 5082 1688 5153 μὲν
1734 5081 1802 5135 τὰ

201 5173 510 5244 σπέρματα
535 5171 774 5242 βοτανῶν
801 5189 860 5225 τε
899 5173 994 5226 καὶ
1048 5172 1425 5244 γεννημάτων,
1450 5172 1543 5225 καὶ
1563 5172 1804 5243 ὀσπρίων

197 5263 396 5334 ψυχὰς
422 5257 580 5317 εἶναι.
639 5263 730 5327 Ὠς
789 5262 883 5316 καὶ
916 5263 1125 5331 γελοῖον
1167 5264 1594 5336 ἐπιχειρήσομεν
1626 5262 1803 5331 λέγειν

197 5353 358 5408 κατά
424 5354 526 5426 τὴν
577 5353 744 5408 αὑτοῦ
787 5355 1108 5426 μυθοποιίαν
1165 5356 1302 5428 πρὸς
1341 5355 1563 5426 ἔλεγχον
1615 5353 1802 5408 αὑτοῦ.

199 5449 339 5502 Ὅτι
371 5448 423 5500 εί
449 5446 623 5518 ψυχαὶ
653 5449 1020 5518 τυγχάνουσαι
1054 5449 1244 5502 κόκκοι
1275 5446 1473 5516 φακοῦ,
1505 5448 1597 5500 καὶ
1641 5447 1804 5516 φασί-

197 5540 401 5606 λοκδ,
441 5541 536 5593 καὶ
592 5538 895 5611 ἐρεϐίνθου,
928 5543 1021 5594 καὶ
1070 5541 1178 5595 τῶν
1205 5539 1402 5605 ἄλλων,
1449 5538 1595 5612 ψυχὴ
1629 5539 1685 5594 δὲ
1714 5540 1805 5592 καὶ

284 5721 304 5756 ⁸
331 5721 399 5778 F.
435 5722 814 5794 αίσχρότερεν.
841 5727 905 5783 Et
939 5742 1062 5784 mox
1094 5727 1252 5783 tauro
1281 5727 1438 5783 ἀνατ.

1977 4897 2217 4952 XXXIII.
2261 4897 2365 4953 Sed
2395 4898 2500 4951 alia
2551 4904 2680 4952 sunt
2725 4893 3148 4964 quamplurima,
3191 4892 3244 4946 in
3279 4892 3481 4963 quibus

1907 4990 2011 5046 iste
2038 4998 2339 5045 sectatores
2364 5003 2494 5043 suos
2517 5002 2612 5041 ore
2637 4984 3058 5040 mendacissimo
3081 4983 3312 5052 decepit.
3339 4982 3482 5050 Quid

1907 5083 2055 5138 enim
2085 5082 2154 5136 ab
2189 5097 2254 5137 eo
2285 5096 2392 5135 non
2433 5079 2725 5133 ridiculum
2751 5085 2834 5133 est
2863 5076 3128 5130 allatum?
3156 5072 3479 5145 Cujusmodi

1908 5187 1992 5232 est
2021 5196 2034 5229 :
2072 5175 2363 5230 herbarum
2396 5171 2765 5242 stirpiumque
2801 5183 2866 5222 ac
2908 5168 3242 5238 leguminum
3271 5167 3483 5222 semina

1911 5269 2122 5321 animas
2149 5281 2272 5322 esse
2299 5261 2545 5321 credere.
2577 5261 2731 5328 Quod
2770 5273 2934 5329 quam
2964 5256 3262 5314 absurdum
3288 5259 3378 5323 sit,
3415 5259 3486 5313 ad

1905 5357 2052 5412 illius
2088 5355 2408 5412 refutandas
2439 5354 2696 5425 ineptias,
2724 5353 3105 5408 demonstrare
3134 5349 3480 5406 conabimur.

1907 5446 2118 5503 Etenim
2164 5449 2209 5503 si
2245 5446 2428 5510 lentis,
2486 5443 2717 5514 exempli
2756 5458 2946 5506 causa,
2998 5442 3082 5498 vel
3135 5441 3345 5508 faseoli,
3397 5439 3481 5502 vc!

1908 5540 2105 5595 ciceris
2149 5539 2365 5611 aliaque
2399 5552 2568 5610 grana
2599 5535 2652 5592 id
2680 5551 2853 5609 genus
2886 5537 3079 5591 animm
3120 5542 3279 5602 sunt;
3318 5533 3471 5588 item»

1521 5729 1538 5758 ²
1568 5724 1626 5780 F.
1666 5725 1722 5781 τὸ
1750 5723 2088 5794 θηλεύεσθαι.
2169 5722 2190 5756 ⁸
2231 5719 2290 5776 F.
2329 5718 2557 5791 φασίλου
2592 5719 2671 5774 vel
2698 5717 2973 5789 φασιόλου.
