3850 6204
370 335 444 389 εδ
1241 279 1244 282 ’
1782 323 1838 380 s.
1880 319 2218 380 EPIPHANll
2873 368 2881 375 .
3555 301 3634 361 sa

371 469 479 524 que
504 451 694 511 eadem
726 459 781 509 et
830 453 973 509 tauri
1027 451 1097 509 sit
1131 452 1337 515 anima,
1385 447 1640 504 laudandi
1691 447 1863 518 magis
1907 445 1943 500 ii

2083 443 2305 515 αύρουὴ
2336 439 2492 509 αὐτὴ,
2519 432 2797 492 ὲπαινετοὶ
2821 429 3020 505 μᾶλλον
3072 428 3123 483 οἱ
3153 425 3293 499 κρέα
3329 423 3630 524 φαγοῦντες

373 549 526 611 sunt,
559 560 623 600 ex
655 559 843 599 eorum
877 542 1167 606 sententia,
1199 541 1294 611 qui
1334 539 1594 594 carnibus
1622 544 1942 601 vescuntur,

371 651 537 706 quam
577 635 673 706 qui
707 635 998 692 severioris
1026 635 1150 689 vita:
1197 635 1448 690 instituta
1491 639 1789 688 sectantur.
1831 629 1946 685 Hoc

371 727 541 791 enim,
577 733 638 781 ut
670 726 820 780 illius
847 724 1026 780 fabula
1056 723 1322 790 continet,
1346 733 1590 778 metuere
1621 721 1834 776 videtur
1856 735 1944 784 ne,

371 822 420 876 si
453 820 708 876 animatis
734 820 900 875 rebus
926 825 1136 881 utatur,
1168 818 1317 873 velut
1347 815 1672 871 animalibus
1699 829 1762 867 ac
1791 820 1950 868 catta-

372 911 475 974 ris,
512 910 705 966 horum
742 910 938 966 similis
974 909 1226 967 exsistat.
1256 908 1420 979 Atqui
1467 907 1804 962 contrarium
1853 920 1950 976 po-

375 1004 486 1057 tius
522 1003 738 1058 accidit.
777 1000 978 1058 Demus
1019 1001 1166 1056 enim
1217 999 1658 1070 quinquagenos,
1697 996 1781 1051 vel
1825 1010 1952 1050 cen-

378 1104 536 1150 tenes
566 1094 710 1149 tauri
741 1092 905 1148 unius
944 1091 1203 1147 carnibus
1238 1089 1463 1152 nutriri,
1514 1103 1706 1143 omnes
1754 1086 1854 1149 illi,
1894 1093 1952 1138 ut

380 1187 484 1241 iste
530 1185 749 1255 quidem
795 1191 1053 1254 nugatur,
1099 1191 1153 1238 et
1193 1196 1222 1235 a
1263 1181 1421 1236 nobis
1450 1177 1733 1235 refellendi
1779 1177 1952 1248 gratia

377 1277 670 1335 dicendum
703 1285 808 1346 est,
841 1277 1005 1332 unius
1036 1275 1301 1330 duntaxat
1340 1273 1536 1328 animae
1576 1272 1656 1325 rei
1703 1278 1850 1325 sunt.
1885 1268 1955 1322 At

374 1373 474 1441 qui
507 1369 778 1426 seminum
807 1368 995 1439 granis
1025 1367 1289 1440 pascitur,
1323 1365 1664 1420 tricenarum
1699 1363 1784 1418 vel
1819 1378 1955 1433 qua-

377 1459 745 1531 dragenarum
786 1474 897 1515 uno
950 1459 1152 1514 haustu
1203 1458 1616 1526 absumptarum
1674 1470 1803 1510 reus
1849 1461 1952 1509 est.

377 1550 454 1605 ita
484 1551 620 1606 nihil
653 1567 764 1607 non
795 1551 866 1606 ab
893 1566 961 1606 eo
991 1550 1283 1606 ridiculum
1329 1555 1382 1603 et
1411 1547 1574 1601 inane
1611 1545 1954 1617 proponitur.

449 1643 562 1698 Nec
586 1643 730 1699 enim
768 1644 912 1699 ullus
942 1651 1046 1709 est,
1078 1642 1170 1713 qui
1206 1641 1488 1711 paululum
1526 1656 1710 1695 rerum
1751 1638 1961 1694 divina-

381 1750 504 1790 rum
553 1735 908 1806 intelligentia
957 1735 1028 1790 sit
1073 1733 1353 1804 praeditus,
1412 1730 1502 1786 cui
1543 1745 1651 1785 non
1705 1745 1774 1784 ex
1828 1744 1960 1784 sana

2047 514 2187 590 κατὰ
2215 535 2305 589 τδν
2339 532 2517 587 αὐτῶν
2568 531 2728 600 λόγον
2779 528 2922 600 ἥπερ
2954 523 3005 578 οἱ
3061 521 3160 586 τὰς
3223 516 3494 579 πολιτείας
3542 514 3642 577 ἐξα,

2048 627 2364 690 ασκοῦντες.
2397 624 2548 678 Δέδιε
2587 621 2696 694 γὰρ
2731 618 2870 673 κατὰ
2888 616 2986 688 τὴν
3009 613 3172 670 αὐτοῦ
3207 608 3633 684 ῥαψῳδοποιίαν,

2053 723 2266 792 μήπως.
2297 715 2615 790 μεταλαϐὼν
2644 711 2923 785 ἐμψύχων,
2967 707 3124 772 ζώων
3169 721 3230 757 τε
3269 703 3363 756 καὶ
3397 699 3638 792 τῶνᾶλ-

2049 791 2177 878 λων,
2206 810 2300 865 καὶ
2357 809 2518 872 αὐτὸς
2558 808 2743 878 ὅμοιος
2765 801 3010 872 γένηται.
3062 793 3380 850 Τοὺναντίον
3407 791 3635 862 μᾶλλον.

2051 903 2402 966 Συνελθόντες
2429 900 2539 972 γὰρ
2565 899 2754 970 ἄνδρες
2780 895 3115 964 πεντήκοντα
3137 888 3170 959 ἦ
3207 886 3300 942 καὶ
3322 884 3534 946 ἑκατὸν,
3575 881 3643 946 ἐξ

2054 998 2172 1059 ἐνὸς
2205 995 2406 1066 ταύρου
2439 994 2489 1047 οἱ
2513 993 2714 1054 πάντες
2731 989 3121 1060 τραφήσονται,
3144 982 3219 1045 ώς
3241 978 3383 1033 κατὰ
3403 978 3502 1048 τὴν
3531 975 3639 1027 αὒ-

2052 1088 2146 1143 τοῦ
2205 1087 2438 1159 ματαίαν
2475 1081 2863 1153 συκοφαντίαν,
2923 1078 3073 1148 ὅμως
3125 1073 3262 1144 πρὸς
3296 1070 3514 1140 ἔλεγχον
3549 1067 3643 1118 13-

2055 1185 2230 1246 κτέον,
2255 1185 2336 1255 ὅτι
2364 1182 2413 1234 οἱ
2438 1178 2774 1248 πεντήκοντα
2811 1172 2844 1245 ἢ
2871 1172 2922 1224 οἱ
2952 1168 3146 1223 ἑκατὸν
3199 1165 3369 1234 ἔνοχοι
3399 1161 3645 1230 γίνονται

2059 1276 2188 1345 μιᾶς
2231 1251 2428 1343 ψυχῆς.
2483 1271 2542 1323 '0
2578 1268 2634 1321 δὲ
2687 1265 2812 1330 τοὺς
2860 1261 3092 1322 κόκκους
3157 1256 3264 1310 τῶν
3310 1251 3648 1345 σπερμάτων

2058 1343 2252 1420 ἐσθίων
2289 1354 2487 1436 μᾶλλον
2515 1363 2574 1414 ὲν
2606 1359 2686 1412 ἐνὶ
2718 1352 2997 1428 βροχισμῷ
3022 1347 3371 1423 μεταλήψεως
3393 1343 3650 1416 τριάκον·

2057 1477 2128 1513 τα
2153 1457 2246 1512 καὶ
2276 1453 2683 1524 τεσσαράκοντα
2710 1446 2897 1519 ψυχῶν
2927 1444 3079 1498 ἔσται
3113 1441 3304 1504 αἴτιος.
3335 1438 3444 1491 Καὶ
3467 1436 3652 1489 πάντα

2061 1549 2227 1605 αὐτοῦ
2269 1549 2475 1620 μάταια
2505 1544 2600 1599 καὶ
2620 1539 2900 1611 γελοιώδη.

2133 1641 2304 1695 Παντὶ⁸
2343 1638 2451 1710 γὰρ
2493 1636 2570 1707 τῷ
2602 1633 2727 1688 νοῦν
2761 1631 2936 1702 ἔχοντι
2970 1629 3028 1683 ὲν
3055 1626 3247 1698 Κυρίῳ
3289 1623 3356 1677 τὰ
3381 1624 3483 1694 τῆς
3516 1621 3654 1693 ἀλη-

2063 1733 2216 1797 θείας
2251 1732 2525 1802 τεκμήρια
2551 1725 2750 1796 εὔδηλα
2797 1719 3065 1794 δήπουθέν
3090 1720 3236 1771 ἐστιν
3268 1715 3327 1784 ἐξ
3355 1716 3524 1786 αὐτῆς
3546 1713 3655 1784 τῆς

379 1823 633 1880 doctrina
672 1799 835 1896 plana
863 1838 927 1878 ac
968 1799 1255 1878 manifesta
1302 1823 1414 1878 sint
1448 1820 1694 1876 veritatis
1733 1817 1954 1873 indicia.

2080 1821 2323 1892 ὶληθινῆς
2357 1799 2732 1878 διδασκαλίας.
2785 1812 2895 1866 Καὶ
2925 1809 3034 1880 γὰρ
3080 1806 3174 1861 τοῦ
3208 1805 3460 1877 Σωτῆρος
3497 1804 3656 1896 οὐδὲν

381 1914 594 1987 Quippe
637 1915 922 1971 Salvatore
950 1923 1144 1970 nostro
1190 1914 1326 1968 nihil
1362 1915 1428 1968 ad
1459 1912 1741 1967 hominum
1790 1913 1955 1965 vitam

381 2006 766 2064 declarandam
815 2023 940 2067 esse
993 2013 1176 2078 potest
1217 2005 1422 2062 verius.
1477 2004 1584 2059 lste
1630 2019 1758 2058 vero
1799 2002 1960 2056 nobis

380 2096 651 2153 barbarus
699 2095 890 2163 Persa,
951 2097 1281 2168 ingenioque
1329 2111 1522 2151 servus
1557 2097 1713 2162 (nam
1757 2091 1960 2161 alioqui

383 2189 523 2244 nihil
559 2189 609 2246 ei
648 2189 898 2259 corporis
947 2189 1188 2244 servitus
1233 2187 1494 2256 obesset),
1541 2187 1668 2252 hoc,
1711 2185 1959 2254 inquam,

384 2280 618 2337 asserit:
641 2281 880 2352 aequales
905 2295 1099 2336 omnes
1127 2279 1339 2334 animas
1368 2293 1509 2342 esse,
1542 2287 1596 2332 et
1628 2277 1684 2331 in
1710 2275 1964 2331 omnibus

386 2376 606 2431 unicam
656 2374 908 2445 reperiri,
941 2383 1052 2426 tam
1085 2362 1409 2427 hominibus
1438 2370 1647 2426 scilicet
1678 2383 1839 2439 quam
1880 2383 1968 2438 pe-

387 2467 643 2532 cudibus,
701 2466 852 2525 feris,
914 2465 1128 2528 avibus,
1185 2463 1554 2533 serpentibus,
1613 2461 1966 2524 animalibus,

387 2557 730 2620 s'olucribus,
765 2553 1030 2626 piscibus,
1063 2551 1278 2614 bestiis,
1309 2551 1718 2622 herbarumque
1752 2551 1973 2606 semini-

389 2650 516 2714 tus,
545 2656 599 2704 et
620 2646 930 2712 arboribus,
961 2645 1281 2715 caeterisque
1305 2661 1426 2714 quae
1447 2644 1616 2699 videri
1643 2645 1816 2700 oculis
1841 2661 1969 2714 pus-

391 2750 543 2799 sunt.
567 2746 638 2794 At
662 2754 771 2794 non
801 2737 948 2796 istud
973 2739 1132 2793 nobis
1158 2752 1186 2791 a
1218 2736 1448 2792 Domino
1471 2737 1837 2808 signiﬁcatum
1863 2747 1966 2793 est.

389 2833 528 2890 Nam
557 2833 605 2889 si
635 2833 710 2887 ita
742 2838 911 2898 esset,
945 2845 1068 2884 cum
1114 2829 1181 2884 ad
1217 2830 1440 2884 humani
1483 2829 1700 2901 generis
1742 2829 1971 2885 salutem

391 2925 637 2991 advenit,
687 2923 927 2996 pecudes
970 2937 1193 2992 quoque
1247 2927 1518 2985 sanasset,
1561 2920 1740 2991 iisque
1787 2935 1975 2975 curam

392 3033 458 3072 ac
499 3018 708 3073 cultum
743 3014 1106 3078 adhibuisset,
1140 3027 1204 3066 ac
1232 3020 1480 3067 mortuas
1514 3013 1721 3068 bestias
1755 3027 1976 3066 rursum

2061 1913 2419 1984 ἀληθέστερον
2446 1909 2581 1981 πρὸς
2619 1903 2963 1973 ἀποκάλυψιν
2999 1899 3144 1971 ζωῆς
3192 1897 3518 1969 ἀνθρώπων.
3546 1895 3658 1949 Φά-

2067 2021 2183 2057 σκει
2207 2002 2316 2074 γὰρ
2337 1993 2492 2064 οὗτος
2516 2001 2544 2054 ὁ
2597 1995 2872 2069 βάρϐαρος
2902 1993 3033 2063 ἡμῖν
3065 1987 3371 2060 παρελθὼν,
3413 1988 3658 2058 Πέρσης.

2065 2095 2159 2148 καὶ
2187 2093 2370 2157 δοῦλος
2416 2092 2512 2164 τὴν
2541 2089 2785 2159 γνώμην.
2821 2084 2986 2138 Οὐδὲν
3013 2082 3120 2154 γὰρ
3145 2080 3328 2134 ἐλύπει
3359 2079 3420 2132 τὸ
3458 2078 3647 2132 δοῦλον

2066 2187 2226 2242 αὑτὸν
2281 2184 2418 2240 εἶναι
2468 2183 2610 2238 κατὰ
2637 2183 2699 2236 τὸ
2729 2179 2908 2251 σῶμα.
2948 2179 3114 2248 Φησὶν
3151 2171 3267 2233 οὖν.
3288 2176 3370 2228 ὅτι
3397 2175 3565 2227 πᾶσαι
3601 2174 3661 2227 αἱ

2066 2281 2238 2352 ψυχαὶ
2261 2280 2372 2333 ίσαι
2399 2278 2527 2342 εἰσὶ,
2577 2277 2672 2329 καὶ
2695 2276 2729 2346 ἡ
2787 2272 2884 2344 μία
2909 2273 2965 2324 ἐν
2989 2271 3162 2324 ἅπασι
3198 2267 3476 2337 τυγχάνει,
3508 2265 3562 2318 ἕν
3600 2281 3662 2318 τε

2069 2373 2376 2445 ἀνθρώποις
2403 2371 2496 2426 καὶ
2523 2363 2763 2438 κτήνεσι,
2797 2365 2890 2419 καὶ
2919 2362 3102 2435 θηρσὶ,
3130 2361 3220 2415 καὶ
3250 2362 3534 2422 πετεινοῖς,
3567 2357 3666 2410 καί⁵

2071 2467 2341 2537 ἑρπετοῖς,
2379 2463 2474 2517 καὶ
2509 2460 2686 2527 ζώοις,
2749 2456 2971 2526 πτηνοῖς
3021 2471 3080 2506 τε
3109 2452 3202 2505 καὶ
3229 2451 3481 2514 ὲναλίοις,
3514 2467 3663 2517 ,κνω-

2071 2559 2250 2623 δάλοις
2277 2575 2336 2610 τε
2372 2557 2466 2610 καὶ
2493 2556 2548 2608 ὲν
2580 2553 2859 2624 σπέρμασι
2889 2547 3266 2620 γεννημάτων,
3301 2547 3357 2599 ὲν
3388 2542 3563 2611 ξύλοις
3601 2557 3667 2595 τε

2074 2656 2167 2707 καλ⁸
2192 2654 2248 2705 ἐν
2281 2652 2391 2713 τοῖς
2415 2647 2594 2711 ἄλλοις
2618 2647 2785 2698 πᾶσιν
2813 2643 3051 2714 ὁρατοῖς.
3076 2641 3185 2695 Καὶ
3211 2639 3310 2708 οὐχ
3335 2634 3506 2698 οὕτως
3560 2635 3668 2687 ὐπ-

2075 2747 2273 2814 ἐδειξεν
2301 2747 2329 2797 ὁ
2355 2741 2557 2812 Κύριος
2591 2730 2866 2808 ἠμῶν.Ἦ
2901 2731 3010 2803 γὰρ
3049 2727 3216 2782 ἐλθὼν
3247 2728 3417 2781 σῶσαι
3449 2726 3546 2797 τὴν
3573 2724 3670 2814 άν-

2078 2837 2424 2912 θρωπότητα,
2478 2830 2572 2884 καὶ
2604 2827 2702 2898 τὴν
2753 2824 2860 2878 τῶν
2913 2819 3126 2893 κτηνῶν
3157 2820 3410 2882 ἐποιεῖτο,
3437 2814 3538 2885 τὴν
3567 2813 3672 2883 τῆς

2082 2909 2274 2995 ἰάσεως
2308 2924 2625 2999 ἐπιμέλειάν
2659 2941 2715 2976 τε
2753 2922 2844 2975 καὶ
2877 2916 3196 2990 θεραπείαν,
3229 2913 3324 2966 καὶ
3372 2909 3673 2965 ἀνάστασιν

2044 3061 2051 3069 ς
2079 3025 2188 3080 τῶν
2216 3020 2580 3077 πεπτωκότων
2616 3015 2769 3080 ζώων
2831 3011 3100 3080 συνάγων.
3169 3006 3308 3060 Ἀλλ’
3341 3005 3439 3074 οὐχ
3492 3000 3671 3064 οὕτως

395 3111 465 3165 ad
493 3110 662 3164 Vitam
707 3108 1023 3163 εκεῖῑδθεθῑ·
1047 3104 1212 3176 650
1240 3104 1407 3173 Al(illi
1439 3103 1599 3172 l‘mgc
1647 3103 1753 3156 3H3
1787 3116 1977 3154 Μῖνι·
2006 3137 2048 3195 C
2080 3117 2364 3188 διηγεῖται,
2389 3110 2508 3164 οὐδὲ
2537 3108 2707 3170 οὕτως
2730 3105 2990 3166 διδάσκει,
3025 3099 3098 3170 μὴ
3123 3097 3362 3167 γένοιτοῐ
3394 3093 3533 3148 Ἀλλ’
3562 3087 3673 3146 οἶδε

393 3202 495 3265 vit,
548 3213 649 3253 nec
684 3197 832 3253 istud
871 3211 1110 3266 unquam
1145 3194 1353 3249 docuit.
1398 3195 1588 3248 Absit!
1649 3193 1706 3246 Si
1758 3192 1978 3263 quidem

396 3290 679 3345 hominum
725 3303 783 3343 se
828 3287 1026 3342 animis
1087 3285 1318 3343 salutem
1373 3287 1614 3341 tribuere
1667 3288 1978 3356 proﬁtetur,

395 3398 562 3454 quam
600 3383 705 3436 hoc
743 3380 1032 3452 aenigmate
1075 3380 1314 3436 breviter
1346 3381 1666 3450 complexus
1705 3388 1808 3445 est,
1856 3395 1979 3434 cum

397 3475 538 3530 dixit
570 3495 581 3529 :
616 3470 738 3528 Non
783 3475 896 3528 veni
941 3473 1044 3528 nisi
1089 3482 1298 3542 propter
1351 3489 1492 3527 ovem
1532 3490 1647 3544 (μαι)
1685 3474 1977 3543 perierat’.

399 3567 612 3635 Quibus
641 3565 826 3621 verbis
849 3566 1162 3621 universam
1207 3565 1445 3621 hominis
1485 3575 1738 3620 naturam
1785 3565 1984 3619 intelli-

398 3661 497 3733 git.
525 3659 797 3726 Quidnam
819 3673 951 3713 vero
983 3666 1244 3727 prietcrea
1277 3659 1544 3726 scriptum
1578 3656 1693 3712 est?
1724 3656 1983 3724 Curabat,

405 3754 600 3824 inquit,
628 3767 804 3805 omnes
839 3767 967 3819 quos
1000 3750 1286 3819 offerebant
1327 3750 1447 3813 sibi,
1484 3750 1768 3813 lunatieos,
1816 3760 1864 3803 et
1893 3767 1984 3803 va-

402 3847 498 3901 riis
530 3845 723 3900 morbis
752 3845 968 3914 affectos
990 3845 1034 3897 ¹.
1060 3843 1196 3897 Cum
1241 3845 1386 3898 enim
1416 3858 1609 3909 caecos,
1654 3842 1873 3907 surdos,
1912 3843 1988 3895 in-

402 3953 624 4001 curvos,
671 3937 1024 4008 paralyticos,
1076 3950 1300 3991 mancos
1346 3935 1411 3989 ad
1456 3950 1580 3990 eum
1631 3933 1985 3997 adducerent,

403 4028 663 4086 omnibus
703 4026 1027 4081 beneﬁcium
1059 4041 1220 4080 suum
1263 4039 1324 4078 ac
1357 4025 1648 4079 sanitatem
1678 4021 1861 4092 largiri
1896 4038 1984 4074 su-

403 4123 572 4190 lebat,
613 4136 885 4192 nusquam
937 4135 1068 4176 vero
1108 4120 1372 4189 scriptum
1409 4126 1492 4174 est
1538 4117 1774 4190 pecudes
1810 4117 1988 4173 eidem

404 4217 642 4274 oblatas.

474 4310 745 4365 Praeterea
784 4324 907 4365 cum
939 4309 1007 4365 ad
1032 4308 1469 4378 Gergesenorum
1502 4306 1777 4378 regionem
1811 4307 1991 4361 venis-

405 4411 511 4468 set,
553 4414 610 4459 ut
641 4403 858 4458 Marcus
907 4403 1185 4470 asserit’;
1235 4411 1328 4458 aut
1375 4402 1444 4456 ad
1497 4417 1688 4457 eorum
1726 4399 1883 4464 ﬁnes,
1932 4408 1992 4454 ut

2087 3184 2182 3281 μὲν
2223 3205 2383 3268 αὐτὸς
2438 3202 2537 3265 τὰς
2586 3197 2764 3269 ψυχὰς
2813 3195 2922 3248 τῶν
2984 3191 3288 3263 ἀνθρώπων
3350 3186 3564 3252 σώζειν,
3605 3184 3676 3256 ἢν

2086 3279 2384 3370 συλλήϐδην
2403 3297 2422 3327 ⁸
2452 3291 2785 3364 συνειληφὼς
2812 3288 2897 3342 διὰ
2919 3287 3011 3340 τοῦ
3037 3285 3357 3354 αἰνίγματος
3385 3281 3489 3350 ἔφη
3508 3299 3520 3309 ·
3550 3279 3677 3332 Οὐκ

2085 3387 2274 3461 ἦλθον
2299 3392 2348 3443 εὶ
2372 3388 2457 3458 μὴ
2487 3385 2586 3441 διὰ
2617 3385 2680 3438 τὸ
2737 3383 3035 3452 πρόϐατον
3069 3377 3135 3431 τὸ
3185 3375 3522 3439 ἀπολωλός.
3557 3371 3679 3425 Ἵνα

2086 3484 2212 3554 εἴπῃ
2239 3482 2417 3536 πᾶσαν
2442 3478 2603 3550 φύσιν
2636 3474 3002 3548 ἀνθρωπείαν.
3033 3471 3143 3524 Καὶ
3161 3470 3214 3522 τί
3249 3485 3410 3540 (gnat;
3452 3463 3680 3533 Ἐθερά-

2087 3592 2232 3629 neve
2261 3573 2512 3637 πάντας,
2540 3569 2647 3636 οὓς
2671 3571 2888 3636 ἔφερον
2914 3561 3092 3628 αὐτῷ,
3139 3558 3680 3628 σεληνιαζομένους

2088 3669 2184 3722 καὶ
2213 3665 2654 3736 κατεχομένους
2682 3662 2751 3715 ἐν
2780 3659 3083 3723 ποικίλαις
3138 3656 3364 3719 νόσοις.
3399 3652 3682 3725 Προσὲφε-

2092 3778 2184 3833 ρον
2219 3760 2366 3831 αὐτῷ
2409 3758 2664 3829 τυφλοὺς.
2701 3754 2936 3823 κωφοὺς,
2969 3747 3215 3813 κυλλοὺς,
3252 3744 3682 3818 παραλυτικοὺς,

2091 3855 2425 3924 ἀναπήρους,
2459 3851 2554 3904 καὶ
2584 3849 2675 3902 ἐπὶ
2734 3847 2940 3908 πάντας
2969 3841 3143 3914 ἥπλου
3184 3839 3282 3910 τὴν
3324 3833 3489 3891 αὐτοῦ
3526 3834 3684 3905 εὐερο

2092 3945 2281 4012 γεσίαν
2333 3962 2390 3996 τε
2435 3943 2527 3997 καὶ
2567 3941 2839 4012 ἰατρείανθ
2874 3933 3110 4005 οὐδαμοῦ
3155 3929 3214 3985 δὲ
3243 3929 3577 4002 γέγραπται,
3599 3927 3686 3981 δτι

2094 4039 2475 4110 προσήνεγκαν
2501 4034 2647 4104 αὐτῷ
2675 4032 2807 4096 ζῶα.

2168 4305 2300 4364 Εἶτα
2334 4306 2494 4360 πάλιν
2537 4299 2705 4355 ἐλθὼν
2750 4301 2831 4362 εἰς
2861 4298 2928 4353 τὰ
2959 4296 3099 4368 μέρη
3133 4290 3375 4362 (52).τῆς
3403 4289 3687 4361 Γεργεση-

2095 4405 2220 4470 νῶν,
2248 4404 2321 4465 ob;
2367 4403 2394 4453 ὁ
2419 4399 2641 4471 Μάρκος
2677 4393 2843 4461 λέγει,
2878 4390 2910 4462 ἢ
2947 4391 3004 4443 ἐν
3025 4389 3134 4450 τοῖς
3160 4385 3326 4457 ὁρίοις
3360 4381 3466 4435 τῶν
3486 4382 3685 4453 Γεργε-

405 4493 585 4550 Lucas
625 4494 919 4565 scripsit‘;
970 4505 1065 4549 aut
1107 4493 1544 4561 Gadarenorum,
1569 4501 1629 4547 ut
1671 4491 1957 4548 Matthaeus

2097 4495 2294 4566 σηνῶν,
2329 4493 2402 4554 ῶς
2425 4491 2453 4542 ὁ
2477 4489 2689 4550 Λουκᾶς
2724 4500 2911 4556 φησιν,
2946 4481 2978 4551 ἢ
3009 4473 3354 4547 Γαδαρηνῶν,
3373 4473 3447 4534 ῶς
3475 4473 3504 4524 ὁ
3531 4471 3685 4524 Mat-

407 4589 527 4643 sive
563 4587 999 4657 Gergesaaorum,
1042 4595 1101 4640 ut
1149 4587 1480 4656 exemplaria
1515 4585 1760 4656 qumdam
1805 4584 1990 4656 praefe-

407 4690 575 4747 runt;
607 4688 726 4734 erat
757 4681 902 4734 enim
936 4679 1102 4733 trium
1143 4681 1371 4734 sortium
1411 4680 1464 4733 in
1504 4679 1680 4734 medio
1721 4679 1875 4734 locus
1903 4679 1990 4733 ille

408 4777 622 4847 positus
671 4794 684 4830 ;
724 4775 891 4838 Ecce,
936 4775 1188 4846 inquit',
1233 4774 1548 4828 dwmoniaei
1591 4773 1695 4826 duo
1753 4771 1988 4842 difﬁciles

409 4869 562 4926 valde
581 4885 607 4923 e
626 4869 973 4922 monumentis
997 4869 1191 4938 egressi
1221 4868 1524 4921 clamabant
1543 4867 1772 4920 dicentes
1798 4882 1815 4919 .'
1842 4864 1986 4919 Sine.

411 4963 552 5030 Quid
600 4963 749 5017 nobis
794 4971 842 5015 et
891 4961 1006 5024 tibi,
1058 4959 1187 5015 Jesu
1243 4959 1349 5014 Fili
1392 4960 1508 5024 Dei,
1569 4962 1818 5031 quoniam
1871 4971 1992 5014 ante

411 5068 612 5123 tempus
657 5056 840 5108 uenisti
893 5063 1130 5124 torquere
1172 5051 1594 5108 nos?1\'orimus
1639 5062 1706 5118 te,
1749 5054 1836 5122 qui
1893 5053 1986 5116 sis,

411 5145 642 5202 Sanctus
691 5147 810 5200 Dei.
849 5145 983 5201 Erat
1028 5157 1201 5201 autem
1249 5163 1374 5216 grex
1409 5163 1705 5216 porcorum,
1742 5147 1830 5215 qui
1881 5145 1990 5197 illic

411 5244 744 5304 pascebatur.
793 5237 858 5293 Et
895 5240 1290 5309 rogabanteum
1333 5239 1594 5292 dwntoues
1633 5239 1861 5292 dicentes
1892 5255 1907 5290 .·
1932 5235 1991 5292 Si

2099 4561 2268 4649 θαῖος,
2301 4584 2334 4654 ἢ
2365 4579 2728 4653 Γεργεσαίων,
2787 4576 2863 4640 ώς
2901 4569 3209 4643 ἀντίγραφά
3239 4583 3362 4620 τινα
3392 4563 3504 4635 ἔχει
3528 4580 3543 4594 ο
3576 4561 3684 4616 τῶν

2097 4679 2206 4748 γάρ
2233 4675 2400 4749 τριῶν
2426 4673 2646 4744 κλήρων
2674 4673 2703 4724 ὁ
2743 4669 2908 4731 τόπος
2939 4665 3040 4720 ἀνὰ
3085 4663 3246 4734 μέσον
3283 4655 3352 4731 ἦν
3371 4674 3386 4690 θ
3417 4656 3529 4749 _Kai
3554 4653 3684 4708 ἰδοὺ

2097 4747 2205 4825 δύο
2255 4747 2719 4837 δαιμονιζὶἕμενοι
2752 4757 3004 4831 χαλεποὶ
3055 4755 3217 4820 λίαν,
3272 4751 3337 4804 ἐκ
3367 4747 3485 4802 τῶν
3526 4763 3685 4817 μνη-

2094 4863 2278 4934 μείων
2309 4859 2710 4928 ἐξερχόμενοι,
2763 4852 2860 4907 καὶ
2893 4848 3142 4918 ἔκραζον
3192 4843 3504 4934 λέγοντες·
3545 4839 3682 4934 'Ea:

2099 4928 2154 5011 τί
2191 4953 2332 5024 ἡμῖν
2382 4952 2479 5004 καὶ
2531 4949 2652 5014 σοὶ,
2697 4945 2898 5015 Ἰησοῦ
2964 4941 3056 4996 Υἱὲ
3084 4937 3188 4993 τοῦ
3221 4934 3388 4998 Θεοῦ,
3445 4931 3534 4985 ὅτι
3570 4928 3684 5024 προ

2098 5017 2304 5117 καιροῦ
2329 5044 2511 5117 ἦλθες
2529 5042 2868 5108 βασανίσαι
2899 5034 3091 5106 medic;
3120 5026 3375 5099 Οῖδαμέν
3402 5042 3474 5117 σε
3495 5024 3586 5117 τίς
3597 5017 3684 5117 -εἷ,

2098 5145 2129 5196 ό
2157 5114 2360 5210 ’Ἄγιος
2378 5135 2482 5191 τοῦ
2521 5133 2690 5190 Θεοῦ.
2722 5127 2842 5186 ἿΙν
2871 5128 2938 5182 δὲ
2962 5125 3150 5196 ἀγέλη
3178 5121 3397 5193 χοίρων
3425 5114 3553 5169 ἐκεῖ
3571 5115 3684 5210 ,ϐο-

2098 5203 2386 5303 σχομένη.
2418 5229 2527 5284 Καὶ
2552 5223 2939 5296 παρεκάλουν
2963 5216 3152 5274 αὑτὸν
3185 5217 3238 5271 οἱ
3274 5211 3556 5278 δαίμονες
3593 5203 3687 5260 λέι

486 5397 501 5426 ¹
540 5393 728 5448 Matth.
763 5411 852 5458 xv,
879 5393 970 5448 Ἡ.
1046 5397 1066 5426 ³
1091 5394 1282 5448 Matth.
1322 5409 1394 5457 tv,
1428 5393 1514 5450 M.
1589 5395 1610 5426 ³
1639 5394 1804 5448 Mare.
1839 5410 1890 5460 ν,
1924 5393 1971 5448 1.

2100 5391 2231 5445 Luc.
2257 5403 2374 5454 vnt,
2403 5385 2492 5440 ‘26.
2568 5387 2589 5417 "
2618 5376 3144 5446 Matth.vm,28-35.
3203 5374 3225 5404 ⁸
3245 5369 3304 5425 F.
3337 5369 3366 5422 ὃ
3391 5365 3506 5421 συλ.

490 5548 600 5624 (32)
636 5545 782 5624 βῖτα
826 5548 1246 5624 πάλιν-’ἐλθὼν
1278 5552 1363 5624 sic
1403 5549 1474 5604 τὰ
1526 5550 1695 5618 μέρη.
1747 5548 2000 5624 Levicule

417 5619 509 5674 hic.
563 5619 954 5690 nallucinatur.
1013 5619 1226 5690 Etenim
1286 5620 1500 5674 Murrus
1554 5636 1674 5687 cup.
1720 5637 1772 5680 v,
1807 5621 1857 5684 1,
1901 5621 1999 5690 τὴν

452 5689 601 5763 ὤραν
622 5689 730 5742 τῶν
753 5689 1374 5763 Ιάδαρηνῶζθρρριιθιζ
1410 5691 1597 5763 Matth.
1623 5691 1994 5760 Γεργεσηνῶν.

465 5756 597 5817 uias
633 5776 734 5824 cap
789 5756 912 5824 vni,
945 5760 1034 5822 ‘26.
1068 5756 1405 5833 Γαδὰρηνῶν.
1446 5756 1985 5817 Latinus'internres

2107 5545 2308 5614 ubique
2329 5542 2755 5614 Gerasenorum.
2786 5537 2991 5614 Gerasa
3016 5540 3069 5588 et
3093 5528 3307 5614 φειδοῖ-ε
3481 5518 3689 5614 qppida

2111 5590 2308 5614 ννητυν
2337 5590 2628 5598 *τω-*νην-
2648 5590 2754 5594 --ν-
2797 5590 2816 5594 v
2843 5590 2854 5592 ν
2935 5606 2945 5616 θ
3108 5604 3117 5613 .
3384 5597 3392 5605 _

2108 5617 2241 5681 duo,
2281 5615 2402 5668 aliis
2429 5629 2598 5667 unum
2620 5619 2673 5667 et
2699 5610 2840 5681 idem
2873 5607 3043 5681 fuisse
3073 5601 3305 5655 videtur.
3333 5590 3689 5681 Videilan-s‘e-

2111 5674 2259 5742 nium
2287 5701 2405 5753 ειη).
2440 5685 2506 5739 30
2529 5680 2789 5738 Concord.
2889 5678 3085 5748 quibus
3113 5680 3501 5728 transamnana
3527 5674 3683 5734 qua-

2098 5758 2221 5814 dam
2254 5759 2402 5824 regio
2434 5769 2628 5810 nomen
2661 5757 2889 5820 accepit.
