3850 6204
273 324 358 384 83
883 330 1253 393 ADVERSUS
1288 336 1631 394 HERESES
1656 338 1785 395 [ΑΒ.
1825 340 1861 395 ll

1966 338 2097 397 ὈΜ.
2138 339 2204 394 ll.
2245 370 2315 381 —
2348 336 2622 394 ιΙιΕΒΕΒ.
2666 335 2849 392 LXVI.
3465 331 3538 391 86

276 458 522 513 τυντες·
573 444 646 499 ει
695 444 1010 514 ἐκϐάλλεις
1059 451 1217 521 ἡμᾶς
1257 451 1332 506 ἐκ
1358 454 1478 507 τῶν
1513 454 1860 523 ἀνθρώπων,

1966 456 2114 526 ejieis
2160 472 2253 510 nos
2280 470 2344 510 ex
2373 453 2691 515 hominibus,
2728 452 2877 505 mitte
2919 467 3009 505 nos
3049 452 3102 504 in
3129 465 3330 518 parcos.
3362 446 3431 502 Et
3461 448 3539 501 ir-

274 532 648 588 ἀπόστειλον
670 535 829 606 ἡμᾶς
857 541 943 606 είς
967 539 1111 607 τοὺς
1134 542 1396 612 χοίρους.
1431 544 1540 598 Kal
1578 544 1863 615 ὥρμησαν

274 627 370 691 εις
395 623 512 695 τὴν
532 626 876 694 θάλασσαν,
904 630 1003 685 καὶ
1048 630 1358 688 ἀπώλοντο
1377 635 1448 689 ἐν
1477 634 1600 703 τοῖς
1620 636 1860 694 ὕδασιν.

278 717 351 770 Ol
373 714 444 769 δὲ
465 717 805 786 βόσκοντες
828 719 1077 791 ἔφυγον,
1108 724 1207 777 καὶ
1237 725 1614 797 ἀπήγγειλαν
1642 730 1730 796 εις
1748 727 1864 796 τὴν

274 808 486 862 πάλιν.
526 808 636 862 Καὶ
655 810 715 864 ὲν
743 811 840 881 μὲν
865 810 944 883 τῷ
963 813 1228 886 Ματθαίῳ
1249 817 1383 888 περὶ
1397 816 1489 871 δύο
1512 818 1729 888 λέγεται
1756 820 1866 874 δαι-

277 900 674 971 μονιζομένων.
717 902 952 975 Χοίρους
1006 905 1064 958 δὲ
1121 907 1378 977 σημαίνει
1439 909 1646 975 ἁπλῶς,
1672 913 1769 966 καὶ
1801 913 1861 966 οὐ

271 988 374 1043 τὸν
402 988 634 1061 ἀριθμὸν
663 991 845 1063 δηλοῖ·
879 995 910 1047 6
943 994 1002 1048 δὲ
1029 995 1256 1069 Μάρκος
1310 999 1405 1054 καὶ
1447 1000 1546 1072 τὴν
1578 1001 1863 1075 ἀκρίϐειαν
1908 986 1911 989 ’

273 1079 378 1135 τοῦ
401 1082 637 1155 ἀριθμοῦ
657 1084 765 1139 τῶν
792 1085 991 1158 χοίρων
1027 1088 1327 1161 διηγήσατο
1346 1090 1536 1158 εἰπὼν,
1571 1093 1653 1146 ὅτι
1677 1090 1864 1149 *Ηλθε

274 1173 349 1227 δὲ
367 1176 458 1242 εις
484 1176 720 1245 τὰμέρη
745 1176 855 1247 τῆς
888 1180 1306 1250 Γεργεσηνῶν,
1354 1185 1454 1239 καὶ
1509 1186 1865 1255 ἀπήντησεν

274 1265 443 1333 αὐτῷ
463 1266 958 1339 δαιμονιζόμενος,
991 1271 1060 1339 ὃς
1090 1273 1395 1344 ἐδεσμεῖτο
1417 1276 1676 1332 ἁλύσεσι
1700 1279 1864 1347 σιδη-

270 1357 432 1426 ραῖς,
463 1360 564 1413 καί
595 1359 815 1414 διέσπα
838 1363 912 1416 τὰ
939 1361 1152 1433 δεσμὰ,
1184 1366 1282 1420 καὶ
1302 1367 1372 1420 ἐν
1404 1367 1528 1435 τοῖς
1552 1368 1866 1439 μνημείοις

273 1447 472 1520 διῆγε,
500 1450 598 1504 καὶ
626 1451 868 1520 ἔκραζεν
890 1469 905 1484 ·
936 1455 1051 1509 'Ea
1072 1471 1086 1486 ·
1122 1456 1179 1511 τί
1202 1457 1347 1527 ἡμῖν
1374 1458 1474 1512 καί
1500 1460 1626 1526 σοί,
1669 1459 1865 1529 Ἰησοῦ

284 1541 386 1596 ne
430 1542 537 1597 τοῦ
594 1544 744 1598 Θεοῦ
760 1561 779 1609 ;
838 1541 1056 1613 Ἦλθες
1099 1547 1211 1617 πρὸ
1261 1550 1471 1618 καιροῦ
1526 1550 1866 1616 βασανίσαι

272 1631 460 1702 ἡμᾶς.
487 1634 599 1688 Kal
628 1634 937 1704 ἠρώτησεν
962 1640 1149 1693 αὐτὸν
1170 1642 1204 1694 d
1242 1641 1467 1710 Ἰησοῦς
1484 1659 1499 1674 ο
1531 1645 1593 1698 Τί
1616 1659 1717 1700 σοι
1736 1644 1866 1700 ὄνος

270 1724 360 1795 μό
387 1726 557 1792 ἐστι;
581 1727 691 1783 Καὶ
725 1724 914 1794 εἶπεν,
964 1727 1053 1783 ὅτι
1093 1730 1342 1802 λεγεὼν,
1369 1733 1457 1787 ὅτι
1488 1735 1693 1790 πολλὰ
1740 1734 1866 1790 δαι-

1965 555 2185 600 ruerunt
2218 547 2271 600 in
2296 559 2459 609 mare,
2511 554 2560 599 et
2589 544 2854 613 perierunt
2892 543 2945 595 in
2986 542 3157 613 aquis.
3192 542 3258 594 Αι
3299 548 3536 610 pastores

1962 636 2233 706 fugerunt,
2264 647 2313 691 et
2348 635 2661 689 nuntiarunt
2691 635 2746 687 in
2778 632 2979 687 urbem.
3024 633 3179 703 Apud
3228 630 3543 685 Matthamm

1962 730 2285 786 daemoniaci
2315 729 2422 785 duo
2453 727 2623 784 fuisse
2660 726 2937 783 dicuntur.
2980 725 3126 780 Idem
3168 738 3362 795 porcos
3406 723 3541 778 sim-

1962 822 2179 892 pliciter
2210 818 2472 889 concipit,
2521 833 2701 889 neque
2741 833 3029 872 numerum
3079 813 3357 884 exprimit.
3401 813 3541 866 Mar-

1961 926 2061 968 cus
2093 926 2225 967 vero
2253 912 2418 965 etiam
2458 923 2752 981 porcorum
2801 923 3087 968 numerum
3119 904 3430 961 accuratius
3453 918 3543 958 ex-

1963 1005 2135 1075 ponit.
2182 1003 2335 1059 Venit
2382 1013 2582 1067 autem.
2613 1001 2863 1072 inquit‘,
2918 1001 2973 1054 in
3016 1008 3194 1068 partes
3225 996 3542 1069 Gergescno—

1962 1112 2102 1158 rum,
2129 1105 2177 1149 et
2202 1095 2434 1150 occurrit
2464 1096 2511 1149 ei
2541 1093 2859 1149 dasmouium
2904 1090 3120 1153 habens,
3160 1090 3250 1159 qui
3286 1088 3541 1158 alligatus

1961 1196 2075 1242 erat
2123 1188 2322 1241 catenis
2367 1186 2574 1256 ferreis,
2630 1195 2679 1240 et
2722 1182 3082 1252 disrumpebat
3135 1180 3363 1242 vincula,
3407 1186 3456 1230 et
3487 1179 3545 1231 in

1966 1277 2317 1331 monumentis
2344 1275 2584 1347 degebat,
2624 1284 2674 1330 et
2716 1273 3105 1341 uociferabatur
3135 1287 3154 1325 :
3192 1270 3339 1326 Sine.
3401 1267 3544 1335 Quid

1967 1367 2117 1424 nobis
2164 1377 2214 1422 et
2256 1368 2371 1434 tibi,
2426 1367 2558 1423 Jesu
2605 1365 2719 1421 Fili
2770 1365 2907 1421 Dei?
2944 1364 3144 1419 Venisti
3174 1372 3296 1416 ante
3342 1370 3542 1429 tempus

1967 1468 2207 1529 torquere
2232 1460 2366 1514 nos?
2391 1456 2460 1510 Et
2494 1456 2833 1528 interrogavit
2863 1456 3036 1525 ipsum
3063 1452 3221 1507 Jesus
3245 1468 3261 1506 :
3286 1451 3439 1518 Quod
3464 1461 3541 1504 est

1966 1550 2061 1604 tibi
2095 1550 2324 1604 nomen?
2346 1548 2417 1603 Et
2442 1550 2622 1604 dixit:
2653 1549 2830 1619 Legio,
2855 1554 3104 1618 quoniam
3147 1545 3315 1600 multa
3352 1544 3546 1599 damo-

1965 1640 2056 1694 nia
2101 1641 2434 1695 intraverant
2476 1642 2533 1695 in
2573 1642 2767 1709 ipsum.
2826 1638 2890 1693 Et
2931 1637 3187 1709 rogabant
3235 1637 3428 1705 ipsum,
3479 1650 3545 1692 ne

1963 1735 2326 1788 emitterentur
2347 1743 2499 1786 extra
2543 1732 2825 1802 regionem,
2856 1730 2946 1784 sed
2987 1739 3043 1782 ut
3083 1729 3137 1783 in
3164 1743 3350 1798 porcos
3371 1727 3545 1797 ingre-

270 1818 458 1887 μόνια
485 1816 773 1888 εἰσῆλθεν
795 1822 883 1886 εὶς
918 1821 1125 1875 αὐτόν.
1178 1823 1290 1877 Kal
1335 1824 1720 1894 παρεκάλουν
1745 1830 1861 1882 αὐ-

1966 1822 2230 1878 derentur.
2266 1822 2399 1876 Erat
2436 1822 2575 1877 enim
2615 1821 2729 1875 illic
2767 1836 2894 1892 grex
2925 1836 3206 1890 porcorum
3235 1819 3325 1888 qui
3360 1830 3543 1886 pasce-

272 1907 387 1963 τὸν
404 1908 493 1979 μὴ
522 1910 943 1981 ἀποσταλῆναι
964 1911 1080 1977 ἔξω
1100 1912 1209 1982 τῆς
1228 1914 1443 1984 χώρας,
1476 1916 1638 1972 ἀλλὰ
1665 1920 1865 1973 εἰσελ-

272 2000 409 2054 θεῖν
436 2004 526 2069 εἱς
548 2002 689 2070 τοὺς
715 2004 963 2073 χοίρους
981 2021 995 2035 ο
1032 2000 1113 2076 ἦν
1145 2006 1256 2075 γὰρ
1278 2006 1408 2062 ἐκεῖ
1431 2009 1620 2079 ἀγέλη
1647 2013 1865 2080 χοίρων

271 2091 657 2164 βοσκομένη,
708 2096 807 2149 καὶ
853 2095 1182 2167 ἐπέτρεψεν
1202 2098 1405 2165 αὐτοῖς
1453 2101 1750 2156 εἰσελθεῖν
1775 2104 1863 2171 είς

272 2184 423 2252 τοὺς
464 2186 733 2256 χοίρους.
787 2185 899 2241 Kal
953 2186 1232 2258 ὥρμησεν
1291 2192 1330 2259 η
1358 2190 1543 2262 ἀγέλη
1586 2192 1736 2246 κατὰ
1755 2192 1861 2247 τοῦ

271 2276 548 2345 κρημνοῦ
574 2278 662 2343 είς
683 2275 796 2344 τὴν
833 2276 1172 2334 θάλασσαν.
1200 2273 1407 2334 Ἦσαν
1424 2279 1535 2351 γὰρ
1571 2283 1650 2348 ὡς
1680 2281 1866 2352 δισχίο

270 2369 419 2431 λιοι,
454 2366 553 2422 καὶ
601 2369 941 2439 ἐπνίγησαν
974 2372 1045 2425 ἐν
1069 2369 1147 2441 τῇ
1198 2372 1502 2442 θαλάσσῃ.
1528 2375 1640 2429 Kal
1670 2378 1724 2429 ot
1746 2376 1858 2441 ,βό-

271 2474 538 2526 σκοντες
573 2460 796 2526 αὐτοὺς
848 2461 1095 2532 ἔφυγον,
1142 2463 1240 2517 καὶ
1296 2464 1661 2534 ἁνήγγειλαν
1694 2466 1765 2521 ἐν
1789 2465 1865 2535 τῇ

272 2551 473 2604 πόλει.
510 2546 655 2624 Ἀρα
689 2548 783 2609 οὖν
839 2554 909 2607 δι’
932 2553 1154 2623 ἄγνοιαν
1183 2554 1371 2628 ἠρώτα
1397 2558 1425 2609 6
1453 2556 1584 2620 Θεὸς
1615 2558 1806 2627 Λόγος,
1836 2560 1866 2612 6

271 2642 347 2697 δι’
375 2644 525 2716 ἡμᾶς
576 2644 862 2716 ἄνθρωπος
900 2644 1161 2716 γεγονὼς,
1193 2648 1288 2702 καὶ
1332 2649 1431 2701 οὐκ
1461 2648 1577 2719 ⁴ᾔδει
1609 2649 1669 2703 τὸ
1694 2650 1869 2722 ὄνομα

270 2737 372 2791 τοῦ
399 2738 676 2810 δαιμονίου
707 2742 838 2814 πρὶν
895 2743 1203 2815 ὲρωτῆσαι;
1254 2743 1413 2799 Ἀλλὰ
1454 2745 1611 2799 εἴωθε
1632 2747 1694 2800 τὸ
1713 2746 1863 2801 Θεῖον

272 2830 343 2883 ἐκ
395 2830 659 2902 στόματος
690 2833 802 2886 τῶν
841 2835 1207 2906 ὲρωτωμένων
1254 2835 1352 2900 τὰς
1401 2837 1704 2907 προφάσεις
1733 2840 1863 2895 ἑκά·

276 2940 414 2994 στης
438 2923 745 2988 ὑποθέσεως
776 2925 1035 2997 ὲκδήλους
1069 2927 1536 2999 παρασκευάζειν.
1580 2928 1738 2984 Οὕτω
1770 2930 1864 2984 καὶ

272 3014 537 3080 ἐνταῦθα,
570 3016 662 3071 ἵνα
680 3015 829 3091 δείξῃ
853 3017 912 3071 τὸ
941 3017 1169 3089 φοϐερὸν
1200 3019 1294 3072 καὶ
1316 3019 1375 3073 τὸ
1399 3019 1603 3091 πλῆθος
1627 3020 1734 3074 τῶν
1758 3022 1864 3075 δαι-

276 3105 480 3178 μόνων,
527 3107 590 3161 τὸ
617 3108 879 3180 ἐρώτημα
906 3112 1160 3175 ποιεῖται,
1208 3110 1296 3165 ἵνα
1322 3112 1387 3164 ὲκ
1413 3110 1680 3182 στόματος
1711 3111 1857 3166 ὲκεί-

273 3216 372 3253 νου
402 3199 464 3253 τὸ
483 3198 795 3271 θαυμαστὸν
842 3199 1001 3275 ἔργον
1048 3201 1517 3275 ὑποδειχθήσεται.
1571 3202 1680 3259 Καὶ
1710 3218 1855 3274 παρ-

272 3289 548 3345 εκάλουν
566 3292 754 3346 αὐτὸν
783 3295 838 3347 ol
865 3293 1145 3364 δαίμονες
1167 3294 1470 3364 λέγοντες·
1497 3295 1594 3364 Μὴ
1615 3296 1861 3366 πέμψῃς

271 3376 438 3449 ἡμᾶς
472 3382 557 3446 είς
584 3380 700 3449 τὴν
734 3381 1011 3437 ἄϐυσσον
1037 3399 1050 3413 ·
1081 3384 1219 3438 ἀλλ’
1242 3384 1566 3455 ἐπίτρεψον
1595 3385 1739 3455 ἡμῖν
1764 3387 1865 3441 ἵνα

271 3467 643 3539 εἰσέλθωμεν
665 3473 752 3537 εὶς
791 3470 933 3537 τοὺς
958 3472 1223 3541 χοίρους.
1262 3473 1370 3527 Kal
1406 3473 1738 3544 ἐπέτρεψεν
1760 3476 1866 3529 αὑ-

1967 1913 2145 1978 batur;
2183 1922 2235 1968 et
2281 1913 2520 1983 permisit
2566 1913 2698 1982 ipsis
2728 1913 2928 1982 ingredi
2972 1913 3027 1965 in
3056 1925 3274 1980 porcos;
3299 1918 3348 1964 et
3382 1909 3544 1962 irruit

1967 2021 2098 2077 grex
2144 2021 2236 2076 per
2281 2022 2511 2076 prwceps
2555 2006 2609 2058 in
2660 2019 2843 2067 mare;
2872 2011 3023 2058 erant
3054 2002 3193 2057 enim
3239 2000 3392 2072 quasi
3434 1999 3541 2055 duo

1968 2101 2164 2165 millia,
2195 2109 2246 2156 et
2275 2101 2538 2171 stt/focam
2586 2111 2709 2155 sunt
2742 2101 2798 2154 in
2846 2101 3002 2154 muri.
3040 2097 3108 2152 Et
3130 2098 3229 2169 qui
3259 2096 3541 2167 pasrebant

1966 2193 2107 2261 ipsos
2136 2192 2402 2263 fugerunt,
2437 2201 2486 2246 et
2512 2194 2824 2246 nuntiarunt
2852 2192 2911 2245 in
2930 2191 3215 2245 civitatem.
3246 2187 3384 2244 Num
3413 2203 3541 2243 vero

1968 2281 2345 2346 DeiVerbum,
2397 2281 2542 2352 quod
2587 2290 2811 2353 propter
2851 2297 2951 2338 nos
2999 2281 3272 2337 hominem
3302 2295 3362 2337 se
3389 2280 3541 2343 fecit,

1965 2371 2235 2442 ejusmodi
2262 2370 2519 2443 quiddam
2552 2387 2617 2426 ex
2655 2371 2963 2441 ignorantia
2998 2370 3403 2438 sciscitabatur,
3444 2384 3543 2424 ne-

1965 2478 2071 2534 que
2099 2463 2364 2519 damonis
2389 2477 2588 2518 nomen
2631 2469 2878 2529 noverat,
2913 2470 3203 2533 antequam
3237 2461 3542 2532 interroga-

1965 2557 2085 2611 ret?
2110 2554 2269 2627 651
2301 2552 2503 2610 Verum
2544 2555 2617 2608 ita
2649 2553 2793 2611 Deus
2836 2552 3015 2610 facere
3043 2555 3350 2618 consuevit,
3382 2563 3435 2608 ul
3469 2568 3542 2610 ex

1967 2648 2206 2712 illorum,
2257 2662 2398 2718 quos
2430 2647 2752 2719 interrogat,
2785 2662 2884 2703 ore
2910 2646 3180 2718 cujusque
3214 2646 3418 2718 negotii
3457 2658 3543 2701 ra-

1966 2743 2144 2797 tiones
2177 2741 2605 2810 occasionesque
2639 2739 2950 2811 patefaciet.
2987 2740 3349 2807 Quamobrem
3385 2745 3434 2794 et
3468 2738 3542 2795 ila

1965 2835 2035 2888 lic
2064 2849 2301 2905 quoque,
2339 2842 2397 2887 ut
2430 2849 2592 2902 quam
2634 2833 2928 2897 terribiles,
2961 2840 3273 2904 quantoque
3314 2847 3541 2887 numero

1964 2924 2237 2980 dieuioues
2267 2932 2451 2979 essent
2485 2922 2776 2987 indicaret,
2807 2924 3145 2994 interrOgare
3167 2926 3320 2994 prius
3343 2923 3538 2987 voluit.

1966 3026 2025 3071 ut
2063 3033 2125 3072 ex
2166 3017 2313 3071 illius
2355 3031 2449 3070 ore
2491 3015 2812 3069 admirabile
2857 3007 3069 3069 facinus
3112 3015 3242 3069 illud
3283 3015 3539 3071 ostende-

1963 3116 2133 3166 retur.
2172 3107 2447 3163 Dazmoues
2491 3123 2650 3176 porro
2694 3106 2953 3178 rogabant
2986 3108 3156 3177 ipsum
3180 3126 3198 3162 :
3232 3106 3316 3162 Ne
3356 3110 3543 3164 mittas

1965 3219 2059 3256 nos
2089 3202 2144 3253 in
2176 3200 2462 3270 abyssum;
2493 3201 2584 3255 sed
2622 3202 2866 3269 permitte
2902 3199 3051 3254 nobis
3081 3209 3138 3253 ut
3176 3198 3542 3271 ingrediamur

1965 3293 2019 3345 in
2046 3307 2266 3360 porcos:
2298 3299 2347 3345 et
2370 3291 2609 3360 permisit
2640 3292 2788 3361 ipsis.
2820 3290 2889 3345 Et
2917 3292 3156 3346 exierunt
3178 3292 3459 3359 daemones,
3488 3299 3543 3346 et

1964 3383 2301 3437 intrauerunt
2346 3383 2400 3436 in
2432 3398 2642 3452 porcos,
2687 3393 2735 3439 et
2769 3384 2925 3441 irruit
2956 3400 3084 3455 grex
3131 3400 3412 3453 porcorum
3449 3398 3542 3453 per

1968 3474 2319 3545 prweipitium
2344 3473 2396 3528 in
2427 3491 2603 3540 mare;
2638 3484 2687 3529 et
2713 3477 2978 3545 perierunt
3009 3476 3063 3529 in
3088 3476 3260 3547 aquis.

271 3563 438 3631 τοῗςο
490 3566 587 3619 καὶ
613 3565 878 3636 ἐξῆλθον
918 3569 971 3621 ot
1003 3567 1284 3637 δαίμονες
1309 3571 1394 3634 εἰς
1434 3568 1575 3636 τοὺς
1603 3570 1868 3639 χοίρους.
1909 3569 2023 3623 Kal
2061 3567 2340 3638 ὥρμησεν
2366 3569 2405 3637 η
2429 3568 2614 3639 ἀγέλη
2647 3568 2764 3623 τῶν
2798 3569 3017 3645 χοίρων
3056 3569 3204 3623 κατά
3234 3569 3340 3624 τοῦ
3395 3585 3540 3639 κρη-

268 3658 434 3730 μνοῦ
454 3662 542 3727 είς
570 3661 687 3731 τὴν
722 3663 1044 3719 θάλασσαν
1063 3681 1077 3695 ο
1121 3665 1220 3719 καὶ
1280 3665 1591 3721 ἀπώλοντο
1632 3666 1701 3720 ἐν
1739 3663 1864 3732 τοῖς
1900 3663 2141 3719 ὕδασιν.

348 3749 474 3807 ΔΔ’.
503 3752 568 3804 Ὢ
608 3752 848 3825 μεγάλης
880 3754 1015 3809 Θεοῦ
1041 3754 1479 3826 φιλανθρωπίαςῐ
1518 3756 1633 3820 πῶς
1667 3755 1727 3810 τδ
1758 3757 1856 3828 μὲν

272 3842 476 3914 ψεῦδος
516 3845 749 3917 ἐλέγχει,
782 3849 895 3911 τοῖς
934 3847 991 3901 δὲ
1022 3847 1226 3912 δούλοις
1271 3848 1435 3904 αὐτοῦ
1470 3849 1567 3922 τὴν
1599 3850 1857 3922 ἀλήθειαν

274 3935 626 3991 ὑποδεικνύει
656 3937 722 3990 δι’
750 3938 947 4011 ἔργων,
979 3941 1072 3993 καὶ
1097 3940 1184 3995 διὰ
1212 3940 1406 4009 λόγων,
1432 3942 1523 3995 καὶ
1555 3941 1643 3995 διὰ
1679 3941 1858 4014 πάσης

275 4025 449 4082 αὑτοῦ
479 4027 579 4096 τῆς
606 4028 939 4099 ἐπιμελείας.
980 4029 1169 4103 Ἐργῳ
1213 4032 1320 4105 γὰρ
1368 4032 1567 4097 ἔδειξεν
1611 4033 1730 4103 οὐχὶ
1758 4033 1857 4104 τὴν

274 4117 454 4191 αὐτὴν
484 4119 661 4191 ψυχὴν
691 4115 830 4176 εἶναι
864 4121 921 4176 ἐν
957 4139 1017 4176 τε
1044 4125 1157 4187 τοῖς
1197 4122 1503 4196 ἀνθρώποις
1537 4126 1631 4178 καὶ
1660 4127 1718 4178 ὲν
1745 4127 1857 4189 τοῖς

273 4212 530 4282 κτήνεσι,
570 4212 666 4265 καὶ
702 4213 760 4267 ἐν
802 4214 917 4278 τοῖς
962 4213 1141 4280 ζώοις.
1183 4217 1245 4269 El
1288 4215 1397 4288 γὰρ
1446 4218 1479 4287 ἡ
1525 4217 1662 4289 αὐτὴ
1712 4216 1858 4288 ψυχὴ

275 4303 522 4374 ὑπῆρχε,
550 4304 657 4358 τίνι
684 4304 827 4377 λόγῳ
857 4305 955 4361 ἕνα
988 4306 1087 4379 μὲν
1115 4306 1435 4379 βουλόμενος
1470 4308 1785 4381 καθαρίσαι,
1823 4308 1857 4378 ἢ

2039 3752 2279 3809 XXXIV.
2317 3752 2361 3810 Ο
2392 3752 2724 3824 singularem
2768 3750 2862 3806 Dei
2906 3751 3328 3822 benignitatem!
3374 3765 3543 3821 quam

1963 3848 2099 3903 bene
2155 3847 2497 3903 mendacium
2546 3843 2848 3915 redarguit,
2903 3858 2967 3898 ac
3015 3843 3189 3899 servis
3250 3844 3384 3906 suis,
3427 3850 3538 3898 tam

1962 3941 2121 3997 factis
2144 3954 2305 4010 quam
2329 3939 2527 4001 verbis,
2552 3946 2605 3991 et
2636 3938 2690 3991 in
2716 3936 2865 3991 omni
2902 3934 3379 3992 administratione
3412 3948 3541 4006 pro-

1964 4034 2315 4104 videutiaque
2364 4047 2461 4087 sua
2508 4032 2789 4087 veritatem
2834 4029 3207 4086 demonstrat!
3250 4026 3366 4082 Iloc
3393 4029 3540 4083 enim

1961 4141 2022 4182 re
2051 4126 2167 4196 ipsa
2196 4123 2544 4196 signiﬁcavit,
2595 4139 2703 4178 non
2735 4122 2980 4177 eamdem
3004 4121 3239 4175 animam
3280 4121 3332 4174 in
3364 4106 3541 4174 homi-

1965 4214 2149 4275 nibus,
2195 4230 2258 4268 ac
2300 4211 2625 4283 pecudibus,
2670 4220 2722 4266 et
2762 4211 2988 4281 reliquis
3032 4209 3402 4263 animantibus
3455 4208 3539 4262 in-

1965 4320 2106 4361 esse.
2164 4303 2296 4358 Nam
2333 4304 2379 4358 si
2414 4304 2600 4358 eadem
2647 4303 2701 4357 in
2747 4303 2856 4358 illis
2903 4301 3043 4358 foret
3085 4301 3286 4367 anima,
3315 4317 3412 4357 cur
3441 4318 3533 4372 qui

278 4395 415 4467 μίαν
439 4394 618 4484 ψυχὴν
647 4396 819 4450 σῶσαι
849 4398 948 4469 τὴν
976 4397 1072 4452 τοῦ
1100 4399 1389 4470 ἀνθρώπου
1427 4399 1520 4453 τοῦ
1561 4399 1859 4471 δαιμονῶν-

1967 4411 2134 4452 unum
2183 4409 2483 4466 repurgare
2510 4395 2695 4461 vellet,
2729 4402 2824 4449 aut
2854 4410 3015 4450 unam
3046 4409 3267 4449 servare
3298 4393 3541 4463 correpti

274 4501 396 4551 τος,
421 4483 683 4555 δισχιλίας
709 4484 845 4557 ὁμοῦ
879 4486 1058 4557 ψυχὰς
1086 4486 1349 4542 ἀπολέσαι
1373 4489 1473 4542 οὐκ
1507 4488 1781 4557 ἐφείσατο,
1810 4489 1859 4541 εί

274 4573 487 4646 habri)
513 4570 615 4647 ἧν;
660 4575 787 4639 Πῶς
815 4576 908 4630 τὸν
933 4577 1030 4631 ἕνα
1066 4577 1375 4652 καθαρίζει,
1405 4580 1437 4651 ἢ
1469 4578 1568 4651 τὴν
1609 4579 1733 4651 μίαν
1759 4579 1861 4651 ψυ-

272 4665 408 4739 χὴν,
441 4667 520 4730 εὶς
548 4665 605 4719 δὲ
638 4667 707 4721 τὰ
746 4667 881 4722 ἄλλα
934 4668 1181 4742 σώματα,
1231 4670 1326 4725 εἴτ’
1374 4666 1468 4725 οὖν
1513 4669 1691 4741 ψυχὰς
1740 4671 1861 4725 ἐπι-

271 4759 470 4832 τρέπει
518 4759 645 4822 τοὺς
684 4758 944 4831 δαίμονας
981 4759 1359 4833 εἰσέρχεσθαι;
1415 4762 1528 4816 Οὐκ
1572 4762 1685 4815 ἔστι
1723 4762 1858 4833 δῆλα

275 4848 461 4905 τὰτοῦ
489 4848 667 4918 φωτὸς
688 4848 859 4922 ἔργα;
886 4852 976 4906 Ἐν
993 4857 1131 4922 φωτί
1164 4854 1300 4906 εἰσιν
1320 4846 1467 4907 οὗτοι
1497 4853 1545 4905 οί
1574 4851 1722 4922 λόγοι
1739 4854 1856 4925 alp-

272 4941 585 5012 γασμένοι;
620 4941 684 4994 οὐ
725 4942 828 5012 τῆς
868 4943 1123 5015 ἀληθείας
1155 4944 1217 4997 τὸ
1264 4944 1553 5016 πρόσωπον
1603 4944 1858 5017 φαιδρόν;

274 5032 406 5104 οὐχὶ
433 5032 612 5086 πάντα
639 5031 757 5085 λεῖα
786 5035 899 5097 τοῖς
947 5032 1210 5098 συνιοῦσι,
1246 5035 1340 5088 καὶ
1376 5033 1513 5105 ὀρθὰ
1558 5037 1670 5100 τοῖς
1716 5035 1863 5106 εὑρίο

276 5142 473 5180 σκουσι
512 5124 749 5194 γνῶσινς
799 5125 903 5188 τίς,
938 5124 1113 5180 ταῦτα
1142 5127 1379 5191 ἀκούσας
1418 5129 1510 5181 καὶ
1544 5128 1858 5202 συγκρίνας,

273 5218 385 5272 οὐκ
415 5216 613 5290 ἐλέγχῃ
655 5217 749 5270 τὸν
792 5216 986 5290 Μάνην
1034 5218 1333 5272 καττύοντα
1373 5219 1409 5273 ἃ
1445 5220 1519 5293 μὴ
1558 5220 1727 5273 δεῖτὸ
1764 5221 1861 5291 τὴν

272 5307 521 5364 διάνοιαν
558 5308 666 5361 τῶν
714 5307 1017 5378 ἀνθρώπων
1052 5313 1116 5363 ὲκ
1159 5309 1253 5363 τοῦ
1287 5311 1439 5373 ὄντος
1484 5310 1858 5383 διαστρέφειν;

286 5399 458 5454 ’Δλλὰ
504 5399 669 5454 πάλιν
715 5399 765 5453 ol
808 5399 1100 5474 ἀλιτήριοι.
1180 5403 1417 5474 Ἀκήκοα
1452 5403 1560 5474 γὰρ
1595 5403 1687 5456 καί
1719 5420 1862 5468 τινος

272 5490 428 5547 οὕτω
469 5491 879 5562 διαλεγομένου.
922 5494 1012 5558 Ὡς
1046 5497 1176 5568 παρ’
1206 5495 1361 5567 ήμῶν
1395 5497 1593 5568 ἢκουσε
1635 5497 1863 5568 ταυτηνὶ

269 5582 383 5654 τὴν
411 5582 816 5654 πραγματείαν,
851 5586 1106 5657 στραφεὶς
1139 5586 1167 5638 ὁ
1208 5586 1503 5661 κτηνώδης,
1535 5587 1749 5659 ἐνόμισε
1787 5588 1863 5659 μή

348 5738 371 5770 ⁸
400 5735 570 5794 ﬂare.
607 5754 661 5806 ν,
695 5738 846 5795 1-15.

1966 4502 1995 4541 a
2030 4485 2370 4541 daemonibus
2416 4485 2652 4542 hominis
2683 4485 2942 4549 animam,
2981 4485 3196 4540 duobus
3231 4485 3538 4538 animarum

1965 4576 2209 4633 millibus
2247 4592 2355 4631 non
2396 4575 2679 4648 pepercit?
2739 4578 2852 4631 (lur
2882 4592 3047 4631 unum
3080 4575 3378 4639 hominem,
3419 4575 3537 4631 sive

1966 4684 2128 4724 unam
2168 4668 2405 4722 animam
2446 4668 2520 4722 ita
2563 4676 2877 4739 perpurgat,
2954 4676 3011 4721 ut
3052 4669 3106 4722 in
3152 4668 3256 4721 alia
3305 4682 3539 4738 corpora

1963 4759 2047 4814 vel
2088 4759 2301 4814 animas
2331 4756 2608 4813 daemones
2653 4758 2861 4828 ingredi
2907 4759 3231 4829 permittat?
3280 4758 3538 4828 Nunquid

1965 4851 2103 4906 lucis
2151 4850 2441 4907 manifesta
2473 4859 2600 4906 sunt
2632 4850 2836 4921 opera?
2883 4850 3000 4906 Non
3045 4852 3164 4907 luce
3209 4851 3384 4922 palam
3417 4865 3540 4919 qum

1964 4944 2077 4999 illic
2123 4953 2420 4999 narrantur
2458 4945 2699 5014 perfecta
2757 4946 2930 5001 sunt?
2977 4944 3168 5001 Nonne
3223 4945 3416 4999 hilaris
3472 4960 3536 4997 ac

1964 5033 2247 5104 Splendida
2290 5035 2539 5091 veritatis
2591 5042 2676 5092 est
2726 5034 2938 5091 facies?
2993 5051 3174 5090 nonne
3214 5036 3377 5104 plana
3406 5044 3535 5089 sunt

1964 5112 2393 5197 intelligentibus
2432 5126 2638 5195 omnia,
2684 5137 2937 5197 rectaque
2977 5126 3079 5193 iis,
3114 5126 3206 5195 qui
3242 5125 3532 5181 scientiam

1964 5221 2303 5290 repererint?
2334 5218 2470 5286 Quis
2502 5220 2615 5275 haec
2637 5220 2890 5282 audiens.
2932 5224 2987 5273 et
3032 5216 3176 5287 apud
3214 5227 3281 5272 se
3300 5232 3531 5287 perpen-

1969 5315 2102 5371 dens
2147 5330 2257 5370 non
2310 5315 2520 5369 Manem
2576 5314 2727 5368 illum
2779 5311 3158 5382 reprehendat,
3190 5311 3280 5381 qui
3316 5326 3378 5365 ea
3413 5327 3535 5381 qua:

1971 5403 2191 5459 minime
2227 5412 2440 5476 oportet
2485 5411 2736 5465 consuat,
2778 5417 2889 5474 quo
2936 5402 3216 5457 hominum
3263 5407 3475 5455 mentes
3506 5416 3537 5451 a

1969 5497 2198 5551 veritate
2226 5497 2564 5567 detorqueat.
2606 5495 2673 5548 At
2696 5494 2840 5549 enim
2885 5502 3118 5566 pergunt
3156 5491 3371 5548 nefarii.
3422 5491 3539 5544 Au-

1970 5587 2078 5643 divi
2113 5588 2255 5644 cnim
2284 5587 2569 5659 quemdam
2598 5603 2663 5645 ex
2695 5588 2801 5645 illis
2830 5587 2930 5645 hoc
2961 5587 3121 5643 modo
3143 5586 3530 5657 disputantem.
