3850 6204
370 313 444 371 8⁷
1790 310 1849 368 S.
1890 308 2231 367 EPlPllANli
3553 283 3627 342 88

377 427 481 494 Qui
519 441 645 480 cum
680 426 824 479 hanc
858 438 886 478 a
918 425 1079 480 nobis
1111 423 1588 480 ratiocinationem
1630 426 1952 495 accepisset,
1982 445 1996 485 Α

2112 423 2271 495 πάρα
2312 420 2534 476 δύναται
2586 416 2724 473 κατὰ
2768 414 2866 485 τῆς
2909 410 3003 466 τοῦ
3047 405 3184 463 Θεοῦ
3224 400 3629 495 ἀληθείας-καὶ

378 532 685 574 conversus
736 517 791 571 in
834 532 957 573 sese
997 517 1227 586 pecudis
1255 517 1417 572 homo
1468 517 1665 572 similis
1710 517 1953 587 cogitare

2112 491 2270 586 ιευης,
2310 511 2521 585 ἔμπλεα
2550 510 2769 582 ῥήματα
2798 503 2975 576 ἑαυτῷ
3004 498 3457 587 προϐαλλόμενος,
3493 491 3631 564 [ἑνό-

379 606 566 676 (ῑωρὶι,
618 602 815 675 ecquid
863 604 1129 660 adversus
1178 604 1417 660 divinam
1465 605 1614 658 illam
1668 586 1953 659 veritatem

2112 608 2208 680 ισε]
2238 608 2305 660 τὰ
2332 600 2560 675 ἀληθινὰ
2590 601 2667 671 τῷ
2691 596 2873 669 ψεύδει
2900 590 3266 668 μηχανᾶσθαι,
3298 586 3401 681 καί
3422 598 3625 681 φησιν’

382 708 569 768 posset
599 697 857 767 obiicere.
887 695 1125 753 Proinde
1159 712 1357 751 vanum
1389 713 1453 752 ac
1479 697 1769 752 ridiculum
1799 697 1958 767 quid-

2112 674 2229 754 ιλλά
2256 674 2527 769 διενήνοχε
2572 696 2685 757 τοῖς
2717 692 2916 764 χοίροις
2948 688 3008 740 τὸ
3038 684 3314 740 τεθνάναι.
3362 674 3633 769 Ἀπηλλά-

384 788 509 843 dam
572 801 857 858 opponens
926 786 1212 840 mendacio
1267 786 1549 841 veritatem
1606 794 1852 840 evertere
1898 799 1960 839 se

2112 811 2235 866 ἦσαν
2266 767 2471 865 γὰρήαί
2501 786 2671 859 ψυχαὶ
2704 784 2814 842 ἀπὸ
2847 781 2955 836 τῶν
2983 778 3273 851 σωμάτων,
3308 772 3403 827 καὶ
3428 767 3637 838 esset).

384 892 550 948 posse
601 876 928 932 crediderat.
1002 874 1095 931 Sic
1154 877 1321 945 igitur
1366 877 1647 931 asserebat
1696 894 1709 929 :
1758 874 1960 930 Utilem
2063 904 2180 943 σαν,

389 970 575 1040 porcis
624 978 857 1024 mortem
890 970 1037 1023 illam
1070 970 1262 1024 fuisse.
1296 969 1371 1022 Ita
1404 970 1549 1024 enim
1580 986 1608 1023 a
1639 969 1961 1039 corporibus

386 1061 633 1117 liberatae
657 1076 721 1116 ac
746 1069 977 1117 servatae
1001 1070 1131 1117 sunt
1162 1061 1379 1115 animae.

466 1152 575 1210 Sed
624 1154 936 1210 istiusmodi
983 1154 1266 1210 hominum
1294 1194 1315 1221 ,η
1360 1154 1453 1223 qui
1505 1152 1642 1208 nihil
1686 1150 1873 1205 vident
1912 1158 1966 1204 et

2138 1153 2249 1208 Kal
2282 1150 2449 1221 πολλὴ
2482 1149 2635 1203 ἄνοια
2666 1143 2775 1198 τῶν
2807 1141 2880 1215 μὴ
2914 1138 3239 1211 βλεπόντων,
3275 1132 3369 1186 καὶ
3405 1130 3503 1223 την
3531 1126 3647 1223 did-

390 1254 574 1300 mente
615 1246 743 1299 caeci
796 1254 943 1310 sunt,
999 1261 1178 1315 neque
1227 1244 1361 1315 quid
1392 1245 1576 1300 dicant
1610 1243 1801 1298 audire
1832 1242 1967 1312 ipsi-

2112 1262 2217 1299 >ιαν
2267 1218 2708 1312 τυφλωττόντων,
2768 1233 2902 1305 μηδὲ
2932 1234 3012 1295 εἰς
3060 1228 3311 1297 αἴσθησιν
3360 1222 3529 1315 ἀκοῆς
3576 1218 3648 1315 τά

391 1346 503 1392 met
527 1337 801 1404 videntur,
835 1338 1065 1409 insignis
1090 1346 1173 1392 est
1194 1339 1468 1393 vecordia.
1497 1336 1631 1391 Nam
1659 1337 1705 1390 si
1735 1336 1967 1391 liberare

2112 1338 2163 1387 π’
2209 1309 2389 1386 αὐτῶν
2435 1329 2702 1398 λεγόμενα
2737 1322 3139 1394 λαμϐανόντων.
3175 1317 3237 1370 Εί
3276 1315 3383 1386 γὰρ
3421 1312 3559 1374 ὅλως
3585 1309 3652 1361 τὸ

394 1445 425 1483 a
455 1430 782 1499 corporibus
833 1429 1044 1486 animas
1094 1430 1334 1485 salutare
1386 1445 1509 1485 esse
1568 1436 1755 1499 putat,
1813 1428 1970 1498 longe

2112 1428 2178 1480 πὸ
2204 1424 2295 1479 τοῦ
2341 1422 2591 1494 σώματος
2625 1414 3000 1485 ἀπαλλαγῆναι
3032 1411 3130 1475 τὰς
3165 1403 3651 1499 ψυχάς-σωτηρίαν

396 1520 703 1576 consultius
746 1520 995 1575 Salvator
1025 1522 1251 1591 egisset,
1283 1523 1327 1576 si
1357 1531 1674 1590 correptum
1709 1535 1739 1572 a
1773 1520 1972 1573 daemo-

2112 1521 2305 1587 γεῖται,
2338 1490 2443 1569 ἔδει
2492 1511 2689 1584 μᾶλλον
2740 1509 2832 1561 τὸν
2865 1505 3097 1576 Σωτῆρα
3129 1496 3444 1591 ἀποστεῖλαι
3490 1493 3524 1591 ⁷.
3558 1490 3655 1544 τὸν

399 1610 564 1664 nibus
592 1609 868 1664 hominem
920 1584 1242 1680 ablegasset,
1290 1609 1455 1680 652
1507 1584 1566 1663 ut
1612 1609 1681 1663 ab
1732 1607 1973 1663 hominis

2112 1584 2413 1681 atpo‘aﬂivza
2446 1603 2751 1675 ἄνθρωπον,
2780 1600 2866 1653 ἵνα
2898 1595 3043 1666 σωθῇ
3081 1596 3114 1665 ἠ
3150 1589 3294 1661 ψυχὴ
3316 1586 3433 1681 ,ἀπὸ

397 1716 629 1771 corpore
660 1703 889 1757 liberata
922 1704 1145 1760 tandem
1178 1702 1354 1756 anima
1402 1702 1634 1758 salutem
1681 1702 1970 1756 obtineret.

2112 1673 2181 1764 ος.
2210 1697 2495 1771 ἀνθρώπου
2545 1673 2939 1759 ἆπαλλαγεῖσα.
2978 1682 3185 1738 Οὐκοῦν
3223 1680 3413 1771 ἠγάπα
3449 1673 3657 1771 μᾶλλρν

398 1793 542 1865 Ergo
575 1796 789 1850 animas
833 1794 977 1859 illas,
1026 1809 1148 1864 quae
1190 1794 1245 1847 in
1295 1794 1479 1862 porcis
1524 1794 1759 1857 inerant,
1806 1791 1979 1861 pluris

2114 1761 2176 1854 ἀὲ
2200 1761 2375 1860 ψυχάς
2408 1785 2507 1848 τὰς
2548 1786 2606 1838 ὲν
2635 1784 2748 1844 τοῖς
2776 1779 2976 1851 χοίροις
3021 1772 3161 1843 ὑπὲρ
3192 1771 3302 1865 τὴν
3330 1765 3507 1865 dum),
3559 1761 3659 1865 ,ἰὴν

400 1887 640 1943 hominis
686 1887 870 1941 anima
921 1885 1173 1940 faciebat.
1223 1885 1333 1939 Cur
1380 1884 1526 1939 enim
1574 1899 1684 1938 non
1717 1894 1772 1938 et
1803 1884 1979 1938 homi-

2113 1883 2172 1938 οὗ
2215 1854 2525 1951 ανθρώπου.
2567 1875 2686 1928 Τίνι
2717 1873 2825 1942 γὰρ
2861 1868 2938 1938 τῷ
2970 1866 3114 1935 λόγῳ
3153 1861 3275 1932 οὐχὶ
3317 1856 3529 1951 καὶτὸν
3560 1854 3655 1951 av-

399 1992 523 2031 nem
562 1977 618 2031 in
653 1991 804 2031 mare
831 1991 955 2031 cum
989 1976 1173 2046 porcis
1222 1976 1564 2045 praecipitare
1607 1983 1662 2030 et
1704 1975 1979 2045 exstingui

2119 1990 2296 2043 ρωπον
2320 1944 2458 2043 μετὰ
2507 1966 2613 2021 τῶν
2642 1964 2839 2035 χοίρων
2869 1955 3167 2029 ἐπέτρεψεν
3207 1947 3550 2046 ὲμϐληθῇναι
3579 1944 3660 2044 εἰς

400 2083 598 2141 passus
650 2078 755 2133 est,
805 2082 915 2137 quo
967 2068 1255 2122 universas
1304 2067 1536 2128 animas,
1585 2076 1693 2120 tam
1742 2065 1981 2121 hominis

2118 2040 2377 2128 άλασσαν,
2406 2064 2501 2116 καὶ
2528 2059 2840 2121 ἀποθανεῖν,
2877 2056 2956 2118 είς
2982 2052 3042 2104 τὸ
3072 2048 3169 2111 τὰς
3196 2043 3373 2115 ψυχὰς
3397 2040 3526 2141 bitas
3564 2040 3661 2089 τοῦ

398 2160 611 2216 scilicet
642 2174 804 2229 quam
841 2174 1163 2229 porcorum,
1214 2166 1532 2229 repurgaret
1579 2173 1642 2213 ac
1692 2158 1977 2213 servaret?

2114 2178 2140 2213 ε
2168 2156 2456 2231 ἀνθρώπου
2486 2154 2581 2207 καὶ
2607 2152 2715 2204 τῶν
2748 2148 2943 2220 χοίρων
2967 2138 3283 2211 καθαρίσαι,
3329 2132 3423 2187 καὶ
3455 2129 3663 2191 σῶσαι;

404 2245 607 2309 Verum
655 2220 817 2324 longe
842 2220 1025 2309 laliter
1071 2220 1220 2308 istud
1273 2220 1663 2324 intelligimus;
1711 2250 1981 2321 siquidem

2112 2250 2237 2305 Αλλ’
2275 2220 2385 2317 ὀὐχ
2430 2244 2603 2306 οὕτως
2651 2241 2898 2310 εἴδομεν·
2951 2233 3087 2288 ἀλλὰ
3132 2223 3523 2324 Λάζαρον-μεν
3557 2220 3667 2324 ἀπὸ

405 2343 672 2401 Lazarum
700 2361 731 2401 e
756 2353 1113 2401 monumento
1138 2346 1562 2415 quatriduanum
1580 2351 1793 2409 evocat,
1821 2352 1985 2413 atque

2112 2312 2695 2413 ινημείου-τεταρταῖον
2732 2331 2908 2393 καλεῖ,
2938 2327 3031 2382 καὶ
3069 2323 3296 2395 ἐγείρει,
3325 2316 3530 2415 καὶ-είς

407 2436 634 2505 excitat,
663 2443 718 2492 et
764 2436 820 2490 in
864 2434 1132 2490 mundum
1181 2434 1436 2501 reducit;
1475 2449 1575 2489 nec
1621 2433 1809 2503 utique
1853 2432 1982 2485 mali

2112 2400 2224 2505 ιμόν
2252 2400 2592 2501 ἐπιστρέφει,
2626 2426 2686 2479 οὐ
2732 2422 2994 2493 πονηρίαν
3027 2415 3177 2487 αὐτῷ
3218 2410 3517 2484 προξενῶν,
3548 2400 3669 2505 odiis

406 2528 709 2600 quidquam
738 2543 805 2583 eo
838 2526 984 2583 facto
1013 2526 1307 2582 conciliare
1333 2526 1523 2589 voluit,
1560 2532 1655 2579 aut
1684 2494 1981 2580 absurdum

2172 2494 2462 2595 ἁϐέλτερόν
2495 2494 2645 2590 αὐτῷ
2700 2513 3084 2588 ἐργαζόμενος.
3146 2504 3371 2600 Ὴγάετα
3408 2501 3546 2600 τὰρ-
3562 2494 3671 2600 τόν

408 2622 459 2676 ei
494 2620 702 2691 aliquid
744 2619 1101 2711 ineptumque
1132 2618 1331 2675 facere.
1368 2616 1597 2672 Amabat
1630 2615 1982 2671 enimLaza-

408 2729 551 2777 rum,
592 2713 669 2767 ait
705 2708 990 2783 Scriptura
1015 2713 1055 2765 ¹.
1106 2710 1276 2778 Quem
1314 2711 1482 2781 igitur
1514 2710 1752 2776 amabat,
1800 2726 1899 2764 cur
1928 2708 1984 2763 in

409 2818 655 2871 carnem,
696 2804 743 2859 si
789 2818 854 2859 ea
896 2804 1038 2858 mala
1077 2813 1182 2868 est,
1234 2802 1446 2874 regredi
1490 2802 1705 2857 voluit?
1739 2818 1840 2857 cur
1875 2818 1984 2858 non

410 2906 686 2951 mortuum
714 2896 865 2949 illum
908 2894 1078 2951 semel
1108 2894 1528 2963 cxsolutumque
1550 2908 1779 2962 corpore
1809 2893 1881 2946 ita
1912 2892 1989 2947 uti

411 2992 532 3039 erat
576 2984 842 3054 reliquit?
871 2980 983 3038 Nec
1016 2992 1101 3038 est
1128 2980 1272 3052 quod
1301 2981 1404 3036 sibi
1437 2980 1724 3050 quisquam
1753 2992 1988 3047 persua—

412 3079 539 3133 d-eat
581 3076 854 3131 Lazarum
910 3075 1147 3131 subinde
1191 3090 1313 3131 esse
1364 3082 1663 3127 mortuum.
1696 3070 1811 3125 Hoc
1842 3070 1987 3125 enim

2087 2591 2382 2687 Λάζαρον,
2399 2614 2562 2685 φησὶν
2592 2614 2626 2683 η
2656 2608 2865 2682 Γραφή.
2902 2606 2999 2659 Ὃν
3026 2601 3215 2672 ἠγάπα
3244 2592 3588 2687 «humari;
3614 2591 3672 2687 fu

2086 2710 2152 2777 τῇ
2187 2679 2353 2778 σαρκὶ
2384 2679 2710 2771 ἀνακάμψαι*
2740 2698 2935 2759 ἐποίει,
2976 2693 3135 2763 εἴπερ
3181 2685 3389 2758 πονηρὰ
3432 2685 3468 2756 ἡ
3498 2679 3674 2778 σάρξ

2322 2797 2422 2850 οὐκ
2452 2796 2602 2849 εἴασε
2638 2790 2839 2863 μᾶλλον
2868 2788 2959 2840 τὸν
2991 2783 3142 2849 ἅπαξ
3180 2779 3544 2839 ἀποθανόντα,
3578 2774 3676 2829 καὶ

2092 2890 2200 2943 ἀπὸ
2247 2886 2499 2959 σώματος
2528 2882 2804 2942 σωθέντα;
2837 2877 2947 2931 Kal
2992 2876 3067 2947 μή
3112 2890 3197 2937 τις
3223 2870 3419 2959 νομίσῃ
3443 2866 3537 2920 τὸν
3567 2863 3679 2959 ἰξά-

2096 2979 2261 3049 ζαρον
2314 2952 2476 3037 εὐθὺς
2527 2971 2689 3026 πάλιν
2733 2962 3199 3033 τετελευτηκέναι.
3252 2957 3501 3049 Δείκνυσι
3545 2952 3678 3049 γάρ,

2098 3041 2285 3138 σαξρῶς
2322 3066 2383 3119 τὸ
2417 3064 2570 3134 ἅγιον
2602 3058 2952 3128 Εὑαγγέλιον,
2986 3056 3069 3108 ὅτι
3103 3052 3349 3106 ἀνέκειτο
3375 3047 3404 3099 ὁ
3443 3041 3681 3138 Ἰησοῦς,

414 3170 767 3242 Evangelium
799 3177 987 3240 aperte
1013 3168 1276 3231 declarat,
1321 3165 1647 3221 accubuisse
1675 3172 1865 3235 postea
1897 3161 1992 3217 1e-

2112 3134 2195 3216 tal
2227 3163 2255 3213 ὁ
2294 3157 2544 3230 Λάζαρος
2587 3154 2832 3208 ἀνέκειτο
2884 3148 2998 3220 μετ’
3029 3143 3218 3201 αὐτοῦ.
3280 3138 3442 3242 Ἀλλά
3487 3135 3583 3242 καὶ
3623 3134 3684 3242 ιν

414 3280 576 3329 sum,
626 3275 682 3317 et
725 3278 848 3317 cum
897 3276 963 3317 eo
1008 3260 1277 3315 Lazarum
1329 3259 1588 3313 similiter
1643 3256 1989 3312 accubuisse.

419 3356 561 3424 Quin
591 3364 645 3411 et
678 3354 811 3408 illud
846 3353 988 3408 inter
1015 3351 1362 3406 Traditiones
1398 3351 1723 3421 reperimus,
1771 3349 1992 3419 triginta

416 3460 532 3502 tum
575 3461 750 3502 annos
792 3454 978 3499 natum
1032 3443 1202 3499 fuisse
1233 3441 1522 3505 Lazarum,
1550 3455 1673 3495 cum
1703 3455 1733 3493 a
1764 3440 1994 3494 mortuis

414 3540 689 3595 excitatus
706 3546 812 3594 est.
836 3537 1013 3608 Atque
1030 3536 1170 3590 idem
1194 3535 1281 3587 ille
1304 3540 1491 3603 postea
1517 3532 1737 3604 triginta
1760 3531 1881 3586 aliis
1899 3547 1988 3585 an-

416 3630 505 3685 nis
536 3628 692 3683 vixit.
732 3630 910 3698 Atque
944 3627 1020 3680 ita
1058 3632 1309 3679 mortuus
1358 3623 1425 3678 ad
1474 3621 1766 3677 Dominum
1811 3622 1993 3686 rediit,

414 3731 470 3776 et
517 3736 642 3776 cum
696 3719 898 3775 illustri
944 3716 1187 3774 nominis
1237 3716 1379 3770 fama
1430 3722 1656 3770 vocatus
1694 3722 1800 3777 est,
1851 3721 1909 3769 ut
1944 3721 1997 3769 et

416 3809 598 3863 carteri
635 3823 829 3863 omnes
858 3807 925 3861 ad
956 3806 1161 3861 ultima:
1197 3804 1623 3860 resurrectionis
1653 3818 1827 3873 usque
1860 3811 1999 3859 tem-

418 3915 543 3969 pus,
576 3898 817 3969 quando,
855 3904 914 3951 ut
945 3896 1221 3967 pollicitus
1273 3902 1379 3961 est,
1432 3894 1751 3964 unigenitus
1788 3892 1881 3949 Dei
1915 3891 2001 3947 Fi-

415 3989 525 4044 lius
570 4003 773 4059 corpus
815 3988 1033 4051 animae,
1090 3985 1420 4056 corporique
1454 3985 1706 4041 restituet
1737 3985 1997 4050 animam,

416 4092 472 4137 et
499 4081 797 4152 unicuique
828 4088 992 4151 prout
1020 4080 1211 4151 gessit,
1247 4079 1364 4135 sive
1386 4079 1614 4144 bonum,
1646 4079 1761 4135 sive
1796 4078 1999 4132 malum

416 4173 681 4247 rependet
700 4176 720 4205 ²
733 4214 747 4227 .

485 4262 706 4318 XXXV.
750 4262 963 4320 Etenim
1008 4262 1112 4318 nisi
1159 4276 1453 4334 corporum
1501 4262 1689 4317 futura
1725 4269 1872 4316 esset
1898 4258 2000 4313 ali-

419 4357 641 4428 quando
678 4357 1027 4418 resurrectio,
1075 4356 1206 4425 quid
1257 4356 1350 4411 ille
1399 4355 1503 4409 sibi
1544 4354 1710 4409 vellet
1755 4353 2001 4409 dentium

420 4450 628 4506 stridor
656 4449 716 4503 '?
748 4448 860 4504 Nec
882 4456 965 4504 est
991 4449 1137 4519 quod
1171 4449 1338 4518 aliqui
1380 4447 1594 4504 insanis
1632 4447 1739 4501 illis
1774 4446 2002 4500 vocibus

423 4543 784 4614 obstrepant:
826 4540 1029 4596 Dentes
1065 4541 1228 4596 nobis
1262 4540 1328 4595 ad
1355 4538 1727 4594 mandendum
1761 4554 1884 4595 esse
1924 4537 2006 4591 fa-

425 4636 694 4690 bricatos.
726 4632 935 4705 Ecquid
975 4648 1106 4688 vero
1146 4633 1251 4686 cibi
1286 4640 1409 4702 post
1440 4641 1785 4685 mortuorum
1813 4645 2005 4683 resur—

424 4728 724 4782 rectionem
757 4724 1145 4781 comedemus?
1183 4723 1385 4779 Verum
1429 4737 1554 4778 cum
1596 4731 1722 4793 post
1752 4736 2005 4777 resurre-

423 4820 660 4887 ctionem
704 4816 866 4874 Jesus
900 4817 1143 4872 secundo
1197 4816 1379 4870 cibum
1437 4813 1881 4879 manducaverit,
1943 4826 2007 4867 ac

421 4911 491 4965 de
535 4918 722 4966 assato
758 4911 930 4981 pisce.
962 4917 1016 4964 et
1070 4908 1192 4962 favo
1238 4908 1415 4962 mellis
1461 4905 1843 4971 comederit‘;
1876 4920 2005 4960 nec-

421 5018 533 5057 non
585 5010 799 5055 etcum
851 4999 1140 5070 discipulis
1191 4998 1554 5069 quadraginta
1594 4996 1787 5054 diebus
1818 4997 2003 5051 cibum

422 5094 720 5165 sumpserit
750 5094 793 5158 ⁸,
830 5107 1013 5146 nonne
1041 5090 1223 5145 cibum
1264 5090 1358 5144 illo
1394 5104 1612 5160 quoque
1648 5098 1893 5159 tempore
1920 5086 2005 5141 fu—

423 5198 608 5243 turum
654 5185 1014 5259 putabimus?
1047 5183 1368 5253 Quanquam
1398 5182 1466 5237 de
1490 5182 1613 5237 cibo
1653 5182 2003 5252 perspicuum

424 5283 552 5336 inde
587 5290 694 5342 est,
736 5279 881 5350 quod
943 5278 1250 5333 scribitur:
1286 5276 1480 5329 Beatus
1520 5276 1608 5345 qui
1665 5274 2007 5328 manducabit

422 5386 613 5435 panem
665 5372 719 5424 in
774 5387 929 5441 regno
975 5368 1287 5423 caelorum“.
1329 5366 1443 5421 lmo
1483 5374 1537 5420 et
1577 5366 1749 5436 ipsius
1788 5364 2005 5419 Domini

426 5464 567 5519 haud
616 5462 848 5518 obscura
888 5462 1212 5531 promissio:
1251 5458 1511 5514 Sedebitis
1546 5460 1614 5511 ad
1647 5474 1884 5513 mensam
1906 5455 2011 5510 Pa-

498 5646 513 5673 ¹
548 5642 705 5698 Ιοειςι.
744 5659 814 5701 XI,
849 5641 936 5696 '56.
1016 5644 1035 5672 ¹
1064 5640 1107 5693 ll
1138 5642 1261 5696 Cor.
1307 5642 1471 5704 ν,10.

422 5716 442 5747 '
468 5714 530 5773 Ρ.
564 5716 896 5768 ἀποκτεῖναι.
975 5712 994 5743 ⁸
1026 5712 1152 5784 ch.
1188 5712 1281 5764 καὶ
1308 5730 1457 5781 κοιμ.

1590 5644 1607 5675 ³
1642 5641 1830 5697 Matth.
1868 5654 1986 5704 vm,
2030 5638 2115 5693 12.

2099 3226 2466 3327 Παραδόσεσιν
2496 3249 2751 3322 εὕρομεν,
2794 3247 2875 3298 ὅτι
2921 3240 3215 3312 τριάκοντα
3242 3233 3377 3289 ἑτῶν
3403 3226 3473 3327 ην
3504 3229 3684 3327 τότε-ἁ

2099 3319 2370 3416 Αάξαρος,
2403 3343 2493 3396 ὅτε
2526 3319 2846 3409 ἐγήγερται.
2877 3332 3029 3387 Μετὰ
3054 3330 3111 3383 δὲ
3149 3328 3208 3381 τὸ
3246 3320 3546 3416 ἀναστῆσαι

2098 3407 2211 3491 ’τὸν⁷
2232 3407 2366 3491 έλλά
2397 3407 2712 3506 τριάκοντα
2738 3427 2832 3497 ἔτη
2860 3426 3020 3496 ἔζησε
3043 3439 3056 3451 ·
3099 3419 3192 3474 καὶ
3235 3416 3376 3470 οὕτω
3408 3411 3547 3506 πρὸς

2099 3548 2212 3603 ριον
2244 3502 2542 3599 ἐξεδήμησε
2578 3518 2903 3594 κοιμηθεὶς⁸
2936 3513 3138 3586 ἐκλήθη
3172 3508 3308 3582 μετὰ
3342 3503 3543 3603 σεμνοῦ
3564 3502 3688 3603 ὀνό-

2102 3596 2292 3697 ματος,
2342 3596 2593 3690 καθάπερ
2638 3615 2839 3676 πάντες
2870 3612 2975 3674 ἕως
3004 3608 3101 3678 τῆς
3139 3604 3287 3697 ὥρας
3309 3599 3411 3671 τῆς
3449 3596 3678 3697 ἀγαστά-

2104 3690 2261 3780 σεως,
2294 3713 2382 3766 ὅτε
2413 3707 2596 3782 μέλλει
2643 3707 2673 3758 ό
2700 3700 3035 3771 Μονογενὴς,
3058 3697 3134 3760 ὼς
3157 3694 3444 3763 ὑπέσχετο,
3471 3690 3690 3782 άποκα-

2104 3807 2293 3879 θιστᾷν
2319 3805 2380 3859 τὸ
2411 3781 2569 3875 σῶμα
2595 3804 2661 3874 τῇ
2686 3799 2855 3871 ψυχῇ,
2886 3793 2980 3848 καὶ
3004 3790 3101 3861 τὴν
3130 3786 3310 3859 ψυχὴν
3327 3781 3692 3879 ᾅτῷᾼσὼματι,

2102 3901 2198 3954 καὶ
2234 3873 2432 3953 διδόναι
2461 3873 2680 3964 ἑκάστῳ
2709 3888 2852 3946 καθὰ
2880 3883 3137 3958 ἔπραξεν,
3166 3880 3286 3953 ἦτοι
3314 3874 3540 3947 ἀγαθὸν,
3569 3873 3695 3944 ἦτοι

2104 3989 2309 4061 φαῦλον

2178 4252 2302 4305 ΛΕ¹.
2352 4248 2411 4301 Εἰ
2460 4247 2535 4318 μὴ
2569 4244 2678 4315 γὰρ
2718 4240 2985 4312 σωμάτων
3036 4235 3331 4297 ἀνάστασις
3374 4227 3474 4303 ἦν,
3529 4228 3695 4282 πόθεν

2111 4342 2355 4418 βρυγμὸς
2384 4340 2644 4401 όδόντων;
2686 4334 2845 4388 Ἀλλὰ
2878 4331 2953 4404 μὴ
2984 4329 3146 4382 πάλιν
3171 4327 3240 4381 τὰ
3268 4326 3369 4393 τῆς
3394 4322 3695 4418 φρενοϐλα-

2107 4414 2262 4500 ϐείας
2295 4434 2440 4497 τινὲς
2488 4431 2738 4495 εἴπωσιν,
2780 4429 2862 4481 ὅτι
2909 4426 3120 4487 ὀδόντες
3168 4421 3261 4476 ἐπὶ
3307 4419 3370 4473 τὸ
3414 4414 3697 4489 μασᾶσθαι

2113 4533 2244 4602 ἡμῖν
2302 4529 2408 4581 είσι
2474 4520 2997 4593 κατεσκευασμένοι.
3050 4516 3216 4571 Ποίαν
3260 4513 3437 4567 τοίνυν
3492 4508 3698 4578 ἐδωδὴν

2118 4622 2380 4695 μέλλομεν
2424 4619 2627 4673 ἐσθίειν
2662 4615 2800 4688 μετὰ
2844 4612 2941 4685 τὴν
2978 4610 3086 4664 τῶν
3118 4606 3327 4681 νεκρῶν
3360 4603 3697 4665 άνάστασινς

2118 4694 2178 4769 Εἰ
2210 4713 2319 4784 γὰρ
2381 4711 2517 4783 μετὰ
2565 4709 2859 4764 ἀνάστασιν
2902 4702 3153 4775 δεύτερον
3198 4698 3473 4770 βέϐρωκεν
3520 4697 3551 4749 ὁ
3600 4694 3704 4764 Ἰη-

2118 4806 2266 4872 σοῦς,
2300 4806 2395 4860 καὶ
2424 4804 2483 4871 ἐξ
2512 4801 2690 4875 ἰχθύος
2731 4796 2897 4852 ὀπτοῦ
2934 4796 3120 4867 μέρος,
3150 4791 3246 4846 καὶ
3275 4790 3382 4843 ἀπὸ
3414 4785 3701 4859 μελισσίου

2114 4900 2338 4973 κηρίον,
2387 4897 2484 4951 καὶ
2530 4892 2823 4965 συνηλίσθη
2870 4892 2980 4952 τοῖς
3038 4885 3308 4959 μαθηταῖς
3358 4882 3424 4936 δι’
3469 4879 3702 4952 ἡμερῶν

2112 4993 2552 5063 τεσσαράκοντα’
2606 4985 2716 5058 ἆρα
2755 4987 2856 5040 οὐκ
2910 4984 3063 5037 ἔσται
3124 4980 3357 5052 βρῶσιςς
3406 4975 3519 5029 Kal
3567 4973 3703 5043 περὶ

2119 5087 2215 5158 μὲν
2243 5086 2497 5157 βρώσεως
2528 5080 2697 5151 σαφές
2720 5080 2887 5143 ἐστιν,
2912 5078 2992 5130 ὅτι
3020 5071 3323 5142 Μακάριος
3357 5068 3424 5135 ὃς
3449 5064 3705 5136 φάγεται

2116 5180 2298 5249 ἄρτον
2334 5179 2404 5231 ἐν
2429 5174 2502 5244 τῇ
2537 5172 2829 5241 βασιλείᾳ
2870 5170 2991 5225 τῶν
3040 5165 3331 5236 οὐρανῶν.
3374 5162 3484 5217 Kal
3527 5157 3701 5213 αὑτοῦ

2114 5269 2207 5323 τοῦ
2260 5267 2465 5338 Κυρίου
2516 5266 2551 5335 ἡ
2588 5263 2897 5334 ὑπόσχεσις,
2948 5261 3029 5313 ὅτι
3075 5258 3329 5311 Ἔσεσθε
3372 5249 3705 5319 καθήμενοι

2115 5359 2211 5413 ἐπὶ
2246 5357 2356 5425 τῆς
2386 5355 2676 5426 τραπέζης
2702 5354 2808 5408 τοῦ
2849 5352 3079 5421 Πατρός
3102 5366 3222 5419 μου
3259 5346 3573 5409 ἐσθίοντες
3603 5340 3705 5395 καὶ

2118 5456 2415 5520 πίνοντες.
2456 5450 2566 5505 Kal
2596 5449 2657 5502 τὸ
2686 5448 2782 5520 μὲν
2809 5445 3010 5499 ἐσθίειν
3038 5444 3130 5498 καὶ
3158 5442 3332 5496 πίνειν
3371 5436 3519 5509 αὐτῷ
3552 5436 3705 5508 μόνῳ

2231 5639 2251 5669 ⁸
2280 5638 2411 5691 Luc.
2446 5652 2591 5701 xxw,
2620 5633 2707 5688 42.
2820 5632 2839 5662 ⁸
2868 5632 2988 5685 Act.
3026 5644 3064 5692 ι,
3093 5624 3147 5678 5.
3254 5622 3275 5653 ⁸
3300 5618 3434 5675 Luc.
3466 5631 3583 5683 xw,
3612 5614 3704 5671 l5.
