3850 6204
175 300 234 356 89
790 299 1164 359 ADVERSUS
1196 300 1540 359 ΗΕΒεὸεὸ
1573 301 1702 360 ιω.
1746 303 1808 359 Il.
1849 305 2012 364 TOM.
2052 307 2118 364 ll.
2155 339 2221 350 —
2261 307 2532 363 HERES.
2575 307 2759 362 LXVI.
3337 307 3410 364 90

172 423 456 487 ιγνωσταιο
493 419 679 491 ἐπειδὴ
714 417 753 474 d
787 420 1093 491 ὀφθαλμὸς
1127 422 1239 476 οὐκ
1275 417 1419 486 εἶδε,
1468 423 1568 475 καὶ
1612 419 1722 486 οὖς

1846 426 1919 480 ris
1953 429 2073 490 mei,
2107 429 2429 481 comedenles
2466 434 2514 480 et
2554 425 2780 478 bibentes
2805 423 2846 478 ¹.
2877 421 2984 478 Sed
3020 424 3164 495 quod
3211 423 3278 478 ad
3327 427 3408 480 ci-

172 515 270 568 οὐκ
302 511 594 581 ἤκουσεν,
628 513 767 567 οὔτε
793 514 890 567 ἐπὶ
921 513 1173 584 καρδίαν
1197 516 1508 585 ἀνθρώπου
1528 517 1736 586 ἀνέϐη,

171 604 277 658 ὅσα
335 605 668 673 ἡτοίμασεν
721 605 958 677 (Lm;-
1001 605 1126 674 (οἷς
1167 604 1483 677 ἀγαπῶσιν
1529 610 1733 664 αὐτόν.

183 693 310 746 Ἀλλ’
336 694 525 765 ἐπειδὴ
549 693 988 765 sesami
1021 695 1099 766 τῷ
1137 696 1308 769 τόπῳ,
1343 697 1443 762 τὰς
1478 698 1737 770 διαφορὰς

171 785 268 839 τῶν
296 785 486 856 ψυχῶν
513 785 904 857 ὑφηγούμενοι,
952 787 1048 840 καὶ
1074 786 1144 840 τὰ
1185 786 1245 852 ἐξ
1285 789 1453 859 αὐτῆς
1480 789 1578 860 τῆς
1608 788 1740 860 ἀλη-

171 879 331 943 θείας,
355 878 564 931 καὶτοῦ
595 878 993 948 ύποδείγματος
1019 877 1264 944 ἐντελοῦς
1284 879 1473 944 ὅντως,
1499 881 1580 934 δτι
1604 879 1737 953 άλλη

173 971 262 1042 μὲν
284 969 431 1040 ψυχὴ
455 966 765 1041 ἀνθρώπου,
796 969 929 1042 άλλη
959 969 1017 1023 δὲ
1042 971 1273 1042 κτήνους
1295 986 1310 1002 ·
1340 971 1437 1025 καὶ
1478 971 1577 1024 οὐκ
1605 967 1738 1043 ἦλθε

173 1067 332 1120 σῶσαι
362 1065 460 1138 τὴν
488 1066 668 1138 ψυχὴν
692 1064 787 1120 τοῦ
823 1067 1073 1138 κτήνους,
1114 1065 1254 1120 άλλά
1280 1064 1376 1120 τοῦ
1411 1065 1698 1136 ἀνθρώπου
1719 1081 1734 1097 ο

168 1159 294 1214 διότι
339 1158 412 1212 τὰ
464 1159 633 1229 κτήνη
684 1158 744 1211 ού
794 1157 1062 1230 κρίνεται.
1119 1158 1431 1229 ’Ἄνθρωποι
1484 1157 1586 1228 μὲν
1629 1157 1737 1227 γὰρ

171 1251 555 1323 κληρονομοῦσι
599 1249 875 1322 βασιλείαν
899 1249 1165 1321 οὐρανῶν,
1197 1250 1292 1304 καὶ
1318 1249 1595 1322 ἄνθρωποι
1615 1250 1736 1318 upi-

171 1360 361 1397 νονται.
406 1343 874 1396 Ἀπελεύσονται
906 1339 1018 1411 γὰρ
1063 1336 1230 1396 οὗτοι
1259 1342 1346 1407 είς
1377 1341 1578 1410 κρίσιν
1605 1339 1739 1394 αίώ-

169 1449 316 1495 γιον,
357 1433 457 1487 καὶ
490 1426 656 1488 οὗτοι
701 1433 790 1496 εὶς
821 1427 978 1500 ζωὴν
1012 1428 1272 1495 αἰώνιον,
1308 1431 1474 1502 φησὶν
1511 1432 1540 1484 ὁ
1570 1431 1738 1485 Mavo-

169 1525 346 1596 γενής·

1841 517 1967 572 bum
1997 517 2149 572 illum
2198 525 2495 587 potumque
2547 514 2816 586 pertinet,
2874 514 3026 571 solus
3072 515 3163 570 ille
3207 517 3400 570 novit:

1838 607 2276 679 quandoquidem
2311 623 2428 678 qua:
2457 623 2548 662 nec
2583 604 2766 660 oculus
2807 607 2959 673 vidit,
3000 624 3092 663 nec
3129 611 3273 663 auris
3309 626 3408 662 au-

1837 699 1986 763 divit,
2017 717 2108 755 nec
2138 701 2192 754 in
2216 717 2306 754 cor
2326 699 2550 755 hominis
2580 699 2944 766 ascenderunt,
2992 717 3106 772 qua:
3134 717 3407 772 prwpara-

1838 792 1910 845 ait
1943 791 2079 846 Deus
2120 792 2281 864 653
2309 792 2646 864 diligentibus
2671 809 2725 848 se
2747 794 2788 847 ².
2828 793 2933 848 Sed
2966 793 3080 849 haec
3103 793 3279 850 obiter
3301 795 3408 850 loci

1839 883 1998 952 hujus
2033 888 2323 940 occasione
2350 884 2755 955 proposuimus,
2787 899 2911 939 cum
2948 885 3254 939 animarum
3297 884 3408 938 dis-

1837 976 2044 1032 crimen
2113 977 2551 1046 explicaremus;
2595 976 2757 1047 idque
2801 991 2868 1031 ex
2918 975 2995 1030 rei
3056 976 3314 1042 veritate,
3354 983 3412 1031 et

1835 1069 2085 1140 exemplo
2120 1068 2213 1122 illo
2244 1068 2403 1138 longe
2445 1067 2731 1138 aptissimo
2784 1066 3286 1138 comprobaremus,
3322 1067 3409 1120 ni-

1834 1159 2034 1214 mirum
2061 1159 2222 1213 aliam
2254 1173 2377 1214 esse
2406 1158 2665 1222 hominis,
2697 1159 2857 1212 aliam
2887 1159 3110 1230 pecudis
3138 1159 3407 1225 animam;

1834 1266 1936 1307 nec
1963 1259 2020 1305 ut
2050 1250 2274 1322 pecudis
2307 1249 2542 1304 animam
2576 1257 2841 1315 servaret,
2874 1248 2972 1305 sed
3006 1249 3240 1305 hominis
3270 1249 3411 1304 dun-

1840 1352 2012 1408 taxat,
2058 1343 2349 1399 advenisse
2389 1342 2690 1406 Christum,
2730 1343 2988 1412 quoniam
3035 1342 3273 1411 pecudes
3310 1341 3414 1396 mi-

1833 1436 1980 1490 nime
1998 1435 2337 1506 judicantur.
2365 1432 2499 1487 Nam
2528 1433 2778 1490 homines
2801 1434 3019 1506 quidem
3043 1444 3096 1489 et
3122 1433 3274 1505 regni
3300 1447 3414 1489 cm-

1834 1529 2013 1584 lorum
2069 1527 2446 1582 haereditatem
2503 1535 2896 1597 assequuntur,
2953 1536 3007 1582 et
3049 1526 3103 1580 in
3143 1525 3412 1596 judicium

1832 1629 2126 1675 vocantur.
2207 1618 2368 1673 Ibunt
2408 1620 2569 1684 enim,
2599 1618 2800 1689 inquit,
2838 1620 2878 1672 ii
2906 1619 2960 1673 in
2981 1619 3248 1690 judicium
3269 1629 3415 1672 αἰετο-

1835 1729 1983 1777 num,
2006 1721 2053 1766 et
2073 1712 2112 1765 ii
2139 1711 2194 1764 in
2218 1712 2379 1765 vitam
2409 1719 2659 1764 aeternam
2678 1711 2718 1765 ⁸.

228 1793 472 1863 Δεῖν-Μ’.
496 1792 562 1848 Τί
575 1793 632 1847 δὲ
648 1795 696 1847 oi
707 1792 774 1847 τὰ
787 1792 1074 1865 ζητήματα
1085 1792 1506 1858 κατοπτεύοντες
1524 1810 1538 1860 ;
1569 1792 1735 1847 Ἐπὰν

1908 1776 2268 1855 XXXVI-XL.
2289 1799 2427 1866 Quid
2442 1799 2508 1854 ad
2522 1800 2634 1854 haec
2647 1800 2736 1855 isti
2754 1801 3114 1871 quaestionum
3135 1803 3417 1874 indagato-

168 1888 432 1958 φθάσωσι,
469 1887 562 1941 καὶ
607 1886 682 1958 μὴ
723 1885 1072 1939 καταλάϐωσι
1115 1884 1208 1939 τοῦ
1236 1884 1401 1958 ῥητοῦ
1429 1886 1529 1956 τὴν
1559 1887 1735 1957 σαφή-

166 1996 343 2045 νειαν,
371 1979 730 2050 ἀσχάλλουσιν
779 1977 1032 2033 ἀντίθετα
1083 1979 1296 2041 ἑαυτοῖς
1342 1978 1732 2050 διανοούμενοι,

168 2075 308 2145 ἥπερ
347 2073 598 2143 χρήσιμα
653 2073 864 2136 ἑαυτοῖς
913 2070 1239 2142 θηρώμενοι.
1309 2070 1524 2142 Ἐπειδὴ
1565 2071 1673 2142 γάρ
1709 2073 1738 2123 ὁ

167 2165 441 2228 Ματθαῖός
473 2164 586 2235 (55)
635 2181 788 2235 φησι,
819 2163 913 2217 δύο
940 2163 1406 2234 δαιμονιζόμενοι·
1438 2165 1465 2215 ό
1504 2162 1562 2216 δὲ
1604 2165 1738 2216 Λου-

170 2259 263 2321 κᾶς
313 2256 447 2328 περὶ
479 2257 595 2320 ἑνὸς
636 2257 924 2327 διηγεῖται.
965 2255 1077 2308 Καὶ
1104 2254 1212 2326 γὰρ
1242 2250 1324 2319 εἷς
1353 2254 1463 2308 τῶν
1508 2255 1738 2324 εὐαγγε-

169 2349 354 2403 λιστῶν
385 2347 556 2417 λέγει,
602 2349 684 2402 ὅτι
719 2350 783 2401 Oi
823 2347 1046 2416 λῃσταὶ
1089 2349 1144 2400 oi
1183 2346 1739 2415 συνεσταυρωμένοι

169 2443 602 2514 ἐϐλασφήμουν
639 2442 856 2497 αὐτόν·
905 2440 934 2492 ὁ
980 2439 1034 2492 δὲ
1081 2438 1238 2501 ἄλλος
1283 2437 1404 2508 οὐχὶ
1449 2439 1530 2491 ὅτι
1579 2437 1738 2508 μόνον

167 2537 259 2589 οὐκ
293 2534 682 2606 ἐϐλασφήμουν
711 2533 762 2586 οἱ
791 2531 1110 2603 ἀμφότεροι,
1144 2529 1280 2584 ἀλλὰ
1311 2530 1406 2584 καὶ
1447 2527 1740 2598 ἀπολογίαν

167 2627 254 2680 τοῦ
282 2628 404 2692 ἑνὸς
440 2625 713 2698 σημαίνει.
743 2625 855 2680 Καὶ
879 2624 990 2695 γὰρ
1027 2625 1274 2695 ἐπετίμα
1301 2622 1380 2688 τῷ
1406 2623 1601 2691 ἑτέρῳ,
1637 2621 1736 2675 καὶ

167 2721 392 2790 ἔλεγεν,
444 2719 553 2780 ὅτι,
612 2719 696 2772 Οὐ
743 2716 898 2788 φοϐῇ
941 2716 1022 2770 σὺ
1069 2716 1178 2769 τόν
1226 2714 1394 2779 Θεὸν,
1445 2713 1534 2767 ὅτι
1560 2714 1630 2766 ἐν
1658 2711 1740 2779 τῷ

165 2809 320 2876 αὐτῷ
367 2808 610 2879 κρίματι
650 2807 839 2876 ἐσμεν
857 2823 870 2838 ·
924 2801 1104 2872 οὗτος
1149 2804 1220 2859 δὲ
1265 2807 1298 2859 ό
1345 2804 1512 2874 ἅγιος
1559 2804 1741 2858 οὐδὲν

164 2899 448 2966 ἐποίησε’
491 2898 586 2952 καὶ
623 2897 762 2970 πρὸς
815 2897 909 2950 ἐπὶ
947 2895 1155 2958 τούτοις
1205 2893 1474 2965 ἐπεφώνει
1530 2893 1738 2962 λέγων·

165 2991 481 3059 Μνήσθητί
502 3007 642 3060 μου,
683 2987 911 3056 Ἰησοῦ,
942 2985 1090 3040 ὅταν
1117 2985 1304 3055 ἔλθῃς
1347 2986 1418 3040 ἐν
1447 2984 1523 3054 τῇ
1567 2986 1742 3050 βασι-

1835 1893 1958 1949 res?
1977 1892 2194 1948 Scilicet
2209 1907 2332 1947 cum
2346 1907 2410 1947 eo
2426 1893 2788 1962 pervenerint,
2808 1908 2982 1963 neque
2992 1894 3277 1949 verborum
3292 1911 3418 1950 sen—

1837 1984 2060 2038 tentiam
2092 1984 2329 2038 assecuti
2360 1982 2582 2050 fuerint,
2609 1984 2979 2054 indignantur,
3011 2000 3074 2040 ac
3110 2001 3418 2056 repugnan-

1839 2075 1914 2128 tia
1960 2075 2206 2144 quzedam
2259 2073 2462 2144 ﬁngere
2513 2073 2614 2130 sibi
2665 2074 2896 2138 malunt,
2949 2091 3110 2146 quam
3168 2077 3407 2133 fructum

1838 2166 2238 2236 utilitatemque
2290 2165 2590 2235 requirere.
2653 2165 2941 2223 Mattbaeus
2989 2169 3137 2222 enim
3193 2168 3332 2224 duos
3378 2185 3409 2222 a

1839 2257 2086 2311 daemone
2127 2262 2410 2324 correptos
2439 2253 2609 2310 fuisse
2640 2256 2972 2322 memorat‘;
3026 2255 3204 2313 Lucas
3256 2259 3420 2314 unius

1856 2347 2122 2403 duntaxat
2151 2347 2478 2403 mentionem
2502 2347 2631 2403 facit
2659 2349 2702 2403 ³.
2742 2346 2847 2403 Sed
2879 2358 2932 2403 et
2964 2350 3419 2420 evangelistarum

1840 2438 1998 2500 alter,
2029 2433 2312 2502 Latrones,
2341 2437 2536 2508 inquit,
2563 2438 2654 2508 qui
2682 2438 2927 2507 cruciﬁxi
2966 2449 3117 2493 erant
3184 2457 3303 2494 cum
3335 2458 3418 2508 eo,

1849 2526 2282 2597 blasphemabant
2348 2528 2593 2596 ipsum“;
2662 2528 2800 2582 alter
2869 2527 3068 2583 nedum
3129 2540 3422 2602 utrumque

1841 2619 2253 2689 blasphemasse
2277 2619 2431 2686 dicit,
2473 2621 2567 2677 sed
2591 2628 2645 2675 et
2673 2622 2836 2675 unius
2867 2620 3240 2678 defensionem
3271 2639 3423 2678 com-

1846 2719 2132 2766 memorat.
2199 2711 2514 2782 lncrepabat
2567 2712 2726 2776 enim,
2777 2711 2988 2783 inquit,
3035 2710 3298 2778 alterum,
3359 2730 3423 2768 ac

1841 2800 2048 2856 dicebat
2093 2821 2111 2855 :
2147 2799 2328 2872 Neque
2368 2811 2423 2856 tu
2459 2803 2608 2856 times
2660 2801 2848 2868 Deum,
2884 2803 3130 2873 quoniam
3159 2804 3213 2857 in
3243 2803 3423 2859 eadem

1843 2893 2186 2947 damnatione
2233 2909 2456 2957 sumus;
2506 2894 2589 2948 hic
2635 2905 2813 2948 autem
2852 2904 3072 2948 sanctus
3118 2895 3252 2950 nihil
3294 2897 3419 2967 egit.

1845 2982 2048 3040 Deinde
2111 2984 2186 3039 ita
2247 2981 2536 3060 Dominum
2605 2983 2937 3055 compellat:
2992 2982 3250 3040 Memento
3297 2987 3420 3053 mei,

165 3084 293 3150 ,ιείᾳ
341 3097 497 3136 σου·
543 3081 642 3136 καὶ
691 3080 799 3134 τοῦ
839 3077 1112 3147 Σωτῆρος
1139 3078 1288 3148 πρὸς
1325 3078 1513 3133 αὑτὸν
1548 3079 1743 3132 εἰπόν-

1846 3076 1993 3142 Jesu,
2023 3093 2142 3131 eum
2175 3078 2373 3132 ueneris
2403 3079 2458 3132 in
2489 3094 2704 3149 regnum
2739 3089 2907 3133 tuum.
2945 3078 3047 3135 Cui
3083 3079 3174 3136 ille
3204 3097 3414 3150 respon-

166 3189 280 3241 τος,
309 3174 404 3228 ὅτι
443 3173 625 3243 Ἀμὴν
659 3171 816 3242 λέγω
840 3188 958 3236 σοι,
1003 3170 1272 3240 σήμερον
1291 3170 1418 3240 μετ’
1460 3170 1606 3240 ἐμοῦ
1630 3171 1747 3242 ἔσῃ

165 3264 232 3316 ἐν
266 3261 352 3329 τῷ
391 3261 758 3331 παραδείσῳ.
806 3259 991 3313 Ἐοικε
1028 3259 1084 3312 δὲ
1129 3257 1301 3311 ταῦτα
1343 3258 1420 3322 ὡς
1454 3256 1748 3328 διαφωνίαν

165 3355 355 3426 {pura
401 3355 462 3407 ὲν
511 3356 578 3424 τῇ
622 3351 835 3424 Γραφῇ.
903 3349 1064 3404 Ἀλλὰ
1096 3351 1273 3406 πάντα
1316 3349 1440 3403 λεῖα
1491 3349 1746 3421 ὑπάρχει.

165 3448 279 3503 Κάν
309 3465 370 3501 τε
396 3448 508 3518 γὰρ
543 3449 600 3500 ἐν
634 3445 712 3518 τῷ
738 3443 1001 3515 Ματθαίῳ
1031 3443 1126 3498 δύο
1166 3443 1271 3496 εῑσὶ
1297 3441 1748 3513 δαιμονιζόμενοι,

165 3542 314 3614 παρὰ
350 3540 435 3613 τῷ
463 3541 649 3611 Δουκᾷ
695 3539 744 3591 oi
789 3538 940 3592 αὐτοὶ
985 3535 1337 3606 ὑπάρχουσιν.
1390 3533 1530 3588 Ἀλλ’
1564 3533 1748 3604 ἐπειδὴ

165 3635 354 3688 εἴωθεν
403 3635 440 3704 ὴ
479 3631 672 3704 Γραφὴ
720 3630 1021 3702 προφάσεις
1051 3627 1252 3681 διδόναι
1299 3625 1408 3680 τῶν
1447 3624 1748 3697 εἰργασμέ-

164 3745 290 3794 νων,
330 3725 529 3780 τούτου
560 3724 724 3777 ἕνεκα
757 3724 820 3776 ού
872 3721 1198 3793 μνημονεύει
1225 3719 1441 3784 Λουκᾶς
1477 3717 1586 3771 τῶν
1632 3718 1746 3782 δύο,

165 3819 299 3873 ἀλλὰ
329 3818 432 3871 τοῦ
463 3817 602 3880 ἑνός.
629 3815 734 3868 Δύο
767 3814 864 3886 μὲν
891 3813 1002 3884 γὰρ
1037 3807 1178 3884 ἦσαν
1209 3813 1259 3865 οἱ
1283 3811 1392 3865 ἀπὸ
1417 3809 1527 3864 τῶν
1562 3811 1750 3880 δαιμο-

163 3912 290 3966 νίων
335 3909 836 3982 τεθεραπευμένον
887 3900 970 3971 εἷς
1013 3906 1084 3982 δὲ,
1105 3904 1403 3978 παρέμεινε
1440 3905 1507 3975 τῇ
1545 3903 1745 3970 πίστει,

165 4009 193 4059 ό
216 4005 272 4059 δὲ
299 4006 497 4077 ἔτερος
531 4001 806 4070 ἐξώκειλε.
838 4000 938 4054 Διὰ
967 3999 1146 4054 τοίνυν
1174 3998 1274 4070 τὴν
1301 3996 1625 4069 παραμονὴν
1651 3995 1752 4067 τῆς

165 4098 405 4160 πίστεως
451 4077 734 4167 ἠκολούθεῖ
783 4092 864 4164 τῷ
931 4090 1128 4164 Ἰησοῦ,
1164 4090 1241 4153 ὡς
1298 4088 1411 4160 ἔχει
1456 4088 1518 4141 τὸ
1567 4087 1750 4156 Εὐαγ-

166 4189 369 4256 γέλιον,
415 4191 498 4252 είς
543 4180 657 4242 οἷον
701 4187 983 4258 ἀπήρχετο
1009 4185 1191 4238 τόπον.
1238 4181 1440 4236 Τούτου
1472 4181 1633 4234 ἓνεκα
1658 4179 1751 4234 τὸν

164 4280 258 4335 ἕνα
290 4278 593 4353 παρέλιπε,
627 4277 846 4354 καὶτοῦ
890 4277 1007 4341 ἐνὸς
1041 4275 1136 4329 τοῦ
1165 4277 1224 4328 ὲν
1255 4274 1502 4345 βασιλείᾳ
1530 4273 1640 4326 τῶν
1667 4271 1753 4324 οὐ·

169 4371 347 4441 ρανῶν
383 4369 707 4443 ἐπεμνήσθη
728 4385 743 4400 ⁸
775 4370 870 4424 καὶ
916 4369 1068 4423 οὐδὲν
1108 4365 1445 4423 ἐναντιοῦται
1485 4363 1621 4437 πρὸς
1648 4363 1749 4435 τὴν

162 4462 262 4533 τῆς
286 4462 554 4534 ἀληθείας
583 4461 819 4533 εὕρεσιν.

229 4735 371 4789 MA’.
423 4731 565 4802 Ἤδη
589 4731 647 4786 δὲ
676 4731 770 4786 καὶ
801 4730 994 4802 ἑτέραν
1017 4729 1288 4800 πρόφασιν
1320 4729 1510 4799 ὁμοίαν
1546 4729 1749 4802 ταύτης

163 4828 257 4900 τῆς
307 4827 630 4890 ύποθέσεως
680 4825 742 4878 τὸ
790 4823 1122 4892 Εὑαγγέλιον
1174 4821 1473 4893 διηγεῖται.
1516 4821 1594 4885 ὡς
1645 4821 1748 4875 ὑπὸ

163 4919 297 4982 ἑνός.
365 4918 433 4972 ⁸0
476 4917 683 4988 Κύριος
720 4915 852 4969 δέκα
891 4912 1125 4984 λεπροὺς
1171 4911 1488 4984 ὲκαθάρισε.
1543 4913 1656 4966 Καὶ
1699 4912 1749 4965 oi

163 5010 316 5065 ἐννέα
371 5007 710 5072 ἀπελθόντες
755 5007 856 5060 οὐκ
895 5006 1104 5060 ἔδωκαν
1136 5004 1291 5070 δόξαν
1332 5003 1410 5076 τῷ
1440 5001 1595 5074 Θεῷο
1635 5005 1664 5057 ό
1693 5003 1749 5056 δὲ

163 5096 240 5166 εἷς
294 5098 657 5172 ὑποστρέψας
703 5097 939 5170 ἔμεινεν,
972 5099 1001 5151 ό
1035 5096 1130 5150 καὶ
1167 5097 1272 5150 ὑπὸ
1321 5096 1528 5168 Κυρίου
1577 5096 1754 5164 ἐγκω-

166 5194 524 5265 μιαζόμενος,
563 5191 698 5245 καθὸ
741 5189 880 5260 ἔφη’
923 5188 1076 5243 Δέκα
1115 5189 1323 5258 λεπροὶ
1362 5188 1754 5256 ἐκαθαρίσθη-

163 5306 279 5343 σαν
295 5305 310 5319 ο
342 5286 453 5342 διὰ
481 5286 537 5340 τί
565 5283 710 5340 οὐδὲ
735 5279 825 5350 είς
853 5282 922 5349 ἐξ
951 5282 1152 5337 αὐτῶν
1176 5281 1518 5351 ὑπέστρεψε
1542 5279 1754 5336 δοῦναι

231 5469 246 5499 ³
278 5465 424 5521 Luc.
453 5481 590 5529 xx",
621 5463 713 5522 58.

165 5539 247 5591 39.
325 5539 346 5567 ⁷
381 5537 522 5591 ibid.
549 5537 620 5590 40
645 5553 768 5608 sqq.
842 5535 865 5568 '
898 5535 1092 5590 Matth.
1120 5547 1293 5598 xxvn,
1328 5530 1420 5597 58,
1449 5531 1540 5586 μ.

233 5697 346 5762 (3‘5)
384 5691 636 5760 Ἐπειδὴ
658 5692 768 5761 τὰρ
792 5695 823 5745 ό
843 5690 1154 5758 Ματθαῒος.
1170 5690 1246 5744 Ch
1256 5700 1454 5760 rysost.
1473 5689 1630 5762 Hom.
1661 5689 1749 5756 i9,

170 5765 220 5820 in
246 5758 432 5823 Matth
490 5758 630 5819 duos
651 5758 1014 5833 evangelistas
1058 5761 1130 5817 ita
1166 5758 1443 5828 conciliat,
1482 5769 1539 5814 ut
1568 5758 1745 5818 Lucas

787 5466 809 5498 ’
835 5464 856 5519 1
884 5463 1012 5520 Cor.
1046 5479 1108 5528 ιι,
1147 5460 1202 5516 9.
1279 5461 1301 5492 ³
1330 5459 1520 5515 Matth.
1551 5477 1680 5524 xxv,
1719 5463 1808 5520 46.
1850 5461 1907 5496 "
1942 5461 2132 5519 Matth.
2164 5478 2282 5527 vm,
2313 5461 2403 5516 28.

842 5535 865 5568 '
898 5535 1092 5590 Matth.
1120 5547 1293 5598 xxvn,
1328 5530 1420 5597 58,
1449 5531 1540 5586 μ.
1615 5533 1636 5566 ⁹
1671 5533 1864 5593 Matth.
1887 5549 2011 5602 vnr,
2039 5532 2128 5590 19.

1848 3168 1926 3223 dit
1953 3169 2157 3224 :Amen
2188 3168 2305 3224 dico
2342 3168 2456 3235 tibi,
2487 3169 2642 3224 hodie
2668 3170 2868 3226 mecum
2907 3173 3009 3226 eris
3037 3173 3092 3226 in
3113 3173 3420 3242 paradiso'.

1849 3260 1982 3328 Quae
2028 3261 2246 3317 tametsi
2277 3261 2597 3330 discrepare
2637 3261 2892 3317 nonnihil
2934 3262 2988 3317 in
3033 3261 3316 3334 Scriptura
3347 3264 3426 3321 vi-

1850 3353 2104 3416 deantur,
2133 3354 2492 3408 nihilominus
2527 3353 2686 3424 plana
2723 3361 2851 3410 sunt
2884 3356 3088 3410 omnia.
3122 3353 3257 3410 Nam
3279 3356 3424 3428 quod

1849 3445 1916 3499 ad
1959 3445 2271 3516 arreptitios
2323 3445 2536 3512 attinet,
2595 3445 2725 3501 licet
2777 3446 2921 3516 apud
2963 3445 3276 3502 Mattbaeum
3319 3449 3428 3504 duo

1848 3536 2022 3591 fuisse
2046 3544 2341 3592 narrentur
2361 3536 2408 3604 ⁸,
2446 3535 2613 3592 iidem
2647 3535 3008 3593 nihilominus
3037 3545 3190 3602 sunt,
3223 3537 3290 3594 de
3311 3538 3430 3608 qui-

1845 3627 1949 3682 bus
1983 3624 2160 3682 Lucas
2204 3625 2538 3682 mentionem
2588 3625 2755 3695 facit;
2789 3627 2883 3682 sed
2916 3627 3030 3682 haec
3057 3627 3309 3684 videlicet
3344 3636 3429 3684 est

1851 3717 2148 3790 Scriptura
2208 3719 2576 3787 consuetudo,
2638 3727 2698 3775 ut
2747 3735 2937 3776 eorum
2982 3735 3104 3792 quae
3166 3729 3430 3793 geruntur

1853 3813 2098 3868 rationes
2127 3818 2181 3867 et
2205 3812 2528 3868 occasiones
2558 3811 2783 3880 innuat;
2815 3813 2886 3868 ob
2913 3813 2966 3868 id
2997 3827 3104 3868 non
3131 3813 3292 3878 duos,
3332 3813 3429 3870 sed

1850 3919 2022 3959 unum
2078 3902 2256 3962 Lucas
2301 3904 2624 3959 nominatim
2671 3905 2948 3976 exprimit.
2991 3903 3170 3962 Fuere
3208 3907 3427 3978 quidem

1852 3994 1933 4050 illi
1971 3994 2080 4050 duo
2125 4009 2156 4048 a
2193 3995 2505 4050 daemonum
2544 3995 2837 4051 vexatione
2890 3996 3090 4063 soluti;
3140 3997 3237 4053 sed
3287 4013 3430 4055 unus

1851 4089 2114 4144 duntaxat
2141 4089 2196 4144 in
2231 4088 2333 4143 tide
2364 4087 2626 4158 perstitit,
2663 4089 2799 4145 alter
2822 4088 2890 4143 ab
2913 4103 2975 4144 ea
3001 4089 3220 4145 excidit.
3251 4089 3431 4156 Quare

1851 4180 1995 4251 quod
2027 4181 2118 4236 ille
2151 4187 2474 4236 constanter
2511 4180 2568 4234 in
2616 4179 2721 4234 ﬁde
2765 4187 3035 4247 maneret,
3091 4182 3430 4250 sequebatur

1853 4270 2062 4336 Jesum,
2096 4278 2155 4325 ut
2196 4271 2252 4325 in
2297 4269 2592 4340 Evangelio
2637 4271 2900 4340 scriptum
2929 4280 3012 4326 est
3028 4273 3072 4335 ⁹,
3103 4286 3431 4342 quocunque

1866 4370 2136 4434 pergeret.
2189 4361 2328 4417 Hinc
2349 4369 2434 4417 est
2464 4361 2632 4432 quod,
2662 4361 2833 4416 altero
2857 4363 3243 4432 praetermisso,
3268 4364 3430 4420 unius

1777 4448 1824 4504 Ι)
1854 4456 2124 4512 duntaxat
2178 4453 2360 4511 Lucas
2408 4455 2682 4521 meminit,
2734 4455 2827 4526 qui
2873 4467 3137 4511 calorum
3168 4457 3222 4511 in
3263 4471 3431 4528 regno

1851 4547 2259 4620 perseveravit;
2312 4562 2496 4619 neque
2540 4547 2840 4619 quidquam
2897 4547 3061 4604 habet
3094 4548 3161 4604 ad
3214 4549 3431 4606 investi-

1850 4639 2082 4713 gandam
2119 4639 2409 4695 veritatem
2442 4639 2710 4696 absonum
2741 4652 2806 4693 ac
2835 4637 3136 4694 diversum.

1918 4729 2052 4786 XLI.
2093 4729 2204 4788 Nec
2251 4730 2538 4788 dissimilis
2589 4730 2719 4786 huic
2761 4730 2829 4786 de
2873 4745 2984 4801 quo
3019 4729 3230 4802 agimus
3264 4745 3427 4802 argu-

1846 4823 2018 4879 menti
2054 4830 2161 4890 est,
2209 4823 2356 4894 quod
2401 4823 2456 4877 in
2492 4821 3101 4893 Evangelio‘narratur,
3139 4831 3326 4894 utpote
3359 4824 3430 4878 ab

1856 4913 2048 4970 eodem
2095 4921 2319 4969 auctore
2349 4913 2615 4984 profecto.
2654 4911 2849 4970 Decem
2881 4913 3129 4984 leprosos
3169 4913 3427 4968 Dominus

1854 5005 2022 5080 654
2065 5013 2412 5077 purgaverat,
2468 5020 2498 5060 e
2532 5004 2732 5076 quibus
2774 5020 2968 5060 novem
3011 5005 3275 5060 abeuntes
3317 5018 3426 5058 non

1858 5098 2126 5154 dederunt
2160 5099 2392 5169 gloriam
2427 5095 2558 5161 Deo,
2594 5111 2736 5151 unus
2763 5096 3028 5150 duntaxat
3058 5094 3274 5149 rediens
3306 5107 3429 5164 per-

1859 5192 2084 5258 mansit,
2132 5192 2225 5263 qui
2252 5206 2284 5246 a
2309 5189 2544 5246 Domino
2575 5197 2862 5262 propterea
2897 5187 3309 5243 commendatur
3337 5185 3424 5241 bis

1859 5283 2082 5339 verbis:
2109 5281 2300 5338 Decem
2339 5281 2531 5351 leprosi
2557 5277 2799 5335 mundati
2833 5287 2982 5333 sunt.
3037 5276 3146 5334 Cur
3184 5294 3333 5333 nemo
3362 5291 3428 5332 ex

2509 5460 2531 5493 ⁸
2563 5459 2693 5514 Luc.
2734 5473 2846 5522 vin,
2876 5457 2964 5512 27.
3041 5457 3063 5489 ⁸
3100 5455 3229 5512 Luc.
3262 5471 3426 5520 χχιιι,

1857 5706 1985 5747 eum
2035 5688 2421 5746 tantummodo
2471 5688 2996 5754 commemoraverit,
3049 5685 3142 5756 qui
3190 5683 3260 5738 ab
3307 5690 3430 5740 mo-

1858 5762 2064 5818 lestiori
2093 5769 2238 5817 esset
2271 5758 2516 5816 daemone
2546 5767 2851 5830 correptus.
