3850 6204
403 276 471 334 91
1817 277 1874 333 5.
1911 277 1973 336 El

2079 279 2250 335 ΗΑΝΙΙ
3573 273 3660 330 93

401 389 470 443 iis
510 403 746 444 reversus
775 397 879 455 est,
907 390 1169 460 quidaret
1210 389 1437 461 gloriam
1478 388 1608 455 Deo,
1669 389 1774 444 nisi
1825 391 1969 445 solus

2079 393 2262 458 δόξαν
2301 393 2382 458 τῷ
2420 391 2562 458 Θεῷ,
2593 390 2754 447 ἀλλὰ
2779 390 2968 460 μόνος
3000 381 3178 452 οὗτος
3210 387 3244 439 ὁ
3275 384 3614 454 ἀλλογενὴς
3633 426 3653 450 ,

400 479 484 533 hic
523 481 816 552 alienigena
841 483 896 535 εἳ
937 481 1126 537 Viden‘
1163 490 1221 537 ut
1251 483 1321 537 ob
1345 482 1464 552 ejus
1499 490 1710 553 gratum
1738 483 1979 536 animum

403 585 469 624 ac
527 569 776 626 beneﬁcii
829 573 1190 635 sentientem,
1246 587 1355 626 non
1405 571 1614 638 decem,
1662 570 1758 627 sed
1816 572 1980 628 unius

401 663 752 717 meminerit?
807 663 924 729 Qua
1005 665 1215 718 ratione
1275 671 1328 718 et
1376 663 1511 717 illud
1570 661 1976 734 intelligendum

399 764 509 823 est,
546 755 691 826 quod
735 757 803 812 de
847 758 1153 813 latronibus
1182 757 1514 826 evangelista
1557 766 1974 812 commemorat.

407 849 660 905 Solemus
715 849 860 903 enim
929 849 1228 918 singularia
1297 863 1688 918 nonnunquam
1749 864 1978 904 numero

403 941 769 997 multitudinis
807 939 1016 1005 eﬂ'erre,
1063 949 1119 996 et
1161 949 1348 996 contra
1394 940 1621 1010 pluralia
1670 939 1973 1010 singulari;

401 1031 550 1086 velut
594 1046 722 1084 cum
758 1029 990 1085 dicimus
1021 1048 1033 1083 :
1069 1029 1421 1084 Narravimus
1457 1030 1633 1094 vobis,
1658 1039 1710 1083 et
1744 1029 1976 1084 vidimus

407 1134 528 1187 vos,
554 1131 607 1175 et
642 1121 888 1176 venimus
931 1120 998 1174 ad
1031 1136 1167 1187 vos;
1213 1136 1334 1176 cum
1385 1121 1602 1175 interim
1649 1135 1756 1175 non
1796 1122 1976 1192 plures

403 1209 536 1274 sint,
569 1210 665 1266 sed
700 1227 841 1265 unus
871 1211 1136 1265 duntaxat
1170 1215 1260 1282 qui
1299 1200 1557 1283 loquitur.
1603 1212 1800 1268 Verum
1830 1230 1971 1270 unus

401 1302 683 1356 communi
743 1303 998 1372 loquendi
1042 1305 1438 1360 consuetudine
1475 1321 1540 1359 ex
1581 1305 1819 1375 plurium
1855 1322 1977 1376 per-

401 1403 536 1443 sona
583 1405 886 1445 sermonem
937 1391 1192 1446 instituit.
1249 1392 1338 1446 Sic
1383 1394 1452 1447 ab
1489 1408 1598 1447 uno
1641 1395 1974 1465 evangelista

401 1479 631 1549 pluralis
679 1490 979 1552 usurpatus
1011 1491 1095 1538 est
1127 1499 1387 1539 numerus
1415 1502 1429 1550 ;
1470 1485 1607 1539 alter
1647 1500 1777 1540 vero
1807 1501 1974 1539 unum

399 1587 432 1625 ιι
458 1570 768 1628 latronibus
793 1573 851 1628 in
879 1573 1161 1629 Christum
1202 1575 1525 1630 maledicum
1576 1574 1747 1632 fuisse
1779 1576 1973 1643 docet;

402 1658 631 1715 alterum
687 1679 818 1718 vero
864 1663 1203 1729 confessum,
1256 1679 1318 1720 ac
1354 1665 1584 1720 salutem
1631 1667 1802 1724 fuisse
1840 1682 1976 1722 con-

2079 488 2191 541 Καὶ
2219 487 2374 557 ὁρᾷς,
2407 486 2489 539 ὅτι
2534 484 2622 538 διὰ
2664 483 2726 536 τὸ
2773 481 3094 548 εὐαίσθητον
3123 478 3216 531 καὶ
3242 478 3340 547 τῆς
3369 477 3654 546 εὐγνωμο-

2081 575 2245 646 σύνης
2283 576 2442 646 ἔργον
2481 573 2574 626 τοῦ
2619 572 2736 635 ἐνὸς
2782 571 2902 624 ἀντὶ
2952 570 3058 622 τῶν
3110 568 3239 620 δέκα
3297 563 3652 636 μνημονεύει.

2091 665 2361 730 Ὡσαύτως
2389 665 2445 717 δὲ
2469 663 2655 734 ἐπειδὴ
2681 665 2710 716 ὁ
2743 656 2822 725 εἷς
2859 658 3245 729 εὐαγγελιστὴς
3275 658 3402 726 περὶ
3435 656 3655 730 λῃστῶν

2078 757 2503 828 ἐμνημόνευσεν.
2539 754 2822 824 Εἱώθαμεν
2854 753 2962 822 γὰρ
3000 751 3066 803 τὰ
3109 749 3263 802 me
3309 746 3654 819 πληθυντικᾶ

2077 849 2277 916 λέγειν,
2305 848 2400 901 καὶ
2423 846 2494 900 τὰ
2529 845 2868 917 πληθυντικὰ
2895 843 3069 897 ἑνικά.
3103 842 3386 912 Φάσκομεν
3405 839 3532 910 γὰρ,
3563 839 3654 891 ὅτι

2078 938 2466 1009 Διηγησάμεθα
2500 939 2648 1007 ὑμῖν,
2698 937 2792 989 καὶ
2843 935 3054 1004 εἴδομεν
3090 934 3255 1003 ὑμᾶς,
3301 931 3395 984 καὶ
3438 931 3654 1001 ἥκομεν

2077 1031 2214 1102 πρὸς
2263 1031 2426 1101 ὑμᾶς.
2480 1029 2591 1082 Καὶ
2647 1029 2706 1081 οὐ
2753 1027 2846 1080 δύο
2901 1028 2951 1080 οἱ
2981 1025 3249 1094 λέγοντες,
3303 1021 3438 1076 ἀλλά
3475 1015 3556 1085 εἷς
3622 1021 3655 1072 ὁ

2077 1121 2288 1192 παρών.
2328 1124 2388 1174 Ὀ
2414 1121 2470 1175 δὲ
2500 1115 2580 1184 εἷς
2609 1120 2747 1174 κατά
2795 1119 2892 1191 τὴν
2925 1117 3214 1188 συνήθειαν
3263 1119 3362 1187 τῆς
3400 1117 3657 1187 χρήσεως

2076 1213 2142 1265 ἐκ
2180 1211 2470 1283 προσώπου
2519 1209 2726 1264 πολλῶν
2757 1209 3131 1280 πληθυντικῶς
3157 1208 3438 1279 διηγεῖται.
3491 1205 3658 1259 υῦτω

2077 1304 2453 1375 πληθυντικῶς
2506 1303 2855 1375 περιείληφεν
2890 1304 2923 1373 ἠ
2953 1300 3048 1354 τοῦ
3087 1298 3417 1368 Εὐαγγελίου
3461 1297 3659 1351 ὑπόθε-

2079 1413 2181 1459 σις.
2223 1396 2281 1448 ὐ
2305 1395 2360 1448 δὲ
2385 1395 2570 1466 ἕτερος
2592 1394 2875 1464 διηγεῖται,
2907 1393 2990 1445 ὅτι
3015 1384 3094 1454 εἷς
3125 1391 3224 1462 μὲν
3249 1385 3319 1462 ἦν
3347 1392 3374 1443 ὁ
3405 1389 3657 1458 βλάσφη-

2080 1504 2198 1558 μος,
2230 1488 2258 1540 ὁ
2283 1487 2340 1539 δὲ
2370 1480 2449 1549 εἷς
2476 1485 2863 1556 ἐξωμολογεῖτο
2900 1485 2995 1538 καὶ
3036 1483 3192 1554 ἔτυχε
3222 1483 3511 1554 σωτηρίας.
3538 1483 3656 1536 Καὶ

2075 1578 2226 1648 ὁρᾷς,
2254 1577 2329 1640 ώς
2367 1576 2543 1629 πάντα
2561 1575 2628 1628 τὰ
2653 1574 2754 1644 τῆς
2785 1574 3042 1644 ἀληθείας
3071 1574 3218 1644 σαφῆ
3258 1575 3514 1644 ὑπάρχει,
3548 1573 3654 1626 καὶ

2075 1670 2226 1723 οὐδὲν
2273 1669 2512 1722 ἐναντίον
2558 1671 2615 1722 ὲν
2659 1671 2726 1739 τῇ
2773 1668 2981 1740 Γραφῇ.
3029 1666 3189 1720 Ἀλλά
3240 1666 3416 1719 πάντα
3471 1664 3656 1719 ταῦτα.

402 1761 674 1809 secutum.
701 1754 1125 1821 Animadvertis,
1165 1759 1376 1827 Opinor,
1405 1773 1567 1828 quam
1596 1766 1785 1830 aperta
1823 1759 1893 1814 sit
1919 1759 1973 1813 in

2079 1763 2174 1833 τὴν
2234 1762 2456 1832 Γραφὴν
2503 1761 2790 1828 διεξιόντες
2837 1762 2917 1824 είς
2968 1761 3169 1824 πλάτος
3215 1759 3529 1830 ἡλάσαμεν,
3573 1757 3657 1821 ὡς

399 1844 658 1902 omnibus
707 1848 932 1914 veritas,
993 1865 1170 1920 neque
1221 1850 1515 1920 quidquam
1585 1851 1655 1906 sit
1711 1850 1767 1904 in
1824 1849 1971 1905 Scri-

397 1943 557 2004 ptura
623 1939 955 1993 contrarium
1020 1956 1083 1995 ac
1159 1957 1482 2012 repugnans.
1548 1942 1746 1999 Verum
1801 1945 1972 1998 enim-

398 2040 531 2080 vero
555 2027 684 2082 dnm
722 2030 836 2084 haec
864 2047 896 2087 e
931 2031 1232 2102 Scripturis
1255 2034 1573 2104 deprompta
1617 2036 1780 2090 latius
1807 2049 1971 2105 expo-

399 2117 605 2184 nimus,
653 2121 870 2193 longius
909 2131 995 2179 est
1022 2139 1053 2178 a
1079 2125 1238 2180 nobis
1267 2141 1447 2181 sermo
1481 2127 1745 2196 prolatus.
1789 2125 1972 2194 Quan-

2075 1849 2249 1924 οἶμαι,
2295 1853 2388 1906 τοῦ
2423 1853 2580 1921 λόγου
2612 1853 2670 1906 τὸ
2696 1853 2957 1924 διήγημα.
2987 1855 3096 1907 Καὶ
3137 1853 3345 1921 γένοιτο
3372 1853 3468 1922 μὲν
3503 1851 3657 1923 ἡμᾶς

2076 1947 2305 2018 κάμνειν
2330 1947 2407 2016 τῷ
2439 1946 2630 1999 πλάτει
2659 1946 2751 1998 τοῦ
2783 1945 2962 2014 λόγου,
2995 1946 3235 2017 ἐλέγχειν
3263 1945 3319 1999 δὲ
3353 1947 3478 2008 τοὺς
3508 1945 3658 1997 κατά

2076 2039 2176 2108 τῆς
2206 2036 2479 2108 ἀληθείας,
2533 2035 2842 2106 εὐφραίνειν
2885 2037 2941 2090 δὲ
2975 2037 3101 2100 τοὺς
3131 2038 3278 2100 υἱοὺς
3327 2035 3526 2106 ταύτης
3560 2034 3658 2088 διὰ

2075 2129 2182 2180 τῶν
2215 2127 2316 2197 τῆς
2341 2126 2599 2194 ἀληθείας
2628 2123 2892 2196 ἰατρικῶν
2921 2127 3260 2198 φαρμάκωνι

398 2228 562 2283 quam
609 2217 765 2271 velim
815 2218 1064 2289 equidem
1097 2220 1151 2274 in
1187 2219 1537 2290 producenda
1587 2222 1802 2293 longius
1855 2221 2102 2278 oratione
2161 2223 2428 2287 laborare,
2464 2222 2593 2276 dum
2646 2228 2699 2276 et
2737 2221 2984 2276 veritatis
3053 2220 3240 2276 hostes
3307 2219 3655 2282 refellantur.

399 2314 456 2362 et
487 2307 730 2378 ejusdem
761 2309 855 2364 ﬁlii
893 2310 1138 2366 veritatis
1168 2311 1580 2367 medicamentis
1613 2326 1676 2367 ac
1714 2313 1970 2368 remediis
2007 2312 2367 2368 delectentur.

472 2401 632 2458 XLII.
673 2402 828 2459 Nunc
855 2405 1203 2461 circulatoris
1240 2407 1388 2462 illius
1426 2408 1636 2477 reliqua
1666 2408 1972 2465 videamus.

2144 2409 2279 2465 MB’.
2331 2403 2466 2462 Εἶτα
2503 2406 2666 2461 πάλιν
2698 2407 2898 2478 ἴδωμεν
2928 2406 2994 2460 τὰ
3025 2406 3187 2479 ἔτερα
3231 2406 3324 2460 τοῦ
3372 2405 3616 2475 ἀγύρτου
3638 2421 3653 2436 ο

400 2491 520 2547 Duo
544 2493 894 2550 Testamenta
926 2497 1029 2552 sibi
1068 2497 1299 2552 invicem
1331 2513 1453 2554 esse
1482 2499 1756 2554 contraria
1787 2498 1973 2554 defen-

2079 2499 2271 2569 φάσκει
2313 2499 2421 2570 γὰρ
2448 2498 2546 2562 τὰς
2572 2497 2665 2550 δύο
2711 2498 2984 2569 Διαθήκας
3015 2496 3265 2560 ἐναντίας
3309 2495 3443 2567 πρὸς
3488 2494 3660 2565 ἀλλή-

400 2581 505 2647 dit,
541 2597 605 2637 ac
651 2582 820 2640 Deum
871 2586 1047 2651 illum,
1095 2587 1188 2656 qui
1241 2587 1296 2642 in
1342 2589 1458 2659 lege
1503 2590 1575 2644 sit
1629 2590 1868 2656 locutus,
1907 2590 1973 2646 ab

2079 2590 2192 2656 λας,
2228 2591 2318 2644 καὶ⁵
2353 2590 2442 2643 τὸν
2469 2590 2599 2642 Θεὸν
2631 2589 2721 2642 τὸν
2746 2590 3054 2660 λαλήσαντα
3086 2589 3146 2639 ἐν
3181 2587 3255 2658 τῷ
3280 2587 3428 2656 νόμῳ
3465 2586 3658 2655 ἕτερον

402 2674 680 2746 Evangelii
743 2686 969 2733 auctore
1022 2680 1318 2736 diversum.
1382 2681 1614 2738 Proinde
1673 2683 1973 2754 principem

2079 2681 2202 2734 ὄντα
2245 2680 2393 2752 παρὰ
2424 2680 2514 2733 τὸν
2555 2679 2686 2732 Θεὸν
2717 2679 2810 2733 τοῦ
2865 2677 3218 2747 Εὑαγγελίου.
3268 2677 3521 2746 Κάκείνῳ
3551 2675 3659 2746 μὲν

401 2767 554 2823 illum
600 2771 869 2840 appellat;
927 2771 1072 2827 hunc
1114 2787 1244 2828 vero
1284 2773 1523 2838 Patrem,
1558 2754 1622 2827 ac
1638 2772 1876 2840 Filium;
1917 2783 1972 2829 et

2079 2772 2244 2844 ὄνομα
2295 2773 2552 2843 ἄρχοντος
2583 2771 2815 2842 τίθησιν,
2858 2765 2903 2839 ᾧ
2945 2771 3001 2824 δὲ
3047 2771 3137 2824 τὸν
3162 2770 3181 2802 ³
3228 2770 3379 2831 Υίὸν,
3419 2770 3513 2821 καὶ
3560 2768 3660 2822 τὸν

290 2863 297 2870 ”
399 2859 618 2930 quidem
657 2860 872 2917 Patrem
922 2863 1123 2918 bonum
1164 2863 1329 2919 Deum
1359 2881 1517 2921 suum
1554 2865 1822 2919 nominat.
1857 2863 1971 2921 Uti-

399 2964 526 3004 nam
558 2966 685 3005 vere
736 2968 895 3007 suum
936 2968 1059 3008 esse
1102 2954 1361 3020 dixisset,
1419 2971 1520 3012 nec
1554 2971 1741 3011 errore
1799 2955 1970 3012 falsus

2074 2864 2296 2936 Πατέρα
2345 2863 2549 2933 ἀγαθὸν
2591 2864 2723 2918 Θεὸν
2774 2863 2966 2917 ἑαυτοῦ
3012 2863 3182 2932 λέγει.
3231 2861 3336 2915 Καὶ
3381 2862 3491 2914 εἴθε
3522 2861 3660 2932 ἠλή-

2075 2957 2220 3018 θευε,
2253 2958 2346 3012 καὶ
2387 2959 2448 3011 οὐ
2480 2957 2842 3027 σφαλλόμενος
2874 2955 2994 3010 καθ’
3041 2955 3234 3009 ἑαυτοῦ
3264 2954 3612 3023 ἐϐλασφήμει
3638 2955 3653 3008 ι

401 3049 514 3096 tam
538 3044 968 3100 contumeliosas
1012 3046 1066 3099 in
1109 3045 1278 3100 Deum
1313 3064 1477 3103 voces
1522 3048 1578 3101 in
1622 3062 1780 3102 suum
1811 3058 1973 3117 caput

2079 3048 2166 3120 Τῷ
2194 3050 2250 3103 δὲ
2283 3049 2434 3120 αὐτῷ
2465 3049 2608 3120 λόγῳ
2640 3049 2733 3102 καὶ
2763 3049 2918 3102 αὐτοὶ
2942 3047 3372 3118 συμφωνοῦμεν·
3405 3048 3485 3100 ὃτι
3517 3047 3661 3114 ἀγα-

400 3133 605 3189 ederet.
638 3133 748 3190 Nos
804 3153 934 3191 vero
981 3139 1047 3193 iis
1092 3139 1226 3210 ipsis
1255 3139 1324 3192 ab
1354 3155 1420 3193 eo
1452 3140 1615 3194 dictis
1639 3140 1971 3195 assentimur

405 3225 571 3289 ultro,
605 3225 767 3298 idque
797 3227 1118 3297 proﬁtemur
1147 3248 1159 3284 :
1188 3228 1323 3283 Boni
1361 3228 1542 3285 Patris
1573 3229 1774 3285 bonam
1807 3229 1972 3285 sobo-

402 3320 531 3383 lem,
559 3319 739 3374 lumen
789 3321 856 3375 de
895 3320 1118 3387 lumine,
1161 3320 1329 3376 Deum
1375 3320 1443 3376 de
1487 3319 1620 3388 Deo,
1668 3319 1838 3378 Deum
1885 3338 1974 3377 ve-

401 3427 522 3468 rum
567 3412 635 3467 de
690 3412 799 3468 Deo
847 3429 998 3477 vero,
1045 3413 1112 3468 ad
1160 3429 1264 3469 nos
1309 3414 1561 3469 servandi
1597 3414 1769 3470 nostri
1799 3415 1970 3485 gratia

400 3507 638 3561 venisse.
686 3503 754 3559 1η
795 3506 1015 3575 propria
1059 3506 1245 3575 quippe
1270 3506 1426 3569 venit,
1463 3520 1572 3560 non
1603 3505 1658 3558 in
1687 3505 1885 3570 aliena,
1925 3516 1974 3560 et

400 3601 486 3655 uti
517 3617 634 3654 eum
658 3618 760 3654 non
795 3609 1115 3668 receperunt.
1161 3599 1429 3670 Quotquot
1466 3609 1640 3653 autem
1675 3609 1974 3668 receperunt

403 3694 578 3758 illum,
633 3692 777 3746 dedit
828 3693 902 3747 eis
947 3701 1257 3762 potestatem
1285 3692 1423 3761 ﬁlios
1450 3692 1549 3746 Dei
1577 3693 1726 3762 ﬁeri;
1757 3694 1848 3762 qui
1873 3708 1976 3746 non

400 3802 468 3843 ea:
493 3785 768 3854 sanguine,
788 3800 945 3853 neque
974 3799 1039 3837 ea:
1067 3799 1245 3848 carne,
1281 3781 1370 3836 sed
1403 3797 1467 3836 ex
1506 3782 1612 3836 Deo
1637 3783 1749 3836 nati
1781 3792 1902 3836 sunt
1925 3783 1969 3837 ’.

402 3879 570 3951 Atqui
621 3893 782 3932 nemo
814 3877 933 3930 sine
969 3890 1138 3929 carne
1171 3882 1223 3928 et
1259 3874 1526 3943 sanguine
1558 3874 1609 3926 in
1642 3873 1850 3928 mundo
1879 3887 1975 3927 na-

403 3980 495 4027 tus
532 3978 638 4036 est,
675 3969 768 4023 sed
801 3981 992 4022 omnes
1022 3964 1206 4019 carnis
1246 3979 1312 4016 ac
1353 3964 1640 4034 sanguinis
1683 3963 1977 4033 participes

403 4064 518 4119 nati
570 4071 718 4119 sunt.
765 4059 906 4125 Quid
953 4058 1096 4112 enim
1124 4064 1280 4111 erant
1310 4056 1628 4125 priusquam
1661 4069 1785 4109 cum
1814 4069 1979 4110 carne

402 4159 566 4234 655
599 4153 985 4228 gignerentur?
1023 4161 1116 4206 aut
1149 4151 1277 4222 quid
1311 4167 1434 4206 esse
1485 4151 1603 4206 sine
1653 4165 1816 4206 carne
1860 4166 1981 4222 pos-

403 4252 642 4309 sumus?
679 4248 782 4304 Sed
809 4247 1066 4318 quoniam
1105 4245 1342 4300 mundus
1373 4260 1404 4299 a
1433 4244 1544 4299 Deo
1576 4242 1752 4301 factus
1779 4251 1884 4308 est,
1925 4252 1979 4299 et

401 4359 506 4399 nos
550 4343 618 4396 ab
656 4341 846 4396 eodem
878 4337 1150 4408 procreati
1201 4351 1269 4390 ex
1321 4343 1606 4405 parentum
1660 4344 1970 4391 nostrorum

408 4446 579 4488 carne
599 4431 764 4500 geniti
795 4443 1008 4492 sumus,
1040 4427 1192 4482 venit
1229 4426 1513 4490 Dominus,
1546 4435 1606 4480 ut
1636 4441 1738 4480 nos
1769 4442 1836 4482 ex
1869 4426 1976 4495 spi-

403 4524 512 4579 ritu
543 4531 599 4577 et
627 4522 751 4590 igne
783 4525 1088 4588 generaret.
1125 4516 1304 4571 Geniti
1335 4516 1519 4584 itaque
1549 4530 1740 4570 sumus
1773 4533 1785 4569 :
1815 4515 1976 4585 idque

405 4616 584 4685 ipsum
618 4610 985 4667 certissimum
1018 4615 1142 4674 est;
1196 4623 1375 4677 neque
1422 4608 1710 4677 quisquam
1747 4607 1977 4678 primam

404 4708 555 4764 illam
606 4702 1012 4774 generationem
1063 4701 1280 4768 ejurare
1327 4709 1527 4770 potest,
1581 4707 1674 4753 aut
1707 4715 1772 4754 ex
1809 4715 1978 4756 carne

406 4803 764 4868 prOpagatum
820 4807 879 4846 se
922 4805 1044 4846 esse
1091 4791 1323 4846 dilliteri.
1391 4791 1543 4856 Quod
1578 4793 1647 4845 ad
1679 4791 1976 4846 secundam

404 4887 623 4960 quidem
675 4883 1078 4955 generationem
1129 4883 1338 4945 attinet,
1394 4899 1501 4937 non
1553 4898 1672 4938 eam
1711 4899 1775 4938 ex
1808 4898 1972 4939 carne

405 4981 492 5036 vel
522 4976 791 5049 sanguine
848 4974 1026 5030 sortiti
1084 4989 1292 5038 sumus,
1346 4974 1449 5029 hoc
1495 4982 1580 5029 est
1627 4990 1738 5032 non
1775 4991 1843 5030 ex
1869 4990 1972 5029 usu

404 5071 589 5128 carnis
617 5076 712 5123 aut
755 5065 1040 5137 sanguinis
1072 5065 1416 5135 accepimus;
1445 5081 1633 5120 verum
1672 5081 1892 5121 carnem
1922 5075 1974 5121 et

406 5168 665 5225 animam,
717 5167 1070 5230 posteaquam
1121 5157 1314 5226 spiritu
1369 5158 1534 5229 geniti
1593 5173 1805 5223 sumus,
1863 5173 1972 5212 non

404 5249 682 5306 carnalem
739 5248 973 5318 amplius
1021 5247 1307 5312 habemus,
1361 5246 1454 5302 sed
1485 5248 1708 5319 sanguis
1729 5257 1782 5303 et
1817 5263 1966 5313 caro,

404 5349 464 5398 et
518 5339 705 5395 anima
759 5338 990 5408 spiritali
1049 5339 1284 5410 quadam
1339 5337 1554 5394 ratione
1615 5340 1964 5409 copulantur.

2073 3139 2166 3194 θοῦ
2193 3142 2406 3213 Πατρὸς
2432 3141 2494 3194 τὸ
2522 3139 2725 3208 ἀγαθὸν
2753 3139 3018 3210 γέννημα,
3050 3139 3165 3208 φῶς
3209 3141 3273 3192 ἐκ
3299 3139 3498 3208 φωτὸς,
3523 3137 3660 3201 Θεὸς

2073 3235 2138 3286 ὲκ
2177 3233 2334 3299 Θεοῦ,
2369 3232 2501 3296 Θεὸς
2532 3231 2784 3304 ἀληθινὸς
2816 3233 2881 3285 ὲκ
2905 3232 3038 3284 Θεοῦ
3065 3231 3319 3302 ἀληθινοῦ
3348 3227 3481 3303 ἦλθε
3514 3230 3659 3301 πρὸς

2072 3325 2240 3396 ἡμᾶς,
2270 3324 2359 3377 ἵνα
2399 3324 2545 3394 ἡμᾶς
2595 3322 2764 3392 σώσῃ.
2813 3324 2914 3389 Εὶς
2948 3323 3019 3376 τὰ
3066 3323 3186 3375 ἴδια
3216 3318 3383 3391 ἦλθε,
3419 3323 3517 3375 καὶ
3555 3323 3661 3376 οὐκ

2075 3416 2154 3477 εἰς
2205 3414 2271 3467 τά
2317 3415 2593 3486 ἀλλότρια,
2639 3416 2693 3466 οὶ
2738 3412 2873 3466 ἴδιοι
2924 3414 3111 3467 αὑτὸν
3159 3415 3232 3468 οὐ
3283 3411 3652 3480 παρέλαϐον.

2079 3505 2250 3558 Ὅσοι
2291 3504 2359 3557 δὲ
2390 3505 2610 3558 ἔλαϐον
2635 3505 2845 3568 αὐτὸν,
2873 3505 3096 3557 ἔδωκεν
3130 3503 3334 3570 αὐτοῖς
3363 3504 3660 3566 ἐξουσίαν

2076 3596 2256 3651 τέκνα
2288 3597 2436 3652 Θεοῦ
2463 3595 2768 3665 γενέσθαιο
2803 3598 2859 3649 οἳ
2884 3599 2993 3650 οὐκ
3019 3597 3088 3662 ἐξ
3117 3598 3383 3666 αἵματος,
3415 3596 3561 3649 οὐδὲ
3589 3597 3660 3650 ἐκ

2075 3689 2322 3758 σαρκὸς,
2376 3689 2514 3743 ἀλλ’
2551 3689 2620 3741 ἐκ
2668 3687 2815 3743 Θεοῦ
2863 3689 3299 3758 ἐγεννήθησαν.
3346 3687 3542 3740 Καίτοι
3591 3701 3656 3755 γε

2076 3783 2250 3845 οὐδεὶς
2293 3784 2350 3836 ὲν
2385 3781 2462 3852 τῷ
2503 3780 2692 3852 κόσμῳ
2726 3781 2852 3836 ἄνευ
2897 3781 3098 3852 σαρκὸς
3131 3780 3390 3851 ἐγεννήθη
3439 3780 3536 3832 καὶ
3570 3780 3657 3833 αἴ-

2080 3892 2247 3946 ματος
2267 3891 2282 3907 ο
2330 3874 2466 3927 ἀλλὰ
2523 3875 2722 3938 πάντες
2774 3874 2991 3944 μέτοχοι
3042 3873 3239 3944 σαρκὸς
3284 3874 3374 3926 καὶ
3423 3872 3658 3942 αἵματος

2077 3967 2348 4036 γεγόνασι.
2389 3967 2453 4018 Τί
2484 3967 2590 4038 γὰρ
2627 3962 2786 4037 ἦσαν,
2833 3967 3023 4036 πρὶνῆ
3079 3968 3136 4019 ὲν
3185 3965 3346 4036 σαρκὶ
3380 3962 3658 4034 γεννηθῶ-

2081 4076 2194 4125 σιν;
2221 4059 2254 4129 ἦ
2292 4059 2345 4111 τί
2374 4057 2647 4128 δυνάμεθα
2680 4053 2819 4111 εἶναι
2849 4059 2976 4113 ἄνευ
3007 4058 3238 4129 σαρκός;
3289 4055 3507 4126 Ἐπειδὴ
3543 4054 3601 4108 δὲ
3629 4055 3657 4108 ὁ

2080 4150 2282 4220 κόσμος
2333 4151 2398 4202 ὲκ
2443 4148 2578 4201 Θεοῦ
2629 4148 2838 4217 γέγονε,
2879 4149 2972 4202 καὶ
3018 4150 3177 4220 ἡμεῖς
3224 4146 3540 4209 κτισθέντες
3591 4147 3657 4199 ὲκ

2082 4243 2282 4313 σαρκὸς
2323 4242 2422 4312 μέν
2453 4243 2620 4312 ἐσμεν
2657 4241 3042 4311 γεγεννημένοι
3075 4240 3323 4310 πατέρων
3357 4239 3448 4291 καὶ
3491 4236 3658 4308 μητέ-

2084 4351 2211 4404 ρων,
2256 4328 2421 4404 ἦλθεν
2458 4335 2487 4386 ὁ
2525 4331 2726 4404 Κύριος
2764 4333 3016 4402 γεννῆσαι
3049 4333 3196 4400 ἡμᾶς
3231 4331 3295 4383 ὲκ
3341 4330 3654 4400 πνεύματος

2079 4424 2170 4478 καὶ
2220 4425 2413 4495 πυρός.
2479 4424 2877 4495 Ἐγεννήθημεν
2919 4424 3058 4494 γάρ·
3113 4423 3204 4476 καὶ
3242 4423 3386 4475 ἔστιν
3417 4418 3649 4490 ἀληθές·

2079 4519 2174 4570 καὶ
2207 4517 2268 4570 οὐ
2301 4516 2522 4570 δύναταί
2551 4533 2635 4580 τις
2676 4515 3010 4587 ἀρνήσασθαι
3050 4515 3147 4587 τὴν
3205 4513 3426 4585 πρώτην
3458 4516 3655 4583 γέννη-

2076 4624 2180 4671 σιν,
2215 4606 2335 4659 οὑδὲ
2361 4607 2422 4658 τὸ
2447 4605 2511 4658 ὲκ
2533 4606 2732 4677 σαρκὸς
2757 4601 2916 4658 εἶναι.
2955 4605 3066 4676 Τὴν
3085 4605 3141 4658 δὲ
3164 4604 3423 4674 δευτέραν
3453 4604 3651 4673 γέννη-

2080 4715 2164 4753 σιν
2210 4699 2311 4751 οὑκ
2355 4700 2420 4752 ὲκ
2460 4698 2660 4770 σαρκὸς
2711 4695 3104 4766 γεγεννήμεθα,
3133 4695 3252 4749 οὐδὲ
3303 4693 3362 4760 ἐξ
3397 4695 3650 4765 αἵματος,

2078 4793 2355 4846 τουτέστιν
2401 4793 2460 4845 οὐ
2506 4795 2570 4862 τῇ
2602 4791 2906 4860 ἀποχρήσει
2945 4789 3044 4858 τῆς
3083 4788 3280 4859 σαρκὸς
3322 4787 3651 4858 κεχρημένοι

2079 4883 2173 4936 καὶ
2207 4882 2302 4935 τοῦ
2331 4883 2581 4953 αἵματος,
2607 4881 2742 4935 ἀλλὰ
2776 4881 2954 4953 σάρκα
2978 4880 3071 4933 καὶ
3095 4879 3270 4950 ψυχὴν
3295 4881 3351 4932 ἐν
3380 4878 3652 4947 πνεύματι

2080 4974 2464 5046 γεγεννημένοι
2514 4974 2709 5046 μηκέτι
2755 4971 3020 5043 σαρκικὴν
3073 4968 3259 5034 οὖσαν,
3312 4970 3446 5024 ἀλλά
3488 4966 3646 5040 αἷμα,

2080 5068 2173 5121 καὶ
2218 5067 2398 5137 σάρκα
2422 5107 2438 5130 ,
2473 5066 2566 5120 καὶ
2593 5065 2768 5137 ψυχὴν
2826 5061 3211 5134 πνευματικῶς
3264 5063 3644 5134 συνηνωμένα-

2079 5159 2358 5212 τουτέστιν
2381 5158 2640 5212 Ἔδωκεν
2659 5156 2863 5223 αὐτοῖς
2884 5156 3174 5220 ἐξουσίαν
3197 5154 3377 5208 τέκνα
3397 5153 3543 5208 Θεοῦ
3561 5171 3645 5223 γε·

2075 5250 2305 5316 νέσθαι,
2330 5253 2441 5312 τοῖς
2467 5249 2860 5320 μεταϐάλλουσι
2884 5248 2980 5319 τὴν
3001 5247 3247 5318 γνώμην,
3277 5246 3368 5299 καὶ
3398 5247 3485 5300 διὰ
3523 5261 3645 5316 σαρο

2075 5339 2190 5405 κὸς,
2216 5341 2312 5395 καὶ
2335 5340 2588 5411 αἵματος,
2615 5341 2710 5394 καὶ
2731 5340 2910 5410 ψυχῆς
2942 5338 3062 5409 Θεῷ
3091 5337 3544 5408 εὐαρεστήσασιν.

410 5434 589 5504 Atque
612 5431 745 5488 illud
773 5430 952 5502 ipsum
980 5438 1067 5488 est
1116 5431 1264 5501 quod
1304 5431 1548 5488 dicitur:
1583 5431 1736 5486 Dedit
1798 5436 1872 5487 eis
1923 5442 2232 5502 potestatem
2279 5435 2420 5502 ﬁlios
2459 5433 2559 5488 Dei
2589 5435 2728 5503 ﬁeri,
2769 5435 3082 5506 quicunque
3121 5433 3381 5488 nimirum
3444 5441 3644 5489 mutato

409 5526 469 5584 in
498 5526 696 5592 melius
723 5526 907 5582 animo
934 5541 1179 5595 carnem,
1205 5528 1524 5599 sanguinem
1564 5537 1620 5585 et
1652 5531 1886 5584 animam
1919 5529 1988 5583 ad
2024 5529 2120 5586 Dei
2146 5531 2479 5588 voluntatem
2516 5531 2951 5588 accommodant.

486 5682 506 5715 ³
539 5681 676 5740 Luc.
711 5697 847 5752 xvu,
890 5682 976 5748 l7,
1007 5682 1095 5739 18.
1175 5685 1192 5714 ¹
1232 5682 1387 5739 Joan.
1415 5700 1452 5753 ι,
1488 5685 1672 5740 H-l3.
1750 5685 1768 5716 ³
1802 5683 1864 5738 F.
1904 5683 2040 5756 τῷδε
2073 5685 2181 5740 τόν.
