3850 6204
207 305 282 366 93
851 315 1220 377 ADVERSUS
1259 319 1606 379 HASRESES
1645 319 1778 383 LIB.
1817 323 1886 381 Il.
1931 325 2092 384 TOM.
2135 329 2201 384 ll.
2242 361 2312 372 —-
2349 329 2624 388 HJERES.
2663 331 2850 389 LXVI.
3395 335 3466 394 ιι

379 420 507 491 γοῦν
541 425 624 488 εἰς
654 425 720 478 τὰ
769 427 874 481 ἴδια
917 429 1088 484 ἐλθὼν
1135 433 1236 486 οὐκ
1285 433 1564 506 ἁλλότριός
1605 437 1782 502 ἐστιν,

1959 437 2080 494 Jam
2133 455 2266 496 vero
2317 443 2412 514 qui
2457 443 2512 498 in
2565 445 2786 515 propria
2831 443 3052 500 venisse
3098 443 3323 500 dicitur.
3355 463 3463 502 non

203 513 338 567 ἀλλὰ
359 516 640 589 Δεσπότης
666 519 906 575 πάντων.
935 521 1046 574 Καὶ
1069 522 1158 576 διὰ
1191 525 1354 579 τοῦτο
1379 525 1526 596 λέγει
1543 543 1558 558 ο
1603 526 1658 579 '0
1687 529 1789 582 ,ιαμ-

201 603 326 659 λῶν
353 607 426 660 ἐν
455 607 582 676 τοῖς
622 612 958 682 προφήταις
979 631 992 644 ’
1035 615 1184 670 Ἰδοὺ
1215 619 1475 688 πάρειμι.
1517 619 1627 672 Kal
1675 621 1790 684 τοῖς

217 695 488 765 Ἰουδαίοις
513 701 616 774 ἔφη
637 721 652 734 ·
682 707 752 760 Et
773 707 1016 761 Μωῦσεῖ
1043 709 1410 777 ἐπιστεύετε,
1434 711 1785 766 ἐπιστεύετε

199 791 284 844 ἂν
321 792 458 862 ἐμοί
476 811 490 824 ”
538 796 770 865 ἐκεῖνος
821 801 932 869 γὰρ
982 803 1118 871 περὶ
1161 803 1308 872 ἐμοῦ
1345 803 1602 874 ἔγραψε·
1657 805 1783 870 καί,

212 883 462 954 Ἀϐραὰμ
499 889 534 941 d
569 889 768 958 πατὴρ
817 891 985 960 ἡμῶν
1021 893 1438 964 ἠγαλλιάσατο
1487 893 1636 948 ιδεῒν
1673 895 1788 963 τὴν

195 974 432 1044 ἡμέραν
461 996 600 1048 μου.
637 983 747 1036 Καὶ
775 978 896 1038 εἶδε
915 1026 930 1050 ,
966 984 1066 1040 καὶ
1098 986 1286 1055 ἐχάρη
1306 1003 1322 1018 ο
1354 989 1469 1055 καὶ,
1503 989 1701 1054 Οὕτως
1733 991 1788 1044 οί

195 1070 454 1139 πατέρες
485 1072 652 1142 ὑμῶν
683 1075 934 1130 ἐποίουν
965 1077 1092 1144 τοῖς
1120 1069 1457 1149 προφήταις
1477 1096 1492 1110 ·
1521 1081 1636 1147 καὶ,
1664 1085 1788 1135 Μα-

195 1160 394 1230 κάριοι
429 1165 589 1230 ἐστε,
633 1165 780 1221 ὅταν
807 1170 1190 1226 ὀνειδίσωσιν
1214 1171 1374 1242 ὑμᾶς
1396 1213 1411 1238 ,
1445 1173 1544 1226 καὶ
1571 1173 1786 1228 εἴπωσι

193 1256 328 1312 καθ’
357 1255 530 1324 ὑμῶν
551 1257 676 1313 πᾶν
705 1263 974 1331 πονηρὸν
997 1263 1382 1333 ψευδόμενοι.
1415 1264 1659 1332 Χαίρετε
1685 1265 1787 1318 καὶ

191 1343 574 1414 ἀγαλλιᾶσθε
595 1364 610 1378 ⁸
653 1349 746 1406 ὅτι
794 1355 828 1406 ό
869 1354 1090 1424 μισθὸς
1124 1353 1292 1424 ὑμῶν
1327 1356 1523 1421 πολὺς
1555 1357 1626 1410 έν
1661 1356 1786 1424 τοῖς

193 1437 500 1507 οὐρανοῖς.
536 1441 702 1496 Οὕτω
727 1443 840 1514 γὰρ
869 1445 1124 1500 ἐδίωκον
1145 1447 1288 1514 τοὺς
1313 1449 1622 1519 προφήτας
1649 1451 1786 1516 τοὺς

191 1531 308 1599 πρὸ
349 1530 523 1601 ὑμῶν
541 1549 556 1566 ·
604 1535 696 1588 καὶ
729 1535 919 1590 ἄλλοτε
941 1553 954 1567 ⁸
995 1539 1394 1610 Ἰερουσαλὴμ
1431 1541 1470 1608 ἠ
1513 1543 1788 1598 ἀποκτεί-

189 1637 396 1678 νουσα
441 1625 586 1692 τοὺς
633 1627 980 1698 προφήτας,
1025 1632 1122 1685 καὶ
1177 1633 1584 1688 λιθοϐολοῦσα
1643 1634 1786 1700 τοὺς

187 1713 714 1786 ἀπεσταλμένους,
738 1721 998 1788 ποσάκις
1024 1723 1300 1792 ἠθέλησα
1327 1725 1690 1791 ἐπισυνάξαι
1713 1724 1786 1780 τὰ

1891 528 2224 598 alienusest,
2261 533 2357 590 sed
2411 535 2657 590 omnium
2685 534 2970 594 Dominus.
3003 535 3365 602 Quamobrem
3389 539 3463 592 ita

1890 621 2024 676 dicit
2051 641 2064 676 :
2094 621 2199 690 Qui
2229 623 2478 694 loquebar
2507 625 2563 678 in
2587 625 2874 694 prophetis,
2903 625 3216 678 ecceadsum
3249 625 3288 676 ί.
3319 624 3462 689 Quin

1887 715 2050 770 etiam
2071 713 2287 772 Judaaos
2308 717 2624 786 alloquens:
2651 715 2712 772 Si
2732 714 2907 786 Moysi
2927 716 3230 781 crederetis,
3263 715 3461 785 inquit,

1889 801 2167 860 crederetis
2209 815 2262 861 et
2297 806 2454 870 mihi;
2485 805 2576 860 ille
2607 807 2746 860 enim
2769 805 2833 860 de
2861 823 2942 860 me
2967 807 3248 876 scripsit‘.
3294 803 3460 859 ltem:

1887 895 2162 950 Abraham
2231 907 2381 967 pater
2433 907 2616 953 noster
2666 899 2952 954 exsultavit
2989 907 3046 952 ut
3085 899 3280 954 videret
3327 895 3466 952 diem

1888 1004 2081 1042 meum.
2114 987 2262 1043 Vidit
2281 998 2332 1044 et
2359 991 2574 1061 gavisus
2606 999 2682 1045 est
2697 991 2739 1044 ³.
2769 989 2908 1045 Tum
2934 990 3068 1046 illud
3099 1007 3113 1047 :
3150 990 3238 1045 Sic
3287 997 3464 1058 patres

1889 1082 2048 1134 vestri
2077 1080 2342 1150 faciebant
2370 1081 2634 1150 prophetis
2659 1081 2710 1148 ⁶;
2741 1090 2826 1137 et:
2871 1080 3030 1135 Beati
3055 1081 3188 1149 Iestis
3227 1095 3345 1132 cum
3377 1095 3468 1132 ex-

1887 1171 2252 1240 probraverint
2287 1171 2453 1240 vobis,
2495 1181 2544 1228 et
2581 1173 2812 1228 dixerint
2863 1171 3140 1226 adversum
3185 1187 3274 1226 vos
3315 1185 3466 1225 omne

1887 1263 2088 1316 malum
2125 1264 2468 1330 mentientes;
2516 1264 2736 1334 gaudete
2784 1272 2834 1318 et
2880 1263 3166 1328 exsultate,
3216 1263 3464 1332 quoniam

1888 1371 2086 1410 merces
2119 1365 2294 1410 vestra
2321 1355 2494 1410 multa
2517 1365 2593 1410 est
2621 1357 2676 1410 in
2701 1357 2863 1410 caelis.
2901 1355 2990 1412 Sic
3024 1357 3162 1409 enim
3191 1369 3466 1424 perseque-

1889 1445 2086 1499 bantur
2135 1448 2442 1516 prophetas,
2497 1447 2588 1516 qui
2632 1455 2750 1500 ante
2801 1461 2887 1500 vos
2922 1445 3202 1516 fuerunt“.
3241 1445 3308 1499 Et
3351 1445 3461 1497 alio

1887 1537 2009 1594 loco
2037 1555 2050 1592 :
2091 1537 2446 1604 Hierusalem,
2480 1555 2598 1609 qua:
2620 1539 2812 1594 occidis
2845 1539 3148 1608 prophetas,
3176 1547 3226 1591 et
3258 1537 3465 1607 lapides

1887 1641 1974 1679 eos
2015 1626 2103 1694 qui
2141 1626 2290 1680 missi
2342 1627 2726 1695 sunt:quoties
2779 1628 2918 1682 volui
2963 1639 3278 1696 congregare
3325 1625 3466 1692 ﬁlias

1891 1717 2081 1769 tuos“!
2123 1715 2253 1782 Qum
2290 1731 2394 1772 vox
2423 1719 2647 1788 quoties,
2677 1719 2806 1772 olim
2846 1719 3023 1787 ipsum
3053 1733 3149 1788 per
3171 1718 3468 1788 prophetas

186 1804 377 1860 τέκνα
413 1785 568 1862 σου]
597 1807 672 1862 Τὸ
701 1808 760 1862 δὲ
789 1785 1058 1878 ποσάιιις
1093 1785 1326 1868 δειλινύει
1359 1815 1446 1868 διὰ
1489 1785 1782 1888 προιρητῶν

1888 1808 2286 1878 congregandis
2331 1785 2444 1864 illis
2477 1824 2698 1880 operam
2745 1785 3071 1866 adhibuisse
3093 1785 3455 1866 demonstrat.

187 1893 382 1948 τούτου
416 1896 642 1962 συνάξαι
667 1899 836 1971 αὐτὴν
870 1902 1374 1975 ὲπιμελησαμένου.
1409 1907 1472 1960 El
1500 1907 1608 1980 γὰρ
1645 1908 1788 1962 ἀπο-

187 1984 522 2040 κτείνουσα
560 1987 702 2054 τοὺς
731 1989 1045 2060 προφήτας
1091 1993 1238 2063 λέγει
1283 1993 1647 2064 ἐλεγκτικῶς,
1677 1998 1785 2068 ἄρα

185 2074 294 2128 τῶν
337 2078 636 2150 προφητῶν
677 2085 912 2136 ποιεῖται
964 2083 1062 2155 τὴν
1105 2086 1442 2158 ἐπιμέλειαν.
1485 2089 1544 2143 '0
1581 2087 1638 2142 δὲ
1673 2089 1784 2143 τῶν

185 2167 490 2238 προφητῶν
516 2171 942 2244 ἐπιμελούμενος
968 2176 1068 2230 οὐκ
1097 2177 1394 2250 ἀλλοτρίων
1437 2181 1780 2250 ἐπεμελεῖτο,

185 2258 322 2312 ἀλλὰ
347 2259 460 2313 τῶν
498 2261 663 2316 ἰδίων.
699 2265 839 2330 Kal,
868 2268 1303 2338 Ζητηθήσεται,
1336 2271 1510 2341 φησὶ,
1546 2272 1612 2326 τὸ
1639 2270 1783 2342 alita

185 2345 252 2402 τὸ
285 2348 703 2420 ἑκχυνὸμενον
737 2353 856 2408 ἀπὸ
891 2355 1142 2426 αἳματος
1183 2359 1366 2413 Ἅϐελ
1405 2359 1543 2430 ἄχρι
1579 2365 1778 2432 Ζαχα-

179 2441 318 2506 ρίου
357 2441 468 2496 τοῦ
508 2443 742 2500 δικαίου
763 2484 778 2510 ,
823 2447 930 2502 τοῦ
978 2449 1414 2518 ἐκκενωθέντος
1439 2453 1558 2507 ἀνὰ
1583 2453 1781 2523 μέσον

185 2532 294 2586 τοῦ
337 2534 494 2590 ναοῦ
561 2537 658 2590 καὶ
713 2539 822 2594 τοῦ
877 2543 1350 2612 θυσιαστηρίουο
1413 2544 1506 2598 καὶ
1529 2585 1546 2610 ,
1605 2547 1780 2616 Ἄρας

185 2623 418 2692 πάντα,
447 2625 549 2680 καὶ
579 2626 688 2694 τὰς
715 2629 1006 2697 τραπέζας
1039 2631 1158 2687 τῶν
1194 2634 1614 2689 κολλυϐιστῶν
1639 2653 1780 2690 κατ-ι

183 2712 464 2784 έστρεψε,
494 2717 596 2772 καὶ
623 2715 756 2774 εἷπε
774 2737 788 2751 ·
811 2720 908 2790 Μὴ
936 2723 1158 2778 ποιεῖτε
1188 2724 1294 2778 τὸν
1327 2723 1496 2781 οἷκον
1525 2727 1632 2781 τοῦ
1655 2729 1776 2781 Πα-

183 2807 324 2876 τρός
347 2824 472 2877 μου
503 2805 676 2865 οἶκον
697 2811 1005 2882 ἐμπορίου.
1041 2816 1150 2868 Kal
1181 2815 1317 2888 πρὸς
1345 2818 1471 2881 τοὺς
1507 2817 1636 2889 περὶ
1659 2819 1778 2872 Μα-

187 2899 328 2970 ριὰμ
363 2901 460 2954 καὶ
503 2902 704 2975 Ἰωσὴφ
735 2903 926 2972 ἔλεγε·
967 2907 1027 2962 Τί
1073 2907 1162 2960 ὅτι
1203 2906 1456 2976 ἐζητεῖτέ
1489 2925 1601 2978 με;
1654 2912 1776 2964 Οὐκ

185 2991 406 3061 ᾔδειτε,
445 2993 534 3047 ὅτι
558 2995 628 3048 ἐν
659 2996 786 3062 τοῖς
812 2995 922 3051 τοῦ
957 2997 1189 3066 Πατρός
1219 3017 1340 3068 μου
1374 2999 1468 3054 δεῖ
1485 3017 1564 3069 με
1589 2998 1774 3066 alr-at;

185 3085 298 3138 Καὶ
329 3084 496 3148 εὐθὺς
533 3087 782 3158 ἐπιφέρει
819 3087 880 3142 τὸ
910 3088 1244 3159 Εὐαγγέλιον
1291 3091 1470 3162 λέγον,
1507 3093 1588 3147 ὅτι
1617 3089 1768 3148 εἶπευ

1885 1894 2024 1950 Cum
2051 1898 2195 1952 enim
2227 1898 2343 1953 haec
2371 1898 2490 1969 ipsa
2520 1900 2710 1967 verba,
2753 1915 2870 1970 quia
2917 1900 3114 1954 occidis
3161 1901 3462 1969 prophetas,

1887 2002 2080 2060 aspere
2115 2001 2169 2045 et
2197 1990 2524 2062 obiurgandi
2557 1992 2736 2063 gratia
2765 1991 3227 2062 pronuntiaverit,
3263 2007 3464 2048 conse-

1886 2091 2061 2149 quens
2098 2086 2183 2134 est
2226 2081 2615 2150 prophetarum
2686 2080 2756 2134 ab
2796 2095 2862 2135 eo
2901 2095 3086 2160 curam
3119 2095 3243 2136 esse
3275 2095 3467 2136 susce-

1885 2181 2056 2242 ptam.
2089 2169 2208 2226 Jam
2237 2171 2330 2242 qui
2365 2173 2756 2244 prophetarum
2789 2187 2976 2228 curam
3005 2175 3164 2244 gerit,
3199 2189 3308 2228 non
3353 2171 3466 2228 uti-

1883 2277 1992 2332 que
2047 2269 2133 2320 est
2183 2272 2448 2334 tanquam
2499 2264 2566 2320 de
2614 2263 2831 2330 alienis,
2895 2265 2990 2320 sed
3043 2274 3296 2336 tanquam
3347 2265 3464 2321 suis

1883 2352 2238 2422 propriisque
2271 2353 2564 2409 sollicitus.
2610 2351 2730 2419 Quo
2771 2362 2828 2408 et
2871 2353 3006 2409 illud
3049 2355 3326 2424 pertinet:
3359 2353 3464 2410 Re-

1880 2442 2116 2512 quiretur
2159 2443 2377 2512 sanguis
2433 2444 2520 2512 qui
2573 2444 2773 2513 elfusus
2823 2453 2901 2497 est
2940 2461 2972 2497 a
3027 2445 3281 2514 sanguine
3309 2444 3462 2510 Abel,

1881 2549 2043 2604 usque
2097 2534 2167 2588 ad
2207 2533 2534 2588 Zachariam
2584 2535 2828 2604 justum,
2878 2537 2968 2606 qui
3009 2536 3162 2604 [usus
3191 2545 3268 2589 est
3325 2537 3465 2590 inter

1883 2625 2134 2693 templum
2167 2633 2218 2680 et
2251 2630 2420 2680 altare
2452 2627 2494 2680 ⁷.
2514 2625 2786 2682 Praeterea
2819 2627 2926 2682 alio
2953 2627 3007 2681 in
3038 2627 3183 2692 loco,
3219 2627 3462 2683 Sublatis

1879 2707 2122 2764 omnibus
2171 2710 2658 2764 nummulariorum
2705 2727 2913 2766 mensas
2959 2713 3163 2776 evertit,
3191 2730 3252 2766 ac
3279 2714 3463 2766 dia-it:

1880 2791 2062 2848 Nolite
2095 2793 2270 2863 facere
2308 2794 2524 2848 domum
2556 2795 2744 2851 Patris
2771 2797 2871 2850 mei
2899 2796 3113 2851 domum
3150 2799 3462 2868 negotiatio-

1879 2887 1961 2942 nis
1983 2888 2028 2944 ⁸.
2059 2887 2142 2942 Ad
2179 2887 2295 2942 haec
2342 2886 2523 2942 Maria:
2565 2902 2630 2941 ac
2675 2885 2914 2957 Joscpho
2948 2887 3078 2942 dixit
3112 2907 3125 2942 :
3159 2888 3300 2954 Quid
3345 2897 3462 2944 erat

1877 2979 2016 3050 quod
2065 2978 2386 3049 quarebatis
2433 2981 2561 3035 me?
2590 2977 2921 3034 Nesciebatis
2967 2981 3106 3050 quod
3149 2981 3204 3032 in
3245 2981 3312 3034 iis
3343 2996 3460 3050 qua

1879 3069 2064 3126 Patris
2098 3072 2200 3126 mei
2245 3079 2368 3126 sunt
2413 3081 2614 3138 oportet
2643 3087 2724 3126 me
2753 3088 2866 3126 esse
2887 3071 2906 3102 ⁹
2931 3071 2952 3125 ?
3018 3069 3190 3126 Porro
3218 3070 3460 3142 Evange-

183 3175 282 3245 Μὴ
331 3137 558 3232 nomine
609 3137 725 3234 τυ
761 3175 934 3234 οἷκον
983 3137 1092 3234 add
1151 3137 1384 3250 Πατρός
1424 3137 1544 3252 ρου
1605 3181 1774 3238 οἷκον

1883 3160 2032 3226 lium,
2069 3170 2360 3232 postquam
2393 3137 2508 3218 haec
2540 3163 2610 3216 ab
2641 3178 2705 3218 eo
2735 3161 2878 3216 dicta
2899 3162 3120 3216 retulit:
3147 3161 3314 3233 656
3343 3137 3460 3216 Alo-

183 3269 474 3339 ἐμπορίου
495 3286 510 3300 ·
533 3270 610 3334 ὡς
641 3270 816 3339 λέγει’
847 3270 960 3325 Καὶ
985 3272 1388 3342 ἐμνήσθησαν
1411 3278 1466 3328 οἱ
1491 3277 1772 3345 μαθηταὶ,

184 3359 276 3414 ὅτι
315 3357 395 3432 ἦν
439 3361 880 3432 τετραμμένονο
939 3362 1002 3414 '0
1049 3361 1228 3432 ζῆλος
1283 3365 1390 3419 τοῦ
1436 3367 1606 3422 οἷκου
1659 3381 1776 3422 σου

183 3451 490 3522 κατέφαγέ
513 3469 612 3520 με.

253 3634 390 3688 IlI".
431 3632 544 3688 Kal
567 3633 710 3686 πόσα
740 3632 886 3688 ἔστιν
911 3635 1084 3689 εἰπεῖν
1115 3635 1205 3690 διὰ
1236 3635 1494 3690 τοιούτων
1531 3637 1773 3706 Εὐαγγε-

183 3725 314 3779 λίων
347 3725 446 3778 καὶ
476 3726 586 3781 τῶν
617 3726 930 3782 ἀποστόλων
963 3729 1042 3792 εις
1073 3728 1292 3798 ἔλεγχον
1342 3729 1439 3800 τῆς
1481 3729 1576 3782 τοῦ
1611 3730 1772 3802 Μάνη

191 3818 418 3888 μανίαςς
447 3817 544 3870 καὶ
584 3817 660 3880 ὡς
709 3817 956 3888 βούλεται
983 3820 1212 3890 διαιρεῖν
1245 3820 1338 3874 καὶ
1375 3821 1774 3892 ἀπαλλοτριοῦν

185 3911 283 3982 τὴν
305 3909 554 3966 Παλαιὰν
567 3909 860 3982 δΔιαΘήκην
885 3909 994 3964 ἀπὸ
1019 3910 1120 3981 τῆς
1151 3911 1380 3981 Καινῆς,
1393 3911 1494 3982 τῆς
1523 3912 1772 3978 Παλαιᾶς

191 4001 579 4076 μαρτυρούσης
621 4002 752 4073 περὶ
783 4001 878 4056 τοῦ
912 4002 1192 4074 Σωτῆρος,
1242 4006 1338 4058 καὶ
1386 4006 1479 4060 τοῦ
1521 4007 1772 4080 Σωτῆρος

186 4095 576 4168 ὁμολογοῦντος
600 4099 702 4168 τὴν
731 4095 976 4150 Παλαιὰν
1003 4095 1277 4167 Διαθήκην
1298 4113 1312 4128 ’
1341 4097 1404 4150 οὐ
1435 4099 1616 4168 μόνον,
1637 4100 1772 4156 ἀλλὰ

188 4189 280 4242 καὶ
327 4187 484 4242 αὐτοὶ
527 4189 578 4240 al
625 4186 946 4250 ἀπόστολοι,
981 4187 1057 4250 ὡς
1097 4186 1244 4256 λέγει
1289 4188 1489 4242 Δαὸίδ·
1523 4186 1707 4244 Εἶπεν
1737 4194 1771 4246 ό

187 4281 401 4349 Κύριος
430 4277 512 4344 τῷ
549 4279 742 4346 Κυρίῳ
767 4295 918 4347 μου·
961 4275 1156 4332 Κάθου
1195 4278 1263 4332 ἐκ
1293 4278 1509 4344 δεξιῶν
1525 4299 1666 4350 μου.
1705 4285 1772 4336 El

185 4369 299 4430 οὖν
330 4371 554 4439 Κύριον
591 4369 778 4424 αὑτὸν
815 4369 1008 4440 λέγει,
1041 4369 1166 4438 πῶς
1197 4373 1328 4438 υἱὸς
1365 4373 1552 4428 αὐτοῦ
1603 4374 1770 4442 ἐστι;

1879 3255 1970 3308 lite
2001 3253 2176 3323 facere
2203 3255 2418 3308 domum
2447 3253 2631 3309 Patris
2663 3255 2762 3308 mei
2805 3253 3020 3308 domum
3061 3255 3456 3324 negotiationis,

1877 3347 2060 3400 statim
2123 3347 2256 3402 illud
2301 3346 2574 3416 subjicit:
2629 3345 2697 3400 Et
2761 3345 3028 3400 recordati
3101 3353 3226 3400 sunt
3293 3345 3459 3398 disci-

1875 3431 1990 3500 puli
2025 3433 2166 3501 quod
2221 3434 2480 3502 scriptum
2532 3441 2610 3488 est
2643 3447 2662 3486 .'
2697 3429 2857 3488 Zelus
2914 3431 3102 3488 domus
3151 3441 3254 3486 tua:
3285 3447 3458 3486 corne-

1877 3520 1954 3573 dit
1983 3537 2063 3574 me
2083 3521 2144 3576 ⁸ο.

1947 3639 2134 3698 XLIII.
2187 3639 2362 3708 Quam
2413 3642 2584 3696 multa
2625 3657 2696 3698 ex
2731 3641 3042 3713 Evangeliis
3091 3647 3144 3697 et
3192 3641 3460 3712 apostolis

1877 3731 2062 3788 all'erri
2095 3721 2162 3788 ad
2193 3731 2478 3788 Manichaei
2517 3731 2867 3789 refellendam
2897 3733 3162 3788 insaniam
3201 3741 3452 3803 possunt,

1874 3826 1968 3896 qui
2002 3822 2173 3880 Vetus
2221 3821 2638 3878 Testamentum
2663 3840 2692 3878 a
2719 3825 2872 3880 Novo
2907 3823 3214 3878 distrahere
3233 3829 3290 3878 et
3321 3823 3456 3880 alie-

1875 3929 2008 3970 nare
2058 3913 2378 3968 contendit?
2427 3913 2564 3968 Cum
2617 3921 2798 3969 tamen
2843 3921 2898 3968 et
2953 3913 3124 3968 Vetus
3169 3914 3342 3968 multa
3386 3913 3454 3970 de

1878 4002 2168 4060 Salvatore
2219 4003 2538 4061 testimonia
2589 4005 2910 4070 contineat;
2955 4011 3009 4058 et
3047 4003 3136 4058 hic
3187 4003 3452 4069 vicissim,

1875 4095 1986 4149 imo
2017 4105 2072 4151 et
2095 4095 2217 4164 ejus
2237 4096 2497 4166 apostoli,
2535 4093 2712 4150 Veteri
2744 4093 3100 4150 Testamento
3123 4096 3454 4150 auctoritate

1873 4203 1971 4242 sua
2029 4187 2420 4258 suffragantur,
2455 4195 2518 4240 ut
2569 4189 2624 4240 in
2670 4187 2764 4240 illo
2804 4188 2946 4250 loco,
3001 4186 3094 4255 qui
3135 4201 3204 4240 ex
3239 4185 3446 4242 Davide

1873 4281 2172 4336 translatus
2199 4289 2282 4336 est
2313 4279 2500 4335 :Dixit
2548 4279 2802 4334 Dominus
2837 4278 3064 4333 Domino
3081 4294 3216 4342 meo,
3257 4277 3390 4333 Sede
3415 4295 3452 4333 α

1871 4369 2072 4426 dextris
2109 4371 2256 4424 meis.
2306 4367 2368 4425 Si
2417 4369 2584 4439 igitur
2617 4368 2873 4422 Dominus
2927 4369 3082 4422 illum
3117 4377 3288 4432 vocat,
3321 4384 3450 4438 qus-

189 4465 296 4520 Kal
317 4463 480 4518 πάλιν
511 4463 570 4516 ἐν
595 4462 768 4534 ἑτέρῳ
794 4462 971 4531 λέγει’
1007 4463 1129 4518 Τῶν
1151 4464 1382 4518 παίδων
1407 4465 1760 4534 κραζόντων·

1883 4464 2026 4518 modo
2052 4464 2198 4534 ﬁlius
2231 4462 2344 4532 ejus
2371 4471 2450 4517 est
2475 4463 2512 4494 "
2531 4463 2554 4515 ?
2573 4462 2657 4516 Ad
2681 4463 2796 4516 haec
2819 4481 2830 4518 :
2859 4459 3228 4517 Clamantibus
3245 4461 3446 4530 pueris,

197 4557 462 4612 Ὡσαννὰ
503 4555 582 4621 τῷ
611 4554 720 4622 υίῷ
757 4554 935 4608 Δαϐίδ
957 4569 970 4582 ⁸
1005 4556 1098 4608 καὶ
1142 4556 1240 4609 οὐκ
1271 4556 1504 4628 ἐπετίμα
1544 4559 1763 4624 αὐτοῖς,

185 4649 430 4718 λέγουσιν
479 4651 530 4702 οἱ
573 4649 885 4720 Φαρισαῖοι·
934 4649 1054 4700 Οὐκ
1091 4649 1331 4714 ἀκούεις
1375 4649 1433 4703 τί
1471 4646 1636 4706 οὗτοι
1667 4650 1768 4705 λέ-

188 4757 392 4812 pavet;
431 4743 716 4796 κώλυσον
739 4740 912 4794 αὑτά.
946 4739 1004 4792 '0
1031 4740 1088 4792 δὲ
1126 4743 1263 4813 πρὸς
1292 4743 1514 4808 αὐτούς’
1551 4745 1649 4798 Ἂν
1674 4743 1767 4802 οὗ·

186 4851 278 4888 τοι
313 4833 688 4904 σιγήσωσιν,
737 4835 790 4885 οἱ
832 4832 990 4885 λίθοι
1035 4832 1448 4900 κεκράξονται.
1493 4834 1617 4899 Υἱὸς
1667 4837 1766 4908 μὲν

1873 4555 2140 4610 Bosanna
2195 4553 2344 4609 Filio
2400 4553 2570 4609 David
2594 4556 2660 4621 ¹¹¹,
2693 4569 2816 4608 cum
2841 4569 2936 4610 eos
2970 4569 3076 4608 non
3119 4554 3446 4624 increparet,

1867 4647 2130 4704 Pharisaei
2160 4649 2234 4702 ita
2269 4647 2448 4718 ipsum
2503 4647 2724 4702 allocuti
2765 4653 2894 4701 sunt
2933 4664 2948 4699 :
2981 4645 3102 4699 Non
3127 4647 3284 4700 audis
3319 4647 3446 4717 quid

1869 4742 1960 4796 isti
1996 4741 2224 4796 dicunt?
2261 4741 2478 4807 prohibe
2508 4741 2628 4795 illos
2652 4741 2715 4792 ’³.
2752 4738 2846 4793 llle
2871 4753 3000 4792 vero
3029 4739 3100 4792 ita
3129 4739 3442 4808 respondit:

1871 4833 1932 4887 Si
1963 4834 2054 4886 isti
2093 4835 2375 4899 tacuerint,
2405 4833 2606 4901 lapides
2637 4831 3060 4900 vociferabuntur
3079 4829 3144 4884 ".
3181 4829 3278 4884 Est
3299 4829 3444 4884 enim

185 4925 294 4995 γὰρ
337 4924 496 4978 Δαὸίδ
537 4925 654 4976 ἐστι
699 4921 841 4976 κατὰ
873 4923 1072 4990 σάρκα,
1109 4924 1314 4996 Κύριος
1365 4925 1420 4978 δὲ
1463 4925 1557 4979 τοῦ
1606 4929 1768 4982 Δαϐὶδ

1883 4924 2093 4981 Davidis
2131 4926 2222 4980 ille
2253 4925 2472 4995 quidem
2519 4939 2686 4980 carne
2721 4925 2885 4988 titius,
2931 4921 3178 4992 ejusdem
3214 4935 3363 4986 vero,
3393 4919 3442 4974 si

187 5017 328 5071 κατᾶ
354 5015 591 5088 πνεῦμα,
617 5014 728 5070 τῶν
753 5015 1078 5089 ἀμφοτέρων
1103 5018 1302 5083 λέξεων
1323 5018 1565 5073 δυνατῶν
1591 5019 1765 5074 οὐσῶν

1883 5018 2116 5087 spiritum
2149 5017 2492 5082 consideres,
2523 5016 2812 5079 Dominus,
2847 5029 2970 5070 cum
3003 5015 3176 5069 ambae
3203 5013 3310 5067 illa:
3343 5025 3444 5066 vo-

187 5107 282 5160 καὶ
313 5105 710 5178 ἀληθεύουσῶν.
747 5105 913 5162 Οὐδὲν
947 5107 1056 5180 γάρ
1089 5109 1206 5163 ἐστι
1245 5103 1765 5182 παραπεποιημένον

1883 5123 1956 5164 :es
1984 5107 2213 5178 aliquid,
2243 5108 2390 5178 quod
2415 5109 2528 5163 lieri
2557 5107 2752 5178 possit,
2783 5117 3084 5173 verumque
3112 5102 3441 5173 signiﬁcent.

185 5201 254 5270 τῇ
287 5199 528 5270 ἀληθείᾳ.

269 5290 423 5346 Ἀλλὰ
460 5291 548 5346 ἵνα
589 5290 666 5362 μὴ
697 5290 924 5361 μηκύνω
959 5289 1060 5361 τὴν
1106 5290 1358 5345 ὑπόθεσιν
1391 5291 1616 5364 ταύτην,
1663 5291 1764 5363 ἀρ-

187 5384 519 5456 κεσθήσομαι
553 5384 781 5449 ταύταις
801 5387 923 5449 ταῖς
955 5383 1303 5456 μαρτυρίαις.
1350 5383 1667 5455 Ἐλεύσομαι
1705 5385 1762 5438 δὲ

185 5479 264 5539 εἰς
293 5475 356 5528 τὰ
386 5475 568 5548 ἔτερα,
615 5475 914 5548 ἐξελέγχων
951 5473 1042 5527 τὸν
1090 5473 1352 5546 ἀγύρτην.
1406 5475 1468 5526 Εἰ
1508 5473 1567 5526 τὸ
1603 5474 1761 5546 σῶμα

259 5641 278 5672 ⁸
311 5642 404 5696 lsa.
439 5659 538 5704 LII,
567 5641 620 5695 6.
699 5642 720 5672 ¹
747 5640 908 5695 .loan.
947 5655 1028 5704 ιιι,
1069 5637 1155 5694 46.
1237 5641 1255 5670 ³
1279 5639 1436 5692 Joan.
1472 5653 1588 5702 vm,
1613 5637 1702 5692 56.

191 5709 214 5738 ⁷
239 5713 362 5764 liud.
393 5715 480 5768 35.
591 5713 612 5740 ⁸
638 5711 794 5764 .lnun.
839 5729 900 5774 tt,
929 5713 1012 5765 l3.
1133 5712 1152 5742 ⁹
1182 5710 1314 5764 Luc.
1353 5726 1410 5774 II,
1438 5709 1526 5764 49.

193 5777 330 5835 l‘sal.
377 5801 481 5848 ιιι,
523 5785 566 5838 l.

1809 5638 1830 5668 ⁸
1861 5635 1993 5692 Luc.
2032 5653 2102 5700 νι,
2127 5637 2216 5692 25.

1644 5709 1686 5738 ¹⁰
1716 5707 1871 5764 Joan.
1907 5723 1966 5770 ll,
1999 5708 2058 5761 l7
2088 5726 2102 5774 ;
2132 5706 2276 5766 Psal.
2328 5725 2516 5776 LXVIII,
2543 5709 2622 5768 10.

651 5786 690 5814 ¹⁹
727 5781 914 5837 Matth.
953 5797 1066 5848 ut,
1093 5780 1144 5837 9.
1227 5782 1264 5812 '3
1287 5779 1420 5835 Luc.
1465 5795 1577 5850 XIX,
1608 5779 1695 5835 59.
1777 5779 1818 5810 ³⁵
1851 5777 1982 5835 ibid.
2015 5777 2100 5834 40.

1861 5197 1998 5253 Nam
2027 5197 2166 5252 nihil
2197 5205 2282 5254 est
2309 5199 2366 5254 in
2397 5199 2630 5255 veritate
2659 5196 2974 5251 conﬁctum.

1931 5288 2136 5346 Verum
2193 5305 2262 5346 ne
2291 5289 2502 5346 diutius
2535 5290 2592 5343 in
2639 5303 2706 5344 eo
2749 5296 3078 5359 argumento
3117 5299 3442 5352 commorer,

1869 5395 1965 5438 ero
2023 5383 2214 5452 paucis
2264 5383 2333 5437 iis
2387 5381 2716 5438 testimoniis
2763 5389 3078 5448 contentus,
3129 5395 3324 5450 meque
3375 5379 3446 5434 ad

1871 5474 1976 5530 alia
2015 5475 2334 5546 impostoris
2359 5475 2506 5530 illius
2535 5475 2788 5547 dogmata
2827 5473 3114 5530 refutanda
3143 5472 3441 5528 conteram.

2323 5638 2342 5668 ⁵
2379 5637 2510 5692 ibid.
2537 5637 2628 5702 '2“),
2675 5637 2764 5694 23.
2875 5638 2895 5667 ⁸
2925 5634 3111 5689 Matth.
3143 5649 3300 5698 χχιιι,
3335 5630 3426 5702 ὅῖ.

2749 5709 2782 5740 ¹²
2819 5707 3005 5762 Matth.
3046 5720 3182 5770 χχιι,
3216 5703 3304 5772 li,
3333 5701 3438 5770 λιες
