  <div class='ocr_page' id='page_1' title='image "/cluster/home/n/w/nwhite01/storage/ocr_20150623/42/hvd.32044011752995/047.png"; bbox 0 0 3856 6312; ppageno 0'>
   <div class='ocr_carea' id='block_1_1' title="bbox 389 312 1980 385">
    <p class='ocr_par' dir='ltr' id='par_1_1' title="bbox 389 312 1980 383">
     <span class='ocr_line' id='line_1_1' title="bbox 389 312 1980 383; baseline 0 -1"><span class='ocrx_word' id='word_1_1' title='bbox 389 312 471 383; x_wconf 66' lang='lat'><strong>95</strong></span> <span class='ocrx_word' id='word_1_2' title='bbox 1824 324 1883 380; x_wconf 83' lang='lat'><strong>8.</strong></span> <span class='ocrx_word' id='word_1_3' title='bbox 1923 323 1980 382; x_wconf 80' lang='lat' dir='ltr'><strong>El</strong></span> 
     </span>
    </p>
   </div>
   <div class='ocr_carea' id='block_1_2' title="bbox 2084 312 3671 385">
    <p class='ocr_par' dir='ltr' id='par_1_2' title="bbox 2084 314 3671 385">
     <span class='ocr_line' id='line_1_2' title="bbox 2084 314 3671 385; baseline 0.003 -4"><span class='ocrx_word' id='word_1_4' title='bbox 2084 314 2265 382; x_wconf 75' lang='grc' dir='ltr'><strong>ΙΙΑΝΙΙ</strong></span> <span class='ocrx_word' id='word_1_5' title='bbox 3592 325 3671 385; x_wconf 72' lang='grc'><strong>96</strong></span> 
     </span>
    </p>
   </div>
   <div class='ocr_carea' id='block_1_3' title="bbox 398 428 1980 513">
    <p class='ocr_par' dir='ltr' id='par_1_3' title="bbox 398 428 1973 509">
     <span class='ocr_line' id='line_1_3' title="bbox 398 428 1973 509; baseline 0.002 -18"><span class='ocrx_word' id='word_1_6' title='bbox 398 434 455 491; x_wconf 92' lang='lat' dir='ltr'><strong>Si</strong></span> <span class='ocrx_word' id='word_1_7' title='bbox 498 448 704 503; x_wconf 87' lang='lat' dir='ltr'><strong>corpus</strong></span> <span class='ocrx_word' id='word_1_8' title='bbox 748 430 983 489; x_wconf 84' lang='lat' dir='ltr'><strong>alterius</strong></span> <span class='ocrx_word' id='word_1_9' title='bbox 1009 428 1104 490; x_wconf 83' lang='lat' dir='ltr'><strong>Dei</strong></span> <span class='ocrx_word' id='word_1_10' title='bbox 1135 435 1239 499; x_wconf 78' lang='lat' dir='ltr'><strong>est,</strong></span> <span class='ocrx_word' id='word_1_11' title='bbox 1270 444 1325 491; x_wconf 90' lang='lat' dir='ltr'><strong>et</strong></span> <span class='ocrx_word' id='word_1_12' title='bbox 1353 437 1580 493; x_wconf 79' lang='lat' dir='ltr'><strong>alterius</strong></span> <span class='ocrx_word' id='word_1_13' title='bbox 1611 438 1820 505; x_wconf 84' lang='lat' dir='ltr'><strong>anima,</strong></span> <span class='ocrx_word' id='word_1_14' title='bbox 1852 454 1973 509; x_wconf 74' lang='lat' dir='ltr'><strong>quae</strong></span> 
     </span>
    </p>
   </div>
   <div class='ocr_carea' id='block_1_4' title="bbox 2084 428 3669 513">
    <p class='ocr_par' dir='ltr' id='par_1_4' title="bbox 2084 433 3669 513">
     <span class='ocr_line' id='line_1_4' title="bbox 2084 433 3669 513; baseline 0.002 -21"><span class='ocrx_word' id='word_1_15' title='bbox 2084 439 2261 511; x_wconf 74' lang='grc' dir='ltr'><strong>1ετέρου</strong></span> <span class='ocrx_word' id='word_1_16' title='bbox 2299 440 2434 495; x_wconf 87' lang='grc' dir='ltr'>Θεοῦ</span> <span class='ocrx_word' id='word_1_17' title='bbox 2454 482 2468 506; x_wconf 94' lang='grc'><strong>,</strong></span> <span class='ocrx_word' id='word_1_18' title='bbox 2500 433 2546 495; x_wconf 79' lang='grc' dir='ltr'><strong><em>ὦ</em></strong></span> <span class='ocrx_word' id='word_1_19' title='bbox 2582 433 2770 509; x_wconf 76' lang='grc' dir='ltr'>οὗτος,</span> <span class='ocrx_word' id='word_1_20' title='bbox 2799 444 2893 498; x_wconf 73' lang='grc' dir='ltr'>καὶ</span> <span class='ocrx_word' id='word_1_21' title='bbox 2934 444 2967 513; x_wconf 84' lang='grc' dir='ltr'><strong>ή</strong></span> <span class='ocrx_word' id='word_1_22' title='bbox 3000 442 3145 513; x_wconf 79' lang='grc' dir='ltr'>ψυχὴ</span> <span class='ocrx_word' id='word_1_23' title='bbox 3180 441 3342 497; x_wconf 74' lang='grc' dir='ltr'>ἄλλου</span> <span class='ocrx_word' id='word_1_24' title='bbox 3371 441 3507 496; x_wconf 83' lang='grc' dir='ltr'>Θεοῦ</span> <span class='ocrx_word' id='word_1_25' title='bbox 3528 483 3545 506; x_wconf 92' lang='grc'><strong>,</strong></span> <span class='ocrx_word' id='word_1_26' title='bbox 3576 444 3669 507; x_wconf 81' lang='grc' dir='ltr'><strong>τίς</strong></span> 
     </span>
    </p>
   </div>
   <div class='ocr_carea' id='block_1_5' title="bbox 398 522 1979 594">
    <p class='ocr_par' dir='ltr' id='par_1_5' title="bbox 398 522 1979 594">
     <span class='ocr_line' id='line_1_5' title="bbox 398 522 1979 594; baseline 0.006 -19"><span class='ocrx_word' id='word_1_27' title='bbox 398 531 599 594; x_wconf 79' lang='lat' dir='ltr'><strong>potest,</strong></span> <span class='ocrx_word' id='word_1_28' title='bbox 628 523 700 576; x_wconf 87' lang='lat' dir='ltr'><strong>mi</strong></span> <span class='ocrx_word' id='word_1_29' title='bbox 731 522 917 590; x_wconf 71' lang='lat' dir='ltr'><strong>homo,</strong></span> <span class='ocrx_word' id='word_1_30' title='bbox 950 527 1235 580; x_wconf 86' lang='lat' dir='ltr'><strong>amborum</strong></span> <span class='ocrx_word' id='word_1_31' title='bbox 1265 542 1389 581; x_wconf 89' lang='lat' dir='ltr'><strong>esse</strong></span> <span class='ocrx_word' id='word_1_32' title='bbox 1422 528 1776 591; x_wconf 76' lang='lat' dir='ltr'><strong>communio?</strong></span> <span class='ocrx_word' id='word_1_33' title='bbox 1801 528 1979 594; x_wconf 83' lang='lat' dir='ltr'><strong>Quan-</strong></span> 
     </span>
    </p>
   </div>
   <div class='ocr_carea' id='block_1_6' title="bbox 397 613 1979 688">
    <p class='ocr_par' dir='ltr' id='par_1_6' title="bbox 397 613 1979 688">
     <span class='ocr_line' id='line_1_6' title="bbox 397 613 1979 688; baseline 0.006 -22"><span class='ocrx_word' id='word_1_34' title='bbox 397 631 561 685; x_wconf 89' lang='lat' dir='ltr'><strong>quam</strong></span> <span class='ocrx_word' id='word_1_35' title='bbox 599 613 878 682; x_wconf 65' lang='lat' dir='ltr'><strong>cogitandi</strong></span> <span class='ocrx_word' id='word_1_36' title='bbox 918 616 1052 670; x_wconf 88' lang='lat' dir='ltr'><strong>mihi</strong></span> <span class='ocrx_word' id='word_1_37' title='bbox 1074 631 1244 685; x_wconf 87' lang='lat' dir='ltr'><strong>quam</strong></span> <span class='ocrx_word' id='word_1_38' title='bbox 1277 618 1443 671; x_wconf 89' lang='lat' dir='ltr'><strong>altam</strong></span> <span class='ocrx_word' id='word_1_39' title='bbox 1476 620 1530 672; x_wconf 92' lang='lat' dir='ltr'><strong>in</strong></span> <span class='ocrx_word' id='word_1_40' title='bbox 1562 620 1979 688; x_wconf 85' lang='lat' dir='ltr'><strong>contemplatio-</strong></span> 
     </span>
    </p>
   </div>
   <div class='ocr_carea' id='block_1_7' title="bbox 400 706 1980 781">
    <p class='ocr_par' dir='ltr' id='par_1_7' title="bbox 400 706 1980 781">
     <span class='ocr_line' id='line_1_7' title="bbox 400 706 1980 781; baseline 0.005 -22"><span class='ocrx_word' id='word_1_41' title='bbox 400 724 526 765; x_wconf 86' lang='lat' dir='ltr'><strong>ucm</strong></span> <span class='ocrx_word' id='word_1_42' title='bbox 580 706 879 767; x_wconf 82' lang='lat' dir='ltr'><strong>mediocris</strong></span> <span class='ocrx_word' id='word_1_43' title='bbox 932 725 997 765; x_wconf 92' lang='lat' dir='ltr'><strong>ac</strong></span> <span class='ocrx_word' id='word_1_44' title='bbox 1049 710 1348 781; x_wconf 89' lang='lat' dir='ltr'><strong>perpusilla</strong></span> <span class='ocrx_word' id='word_1_45' title='bbox 1402 726 1555 767; x_wconf 88' lang='lat' dir='ltr'><strong>mens</strong></span> <span class='ocrx_word' id='word_1_46' title='bbox 1616 718 1804 766; x_wconf 86' lang='lat' dir='ltr'><strong>nostra</strong></span> <span class='ocrx_word' id='word_1_47' title='bbox 1855 728 1980 769; x_wconf 88' lang='lat' dir='ltr'><strong>sese</strong></span> 
     </span>
    </p>
   </div>
   <div class='ocr_carea' id='block_1_8' title="bbox 403 801 1978 871">
    <p class='ocr_par' dir='ltr' id='par_1_8' title="bbox 403 801 1978 871">
     <span class='ocr_line' id='line_1_8' title="bbox 403 801 1978 871; baseline -0.001 -12"><span class='ocrx_word' id='word_1_48' title='bbox 403 805 732 869; x_wconf 71' lang='lat' dir='ltr'><strong>committat,</strong></span> <span class='ocrx_word' id='word_1_49' title='bbox 790 804 940 860; x_wconf 88' lang='lat' dir='ltr'><strong>subit</strong></span> <span class='ocrx_word' id='word_1_50' title='bbox 1000 802 1295 858; x_wconf 85' lang='lat' dir='ltr'><strong>admodum</strong></span> <span class='ocrx_word' id='word_1_51' title='bbox 1352 802 1550 858; x_wconf 86' lang='lat' dir='ltr'><strong>vereri.</strong></span> <span class='ocrx_word' id='word_1_52' title='bbox 1612 801 1978 871; x_wconf 84' lang='lat' dir='ltr'><strong>Quamobrem</strong></span> 
     </span>
    </p>
   </div>
   <div class='ocr_carea' id='block_1_9' title="bbox 402 894 1979 967">
    <p class='ocr_par' dir='ltr' id='par_1_9' title="bbox 402 894 1979 967">
     <span class='ocr_line' id='line_1_9' title="bbox 402 894 1979 967; baseline -0.003 -14"><span class='ocrx_word' id='word_1_53' title='bbox 402 897 663 953; x_wconf 77' lang='lat' dir='ltr'><strong>inhibebo</strong></span> <span class='ocrx_word' id='word_1_54' title='bbox 691 896 1098 966; x_wconf 80' lang='lat' dir='ltr'><strong>memetipsum,</strong></span> <span class='ocrx_word' id='word_1_55' title='bbox 1131 909 1201 949; x_wconf 91' lang='lat' dir='ltr'><strong>nc</strong></span> <span class='ocrx_word' id='word_1_56' title='bbox 1240 894 1330 959; x_wconf 87' lang='lat' dir='ltr'><strong>iis,</strong></span> <span class='ocrx_word' id='word_1_57' title='bbox 1369 895 1465 964; x_wconf 85' lang='lat' dir='ltr'><strong>qui</strong></span> <span class='ocrx_word' id='word_1_58' title='bbox 1506 894 1687 965; x_wconf 80' lang='lat' dir='ltr'><strong>legere</strong></span> <span class='ocrx_word' id='word_1_59' title='bbox 1715 896 1821 949; x_wconf 89' lang='lat' dir='ltr'><strong>ista</strong></span> <span class='ocrx_word' id='word_1_60' title='bbox 1852 911 1979 967; x_wconf 88' lang='lat' dir='ltr'><strong>pos-</strong></span> 
     </span>
    </p>
   </div>
   <div class='ocr_carea' id='block_1_10' title="bbox 402 987 1981 1061">
    <p class='ocr_par' dir='ltr' id='par_1_10' title="bbox 402 987 1981 1061">
     <span class='ocr_line' id='line_1_10' title="bbox 402 987 1981 1061; baseline -0.003 -14"><span class='ocrx_word' id='word_1_61' title='bbox 402 998 548 1055; x_wconf 81' lang='lat' dir='ltr'><strong>sunt,</strong></span> <span class='ocrx_word' id='word_1_62' title='bbox 580 992 867 1061; x_wconf 83' lang='lat' dir='ltr'><strong>plusquam</strong></span> <span class='ocrx_word' id='word_1_63' title='bbox 896 1004 994 1058; x_wconf 83' lang='lat' dir='ltr'><strong>par</strong></span> <span class='ocrx_word' id='word_1_64' title='bbox 1017 995 1102 1043; x_wconf 85' lang='lat' dir='ltr'><strong>est</strong></span> <span class='ocrx_word' id='word_1_65' title='bbox 1126 987 1330 1043; x_wconf 85' lang='lat' dir='ltr'><strong>laboris</strong></span> <span class='ocrx_word' id='word_1_66' title='bbox 1361 987 1663 1058; x_wconf 85' lang='lat' dir='ltr'><strong>imponam,</strong></span> <span class='ocrx_word' id='word_1_67' title='bbox 1697 1004 1819 1043; x_wconf 91' lang='lat' dir='ltr'><strong>cum</strong></span> <span class='ocrx_word' id='word_1_68' title='bbox 1850 1006 1981 1059; x_wconf 76' lang='lat' dir='ltr'><strong>pra:-</strong></span> 
     </span>
    </p>
   </div>
   <div class='ocr_carea' id='block_1_11' title="bbox 401 1076 1978 1148">
    <p class='ocr_par' dir='ltr' id='par_1_11' title="bbox 401 1076 1978 1148">
     <span class='ocr_line' id='line_1_11' title="bbox 401 1076 1978 1148; baseline -0.002 -12"><span class='ocrx_word' id='word_1_69' title='bbox 401 1080 592 1135; x_wconf 83' lang='lat' dir='ltr'><strong>sertim</strong></span> <span class='ocrx_word' id='word_1_70' title='bbox 636 1078 799 1132; x_wconf 91' lang='lat' dir='ltr'><strong>unico</strong></span> <span class='ocrx_word' id='word_1_71' title='bbox 828 1076 1145 1133; x_wconf 86' lang='lat' dir='ltr'><strong>testimonio</strong></span> <span class='ocrx_word' id='word_1_72' title='bbox 1184 1076 1545 1148; x_wconf 69' lang='lat' dir='ltr'><strong>pmstigiator</strong></span> <span class='ocrx_word' id='word_1_73' title='bbox 1584 1076 1691 1132; x_wconf 88' lang='lat' dir='ltr'><strong>iste</strong></span> <span class='ocrx_word' id='word_1_74' title='bbox 1724 1078 1978 1148; x_wconf 73' lang='lat' dir='ltr'><strong>redargui</strong></span> 
     </span>
    </p>
   </div>
   <div class='ocr_carea' id='block_1_12' title="bbox 403 1166 1981 1241">
    <p class='ocr_par' dir='ltr' id='par_1_12' title="bbox 403 1166 1981 1241">
     <span class='ocr_line' id='line_1_12' title="bbox 403 1166 1981 1241; baseline -0.003 -15"><span class='ocrx_word' id='word_1_75' title='bbox 403 1170 598 1241; x_wconf 92' lang='lat' dir='ltr'><strong>possit.</strong></span> <span class='ocrx_word' id='word_1_76' title='bbox 614 1168 905 1236; x_wconf 75' lang='lat' dir='ltr'><strong>Etenimjn</strong></span> <span class='ocrx_word' id='word_1_77' title='bbox 927 1166 1172 1226; x_wconf 85' lang='lat' dir='ltr'><strong>eamdem</strong></span> <span class='ocrx_word' id='word_1_78' title='bbox 1190 1166 1651 1222; x_wconf 72' lang='lat' dir='ltr'><strong>consociationem</strong></span> <span class='ocrx_word' id='word_1_79' title='bbox 1664 1181 1729 1221; x_wconf 91' lang='lat' dir='ltr'><strong>ac</strong></span> <span class='ocrx_word' id='word_1_80' title='bbox 1741 1180 1981 1222; x_wconf 86' lang='lat' dir='ltr'><strong>commu-</strong></span> 
     </span>
    </p>
   </div>
   <div class='ocr_carea' id='block_1_13' title="bbox 403 1258 1977 1326">
    <p class='ocr_par' dir='ltr' id='par_1_13' title="bbox 403 1258 1977 1326">
     <span class='ocr_line' id='line_1_13' title="bbox 403 1258 1977 1326; baseline -0.003 -10"><span class='ocrx_word' id='word_1_81' title='bbox 403 1260 621 1316; x_wconf 86' lang='lat' dir='ltr'><strong>nionem</strong></span> <span class='ocrx_word' id='word_1_82' title='bbox 660 1258 856 1314; x_wconf 86' lang='lat' dir='ltr'><strong>adduci</strong></span> <span class='ocrx_word' id='word_1_83' title='bbox 885 1272 995 1315; x_wconf 91' lang='lat' dir='ltr'><strong>non</strong></span> <span class='ocrx_word' id='word_1_84' title='bbox 1025 1271 1213 1311; x_wconf 89' lang='lat' dir='ltr'><strong>eorum</strong></span> <span class='ocrx_word' id='word_1_85' title='bbox 1241 1271 1362 1311; x_wconf 90' lang='lat' dir='ltr'><strong>esse</strong></span> <span class='ocrx_word' id='word_1_86' title='bbox 1389 1263 1587 1326; x_wconf 88' lang='lat' dir='ltr'><strong>potest,</strong></span> <span class='ocrx_word' id='word_1_87' title='bbox 1628 1271 1751 1326; x_wconf 83' lang='lat' dir='ltr'><strong>quae</strong></span> <span class='ocrx_word' id='word_1_88' title='bbox 1783 1266 1977 1311; x_wconf 91' lang='lat' dir='ltr'><strong>mutuo</strong></span> 
     </span>
    </p>
   </div>
   <div class='ocr_carea' id='block_1_14' title="bbox 403 1348 1979 1418">
    <p class='ocr_par' dir='ltr' id='par_1_14' title="bbox 403 1348 1979 1418">
     <span class='ocr_line' id='line_1_14' title="bbox 403 1348 1979 1418; baseline -0.003 -11"><span class='ocrx_word' id='word_1_89' title='bbox 403 1349 755 1412; x_wconf 85' lang='lat' dir='ltr'><strong>dissentiant,</strong></span> <span class='ocrx_word' id='word_1_90' title='bbox 786 1348 881 1404; x_wconf 87' lang='lat' dir='ltr'><strong>sed</strong></span> <span class='ocrx_word' id='word_1_91' title='bbox 902 1348 1063 1405; x_wconf 91' lang='lat' dir='ltr'><strong>unius</strong></span> <span class='ocrx_word' id='word_1_92' title='bbox 1085 1363 1222 1418; x_wconf 88' lang='lat' dir='ltr'><strong>opus</strong></span> <span class='ocrx_word' id='word_1_93' title='bbox 1238 1356 1344 1413; x_wconf 91' lang='lat' dir='ltr'><strong>est,</strong></span> <span class='ocrx_word' id='word_1_94' title='bbox 1373 1355 1468 1402; x_wconf 88' lang='lat' dir='ltr'><strong>aut</strong></span> <span class='ocrx_word' id='word_1_95' title='bbox 1490 1363 1520 1401; x_wconf 89' lang='lat' dir='ltr'><strong>a</strong></span> <span class='ocrx_word' id='word_1_96' title='bbox 1541 1348 1758 1403; x_wconf 86' lang='lat' dir='ltr'><strong>duobus</strong></span> <span class='ocrx_word' id='word_1_97' title='bbox 1785 1349 1979 1403; x_wconf 90' lang='lat' dir='ltr'><strong>saltem</strong></span> 
     </span>
    </p>
   </div>
   <div class='ocr_carea' id='block_1_15' title="bbox 406 1440 1979 1510">
    <p class='ocr_par' dir='ltr' id='par_1_15' title="bbox 406 1440 1979 1510">
     <span class='ocr_line' id='line_1_15' title="bbox 406 1440 1979 1510; baseline -0.001 -13"><span class='ocrx_word' id='word_1_98' title='bbox 406 1443 601 1497; x_wconf 79' lang='lat' dir='ltr'><strong>amicis</strong></span> <span class='ocrx_word' id='word_1_99' title='bbox 643 1440 897 1495; x_wconf 76' lang='lat' dir='ltr'><strong>efﬁcitur.</strong></span> <span class='ocrx_word' id='word_1_100' title='bbox 948 1440 1137 1510; x_wconf 83' lang='lat' dir='ltr'><strong>Itaque</strong></span> <span class='ocrx_word' id='word_1_101' title='bbox 1181 1454 1308 1495; x_wconf 89' lang='lat' dir='ltr'><strong>cum</strong></span> <span class='ocrx_word' id='word_1_102' title='bbox 1344 1454 1547 1510; x_wconf 87' lang='lat' dir='ltr'><strong>corpus</strong></span> <span class='ocrx_word' id='word_1_103' title='bbox 1589 1447 1645 1495; x_wconf 91' lang='lat' dir='ltr'><strong>et</strong></span> <span class='ocrx_word' id='word_1_104' title='bbox 1691 1440 1872 1494; x_wconf 89' lang='lat' dir='ltr'><strong>anima</strong></span> <span class='ocrx_word' id='word_1_105' title='bbox 1923 1441 1979 1495; x_wconf 91' lang='lat' dir='ltr'><strong>in</strong></span> 
     </span>
    </p>
   </div>
   <div class='ocr_carea' id='block_1_16' title="bbox 402 1530 1980 1613">
    <p class='ocr_par' dir='ltr' id='par_1_16' title="bbox 402 1530 1980 1613">
     <span class='ocr_line' id='line_1_16' title="bbox 402 1530 1980 1613; baseline -0.002 -24"><span class='ocrx_word' id='word_1_106' title='bbox 402 1549 574 1590; x_wconf 84' lang='lat' dir='ltr'><strong>unum</strong></span> <span class='ocrx_word' id='word_1_107' title='bbox 623 1533 974 1613; x_wconf 74' lang='lat' dir='ltr'><strong>conveniant,</strong></span> <span class='ocrx_word' id='word_1_108' title='bbox 1024 1532 1189 1588; x_wconf 87' lang='lat' dir='ltr'><strong>unius</strong></span> <span class='ocrx_word' id='word_1_109' title='bbox 1232 1530 1327 1586; x_wconf 87' lang='lat' dir='ltr'><strong>Dei</strong></span> <span class='ocrx_word' id='word_1_110' title='bbox 1373 1546 1514 1602; x_wconf 90' lang='lat' dir='ltr'><strong>opus</strong></span> <span class='ocrx_word' id='word_1_111' title='bbox 1564 1532 1699 1588; x_wconf 87' lang='lat' dir='ltr'><strong>illud</strong></span> <span class='ocrx_word' id='word_1_112' title='bbox 1730 1547 1853 1587; x_wconf 89' lang='lat' dir='ltr'><strong>esse</strong></span> <span class='ocrx_word' id='word_1_113' title='bbox 1881 1548 1980 1603; x_wconf 88' lang='lat' dir='ltr'><strong>pu-</strong></span> 
     </span>
    </p>
   </div>
   <div class='ocr_carea' id='block_1_17' title="bbox 402 1620 1980 1693">
    <p class='ocr_par' dir='ltr' id='par_1_17' title="bbox 402 1620 1980 1693">
     <span class='ocr_line' id='line_1_17' title="bbox 402 1620 1980 1693; baseline -0.002 -15"><span class='ocrx_word' id='word_1_114' title='bbox 402 1621 631 1678; x_wconf 82' lang='lat' dir='ltr'><strong>tandum</strong></span> <span class='ocrx_word' id='word_1_115' title='bbox 686 1631 794 1678; x_wconf 88' lang='lat' dir='ltr'><strong>est.</strong></span> <span class='ocrx_word' id='word_1_116' title='bbox 850 1620 1039 1693; x_wconf 83' lang='lat' dir='ltr'><strong>Neque</strong></span> <span class='ocrx_word' id='word_1_117' title='bbox 1084 1623 1229 1677; x_wconf 87' lang='lat' dir='ltr'><strong>enim</strong></span> <span class='ocrx_word' id='word_1_118' title='bbox 1279 1622 1388 1677; x_wconf 91' lang='lat' dir='ltr'><strong>ulla</strong></span> <span class='ocrx_word' id='word_1_119' title='bbox 1436 1629 1521 1677; x_wconf 83' lang='lat' dir='ltr'><strong>est</strong></span> <span class='ocrx_word' id='word_1_120' title='bbox 1570 1621 1713 1677; x_wconf 88' lang='lat' dir='ltr'><strong>inter</strong></span> <span class='ocrx_word' id='word_1_121' title='bbox 1746 1622 1837 1676; x_wconf 92' lang='lat' dir='ltr'><strong>illa</strong></span> <span class='ocrx_word' id='word_1_122' title='bbox 1870 1622 1980 1676; x_wconf 88' lang='lat' dir='ltr'><strong>duo</strong></span> 
     </span>
    </p>
   </div>
   <div class='ocr_carea' id='block_1_18' title="bbox 402 1711 1980 1782">
    <p class='ocr_par' dir='ltr' id='par_1_18' title="bbox 402 1711 1980 1782">
     <span class='ocr_line' id='line_1_18' title="bbox 402 1711 1980 1782; baseline -0.001 -13"><span class='ocrx_word' id='word_1_123' title='bbox 402 1712 722 1782; x_wconf 80' lang='lat' dir='ltr'><strong>disjunctio,</strong></span> <span class='ocrx_word' id='word_1_124' title='bbox 768 1727 895 1768; x_wconf 89' lang='lat' dir='ltr'><strong>cum</strong></span> <span class='ocrx_word' id='word_1_125' title='bbox 949 1711 1018 1766; x_wconf 90' lang='lat' dir='ltr'><strong>ad</strong></span> <span class='ocrx_word' id='word_1_126' title='bbox 1065 1711 1333 1779; x_wconf 82' lang='lat' dir='ltr'><strong>agendum</strong></span> <span class='ocrx_word' id='word_1_127' title='bbox 1384 1721 1573 1766; x_wconf 90' lang='lat' dir='ltr'><strong>mutua</strong></span> <span class='ocrx_word' id='word_1_128' title='bbox 1616 1714 1980 1768; x_wconf 85' lang='lat' dir='ltr'><strong>consensione</strong></span> 
     </span>
    </p>
   </div>
   <div class='ocr_carea' id='block_1_19' title="bbox 2078 532 3671 607">
    <p class='ocr_par' dir='ltr' id='par_1_19' title="bbox 2078 532 3671 607">
     <span class='ocr_line' id='line_1_19' title="bbox 2078 532 3671 607; baseline 0.003 -23"><span class='ocrx_word' id='word_1_129' title='bbox 2078 532 2328 586; x_wconf 78' lang='grc' dir='ltr'><strong>κοινωνία</strong></span> <span class='ocrx_word' id='word_1_130' title='bbox 2370 532 2480 587; x_wconf 85' lang='grc' dir='ltr'><strong>τῶν</strong></span> <span class='ocrx_word' id='word_1_131' title='bbox 2508 534 2865 607; x_wconf 73' lang='grc' dir='ltr'>ἀμφοτέρωνς</span> <span class='ocrx_word' id='word_1_132' title='bbox 2918 536 3029 589; x_wconf 75' lang='grc' dir='ltr'><strong>Καὶ</strong></span> <span class='ocrx_word' id='word_1_133' title='bbox 3072 535 3222 589; x_wconf 81' lang='grc' dir='ltr'><strong>δέδια</strong></span> <span class='ocrx_word' id='word_1_134' title='bbox 3263 534 3339 599; x_wconf 84' lang='grc' dir='ltr'>ὡς</span> <span class='ocrx_word' id='word_1_135' title='bbox 3372 536 3453 597; x_wconf 84' lang='grc' dir='ltr'><strong>είς</strong></span> <span class='ocrx_word' id='word_1_136' title='bbox 3496 536 3671 589; x_wconf 84' lang='grc' dir='ltr'>πόσον</span> 
     </span>
    </p>
   </div>
   <div class='ocr_carea' id='block_1_20' title="bbox 2077 622 3670 697">
    <p class='ocr_par' dir='ltr' id='par_1_20' title="bbox 2077 622 3670 697">
     <span class='ocr_line' id='line_1_20' title="bbox 2077 622 3670 697; baseline 0.003 -22"><span class='ocrx_word' id='word_1_137' title='bbox 2077 622 2239 691; x_wconf 70' lang='grc' dir='ltr'>ὄγκον</span> <span class='ocrx_word' id='word_1_138' title='bbox 2273 623 2434 692; x_wconf 90' lang='grc' dir='ltr'>βυθοῦ</span> <span class='ocrx_word' id='word_1_139' title='bbox 2461 624 2834 697; x_wconf 71' lang='grc' dir='ltr'><strong>διανοημάτων</strong></span> <span class='ocrx_word' id='word_1_140' title='bbox 2863 626 3155 695; x_wconf 72' lang='grc' dir='ltr'>ἑγκύπτειν</span> <span class='ocrx_word' id='word_1_141' title='bbox 3195 628 3451 696; x_wconf 80' lang='grc' dir='ltr'>πειρᾶται</span> <span class='ocrx_word' id='word_1_142' title='bbox 3494 628 3523 679; x_wconf 83' lang='grc' dir='ltr'><strong>δ</strong></span> <span class='ocrx_word' id='word_1_143' title='bbox 3564 629 3670 695; x_wconf 79' lang='grc' dir='ltr'>τῆς</span> 
     </span>
    </p>
   </div>
   <div class='ocr_carea' id='block_1_21' title="bbox 2078 713 3671 786">
    <p class='ocr_par' dir='ltr' id='par_1_21' title="bbox 2078 713 3671 786">
     <span class='ocr_line' id='line_1_21' title="bbox 2078 713 3671 786; baseline 0.001 -21"><span class='ocrx_word' id='word_1_144' title='bbox 2078 713 2233 783; x_wconf 79' lang='grc' dir='ltr'>ἡμῶν</span> <span class='ocrx_word' id='word_1_145' title='bbox 2282 713 2618 784; x_wconf 84' lang='grc' dir='ltr'><strong>βραχύτητος</strong></span> <span class='ocrx_word' id='word_1_146' title='bbox 2663 716 2857 786; x_wconf 78' lang='grc' dir='ltr'>μικρὸς</span> <span class='ocrx_word' id='word_1_147' title='bbox 2900 714 3045 777; x_wconf 86' lang='grc' dir='ltr'>νοῦς.</span> <span class='ocrx_word' id='word_1_148' title='bbox 3090 714 3180 767; x_wconf 82' lang='grc' dir='ltr'>Διδ</span> <span class='ocrx_word' id='word_1_149' title='bbox 3226 714 3671 784; x_wconf 81' lang='grc' dir='ltr'>χαλιναγωγήσω</span> 
     </span>
    </p>
   </div>
   <div class='ocr_carea' id='block_1_22' title="bbox 2079 803 3668 877">
    <p class='ocr_par' dir='ltr' id='par_1_22' title="bbox 2079 803 3668 877">
     <span class='ocr_line' id='line_1_22' title="bbox 2079 803 3668 877; baseline 0 -21"><span class='ocrx_word' id='word_1_150' title='bbox 2079 803 2334 874; x_wconf 78' lang='grc' dir='ltr'>ἐμαυτὸν,</span> <span class='ocrx_word' id='word_1_151' title='bbox 2364 805 2453 857; x_wconf 84' lang='grc' dir='ltr'><strong>ἴνα</strong></span> <span class='ocrx_word' id='word_1_152' title='bbox 2490 806 2566 876; x_wconf 82' lang='grc' dir='ltr'>μὴ</span> <span class='ocrx_word' id='word_1_153' title='bbox 2598 806 2766 860; x_wconf 77' lang='grc' dir='ltr'>πολὺν</span> <span class='ocrx_word' id='word_1_154' title='bbox 2791 806 3035 877; x_wconf 82' lang='grc' dir='ltr'>κάματον</span> <span class='ocrx_word' id='word_1_155' title='bbox 3066 804 3382 874; x_wconf 79' lang='grc' dir='ltr'>ποιήσωμαι</span> <span class='ocrx_word' id='word_1_156' title='bbox 3411 803 3668 870; x_wconf 83' lang='grc' dir='ltr'>ἀναγνώ-</span> 
     </span>
    </p>
   </div>
   <div class='ocr_carea' id='block_1_23' title="bbox 2080 896 3671 969">
    <p class='ocr_par' dir='ltr' id='par_1_23' title="bbox 2080 896 3671 969">
     <span class='ocr_line' id='line_1_23' title="bbox 2080 896 3671 969; baseline 0.001 -20"><span class='ocrx_word' id='word_1_157' title='bbox 2080 913 2216 959; x_wconf 81' lang='grc' dir='ltr'>σεως</span> <span class='ocrx_word' id='word_1_158' title='bbox 2239 900 2351 961; x_wconf 84' lang='grc' dir='ltr'>τοῖς</span> <span class='ocrx_word' id='word_1_159' title='bbox 2370 897 2708 969; x_wconf 83' lang='grc' dir='ltr'>δυναμένοις.</span> <span class='ocrx_word' id='word_1_160' title='bbox 2746 899 2856 951; x_wconf 76' lang='grc' dir='ltr'><strong>Καὶ</strong></span> <span class='ocrx_word' id='word_1_161' title='bbox 2887 897 2997 952; x_wconf 85' lang='grc' dir='ltr'>ἀπὸ</span> <span class='ocrx_word' id='word_1_162' title='bbox 3027 898 3154 968; x_wconf 80' lang='grc' dir='ltr'>μιᾶς</span> <span class='ocrx_word' id='word_1_163' title='bbox 3186 896 3490 969; x_wconf 77' lang='grc' dir='ltr'>μαρτυρίας</span> <span class='ocrx_word' id='word_1_164' title='bbox 3515 896 3671 951; x_wconf 79' lang='grc' dir='ltr'>ἐστιν</span> 
     </span>
    </p>
   </div>
   <div class='ocr_carea' id='block_1_24' title="bbox 2079 985 3675 1057">
    <p class='ocr_par' dir='ltr' id='par_1_24' title="bbox 2079 985 3675 1057">
     <span class='ocr_line' id='line_1_24' title="bbox 2079 985 3675 1057; baseline 0.001 -19"><span class='ocrx_word' id='word_1_165' title='bbox 2079 986 2357 1053; x_wconf 70' lang='grc' dir='ltr'><strong>ἐξελέγξαι</strong></span> <span class='ocrx_word' id='word_1_166' title='bbox 2390 987 2482 1040; x_wconf 83' lang='grc' dir='ltr'><strong>τὸν</strong></span> <span class='ocrx_word' id='word_1_167' title='bbox 2510 987 2701 1057; x_wconf 83' lang='grc' dir='ltr'>γόητα.</span> <span class='ocrx_word' id='word_1_168' title='bbox 2751 988 2825 1040; x_wconf 85' lang='grc' dir='ltr'>Τὸ</span> <span class='ocrx_word' id='word_1_169' title='bbox 2861 986 2959 1057; x_wconf 81' lang='grc' dir='ltr'>μὲν</span> <span class='ocrx_word' id='word_1_170' title='bbox 2996 986 3106 1057; x_wconf 81' lang='grc' dir='ltr'><strong>γὰρ</strong></span> <span class='ocrx_word' id='word_1_171' title='bbox 3133 985 3423 1039; x_wconf 82' lang='grc' dir='ltr'>ὲπιτοαυτὸ</span> <span class='ocrx_word' id='word_1_172' title='bbox 3465 1002 3675 1039; x_wconf 81' lang='grc' dir='ltr'>κοινω-</span> 
     </span>
    </p>
   </div>
   <div class='ocr_carea' id='block_1_25' title="bbox 2079 1076 3671 1151">
    <p class='ocr_par' dir='ltr' id='par_1_25' title="bbox 2079 1076 3671 1151">
     <span class='ocr_line' id='line_1_25' title="bbox 2079 1076 3671 1151; baseline -0.003 -18"><span class='ocrx_word' id='word_1_173' title='bbox 2079 1080 2190 1133; x_wconf 82' lang='grc' dir='ltr'>νεῖν</span> <span class='ocrx_word' id='word_1_174' title='bbox 2215 1079 2313 1133; x_wconf 85' lang='grc' dir='ltr'>οὺκ</span> <span class='ocrx_word' id='word_1_175' title='bbox 2334 1078 2448 1133; x_wconf 75' lang='grc' dir='ltr'>ἔστι</span> <span class='ocrx_word' id='word_1_176' title='bbox 2472 1078 2878 1151; x_wconf 78' lang='grc' dir='ltr'>διαφερομένων</span> <span class='ocrx_word' id='word_1_177' title='bbox 2910 1078 3044 1150; x_wconf 82' lang='grc' dir='ltr'>πρὸς</span> <span class='ocrx_word' id='word_1_178' title='bbox 3069 1077 3354 1147; x_wconf 67' lang='grc' dir='ltr'>ἀλλήλους,</span> <span class='ocrx_word' id='word_1_179' title='bbox 3378 1076 3517 1131; x_wconf 87' lang='grc' dir='ltr'><strong>ἀλλά</strong></span> <span class='ocrx_word' id='word_1_180' title='bbox 3545 1076 3671 1139; x_wconf 74' lang='grc' dir='ltr'>ἑνὸς</span> 
     </span>
    </p>
   </div>
   <div class='ocr_carea' id='block_1_26' title="bbox 2078 1166 3675 1242">
    <p class='ocr_par' dir='ltr' id='par_1_26' title="bbox 2078 1166 3675 1242">
     <span class='ocr_line' id='line_1_26' title="bbox 2078 1166 3675 1242; baseline -0.002 -21"><span class='ocrx_word' id='word_1_181' title='bbox 2078 1168 2139 1221; x_wconf 79' lang='grc' dir='ltr'>τὸ</span> <span class='ocrx_word' id='word_1_182' title='bbox 2166 1168 2344 1241; x_wconf 78' lang='grc' dir='ltr'>ἔργον,</span> <span class='ocrx_word' id='word_1_183' title='bbox 2374 1169 2407 1241; x_wconf 79' lang='grc' dir='ltr'>ἢ</span> <span class='ocrx_word' id='word_1_184' title='bbox 2443 1170 2535 1224; x_wconf 77' lang='grc' dir='ltr'>δύο</span> <span class='ocrx_word' id='word_1_185' title='bbox 2570 1170 2738 1241; x_wconf 74' lang='grc' dir='ltr'>φῦιων</span> <span class='ocrx_word' id='word_1_186' title='bbox 2767 1172 2800 1241; x_wconf 86' lang='grc' dir='ltr'><strong>ή</strong></span> <span class='ocrx_word' id='word_1_187' title='bbox 2841 1168 3095 1242; x_wconf 78' lang='grc' dir='ltr'>ἐργασία.</span> <span class='ocrx_word' id='word_1_188' title='bbox 3138 1167 3244 1223; x_wconf 87' lang='grc' dir='ltr'>Τοῦ</span> <span class='ocrx_word' id='word_1_189' title='bbox 3278 1166 3531 1237; x_wconf 84' lang='grc' dir='ltr'>σώματος</span> <span class='ocrx_word' id='word_1_190' title='bbox 3556 1167 3675 1219; x_wconf 69' lang='grc' dir='ltr'>τοί-</span> 
     </span>
    </p>
   </div>
   <div class='ocr_carea' id='block_1_27' title="bbox 2080 1256 3677 1331">
    <p class='ocr_par' dir='ltr' id='par_1_27' title="bbox 2080 1256 3677 1331">
     <span class='ocr_line' id='line_1_27' title="bbox 2080 1256 3677 1331; baseline -0.002 -18"><span class='ocrx_word' id='word_1_191' title='bbox 2080 1277 2172 1314; x_wconf 87' lang='grc' dir='ltr'><strong>νυν</strong></span> <span class='ocrx_word' id='word_1_192' title='bbox 2207 1262 2301 1313; x_wconf 78' lang='grc' dir='ltr'>καὶ</span> <span class='ocrx_word' id='word_1_193' title='bbox 2338 1260 2438 1331; x_wconf 81' lang='grc' dir='ltr'>τῆς</span> <span class='ocrx_word' id='word_1_194' title='bbox 2462 1259 2641 1331; x_wconf 70' lang='grc' dir='ltr'>ψυχῆς</span> <span class='ocrx_word' id='word_1_195' title='bbox 2672 1261 2765 1313; x_wconf 73' lang='grc' dir='ltr'>ἐπὶ</span> <span class='ocrx_word' id='word_1_196' title='bbox 2790 1260 2852 1313; x_wconf 81' lang='grc' dir='ltr'>τὸ</span> <span class='ocrx_word' id='word_1_197' title='bbox 2890 1259 3022 1313; x_wconf 79' lang='grc' dir='ltr'>αὐτὸ</span> <span class='ocrx_word' id='word_1_198' title='bbox 3055 1257 3225 1313; x_wconf 74' lang='grc' dir='ltr'>ὀντων</span> <span class='ocrx_word' id='word_1_199' title='bbox 3244 1298 3261 1322; x_wconf 87' lang='grc'><strong>,</strong></span> <span class='ocrx_word' id='word_1_200' title='bbox 3294 1257 3413 1321; x_wconf 75' lang='grc' dir='ltr'>ἑνὸς</span> <span class='ocrx_word' id='word_1_201' title='bbox 3442 1256 3582 1310; x_wconf 78' lang='grc' dir='ltr'>Θεοῦ</span> <span class='ocrx_word' id='word_1_202' title='bbox 3608 1256 3677 1310; x_wconf 75' lang='grc' dir='ltr'>τὸ</span> 
     </span>
    </p>
   </div>
   <div class='ocr_carea' id='block_1_28' title="bbox 2079 1350 3679 1423">
    <p class='ocr_par' dir='ltr' id='par_1_28' title="bbox 2079 1350 3679 1423">
     <span class='ocr_line' id='line_1_28' title="bbox 2079 1350 3679 1423; baseline -0.003 -17"><span class='ocrx_word' id='word_1_203' title='bbox 2079 1353 2263 1422; x_wconf 76' lang='grc' dir='ltr'>ἔργον.</span> <span class='ocrx_word' id='word_1_204' title='bbox 2296 1353 2373 1405; x_wconf 81' lang='grc' dir='ltr'><strong>Οὐ</strong></span> <span class='ocrx_word' id='word_1_205' title='bbox 2403 1353 2512 1421; x_wconf 86' lang='grc' dir='ltr'><strong>γάρ</strong></span> <span class='ocrx_word' id='word_1_206' title='bbox 2547 1355 2663 1405; x_wconf 75' lang='grc' dir='ltr'>ἐστι</span> <span class='ocrx_word' id='word_1_207' title='bbox 2693 1352 2954 1423; x_wconf 89' lang='grc' dir='ltr'>διαίρεσις</span> <span class='ocrx_word' id='word_1_208' title='bbox 2973 1391 2989 1417; x_wconf 88' lang='grc'><strong>,</strong></span> <span class='ocrx_word' id='word_1_209' title='bbox 3020 1350 3106 1405; x_wconf 84' lang='grc' dir='ltr'>διὰ</span> <span class='ocrx_word' id='word_1_210' title='bbox 3137 1350 3199 1404; x_wconf 83' lang='grc' dir='ltr'>τὸ</span> <span class='ocrx_word' id='word_1_211' title='bbox 3233 1350 3520 1421; x_wconf 85' lang='grc' dir='ltr'>ἀμφότερα</span> <span class='ocrx_word' id='word_1_212' title='bbox 3543 1366 3679 1402; x_wconf 59' lang='grc' dir='ltr'>συνι</span> 
     </span>
    </p>
   </div>
   <div class='ocr_carea' id='block_1_29' title="bbox 2081 1440 3677 1517">
    <p class='ocr_par' dir='ltr' id='par_1_29' title="bbox 2081 1440 3677 1517">
     <span class='ocr_line' id='line_1_29' title="bbox 2081 1440 3677 1517; baseline -0.003 -18"><span class='ocrx_word' id='word_1_213' title='bbox 2081 1447 2263 1517; x_wconf 83' lang='grc' dir='ltr'>εργεῖν</span> <span class='ocrx_word' id='word_1_214' title='bbox 2317 1446 2633 1517; x_wconf 83' lang='grc' dir='ltr'>πρεπόντως</span> <span class='ocrx_word' id='word_1_215' title='bbox 2680 1446 2774 1500; x_wconf 76' lang='grc' dir='ltr'>καὶ</span> <span class='ocrx_word' id='word_1_216' title='bbox 2808 1442 3171 1508; x_wconf 79' lang='grc' dir='ltr'>συνδοξάζειν.</span> <span class='ocrx_word' id='word_1_217' title='bbox 3215 1442 3281 1495; x_wconf 82' lang='lat' dir='ltr'><strong>Ei</strong></span> <span class='ocrx_word' id='word_1_218' title='bbox 3310 1440 3367 1495; x_wconf 82' lang='grc' dir='ltr'>δὲ</span> <span class='ocrx_word' id='word_1_219' title='bbox 3399 1441 3543 1494; x_wconf 83' lang='grc' dir='ltr'><strong>κατά</strong></span> <span class='ocrx_word' id='word_1_220' title='bbox 3573 1440 3677 1494; x_wconf 77' lang='grc' dir='ltr'>τὸν</span> 
     </span>
    </p>
   </div>
   <div class='ocr_carea' id='block_1_30' title="bbox 2081 1532 3678 1607">
    <p class='ocr_par' dir='ltr' id='par_1_30' title="bbox 2081 1532 3678 1607">
     <span class='ocr_line' id='line_1_30' title="bbox 2081 1532 3678 1607; baseline -0.004 -14"><span class='ocrx_word' id='word_1_221' title='bbox 2081 1538 2269 1593; x_wconf 80' lang='grc' dir='ltr'>τούτου</span> <span class='ocrx_word' id='word_1_222' title='bbox 2311 1539 2466 1606; x_wconf 84' lang='grc' dir='ltr'>λόγον</span> <span class='ocrx_word' id='word_1_223' title='bbox 2516 1536 2920 1607; x_wconf 83' lang='grc' dir='ltr'>καταφαγόντες</span> <span class='ocrx_word' id='word_1_224' title='bbox 2967 1539 3016 1590; x_wconf 79' lang='grc' dir='ltr'>οἱ</span> <span class='ocrx_word' id='word_1_225' title='bbox 3051 1536 3309 1606; x_wconf 81' lang='grc' dir='ltr'>ἄρχοντες</span> <span class='ocrx_word' id='word_1_226' title='bbox 3350 1534 3449 1605; x_wconf 81' lang='grc' dir='ltr'>τὴν</span> <span class='ocrx_word' id='word_1_227' title='bbox 3487 1532 3678 1605; x_wconf 73' lang='grc' dir='ltr'>ψυχὴν</span> 
     </span>
    </p>
   </div>
   <div class='ocr_carea' id='block_1_31' title="bbox 2081 1622 3680 1701">
    <p class='ocr_par' dir='ltr' id='par_1_31' title="bbox 2081 1622 3680 1701">
     <span class='ocr_line' id='line_1_31' title="bbox 2081 1622 3680 1701; baseline -0.004 -20"><span class='ocrx_word' id='word_1_228' title='bbox 2081 1630 2339 1699; x_wconf 75' lang='grc' dir='ltr'>ἐποίησαν</span> <span class='ocrx_word' id='word_1_229' title='bbox 2370 1631 2505 1701; x_wconf 79' lang='grc' dir='ltr'>αὐτῇ</span> <span class='ocrx_word' id='word_1_230' title='bbox 2538 1628 2734 1699; x_wconf 83' lang='grc' dir='ltr'>δεσμὸν</span> <span class='ocrx_word' id='word_1_231' title='bbox 2762 1624 2943 1680; x_wconf 74' lang='grc' dir='ltr'>τουτοϊ</span> <span class='ocrx_word' id='word_1_232' title='bbox 2990 1626 3051 1679; x_wconf 86' lang='grc' dir='ltr'>τὸ</span> <span class='ocrx_word' id='word_1_233' title='bbox 3078 1625 3236 1696; x_wconf 82' lang='grc' dir='ltr'>σῶμα</span> <span class='ocrx_word' id='word_1_234' title='bbox 3255 1624 3419 1688; x_wconf 76' lang='grc' dir='ltr'>,πῶς</span> <span class='ocrx_word' id='word_1_235' title='bbox 3449 1623 3549 1695; x_wconf 86' lang='grc' dir='ltr'>τὴν</span> <span class='ocrx_word' id='word_1_236' title='bbox 3583 1622 3680 1693; x_wconf 83' lang='grc' dir='ltr'>βε-</span> 
     </span>
    </p>
   </div>
   <div class='ocr_carea' id='block_1_32' title="bbox 2082 1706 3679 1791">
    <p class='ocr_par' dir='ltr' id='par_1_32' title="bbox 2082 1706 3679 1791">
     <span class='ocr_line' id='line_1_32' title="bbox 2082 1706 3679 1791; baseline -0.003 -20"><span class='ocrx_word' id='word_1_237' title='bbox 2082 1719 2369 1791; x_wconf 82' lang='grc' dir='ltr'>ϐρωμένην</span> <span class='ocrx_word' id='word_1_238' title='bbox 2399 1717 2552 1785; x_wconf 74' lang='grc' dir='ltr'>αὖθις</span> <span class='ocrx_word' id='word_1_239' title='bbox 2594 1719 2929 1788; x_wconf 81' lang='grc' dir='ltr'>ὲγκλείουσιν</span> <span class='ocrx_word' id='word_1_240' title='bbox 2962 1719 3042 1780; x_wconf 83' lang='grc' dir='ltr'><strong>εἰς</strong></span> <span class='ocrx_word' id='word_1_241' title='bbox 3085 1706 3423 1787; x_wconf 53' lang='grc' dir='ltr'>σῶμαζΗᾶν</span> <span class='ocrx_word' id='word_1_242' title='bbox 3454 1715 3569 1786; x_wconf 80' lang='grc' dir='ltr'>γὰρ</span> <span class='ocrx_word' id='word_1_243' title='bbox 3611 1713 3679 1767; x_wconf 78' lang='grc' dir='ltr'><strong>τὸ</strong></span> 
     </span>
    </p>
   </div>
   <div class='ocr_carea' id='block_1_33' title="bbox 405 1794 1980 1880">
    <p class='ocr_par' dir='ltr' id='par_1_33' title="bbox 405 1800 1975 1873">
     <span class='ocr_line' id='line_1_33' title="bbox 405 1800 1975 1873; baseline -0.001 -15"><span class='ocrx_word' id='word_1_244' title='bbox 405 1818 470 1858; x_wconf 91' lang='lat' dir='ltr'><strong>ac</strong></span> <span class='ocrx_word' id='word_1_245' title='bbox 498 1805 797 1859; x_wconf 86' lang='lat' dir='ltr'><strong>concordia</strong></span> <span class='ocrx_word' id='word_1_246' title='bbox 843 1804 1183 1873; x_wconf 88' lang='lat' dir='ltr'><strong>conspirent.</strong></span> <span class='ocrx_word' id='word_1_247' title='bbox 1220 1800 1340 1856; x_wconf 83' lang='lat' dir='ltr'><strong>Jam</strong></span> <span class='ocrx_word' id='word_1_248' title='bbox 1377 1817 1504 1857; x_wconf 88' lang='lat' dir='ltr'><strong>vero</strong></span> <span class='ocrx_word' id='word_1_249' title='bbox 1538 1804 1607 1867; x_wconf 89' lang='lat' dir='ltr'><strong>si,</strong></span> <span class='ocrx_word' id='word_1_250' title='bbox 1641 1810 1699 1855; x_wconf 90' lang='lat' dir='ltr'><strong>ut</strong></span> <span class='ocrx_word' id='word_1_251' title='bbox 1728 1803 1817 1859; x_wconf 90' lang='lat' dir='ltr'><strong>ille</strong></span> <span class='ocrx_word' id='word_1_252' title='bbox 1850 1819 1975 1857; x_wconf 86' lang='lat' dir='ltr'><strong>sen-</strong></span> 
     </span>
    </p>
   </div>
   <div class='ocr_carea' id='block_1_34' title="bbox 2084 1794 3680 1880">
    <p class='ocr_par' dir='ltr' id='par_1_34' title="bbox 2084 1805 3680 1880">
     <span class='ocr_line' id='line_1_34' title="bbox 2084 1805 3680 1880; baseline -0.004 -18"><span class='ocrx_word' id='word_1_253' title='bbox 2084 1809 2517 1880; x_wconf 82' lang='grc' dir='ltr'>βιὸρωσκόμενον</span> <span class='ocrx_word' id='word_1_254' title='bbox 2547 1809 2922 1862; x_wconf 84' lang='grc' dir='ltr'>ἀναλίσκεται·</span> <span class='ocrx_word' id='word_1_255' title='bbox 2950 1807 3011 1859; x_wconf 83' lang='grc' dir='ltr'>τὸ</span> <span class='ocrx_word' id='word_1_256' title='bbox 3033 1807 3088 1861; x_wconf 81' lang='grc' dir='ltr'>δὲ</span> <span class='ocrx_word' id='word_1_257' title='bbox 3122 1805 3549 1875; x_wconf 84' lang='grc' dir='ltr'>ἀναλισκόμενον</span> <span class='ocrx_word' id='word_1_258' title='bbox 3575 1805 3680 1856; x_wconf 80' lang='grc' dir='ltr'>καὶ</span> 
     </span>
    </p>
   </div>
   <div class='ocr_carea' id='block_1_35' title="bbox 405 1892 1975 1965">
    <p class='ocr_par' dir='ltr' id='par_1_35' title="bbox 405 1892 1975 1965">
     <span class='ocr_line' id='line_1_35' title="bbox 405 1892 1975 1965; baseline 0.002 -17"><span class='ocrx_word' id='word_1_259' title='bbox 405 1897 493 1959; x_wconf 90' lang='lat' dir='ltr'><strong>tit,</strong></span> <span class='ocrx_word' id='word_1_260' title='bbox 520 1895 793 1965; x_wconf 87' lang='lat' dir='ltr'><strong>principes</strong></span> <span class='ocrx_word' id='word_1_261' title='bbox 834 1896 1096 1958; x_wconf 85' lang='lat' dir='ltr'><strong>animam,</strong></span> <span class='ocrx_word' id='word_1_262' title='bbox 1140 1908 1303 1964; x_wconf 88' lang='lat' dir='ltr'><strong>quam</strong></span> <span class='ocrx_word' id='word_1_263' title='bbox 1328 1892 1745 1959; x_wconf 86' lang='lat' dir='ltr'><strong>devoraverant,</strong></span> <span class='ocrx_word' id='word_1_264' title='bbox 1784 1896 1838 1950; x_wconf 89' lang='lat' dir='ltr'><strong>in</strong></span> <span class='ocrx_word' id='word_1_265' title='bbox 1870 1897 1975 1951; x_wconf 87' lang='lat' dir='ltr'><strong>hoc</strong></span> 
     </span>
    </p>
   </div>
   <div class='ocr_carea' id='block_1_36' title="bbox 402 1986 1973 2059">
    <p class='ocr_par' dir='ltr' id='par_1_36' title="bbox 402 1986 1973 2059">
     <span class='ocr_line' id='line_1_36' title="bbox 402 1986 1973 2059; baseline 0.001 -18"><span class='ocrx_word' id='word_1_266' title='bbox 402 2001 625 2058; x_wconf 88' lang='lat' dir='ltr'><strong>corpus,</strong></span> <span class='ocrx_word' id='word_1_267' title='bbox 674 1994 936 2058; x_wconf 84' lang='lat' dir='ltr'><strong>tanquam</strong></span> <span class='ocrx_word' id='word_1_268' title='bbox 970 1987 1025 2041; x_wconf 89' lang='lat' dir='ltr'><strong>in</strong></span> <span class='ocrx_word' id='word_1_269' title='bbox 1061 1988 1337 2042; x_wconf 86' lang='lat' dir='ltr'><strong>vinculum</strong></span> <span class='ocrx_word' id='word_1_270' title='bbox 1368 1986 1643 2057; x_wconf 84' lang='lat' dir='ltr'><strong>quoddam</strong></span> <span class='ocrx_word' id='word_1_271' title='bbox 1682 2002 1973 2059; x_wconf 80' lang='lat' dir='ltr'><strong>compege-</strong></span> 
     </span>
    </p>
   </div>
   <div class='ocr_carea' id='block_1_37' title="bbox 402 2077 1974 2155">
    <p class='ocr_par' dir='ltr' id='par_1_37' title="bbox 402 2077 1974 2155">
     <span class='ocr_line' id='line_1_37' title="bbox 402 2077 1974 2155; baseline 0 -22"><span class='ocrx_word' id='word_1_272' title='bbox 402 2077 537 2145; x_wconf 91' lang='lat' dir='ltr'><strong>rint,</strong></span> <span class='ocrx_word' id='word_1_273' title='bbox 568 2078 664 2149; x_wconf 86' lang='lat' dir='ltr'><strong>qui</strong></span> <span class='ocrx_word' id='word_1_274' title='bbox 690 2078 806 2134; x_wconf 81' lang='lat' dir='ltr'><strong>ﬁeri</strong></span> <span class='ocrx_word' id='word_1_275' title='bbox 838 2087 1037 2148; x_wconf 88' lang='lat' dir='ltr'><strong>potest,</strong></span> <span class='ocrx_word' id='word_1_276' title='bbox 1064 2087 1124 2132; x_wconf 92' lang='lat' dir='ltr'><strong>ut</strong></span> <span class='ocrx_word' id='word_1_277' title='bbox 1146 2093 1313 2148; x_wconf 88' lang='lat' dir='ltr'><strong>quam</strong></span> <span class='ocrx_word' id='word_1_278' title='bbox 1341 2078 1749 2143; x_wconf 85' lang='lat' dir='ltr'><strong>devoraverint,</strong></span> <span class='ocrx_word' id='word_1_279' title='bbox 1777 2079 1974 2155; x_wconf 86' lang='lat' dir='ltr'><strong>iterum</strong></span> 
     </span>
    </p>
   </div>
   <div class='ocr_carea' id='block_1_38' title="bbox 400 2164 1974 2242">
    <p class='ocr_par' dir='ltr' id='par_1_38' title="bbox 400 2164 1974 2242">
     <span class='ocr_line' id='line_1_38' title="bbox 400 2164 1974 2242; baseline -0.002 -15"><span class='ocrx_word' id='word_1_280' title='bbox 400 2170 459 2227; x_wconf 89' lang='lat' dir='ltr'><strong>in</strong></span> <span class='ocrx_word' id='word_1_281' title='bbox 511 2185 712 2242; x_wconf 89' lang='lat' dir='ltr'><strong>corpus</strong></span> <span class='ocrx_word' id='word_1_282' title='bbox 768 2164 1087 2225; x_wconf 86' lang='lat' dir='ltr'><strong>includam?</strong></span> <span class='ocrx_word' id='word_1_283' title='bbox 1143 2169 1425 2239; x_wconf 86' lang='lat' dir='ltr'><strong>Quidquid</strong></span> <span class='ocrx_word' id='word_1_284' title='bbox 1458 2170 1605 2224; x_wconf 89' lang='lat' dir='ltr'><strong>enim</strong></span> <span class='ocrx_word' id='word_1_285' title='bbox 1659 2169 1974 2239; x_wconf 84' lang='lat' dir='ltr'><strong>devoratur,</strong></span> 
     </span>
    </p>
   </div>
   <div class='ocr_carea' id='block_1_39' title="bbox 2080 1895 3677 1974">
    <p class='ocr_par' dir='ltr' id='par_1_39' title="bbox 2080 1895 3677 1974">
     <span class='ocr_line' id='line_1_39' title="bbox 2080 1895 3677 1974; baseline -0.004 -21"><span class='ocrx_word' id='word_1_286' title='bbox 2080 1903 2160 1964; x_wconf 86' lang='grc' dir='ltr'><strong>είς</strong></span> <span class='ocrx_word' id='word_1_287' title='bbox 2205 1902 2265 1953; x_wconf 77' lang='grc' dir='ltr'>τὸ</span> <span class='ocrx_word' id='word_1_288' title='bbox 2309 1901 2653 1974; x_wconf 82' lang='grc' dir='ltr'>ἀνύπαρκτον</span> <span class='ocrx_word' id='word_1_289' title='bbox 2687 1902 2873 1971; x_wconf 81' lang='grc' dir='ltr'>χωρεῖ.</span> <span class='ocrx_word' id='word_1_290' title='bbox 2909 1898 2981 1951; x_wconf 88' lang='grc' dir='ltr'><strong>Τὸ</strong></span> <span class='ocrx_word' id='word_1_291' title='bbox 3014 1898 3070 1950; x_wconf 82' lang='grc' dir='ltr'>δὲ</span> <span class='ocrx_word' id='word_1_292' title='bbox 3099 1898 3314 1969; x_wconf 87' lang='grc' dir='ltr'>χωροῦν</span> <span class='ocrx_word' id='word_1_293' title='bbox 3354 1900 3433 1959; x_wconf 78' lang='grc' dir='ltr'>εἰς</span> <span class='ocrx_word' id='word_1_294' title='bbox 3478 1895 3542 1947; x_wconf 76' lang='grc' dir='ltr'>τὸ</span> <span class='ocrx_word' id='word_1_295' title='bbox 3569 1896 3677 1948; x_wconf 81' lang='grc' dir='ltr'>ἀν-</span> 
     </span>
    </p>
   </div>
   <div class='ocr_carea' id='block_1_40' title="bbox 2082 1988 3680 2064">
    <p class='ocr_par' dir='ltr' id='par_1_40' title="bbox 2082 1988 3680 2064">
     <span class='ocr_line' id='line_1_40' title="bbox 2082 1988 3680 2064; baseline -0.004 -19"><span class='ocrx_word' id='word_1_296' title='bbox 2082 1991 2358 2063; x_wconf 84' lang='grc' dir='ltr'>ύπαρκτον</span> <span class='ocrx_word' id='word_1_297' title='bbox 2402 1994 2495 2046; x_wconf 84' lang='grc' dir='ltr'><strong>καί</strong></span> <span class='ocrx_word' id='word_1_298' title='bbox 2529 1992 2727 2064; x_wconf 78' lang='grc' dir='ltr'><strong>μηκέτι</strong></span> <span class='ocrx_word' id='word_1_299' title='bbox 2768 1992 2849 2056; x_wconf 79' lang='grc' dir='ltr'>ὃν,</span> <span class='ocrx_word' id='word_1_300' title='bbox 2874 1990 2997 2045; x_wconf 67' lang='grc' dir='ltr'>οὔτε</span> <span class='ocrx_word' id='word_1_301' title='bbox 3041 1990 3098 2043; x_wconf 80' lang='grc' dir='ltr'>ἒν</span> <span class='ocrx_word' id='word_1_302' title='bbox 3126 2007 3231 2043; x_wconf 83' lang='grc' dir='ltr'>τινι</span> <span class='ocrx_word' id='word_1_303' title='bbox 3259 1988 3411 2059; x_wconf 84' lang='grc' dir='ltr'>τόπῳ</span> <span class='ocrx_word' id='word_1_304' title='bbox 3443 1989 3680 2059; x_wconf 72' lang='grc' dir='ltr'>περικέ-</span> 
     </span>
    </p>
   </div>
   <div class='ocr_carea' id='block_1_41' title="bbox 2077 2078 3675 2153">
    <p class='ocr_par' dir='ltr' id='par_1_41' title="bbox 2077 2078 3675 2153">
     <span class='ocr_line' id='line_1_41' title="bbox 2077 2078 3675 2153; baseline -0.004 -16"><span class='ocrx_word' id='word_1_305' title='bbox 2077 2084 2345 2148; x_wconf 79' lang='grc' dir='ltr'>κλεισται,</span> <span class='ocrx_word' id='word_1_306' title='bbox 2374 2084 2500 2137; x_wconf 73' lang='grc' dir='ltr'>οὔτε</span> <span class='ocrx_word' id='word_1_307' title='bbox 2526 2084 2693 2148; x_wconf 69' lang='grc' dir='ltr'>ἐστιν,</span> <span class='ocrx_word' id='word_1_308' title='bbox 2725 2082 2850 2136; x_wconf 78' lang='grc' dir='ltr'>οὔτε</span> <span class='ocrx_word' id='word_1_309' title='bbox 2878 2084 3171 2153; x_wconf 84' lang='grc' dir='ltr'>γενήσεται</span> <span class='ocrx_word' id='word_1_310' title='bbox 3202 2080 3352 2151; x_wconf 80' lang='grc' dir='ltr'>αὐτῷ</span> <span class='ocrx_word' id='word_1_311' title='bbox 3378 2079 3545 2142; x_wconf 81' lang='grc' dir='ltr'>τόπος</span> <span class='ocrx_word' id='word_1_312' title='bbox 3578 2078 3675 2131; x_wconf 84' lang='grc' dir='ltr'>δε-</span> 
     </span>
    </p>
   </div>
   <div class='ocr_carea' id='block_1_42' title="bbox 2081 2176 2947 2248">
    <p class='ocr_par' dir='ltr' id='par_1_42' title="bbox 2081 2176 2947 2248">
     <span class='ocr_line' id='line_1_42' title="bbox 2081 2176 2947 2248; baseline 0 -21"><span class='ocrx_word' id='word_1_313' title='bbox 2081 2177 2395 2248; x_wconf 81' lang='grc' dir='ltr'>σμωτηρίου</span> <span class='ocrx_word' id='word_1_314' title='bbox 2421 2176 2498 2247; x_wconf 83' lang='grc' dir='ltr'>τῷ</span> <span class='ocrx_word' id='word_1_315' title='bbox 2526 2176 2601 2247; x_wconf 80' lang='grc' dir='ltr'>μὴ</span> <span class='ocrx_word' id='word_1_316' title='bbox 2631 2176 2947 2248; x_wconf 75' lang='grc' dir='ltr'>ὑπάρχοντι.</span> 
     </span>
    </p>
   </div>
   <div class='ocr_carea' id='block_1_43' title="bbox 403 2265 3680 2341">
    <p class='ocr_par' dir='ltr' id='par_1_43' title="bbox 403 2265 3680 2341">
     <span class='ocr_line' id='line_1_43' title="bbox 403 2265 3680 2341; baseline 0 -20"><span class='ocrx_word' id='word_1_317' title='bbox 403 2267 781 2334; x_wconf 86' lang='lat' dir='ltr'><strong>consumitur;</strong></span> <span class='ocrx_word' id='word_1_318' title='bbox 844 2265 989 2335; x_wconf 86' lang='lat' dir='ltr'><strong>quod</strong></span> <span class='ocrx_word' id='word_1_319' title='bbox 1039 2275 1217 2320; x_wconf 88' lang='lat' dir='ltr'><strong>autem</strong></span> <span class='ocrx_word' id='word_1_320' title='bbox 1258 2266 1630 2330; x_wconf 89' lang='lat' dir='ltr'><strong>consumitur,</strong></span> <span class='ocrx_word' id='word_1_321' title='bbox 1683 2267 1985 2331; x_wconf 80' lang='lat' dir='ltr'><strong>evanescit,</strong></span> <span class='ocrx_word' id='word_1_322' title='bbox 2016 2276 2070 2323; x_wconf 90' lang='lat' dir='ltr'><strong>et</strong></span> <span class='ocrx_word' id='word_1_323' title='bbox 2132 2271 2187 2325; x_wconf 92' lang='lat' dir='ltr'><strong>in</strong></span> <span class='ocrx_word' id='word_1_324' title='bbox 2222 2272 2453 2326; x_wconf 90' lang='lat' dir='ltr'><strong>nihilum</strong></span> <span class='ocrx_word' id='word_1_325' title='bbox 2507 2271 2793 2341; x_wconf 75' lang='lat' dir='ltr'><strong>redigitur.</strong></span> <span class='ocrx_word' id='word_1_326' title='bbox 2840 2268 2994 2336; x_wconf 84' lang='lat' dir='ltr'><strong>Quod</strong></span> <span class='ocrx_word' id='word_1_327' title='bbox 3039 2270 3092 2324; x_wconf 89' lang='lat' dir='ltr'><strong>in</strong></span> <span class='ocrx_word' id='word_1_328' title='bbox 3137 2270 3370 2324; x_wconf 88' lang='lat' dir='ltr'><strong>nihilum</strong></span> <span class='ocrx_word' id='word_1_329' title='bbox 3435 2268 3576 2331; x_wconf 87' lang='lat' dir='ltr'><strong>abit,</strong></span> <span class='ocrx_word' id='word_1_330' title='bbox 3620 2273 3680 2325; x_wconf 80' lang='lat' dir='ltr'><strong>et</strong></span> 
     </span>
    </p>
   </div>
   <div class='ocr_carea' id='block_1_44' title="bbox 400 2354 3674 2432">
    <p class='ocr_par' dir='ltr' id='par_1_44' title="bbox 400 2354 3674 2432">
     <span class='ocr_line' id='line_1_44' title="bbox 400 2354 3674 2432; baseline 0 -19"><span class='ocrx_word' id='word_1_331' title='bbox 400 2371 527 2413; x_wconf 78' lang='lat' dir='ltr'><strong>esse</strong></span> <span class='ocrx_word' id='word_1_332' title='bbox 549 2356 710 2428; x_wconf 77' lang='lat'><strong>657</strong></span> <span class='ocrx_word' id='word_1_333' title='bbox 744 2355 968 2420; x_wconf 89' lang='lat' dir='ltr'><strong>desinit,</strong></span> <span class='ocrx_word' id='word_1_334' title='bbox 1016 2369 1116 2409; x_wconf 91' lang='lat' dir='ltr'><strong>nec</strong></span> <span class='ocrx_word' id='word_1_335' title='bbox 1160 2354 1272 2410; x_wconf 80' lang='lat' dir='ltr'><strong>ullo</strong></span> <span class='ocrx_word' id='word_1_336' title='bbox 1305 2355 1441 2423; x_wconf 67' lang='lat' dir='ltr'><strong>loco</strong></span> <span class='ocrx_word' id='word_1_337' title='bbox 1500 2354 1998 2423; x_wconf 86' lang='lat' dir='ltr'><strong>circumscribitur,</strong></span> <span class='ocrx_word' id='word_1_338' title='bbox 2036 2374 2136 2415; x_wconf 88' lang='lat' dir='ltr'><strong>nec</strong></span> <span class='ocrx_word' id='word_1_339' title='bbox 2181 2370 2269 2416; x_wconf 91' lang='lat' dir='ltr'><strong>est</strong></span> <span class='ocrx_word' id='word_1_340' title='bbox 2311 2376 2565 2432; x_wconf 84' lang='lat' dir='ltr'><strong>usquam,</strong></span> <span class='ocrx_word' id='word_1_341' title='bbox 2610 2376 2711 2417; x_wconf 92' lang='lat' dir='ltr'><strong>nec</strong></span> <span class='ocrx_word' id='word_1_342' title='bbox 2759 2361 2867 2416; x_wconf 93' lang='lat' dir='ltr'><strong>ullo</strong></span> <span class='ocrx_word' id='word_1_343' title='bbox 2909 2375 3133 2417; x_wconf 85' lang='lat' dir='ltr'><strong>carcere</strong></span> <span class='ocrx_word' id='word_1_344' title='bbox 3197 2376 3324 2415; x_wconf 89' lang='lat' dir='ltr'><strong>cum</strong></span> <span class='ocrx_word' id='word_1_345' title='bbox 3368 2360 3508 2414; x_wconf 84' lang='lat' dir='ltr'><strong>nihil</strong></span> <span class='ocrx_word' id='word_1_346' title='bbox 3576 2360 3674 2423; x_wconf 88' lang='lat' dir='ltr'><strong>sit,</strong></span> 
     </span>
    </p>
   </div>
   <div class='ocr_carea' id='block_1_45' title="bbox 403 2452 872 2518">
    <p class='ocr_par' dir='ltr' id='par_1_45' title="bbox 403 2452 872 2518">
     <span class='ocr_line' id='line_1_45' title="bbox 403 2452 872 2518; baseline -0.006 -13"><span class='ocrx_word' id='word_1_347' title='bbox 403 2452 647 2505; x_wconf 85' lang='lat' dir='ltr'><strong>coerceri</strong></span> <span class='ocrx_word' id='word_1_348' title='bbox 674 2458 872 2518; x_wconf 87' lang='lat' dir='ltr'><strong>potest.</strong></span> 
     </span>
    </p>
   </div>
   <div class='ocr_carea' id='block_1_46' title="bbox 470 2543 1979 2615">
    <p class='ocr_par' dir='ltr' id='par_1_46' title="bbox 470 2543 1979 2615">
     <span class='ocr_line' id='line_1_46' title="bbox 470 2543 1979 2615; baseline 0.002 -15"><span class='ocrx_word' id='word_1_349' title='bbox 470 2543 655 2600; x_wconf 80' lang='lat' dir='ltr'><strong>XLIV.</strong></span> <span class='ocrx_word' id='word_1_350' title='bbox 690 2544 798 2601; x_wconf 89' lang='lat' dir='ltr'><strong>Sed</strong></span> <span class='ocrx_word' id='word_1_351' title='bbox 826 2544 959 2599; x_wconf 89' lang='lat' dir='ltr'><strong>illud</strong></span> <span class='ocrx_word' id='word_1_352' title='bbox 993 2544 1200 2599; x_wconf 87' lang='lat' dir='ltr'><strong>homini</strong></span> <span class='ocrx_word' id='word_1_353' title='bbox 1231 2559 1475 2615; x_wconf 67' lang='lat' dir='ltr'><strong>persaepe</strong></span> <span class='ocrx_word' id='word_1_354' title='bbox 1502 2545 1724 2613; x_wconf 88' lang='lat' dir='ltr'><strong>accidit,</strong></span> <span class='ocrx_word' id='word_1_355' title='bbox 1756 2555 1820 2601; x_wconf 88' lang='lat' dir='ltr'><strong>ut</strong></span> <span class='ocrx_word' id='word_1_356' title='bbox 1862 2562 1979 2603; x_wconf 67' lang='lat' dir='ltr'><strong>sum</strong></span> 
     </span>
    </p>
   </div>
   <div class='ocr_carea' id='block_1_47' title="bbox 403 2635 1980 2706">
    <p class='ocr_par' dir='ltr' id='par_1_47' title="bbox 403 2635 1980 2706">
     <span class='ocr_line' id='line_1_47' title="bbox 403 2635 1980 2706; baseline 0.001 -15"><span class='ocrx_word' id='word_1_357' title='bbox 403 2636 680 2706; x_wconf 91' lang='lat' dir='ltr'><strong>opinionis</strong></span> <span class='ocrx_word' id='word_1_358' title='bbox 710 2635 917 2690; x_wconf 82' lang='lat' dir='ltr'><strong>oblitus</strong></span> <span class='ocrx_word' id='word_1_359' title='bbox 933 2650 1055 2705; x_wconf 72' lang='lat' dir='ltr'><strong>qua:</strong></span> <span class='ocrx_word' id='word_1_360' title='bbox 1083 2644 1246 2690; x_wconf 87' lang='lat' dir='ltr'><strong>antea</strong></span> <span class='ocrx_word' id='word_1_361' title='bbox 1286 2637 1485 2692; x_wconf 79' lang='lat' dir='ltr'><strong>dixerit</strong></span> <span class='ocrx_word' id='word_1_362' title='bbox 1512 2651 1621 2692; x_wconf 90' lang='lat' dir='ltr'><strong>non</strong></span> <span class='ocrx_word' id='word_1_363' title='bbox 1658 2639 1980 2695; x_wconf 77' lang='lat' dir='ltr'><strong>recordetur</strong></span> 
     </span>
    </p>
   </div>
   <div class='ocr_carea' id='block_1_48' title="bbox 405 2728 1978 2800">
    <p class='ocr_par' dir='ltr' id='par_1_48' title="bbox 405 2728 1978 2800">
     <span class='ocr_line' id='line_1_48' title="bbox 405 2728 1978 2800; baseline 0.002 -17"><span class='ocrx_word' id='word_1_364' title='bbox 405 2728 663 2799; x_wconf 81' lang='lat' dir='ltr'><strong>amplius,</strong></span> <span class='ocrx_word' id='word_1_365' title='bbox 698 2737 752 2783; x_wconf 91' lang='lat' dir='ltr'><strong>et</strong></span> <span class='ocrx_word' id='word_1_366' title='bbox 786 2743 908 2798; x_wconf 68' lang='lat' dir='ltr'><strong>qua</strong></span> <span class='ocrx_word' id='word_1_367' title='bbox 958 2728 1252 2798; x_wconf 86' lang='lat' dir='ltr'><strong>aliquando</strong></span> <span class='ocrx_word' id='word_1_368' title='bbox 1296 2731 1755 2800; x_wconf 81' lang='lat' dir='ltr'><strong>comprobaverit,</strong></span> <span class='ocrx_word' id='word_1_369' title='bbox 1787 2731 1978 2787; x_wconf 86' lang='lat' dir='ltr'><strong>eadem</strong></span> 
     </span>
    </p>
   </div>
   <div class='ocr_carea' id='block_1_49' title="bbox 402 2820 1979 2891">
    <p class='ocr_par' dir='ltr' id='par_1_49' title="bbox 402 2820 1979 2891">
     <span class='ocr_line' id='line_1_49' title="bbox 402 2820 1979 2891; baseline 0.001 -16"><span class='ocrx_word' id='word_1_370' title='bbox 402 2835 597 2877; x_wconf 86' lang='lat' dir='ltr'><strong>rursus</strong></span> <span class='ocrx_word' id='word_1_371' title='bbox 627 2820 948 2891; x_wconf 85' lang='lat' dir='ltr'><strong>imprudens</strong></span> <span class='ocrx_word' id='word_1_372' title='bbox 987 2827 1213 2875; x_wconf 80' lang='lat' dir='ltr'><strong>evertat.</strong></span> <span class='ocrx_word' id='word_1_373' title='bbox 1258 2820 1507 2875; x_wconf 83' lang='lat' dir='ltr'><strong>Animam</strong></span> <span class='ocrx_word' id='word_1_374' title='bbox 1565 2822 1840 2876; x_wconf 90' lang='lat' dir='ltr'><strong>interdum</strong></span> <span class='ocrx_word' id='word_1_375' title='bbox 1880 2822 1979 2876; x_wconf 86' lang='lat' dir='ltr'><strong>de-</strong></span> 
     </span>
    </p>
   </div>
   <div class='ocr_carea' id='block_1_50' title="bbox 399 2912 1977 2982">
    <p class='ocr_par' dir='ltr' id='par_1_50' title="bbox 399 2912 1977 2982">
     <span class='ocr_line' id='line_1_50' title="bbox 399 2912 1977 2982; baseline 0 -15"><span class='ocrx_word' id='word_1_376' title='bbox 399 2921 673 2976; x_wconf 80' lang='lat' dir='ltr'><strong>voratam,</strong></span> <span class='ocrx_word' id='word_1_377' title='bbox 711 2920 765 2967; x_wconf 93' lang='lat' dir='ltr'><strong>et</strong></span> <span class='ocrx_word' id='word_1_378' title='bbox 798 2912 1148 2982; x_wconf 88' lang='lat' dir='ltr'><strong>corporibus,</strong></span> <span class='ocrx_word' id='word_1_379' title='bbox 1180 2927 1302 2981; x_wconf 70' lang='lat' dir='ltr'><strong>quae</strong></span> <span class='ocrx_word' id='word_1_380' title='bbox 1355 2913 1408 2966; x_wconf 90' lang='lat' dir='ltr'><strong>in</strong></span> <span class='ocrx_word' id='word_1_381' title='bbox 1453 2913 1559 2968; x_wconf 87' lang='lat' dir='ltr'><strong>hoc</strong></span> <span class='ocrx_word' id='word_1_382' title='bbox 1597 2913 1802 2969; x_wconf 89' lang='lat' dir='ltr'><strong>mundo</strong></span> <span class='ocrx_word' id='word_1_383' title='bbox 1828 2922 1977 2979; x_wconf 88' lang='lat' dir='ltr'><strong>sunt,</strong></span> 
     </span>
    </p>
   </div>
   <div class='ocr_carea' id='block_1_51' title="bbox 402 3003 1979 3075">
    <p class='ocr_par' dir='ltr' id='par_1_51' title="bbox 402 3003 1979 3075">
     <span class='ocr_line' id='line_1_51' title="bbox 402 3003 1979 3075; baseline -0.001 -15"><span class='ocrx_word' id='word_1_384' title='bbox 402 3004 672 3061; x_wconf 84' lang='lat' dir='ltr'><strong>inclusam</strong></span> <span class='ocrx_word' id='word_1_385' title='bbox 708 3019 833 3059; x_wconf 88' lang='lat' dir='ltr'><strong>esse</strong></span> <span class='ocrx_word' id='word_1_386' title='bbox 859 3003 1124 3059; x_wconf 79' lang='lat' dir='ltr'><strong>defendit.</strong></span> <span class='ocrx_word' id='word_1_387' title='bbox 1156 3004 1306 3060; x_wconf 82' lang='lat' dir='ltr'><strong>Alias</strong></span> <span class='ocrx_word' id='word_1_388' title='bbox 1336 3017 1365 3057; x_wconf 87' lang='lat' dir='ltr'><strong>a</strong></span> <span class='ocrx_word' id='word_1_389' title='bbox 1391 3006 1731 3075; x_wconf 87' lang='lat' dir='ltr'><strong>principibus</strong></span> <span class='ocrx_word' id='word_1_390' title='bbox 1758 3021 1790 3060; x_wconf 91' lang='lat' dir='ltr'><strong>e</strong></span> <span class='ocrx_word' id='word_1_391' title='bbox 1817 3007 1979 3069; x_wconf 73' lang='lat' dir='ltr'><strong>cmlo,</strong></span> 
     </span>
    </p>
   </div>
   <div class='ocr_carea' id='block_1_52' title="bbox 2152 2542 3674 2631">
    <p class='ocr_par' dir='ltr' id='par_1_52' title="bbox 2152 2542 3674 2631">
     <span class='ocr_line' id='line_1_52' title="bbox 2152 2542 3674 2631; baseline 0.001 -18"><span class='ocrx_word' id='word_1_392' title='bbox 2152 2559 2284 2613; x_wconf 73' lang='grc' dir='ltr'>ων.</span> <span class='ocrx_word' id='word_1_393' title='bbox 2324 2558 2592 2622; x_wconf 80' lang='grc' dir='ltr'>Πολλάκις</span> <span class='ocrx_word' id='word_1_394' title='bbox 2617 2558 2674 2612; x_wconf 84' lang='grc' dir='ltr'>δὲ</span> <span class='ocrx_word' id='word_1_395' title='bbox 2699 2542 2800 2628; x_wconf 69' lang='grc' dir='ltr'><strong>τῆς</strong></span> <span class='ocrx_word' id='word_1_396' title='bbox 2841 2556 3035 2611; x_wconf 73' lang='grc' dir='ltr'>ἑαυτοῦ</span> <span class='ocrx_word' id='word_1_397' title='bbox 3062 2557 3303 2622; x_wconf 74' lang='grc' dir='ltr'>διανοίας</span> <span class='ocrx_word' id='word_1_398' title='bbox 3331 2559 3674 2631; x_wconf 74' lang='grc' dir='ltr'>ἐπιλαθόμεο</span> 
     </span>
    </p>
   </div>
   <div class='ocr_carea' id='block_1_53' title="bbox 2083 2643 3675 2720">
    <p class='ocr_par' dir='ltr' id='par_1_53' title="bbox 2083 2643 3675 2720">
     <span class='ocr_line' id='line_1_53' title="bbox 2083 2643 3675 2720; baseline 0.001 -16"><span class='ocrx_word' id='word_1_399' title='bbox 2083 2666 2194 2713; x_wconf 87' lang='grc' dir='ltr'>νος.</span> <span class='ocrx_word' id='word_1_400' title='bbox 2238 2651 2368 2720; x_wconf 76' lang='grc' dir='ltr'>περὶ</span> <span class='ocrx_word' id='word_1_401' title='bbox 2394 2643 2469 2704; x_wconf 85' lang='grc' dir='ltr'>ὧν</span> <span class='ocrx_word' id='word_1_402' title='bbox 2501 2651 2546 2703; x_wconf 80' lang='grc' dir='ltr'>δ’</span> <span class='ocrx_word' id='word_1_403' title='bbox 2582 2650 2647 2704; x_wconf 87' lang='grc' dir='ltr'>ἂν</span> <span class='ocrx_word' id='word_1_404' title='bbox 2675 2651 2817 2703; x_wconf 75' lang='grc' dir='ltr'>εἴποι</span> <span class='ocrx_word' id='word_1_405' title='bbox 2857 2648 3301 2715; x_wconf 76' lang='grc' dir='ltr'>ἐπιλανθάνεται,</span> <span class='ocrx_word' id='word_1_406' title='bbox 3328 2652 3428 2709; x_wconf 81' lang='grc' dir='ltr'>καὶ</span> <span class='ocrx_word' id='word_1_407' title='bbox 3461 2652 3499 2706; x_wconf 77' lang='grc' dir='ltr'><strong>ἀ</strong></span> <span class='ocrx_word' id='word_1_408' title='bbox 3540 2670 3675 2707; x_wconf 76' lang='grc' dir='ltr'>ποτε</span> 
     </span>
    </p>
   </div>
   <div class='ocr_carea' id='block_1_54' title="bbox 2084 2738 3671 2811">
    <p class='ocr_par' dir='ltr' id='par_1_54' title="bbox 2084 2738 3671 2811">
     <span class='ocr_line' id='line_1_54' title="bbox 2084 2738 3671 2811; baseline 0.003 -18"><span class='ocrx_word' id='word_1_409' title='bbox 2084 2738 2501 2803; x_wconf 73' lang='grc' dir='ltr'>κατασκευάζει,</span> <span class='ocrx_word' id='word_1_410' title='bbox 2550 2739 2618 2793; x_wconf 76' lang='grc' dir='ltr'><strong>τά</strong></span> <span class='ocrx_word' id='word_1_411' title='bbox 2649 2741 2787 2795; x_wconf 78' lang='grc' dir='ltr'>αὐτὰ</span> <span class='ocrx_word' id='word_1_412' title='bbox 2820 2742 2981 2795; x_wconf 81' lang='grc' dir='ltr'>πάλιν</span> <span class='ocrx_word' id='word_1_413' title='bbox 3027 2742 3386 2806; x_wconf 78' lang='grc' dir='ltr'>ἀνασκευάζει</span> <span class='ocrx_word' id='word_1_414' title='bbox 3432 2744 3671 2811; x_wconf 81' lang='grc' dir='ltr'>ἀγνοῶν.</span> 
     </span>
    </p>
   </div>
   <div class='ocr_carea' id='block_1_55' title="bbox 2095 2834 3675 2907">
    <p class='ocr_par' dir='ltr' id='par_1_55' title="bbox 2095 2834 3675 2907">
     <span class='ocr_line' id='line_1_55' title="bbox 2095 2834 3675 2907; baseline -0.001 -2"><span class='ocrx_word' id='word_1_415' title='bbox 2095 2834 2215 2887; x_wconf 68' lang='grc' dir='ltr'>ὀτὲ</span> <span class='ocrx_word' id='word_1_416' title='bbox 2258 2834 2354 2905; x_wconf 62' lang='grc' dir='ltr'><strong>μὲν</strong></span> <span class='ocrx_word' id='word_1_417' title='bbox 2400 2834 2509 2905; x_wconf 79' lang='grc' dir='ltr'><strong>γὰρ</strong></span> <span class='ocrx_word' id='word_1_418' title='bbox 2553 2835 2651 2905; x_wconf 78' lang='grc' dir='ltr'>τὴν</span> <span class='ocrx_word' id='word_1_419' title='bbox 2698 2834 2876 2906; x_wconf 78' lang='grc' dir='ltr'>ψυχὴν</span> <span class='ocrx_word' id='word_1_420' title='bbox 2926 2836 3126 2904; x_wconf 82' lang='grc' dir='ltr'>φάσκει</span> <span class='ocrx_word' id='word_1_421' title='bbox 3172 2836 3269 2906; x_wconf 74' lang='grc' dir='ltr'><strong>τὴν</strong></span> <span class='ocrx_word' id='word_1_422' title='bbox 3314 2835 3675 2907; x_wconf 67' lang='grc' dir='ltr'>βεϐρωμένην</span> 
     </span>
    </p>
   </div>
   <div class='ocr_carea' id='block_1_56' title="bbox 2085 2924 3672 2997">
    <p class='ocr_par' dir='ltr' id='par_1_56' title="bbox 2085 2924 3672 2997">
     <span class='ocr_line' id='line_1_56' title="bbox 2085 2924 3672 2997; baseline 0.001 -19"><span class='ocrx_word' id='word_1_423' title='bbox 2085 2926 2539 2993; x_wconf 82' lang='grc' dir='ltr'>ὲγκατάκλειστον</span> <span class='ocrx_word' id='word_1_424' title='bbox 2590 2926 2903 2997; x_wconf 77' lang='grc' dir='ltr'>ὁριζόμενος</span> <span class='ocrx_word' id='word_1_425' title='bbox 2945 2928 3004 2979; x_wconf 82' lang='grc' dir='ltr'>ὲν</span> <span class='ocrx_word' id='word_1_426' title='bbox 3051 2926 3267 2996; x_wconf 85' lang='grc' dir='ltr'>σώμασι</span> <span class='ocrx_word' id='word_1_427' title='bbox 3323 2929 3437 2990; x_wconf 87' lang='grc' dir='ltr'>τοῖς</span> <span class='ocrx_word' id='word_1_428' title='bbox 3478 2924 3672 2980; x_wconf 75' lang='grc' dir='ltr'>οὖσιν·</span> 
     </span>
    </p>
   </div>
   <div class='ocr_carea' id='block_1_57' title="bbox 2086 3016 3677 3089">
    <p class='ocr_par' dir='ltr' id='par_1_57' title="bbox 2086 3016 3677 3089">
     <span class='ocr_line' id='line_1_57' title="bbox 2086 3016 3677 3089; baseline 0.001 -20"><span class='ocrx_word' id='word_1_429' title='bbox 2086 3016 2176 3069; x_wconf 77' lang='grc' dir='ltr'><strong>ὁτὲ</strong></span> <span class='ocrx_word' id='word_1_430' title='bbox 2208 3016 2264 3070; x_wconf 83' lang='grc' dir='ltr'>δὲ</span> <span class='ocrx_word' id='word_1_431' title='bbox 2292 3018 2650 3088; x_wconf 82' lang='grc' dir='ltr'>ἀφηρπάσθαι</span> <span class='ocrx_word' id='word_1_432' title='bbox 2680 3019 2786 3073; x_wconf 82' lang='grc' dir='ltr'>ἀπὸ</span> <span class='ocrx_word' id='word_1_433' title='bbox 2806 3018 2917 3071; x_wconf 84' lang='grc' dir='ltr'><strong>τῶν</strong></span> <span class='ocrx_word' id='word_1_434' title='bbox 2941 3019 3216 3089; x_wconf 79' lang='grc' dir='ltr'>ἀρχόντων</span> <span class='ocrx_word' id='word_1_435' title='bbox 3244 3017 3452 3072; x_wconf 82' lang='grc' dir='ltr'>ἀνωθεν</span> <span class='ocrx_word' id='word_1_436' title='bbox 3483 3020 3550 3071; x_wconf 81' lang='grc' dir='ltr'>ὲκ</span> <span class='ocrx_word' id='word_1_437' title='bbox 3572 3019 3677 3089; x_wconf 78' lang='grc' dir='ltr'>τῆς</span> 
     </span>
    </p>
   </div>
   <div class='ocr_carea' id='block_1_58' title="bbox 404 3090 1980 3181">
    <p class='ocr_par' dir='ltr' id='par_1_58' title="bbox 404 3090 1980 3165">
     <span class='ocr_line' id='line_1_58' title="bbox 404 3090 1980 3165; baseline -0.002 -16"><span class='ocrx_word' id='word_1_438' title='bbox 404 3102 568 3165; x_wconf 86' lang='lat' dir='ltr'><strong>atque</strong></span> <span class='ocrx_word' id='word_1_439' title='bbox 604 3108 672 3148; x_wconf 76' lang='lat' dir='ltr'><strong>ex</strong></span> <span class='ocrx_word' id='word_1_440' title='bbox 705 3090 836 3147; x_wconf 90' lang='lat' dir='ltr'><strong>boni</strong></span> <span class='ocrx_word' id='word_1_441' title='bbox 866 3092 961 3148; x_wconf 88' lang='lat' dir='ltr'><strong>Dei</strong></span> <span class='ocrx_word' id='word_1_442' title='bbox 1001 3099 1283 3147; x_wconf 83' lang='lat' dir='ltr'><strong>armatura</strong></span> <span class='ocrx_word' id='word_1_443' title='bbox 1321 3092 1613 3163; x_wconf 84' lang='lat' dir='ltr'><strong>direptam,</strong></span> <span class='ocrx_word' id='word_1_444' title='bbox 1641 3100 1698 3147; x_wconf 89' lang='lat' dir='ltr'><strong>ut</strong></span> <span class='ocrx_word' id='word_1_445' title='bbox 1730 3109 1839 3148; x_wconf 84' lang='lat' dir='ltr'><strong>non</strong></span> <span class='ocrx_word' id='word_1_446' title='bbox 1869 3108 1980 3147; x_wconf 77' lang='lat' dir='ltr'><strong>atii-</strong></span> 
     </span>
    </p>
   </div>
   <div class='ocr_carea' id='block_1_59' title="bbox 2084 3090 3677 3181">
    <p class='ocr_par' dir='ltr' id='par_1_59' title="bbox 2086 3108 3677 3181">
     <span class='ocr_line' id='line_1_59' title="bbox 2086 3108 3677 3181; baseline 0.001 -20"><span class='ocrx_word' id='word_1_447' title='bbox 2086 3109 2387 3172; x_wconf 83' lang='grc' dir='ltr'>πανοπλίας</span> <span class='ocrx_word' id='word_1_448' title='bbox 2418 3108 2512 3162; x_wconf 88' lang='grc' dir='ltr'><strong>τοῦ</strong></span> <span class='ocrx_word' id='word_1_449' title='bbox 2549 3108 2756 3177; x_wconf 81' lang='grc' dir='ltr'>ἀγαθοῦ</span> <span class='ocrx_word' id='word_1_450' title='bbox 2790 3108 2925 3163; x_wconf 85' lang='grc' dir='ltr'>Θεοῦ</span> <span class='ocrx_word' id='word_1_451' title='bbox 2954 3110 3051 3180; x_wconf 82' lang='grc' dir='ltr'><strong>τὴν</strong></span> <span class='ocrx_word' id='word_1_452' title='bbox 3084 3110 3255 3181; x_wconf 75' lang='grc' dir='ltr'>αὐτὴν</span> <span class='ocrx_word' id='word_1_453' title='bbox 3288 3109 3555 3181; x_wconf 76' lang='grc' dir='ltr'>ὁρίζεται,</span> <span class='ocrx_word' id='word_1_454' title='bbox 3596 3112 3677 3175; x_wconf 81' lang='grc' dir='ltr'>ὡς</span> 
     </span>
    </p>
   </div>
   <div class='ocr_carea' id='block_1_60' title="bbox 399 3183 1983 3257">
    <p class='ocr_par' dir='ltr' id='par_1_60' title="bbox 399 3183 1983 3257">
     <span class='ocr_line' id='line_1_60' title="bbox 399 3183 1983 3257; baseline 0.001 -19"><span class='ocrx_word' id='word_1_455' title='bbox 399 3187 550 3257; x_wconf 86' lang='lat' dir='ltr'><strong>plius</strong></span> <span class='ocrx_word' id='word_1_456' title='bbox 587 3186 870 3247; x_wconf 87' lang='lat' dir='ltr'><strong>devorata,</strong></span> <span class='ocrx_word' id='word_1_457' title='bbox 923 3184 1019 3239; x_wconf 88' lang='lat' dir='ltr'><strong>sed</strong></span> <span class='ocrx_word' id='word_1_458' title='bbox 1070 3184 1125 3238; x_wconf 91' lang='lat' dir='ltr'><strong>in</strong></span> <span class='ocrx_word' id='word_1_459' title='bbox 1175 3183 1552 3255; x_wconf 85' lang='lat' dir='ltr'><strong>captivitatem</strong></span> <span class='ocrx_word' id='word_1_460' title='bbox 1601 3185 1836 3240; x_wconf 87' lang='lat' dir='ltr'><strong>abducta</strong></span> <span class='ocrx_word' id='word_1_461' title='bbox 1893 3186 1983 3241; x_wconf 88' lang='lat' dir='ltr'><strong>sit.</strong></span> 
     </span>
    </p>
   </div>
   <div class='ocr_carea' id='block_1_61' title="bbox 403 3274 1988 3345">
    <p class='ocr_par' dir='ltr' id='par_1_61' title="bbox 403 3274 1988 3345">
     <span class='ocr_line' id='line_1_61' title="bbox 403 3274 1988 3345; baseline -0.001 -14"><span class='ocrx_word' id='word_1_462' title='bbox 403 3274 814 3345; x_wconf 84' lang='lat' dir='ltr'><strong>Nonnunquam</strong></span> <span class='ocrx_word' id='word_1_463' title='bbox 857 3281 914 3329; x_wconf 89' lang='lat' dir='ltr'><strong>et</strong></span> <span class='ocrx_word' id='word_1_464' title='bbox 938 3274 1209 3344; x_wconf 83' lang='lat' dir='ltr'><strong>captivam</strong></span> <span class='ocrx_word' id='word_1_465' title='bbox 1241 3275 1473 3340; x_wconf 87' lang='lat' dir='ltr'><strong>asserit;</strong></span> <span class='ocrx_word' id='word_1_466' title='bbox 1498 3288 1676 3344; x_wconf 89' lang='lat' dir='ltr'><strong>neque</strong></span> <span class='ocrx_word' id='word_1_467' title='bbox 1708 3276 1988 3331; x_wconf 86' lang='lat' dir='ltr'><strong>cohaeren-</strong></span> 
     </span>
    </p>
   </div>
   <div class='ocr_carea' id='block_1_62' title="bbox 401 3364 1987 3438">
    <p class='ocr_par' dir='ltr' id='par_1_62' title="bbox 401 3364 1987 3438">
     <span class='ocr_line' id='line_1_62' title="bbox 401 3364 1987 3438; baseline -0.002 -15"><span class='ocrx_word' id='word_1_468' title='bbox 401 3368 481 3424; x_wconf 81' lang='lat' dir='ltr'><strong>tia</strong></span> <span class='ocrx_word' id='word_1_469' title='bbox 506 3367 775 3438; x_wconf 89' lang='lat' dir='ltr'><strong>loquitur;</strong></span> <span class='ocrx_word' id='word_1_470' title='bbox 819 3365 915 3421; x_wconf 86' lang='lat' dir='ltr'><strong>sed</strong></span> <span class='ocrx_word' id='word_1_471' title='bbox 946 3365 1054 3419; x_wconf 87' lang='lat' dir='ltr'><strong>alio</strong></span> <span class='ocrx_word' id='word_1_472' title='bbox 1085 3364 1247 3419; x_wconf 89' lang='lat' dir='ltr'><strong>modo</strong></span> <span class='ocrx_word' id='word_1_473' title='bbox 1268 3372 1438 3420; x_wconf 88' lang='lat' dir='ltr'><strong>totam</strong></span> <span class='ocrx_word' id='word_1_474' title='bbox 1470 3364 1741 3437; x_wconf 84' lang='lat' dir='ltr'><strong>ejusmodi</strong></span> <span class='ocrx_word' id='word_1_475' title='bbox 1790 3380 1987 3421; x_wconf 87' lang='lat' dir='ltr'><strong>narra-</strong></span> 
     </span>
    </p>
   </div>
   <div class='ocr_carea' id='block_1_63' title="bbox 402 3456 1988 3529">
    <p class='ocr_par' dir='ltr' id='par_1_63' title="bbox 402 3456 1988 3529">
     <span class='ocr_line' id='line_1_63' title="bbox 402 3456 1988 3529; baseline -0.001 -14"><span class='ocrx_word' id='word_1_476' title='bbox 402 3462 607 3516; x_wconf 90' lang='lat' dir='ltr'><strong>tionem</strong></span> <span class='ocrx_word' id='word_1_477' title='bbox 652 3458 913 3514; x_wconf 79' lang='lat' dir='ltr'><strong>contexit.</strong></span> <span class='ocrx_word' id='word_1_478' title='bbox 940 3456 1155 3527; x_wconf 86' lang='lat' dir='ltr'><strong>Quippe</strong></span> <span class='ocrx_word' id='word_1_479' title='bbox 1185 3456 1332 3513; x_wconf 84' lang='lat' dir='ltr'><strong>velut</strong></span> <span class='ocrx_word' id='word_1_480' title='bbox 1370 3471 1552 3513; x_wconf 85' lang='lat' dir='ltr'><strong>escam</strong></span> <span class='ocrx_word' id='word_1_481' title='bbox 1577 3459 1868 3529; x_wconf 88' lang='lat' dir='ltr'><strong>quamdam</strong></span> <span class='ocrx_word' id='word_1_482' title='bbox 1918 3458 1988 3514; x_wconf 90' lang='lat' dir='ltr'><strong>ab</strong></span> 
     </span>
    </p>
   </div>
   <div class='ocr_carea' id='block_1_64' title="bbox 405 3549 1981 3623">
    <p class='ocr_par' dir='ltr' id='par_1_64' title="bbox 405 3549 1981 3623">
     <span class='ocr_line' id='line_1_64' title="bbox 405 3549 1981 3623; baseline -0.002 -14"><span class='ocrx_word' id='word_1_483' title='bbox 405 3552 679 3623; x_wconf 90' lang='lat' dir='ltr'><strong>superiori</strong></span> <span class='ocrx_word' id='word_1_484' title='bbox 713 3554 916 3606; x_wconf 82' lang='lat' dir='ltr'><strong>virtute</strong></span> <span class='ocrx_word' id='word_1_485' title='bbox 970 3557 1167 3619; x_wconf 86' lang='lat' dir='ltr'><strong>sponte</strong></span> <span class='ocrx_word' id='word_1_486' title='bbox 1226 3564 1324 3604; x_wconf 87' lang='lat' dir='ltr'><strong>sua</strong></span> <span class='ocrx_word' id='word_1_487' title='bbox 1375 3549 1646 3618; x_wconf 89' lang='lat' dir='ltr'><strong>objectam</strong></span> <span class='ocrx_word' id='word_1_488' title='bbox 1681 3551 1981 3612; x_wconf 80' lang='lat' dir='ltr'><strong>existimat.</strong></span> 
     </span>
    </p>
   </div>
   <div class='ocr_carea' id='block_1_65' title="bbox 402 3641 1988 3712">
    <p class='ocr_par' dir='ltr' id='par_1_65' title="bbox 402 3641 1988 3712">
     <span class='ocr_line' id='line_1_65' title="bbox 402 3641 1988 3712; baseline -0.001 -12"><span class='ocrx_word' id='word_1_489' title='bbox 402 3658 515 3701; x_wconf 84' lang='lat' dir='ltr'><strong>non</strong></span> <span class='ocrx_word' id='word_1_490' title='bbox 549 3645 709 3698; x_wconf 88' lang='lat' dir='ltr'><strong>aliter</strong></span> <span class='ocrx_word' id='word_1_491' title='bbox 733 3652 896 3712; x_wconf 89' lang='lat' dir='ltr'><strong>atque</strong></span> <span class='ocrx_word' id='word_1_492' title='bbox 919 3642 1135 3697; x_wconf 54' lang='lat' dir='ltr'><strong>haedum</strong></span> <span class='ocrx_word' id='word_1_493' title='bbox 1178 3641 1234 3697; x_wconf 93' lang='lat' dir='ltr'><strong>in</strong></span> <span class='ocrx_word' id='word_1_494' title='bbox 1266 3641 1517 3697; x_wconf 87' lang='lat' dir='ltr'><strong>scrobem</strong></span> <span class='ocrx_word' id='word_1_495' title='bbox 1552 3641 1788 3712; x_wconf 88' lang='lat' dir='ltr'><strong>abjicere</strong></span> <span class='ocrx_word' id='word_1_496' title='bbox 1811 3643 1988 3698; x_wconf 88' lang='lat' dir='ltr'><strong>solent</strong></span> 
     </span>
    </p>
   </div>
   <div class='ocr_carea' id='block_1_66' title="bbox 406 3732 1984 3807">
    <p class='ocr_par' dir='ltr' id='par_1_66' title="bbox 406 3732 1984 3807">
     <span class='ocr_line' id='line_1_66' title="bbox 406 3732 1984 3807; baseline -0.003 -16"><span class='ocrx_word' id='word_1_497' title='bbox 406 3735 698 3807; x_wconf 57' lang='lat' dir='ltr'><strong>captandas</strong></span> <span class='ocrx_word' id='word_1_498' title='bbox 726 3735 853 3789; x_wconf 74' lang='lat' dir='ltr'><strong>tera:</strong></span> <span class='ocrx_word' id='word_1_499' title='bbox 882 3734 1081 3804; x_wconf 85' lang='lat' dir='ltr'><strong>gratia,</strong></span> <span class='ocrx_word' id='word_1_500' title='bbox 1115 3748 1236 3804; x_wconf 86' lang='lat' dir='ltr'><strong>quae</strong></span> <span class='ocrx_word' id='word_1_501' title='bbox 1265 3732 1640 3789; x_wconf 87' lang='lat' dir='ltr'><strong>hacillecebra</strong></span> <span class='ocrx_word' id='word_1_502' title='bbox 1674 3732 1742 3787; x_wconf 91' lang='lat' dir='ltr'><strong>ad</strong></span> <span class='ocrx_word' id='word_1_503' title='bbox 1763 3734 1984 3805; x_wconf 88' lang='lat' dir='ltr'><strong>capien-</strong></span> 
     </span>
    </p>
   </div>
   <div class='ocr_carea' id='block_1_67' title="bbox 405 3824 1987 3898">
    <p class='ocr_par' dir='ltr' id='par_1_67' title="bbox 405 3824 1987 3898">
     <span class='ocr_line' id='line_1_67' title="bbox 405 3824 1987 3898; baseline -0.001 -15"><span class='ocrx_word' id='word_1_504' title='bbox 405 3828 534 3884; x_wconf 86' lang='lat' dir='ltr'><strong>dam</strong></span> <span class='ocrx_word' id='word_1_505' title='bbox 558 3827 794 3898; x_wconf 73' lang='lat' dir='ltr'><strong>pmdam</strong></span> <span class='ocrx_word' id='word_1_506' title='bbox 824 3828 1050 3881; x_wconf 86' lang='lat' dir='ltr'><strong>invitata</strong></span> <span class='ocrx_word' id='word_1_507' title='bbox 1086 3827 1356 3896; x_wconf 87' lang='lat' dir='ltr'><strong>capiatur.</strong></span> <span class='ocrx_word' id='word_1_508' title='bbox 1394 3824 1589 3883; x_wconf 82' lang='lat' dir='ltr'><strong>Verum</strong></span> <span class='ocrx_word' id='word_1_509' title='bbox 1612 3826 1659 3881; x_wconf 87' lang='lat' dir='ltr'><strong>si</strong></span> <span class='ocrx_word' id='word_1_510' title='bbox 1690 3842 1758 3882; x_wconf 82' lang='lat' dir='ltr'><strong>ex</strong></span> <span class='ocrx_word' id='word_1_511' title='bbox 1785 3826 1987 3882; x_wconf 90' lang='lat' dir='ltr'><strong>virtute</strong></span> 
     </span>
    </p>
   </div>
   <div class='ocr_carea' id='block_1_68' title="bbox 406 3917 1982 3992">
    <p class='ocr_par' dir='ltr' id='par_1_68' title="bbox 406 3917 1982 3992">
     <span class='ocr_line' id='line_1_68' title="bbox 406 3917 1982 3992; baseline -0.001 -17"><span class='ocrx_word' id='word_1_512' title='bbox 406 3920 631 3992; x_wconf 88' lang='lat' dir='ltr'><strong>propria</strong></span> <span class='ocrx_word' id='word_1_513' title='bbox 653 3920 801 3975; x_wconf 83' lang='lat' dir='ltr'><strong>velut</strong></span> <span class='ocrx_word' id='word_1_514' title='bbox 820 3919 1032 3974; x_wconf 61' lang='lat' dir='ltr'><strong>haedum</strong></span> <span class='ocrx_word' id='word_1_515' title='bbox 1056 3919 1202 3975; x_wconf 86' lang='lat' dir='ltr'><strong>hunc</strong></span> <span class='ocrx_word' id='word_1_516' title='bbox 1230 3918 1463 3989; x_wconf 86' lang='lat' dir='ltr'><strong>aliquem</strong></span> <span class='ocrx_word' id='word_1_517' title='bbox 1495 3918 1578 3974; x_wconf 87' lang='lat' dir='ltr'><strong>vis</strong></span> <span class='ocrx_word' id='word_1_518' title='bbox 1616 3918 1709 3972; x_wconf 87' lang='lat' dir='ltr'><strong>illa</strong></span> <span class='ocrx_word' id='word_1_519' title='bbox 1739 3917 1982 3974; x_wconf 74' lang='lat' dir='ltr'><strong>cmlestis</strong></span> 
     </span>
    </p>
   </div>
   <div class='ocr_carea' id='block_1_69' title="bbox 404 4009 1988 4075">
    <p class='ocr_par' dir='ltr' id='par_1_69' title="bbox 404 4009 1988 4075">
     <span class='ocr_line' id='line_1_69' title="bbox 404 4009 1988 4075; baseline -0.003 -6"><span class='ocrx_word' id='word_1_520' title='bbox 404 4012 717 4074; x_wconf 88' lang='lat' dir='ltr'><strong>immiserit,</strong></span> <span class='ocrx_word' id='word_1_521' title='bbox 734 4011 839 4067; x_wconf 92' lang='lat' dir='ltr'><strong>hoc</strong></span> <span class='ocrx_word' id='word_1_522' title='bbox 873 4020 957 4067; x_wconf 90' lang='lat' dir='ltr'><strong>est</strong></span> <span class='ocrx_word' id='word_1_523' title='bbox 982 4010 1161 4065; x_wconf 87' lang='lat' dir='ltr'><strong>bonus</strong></span> <span class='ocrx_word' id='word_1_524' title='bbox 1175 4009 1342 4074; x_wconf 91' lang='lat' dir='ltr'><strong>Deus,</strong></span> <span class='ocrx_word' id='word_1_525' title='bbox 1375 4009 1491 4066; x_wconf 83' lang='lat' dir='ltr'><strong>sive</strong></span> <span class='ocrx_word' id='word_1_526' title='bbox 1520 4010 1635 4075; x_wconf 80' lang='lat' dir='ltr'><strong>lux,</strong></span> <span class='ocrx_word' id='word_1_527' title='bbox 1672 4019 1733 4064; x_wconf 89' lang='lat' dir='ltr'><strong>ut</strong></span> <span class='ocrx_word' id='word_1_528' title='bbox 1753 4010 1857 4065; x_wconf 83' lang='lat' dir='ltr'><strong>iste</strong></span> <span class='ocrx_word' id='word_1_529' title='bbox 1886 4024 1988 4065; x_wconf 86' lang='lat' dir='ltr'><strong>no-</strong></span> 
     </span>
    </p>
   </div>
   <div class='ocr_carea' id='block_1_70' title="bbox 406 4098 1986 4170">
    <p class='ocr_par' dir='ltr' id='par_1_70' title="bbox 406 4098 1986 4170">
     <span class='ocr_line' id='line_1_70' title="bbox 406 4098 1986 4170; baseline -0.003 -11"><span class='ocrx_word' id='word_1_530' title='bbox 406 4104 611 4169; x_wconf 84' lang='lat' dir='ltr'><strong>minat;</strong></span> <span class='ocrx_word' id='word_1_531' title='bbox 642 4103 770 4157; x_wconf 90' lang='lat' dir='ltr'><strong>licet</strong></span> <span class='ocrx_word' id='word_1_532' title='bbox 794 4100 965 4157; x_wconf 77' lang='lat' dir='ltr'><strong>feram</strong></span> <span class='ocrx_word' id='word_1_533' title='bbox 994 4101 1197 4170; x_wconf 88' lang='lat' dir='ltr'><strong>capiat,</strong></span> <span class='ocrx_word' id='word_1_534' title='bbox 1235 4100 1387 4170; x_wconf 89' lang='lat' dir='ltr'><strong>prius</strong></span> <span class='ocrx_word' id='word_1_535' title='bbox 1416 4108 1599 4155; x_wconf 82' lang='lat' dir='ltr'><strong>tamen</strong></span> <span class='ocrx_word' id='word_1_536' title='bbox 1636 4098 1848 4154; x_wconf 61' lang='lat' dir='ltr'><strong>haedum</strong></span> <span class='ocrx_word' id='word_1_537' title='bbox 1889 4100 1986 4154; x_wconf 84' lang='lat' dir='ltr'><strong>ab-</strong></span> 
     </span>
    </p>
   </div>
   <div class='ocr_carea' id='block_1_71' title="bbox 407 4190 1985 4264">
    <p class='ocr_par' dir='ltr' id='par_1_71' title="bbox 407 4190 1985 4264">
     <span class='ocr_line' id='line_1_71' title="bbox 407 4190 1985 4264; baseline -0.004 -11"><span class='ocrx_word' id='word_1_538' title='bbox 407 4198 549 4253; x_wconf 84' lang='lat' dir='ltr'><strong>sumi</strong></span> <span class='ocrx_word' id='word_1_539' title='bbox 584 4209 812 4251; x_wconf 87' lang='lat' dir='ltr'><strong>necesse</strong></span> <span class='ocrx_word' id='word_1_540' title='bbox 833 4201 940 4251; x_wconf 88' lang='lat' dir='ltr'><strong>est.</strong></span> <span class='ocrx_word' id='word_1_541' title='bbox 964 4192 1143 4264; x_wconf 80' lang='lat' dir='ltr'><strong>Atque</strong></span> <span class='ocrx_word' id='word_1_542' title='bbox 1191 4194 1268 4247; x_wconf 89' lang='lat' dir='ltr'><strong>ita</strong></span> <span class='ocrx_word' id='word_1_543' title='bbox 1323 4193 1501 4262; x_wconf 85' lang='lat' dir='ltr'><strong>majus</strong></span> <span class='ocrx_word' id='word_1_544' title='bbox 1536 4191 1645 4262; x_wconf 84' lang='lat' dir='ltr'><strong>ipsi</strong></span> <span class='ocrx_word' id='word_1_545' title='bbox 1678 4191 1782 4246; x_wconf 92' lang='lat' dir='ltr'><strong>sibi</strong></span> <span class='ocrx_word' id='word_1_546' title='bbox 1813 4190 1985 4246; x_wconf 91' lang='lat' dir='ltr'><strong>detri-</strong></span> 
     </span>
    </p>
   </div>
   <div class='ocr_carea' id='block_1_72' title="bbox 405 4281 1984 4351">
    <p class='ocr_par' dir='ltr' id='par_1_72' title="bbox 405 4281 1984 4351">
     <span class='ocr_line' id='line_1_72' title="bbox 405 4281 1984 4351; baseline -0.001 -13"><span class='ocrx_word' id='word_1_547' title='bbox 405 4292 651 4338; x_wconf 88' lang='lat' dir='ltr'><strong>mentum</strong></span> <span class='ocrx_word' id='word_1_548' title='bbox 700 4284 948 4338; x_wconf 74' lang='lat' dir='ltr'><strong>cmlcstis</strong></span> <span class='ocrx_word' id='word_1_549' title='bbox 986 4282 1078 4338; x_wconf 90' lang='lat' dir='ltr'><strong>illa</strong></span> <span class='ocrx_word' id='word_1_550' title='bbox 1115 4283 1291 4337; x_wconf 84' lang='lat' dir='ltr'><strong>virtus</strong></span> <span class='ocrx_word' id='word_1_551' title='bbox 1320 4281 1653 4345; x_wconf 89' lang='lat' dir='ltr'><strong>consciscet,</strong></span> <span class='ocrx_word' id='word_1_552' title='bbox 1682 4296 1804 4351; x_wconf 68' lang='lat' dir='ltr'><strong>quae</strong></span> <span class='ocrx_word' id='word_1_553' title='bbox 1842 4296 1984 4336; x_wconf 84' lang='lat' dir='ltr'><strong>non-</strong></span> 
     </span>
    </p>
   </div>
   <div class='ocr_carea' id='block_1_73' title="bbox 405 4373 1981 4443">
    <p class='ocr_par' dir='ltr' id='par_1_73' title="bbox 405 4373 1981 4443">
     <span class='ocr_line' id='line_1_73' title="bbox 405 4373 1981 4443; baseline 0 -14"><span class='ocrx_word' id='word_1_554' title='bbox 405 4376 611 4430; x_wconf 88' lang='lat' dir='ltr'><strong>nullam</strong></span> <span class='ocrx_word' id='word_1_555' title='bbox 634 4374 717 4429; x_wconf 89' lang='lat' dir='ltr'><strong>sui</strong></span> <span class='ocrx_word' id='word_1_556' title='bbox 748 4382 955 4443; x_wconf 88' lang='lat' dir='ltr'><strong>partem</strong></span> <span class='ocrx_word' id='word_1_557' title='bbox 985 4373 1054 4428; x_wconf 89' lang='lat' dir='ltr'><strong>ad</strong></span> <span class='ocrx_word' id='word_1_558' title='bbox 1084 4374 1270 4430; x_wconf 66' lang='lat' dir='ltr'><strong>bestiae</strong></span> <span class='ocrx_word' id='word_1_559' title='bbox 1296 4374 1553 4443; x_wconf 84' lang='lat' dir='ltr'><strong>pabulum</strong></span> <span class='ocrx_word' id='word_1_560' title='bbox 1581 4373 1862 4443; x_wconf 84' lang='lat' dir='ltr'><strong>objecerit,</strong></span> <span class='ocrx_word' id='word_1_561' title='bbox 1902 4383 1981 4439; x_wconf 93' lang='lat' dir='ltr'><strong>ut,</strong></span> 
     </span>
    </p>
   </div>
   <div class='ocr_carea' id='block_1_74' title="bbox 405 4442 2060 4535">
    <p class='ocr_par' dir='ltr' id='par_1_74' title="bbox 405 4442 2060 4535">
     <span class='ocr_line' id='line_1_74' title="bbox 405 4442 2060 4535; baseline 0.002 -18"><span class='ocrx_word' id='word_1_562' title='bbox 405 4478 516 4535; x_wconf 86' lang='lat' dir='ltr'><strong>qua</strong></span> <span class='ocrx_word' id='word_1_563' title='bbox 542 4478 602 4518; x_wconf 88' lang='lat' dir='ltr'><strong>se</strong></span> <span class='ocrx_word' id='word_1_564' title='bbox 630 4442 802 4533; x_wconf 84' lang='lat' dir='ltr'><strong>ipsam</strong></span> <span class='ocrx_word' id='word_1_565' title='bbox 839 4464 1091 4533; x_wconf 88' lang='lat' dir='ltr'><strong>portione</strong></span> <span class='ocrx_word' id='word_1_566' title='bbox 1138 4442 1491 4527; x_wconf 83' lang='lat' dir='ltr'><strong>mutilaverit,</strong></span> <span class='ocrx_word' id='word_1_567' title='bbox 1527 4442 1698 4518; x_wconf 79' lang='lat' dir='ltr'><strong>feram</strong></span> <span class='ocrx_word' id='word_1_568' title='bbox 1731 4474 1982 4534; x_wconf 87' lang='lat' dir='ltr'><strong>captasse</strong></span> <span class='ocrx_word' id='word_1_569' title='bbox 2014 4442 2060 4497; x_wconf 69' lang='grc' dir='ltr'>θ</span> 
     </span>
    </p>
   </div>
   <div class='ocr_carea' id='block_1_75' title="bbox 406 4556 1983 4625">
    <p class='ocr_par' dir='ltr' id='par_1_75' title="bbox 406 4556 1983 4625">
     <span class='ocr_line' id='line_1_75' title="bbox 406 4556 1983 4625; baseline -0.003 -13"><span class='ocrx_word' id='word_1_570' title='bbox 406 4556 690 4621; x_wconf 77' lang='lat' dir='ltr'><strong>videatur;</strong></span> <span class='ocrx_word' id='word_1_571' title='bbox 721 4570 822 4611; x_wconf 88' lang='lat' dir='ltr'><strong>nec</strong></span> <span class='ocrx_word' id='word_1_572' title='bbox 846 4556 958 4625; x_wconf 88' lang='lat' dir='ltr'><strong>jam</strong></span> <span class='ocrx_word' id='word_1_573' title='bbox 990 4556 1198 4619; x_wconf 88' lang='lat' dir='ltr'><strong>valens,</strong></span> <span class='ocrx_word' id='word_1_574' title='bbox 1231 4569 1296 4608; x_wconf 89' lang='lat' dir='ltr'><strong>ac</strong></span> <span class='ocrx_word' id='word_1_575' title='bbox 1328 4568 1605 4624; x_wconf 83' lang='lat' dir='ltr'><strong>suprema,</strong></span> <span class='ocrx_word' id='word_1_576' title='bbox 1651 4560 1744 4606; x_wconf 91' lang='lat' dir='ltr'><strong>aut</strong></span> <span class='ocrx_word' id='word_1_577' title='bbox 1772 4567 1983 4623; x_wconf 73' lang='lat' dir='ltr'><strong>praepo-</strong></span> 
     </span>
    </p>
   </div>
   <div class='ocr_carea' id='block_1_76' title="bbox 407 4644 1984 4714">
    <p class='ocr_par' dir='ltr' id='par_1_76' title="bbox 407 4644 1984 4714">
     <span class='ocr_line' id='line_1_76' title="bbox 407 4644 1984 4714; baseline -0.003 -11"><span class='ocrx_word' id='word_1_578' title='bbox 407 4655 532 4703; x_wconf 83' lang='lat' dir='ltr'><strong>tens</strong></span> <span class='ocrx_word' id='word_1_579' title='bbox 557 4648 684 4712; x_wconf 89' lang='lat' dir='ltr'><strong>erit,</strong></span> <span class='ocrx_word' id='word_1_580' title='bbox 716 4654 777 4701; x_wconf 93' lang='lat' dir='ltr'><strong>ut</strong></span> <span class='ocrx_word' id='word_1_581' title='bbox 800 4662 932 4703; x_wconf 86' lang='lat' dir='ltr'><strong>voce</strong></span> <span class='ocrx_word' id='word_1_582' title='bbox 951 4649 1035 4702; x_wconf 89' lang='lat' dir='ltr'><strong>vel</strong></span> <span class='ocrx_word' id='word_1_583' title='bbox 1060 4648 1337 4703; x_wconf 90' lang='lat' dir='ltr'><strong>voluntate</strong></span> <span class='ocrx_word' id='word_1_584' title='bbox 1380 4644 1551 4699; x_wconf 79' lang='lat' dir='ltr'><strong>feram</strong></span> <span class='ocrx_word' id='word_1_585' title='bbox 1579 4645 1836 4714; x_wconf 72' lang='lat' dir='ltr'><strong>patestati</strong></span> <span class='ocrx_word' id='word_1_586' title='bbox 1871 4658 1984 4699; x_wconf 68' lang='lat' dir='ltr'><strong>sua:</strong></span> 
     </span>
    </p>
   </div>
   <div class='ocr_carea' id='block_1_77' title="bbox 409 4735 1981 4812">
    <p class='ocr_par' dir='ltr' id='par_1_77' title="bbox 409 4735 1981 4812">
     <span class='ocr_line' id='line_1_77' title="bbox 409 4735 1981 4812; baseline -0.006 -15"><span class='ocrx_word' id='word_1_587' title='bbox 409 4740 669 4810; x_wconf 87' lang='lat' dir='ltr'><strong>subjiciat</strong></span> <span class='ocrx_word' id='word_1_588' title='bbox 701 4742 870 4811; x_wconf 90' lang='lat' dir='ltr'><strong>:quin</strong></span> <span class='ocrx_word' id='word_1_589' title='bbox 903 4741 1103 4812; x_wconf 87' lang='lat' dir='ltr'><strong>potius,</strong></span> <span class='ocrx_word' id='word_1_590' title='bbox 1130 4748 1189 4794; x_wconf 89' lang='lat' dir='ltr'><strong>ut</strong></span> <span class='ocrx_word' id='word_1_591' title='bbox 1216 4737 1335 4807; x_wconf 85' lang='lat' dir='ltr'><strong>ejus</strong></span> <span class='ocrx_word' id='word_1_592' title='bbox 1367 4750 1593 4807; x_wconf 89' lang='lat' dir='ltr'><strong>compos</strong></span> <span class='ocrx_word' id='word_1_593' title='bbox 1624 4735 1839 4798; x_wconf 84' lang='lat' dir='ltr'><strong>evadat,</strong></span> <span class='ocrx_word' id='word_1_594' title='bbox 1866 4736 1981 4789; x_wconf 86' lang='lat' dir='ltr'><strong>cal-</strong></span> 
     </span>
    </p>
   </div>
   <div class='ocr_carea' id='block_1_78' title="bbox 409 4828 1983 4888">
    <p class='ocr_par' dir='ltr' id='par_1_78' title="bbox 409 4828 1983 4888">
     <span class='ocr_line' id='line_1_78' title="bbox 409 4828 1983 4888; baseline -0.001 -2"><span class='ocrx_word' id='word_1_595' title='bbox 409 4832 521 4887; x_wconf 91' lang='lat' dir='ltr'><strong>lide</strong></span> <span class='ocrx_word' id='word_1_596' title='bbox 542 4847 608 4887; x_wconf 89' lang='lat' dir='ltr'><strong>ac</strong></span> <span class='ocrx_word' id='word_1_597' title='bbox 626 4832 1004 4888; x_wconf 79' lang='lat' dir='ltr'><strong>fraudulenter</strong></span> <span class='ocrx_word' id='word_1_598' title='bbox 1032 4832 1203 4885; x_wconf 90' lang='lat' dir='ltr'><strong>multa</strong></span> <span class='ocrx_word' id='word_1_599' title='bbox 1239 4830 1479 4885; x_wconf 89' lang='lat' dir='ltr'><strong>molitur.</strong></span> <span class='ocrx_word' id='word_1_600' title='bbox 1499 4828 1576 4882; x_wconf 85' lang='lat' dir='ltr'><strong>Ac</strong></span> <span class='ocrx_word' id='word_1_601' title='bbox 1601 4828 1818 4883; x_wconf 87' lang='lat' dir='ltr'><strong>tametsi</strong></span> <span class='ocrx_word' id='word_1_602' title='bbox 1837 4828 1983 4884; x_wconf 85' lang='lat' dir='ltr'><strong>illius</strong></span> 
     </span>
    </p>
   </div>
   <div class='ocr_carea' id='block_1_79' title="bbox 408 4920 1983 4995">
    <p class='ocr_par' dir='ltr' id='par_1_79' title="bbox 408 4920 1983 4995">
     <span class='ocr_line' id='line_1_79' title="bbox 408 4920 1983 4995; baseline -0.001 -17"><span class='ocrx_word' id='word_1_603' title='bbox 408 4925 593 4995; x_wconf 81' lang='lat' dir='ltr'><strong>aliqua</strong></span> <span class='ocrx_word' id='word_1_604' title='bbox 657 4933 811 4995; x_wconf 89' lang='lat' dir='ltr'><strong>parte</strong></span> <span class='ocrx_word' id='word_1_605' title='bbox 858 4925 1102 4979; x_wconf 88' lang='lat' dir='ltr'><strong>inescata</strong></span> <span class='ocrx_word' id='word_1_606' title='bbox 1160 4923 1275 4977; x_wconf 78' lang='lat' dir='ltr'><strong>fera</strong></span> <span class='ocrx_word' id='word_1_607' title='bbox 1321 4922 1413 4975; x_wconf 90' lang='lat' dir='ltr'><strong>illa</strong></span> <span class='ocrx_word' id='word_1_608' title='bbox 1461 4927 1679 4991; x_wconf 90' lang='lat' dir='ltr'><strong>captata</strong></span> <span class='ocrx_word' id='word_1_609' title='bbox 1718 4920 1815 4983; x_wconf 92' lang='lat' dir='ltr'><strong>sit,</strong></span> <span class='ocrx_word' id='word_1_610' title='bbox 1858 4930 1983 4977; x_wconf 85' lang='lat' dir='ltr'><strong>ante</strong></span> 
     </span>
    </p>
   </div>
   <div class='ocr_carea' id='block_1_80' title="bbox 407 5012 1983 5081">
    <p class='ocr_par' dir='ltr' id='par_1_80' title="bbox 407 5012 1983 5081">
     <span class='ocr_line' id='line_1_80' title="bbox 407 5012 1983 5081; baseline -0.002 -10"><span class='ocrx_word' id='word_1_611' title='bbox 407 5024 593 5071; x_wconf 79' lang='lat' dir='ltr'><strong>tamen</strong></span> <span class='ocrx_word' id='word_1_612' title='bbox 622 5016 942 5071; x_wconf 86' lang='lat' dir='ltr'><strong>devoratum</strong></span> <span class='ocrx_word' id='word_1_613' title='bbox 974 5014 1187 5068; x_wconf 82' lang='lat' dir='ltr'><strong>haedum</strong></span> <span class='ocrx_word' id='word_1_614' title='bbox 1220 5013 1310 5065; x_wconf 88' lang='lat' dir='ltr'><strong>illa</strong></span> <span class='ocrx_word' id='word_1_615' title='bbox 1345 5012 1605 5080; x_wconf 80' lang='lat' dir='ltr'><strong>perdidit,</strong></span> <span class='ocrx_word' id='word_1_616' title='bbox 1634 5012 1983 5081; x_wconf 88' lang='lat' dir='ltr'><strong>quantumvis</strong></span> 
     </span>
    </p>
   </div>
   <div class='ocr_carea' id='block_1_81' title="bbox 410 5102 1980 5179">
    <p class='ocr_par' dir='ltr' id='par_1_81' title="bbox 410 5102 1980 5179">
     <span class='ocr_line' id='line_1_81' title="bbox 410 5102 1980 5179; baseline -0.003 -17"><span class='ocrx_word' id='word_1_617' title='bbox 410 5108 645 5179; x_wconf 66' lang='lat' dir='ltr'><strong>prmdam</strong></span> <span class='ocrx_word' id='word_1_618' title='bbox 696 5108 913 5177; x_wconf 82' lang='lat' dir='ltr'><strong>assequi</strong></span> <span class='ocrx_word' id='word_1_619' title='bbox 952 5104 1211 5174; x_wconf 90' lang='lat' dir='ltr'><strong>potuerit.</strong></span> <span class='ocrx_word' id='word_1_620' title='bbox 1271 5102 1366 5157; x_wconf 89' lang='lat' dir='ltr'><strong>Sic</strong></span> <span class='ocrx_word' id='word_1_621' title='bbox 1424 5104 1593 5174; x_wconf 90' lang='lat' dir='ltr'><strong>igitur</strong></span> <span class='ocrx_word' id='word_1_622' title='bbox 1650 5103 1697 5157; x_wconf 88' lang='lat' dir='ltr'><strong>si</strong></span> <span class='ocrx_word' id='word_1_623' title='bbox 1739 5104 1980 5158; x_wconf 85' lang='lat' dir='ltr'><strong>animam</strong></span> 
     </span>
    </p>
   </div>
   <div class='ocr_carea' id='block_1_82' title="bbox 409 5194 1980 5266">
    <p class='ocr_par' dir='ltr' id='par_1_82' title="bbox 409 5194 1980 5266">
     <span class='ocr_line' id='line_1_82' title="bbox 409 5194 1980 5266; baseline -0.002 -12"><span class='ocrx_word' id='word_1_624' title='bbox 409 5202 588 5255; x_wconf 90' lang='lat' dir='ltr'><strong>virtus</strong></span> <span class='ocrx_word' id='word_1_625' title='bbox 620 5199 863 5254; x_wconf 65' lang='lat' dir='ltr'><strong>caelestis</strong></span> <span class='ocrx_word' id='word_1_626' title='bbox 891 5198 945 5251; x_wconf 91' lang='lat' dir='ltr'><strong>in</strong></span> <span class='ocrx_word' id='word_1_627' title='bbox 976 5197 1121 5251; x_wconf 88' lang='lat' dir='ltr'><strong>hunc</strong></span> <span class='ocrx_word' id='word_1_628' title='bbox 1144 5196 1330 5251; x_wconf 89' lang='lat' dir='ltr'><strong>orbem</strong></span> <span class='ocrx_word' id='word_1_629' title='bbox 1365 5194 1625 5262; x_wconf 84' lang='lat' dir='ltr'><strong>emiserit,</strong></span> <span class='ocrx_word' id='word_1_630' title='bbox 1660 5203 1718 5251; x_wconf 92' lang='lat' dir='ltr'><strong>ut</strong></span> <span class='ocrx_word' id='word_1_631' title='bbox 1745 5212 1840 5266; x_wconf 86' lang='lat' dir='ltr'><strong>per</strong></span> <span class='ocrx_word' id='word_1_632' title='bbox 1860 5210 1980 5251; x_wconf 88' lang='lat' dir='ltr'><strong>eam</strong></span> 
     </span>
    </p>
   </div>
   <div class='ocr_carea' id='block_1_83' title="bbox 410 5289 1979 5363">
    <p class='ocr_par' dir='ltr' id='par_1_83' title="bbox 410 5289 1979 5363">
     <span class='ocr_line' id='line_1_83' title="bbox 410 5289 1979 5363; baseline -0.003 -17"><span class='ocrx_word' id='word_1_633' title='bbox 410 5293 754 5363; x_wconf 89' lang='lat' dir='ltr'><strong>principatus</strong></span> <span class='ocrx_word' id='word_1_634' title='bbox 796 5289 1057 5351; x_wconf 86' lang='lat' dir='ltr'><strong>irretiret,</strong></span> <span class='ocrx_word' id='word_1_635' title='bbox 1098 5296 1505 5358; x_wconf 86' lang='lat' dir='ltr'><strong>potestatesque</strong></span> <span class='ocrx_word' id='word_1_636' title='bbox 1558 5295 1819 5357; x_wconf 83' lang='lat' dir='ltr'><strong>captaret,</strong></span> <span class='ocrx_word' id='word_1_637' title='bbox 1870 5304 1979 5342; x_wconf 85' lang='lat' dir='ltr'><strong>non</strong></span> 
     </span>
    </p>
   </div>
   <div class='ocr_carea' id='block_1_84' title="bbox 404 5378 1980 5449">
    <p class='ocr_par' dir='ltr' id='par_1_84' title="bbox 404 5378 1980 5449">
     <span class='ocr_line' id='line_1_84' title="bbox 404 5378 1980 5449; baseline -0.001 -13"><span class='ocrx_word' id='word_1_638' title='bbox 404 5382 501 5438; x_wconf 84' lang='lat' dir='ltr'><strong>illa</strong></span> <span class='ocrx_word' id='word_1_639' title='bbox 532 5395 780 5449; x_wconf 88' lang='lat' dir='ltr'><strong>sc0pum,</strong></span> <span class='ocrx_word' id='word_1_640' title='bbox 817 5394 977 5449; x_wconf 90' lang='lat' dir='ltr'><strong>quem</strong></span> <span class='ocrx_word' id='word_1_641' title='bbox 1007 5379 1244 5442; x_wconf 88' lang='lat' dir='ltr'><strong>volebat,</strong></span> <span class='ocrx_word' id='word_1_642' title='bbox 1264 5387 1513 5435; x_wconf 85' lang='lat' dir='ltr'><strong>assecuta</strong></span> <span class='ocrx_word' id='word_1_643' title='bbox 1541 5378 1661 5433; x_wconf 79' lang='lat' dir='ltr'><strong>fuit.</strong></span> <span class='ocrx_word' id='word_1_644' title='bbox 1692 5378 1826 5434; x_wconf 87' lang='lat' dir='ltr'><strong>Nam</strong></span> <span class='ocrx_word' id='word_1_645' title='bbox 1855 5394 1980 5434; x_wconf 88' lang='lat' dir='ltr'><strong>cum</strong></span> 
     </span>
    </p>
   </div>
   <div class='ocr_carea' id='block_1_85' title="bbox 410 5470 1981 5541">
    <p class='ocr_par' dir='ltr' id='par_1_85' title="bbox 410 5470 1981 5541">
     <span class='ocr_line' id='line_1_85' title="bbox 410 5470 1981 5541; baseline 0 -16"><span class='ocrx_word' id='word_1_646' title='bbox 410 5473 649 5527; x_wconf 90' lang='lat' dir='ltr'><strong>animam</strong></span> <span class='ocrx_word' id='word_1_647' title='bbox 678 5472 825 5525; x_wconf 83' lang='lat' dir='ltr'><strong>velut</strong></span> <span class='ocrx_word' id='word_1_648' title='bbox 856 5471 923 5526; x_wconf 89' lang='lat' dir='ltr'><strong>ad</strong></span> <span class='ocrx_word' id='word_1_649' title='bbox 950 5471 1256 5527; x_wconf 87' lang='lat' dir='ltr'><strong>venandum</strong></span> <span class='ocrx_word' id='word_1_650' title='bbox 1285 5470 1723 5541; x_wconf 89' lang='lat' dir='ltr'><strong>captandumquc</strong></span> <span class='ocrx_word' id='word_1_651' title='bbox 1750 5472 1981 5537; x_wconf 87' lang='lat' dir='ltr'><strong>miserit,</strong></span> 
     </span>
    </p>
   </div>
   <div class='ocr_carea' id='block_1_86' title="bbox 412 5561 1980 5633">
    <p class='ocr_par' dir='ltr' id='par_1_86' title="bbox 412 5561 1980 5633">
     <span class='ocr_line' id='line_1_86' title="bbox 412 5561 1980 5633; baseline 0.001 -17"><span class='ocrx_word' id='word_1_652' title='bbox 412 5572 572 5633; x_wconf 88' lang='lat' dir='ltr'><strong>capta</strong></span> <span class='ocrx_word' id='word_1_653' title='bbox 614 5561 730 5632; x_wconf 88' lang='lat' dir='ltr'><strong>ipsa</strong></span> <span class='ocrx_word' id='word_1_654' title='bbox 756 5571 935 5616; x_wconf 88' lang='lat' dir='ltr'><strong>tamen</strong></span> <span class='ocrx_word' id='word_1_655' title='bbox 963 5564 1147 5633; x_wconf 91' lang='lat' dir='ltr'><strong>potius</strong></span> <span class='ocrx_word' id='word_1_656' title='bbox 1174 5572 1286 5629; x_wconf 86' lang='lat' dir='ltr'><strong>est;</strong></span> <span class='ocrx_word' id='word_1_657' title='bbox 1309 5570 1363 5617; x_wconf 90' lang='lat' dir='ltr'><strong>et</strong></span> <span class='ocrx_word' id='word_1_658' title='bbox 1385 5578 1510 5617; x_wconf 91' lang='lat' dir='ltr'><strong>cum</strong></span> <span class='ocrx_word' id='word_1_659' title='bbox 1536 5561 1602 5615; x_wconf 89' lang='lat' dir='ltr'><strong>ad</strong></span> <span class='ocrx_word' id='word_1_660' title='bbox 1626 5562 1980 5618; x_wconf 87' lang='lat' dir='ltr'><strong>irretiendum</strong></span> 
     </span>
    </p>
   </div>
   <div class='ocr_carea' id='block_1_87' title="bbox 412 5653 1980 5724">
    <p class='ocr_par' dir='ltr' id='par_1_87' title="bbox 412 5653 1980 5724">
     <span class='ocr_line' id='line_1_87' title="bbox 412 5653 1980 5724; baseline 0 -16"><span class='ocrx_word' id='word_1_661' title='bbox 412 5655 647 5717; x_wconf 85' lang='lat' dir='ltr'><strong>venerit,</strong></span> <span class='ocrx_word' id='word_1_662' title='bbox 703 5653 818 5708; x_wconf 86' lang='lat' dir='ltr'><strong>suis</strong></span> <span class='ocrx_word' id='word_1_663' title='bbox 859 5662 943 5708; x_wconf 90' lang='lat' dir='ltr'><strong>est</strong></span> <span class='ocrx_word' id='word_1_664' title='bbox 987 5654 1263 5724; x_wconf 89' lang='lat' dir='ltr'><strong>implicata</strong></span> <span class='ocrx_word' id='word_1_665' title='bbox 1294 5654 1503 5709; x_wconf 90' lang='lat' dir='ltr'><strong>retibus</strong></span> <span class='ocrx_word' id='word_1_666' title='bbox 1537 5673 1548 5708; x_wconf 91' lang='lat'>:</span> <span class='ocrx_word' id='word_1_667' title='bbox 1581 5654 1848 5723; x_wconf 85' lang='lat' dir='ltr'><strong>siquidem</strong></span> <span class='ocrx_word' id='word_1_668' title='bbox 1884 5670 1980 5723; x_wconf 90' lang='lat' dir='ltr'><strong>pu-</strong></span> 
     </span>
    </p>
   </div>
   <div class='ocr_carea' id='block_1_88' title="bbox 412 5744 1979 5811">
    <p class='ocr_par' dir='ltr' id='par_1_88' title="bbox 412 5744 1979 5811">
     <span class='ocr_line' id='line_1_88' title="bbox 412 5744 1979 5811; baseline 0.001 -13"><span class='ocrx_word' id='word_1_669' title='bbox 412 5744 633 5799; x_wconf 85' lang='lat' dir='ltr'><strong>rissima</strong></span> <span class='ocrx_word' id='word_1_670' title='bbox 667 5760 731 5799; x_wconf 78' lang='lat' dir='ltr'><strong>ex</strong></span> <span class='ocrx_word' id='word_1_671' title='bbox 767 5751 961 5800; x_wconf 87' lang='lat' dir='ltr'><strong>natura</strong></span> <span class='ocrx_word' id='word_1_672' title='bbox 994 5744 1234 5800; x_wconf 88' lang='lat' dir='ltr'><strong>derivata</strong></span> <span class='ocrx_word' id='word_1_673' title='bbox 1271 5744 1507 5811; x_wconf 87' lang='lat' dir='ltr'><strong>primum</strong></span> <span class='ocrx_word' id='word_1_674' title='bbox 1532 5747 1587 5801; x_wconf 87' lang='lat' dir='ltr'><strong>in</strong></span> <span class='ocrx_word' id='word_1_675' title='bbox 1608 5745 1821 5801; x_wconf 79' lang='lat' dir='ltr'><strong>vincula</strong></span> <span class='ocrx_word' id='word_1_676' title='bbox 1844 5760 1979 5800; x_wconf 87' lang='lat' dir='ltr'><strong>con-</strong></span> 
     </span>
    </p>
   </div>
   <div class='ocr_carea' id='block_1_89' title="bbox 2091 3199 3676 3274">
    <p class='ocr_par' dir='ltr' id='par_1_89' title="bbox 2091 3199 3676 3274">
     <span class='ocr_line' id='line_1_89' title="bbox 2091 3199 3676 3274; baseline 0.003 -21"><span class='ocrx_word' id='word_1_677' title='bbox 2091 3201 2285 3272; x_wconf 83' lang='grc' dir='ltr'>μηκέτι</span> <span class='ocrx_word' id='word_1_678' title='bbox 2334 3201 2675 3274; x_wconf 73' lang='grc' dir='ltr'>βεόρῶσθαι,</span> <span class='ocrx_word' id='word_1_679' title='bbox 2716 3201 2851 3255; x_wconf 78' lang='grc' dir='ltr'>ἀλλὰ</span> <span class='ocrx_word' id='word_1_680' title='bbox 2899 3199 3387 3273; x_wconf 77' lang='grc' dir='ltr'>ήχμαλωτεῦσθαι·</span> <span class='ocrx_word' id='word_1_681' title='bbox 3430 3203 3564 3256; x_wconf 72' lang='grc' dir='ltr'>ποτε</span> <span class='ocrx_word' id='word_1_682' title='bbox 3614 3203 3676 3257; x_wconf 79' lang='grc' dir='ltr'>δὲ</span> 
     </span>
    </p>
   </div>
   <div class='ocr_carea' id='block_1_90' title="bbox 2086 3292 3677 3365">
    <p class='ocr_par' dir='ltr' id='par_1_90' title="bbox 2086 3292 3677 3365">
     <span class='ocr_line' id='line_1_90' title="bbox 2086 3292 3677 3365; baseline 0.003 -20"><span class='ocrx_word' id='word_1_683' title='bbox 2086 3293 2183 3364; x_wconf 78' lang='grc' dir='ltr'>τὴν</span> <span class='ocrx_word' id='word_1_684' title='bbox 2217 3294 2387 3364; x_wconf 74' lang='grc' dir='ltr'>αὐτὴν</span> <span class='ocrx_word' id='word_1_685' title='bbox 2418 3294 2759 3364; x_wconf 74' lang='grc' dir='ltr'>αἰχμάλωτον</span> <span class='ocrx_word' id='word_1_686' title='bbox 2790 3292 3088 3362; x_wconf 82' lang='grc' dir='ltr'>ληφθεῖσαν</span> <span class='ocrx_word' id='word_1_687' title='bbox 3112 3295 3293 3348; x_wconf 81' lang='grc' dir='ltr'>οὐκέτι</span> <span class='ocrx_word' id='word_1_688' title='bbox 3331 3295 3677 3365; x_wconf 68' lang='grc' dir='ltr'>συνᾳδόντως</span> 
     </span>
    </p>
   </div>
   <div class='ocr_carea' id='block_1_91' title="bbox 2087 3386 3677 3459">
    <p class='ocr_par' dir='ltr' id='par_1_91' title="bbox 2087 3386 3677 3459">
     <span class='ocr_line' id='line_1_91' title="bbox 2087 3386 3677 3459; baseline 0.001 -18"><span class='ocrx_word' id='word_1_689' title='bbox 2087 3388 2254 3457; x_wconf 77' lang='grc' dir='ltr'>λέγει,</span> <span class='ocrx_word' id='word_1_690' title='bbox 2300 3386 2416 3441; x_wconf 85' lang='grc' dir='ltr'>ἀλλ’</span> <span class='ocrx_word' id='word_1_691' title='bbox 2459 3386 2644 3459; x_wconf 70' lang='grc' dir='ltr'>ἕτερον</span> <span class='ocrx_word' id='word_1_692' title='bbox 2675 3386 2875 3457; x_wconf 86' lang='grc' dir='ltr'>τρόπον</span> <span class='ocrx_word' id='word_1_693' title='bbox 2918 3386 3015 3456; x_wconf 81' lang='grc' dir='ltr'>τὴν</span> <span class='ocrx_word' id='word_1_694' title='bbox 3048 3387 3169 3439; x_wconf 86' lang='grc' dir='ltr'>κατ’</span> <span class='ocrx_word' id='word_1_695' title='bbox 3198 3387 3370 3457; x_wconf 81' lang='grc' dir='ltr'>αὐτῆς</span> <span class='ocrx_word' id='word_1_696' title='bbox 3410 3387 3677 3442; x_wconf 75' lang='grc' dir='ltr'>ὑπόθεσιν</span> 
     </span>
    </p>
   </div>
   <div class='ocr_carea' id='block_1_92' title="bbox 2086 3478 3675 3552">
    <p class='ocr_par' dir='ltr' id='par_1_92' title="bbox 2086 3478 3675 3552">
     <span class='ocr_line' id='line_1_92' title="bbox 2086 3478 3675 3552; baseline -0.002 -18"><span class='ocrx_word' id='word_1_697' title='bbox 2086 3482 2373 3552; x_wconf 84' lang='grc' dir='ltr'>διηγεῖται,</span> <span class='ocrx_word' id='word_1_698' title='bbox 2409 3479 2653 3548; x_wconf 83' lang='grc' dir='ltr'>φάσκων,</span> <span class='ocrx_word' id='word_1_699' title='bbox 2699 3478 2774 3541; x_wconf 82' lang='grc' dir='ltr'>ὡς</span> <span class='ocrx_word' id='word_1_700' title='bbox 2804 3478 2997 3549; x_wconf 85' lang='grc' dir='ltr'>δέλεαρ</span> <span class='ocrx_word' id='word_1_701' title='bbox 3023 3480 3191 3550; x_wconf 81' lang='grc' dir='ltr'>αὐτὴν</span> <span class='ocrx_word' id='word_1_702' title='bbox 3224 3478 3449 3549; x_wconf 77' lang='grc' dir='ltr'>ἑκουσίᾳ</span> <span class='ocrx_word' id='word_1_703' title='bbox 3472 3479 3675 3552; x_wconf 79' lang='grc' dir='ltr'>γνώμῃ</span> 
     </span>
    </p>
   </div>
   <div class='ocr_carea' id='block_1_93' title="bbox 2087 3570 3675 3644">
    <p class='ocr_par' dir='ltr' id='par_1_93' title="bbox 2087 3570 3675 3644">
     <span class='ocr_line' id='line_1_93' title="bbox 2087 3570 3675 3644; baseline 0 -17"><span class='ocrx_word' id='word_1_704' title='bbox 2087 3571 2533 3643; x_wconf 71' lang='grc' dir='ltr'>παραῦεᾶλῆσθαι</span> <span class='ocrx_word' id='word_1_705' title='bbox 2570 3571 2673 3624; x_wconf 78' lang='grc' dir='ltr'><strong>ὑπὸ</strong></span> <span class='ocrx_word' id='word_1_706' title='bbox 2701 3572 2800 3640; x_wconf 76' lang='grc' dir='ltr'>τῆς</span> <span class='ocrx_word' id='word_1_707' title='bbox 2828 3570 3032 3624; x_wconf 81' lang='grc' dir='ltr'>ἀνωθεν</span> <span class='ocrx_word' id='word_1_708' title='bbox 3054 3571 3337 3641; x_wconf 82' lang='grc' dir='ltr'>δυνάμεως</span> <span class='ocrx_word' id='word_1_709' title='bbox 3361 3572 3522 3642; x_wconf 85' lang='grc' dir='ltr'>δίκην</span> <span class='ocrx_word' id='word_1_710' title='bbox 3553 3575 3675 3644; x_wconf 83' lang='grc' dir='ltr'>ὲρί-</span> 
     </span>
    </p>
   </div>
   <div class='ocr_carea' id='block_1_94' title="bbox 2087 3662 3672 3735">
    <p class='ocr_par' dir='ltr' id='par_1_94' title="bbox 2087 3662 3672 3735">
     <span class='ocr_line' id='line_1_94' title="bbox 2087 3662 3672 3735; baseline -0.001 -17"><span class='ocrx_word' id='word_1_711' title='bbox 2087 3683 2188 3735; x_wconf 86' lang='grc' dir='ltr'><strong>φου</strong></span> <span class='ocrx_word' id='word_1_712' title='bbox 2224 3670 2280 3719; x_wconf 82' lang='grc' dir='ltr'>ὲν</span> <span class='ocrx_word' id='word_1_713' title='bbox 2312 3664 2490 3735; x_wconf 83' lang='grc' dir='ltr'>βόθρῳ</span> <span class='ocrx_word' id='word_1_714' title='bbox 2528 3662 2846 3734; x_wconf 78' lang='grc' dir='ltr'>βληθέντος,</span> <span class='ocrx_word' id='word_1_715' title='bbox 2878 3665 2957 3726; x_wconf 85' lang='grc' dir='ltr'><strong>είς</strong></span> <span class='ocrx_word' id='word_1_716' title='bbox 2987 3662 3049 3715; x_wconf 83' lang='grc' dir='ltr'>τὸ</span> <span class='ocrx_word' id='word_1_717' title='bbox 3072 3663 3167 3715; x_wconf 81' lang='grc' dir='ltr'>τὸν</span> <span class='ocrx_word' id='word_1_718' title='bbox 3196 3662 3338 3733; x_wconf 80' lang='grc' dir='ltr'>θῆρα</span> <span class='ocrx_word' id='word_1_719' title='bbox 3367 3663 3672 3734; x_wconf 85' lang='grc' dir='ltr'>ἀγρεῦσαι,</span> 
     </span>
    </p>
   </div>
   <div class='ocr_carea' id='block_1_95' title="bbox 2086 3753 3678 3830">
    <p class='ocr_par' dir='ltr' id='par_1_95' title="bbox 2086 3753 3678 3830">
     <span class='ocr_line' id='line_1_95' title="bbox 2086 3753 3678 3830; baseline 0 -19"><span class='ocrx_word' id='word_1_720' title='bbox 2086 3758 2265 3830; x_wconf 74' lang='grc' dir='ltr'>ἐρεθισ</span> <span class='ocrx_word' id='word_1_721' title='bbox 2276 3757 2435 3812; x_wconf 81' lang='grc' dir='ltr'>θέντα</span> <span class='ocrx_word' id='word_1_722' title='bbox 2459 3772 2519 3809; x_wconf 92' lang='grc' dir='ltr'><strong>τε</strong></span> <span class='ocrx_word' id='word_1_723' title='bbox 2547 3754 2641 3809; x_wconf 75' lang='grc' dir='ltr'>καὶ</span> <span class='ocrx_word' id='word_1_724' title='bbox 2668 3753 2993 3809; x_wconf 85' lang='grc' dir='ltr'>κατελθόντα</span> <span class='ocrx_word' id='word_1_725' title='bbox 3014 3754 3106 3807; x_wconf 77' lang='grc' dir='ltr'>τὸν</span> <span class='ocrx_word' id='word_1_726' title='bbox 3131 3754 3318 3826; x_wconf 69' lang='grc' dir='ltr'>ἔριφον</span> <span class='ocrx_word' id='word_1_727' title='bbox 3342 3756 3552 3820; x_wconf 77' lang='grc' dir='ltr'>λαϐεῖν,</span> <span class='ocrx_word' id='word_1_728' title='bbox 3574 3756 3678 3811; x_wconf 81' lang='grc' dir='ltr'>καὶ</span> 
     </span>
    </p>
   </div>
   <div class='ocr_carea' id='block_1_96' title="bbox 2085 3844 3677 3918">
    <p class='ocr_par' dir='ltr' id='par_1_96' title="bbox 2085 3844 3677 3918">
     <span class='ocr_line' id='line_1_96' title="bbox 2085 3844 3677 3918; baseline -0.001 -16"><span class='ocrx_word' id='word_1_729' title='bbox 2085 3849 2248 3903; x_wconf 83' lang='grc' dir='ltr'>αὐτὸν</span> <span class='ocrx_word' id='word_1_730' title='bbox 2294 3849 2389 3901; x_wconf 82' lang='grc' dir='ltr'>τὸν</span> <span class='ocrx_word' id='word_1_731' title='bbox 2434 3846 2578 3918; x_wconf 83' lang='grc' dir='ltr'>θῆρα</span> <span class='ocrx_word' id='word_1_732' title='bbox 2609 3844 2961 3915; x_wconf 85' lang='grc' dir='ltr'>θηρευθῆναι.</span> <span class='ocrx_word' id='word_1_733' title='bbox 3007 3845 3117 3897; x_wconf 74' lang='grc' dir='ltr'><strong>Καὶ</strong></span> <span class='ocrx_word' id='word_1_734' title='bbox 3162 3846 3209 3897; x_wconf 83' lang='grc' dir='ltr'><strong>ει</strong></span> <span class='ocrx_word' id='word_1_735' title='bbox 3260 3846 3359 3912; x_wconf 83' lang='grc' dir='ltr'>μὲν</span> <span class='ocrx_word' id='word_1_736' title='bbox 3398 3846 3503 3916; x_wconf 82' lang='grc' dir='ltr'>τῆς</span> <span class='ocrx_word' id='word_1_737' title='bbox 3537 3846 3677 3912; x_wconf 83' lang='grc' dir='ltr'>ίδίας</span> 
     </span>
    </p>
   </div>
   <div class='ocr_carea' id='block_1_97' title="bbox 2085 3934 3679 4010">
    <p class='ocr_par' dir='ltr' id='par_1_97' title="bbox 2085 3934 3679 4010">
     <span class='ocr_line' id='line_1_97' title="bbox 2085 3934 3679 4010; baseline 0.001 -18"><span class='ocrx_word' id='word_1_738' title='bbox 2085 3939 2364 4010; x_wconf 80' lang='grc' dir='ltr'>δυνάμεως</span> <span class='ocrx_word' id='word_1_739' title='bbox 2404 3938 2496 3991; x_wconf 81' lang='grc' dir='ltr'>τὸν</span> <span class='ocrx_word' id='word_1_740' title='bbox 2532 3936 2718 4007; x_wconf 73' lang='grc' dir='ltr'>ἔριφον</span> <span class='ocrx_word' id='word_1_741' title='bbox 2771 3934 3089 3989; x_wconf 85' lang='grc' dir='ltr'>ἀπέστειλεν</span> <span class='ocrx_word' id='word_1_742' title='bbox 3116 3938 3149 4006; x_wconf 85' lang='grc' dir='ltr'><strong>ή</strong></span> <span class='ocrx_word' id='word_1_743' title='bbox 3183 3936 3299 3990; x_wconf 76' lang='grc' dir='ltr'>ἄνω</span> <span class='ocrx_word' id='word_1_744' title='bbox 3327 3936 3597 4007; x_wconf 86' lang='grc' dir='ltr'>δύναμις,</span> <span class='ocrx_word' id='word_1_745' title='bbox 3647 3940 3679 3994; x_wconf 77' lang='grc' dir='ltr'>ὅ</span> 
     </span>
    </p>
   </div>
   <div class='ocr_carea' id='block_1_98' title="bbox 2085 4027 3676 4099">
    <p class='ocr_par' dir='ltr' id='par_1_98' title="bbox 2085 4027 3676 4099">
     <span class='ocr_line' id='line_1_98' title="bbox 2085 4027 3676 4099; baseline 0.001 -17"><span class='ocrx_word' id='word_1_746' title='bbox 2085 4031 2233 4083; x_wconf 76' lang='grc' dir='ltr'>ἐστιν</span> <span class='ocrx_word' id='word_1_747' title='bbox 2262 4029 2465 4098; x_wconf 82' lang='grc' dir='ltr'>ἀγαθὸς</span> <span class='ocrx_word' id='word_1_748' title='bbox 2495 4028 2647 4092; x_wconf 81' lang='grc' dir='ltr'>Θεὸς,</span> <span class='ocrx_word' id='word_1_749' title='bbox 2695 4028 2729 4099; x_wconf 74' lang='grc' dir='ltr'>ἢ</span> <span class='ocrx_word' id='word_1_750' title='bbox 2773 4027 2835 4081; x_wconf 83' lang='grc' dir='ltr'><strong>τὺ</strong></span> <span class='ocrx_word' id='word_1_751' title='bbox 2879 4028 2996 4097; x_wconf 84' lang='grc' dir='ltr'><strong>φῶς</strong></span> <span class='ocrx_word' id='word_1_752' title='bbox 3017 4069 3033 4093; x_wconf 86' lang='grc'><strong>,</strong></span> <span class='ocrx_word' id='word_1_753' title='bbox 3068 4027 3144 4091; x_wconf 84' lang='grc' dir='ltr'>ὡς</span> <span class='ocrx_word' id='word_1_754' title='bbox 3172 4027 3337 4092; x_wconf 77' lang='grc' dir='ltr'>αὐτὸς</span> <span class='ocrx_word' id='word_1_755' title='bbox 3369 4028 3635 4099; x_wconf 77' lang='grc' dir='ltr'>ὀνομάζει</span> <span class='ocrx_word' id='word_1_756' title='bbox 3658 4072 3676 4098; x_wconf 87' lang='grc'><strong>,</strong></span> 
     </span>
    </p>
   </div>
   <div class='ocr_carea' id='block_1_99' title="bbox 2086 4119 3678 4192">
    <p class='ocr_par' dir='ltr' id='par_1_99' title="bbox 2086 4119 3678 4192">
     <span class='ocr_line' id='line_1_99' title="bbox 2086 4119 3678 4192; baseline -0.002 -16"><span class='ocrx_word' id='word_1_757' title='bbox 2086 4122 2188 4176; x_wconf 79' lang='grc' dir='ltr'><strong>κάν</strong></span> <span class='ocrx_word' id='word_1_758' title='bbox 2227 4140 2287 4175; x_wconf 86' lang='grc' dir='ltr'><strong>τε</strong></span> <span class='ocrx_word' id='word_1_759' title='bbox 2330 4120 2573 4192; x_wconf 80' lang='grc' dir='ltr'>θηρεύσῃ</span> <span class='ocrx_word' id='word_1_760' title='bbox 2614 4120 2706 4174; x_wconf 81' lang='grc' dir='ltr'>τὸν</span> <span class='ocrx_word' id='word_1_761' title='bbox 2738 4119 2919 4191; x_wconf 82' lang='grc' dir='ltr'>θῆρα,</span> <span class='ocrx_word' id='word_1_762' title='bbox 2961 4119 3101 4183; x_wconf 88' lang='grc' dir='ltr'>τέως</span> <span class='ocrx_word' id='word_1_763' title='bbox 3145 4119 3364 4190; x_wconf 83' lang='grc' dir='ltr'>πρῶτος</span> <span class='ocrx_word' id='word_1_764' title='bbox 3413 4120 3443 4172; x_wconf 83' lang='grc' dir='ltr'><strong>ὁ</strong></span> <span class='ocrx_word' id='word_1_765' title='bbox 3483 4120 3678 4191; x_wconf 74' lang='grc' dir='ltr'>ἔριφος</span> 
     </span>
    </p>
   </div>
   <div class='ocr_carea' id='block_1_100' title="bbox 2085 4210 3678 4287">
    <p class='ocr_par' dir='ltr' id='par_1_100' title="bbox 2085 4210 3678 4287">
     <span class='ocr_line' id='line_1_100' title="bbox 2085 4210 3678 4287; baseline -0.008 -19"><span class='ocrx_word' id='word_1_766' title='bbox 2085 4213 2597 4287; x_wconf 76' lang='grc' dir='ltr'>καταδρωθήσεται,</span> <span class='ocrx_word' id='word_1_767' title='bbox 2646 4213 2740 4265; x_wconf 75' lang='grc' dir='ltr'>καὶ</span> <span class='ocrx_word' id='word_1_768' title='bbox 2774 4212 2971 4283; x_wconf 79' lang='grc' dir='ltr'>μᾶλλον</span> <span class='ocrx_word' id='word_1_769' title='bbox 3009 4211 3209 4282; x_wconf 71' lang='grc' dir='ltr'>ἑαυτὴν</span> <span class='ocrx_word' id='word_1_770' title='bbox 3255 4210 3450 4283; x_wconf 79' lang='grc' dir='ltr'>βλάψει</span> <span class='ocrx_word' id='word_1_771' title='bbox 3486 4215 3678 4284; x_wconf 47' lang='grc' dir='ltr'><strong>πάνυ</strong></span> 
     </span>
    </p>
   </div>
   <div class='ocr_carea' id='block_1_101' title="bbox 2084 4303 3679 4378">
    <p class='ocr_par' dir='ltr' id='par_1_101' title="bbox 2084 4303 3679 4378">
     <span class='ocr_line' id='line_1_101' title="bbox 2084 4303 3679 4378; baseline 0.002 -20"><span class='ocrx_word' id='word_1_772' title='bbox 2084 4305 2333 4375; x_wconf 80' lang='grc' dir='ltr'>δύναμις,</span> <span class='ocrx_word' id='word_1_773' title='bbox 2382 4304 2547 4376; x_wconf 78' lang='grc' dir='ltr'>μέρος</span> <span class='ocrx_word' id='word_1_774' title='bbox 2591 4304 2761 4374; x_wconf 79' lang='grc' dir='ltr'>αὐτῆς</span> <span class='ocrx_word' id='word_1_775' title='bbox 2798 4303 3177 4358; x_wconf 63' lang='grc' dir='ltr'>ὑποὸόλλουσα</span> <span class='ocrx_word' id='word_1_776' title='bbox 3214 4308 3299 4368; x_wconf 84' lang='grc' dir='ltr'><strong>είς</strong></span> <span class='ocrx_word' id='word_1_777' title='bbox 3595 4306 3679 4378; x_wconf 78' lang='grc' dir='ltr'>τῷ</span> 
     </span>
    </p>
   </div>
   <div class='ocr_carea' id='block_1_102' title="bbox 2086 4391 3677 4471">
    <p class='ocr_par' dir='ltr' id='par_1_102' title="bbox 2086 4391 3677 4471">
     <span class='ocr_line' id='line_1_102' title="bbox 2086 4391 3677 4471; baseline 0.003 -21"><span class='ocrx_word' id='word_1_778' title='bbox 2086 4397 2233 4468; x_wconf 72' lang='grc' dir='ltr'>θηρὶ,</span> <span class='ocrx_word' id='word_1_779' title='bbox 2268 4398 2355 4449; x_wconf 85' lang='grc' dir='ltr'>ἵνα</span> <span class='ocrx_word' id='word_1_780' title='bbox 2395 4396 2462 4449; x_wconf 80' lang='grc' dir='ltr'>δι’</span> <span class='ocrx_word' id='word_1_781' title='bbox 2488 4391 2549 4451; x_wconf 75' lang='grc' dir='ltr'><strong>οῦ</strong></span> <span class='ocrx_word' id='word_1_782' title='bbox 2581 4396 2781 4468; x_wconf 80' lang='grc' dir='ltr'>μέρους</span> <span class='ocrx_word' id='word_1_783' title='bbox 2826 4398 2963 4467; x_wconf 79' lang='grc' dir='ltr'>αὑτὴ</span> <span class='ocrx_word' id='word_1_784' title='bbox 3008 4397 3352 4471; x_wconf 79' lang='grc' dir='ltr'>ζημιουμένη</span> <span class='ocrx_word' id='word_1_785' title='bbox 3402 4398 3534 4471; x_wconf 76' lang='grc' dir='ltr'>δόξῃ</span> <span class='ocrx_word' id='word_1_786' title='bbox 3579 4400 3677 4454; x_wconf 73' lang='grc' dir='ltr'>τὸν</span> 
     </span>
    </p>
   </div>
   <div class='ocr_carea' id='block_1_103' title="bbox 2084 4500 3674 4577">
    <p class='ocr_par' dir='ltr' id='par_1_103' title="bbox 2084 4500 3674 4577">
     <span class='ocr_line' id='line_1_103' title="bbox 2084 4500 3674 4577; baseline 0.003 -24"><span class='ocrx_word' id='word_1_787' title='bbox 2084 4500 2229 4574; x_wconf 81' lang='grc' dir='ltr'>θῆρα</span> <span class='ocrx_word' id='word_1_788' title='bbox 2266 4501 2560 4573; x_wconf 90' lang='grc' dir='ltr'>θηρεῦσαι,</span> <span class='ocrx_word' id='word_1_789' title='bbox 2588 4502 2682 4554; x_wconf 76' lang='grc' dir='ltr'><strong>καὶ</strong></span> <span class='ocrx_word' id='word_1_790' title='bbox 2711 4503 2895 4556; x_wconf 84' lang='grc' dir='ltr'>οὐκέτι</span> <span class='ocrx_word' id='word_1_791' title='bbox 2923 4503 3023 4556; x_wconf 75' lang='grc' dir='ltr'>οὐκ</span> <span class='ocrx_word' id='word_1_792' title='bbox 3064 4503 3342 4573; x_wconf 75' lang='grc' dir='ltr'>ἰσχύουσα,</span> <span class='ocrx_word' id='word_1_793' title='bbox 3368 4506 3462 4557; x_wconf 77' lang='grc' dir='ltr'>καὶ</span> <span class='ocrx_word' id='word_1_794' title='bbox 3500 4506 3674 4577; x_wconf 78' lang='grc' dir='ltr'>ὑπερ-</span> 
     </span>
    </p>
   </div>
   <div class='ocr_carea' id='block_1_104' title="bbox 2084 4592 3671 4666">
    <p class='ocr_par' dir='ltr' id='par_1_104' title="bbox 2084 4592 3671 4666">
     <span class='ocr_line' id='line_1_104' title="bbox 2084 4592 3671 4666; baseline 0.001 -20"><span class='ocrx_word' id='word_1_795' title='bbox 2084 4594 2241 4663; x_wconf 86' lang='grc' dir='ltr'>τάτη,</span> <span class='ocrx_word' id='word_1_796' title='bbox 2270 4594 2364 4645; x_wconf 76' lang='grc' dir='ltr'>καὶ</span> <span class='ocrx_word' id='word_1_797' title='bbox 2393 4592 2613 4662; x_wconf 80' lang='grc' dir='ltr'>δυνατὴ,</span> <span class='ocrx_word' id='word_1_798' title='bbox 2637 4592 2778 4663; x_wconf 83' lang='grc' dir='ltr'>λόγῳ</span> <span class='ocrx_word' id='word_1_799' title='bbox 2805 4593 2837 4663; x_wconf 83' lang='grc' dir='ltr'>ἢ</span> <span class='ocrx_word' id='word_1_800' title='bbox 2872 4593 3138 4663; x_wconf 88' lang='grc' dir='ltr'>θελήματι</span> <span class='ocrx_word' id='word_1_801' title='bbox 3164 4594 3257 4646; x_wconf 81' lang='grc' dir='ltr'>τὸν</span> <span class='ocrx_word' id='word_1_802' title='bbox 3287 4595 3431 4666; x_wconf 83' lang='grc' dir='ltr'>θῆρα</span> <span class='ocrx_word' id='word_1_803' title='bbox 3467 4593 3671 4665; x_wconf 74' lang='grc' dir='ltr'>χειρώ-</span> 
     </span>
    </p>
   </div>
   <div class='ocr_carea' id='block_1_105' title="bbox 2086 4683 3676 4757">
    <p class='ocr_par' dir='ltr' id='par_1_105' title="bbox 2086 4683 3676 4757">
     <span class='ocr_line' id='line_1_105' title="bbox 2086 4683 3676 4757; baseline 0.003 -22"><span class='ocrx_word' id='word_1_804' title='bbox 2086 4701 2273 4753; x_wconf 72' lang='grc' dir='ltr'><strong>σηιιται⁸</strong></span> <span class='ocrx_word' id='word_1_805' title='bbox 2319 4683 2451 4737; x_wconf 88' lang='grc' dir='ltr'><strong>ἀλλά</strong></span> <span class='ocrx_word' id='word_1_806' title='bbox 2509 4687 2817 4755; x_wconf 75' lang='grc' dir='ltr'>μηχανᾶται</span> <span class='ocrx_word' id='word_1_807' title='bbox 2861 4685 3239 4756; x_wconf 83' lang='grc' dir='ltr'>πολυτρόπως,</span> <span class='ocrx_word' id='word_1_808' title='bbox 3295 4687 3391 4739; x_wconf 71' lang='grc' dir='ltr'><strong>καὶ</strong></span> <span class='ocrx_word' id='word_1_809' title='bbox 3437 4704 3676 4757; x_wconf 83' lang='grc' dir='ltr'>πανουρ-</span> 
     </span>
    </p>
   </div>
   <div class='ocr_carea' id='block_1_106' title="bbox 2083 4775 3675 4849">
    <p class='ocr_par' dir='ltr' id='par_1_106' title="bbox 2083 4775 3675 4849">
     <span class='ocr_line' id='line_1_106' title="bbox 2083 4775 3675 4849; baseline 0.002 -22"><span class='ocrx_word' id='word_1_810' title='bbox 2083 4776 2321 4843; x_wconf 80' lang='grc' dir='ltr'>γεύεται,</span> <span class='ocrx_word' id='word_1_811' title='bbox 2354 4777 2440 4828; x_wconf 86' lang='grc' dir='ltr'><strong>ἴνα</strong></span> <span class='ocrx_word' id='word_1_812' title='bbox 2465 4775 2665 4845; x_wconf 82' lang='grc' dir='ltr'>δυνηθῇ</span> <span class='ocrx_word' id='word_1_813' title='bbox 2693 4776 2785 4829; x_wconf 88' lang='grc' dir='ltr'><strong>τοῦ</strong></span> <span class='ocrx_word' id='word_1_814' title='bbox 2818 4777 2988 4847; x_wconf 80' lang='grc' dir='ltr'>θηρὸς</span> <span class='ocrx_word' id='word_1_815' title='bbox 3015 4777 3427 4849; x_wconf 82' lang='grc' dir='ltr'>περιγενέσθαι.</span> <span class='ocrx_word' id='word_1_816' title='bbox 3468 4778 3587 4832; x_wconf 76' lang='grc' dir='ltr'><strong>Καὶ</strong></span> <span class='ocrx_word' id='word_1_817' title='bbox 3625 4780 3675 4831; x_wconf 84' lang='grc' dir='ltr'>ει</span> 
     </span>
    </p>
   </div>
   <div class='ocr_carea' id='block_1_107' title="bbox 2082 4867 3669 4942">
    <p class='ocr_par' dir='ltr' id='par_1_107' title="bbox 2082 4867 3669 4942">
     <span class='ocr_line' id='line_1_107' title="bbox 2082 4867 3669 4942; baseline 0.001 -20"><span class='ocrx_word' id='word_1_818' title='bbox 2082 4869 2219 4931; x_wconf 81' lang='grc' dir='ltr'>ὅλως</span> <span class='ocrx_word' id='word_1_819' title='bbox 2268 4868 2555 4937; x_wconf 81' lang='grc' dir='ltr'>θηρευθείη</span> <span class='ocrx_word' id='word_1_820' title='bbox 2609 4870 2637 4920; x_wconf 87' lang='grc' dir='ltr'><strong>ὁ</strong></span> <span class='ocrx_word' id='word_1_821' title='bbox 2682 4867 2783 4939; x_wconf 82' lang='grc' dir='ltr'>θὴρ</span> <span class='ocrx_word' id='word_1_822' title='bbox 2827 4868 2925 4941; x_wconf 75' lang='grc' dir='ltr'><strong>ήδη</strong></span> <span class='ocrx_word' id='word_1_823' title='bbox 2966 4870 3074 4923; x_wconf 83' lang='grc' dir='ltr'>ἀπὸ</span> <span class='ocrx_word' id='word_1_824' title='bbox 3124 4868 3219 4922; x_wconf 90' lang='grc' dir='ltr'><strong>τοῦ</strong></span> <span class='ocrx_word' id='word_1_825' title='bbox 3274 4869 3411 4924; x_wconf 78' lang='grc' dir='ltr'>ἰδίου</span> <span class='ocrx_word' id='word_1_826' title='bbox 3444 4871 3669 4942; x_wconf 66' lang='grc' dir='ltr'>μέρους,</span> 
     </span>
    </p>
   </div>
   <div class='ocr_carea' id='block_1_108' title="bbox 2083 4959 3674 5033">
    <p class='ocr_par' dir='ltr' id='par_1_108' title="bbox 2083 4959 3674 5033">
     <span class='ocr_line' id='line_1_108' title="bbox 2083 4959 3674 5033; baseline 0 -19"><span class='ocrx_word' id='word_1_827' title='bbox 2083 4961 2387 5015; x_wconf 77' lang='grc' dir='ltr'>ἀπεϐάλετο</span> <span class='ocrx_word' id='word_1_828' title='bbox 2418 4959 2508 5011; x_wconf 78' lang='grc' dir='ltr'>τὸν</span> <span class='ocrx_word' id='word_1_829' title='bbox 2542 4960 2729 5031; x_wconf 76' lang='grc' dir='ltr'>ἔριφον</span> <span class='ocrx_word' id='word_1_830' title='bbox 2761 4962 2852 5013; x_wconf 82' lang='grc' dir='ltr'>τὸν</span> <span class='ocrx_word' id='word_1_831' title='bbox 2899 4960 3266 5033; x_wconf 79' lang='grc' dir='ltr'>βεϐρωμένον,</span> <span class='ocrx_word' id='word_1_832' title='bbox 3292 4961 3395 5014; x_wconf 73' lang='grc' dir='ltr'>κᾶν</span> <span class='ocrx_word' id='word_1_833' title='bbox 3432 4978 3492 5013; x_wconf 86' lang='grc' dir='ltr'><strong>τε</strong></span> <span class='ocrx_word' id='word_1_834' title='bbox 3533 4962 3674 5026; x_wconf 83' lang='grc' dir='ltr'>ὅλως</span> 
     </span>
    </p>
   </div>
   <div class='ocr_carea' id='block_1_109' title="bbox 2082 5051 3672 5125">
    <p class='ocr_par' dir='ltr' id='par_1_109' title="bbox 2082 5051 3672 5125">
     <span class='ocr_line' id='line_1_109' title="bbox 2082 5051 3672 5125; baseline 0.001 -19"><span class='ocrx_word' id='word_1_835' title='bbox 2082 5052 2332 5125; x_wconf 82' lang='grc' dir='ltr'>δυνηθείη</span> <span class='ocrx_word' id='word_1_836' title='bbox 2381 5052 2663 5124; x_wconf 86' lang='grc' dir='ltr'>θηρεῦσαι.</span> <span class='ocrx_word' id='word_1_837' title='bbox 2714 5051 2777 5105; x_wconf 81' lang='grc' dir='ltr'><strong>Εἰ</strong></span> <span class='ocrx_word' id='word_1_838' title='bbox 2824 5054 2932 5124; x_wconf 81' lang='grc' dir='ltr'><strong>γὰρ</strong></span> <span class='ocrx_word' id='word_1_839' title='bbox 2974 5054 3073 5125; x_wconf 85' lang='grc' dir='ltr'><strong>τὴν</strong></span> <span class='ocrx_word' id='word_1_840' title='bbox 3117 5053 3297 5125; x_wconf 75' lang='grc' dir='ltr'>ψυχὴν</span> <span class='ocrx_word' id='word_1_841' title='bbox 3343 5053 3672 5107; x_wconf 77' lang='grc' dir='ltr'>ἀπέστειλεν</span> 
     </span>
    </p>
   </div>
   <div class='ocr_carea' id='block_1_110' title="bbox 2084 5143 3673 5217">
    <p class='ocr_par' dir='ltr' id='par_1_110' title="bbox 2084 5143 3673 5217">
     <span class='ocr_line' id='line_1_110' title="bbox 2084 5143 3673 5217; baseline -0.001 -19"><span class='ocrx_word' id='word_1_842' title='bbox 2084 5145 2374 5215; x_wconf 76' lang='grc' dir='ltr'>ἐνταῦθαή</span> <span class='ocrx_word' id='word_1_843' title='bbox 2404 5145 2516 5199; x_wconf 79' lang='grc' dir='ltr'><strong>ἀνω</strong></span> <span class='ocrx_word' id='word_1_844' title='bbox 2552 5143 2800 5214; x_wconf 75' lang='grc' dir='ltr'>δύναμις,</span> <span class='ocrx_word' id='word_1_845' title='bbox 2854 5146 2940 5197; x_wconf 80' lang='grc' dir='ltr'>ἵνα</span> <span class='ocrx_word' id='word_1_846' title='bbox 2979 5145 3067 5199; x_wconf 89' lang='grc' dir='ltr'><strong>διά</strong></span> <span class='ocrx_word' id='word_1_847' title='bbox 3092 5145 3194 5214; x_wconf 78' lang='grc' dir='ltr'>τῆς</span> <span class='ocrx_word' id='word_1_848' title='bbox 3239 5144 3422 5215; x_wconf 73' lang='grc' dir='ltr'>ψυχῆς</span> <span class='ocrx_word' id='word_1_849' title='bbox 3458 5146 3673 5217; x_wconf 79' lang='grc' dir='ltr'>πεδήσῃ</span> 
     </span>
    </p>
   </div>
   <div class='ocr_carea' id='block_1_111' title="bbox 2083 5234 3663 5308">
    <p class='ocr_par' dir='ltr' id='par_1_111' title="bbox 2083 5234 3663 5308">
     <span class='ocr_line' id='line_1_111' title="bbox 2083 5234 3663 5308; baseline -0.001 -18"><span class='ocrx_word' id='word_1_850' title='bbox 2083 5238 2181 5302; x_wconf 75' lang='grc' dir='ltr'>τὰς</span> <span class='ocrx_word' id='word_1_851' title='bbox 2214 5235 2407 5307; x_wconf 75' lang='grc' dir='ltr'>ἀρχὰς,</span> <span class='ocrx_word' id='word_1_852' title='bbox 2437 5237 2530 5289; x_wconf 73' lang='grc' dir='ltr'>καὶ</span> <span class='ocrx_word' id='word_1_853' title='bbox 2562 5234 2658 5299; x_wconf 74' lang='grc' dir='ltr'><strong>τὰς</strong></span> <span class='ocrx_word' id='word_1_854' title='bbox 2684 5235 2930 5299; x_wconf 78' lang='grc' dir='ltr'>ἐξουσίας</span> <span class='ocrx_word' id='word_1_855' title='bbox 2964 5235 3274 5307; x_wconf 85' lang='grc' dir='ltr'>θηρεύουσα</span> <span class='ocrx_word' id='word_1_856' title='bbox 3295 5276 3309 5299; x_wconf 86' lang='grc'><strong>,</strong></span> <span class='ocrx_word' id='word_1_857' title='bbox 3338 5237 3442 5289; x_wconf 80' lang='grc' dir='ltr'>οὐκ</span> <span class='ocrx_word' id='word_1_858' title='bbox 3477 5236 3663 5308; x_wconf 75' lang='grc' dir='ltr'>ἀπέϐη</span> 
     </span>
    </p>
   </div>
   <div class='ocr_carea' id='block_1_112' title="bbox 2085 5332 3673 5414">
    <p class='ocr_par' dir='ltr' id='par_1_112' title="bbox 2085 5332 3673 5414">
     <span class='ocr_line' id='line_1_112' title="bbox 2085 5332 3673 5414; baseline 0 -19"><span class='ocrx_word' id='word_1_859' title='bbox 2085 5332 2113 5394; x_wconf 75' lang='grc' dir='ltr'><em>ὃ</em></span> <span class='ocrx_word' id='word_1_860' title='bbox 2147 5342 2347 5405; x_wconf 81' lang='grc' dir='ltr'>σκοπὸς</span> <span class='ocrx_word' id='word_1_861' title='bbox 2386 5342 2451 5411; x_wconf 80' lang='grc' dir='ltr'><strong>τῇ</strong></span> <span class='ocrx_word' id='word_1_862' title='bbox 2496 5340 2638 5393; x_wconf 71' lang='grc' dir='ltr'>οὕτω</span> <span class='ocrx_word' id='word_1_863' title='bbox 2684 5341 3105 5413; x_wconf 73' lang='grc' dir='ltr'>βουλευσαμένη.</span> <span class='ocrx_word' id='word_1_864' title='bbox 3139 5341 3260 5395; x_wconf 78' lang='grc' dir='ltr'><strong>Κάν</strong></span> <span class='ocrx_word' id='word_1_865' title='bbox 3304 5359 3365 5395; x_wconf 85' lang='grc' dir='ltr'><strong>τε</strong></span> <span class='ocrx_word' id='word_1_866' title='bbox 3407 5342 3521 5414; x_wconf 76' lang='grc' dir='ltr'><strong>γὰρ</strong></span> <span class='ocrx_word' id='word_1_867' title='bbox 3568 5343 3673 5395; x_wconf 83' lang='grc' dir='ltr'>ἀπ-</span> 
     </span>
    </p>
   </div>
   <div class='ocr_carea' id='block_1_113' title="bbox 2085 5432 3675 5506">
    <p class='ocr_par' dir='ltr' id='par_1_113' title="bbox 2085 5432 3675 5506">
     <span class='ocr_line' id='line_1_113' title="bbox 2085 5432 3675 5506; baseline 0.001 -19"><span class='ocrx_word' id='word_1_868' title='bbox 2085 5434 2291 5487; x_wconf 82' lang='grc' dir='ltr'>έστειλε</span> <span class='ocrx_word' id='word_1_869' title='bbox 2333 5432 2431 5503; x_wconf 81' lang='grc' dir='ltr'>τὴν</span> <span class='ocrx_word' id='word_1_870' title='bbox 2464 5432 2642 5504; x_wconf 71' lang='grc' dir='ltr'>ψυχὴν</span> <span class='ocrx_word' id='word_1_871' title='bbox 2694 5433 2980 5505; x_wconf 75' lang='grc' dir='ltr'>θηρεῦσαι,</span> <span class='ocrx_word' id='word_1_872' title='bbox 3028 5434 3379 5505; x_wconf 87' lang='grc' dir='ltr'>τεθήρευται,</span> <span class='ocrx_word' id='word_1_873' title='bbox 3426 5436 3461 5506; x_wconf 78' lang='grc' dir='ltr'>ἢ</span> <span class='ocrx_word' id='word_1_874' title='bbox 3515 5451 3675 5504; x_wconf 83' lang='grc' dir='ltr'>παγι-</span> 
     </span>
    </p>
   </div>
   <div class='ocr_carea' id='block_1_114' title="bbox 2082 5538 3674 5613">
    <p class='ocr_par' dir='ltr' id='par_1_114' title="bbox 2082 5538 3674 5613">
     <span class='ocr_line' id='line_1_114' title="bbox 2082 5538 3674 5613; baseline 0.001 -20"><span class='ocrx_word' id='word_1_875' title='bbox 2082 5538 2309 5603; x_wconf 80' lang='grc' dir='ltr'>δεῦσαι,</span> <span class='ocrx_word' id='word_1_876' title='bbox 2368 5540 2794 5607; x_wconf 81' lang='grc' dir='ltr'>πεπαγίδευται,</span> <span class='ocrx_word' id='word_1_877' title='bbox 2847 5539 3079 5594; x_wconf 72' lang='grc' dir='ltr'>ἐλθοῦσα</span> <span class='ocrx_word' id='word_1_878' title='bbox 3127 5540 3236 5594; x_wconf 80' lang='grc' dir='ltr'>ἀπὸ</span> <span class='ocrx_word' id='word_1_879' title='bbox 3282 5540 3537 5613; x_wconf 79' lang='grc' dir='ltr'>καθαρᾶς</span> <span class='ocrx_word' id='word_1_880' title='bbox 3580 5542 3674 5612; x_wconf 81' lang='grc' dir='ltr'><strong>φύ-</strong></span> 
     </span>
    </p>
   </div>
   <div class='ocr_carea' id='block_1_115' title="bbox 2090 5641 3675 5717">
    <p class='ocr_par' dir='ltr' id='par_1_115' title="bbox 2090 5641 3675 5717">
     <span class='ocr_line' id='line_1_115' title="bbox 2090 5641 3675 5717; baseline 0.004 -22"><span class='ocrx_word' id='word_1_881' title='bbox 2090 5659 2252 5705; x_wconf 87' lang='grc' dir='ltr'>σεως,</span> <span class='ocrx_word' id='word_1_882' title='bbox 2287 5641 2380 5694; x_wconf 77' lang='grc' dir='ltr'><strong>καὶ</strong></span> <span class='ocrx_word' id='word_1_883' title='bbox 2410 5642 2755 5696; x_wconf 85' lang='grc' dir='ltr'>ὑποπεσοῦσα</span> <span class='ocrx_word' id='word_1_884' title='bbox 2801 5644 3020 5713; x_wconf 80' lang='grc' dir='ltr'>πρῶτον</span> <span class='ocrx_word' id='word_1_885' title='bbox 3054 5645 3153 5714; x_wconf 83' lang='grc' dir='ltr'>μὲν</span> <span class='ocrx_word' id='word_1_886' title='bbox 3188 5644 3376 5716; x_wconf 81' lang='grc' dir='ltr'>δεσμῷ</span> <span class='ocrx_word' id='word_1_887' title='bbox 3414 5645 3675 5717; x_wconf 83' lang='grc' dir='ltr'>σώματος</span> 
     </span>
    </p>
   </div>
   <div class='ocr_carea' id='block_1_116' title="bbox 2086 5740 3675 5818">
    <p class='ocr_par' dir='ltr' id='par_1_116' title="bbox 2086 5740 3675 5818">
     <span class='ocr_line' id='line_1_116' title="bbox 2086 5740 3675 5818; baseline 0.002 -21"><span class='ocrx_word' id='word_1_888' title='bbox 2086 5744 2183 5815; x_wconf 80' lang='grc' dir='ltr'><strong>τῆς</strong></span> <span class='ocrx_word' id='word_1_889' title='bbox 2214 5743 2383 5815; x_wconf 79' lang='grc' dir='ltr'>ὕλης,</span> <span class='ocrx_word' id='word_1_890' title='bbox 2437 5740 2553 5797; x_wconf 74' lang='grc' dir='ltr'>εἶτα</span> <span class='ocrx_word' id='word_1_891' title='bbox 2597 5742 2653 5796; x_wconf 74' lang='grc' dir='ltr'>δὲ</span> <span class='ocrx_word' id='word_1_892' title='bbox 2708 5745 2798 5797; x_wconf 71' lang='grc' dir='ltr'>καὶ</span> <span class='ocrx_word' id='word_1_893' title='bbox 2841 5745 3063 5808; x_wconf 78' lang='grc' dir='ltr'>πολλαῖς</span> <span class='ocrx_word' id='word_1_894' title='bbox 3111 5747 3220 5799; x_wconf 84' lang='grc' dir='ltr'>τῶν</span> <span class='ocrx_word' id='word_1_895' title='bbox 3250 5748 3675 5818; x_wconf 77' lang='grc' dir='ltr'>ἁμαρτημάτων</span> 
     </span>
    </p>
   </div>
  </div>
