3850 6204
240 255 314 312 97
840 255 1208 313 ADVERSUS
1246 255 1590 314 IIIERESES
1629 257 1756 316 LIB.
1797 257 1860 314 ll.
1906 255 2070 317 TOM.
2115 261 2178 318 ll.
2220 293 2286 304 —
2328 263 2600 324 lI/ERES.
2640 267 2826 324 LXVI.
3421 275 3491 332 98

242 363 515 429 ἀτοπίαις.
544 367 654 420 Καὶ
697 367 1030 437 πανταχόθεν
1071 367 1350 422 διαπίπτει
1399 370 1428 420 ό
1472 368 1566 423 τοῦ
1610 369 1812 423 πλάνου

1928 372 2050 426 creti
2079 386 2206 428 cum
2241 376 2466 431 materia
2510 379 2758 449 corporis
2788 379 3014 447 incidit;
3049 389 3164 438 tum
3195 385 3382 442 multis
3408 397 3490 441 est

241 458 422 527 λόγος,
451 460 546 512 καὶ
567 461 600 529 ἠ
635 459 730 513 τοῦ
758 458 1038 531 ἀλιτηρίου
1065 459 1401 515 διδασκαλία.

313 726 450 780 ME’.
490 723 626 796 Φέρε
661 725 725 796 δὴ
771 726 970 796 ἴδωμεν
1015 725 1110 779 καὶ
1160 725 1290 796 περὶ
1327 724 1428 794 τῆς
1477 724 1684 796 μητρὸς
1718 724 1816 795 τῆς

243 813 413 888 ζωῆς,
460 813 528 889 ἧς
561 817 760 886 φάσκει
799 817 1082 888 δυνάμεως
1115 815 1552 888 προϐεϐλῆσθαι’
1601 817 1694 870 καὶ
1719 817 1818 870 αὑ-

241 911 344 980 τὴν
371 910 428 964 δὲ
453 909 550 980 τὴν
580 909 791 982 μητέρα
826 910 928 980 τῆς
969 909 1115 978 ζωῆς
1142 909 1232 963 τόν
1257 926 1316 962 τε
1360 909 1575 979 πρῶτον
1607 909 1818 981 ἄνθρω-

245 1018 348 1055 πον
377 1001 443 1055 τά
465 1001 626 1055 πέντε
654 1003 916 1071 στοιχεῖα,
944 1000 1102 1056 ἅτινά
1125 1003 1294 1064 ἐστιν,
1322 1001 1398 1065 ὡς
1422 1004 1628 1065 ἐκεῖνος
1647 1002 1815 1070 λέγει,

244 1091 466 1162 ἄνεμος,
492 1092 628 1160 φῶς,
666 1090 832 1163 ὕδωρ,
859 1091 971 1163 πῦρ
1022 1093 1116 1146 καὶ
1146 1091 1265 1164 ὕλη.
1295 1093 1478 1146 Ταῦτα
1511 1093 1566 1146 δὲ
1599 1091 1821 1148 ἐνδυσά-

247 1201 412 1253 μενον
457 1183 650 1248 αὑτὸν,
700 1183 776 1246 ὡς
821 1183 958 1255 πρὸς
1015 1183 1357 1256 κατασκευὴν
1405 1185 1640 1256 πολέμου
1684 1201 1819 1239 κατ-

245 1269 421 1323 ελθεῖν
447 1269 616 1334 κάτω,
653 1271 745 1324 καὶ
776 1271 1090 1344 πολεμῆσαι
1115 1272 1194 1344 τῷ
1229 1273 1431 1327 σκότει.
1468 1276 1531 1327 Ut
1576 1274 1681 1344 γὰρ
1721 1275 1816 1330 τοῦ

247 1362 474 1426 σκότους
507 1362 785 1435 ἄρχοντες,
814 1363 1178 1434 πολεμοῦντες
1199 1363 1373 1434 αὑτῷ,
1404 1365 1607 1435 ἔφαγον
1632 1368 1696 1420 ἐκ
1719 1370 1820 1438 τῆς

247 1453 552 1517 πανοπλίας
583 1453 769 1518 αὑτοῦ,
806 1453 834 1507 ὃ
869 1456 1016 1508 ἐστιν
1044 1456 1078 1526 ἡ
1101 1456 1266 1526 ψυχή.
1294 1457 1359 1509 Ὠ
1388 1457 1625 1527 ἀγύρτου
1657 1475 1820 1530 μιμο·

243 1545 467 1613 λογίαςί
504 1546 553 1599 ὣ
580 1545 776 1618 χλεύης
802 1549 1190 1602 άσυνεικάστου
1220 1550 1316 1602 καὶ⁵
1337 1550 1656 1617 γελοιώδους
1687 1552 1820 1604 ὑπο-

245 1637 481 1703 θέσεωςὶ
523 1639 604 1692 Τὰ
637 1639 890 1711 ἐπίχειρα
909 1640 924 1671 ¹
961 1639 1293 1710 πανταχόθεν
1323 1641 1621 1713 ἀδυναμίαν
1653 1661 1820 1716 προσ-

1923 470 2271 532 peccatorum
2301 465 2666 525 incommodis
2695 471 2978 526 obstricta.
3002 472 3360 539 Quamobrem
3384 478 3492 533 hae-

1921 555 2077 611 retici
2114 556 2262 614 illius
2291 565 2457 629 atque
2487 562 2810 618 exsecrandi
2861 562 3100 620 hominis
3151 575 3257 620 tam
3291 569 3489 634 oratio,

1921 661 2084 717 quam
2113 647 2358 706 doctrina
2392 653 2540 707 omni
2570 669 2634 708 ex
2671 663 2824 722 parte
2855 654 3138 723 refellitur.

1993 735 2152 792 XLV.
2189 739 2304 810 Age
2330 756 2479 795 nunc
2532 756 2757 799 matrem
2803 744 2952 798 illam
3011 746 3134 800 vitae
3186 747 3490 812 videamus,

1923 842 2086 895 quam
2124 829 2194 884 ab
2237 831 2438 888 virtute
2463 835 2785 903 productam
2823 835 2990 908 658
3027 837 3281 902 aﬂlrmat,
3340 855 3492 894 eam-

1923 917 2156 990 demque
2186 936 2310 977 cunt
2341 925 2520 994 primo
2553 927 2772 982 homine
2808 929 3050 998 quinque
3081 931 3346 986 elementa
3374 949 3494 1003 pro-

1925 1025 2166 1078 creasse,
2202 1029 2324 1084 quae
2365 1025 2494 1071 sunt
2538 1033 2602 1073 ex
2645 1019 2794 1075 illius
2821 1020 3098 1090 opinione,
3131 1030 3347 1088 ventus,
3375 1025 3489 1088 lux,

1924 1119 2088 1176 aqua,
2141 1107 2285 1178 ignis
2335 1117 2390 1164 et
2422 1111 2669 1166 materia.
2707 1109 2915 1178 Quibus
2952 1114 3174 1170 indutus
3205 1115 3314 1178 ille,
3347 1117 3495 1170 velut

1926 1195 1995 1249 ad
2048 1199 2477 1268 comparandum
2537 1200 2736 1254 bellum
2808 1202 2864 1255 in
2904 1201 3165 1257 inferiora
3214 1201 3492 1271 delapsus,

1925 1300 2051 1339 cum
2100 1287 2343 1342 tenebris
2402 1303 2733 1359 congressus
2795 1299 2900 1344 est.
2953 1290 3086 1345 Nam
3143 1293 3492 1346 tenebrarum

1926 1375 2225 1444 principes,
2267 1390 2392 1430 cum
2425 1391 2490 1434 eo
2533 1377 2890 1448 conﬂigentes
2935 1394 3000 1434 ex
3043 1379 3163 1449 ejus
3193 1388 3491 1444 armatura,

1925 1479 2048 1533 qua:
2071 1465 2250 1518 anima
2272 1472 2379 1527 est,
2417 1465 2665 1518 nonnihil
2691 1466 3008 1520 adederunt.
3040 1467 3084 1522 Ο
3113 1469 3363 1524 inimicas
3385 1471 3493 1524 cir-

1926 1554 2193 1610 culatoris
2223 1555 2488 1623 ineptias!
2519 1570 2552 1610 ο
2587 1554 2824 1609 fabulam
2852 1557 2966 1612 risu
2989 1560 3136 1612 omni
3166 1573 3230 1612 ac
3260 1559 3494 1613 ludibrio

1925 1645 2177 1717 dignam!
2212 1643 2428 1716 Ubique
2481 1645 2669 1700 divino
2715 1646 2928 1701 numini
2961 1648 3383 1704 imbecillitatem
3414 1648 3496 1701 af-

244 1732 410 1786 ἅπτει
467 1730 546 1802 τῷ
591 1730 747 1802 Θεῷ,
794 1732 1130 1803 πανταχόθεν
1184 1734 1407 1803 ἄγνοιαν
1460 1735 1698 1806 ὁρίζεται
1748 1736 1823 1809 τῷ

1928 1738 2100 1808 lingit,
2161 1753 2398 1808 cumque
2449 1739 2543 1807 qui
2589 1739 2740 1793 novit
2772 1739 2956 1793 omnia
2993 1754 3205 1795 summa
3254 1741 3495 1812 undique

246 1825 428 1879 πάντα
454 1824 772 1893 γινώσκοντι
794 1823 932 1896 Θεῷ.
963 1825 1021 1878 Ὁ
1041 1825 1152 1896 γὰρ
1182 1826 1465 1898 προϐαλὼν
1490 1828 1589 1899 τὴν
1611 1829 1823 1901 μητέρα

243 1921 349 1990 τῆς
391 1915 557 1987 ζωῆς,
611 1916 752 1970 κατὰ
791 1917 881 1971 τὸν
920 1915 1085 1970 αὑτοῦ
1130 1916 1308 1986 λόγον,
1357 1919 1391 1990 ἢ
1433 1917 1516 1971 ὃτι
1553 1918 1822 1986 ἀγνωσίαν

245 2003 384 2080 εἶχε,
431 2007 554 2063 τίνα
596 2009 666 2063 τὰ
707 2008 816 2063 ἀπὸ
856 2009 956 2079 τῆς
991 2009 1194 2081 μητρὸς
1225 2011 1323 2080 τῆς
1357 2008 1503 2080 ζωῆς
1548 2009 1823 2064 ἐπιτελού-

247 2120 410 2173 μενα,
449 2103 482 2174 ῆ
509 2103 590 2155 ὃτι
616 2101 1050 2157 ἀποτελεσθέντα
1078 2101 1228 2172 παρὰ
1249 2100 1348 2173 τὴν
1373 2101 1701 2173 προσδοκίαν
1722 2101 1824 2173 τῆς

243 2191 484 2256 διανοίας
525 2191 596 2246 τὰ
644 2191 1030 2264 συμϐεϐηκότα
1075 2192 1251 2256 ἄλλως
1286 2193 1580 2264 εὑρεθέντα
1622 2193 1824 2260 δνειδος

245 2284 425 2357 φέρει.
452 2285 712 2354 Ἀγνοιαν
731 2283 841 2356 γὰρ
871 2283 1122 2356 ὀφλήσειε
1153 2284 1182 2336 ὁ
1203 2283 1369 2356 ἕτερα
1397 2284 1494 2355 μὲν
1521 2284 1824 2356 διανοηθεὶς

244 2375 652 2448 ἀποϐήσεσθαι,
705 2376 774 2447 (ὁ)
817 2376 981 2447 ἔτερα
1011 2375 1066 2430 δὲ
1094 2374 1270 2449 εὑρὼν
1312 2377 1370 2439 ἐς
1411 2374 1636 2446 ὕστερον
1668 2375 1824 2444 γενό-

246 2486 409 2538 μενα,
434 2468 496 2522 οὐ
521 2467 662 2522 κατὰ
687 2466 784 2539 τὴν
812 2467 975 2521 αὑτοῦ
1009 2465 1248 2538 θέλησιν.
1288 2467 1354 2520 Ἠ
1378 2467 1487 2538 γὰρ
1521 2466 1703 2538 μήτηρ
1724 2465 1824 2536 τῆς

245 2559 396 2632 ζωῆς
437 2561 471 2632 ἡ
518 2561 649 2631 παρ’
698 2559 846 2631 αὐτῷ
891 2560 1121 2630 δύναμις
1161 2558 1501 2629 καλουμένη,
1552 2558 1612 2626 ἐξ
1655 2557 1822 2612 αὑτοῦ

245 2650 638 2724 προϐληθείη,
669 2651 745 2715 ὡς
773 2651 998 2723 αἰσχρόν
1042 2650 1159 2704 ἐστι
1189 2649 1282 2704 καὶ
1306 2648 1366 2702 τὸ
1397 2647 1580 2717 λέγειν
1611 2648 1823 2720 μητέρα

246 2747 394 2818 ζωῆς
413 2749 425 2801 l
446 2749 519 2801 υὺ
543 2746 653 2819 γάρ
679 2746 1004 2817 ἀποδέχεται
1035 2747 1150 2809 τοῖς
1173 2743 1263 2798 τὸν
1291 2741 1545 2816 σώφρονα
1564 2741 1824 2814 λογισμὸν

245 2838 614 2909 κεκτημένοις
654 2854 707 2891 τι
743 2835 874 2908 θῆλυ
905 2837 964 2889 ἐν
995 2839 1061 2910 τῇ
1093 2835 1304 2905 θεότητι
1333 2835 1682 2890 διανοεῖσθαι.
1715 2836 1824 2889 Καὶ

243 2926 388 2999 αὕτη
431 2927 508 2993 δὲ,
553 2927 738 2998 φησὶν,
782 2928 815 3000 ἡ
862 2926 1050 3000 θήλεια
1099 2927 1432 3000 προεϐάλετο
1469 2926 1560 2980 τὸν
1607 2925 1824 2998 πρῶτον

243 3017 534 3090 ἄνθρωπον
554 3033 568 3047 ⁸
618 3019 716 3072 καὶ
761 3018 899 3083 ὅλως
936 3019 1130 3080 εἰπεῖν,
1153 3017 1244 3071 τὸν
1285 3018 1500 3089 πρῶτον
1539 3015 1822 3090 ἄνθρωπον

1926 1830 2232 1902 ignorantia
2256 1830 2608 1901 constringit.
2640 1829 2776 1888 Nam
2803 1831 2898 1901 qui
2939 1842 3164 1888 matrem
3196 1833 3346 1898 illam
3367 1835 3494 1890 vitae

1924 1921 2266 1991 produxerit,
2299 1922 2416 1976 sive
2445 1921 2729 1992 ignorabat
2752 1921 2884 1992 quid
2918 1929 3064 1976 esset
3123 1923 3213 1977 illa
3279 1922 3492 1979 factura

1925 2013 2043 2068 sive
2057 2013 2174 2083 jam
2214 2013 2356 2068 facta
2405 2013 2625 2070 diversa
2664 2014 2734 2070 ab
2759 2029 2845 2077 eo,
2868 2013 3014 2084 quod
3044 2024 3377 2085 speraverat,
3408 2017 3494 2072 in-

1925 2113 2087 2159 venta
2126 2112 2274 2166 sunt,
2312 2103 2594 2158 infamiam
2629 2103 2865 2175 ellugere
2890 2121 2997 2160 non
3031 2115 3227 2175 potest.
3260 2107 3495 2165 Necesse

1921 2200 2008 2249 est
2046 2193 2192 2249 enim
2225 2193 2551 2264 ignorantiae
2599 2193 2751 2248 illum
2794 2196 2970 2266 argui,
3013 2197 3106 2266 qui
3162 2212 3289 2252 cum
3344 2199 3493 2256 aliud

1926 2293 2253 2340 eventurum
2284 2299 2410 2340 esse
2434 2285 2782 2356 cngitaverit,
2814 2287 2962 2342 aliud
3015 2295 3214 2359 praeter
3243 2291 3496 2346 volunta-

1922 2380 2033 2430 tem
2063 2389 2220 2430 suam
2264 2375 2515 2432 evenisse
2557 2383 2746 2445 postea
2801 2377 3105 2448 cognoscit.
3155 2379 3311 2446 Quod
3363 2396 3495 2436 vero

1923 2464 1993 2520 ad
2031 2465 2179 2520 illam
2207 2466 2336 2521 vitae
2363 2473 2592 2520 matrem
2617 2468 2831 2532 attinet,
2873 2483 3038 2536 quam
3089 2470 3253 2524 etiam
3315 2472 3494 2526 virtu-

1924 2566 2030 2613 tem
2061 2557 2328 2624 nominat,
2354 2566 2409 2613 et
2441 2558 2511 2614 ab
2551 2573 2618 2614 eo
2653 2560 2766 2613 vult
2801 2574 2927 2615 esse
2960 2559 3304 2630 productam,
3330 2579 3492 2634 quam

1925 2661 2083 2720 turpe
2115 2655 2203 2705 est
2231 2649 2358 2703 vitae
2385 2649 2534 2703 illam
2584 2659 2813 2705 matrem
2860 2650 3075 2706 dicere!
3115 2651 3284 2707 Nemo
3321 2655 3494 2718 enim,

1923 2742 2019 2810 qui
2055 2754 2192 2797 sano
2216 2739 2429 2810 judicio
2456 2739 2720 2810 praeditus
2755 2740 2848 2804 sit,
2877 2741 3169 2798 admittere
3195 2743 3493 2815 quidquam

1923 2831 1980 2886 in
2003 2833 2189 2888 divina
2223 2838 2421 2886 natura
2455 2831 2750 2887 femineum
2783 2840 2980 2903 potest.
2998 2832 3068 2886 At
3095 2833 3199 2890 iste
3234 2838 3398 2890 etiam
3424 2837 3497 2892 ab

1923 2923 2026 2980 hac
2047 2923 2248 2980 femina
2271 2923 2504 2994 primum
2535 2938 2659 2980 esse
2680 2931 3027 2994 procreatum
3062 2924 3338 2981 hominem
3363 2941 3497 2980 nar-

1925 3023 2030 3070 rat.
2056 3014 2154 3080 Et;
2170 3031 2280 3071 uno
2306 3015 2478 3072 verbo
2505 3014 2707 3080 dicam,
2734 3014 2969 3086 primum
3018 3015 3290 3071 hominem
3343 3017 3498 3072 vitae-

243 3110 349 3182 τὴν
383 3109 548 3179 φύσιν
585 3110 680 3164 καὶ
708 3109 809 3182 τὴν
836 3109 1048 3181 μητέρα
1072 3110 1172 3180 τῆς
1203 3107 1349 3180 ζωῆς
1373 3110 1436 3162 ἐκ
1464 3107 1572 3162 τῶν
1600 3109 1658 3162 ἐν
1691 3109 1822 3181 ἡμῖν

1928 3121 2030 3176 que
2060 3113 2289 3162 matrem
2321 3105 2389 3160 ad
2417 3121 2629 3170 eorum,
2656 3121 2777 3175 quae
2804 3105 2859 3159 in
2892 3105 3054 3162 nobis
3084 3107 3336 3163 accidere
3369 3122 3494 3164 cer-

245 3201 590 3272 γιγνομένων
637 3199 987 3270 φαντάζεται.
1037 3200 1354 3274 Ἀνθρωπος
1411 3199 1521 3272 γὰρ
1564 3199 1824 3272 κέκληται

244 3294 344 3346 ἐπὶ
375 3293 475 3363 τῆς
501 3293 626 3364 γῆς,
649 3292 744 3346 καὶ
776 3293 956 3363 μήτηρ
985 3293 1048 3344 ἐκ
1072 3291 1170 3362 τῆς
1195 3289 1301 3360 γῆς
1326 3291 1474 3362 ἡμᾶς
1494 3291 1823 3362 γεννήσασα,

243 3383 282 3456 ἡ
321 3387 384 3438 ἐκ
412 3384 549 3438 Θεοῦ
582 3382 660 3454 τῷ
706 3383 876 3456 Ἀδὰμ
901 3383 1254 3455 κεκτισμένη.
1281 3383 1612 3448 Φαντάξεται
1634 3383 1690 3438 δὲ
1718 3383 1827 3438 ἀπὸ

243 3475 358 3528 τῶν
390 3474 536 3529 ἰδίων
570 3474 846 3546 λογισμῶν
889 3477 917 3528 ό
947 3474 1224 3547 κτηνώδης
1269 3475 1327 3528 ἐν
1368 3473 1580 3547 οὐρανῷ
1603 3473 1827 3529 τοιαῦτα

246 3564 430 3633 εἶναι,
466 3567 627 3622 ὁποῖα
665 3567 760 3620 καὶ
805 3566 896 3620 ἐπὶ
933 3566 1033 3637 τῆς
1061 3567 1165 3637 γῆς
1209 3567 1462 3638 ὑπάρχει.
1489 3567 1683 3620 Ἀτινα
1727 3566 1827 3619 οὑκ

247 3660 562 3731 ἐπιδέχεται
585 3661 630 3724 ³,
662 3658 738 3724 ὡς
767 3661 796 3712 ὀ
825 3657 967 3722 θεῖος
993 3657 1150 3727 λόγος
1177 3659 1350 3730 πάντη
1381 3657 1637 3712 διδάσκει.
1662 3656 1826 3728 Λέγει

245 3753 364 3825 γάρ
421 3751 665 3822 σώματα
709 3751 1056 3819 ἐπουράνια,
1111 3749 1205 3804 καὶ
1266 3748 1511 3820 σώματα
1561 3749 1822 3820 exirem“

245 3843 367 3899 ἀλλ’
403 3845 566 3915 ἑτέρα
602 3843 702 3915 μὲν
729 3845 762 3913 ή
804 3841 912 3894 τῶν
957 3841 1292 3914 ἐπουρανίων
1318 3841 1463 3908 δόξα,
1507 3842 1671 3914 ἑτέρα
1697 3842 1754 3896 δὲ
1792 3842 1826 3914 ή

243 3937 362 3991 τῶν
407 3937 666 4004 ἐπιγείων
684 3951 696 3964 ⁸
733 3937 825 3990 καὶ
853 3934 1026 3997 οὕτως
1047 3935 1183 3998 ὅλως
1209 3934 1277 3988 τὰ
1305 3935 1558 4004 ὑπεράνω
1585 3933 1696 3987 τῶν
1733 3932 1828 3987 οὑ-

250 4029 433 4105 9ner
456 4029 770 4100 διηγήσατο.
807 4026 966 4080 Ἀλλὰ
1006 4027 1134 4098 περ)⁵
1177 4025 1285 4078 τῶν
1327 4025 1665 4096 φαινομένων
1699 4025 1827 4079 τούο

245 4139 362 4176 των
385 4120 494 4174 τῶν
522 4119 686 4190 σῶμα
732 4118 1107 4188 ὑπαρχόντων,
1132 4115 1284 4188 ἡλίου
1315 4116 1479 4186 λέγω,
1511 4116 1544 4188 ἦ
1576 4114 1825 4187 σελήνης,

245 4214 284 4286 ἢ
314 4214 422 4266 τῶν
455 4212 547 4266 ἐπὶ
571 4211 676 4282 γῆς
698 4210 888 4274 ὅντων,
923 4211 1017 4263 καὶ
1055 4209 1164 4263 τῶν
1193 4209 1461 4282 σωμάτων
1497 4207 1606 4262 τῶν
1629 4208 1825 4276 ἁγίων,

245 4305 333 4370 ὥς
380 4321 448 4375 γε
488 4301 848 4373 διανοούμεθα
887 4301 1133 4355 ταπεινοὶ
1176 4300 1348 4363 ὄντες.
1398 4299 1462 4352 El
1495 4297 1554 4351 δὲ
1593 4298 1694 4352 καὶ
1718 4297 1828 4351 τῶν

247 4397 396 4469 ὑπὲρ
421 4395 650 4467 οὐρανὸν
687 4393 843 4447 ἔσται
873 4392 1050 4460 λόγος,
1078 4390 1166 4445 διὰ
1205 4391 1349 4488 τὸέν
1384 4388 1532 4460 αὐτῷ
1557 4389 1635 4461 τῷ
1665 4390 1828 4443 ’Δπο-
1857 4431 1902 4488 D

247 4489 430 4560 στόλῳ
457 4489 557 4558 τῆς
597 4485 852 4556 γνώσεως
887 4483 1181 4556 βαθύτατον
1218 4479 1482 4555 χώρημα,
1513 4482 1572 4536 οὐ
1607 4481 1826 4546 πάντως

245 4579 573 4653 ὁριζόμεθα.
633 4577 810 4650 Ὀμῶς
855 4576 1026 4631 πολλὰ
1079 4575 1190 4629 τῶν
1233 4573 1494 4643 ἐπιγείων
1537 4572 1787 4628 λέλεκται
1809 4586 1825 4604 ·

245 4677 408 4745 πόσῳ
445 4672 644 4744 μᾶλλον
674 4670 745 4724 τὰ
771 4668 1025 4741 ὑπεράνω
1064 4666 1173 4721 τῶν
1211 4665 1486 4738 οὑρανῶν;
1520 4665 1692 4720 Πόθεν
1733 4664 1826 4720 δύο

249 4785 414 4823 ναται
436 4768 547 4830 τοῖς
570 4763 832 4832 ἐπιγείοις
855 4759 1269 4826 ἀπεικάζεσθαι,
1291 4753 1337 4813 ὧ
1365 4753 1554 4824 obrue;

325 5030 478 5097 Μςν.
507 5025 612 5079 Τὸν
637 5023 697 5078 δὲ
735 5021 947 5094 πρῶτον
973 5018 1252 5090 ἄνθρωπον
1277 5018 1377 5088 (ὃν)
1410 5019 1636 5088 φάσκεις
1666 5018 1828 5074 πάλιν

243 5119 722 5182 κατεσκευακέναι
747 5113 922 5185 ἐαυτῷ
953 5110 1254 5185 πανοπλίας
1286 5109 1444 5183 χάριν
1483 5109 1573 5164 τὸν
1605 5109 1827 5182 ἄνεμον,

241 5223 315 5274 τὸ
357 5217 498 5289 φῶς,
534 5215 598 5268 τὸ
634 5211 768 5283 πῦρ,
811 5209 872 5262 τὸ
908 5206 1072 5278 ὕδωρ,
1120 5205 1218 5276 τὴν
1266 5202 1418 5274 ὓλην,
1465 5202 1554 5289 ἵνα
1583 5202 1603 5233 ³
1635 5203 1684 5255 εί
1731 5201 1829 5273 μὲν

240 5286 463 5366 ἄνωθέν
502 5309 651 5360 ἐστιν
687 5305 719 5355 ὁ
771 5300 988 5372 πρῶτος
1031 5295 1334 5368 ἄνθρωπος,
1380 5293 1475 5348 καὶ
1516 5286 1618 5348 ὧδε
1669 5289 1830 5365 ἦλθεν

1925 3202 2155 3263 nuntur,
2198 3196 2614 3254 similitudinem
2667 3203 3013 3252 commentus
3063 3204 3170 3253 est.
3215 3193 3494 3268 Siquidem

1922 3296 1977 3345 et
1995 3288 2159 3344 homo
2184 3297 2409 3344 vocatur
2435 3289 2493 3343 in
2525 3296 2691 3352 terra,
2731 3295 2787 3343 et
2813 3299 3004 3352 mater,
3034 3302 3155 3358 qua:
3176 3303 3279 3345 nos
3303 3296 3499 3346 eterra

1922 3379 2133 3451 genuit,
2171 3394 2402 3449 quaeque
2453 3379 2662 3434 Adamo
2707 3378 2976 3436 divinitus
3026 3387 3110 3436 est
3153 3380 3418 3450 producta
3450 3381 3495 3436 ⁵.

1923 3471 2066 3544 Ergo
2093 3471 2278 3526 eadem
2297 3484 2417 3540 quae
2439 3468 2493 3524 in
2525 3477 2671 3525 terra
2702 3471 2862 3532 liunt,
2891 3470 3056 3524 etiam
3090 3471 3144 3525 in
3178 3473 3320 3526 coelo
3342 3485 3499 3542 repe-

1923 3563 2018 3618 riri
2049 3576 2148 3618 sua
2182 3561 2438 3616 inductus
2462 3560 2719 3630 opinione
2749 3561 3004 3632 stupidus
3045 3561 3211 3617 homo
3235 3571 3492 3634 nugatur.

1925 3652 2058 3720 Quae
2091 3653 2309 3723 quidem
2351 3653 2422 3708 ab
2451 3652 2602 3708 omni
2645 3651 2860 3708 ratione
2883 3661 3014 3708 sunt
3043 3653 3414 3722 alienissima;
3441 3655 3497 3710 id

1923 3745 2070 3816 quod
2105 3745 2308 3816 ubique
2366 3759 2537 3801 sacrm
2563 3743 2784 3798 Litterae
2811 3759 2914 3800 nos
2961 3743 3181 3800 docent.
3227 3744 3359 3812 Quae
3392 3762 3498 3801 cm-

1923 3839 2082 3894 lestia
2131 3854 2382 3908 corpora,
2417 3844 2472 3892 et
2521 3845 2724 3891 terrena
2771 3851 2993 3904 corpora
3040 3837 3360 3892 nominatim
3401 3851 3498 3893 ex-

1925 3930 2232 4000 primunt',
2257 3929 2352 3985 sed
2383 3929 2490 3983 alia
2526 3935 2610 3984 est
2643 3929 2952 3984 cmlestium
2991 3927 3185 4000 gloria,
3238 3925 3340 3982 alia
3384 3937 3498 3984 ter-

1925 4035 2206 4088 renorum.
2243 4018 2349 4075 Ubi
2379 4034 2490 4074 non
2515 4019 2584 4076 de
2609 4019 2677 4074 iis
2712 4034 2835 4090 qua:
2858 4033 3025 4089 supra
3043 4019 3294 4075 cmlestes
3337 4019 3500 4074 orbes

1924 4119 2073 4176 sunt,
2095 4109 2336 4173 disserit.
2355 4111 2450 4165 sed
2467 4109 2535 4166 de
2549 4109 2974 4180 aspectabilibus
2997 4109 3131 4166 iisce
3147 4109 3495 4181 corporibus.

1926 4204 2061 4268 sole,
2093 4204 2244 4266 luna,
2294 4201 2410 4257 sive
2449 4201 2617 4257 etiam
2645 4201 2714 4256 de
2757 4201 2826 4256 iis
2859 4215 2982 4271 quae
3034 4202 3091 4255 in
3146 4211 3290 4256 terra
3343 4209 3494 4266 sunt,

1928 4303 2356 4362 sanctorumque
2383 4290 2708 4361 corporibus
2739 4309 2754 4347 :
2787 4291 3248 4362 quemadmodum
3286 4305 3384 4362 pro
3417 4300 3499 4349 te-

1929 4385 2139 4440 nuitate
2190 4391 2384 4438 nostra
2434 4381 2911 4452 interpretandum
2955 4383 3249 4438 credimus.
3304 4383 3496 4440 Utrum

1929 4490 2061 4531 vero
2085 4472 2154 4529 de
2177 4472 2268 4541 iis,
2300 4473 2526 4544 insuper
2547 4489 2671 4544 qua:
2698 4489 2865 4546 supra
2885 4475 3086 4530 emtum
3111 4476 3355 4530 eminent
3397 4477 3500 4533 hoc

1928 4567 2054 4624 loco
2075 4581 2257 4622 sermo
2285 4568 2377 4630 sit,
2404 4574 2627 4637 propter
2655 4567 2978 4623 immensam
3007 4569 3255 4639 Apostoli
3292 4570 3498 4625 altissi-

1931 4673 2187 4729 mamque
2227 4659 2536 4723 scientiam,
2571 4661 2706 4715 certi
2742 4660 2878 4715 nihil
2908 4661 3229 4716 asserimus.
3257 4659 3498 4718 Terrena

1930 4749 2152 4821 quidem
2207 4750 2473 4821 pleraque
2517 4751 2988 4806 commemoravit.
3055 4751 3272 4818 Quanto
3327 4753 3502 4824 magis

1931 4854 2058 4910 qua:
2085 4839 2228 4895 caelo
2257 4839 2378 4910 ipso
2435 4841 2720 4912 superiora
2759 4841 2925 4896 sunt?
2949 4840 3196 4908 Quanam
3227 4841 3392 4914 859
3424 4861 3501 4897 ra-

1935 4931 2084 4988 tione
2111 4947 2236 4986 cum
2271 4933 2509 4987 terrenis
2533 4933 2839 5003 comparari
2876 4934 3170 5003 poterunt?

2004 5021 2186 5078 XLVI.
2221 5021 2379 5089 Quod
2428 5039 2558 5080 vero
2595 5025 2830 5095 primum
2881 5024 2963 5078 ais
3004 5024 3275 5079 hominem
3323 5035 3500 5075 arma-

1936 5125 2070 5172 turae
2126 5114 2230 5172 sibi
2279 5117 2399 5171 loco
2430 5125 2693 5181 ventum,
2724 5116 2896 5172 lucem
2916 5157 2932 5179 ,
2965 5117 3176 5186 ignem,
3208 5129 3402 5186 aquam
3438 5130 3503 5170 ac

1933 5209 2222 5264 materiam
2256 5211 2587 5276 fabricasse,
2623 5211 2668 5266 si
2717 5225 2749 5266 e
2786 5211 2927 5266 caelo
2962 5213 3174 5282 primus
3207 5211 3297 5266 ille
3340 5211 3504 5266 homo

1936 5297 2215 5356 derivatos
2243 5309 2348 5368 est,
2393 5309 2556 5371 atque
2589 5301 2694 5355 huc
2741 5300 3103 5371 procudenda;
3132 5301 3279 5358 illius
3327 5315 3496 5357 anma-

241 5399 436 5470 ἐαυτῷ
466 5393 868 5453 κατασκευάσαι
900 5388 998 5462 τὴν
1031 5386 1348 5453 πανοπλίαν,
1385 5385 1480 5440 καὶ
1511 5383 1823 5456 προϐάλλειν

1939 5394 2077 5443 tura:
2139 5391 2312 5462 gratia
2372 5392 2540 5456 venit,
2579 5405 2686 5462 qua
2741 5391 2886 5447 velut
2942 5392 3110 5448 lorica
3161 5393 3392 5465 quadam
3442 5409 3502 5448 ar

327 5576 341 5644 ξ
372 5573 489 5628 Vox
524 5571 616 5644 illa
664 5570 733 5644 τά
762 5568 1016 5644 ἐπίχειρα
1071 5581 1181 5644 non
1219 5563 1512 5622 admodum
1540 5565 1820 5622 necessari

1931 5566 2128 5624 idctur.
2203 5571 2224 5602 ²
2251 5567 2314 5628 F.
2342 5569 2635 5641 ἐνδέχεται.
2714 5571 2736 5606 ³
2767 5569 2874 5628 Pro
2925 5575 3011 5629 ἵνα
3045 5573 3183 5630 forte
3217 5571 3354 5628 ἀλλά
3387 5572 3492 5644 leg.

243 5645 270 5678 ⁸
307 5643 449 5702 Gen.
474 5659 513 5705 ι,
545 5641 636 5696 26.
711 5643 733 5672 ⁸
759 5639 778 5692 ι
805 5637 928 5694 cor.
950 5637 1048 5703 ’xv,
1073 5637 1162 5691 40.
