3856 6298
367 273 439 333 99
1766 269 1825 325 S.
1865 267 2205 325 EPIPHANII

3523 274 3633 331 {00

368 386 711 443 munimento
750 402 811 444 se
855 394 1200 460 protegeret;
1248 400 1594 458 consequens
1627 392 1712 442 est
1745 393 1805 439 ut
1836 385 1951 440 haec

2068 386 2234 457 ἑαυτῷ
2268 384 2472 457 ταύτην
2528 389 2609 452 εἰς
2659 389 3005 463 θωρακισμὸν
3035 390 3227 446 ἐαυτοῦ
3270 391 3363 445 xui.
3410 391 3633 447 ἐνδῦνα-

369 480 631 536 inferiora
673 481 767 536 illo
798 482 1109 552 potentiora
1141 482 1253 537 sint
1281 482 1375 553 qui
1408 497 1441 536 e
1482 480 1622 534 creto
1651 478 1947 534 descende-

370 576 457 627 rit.
486 574 641 643 Aqua
681 572 825 629 enim
859 573 952 629 illa
987 572 1106 641 ipsa
1136 582 1223 629 est
1252 588 1375 643 quae
1406 571 1674 635 cernitur,
1710 569 1801 623 lux
1830 583 1950 637 quae

369 667 544 720 oculis
576 672 823 735 apparet,
865 666 1092 721 materia
1121 681 1243 735 quae
1276 664 1537 735 opinione
1576 670 1670 716 tua
1698 675 1948 715 corrum-

372 754 542 822 pitur,
596 760 791 807 ventus
836 753 931 822 qui
992 753 1218 808 auribus
1259 754 1465 809 nostris
1522 752 1760 812 insonat,
1806 749 1950 819 ignis

373 845 516 899 idem
571 843 661 898 ille
706 844 978 914 denique,
1038 859 1201 913 quem
1256 844 1325 899 ad
1361 859 1523 898 usum
1566 843 1692 898 vita:
1747 841 1951 911 passim

373 936 716 992 adhibemus.
776 935 989 1002 Quibus
1023 937 1189 992 rebus
1243 934 1289 991 si
1327 937 1604 1006 principes
1653 940 1949 1005 oppugnat.

371 1029 506 1084 cedo
577 1044 824 1099 quaenam
876 1030 967 1083 illa
1032 1029 1160 1084 belli
1242 1030 1386 1084 ratio
1442 1028 1953 1094 administratioque

373 1119 729 1189 proponitur?
757 1120 882 1190 quis
923 1120 1084 1175 istius
1122 1120 1247 1175 belli
1291 1120 1404 1174 dux
1452 1130 1506 1175 et
1541 1128 1738 1173 auctor
1761 1118 1954 1173 classi-

372 1228 496 1267 cum
531 1213 689 1269 nobis
734 1214 990 1268 concinet
1032 1214 1186 1284 :Age
1247 1227 1667 1283 perrumpamus
1714 1212 1953 1267 hostium

373 1306 705 1377 phalanges,
759 1306 1115 1376 praeliumque
1168 1304 1507 1360 conﬂemus?
1554 1303 1689 1370 Quis
1737 1304 1790 1356 in
1828 1319 1951 1358 eum

374 1398 583 1468 primus
638 1398 932 1467 jaculetur,
998 1398 1090 1467 qui
1124 1468 1128 1472 θ
1166 1404 1359 1451 contra
1420 1397 1825 1468 principatuum
1892 1411 1955 1449 ac

375 1497 707 1560 potestatum
756 1490 1118 1544 substantiam
1178 1488 1423 1544 furiosus
1473 1488 1741 1541 incurrit?
1792 1486 1955 1541 Estne

375 1592 433 1636 ut
465 1590 659 1637 ventus
705 1582 1001 1651 conﬂigere
1054 1582 1250 1649 possit,
1291 1588 1385 1634 aut
1434 1581 1687 1643 materia,
1723 1595 1844 1649 quze
1890 1594 1953 1633 cx

377 1682 466 1727 tua
500 1673 769 1728 sententia
815 1671 1231 1740 corrumpitur?
1274 1670 1489 1741 Ignisnc
1525 1687 1690 1742 porro
1714 1712 1728 1733 ,
1765 1671 1856 1739 qui
1890 1669 1956 1721 ad

377 1781 537 1821 usum
574 1772 826 1820 nostrum
852 1780 881 1817 a
924 1764 1033 1819 Deo
1059 1773 1279 1819 creatus
1312 1764 1438 1818 est?
1465 1763 1548 1817 An
1581 1765 1673 1819 lux
1701 1765 1814 1829 illa,
1839 1781 1958 1835 qua:

376 1872 477 1926 pro
532 1866 837 1927 temporum
895 1854 1188 1924 descriptis
1234 1871 1266 1910 a
1297 1855 1409 1911 Deo
1463 1856 1658 1926 spatiis
1714 1856 1957 1911 vicissim

377 1946 617 2002 tenebris
677 1945 868 2021 cedit?
920 1946 989 1998 At
1045 1946 1265 2017 opinor,
1321 1960 1462 2015 aqua
1513 1946 1799 2015 pugnabit.
1838 1946 1959 2011 Quo

377 2036 596 2091 tandem
634 2036 828 2105 pacto?
858 2034 1115 2091 Edissere
1142 2076 1157 2101 ,
1193 2039 1386 2101 sodes,
1434 2038 1646 2105 ineptas
1685 2038 1805 2092 illas
1835 2046 1959 2092 tuas

378 2126 609 2184 tabulas.
636 2126 799 2195 Atqui
833 2142 928 2196 per
949 2127 1064 2181 haec
1094 2128 1280 2180 omnia
1311 2137 1420 2180 tam
1458 2127 1599 2181 bona
1623 2142 1785 2196 quam
1820 2128 1956 2180 mala

379 2216 491 2271 ﬁeri
524 2216 793 2272 videmus.
832 2214 925 2271 Sic
954 2216 1095 2287 ignis
1121 2216 1460 2270 adminiculo
1493 2216 1765 2271 sacriﬁcia
1798 2217 1959 2272 idolis

378 2309 748 2370 instruuntur,
799 2324 974 2378 neque
1004 2308 1057 2361 id
1088 2308 1250 2364 ollicii
1283 2324 1457 2378 genus
1495 2310 1763 2363 detrectat
1794 2309 1957 2378 ignis,

378 2408 472 2454 aut
502 2406 786 2469 peccatum
827 2401 1104 2471 prohibet.
1137 2398 1281 2465 Quin
1321 2408 1373 2452 et
1403 2415 1599 2469 aquam
1634 2400 1959 2453 maritimam

377 2492 555 2548 libant
583 2494 675 2562 qui
708 2494 982 2548 dannones
1012 2494 1278 2559 adorant;
1312 2509 1414 2548 nec
1445 2494 1590 2548 ullus
1621 2509 1859 2564 unquam
1893 2494 1960 2548 ad

379 2584 485 2638 hoc
518 2599 745 2638 summa:
780 2583 1101 2653 ignorantiae
1137 2600 1276 2654 opus
1309 2599 1448 2653 aqua
1475 2583 1844 2655 praestandum
1878 2591 1962 2639 cst

377 2673 709 2745 prohibitus.
746 2673 923 2740 Quam
970 2674 1126 2728 multi
1181 2675 1466 2745 praedones
1517 2675 1571 2728 in
1610 2675 1775 2728 maris
1806 2675 1962 2743 aquis

380 2765 674 2820 homicidia
724 2766 1154 2835 perpetrarunt?
1194 2766 1273 2821 Ac
1310 2775 1524 2821 tantum
1558 2766 1713 2820 abest
1769 2776 1829 2819 ut
1866 2781 1964 2820 ne-

380 2856 572 2925 quitiae
599 2856 974 2926 principibus,
1008 2858 1153 2927 quod
1192 2866 1250 2911 tu
1302 2858 1442 2913 dicis
1463 2899 1477 2923 ,
1514 2872 1656 2927 aqua
1688 2856 1963 2910 contraria

380 2946 475 3013 sit,
506 2955 565 3002 ut
589 2948 657 3004 iis
692 2948 877 3018 potius
912 2948 1214 3019 opituletur
1251 2962 1315 3002 ac
1345 2946 1611 3011 conferat,
1645 2962 1752 2999 non
1790 2946 1962 3016 ipsius

381 3055 536 3109 aqua:
562 3040 743 3109 culpa,
781 3040 879 3095 sed
908 3041 1196 3111 ipsiusmet
1223 3039 1480 3103 hominis,
1518 3040 1605 3092 cui
1639 3039 1847 3108 peccati
1876 3040 1961 3094 sui

381 3146 549 3189 causa
578 3132 866 3187 tribuenda
898 3132 986 3187 sit.
1019 3131 1064 3187 Ο
1099 3146 1271 3201 nugas
1300 3139 1466 3199 atque
1497 3130 1765 3199 ineptias!

455 3221 597 3287 Quid
626 3223 718 3276 illa
747 3238 880 3278 vero
916 3237 1197 3277 armorum
1229 3231 1508 3278 structura
1553 3222 1968 3275 elementorum-

383 3328 491 3380 quc
517 3311 917 3366 munimentum
945 3312 1123 3381 primo
1155 3311 1234 3365 illi
1264 3310 1471 3365 homini
1497 3308 1722 3379 profuit,
1747 3325 1871 3364 cum
1900 3310 1966 3365 ad

382 3401 747 3472 proeliandum
786 3402 1045 3473 delapsus
1075 3417 1105 3455 a
1145 3402 1392 3456 tenebris
1431 3404 1610 3457 victus
1642 3416 1704 3456 ac
1727 3401 1966 3457 debella-

384 3503 474 3549 tus
525 3493 732 3547 fuerit?
764 3491 879 3547 Tua
928 3493 1076 3547 enim
1108 3493 1222 3547 haec
1255 3494 1429 3547 oratio
1467 3503 1589 3558 est;
1643 3508 1966 3563 oppressum

386 3583 756 3655 alnictumque
796 3585 852 3639 in
885 3584 954 3639 iis
984 3584 1342 3640 inferioribus
1370 3584 1646 3639 hominem
1668 3624 1684 3650 ,
1716 3584 1810 3654 qui
1840 3599 1965 3639 eum

386 3676 594 3730 idcirco
628 3682 881 3744 precatus
910 3686 1080 3740 esset,
1122 3675 1416 3731 exaudisse
1450 3674 1688 3739 Patrem,
1725 3686 1779 3731 et
1805 3676 1967 3730 aliam
1998 3678 2003 3679 ⁷

386 3764 710 3837 productam
744 3781 775 3819 a
815 3781 874 3822 se
904 3766 1126 3821 misisse
1152 3768 1413 3822 virtutem
1439 3808 1453 3831 ,
1493 3768 1658 3839 660
1687 3783 1848 3837 quem
1882 3768 1967 3822 vi-

384 3867 603 3913 ventem
650 3858 907 3927 spiritum
961 3859 1217 3928 appellat.
1252 3857 1406 3914 Tolle
1460 3859 1666 3912 larvam
1718 3869 1901 3923 tuam,
1934 3871 1968 3910 ο

390 3948 686 4005 Menander
718 3951 959 4006 comice!
999 3949 1136 4005 Nam
1184 3965 1312 4005 cum
1345 3950 1622 4019 ejusmodi
1652 3954 1812 4020 plane
1851 3949 1929 4005 sis
1952 3990 1966 4016 ,

387 4041 651 4097 latebram
692 4041 791 4097 tibi
833 4042 1192 4098 nihilominus
1238 4044 1468 4114 quatris,
1518 4057 1581 4096 ac
1611 4056 1763 4095 mera
1812 4042 1969 4095 nobis

390 4134 660 4189 adulteria
698 4142 753 4190 et
779 4135 1074 4191 ebrietates
1124 4152 1340 4191 narras.
1388 4134 1533 4189 Nihil
1564 4135 1709 4190 enim
1743 4135 1885 4204 apud
1919 4145 1971 4191 te

387 4228 752 4294 compositum
804 4240 869 4279 ac
914 4226 1246 4283 modestum.
1296 4224 1379 4280 Tu
1424 4225 1568 4279 enim
1610 4239 1709 4296 pro
1741 4225 1971 4281 veritate

388 4315 700 4373 Graecorum
728 4317 939 4374 fabulas
962 4318 1231 4375 inducens
1247 4318 1611 4375 sectatoribus
1628 4317 1737 4373 tuis
1760 4316 1967 4373 illudis.

2054 477 2202 546 μίαν,
2239 477 2344 548 ἄρα
2390 478 2730 550 δυνατώτερα
2759 481 2826 534 τά
2863 483 2919 533 ἐν
2947 481 3023 553 τῷ
3058 482 3246 554 κόσμῳ
3284 482 3459 553 τούτῳ
3484 484 3631 556 ὑπὲρ

2049 568 2139 620 τὸν
2166 569 2370 621 ἄνωθεν
2400 569 2621 623 ἐλθόντα
2646 572 2754 623 τῶν
2774 574 3136 645 ἐπουρανίων,
3169 574 3353 648 ’Ύδωρ
3374 576 3482 647 γάρ
3511 577 3632 630 ἐστι

2048 658 2111 712 τὸ
2137 660 2348 729 ὁρατὸν,
2395 661 2486 713 καὶ
2516 660 2630 729 φῶς
2657 662 2717 715 τὸ
2755 664 3099 734 φαινόμενον,
3131 667 3224 719 καὶ
3259 666 3357 739 ὕλη
3408 671 3441 739 ἡ
3484 670 3633 723 κατὰ

2053 750 2113 803 σὲ
2151 750 2500 823 φθειρομένη,
2543 754 2635 806 καὶ
2674 754 2872 824 ἄνεμος
2909 756 2936 807 6
2982 758 3039 810 ἐν
3067 760 3198 827 ἡμῖν
3247 758 3630 829 ἐνηχούμενος,

2053 844 2145 896 καὶ
2172 842 2233 895 τὸ
2268 842 2378 914 πῦρ
2406 844 2565 897 τοῦτο
2601 837 2645 911 ᾧ
2681 846 2972 910 ἀκωλύτως
3004 849 3053 900 οί
3092 850 3290 913 πάντες
3313 851 3633 923 κεχρήμεθα

2053 934 2110 985 ἐν
2138 936 2258 997 ταῖς
2287 935 2519 1004 χρείαις.
2554 935 2664 988 Καὶ
2711 937 2759 988 εί
2787 936 2875 989 διὰ
2906 938 3162 992 τοιούτων
3208 944 3331 1005 τοὺς
3362 944 3636 1013 ἄρχοντας

2055 1025 2300 1096 πολεμεῖ,
2327 1028 2409 1090 τίς
2438 1028 2469 1097 ὴ
2494 1027 2745 1096 ἐνέργεια
2768 1029 2862 1082 τοῦ
2901 1031 3168 1101 πολέμους
3206 1031 3328 1101 λέγε
3346 1052 3359 1064 ο
3389 1034 3472 1098 τίς
3498 1039 3636 1106 ἡμῖν

2056 1119 2368 1173 σαλπίσειεν
2393 1120 2633 1191 ἀρχηγὸς
2672 1120 2907 1190 πολέμου
2937 1123 3249 1192 γινόμενος·
3279 1127 3637 1198 Διατέμωμεν

2054 1212 2153 1275 τὰς
2186 1212 2491 1280 φάλαγγας,
2525 1214 2980 1285 ἐπισυστήσωμεν
3011 1216 3080 1267 τὰ
3129 1216 3276 1287 παρὰ
3308 1219 3323 1248 ¹
3350 1219 3443 1272 τοῦ
3480 1220 3641 1273 πολέ-

2060 1321 2196 1375 μου;
2228 1305 2323 1368 Τίς
2352 1305 2500 1374 βάλοι
2534 1304 2747 1376 πρῶτον
2776 1305 2927 1376 βέλος
2953 1307 3092 1360 κατὰ
3132 1308 3220 1361 τοῦ
3249 1309 3501 1379 χαλεπῶς
3534 1330 3642 1383 μα-

2024 1425 2027 1427 ·
2057 1398 2237 1460 νέντος
2277 1397 2419 1449 κατὰ
2448 1399 2547 1468 τῆς
2590 1398 2771 1467 ἀρχῶν
2816 1398 2907 1451 καὶ
2942 1398 3196 1463 ἐξουσιῶν
3244 1403 3638 1468 ὑποστάσεως

2062 1493 2296 1559 ’Λνεμος
2323 1489 2563 1559 πολεμεῖ,
2597 1484 2640 1542 ὦ
2665 1485 2851 1555 οὗτος
2885 1491 3019 1544 ἀλλὰ
3049 1493 3146 1561 ὖλη
3178 1496 3207 1565 ὴ
3238 1494 3379 1547 κατὰ
3409 1496 3466 1548 σὲ
3488 1498 3643 1566 φθει-

2063 1584 2265 1655 ρομένη
2290 1599 2303 1645 ς
2338 1582 2473 1634 ἀλλὰ
2510 1582 2568 1635 τὸ
2595 1582 2714 1654 πῦρ
2734 1584 2793 1635 τὸ
2833 1584 2911 1646 είς
2938 1586 3132 1655 χρῆσιν
3162 1588 3436 1658 ἡμετέραν
3466 1608 3643 1642 κατα-

2064 1673 2357 1727 σκευασθέν
2382 1674 2486 1725 ὑπὸ
2521 1673 2611 1726 τοῦ
2646 1676 2886 1743 Κυρίου;
2927 1676 3059 1729 ἀλλὰ
3088 1678 3147 1729 τὸ
3177 1678 3292 1745 φῶς
3321 1680 3380 1732 τὸ
3427 1682 3644 1751 ὑποχω-

2062 1767 2187 1838 ροῦν
2217 1766 2294 1835 τῷ
2338 1767 2515 1818 σκότει
2555 1766 2845 1835 ἀναμέρος,
2882 1768 3266 1838 διαστημάτων
3296 1771 3401 1823 τῶν
3430 1773 3643 1843 χρόνων

2062 1862 2124 1912 ἐκ
2151 1858 2285 1911 Θεοῦ
2338 1860 2719 1928 τεταγμένων;
2762 1859 2897 1912 άλλά
2926 1861 2987 1913 τὸ
3035 1861 3209 1933 ὕδωρ;
3244 1864 3378 1934 ποίῳ
3419 1867 3640 1938 τρόπῳ,

2060 1952 2312 2022 διήγησαι
2340 1950 2405 2002 τὰ
2436 1950 2586 2021 παρὰ
2620 1952 2700 2003 σοι
2730 1953 3198 2023 κενοφωνούμενα.
3235 1957 3343 2009 Καὶ
3367 1957 3474 2029 γάρ
3496 1959 3644 2031 ὁρῶ..

2064 2061 2163 2113 μεν
2205 2043 2292 2096 διὰ
2333 2043 2537 2096 τούτων
2568 2043 2765 2113 μᾶλλον
2802 2045 2895 2097 καὶ
2924 2045 3104 2113 ἁγαθὰ
3146 2047 3240 2100 καὶ
3285 2048 3464 2117 φαῦλα
3495 2052 3644 2119 γινό-

2066 2152 2221 2205 μενα.
2268 2135 2355 2186 Ἐν
2385 2134 2462 2206 τῷ
2490 2135 2597 2205 γὰρ
2629 2136 2760 2206 πυρὶ
2793 2135 2971 2189 θυσίαι
2994 2137 3230 2205 γίνονται
3256 2140 3511 2206 εἰδώλοις,
3548 2144 3643 2196 καὶ

2062 2229 2120 2279 οὐ
2156 2230 2497 2299 παραιτεῖται
2540 2228 2599 2280 τὸ
2635 2227 2765 2297 πῦρ,
2805 2229 2926 2282 οὐδὲ
2972 2230 3168 2284 κωλύει
3202 2234 3297 2304 τὴν
3342 2236 3639 2306 ἁμαρτίαν.

2064 2319 2154 2390 Τῷ
2188 2319 2340 2372 ὕδατι
2369 2322 2464 2391 τῆς
2488 2320 2763 2393 θαλάσσης
2791 2323 3104 2377 σπένδουσιν
3132 2327 3182 2377 οί
3212 2328 3322 2390 τοῖς
3346 2327 3643 2399 δαιμονίοις

2066 2413 2510 2483 προσκυνοῦντες,
2563 2416 2656 2467 καὶ
2694 2417 2754 2469 οὑ
2806 2417 3109 2471 κεκώλυται
3150 2436 3280 2473 ποτε
3321 2423 3380 2473 ἐν
3420 2422 3572 2475 ὕδατι
3615 2425 3645 2476 6

2064 2503 2402 2574 πειρώμενος
2444 2506 2665 2573 ἄγνοιαν
2718 2508 3043 2562 ἐπιτελέσαι.
3082 2511 3242 2563 Πόσοι
3286 2512 3342 2564 δέ
3386 2516 3644 2584 πειραταὶ

2066 2595 2256 2663 φόνους
2298 2596 2623 2666 εἰργάσαντο
2666 2598 2724 2651 ἐν
2766 2598 2922 2653 ὕδασι
2966 2600 3271 2674 θαλάσσης;
3304 2608 3397 2658 καὶ
3444 2606 3647 2674 μᾶλλον

2065 2687 2162 2738 οὐκ
2196 2687 2432 2740 ἐναντίον
2461 2688 2519 2741 τὸ
2548 2688 2690 2760 ὓδωρ
2718 2693 2829 2753 τοῖς
2869 2692 3094 2763 ἄρχουσι
3127 2694 3225 2765 τῆς
3256 2698 3535 2768 πονηρίας,
3569 2698 3647 2760 ὡς

2069 2779 2131 2831 σὺ
2158 2778 2355 2845 λέγεις,
2392 2778 2527 2831 ἀλλὰ
2569 2783 2955 2852 συνεργητικδν
3002 2784 3199 2854 μᾶλλον
3233 2786 3294 2838 τὸ
3329 2786 3492 2857 ὕδωρ,
3549 2788 3648 2841 οὐκ

2064 2870 2216 2933 ὄντος
2240 2870 2412 2924 αίτίου
2445 2870 2544 2922 τοῦ
2574 2870 2786 2936 ὓδατος,
2818 2874 2953 2928 ἀλλὰ
2979 2877 3150 2929 αίτίου
3181 2879 3410 2933 ἑκάστου
3432 2880 3646 2951 ἀνθρὼ-

2069 2980 2169 3015 που
2202 2965 2300 3033 τῆς
2343 2963 2539 3016 ἐαυτοῦ
2583 2964 2879 3036 ἁμαρτίας.
2918 2970 3027 3021 Καὶ
3073 2968 3117 3023 ὣ
3155 2970 3255 3041 τῆς
3305 2971 3503 3043 πολλῆς
3550 2990 3646 3027 σου

1991 3074 2034 3133 c
2068 3053 2333 3125 φλυαρίας
2359 3055 2371 3107 !

2140 3233 2204 3286 Τί
2238 3232 2294 3287 δὲ
2350 3233 2632 3305 ὠφέλησεν
2677 3238 2709 3306 ἡ
2764 3239 3075 3311 κατασκευὴ
3116 3239 3221 3293 τῶν
3257 3241 3454 3306 ὅπλων,
3498 3244 3593 3297 καὶ
3620 3249 3652 3300 6

2070 3327 2421 3399 θωρακισμὸς
2449 3330 2557 3382 τῶν
2590 3332 2888 3403 στοιχείων,
2928 3334 3017 3387 τὸν
3049 3335 3262 3404 πρῶτον
3293 3337 3440 3403 ,κατὰ
3478 3338 3536 3390 σὲ
3558 3339 3653 3393 ἄν·

2069 3418 2284 3489 θρωπον
2316 3420 2407 3473 τὸν
2440 3421 2765 3475 κατελθόντα
2796 3423 3115 3497 πολεμῆσαι,
3148 3426 3241 3480 καὶ
3272 3427 3375 3481 ὑπὸ
3400 3429 3492 3481 τοῦ
3522 3431 3653 3483 6x6-

2068 3525 2193 3572 τους
2232 3512 2714 3581 καταπονηθέντα;
2759 3513 2992 3577 Φάσκεις
3029 3516 3157 3587 γὰρ,
3188 3518 3267 3570 ὅτι
3314 3517 3498 3590 ἐθλίϐη
3537 3521 3655 3573 ἐκεῖ

2069 3601 2218 3654 κάτω
2246 3603 2274 3654 6
2311 3602 2616 3673 ἄνθρωπος.
2658 3605 2969 3677 Εὑξαμένου
3020 3607 3080 3661 δὲ
3120 3610 3281 3663 αὐτοῦ
3352 3612 3583 3682 ἤκουσεν
3625 3616 3654 3666 6

2070 3695 2278 3764 Πατὴρ,
2302 3692 2375 3755 ὡς
2403 3693 2557 3764 ἔφης,
2583 3696 2676 3747 καὶ
2704 3697 3016 3751 ἀπέστειλεν
3043 3702 3236 3772 ἑτέραν
3266 3703 3495 3774 δύναμιν
3520 3722 3654 3777 προ·-

2071 3779 2358 3863 6ληθεῖσαν
2387 3782 2477 3835 ὑπ’
2504 3783 2692 3848 αὑτοῦ,
2727 3785 3024 3859 λεγομένην
3064 3790 3276 3861 πνεῦμα
3305 3792 3434 3856 ζῶν.
3477 3796 3654 3850 Ἔπα-

2075 3873 2164 3942 ρὸν
2196 3890 2286 3925 σου
2335 3874 2395 3927 τὸ
2444 3880 2825 3947 προσωπεῖον,
2867 3873 2911 3932 ὦ
2952 3884 3301 3953 κωμῳδοποιὲ
3347 3888 3649 3958 Μένανδρε.

2084 3966 2318 4030 Ἐκεῖνος
2347 3970 2456 4040 γὰρ
2494 3970 2588 4035 ὢν,
2638 3975 2862 4028 σεαυτὸν
2905 3978 3216 4042 σκεπάζεις,
3264 3980 3465 4050 μοιχῶν
3514 3981 3654 4052 ἔργα

2070 4056 2423 4130 διηγούμενος
2450 4065 2542 4117 καὶ
2570 4064 2760 4137 μέθης.
2788 4066 2954 4119 Οὐδὲν
2988 4067 3095 4140 γάρ
3119 4072 3177 4123 ἐν
3210 4070 3291 4123 col.
3319 4070 3649 4141 καθέστηκε.

2072 4148 2192 4201 Τῶν
2224 4150 2331 4221 γὰρ
2377 4151 2642 4223 Ἑλλήνων
2676 4154 2745 4208 τὰ
2782 4158 3061 4228 ποιήματα
3093 4159 3213 4212 ἀντὶ
3252 4160 3349 4229 τῆς
3394 4159 3653 4231 ἀληθείας

2072 4240 2474 4310 παρεισφέρων,
2521 4242 2727 4314 πλανᾷς
2777 4246 2903 4309 τοὺς
2953 4246 3057 4299 ὑπὸ
3106 4246 3199 4300 σοῦ
3246 4248 3648 4319 ἠπατημένους.

2072 4328 2225 4399 Τάχα
2254 4330 2363 4401 γὰρ
2410 4330 2549 4402 ὑπὲρ
2584 4332 2645 4384 σὲ
2691 4332 2930 4397 Ἠσίοδος
2955 4335 3237 4407 ἐφρόνησε,
3289 4335 3354 4389 τὰ
3393 4337 3522 4408 περὶ
3549 4338 3651 4409 τῆς

392 4409 568 4465 Credo
610 4410 859 4480 equidem
912 4412 1302 4481 sapientiorem
1346 4417 1400 4466 te
1432 4409 1729 4466 Hesiodum
1763 4411 1961 4474 fuisse,

2074 4419 2349 4489 θεογονίας
2382 4423 2755 4495 ποιητεύματα
2777 4424 3201 4497 διηγησάμενος’
3225 4427 3360 4497 τάχα
3396 4429 3648 4499 Ὀρφεὺς,

391 4502 520 4555 dum
552 4502 673 4559 illas
698 4503 754 4557 in
788 4502 1105 4573 Theogonia
1167 4502 1384 4557 fabulas
1417 4501 1671 4557 edisserit
1706 4522 1718 4556 :
1757 4519 1971 4558 necnon

390 4600 446 4647 et
476 4590 774 4664 Orpheum,
806 4602 971 4663 atque
997 4593 1333 4663 Euripidem.
1362 4591 1499 4646 Nam
1529 4593 1640 4659 isti,
1671 4602 1971 4664 quantum~

391 4683 476 4739 vis
503 4683 740 4739 ridicula
783 4694 1040 4749 narrent,
1072 4684 1423 4753 perspicuum
1459 4692 1584 4748 est,
1623 4684 1770 4752 quod
1804 4692 1973 4754 poeta:

390 4782 599 4839 essent,
659 4775 795 4831 lalsa
850 4774 918 4830 de
976 4774 1245 4829 industria
1299 4774 1654 4829 conﬁnxisse.
1712 4774 1793 4829 Tu
1844 4790 1973 4830 vero

394 4868 810 4923 luculentiorem
851 4875 914 4920 ut
969 4882 1210 4922 errorem
1262 4865 1452 4931 facias,
1486 4864 1622 4921 falsa
1677 4881 1778 4936 pro
1829 4868 1973 4923 veris

392 4958 663 5014 obtrudis.

465 5050 671 5107 XLVII.
714 5049 885 5122 lgitur
899 5051 1082 5105 vivum
1107 5049 1257 5104 illum
1282 5049 1535 5120 spiritum
1568 5065 1758 5105 narras
1780 5067 1810 5106 e
1831 5052 1973 5107 coelo

393 5144 676 5214 delapsum
718 5142 897 5213 primo
941 5142 1147 5197 homini
1184 5142 1497 5211 porrexisse
1533 5142 1841 5207 dexteram,
1886 5151 1971 5197 at-

395 5252 502 5306 que
531 5252 561 5291 e
590 5235 832 5291 tenebris
858 5234 1117 5290 eduxisse
1138 5276 1152 5301 ,
1178 5249 1303 5289 eum
1331 5272 1347 5297 ,
1378 5232 1626 5301 inquam,
1654 5233 1928 5289 hominem
1954 5276 1969 5302 ,

392 5329 485 5399 qui
516 5328 571 5382 in
600 5327 845 5383 inferiori
874 5327 977 5381 hoc
1002 5328 1134 5382 orbe
1162 5325 1594 5396 periclitabatur.
1632 5326 1737 5391 Qui
1759 5341 1882 5381 cum
1910 5338 1969 5382 ut

394 5421 734 5489 absumptam
790 5418 1047 5472 liberaret
1109 5417 1345 5469 animam
1403 5412 1811 5481 descendisset,
1868 5433 1968 5473 nec

394 5511 603 5581 eripere
635 5510 921 5580 potuisset,
949 5510 1098 5563 illum
1138 5509 1339 5578 ipsum,
1372 5507 1619 5577 inquam,
1650 5508 1742 5578 qui
1774 5509 1841 5565 ad
1878 5528 1965 5567 sa-

468 5668 483 5699 ¹
508 5664 711 5731 Regius
738 5667 806 5721 τά
837 5667 1027 5735 πτερά.
1107 5668 1127 5699 ²
1155 5664 1280 5721 Cor.
1318 5668 1717 5739 ἁνενηνοχέναι.

2072 4510 2211 4580 τάχα
2237 4511 2554 4583 Εὐριπίδης.
2592 4515 2821 4569 Ἐκεῖνοι
2851 4516 2981 4588 γὰρ,
3028 4518 3131 4571 κᾶν
3168 4519 3548 4586 καταγέλαστα
3581 4521 3652 4574 δι·

2072 4603 2366 4671 ηγὴσαντο,
2389 4603 2534 4674 δῆλοί
2558 4606 2714 4672 εἰσιν,
2744 4607 2823 4661 ὅτι
2846 4611 3065 4681 ποιηταὶ
3097 4608 3430 4681 ὑπάρχοντες
3462 4613 3651 4682 ἐποιηο

2073 4693 2332 4747 τεύσαντο
2358 4696 2426 4749 τὰ
2449 4698 2548 4750 οὐκ
2575 4698 2705 4751 ὄντα
2723 4741 2735 4754 .
2765 4699 2837 4752 Σὺ
2869 4699 2923 4753 δὲ
2955 4700 3032 4766 ὡς
3074 4700 3199 4755 ὄντα
3232 4702 3413 4775 διηγῇ,
3443 4705 3529 4757 ἵνα
3551 4706 3650 4777 τὴν

2075 4783 2283 4855 πλάνην
2313 4789 2704 4861 περισσοτέραν
2726 4790 2954 4863 ἐργάσῃ.

2142 5051 2272 5105 ΜΖ’.
2306 5051 2475 5105 Τοῦτο
2515 5054 2742 5122 φάσκεις
2779 5055 2839 5109 τὸ
2883 5054 3100 5126 πνεῦμα
3147 5056 3209 5109 τὸ
3240 5045 3363 5120 ζῶν
3391 5059 3650 5114 κατελθὸν

2075 5142 2225 5197 κάτω
2274 5145 2564 5201 δεδωκέναι
2612 5147 2813 5213 δεξιάν,
2858 5149 2950 5201 καὶ
3004 5150 3361 5220 ἀνενοχέναι¹
3391 5152 3499 5205 ἀπὸ
3552 5152 3648 5207 τοῦ

2078 5236 2300 5300 σκότους
2337 5237 2429 5290 τὸν
2462 5238 2674 5307 πρῶτον
2719 5238 3006 5310 λεγόμενον
3037 5243 3187 5314 παρὰ
3232 5244 3312 5296 σοὶ
3341 5243 3646 5315 ἄνθρωπον,

2076 5328 2164 5380 τὸν
2193 5329 2341 5381 κάτω
2364 5330 2420 5381 ἐν
2446 5333 2557 5392 τοῖς
2583 5332 2915 5401 κατωτέροις
2944 5334 3385 5399 κινδυνεύσαντα,
3401 5336 3490 5388 τὸν
3514 5353 3649 5391 κατ·-

2077 5419 2298 5475 ελθόντα
2351 5421 2527 5475 σῶσαι
2558 5422 2655 5494 τὴν
2683 5423 3032 5497 βεϐρωμένην
3052 5429 3250 5499 ψυχὴν,
3277 5430 3368 5483 καὶ
3398 5430 3471 5502 μὴ
3493 5431 3652 5502 δυνη-

2073 5514 2230 5567 θέντα
2264 5516 2450 5585 σῶσαιη,
2488 5516 2622 5574 ἀλλὰ
2672 5517 2829 5572 αὐτὸν
2870 5521 3332 5576 κεκινδυνευκέναι
3358 5524 3437 5586 είς
3475 5540 3650 5596 σωτη-
