3850 6204
199 251 289 305 ιοι
367 232 375 239 “
789 248 1155 308 Αονειιδυδ
1194 253 1539 310 ιιίιῑιιεεεε
1575 209 1704 310 LIB.

1857 255 2020 311 ΤΟΜ.
2065 256 2128 312 II.
2170 288 2238 300 —
2277 258 2548 316 IIERES.
2583 259 2769 317 LXVI.
3342 261 3448 318 1οΞ

197 369 312 438 ρίαν
331 367 738 438 ἀπεσταλμένος
759 369 772 398 ¹
797 370 1158 435 ἐκινδύνευσε,
1181 373 1274 426 καὶ
1288 373 1556 444 ἐπεδεήθη
1579 375 1743 446 ἐτέροι

1872 381 2037 432 lutem
2081 379 2310 435 alterius
2347 379 2554 436 missus
2587 377 2792 444 fuerat,
2825 395 2879 436 in
2929 379 3222 438 discrimen
3273 381 3448 438 addu-

195 458 346 512 πάλιν
369 458 781 529 ἀπεσταλμένοι)
804 462 938 530 πρὸς
962 462 1057 532 τὴν
1076 463 1264 517 τούτου
1289 465 1581 536 σωτηρίαν.
1608 469 1743 538 Πόσα

1866 479 2036 536 ctum,
2065 479 2228 542 atque
2255 473 2482 529 alterius
2507 490 2629 544 ope,
2649 476 2741 545 qui
2769 475 2993 545 perinde
3014 476 3080 529 ad
3105 477 3442 532 liberandum

193 567 250 618 γε
285 549 482 620 μᾶλλον
516 552 548 621 ἡ
577 551 722 622 ψυχὴ
769 552 1128 606 κινδυνεύσειε
1160 554 1226 606 δι’
1255 555 1322 626 ἢν
1355 558 1384 608 ὁ
1416 558 1764 628 ἀπεσταλμέ-

190 659 273 705 νος
307 641 523 712 πρῶτος
544 641 826 712 ἄνθρωπος
848 641 1016 695 ἐλθὼν
1047 644 1450 709 ἐκινδύνευσεν;
1495 647 1653 700 Ἀλλὰ
1672 649 1763 702 καὶ

188 731 432 803 δεύτερον
472 731 880 804 ἀπεσταλμένον
924 735 1003 796 εἰς
1034 734 1094 786 τὸ
1129 733 1316 796 σῶσαι,
1358 736 1493 806 ὅπερ
1536 740 1762 805 φάσκεις

187 820 320 879 εἶναι
360 825 524 888 αὐτὸς
566 825 784 895 πνεῦμα
819 824 948 890 ζῶν,
1003 826 1144 879 κατὰ
1185 828 1507 898 μετάμελον.
1553 831 1693 900 Ἀρα
1731 833 1760 884 ὁ

187 919 372 988 Πατὴρ
397 916 682 971 ἀπέστειλε
708 917 799 971 τὸν
831 916 910 971 ἔτι
955 919 1320 990 ἰσχυρότερον,
1357 920 1444 974 ἵνα
1477 920 1570 974 τοῦ
1607 921 1757 992 πρώ-

183 1026 272 1061 του
301 1007 593 1080 ἀνθρώπου
620 1008 804 1078 σωτὴρ
833 1008 1080 1078 γένηται.
1114 1010 1183 1062 Ἣ
1215 1012 1398 1078 ἠγνόει
1425 1011 1524 1080 μὲν
1553 1012 1761 1066 ἐκεῖνον

184 1098 538 1154 ἀδυνατοῦντα
562 1100 653 1152 τὸν
677 1100 908 1171 πρῶτον,
929 1100 1021 1154 καὶ
1045 1100 1464 1171 ὑπολαμϐάνων,
1489 1102 1570 1155 ὅτι
1596 1101 1758 1156 σώσει

182 1191 618 1256 κινδυνεύσαντος
651 1191 837 1252 αὐτοῦ,
873 1191 1098 1263 ὕστερον
1125 1193 1212 1247 διὰ
1243 1193 1342 1264 τῆς
1368 1196 1562 1265 πείρας
1591 1197 1760 1264 ἐγνω-

184 1283 288 1347 κὼς
328 1283 693 1355 προϐάλλεται
745 1285 838 1337 καὶ
884 1284 1240 1350 άποστέλλει;
1293 1287 1402 1340 Kal
1457 1288 1625 1358 πολλή
1673 1287 1756 1350 τίς

182 1377 322 1428 ἐστιν
348 1376 381 1445 ἡ
410 1374 630 1440 ἀτοπία,
664 1368 708 1427 ὦ
733 1376 1022 1444 Μανιχαίε,
1054 1377 1146 1430 καὶ
1183 1377 1484 1431 ἀσύστατον
1506 1378 1567 1432 τὸ
1606 1379 1756 1449 παρὰ

180 1464 266 1519 σοῦ
309 1466 663 1537 ληρολόγημα
700 1467 799 1536 τῆς
835 1468 1012 1538 πάσης
1057 1468 1423 1532 διδασκαλίας.
1465 1470 1668 1523 Φάσκει
1699 1471 1756 1524 δὲ

178 1559 354 1623 πάλιν,
397 1561 482 1614 ὅτι
530 1559 784 1612 κατελθὸν
822 1559 883 1612 τὸ
921 1559 1144 1630 Πνεῦμα
1190 1561 1357 1615 ἔδωκε
1408 1561 1608 1626 δεξιὰν,
1660 1564 1754 1617 καὶ

174 1650 439 1718 ἀνήνεγκε
469 1647 557 1701 τὸν
599 1647 812 1718 πρῶτον
851 1648 1269 1703 κινδυνεύσαντα
1308 1650 1614 1722 ἄνθρωπον.
1653 1652 1752 1706 Διὰ

1865 562 2199 629 mitteretur,
2253 581 2394 636 opus
2441 566 2721 623 habuisse.
2781 566 3000 633 Quanto
3053 568 3220 638 igitur
3271 570 3444 640 magis

1863 648 2162 715 periclitari
2199 666 2299 720 par
2341 661 2460 707 erat
2511 654 2784 720 animam,
2816 655 2975 724 cujus
3005 657 3178 726 gratia
3233 657 3442 727 primus

1863 738 2026 794 homo
2081 743 2286 798 missus
2342 746 2643 814 periculum
2699 746 3086 804 adierit?Sed
3139 751 3440 806 secundum

1861 832 2152 900 quemdam
2185 835 2535 892 liberatorem
2557 839 2706 893 velut
2730 839 2783 892 iu
2818 841 3124 896 subsidium
3149 843 3441 912 allegatum

1859 939 1983 980 esse
2011 926 2199 994 doces,
2235 929 2385 983 velut
2409 929 2622 985 Patrem
2653 933 2856 1002 prioris
2889 935 3435 1005 consiliipoeniteret;

1859 1024 1914 1070 et
1945 1016 2098 1071 illum
2129 1022 2313 1074 vivum
2347 1021 2603 1090 spiritum
2640 1025 2900 1094 appellas.
2938 1023 3242 1082 Fortiorem
3273 1027 3435 1097 igitur

1858 1123 1888 1161 a
1918 1111 2082 1165 Patre
2111 1111 2420 1182 quempiam
2451 1114 2679 1169 missum
2713 1123 2948 1186 oportet,
2980 1117 3141 1188 primi
3171 1127 3228 1172 ut
3257 1118 3428 1172 homi-

1857 1200 1944 1255 nis
1994 1201 2191 1255 vindex
2250 1218 2371 1258 esse
2422 1215 2624 1274 posset.
2685 1205 2769 1261 An
2817 1223 2946 1264 vero
3006 1209 3244 1280 primum
3281 1211 3434 1266 illum

1817 1316 1827 1324 ι
1858 1290 2190 1346 imbecillum
2228 1292 2341 1347 fore
2370 1296 2690 1351 nesciebat?
2712 1307 2767 1354 et
2795 1315 2956 1369 quem
2984 1302 3310 1369 periclitanti
3340 1317 3432 1357 sa-

1856 1384 1954 1437 luti
1997 1384 2112 1440 fore
2140 1388 2396 1455 sperabat
2418 1431 2431 1450 ,
2473 1397 2829 1460 posteaquam
2861 1391 3196 1460 experientia
3231 1407 3435 1463 cogno—

1854 1475 1953 1539 vit,
1985 1477 2149 1529 alium
2185 1477 2336 1531 illum
2393 1479 2650 1547 produxit
2675 1488 2729 1535 et
2771 1482 2990 1536 emisit?
3022 1482 3430 1538 Absurdissima

1855 1573 2006 1629 sunt,
2032 1582 2066 1620 o
2105 1566 2423 1634 Manichaee,
2449 1586 2568 1640 quae
2597 1571 2754 1637 dicis,
2797 1587 2860 1626 ac
2889 1580 3042 1627 tuum
3069 1573 3203 1627 illud
3232 1575 3428 1646 dogma

1854 1657 2074 1712 minime
2115 1660 2396 1716 cohaerens
2449 1671 2532 1717 est
2579 1679 2958 1734 nugarumque
3025 1665 3426 1736 plenissimum.

174 1739 324 1792 τοῦτο
359 1739 662 1808 μυστήριον
691 1741 802 1802 τοῖς
832 1737 1025 1792 ἑαυτοῦ
1072 1740 1339 1809 μαθηταῖς
1370 1741 1743 1812 παραδέδωκεν

1853 1743 1989 1802 Illud
2017 1764 2145 1803 vero
2172 1749 2395 1821 insuper
2427 1752 2677 1816 affirmat,
2709 1755 2991 1826 delapsum
3016 1757 3073 1811 in
3103 1765 3279 1812 terras
3312 1759 3429 1828 spi-

171 1830 246 1892 εῐς
273 1828 334 1881 τὸ
373 1828 665 1882 ἐπιδιδόναι
695 1829 894 1895 δεξιὰν,
926 1831 1054 1883 ὅταν
1095 1830 1342 1902 ἀλλήλοις
1377 1833 1750 1904 συναντήσωσι

175 1920 396 1993 σημείου
437 1921 617 1991 χάριν,
656 1920 732 1984 ὡς
766 1921 872 1974 ἀπὸ
917 1922 1143 1985 σκότους
1190 1922 1476 1987 σωθέντες.
1518 1925 1605 1976 Ἐν
1641 1924 1748 1996 γὰρ

263 2012 447 2064 σκότει
473 2013 648 2066 πάντα
671 2011 869 2079 φάσκει
893 2006 1051 2075 εἶναι,
1082 2012 1221 2082 πλὴν
1245 2013 1409 2067 αὐτοῦ
1434 2014 1617 2084 μόνου.
1640 2015 1750 2066 Καὶ

170 2103 269 2173 γὰρ
299 2104 348 2155 οἱ
375 2101 568 2170 τυφλοὶ
598 2101 794 2172 χλεύης
832 2099 994 2154 ἓνεκα
1031 2102 1228 2172 μᾶλλον
1257 2103 1408 2174 παρὰ
1439 2103 1547 2156 τῶν
1573 2101 1747 2174 ὁρών-

169 2213 268 2249 των
294 2194 354 2248 τὺ
380 2195 702 2265 κακόφημον
729 2194 1086 2260 ἐκκλίνοντες,
1110 2194 1243 2248 πολὺ
1275 2195 1562 2266 βλέποντες
1590 2195 1747 2250 ἀκού-

169 2301 258 2340 ουσ
264 2307 329 2342 ιν.

1851 1835 2016 1890 ritum
2059 1838 2307 1892 dextram
2351 1840 2607 1906 dedisse,
2646 1857 2711 1896 ae
2763 1844 2996 1912 primum
3049 1844 3326 1898 hominem
3362 1843 3429 1899 de

1849 1928 2024 1982 salute
2066 1932 2468 1999 periclitantem
2521 1935 2789 1990 extulisse
2848 1951 3086 1992 sursum.
3136 1935 3310 2001 Quam
3356 1937 3429 1990 ob

1847 2032 2074 2073 causam
2115 2024 2437 2092 mysterium
2470 2024 2746 2094 quoddam
2777 2026 3062 2097 discipulis
3094 2029 3210 2083 suis
3258 2028 3425 2082 tradi-

1847 2109 1947 2172 dit,
1977 2117 2033 2163 ut
2064 2125 2188 2164 cum
2211 2113 2442 2169 invicem
2466 2123 2765 2169 occurrunt
2786 2117 3067 2171 dexteram
3094 2117 3380 2173 conferant
3405 2135 3420 2171 :

1851 2213 1960 2268 quo
1994 2200 2148 2270 signo
2175 2218 2205 2255 e
2251 2204 2492 2260 tenebris
2523 2204 2832 2261 vindicatos
2867 2223 2925 2262 se
2966 2217 3088 2262 esse
3120 2207 3420 2263 declarent.

1849 2289 1984 2344 Nam
2037 2295 2220 2348 omnia
2272 2305 2468 2364 praeter
2495 2312 2554 2353 se
2608 2313 2776 2352 unum
2828 2299 3037 2355 versari
3091 2299 3145 2354 in
3183 2299 3424 2355 tenebris

169 2382 413 2438 aﬂirmat.
440 2384 651 2456 Quippe
686 2391 740 2440 et
786 2384 916 2440 caici
965 2384 1066 2454 ipsi
1113 2383 1283 2440 ferme
1317 2398 1348 2438 a
1391 2383 1726 2449 videntibus,
1771 2386 1897 2440 mali
1959 2389 2161 2444 ominis
2194 2391 2402 2445 vitandi
2432 2393 2630 2464 gratia,
2663 2395 2892 2450 multum
2924 2394 3175 2451 videntes
3240 2394 3425 2464 appel-

167 2472 262 2526 lari
301 2474 505 2528 solent.

231 2563 366 2618 MH'.
409 2561 544 2618 Εἶτα
569 2564 766 2635 φάσκει
797 2565 978 2633 πάλιν,
1005 2565 1196 2637 ἐτέρας
1217 2564 1369 2629 τινὰς
1399 2564 1743 2627 κατασκευάς

1915 2562 2149 2620 XLVIII.
2193 2564 2323 2622 Post
2355 2566 2470 2622 haec
2499 2582 2672 2623 novas
2696 2569 2962 2638 quasdam
3002 2576 3310 2626 structuras
3356 2587 3422 2629 ac

167 2656 291 2724 ἡμῖν
333 2656 434 2708 καὶ
493 2656 898 2727 ἀρχιτεκτονίας
964 2657 1329 2729 ἐργαζόμενος
1351 2696 1365 2721 ,
1421 2657 1498 2720 ὡς
1552 2656 1741 2725 παρὼν

1846 2655 2160 2711 molitiones
2220 2656 2538 2728 designans,
2593 2659 2752 2730 66],
2807 2661 2963 2730 quasi
3026 2661 3140 2715 illic
3189 2660 3420 2732 fuisset;

168 2750 358 2812 ἐκεῖσε,
389 2747 485 2802 καὶ
508 2747 910 2818 φανταζόμενος
941 2747 1010 2801 τὰ
1045 2747 1119 2818 μὴ
1147 2747 1296 2812 ὄντα,
1325 2747 1409 2800 ὅτι
1437 2745 1558 2798 τότε
1586 2745 1743 2798 τοῦτο

1845 2763 2074 2818 quaeque
2098 2749 2351 2819 nuspiam
2398 2757 2524 2804 sunt
2553 2750 2658 2804 sibi
2705 2751 2808 2822 ipsi
2859 2751 3201 2824 confingens,
3236 2755 3421 2810 vivum

164 2841 219 2892 τὸ
242 2840 348 2904 ζῶν
404 2840 620 2911 πνεῦμα
649 2840 851 2904 ἔκτισε,
888 2840 1042 2910 φησὶ,
1073 2839 1164 2893 τὸν
1214 2839 1447 2908 κόσμον·
1484 2837 1577 2890 καὶ
1609 2837 1740 2890 αὐτὸ

1845 2839 1997 2892 illum
2027 2838 2278 2907 spiritum
2299 2840 2375 2892 ait
2401 2839 2715 2896 condidisse
2743 2842 3030 2908 mundum,
3059 2859 3122 2899 ac
3145 2852 3259 2900 tres
3283 2846 3421 2901 alias

163 2934 300 3002 τρεῖς
348 2931 547 3002 ἑτέρας
607 2932 861 3001 δυνάμεις
901 2931 1162 3003 φορέσαν,
1210 2931 1303 2984 καὶ
1343 2929 1600 2983 κατελθὸν
1645 2930 1741 2982 ἀν-

1847 2929 2077 2982 virtutes
2154 2927 2453 2992 ferentem,
2530 2929 3058 3002 descendentemque
3137 2935 3420 3006 principes

165 3025 356 3095 ήνεγκε
383 3025 509 3088 τοὺς
537 3023 938 3094 ἄρχοντας,ξκαὶ
966 3024 1302 3096 ἐστερέωσεν
1325 3024 1381 3075 ἐν
1403 3021 1482 3092 τῷ
1511 3021 1740 3091 στερεώ-

1849 3019 2141 3084 eduxisse,
2192 3028 2355 3088 atque
2386 3019 2441 3075 in
2494 3021 2838 3077 firmamento
2867 3024 3178 3090 stabilisse,
3215 3027 3307 3097 qui
3346 3027 3420 3083 sit

166 3131 308 3182 ματι,
339 3115 370 3167 ὃ
393 3116 540 3166 ἐστιν
569 3113 747 3167 αὐτῶν
772 3115 804 3184 ἡ
833 3117 1060 3185 σφαῖρα·
1094 3113 1268 3167 καὶτὸ
1295 3113 1393 3183 μὲν
1421 3114 1735 3185 ἀνήνεγκεν.

163 3205 290 3258 Οὔτε
321 3207 496 3258 νοεῖὸ
537 3204 814 3277 κτηνώδης
843 3205 960 3269 πῶς
1001 3204 1178 3274 ἐαυτῷ
1227 3205 1601 3275 ὰντιμάχεται,
1647 3206 1739 3258 καὶ

162 3298 222 3351 τὰ
250 3297 384 3368 παρ’
418 3295 566 3367 αὑτῷ
593 3295 850 3350 ἐπαινετά
876 3295 1044 3364 λέγει,
1077 3297 1170 3350 καὶ
1197 3296 1262 3349 τὰ
1291 3295 1624 3366 ψογιζόμενα
1658 3299 1738 3360 εἰς

162 3391 377 3445 ἔπαινον
405 3388 560 3462 φέρει
596 3391 750 3460 δίκην
791 3391 1078 3460 μεθύοντος
1115 3393 1207 3445 καὶ
1260 3390 1733 3462 παραφερομένου,

162 3484 249 3536 καὶ
278 3483 448 3554 ἕτερα
481 3482 597 3535 ἀνθ’
629 3482 817 3553 ἐτέρου
850 3484 868 3513 ¹
909 3482 1365 3554 παραλαλοῦντος.
1406 3482 1606 3536 Φάσκει
1630 3482 1738 3553 γὰρ

159 3577 275 3638 τοὺς
301 3575 573 3646 ἄρχοντας
602 3576 752 3630 κάτω
785 3576 1126 3646 ὑπάρχοντας
1154 3578 1212 3628 ἐν
1249 3575 1328 3647 τῷ
1364 3576 1543 3629 σκότει
1569 3591 1737 3646 πονη-

161 3668 255 3738 ρᾶς
281 3663 426 3721 εἶναι
451 3668 821 3732 ὑποστάσεως,
851 3669 942 3723 καὶ
985 3667 1190 3739 φθορᾶς
1221 3669 1282 3722 τὸ
1310 3669 1528 3740 χωρίον.
1556 3668 1665 3721 Καὶ
1687 3669 1756 3720 ει

159 3759 219 3812 ἐκ
244 3760 453 3830 ταύτης
495 3765 594 3832 τῆς
643 3761 869 3833 φθορᾶς,
900 3763 995 3815 καὶ
1040 3763 1088 3814 εἰ
1143 3762 1208 3814 ἐκ
1252 3761 1346 3814 τοῦ
1399 3761 1598 3835 μέρους
1639 3759 1734 3814 τοῦ

163 3850 379 3914 σκότους
407 3851 470 3904 τὸ
497 3850 714 3921 πνεῦμα
735 3851 1061 3923 βιασάμενον
1085 3853 1209 3916 τοὺς
1230 3851 1495 3922 ἄρχοντας
1523 3853 1602 3915 εἰς
1625 3851 1737 3905 ἄνω

159 3943 479 4013 ἀνήνεγκεν,
533 3943 626 3994 ἐπὶ
674 3943 912 4014 τιμωρίᾳ
963 3943 1182 4014 μᾶλλον,
1244 3943 1461 4012 φαύλων
1517 3942 1575 3996 δὲ
1625 3960 1734 4013 χω-

162 4032 284 4104 ρίων
321 4033 436 4104 (54)
483 4033 582 4104 τὴν
637 4033 960 4104 μετάστασιν
1013 4034 1334 4104 ποιούμενον
1369 4033 1460 4087 ἐπὶ
1495 4034 1734 4104 τιμωρίᾳ

163 4126 496 4193 μετέσπασεν
521 4128 602 4188 εἰς
634 4125 704 4178 τά
727 4125 859 4191 ἄνω,
894 4125 1079 4180 οὐκέτι
1101 4125 1252 4179 ἔσται
1283 4125 1352 4178 τὰ
1389 4126 1501 4178 ἄνω
1529 4124 1732 4194 ἀγαθά,

161 4217 246 4269 καὶ
274 4217 631 4280 ὑποστάσεως
658 4218 914 4287 ζωτικῆς,
951 4216 1085 4270 ἀλλὰ
1117 4217 1315 4286 μᾶλλον
1345 4215 1595 4268 θανάτου.
1623 4216 1735 4268 Kal

158 4307 221 4360 τὰ
246 4310 398 4362 κάτω
427 4309 610 4361 οὐκέτι
638 4309 896 4380 τιμωρία,
932 4307 1066 4361 ἀλλὰ
1098 4307 1310 4376 ἀγαθῆς
1335 4323 1480 4370 τινος
1524 4306 1732 4369 οὐσίας,

1844 3109 2088 3179 ipsorum
2119 3110 2347 3181 globus;
2379 3119 2543 3181 atque
2575 3112 2678 3166 hoc
2701 3124 2860 3182 pacto
2889 3129 3111 3170 sursum
3144 3117 3414 3173 evexisse.

1838 3199 1898 3255 In
1927 3217 2036 3272 quo
2063 3203 2520 3271 quemadmodum
2549 3218 2736 3259 secum
2770 3213 2972 3275 pugnet
2993 3221 3162 3276 pecus
3189 3207 3280 3261 illa
3305 3223 3418 3263 non

1837 3292 2015 3359 videt;
2077 3309 2204 3348 cum
2249 3301 2359 3348 tam
2401 3310 2463 3350 ea
2515 3310 2637 3366 qua:
2691 3296 2987 3351 laudabilia
3045 3298 3234 3354 statuit
3265 3299 3416 3369 ipse,

1839 3399 2002 3450 quam
2036 3399 2157 3454 qua:
2186 3385 2543 3455 vituperanda
2575 3394 2786 3450 censet,
2813 3388 2882 3442 ad
2904 3388 3120 3444 laudem
3146 3390 3415 3456 conferat,

1838 3477 1987 3532 velut
2024 3476 2234 3540 ebrius,
2275 3485 2368 3532 aut
2397 3487 2574 3533 mente
2603 3485 2812 3548 captus,
2848 3479 3048 3549 quique
3083 3479 3137 3532 in
3162 3494 3417 3535 sermone

1838 3567 2136 3625 identidem
2168 3569 2558 3625 hallucinetur.
2594 3569 2807 3624 Etenim
2836 3569 3113 3640 principes
3145 3571 3287 3635 illos,
3320 3573 3413 3640 qui

1835 3665 1894 3718 in
1930 3662 2117 3718 inﬁma
2144 3662 2365 3734 regione
2395 3662 2746 3732 tenebrisque
2777 3670 3088 3728 versantur,
3122 3665 3264 3718 mala
3293 3679 3416 3719 esse

1836 3753 2147 3811 substantia
2181 3753 2441 3824 praeditos
2467 3754 2659 3818 docet,
2691 3768 2754 3807 ac
2786 3753 2964 3808 locum
3000 3754 3178 3823 ipsum
3218 3767 3414 3808 corru-

1836 3848 2040 3918 ptionis
2067 3863 2189 3904 esse
2214 3847 2518 3918 proprium.
2549 3846 2716 3918 Atqui
2741 3847 2787 3903 si
2826 3862 2892 3902 ex
2925 3846 3027 3900 hac
3067 3848 3184 3917 ipsa
3221 3861 3414 3902 corru-

1837 3941 2021 4011 ptela,
2061 3940 2521 4010 tenebrarumque
2576 3939 2818 4010 regione,
2874 3938 3106 4010 spiritus
3165 3953 3262 4009 per
3302 3940 3410 3992 vim

1834 4032 2116 4102 principes
2145 4032 2269 4088 illos
2299 4047 2519 4087 sursum
2549 4030 2768 4092 extulit,
2800 4045 2976 4100 poenae
3009 4029 3064 4084 id
3099 4027 3412 4099 inﬂigendae

1835 4136 2004 4176 causa
2040 4120 2240 4178 fecisse
2284 4121 2468 4191 potius
2514 4119 2752 4184 videtur,
2785 4125 2844 4173 ut
2873 4119 2999 4173 illos
3049 4117 3211 4171 malis
3247 4117 3316 4172 iis
3342 4133 3408 4172 ex

1836 4214 2062 4270 sedibus
2091 4221 2370 4269 extractos
2421 4214 2478 4267 in
2525 4212 2812 4281 superiora
2851 4209 3194 4266 transferret.
3229 4207 3409 4274 Quare

1834 4309 1978 4362 bona
2009 4322 2133 4362 esse
2173 4307 2458 4376 superiora
2505 4306 2620 4360 haec
2652 4305 2770 4374 ipsa
2802 4303 3084 4368 desinent,
3113 4303 3408 4372 vitalisque

160 4397 214 4464 ἐξ
247 4395 305 4453 οὗ
327 4401 496 4453 τόπου
535 4399 792 4470 βουληθέν
818 4399 877 4452 τὸ
908 4399 1122 4468 πνεῦμα
1153 4399 1233 4462 εἰς
1264 4397 1533 4468 τιμωρίαν
1567 4414 1730 4467 μετα-

1845 4399 2176 4464 substantiae,
2211 4399 2309 4454 sed
2344 4397 2606 4468 deinceps
2635 4398 2799 4453 morti
2829 4396 3120 4452 tribuenda
3141 4434 3158 4461 ,
3195 4411 3258 4452 ac
3288 4397 3407 4452 vice

159 4490 336 4544 ϐαλεῖν
362 4494 492 4555 τοὺς
519 4491 785 4564 ἄρχοντας
817 4491 925 4545 άπὸ
945 4490 1050 4544 τῶν
1077 4490 1245 4560 ἡδέων
1271 4490 1366 4544 καὶ
1396 4491 1729 4558 ἀναγκαίων,

159 4583 243 4633 ἐπὶ
275 4583 366 4635 τὸν
391 4582 634 4652 τιμωρὸν
664 4582 828 4634 τόπον
867 4584 1193 4652 μετήγαγεν,
1237 4581 1300 4634 ἵν’
1333 4580 1507 4644 οὕτως
1534 4581 1732 4643 αὐτοὺς

156 4675 546 4744 τιμωρήσοιτο.
576 4674 687 4726 Καὶ
718 4671 913 4736 ἄλλως,
955 4674 1002 4725 εἰ
1040 4673 1102 4726 τὸ
1143 4672 1358 4742 πνεῦμα
1400 4671 1490 4723 τὸν
1528 4670 1732 4741 κόσμον

155 4767 442 4836 πεποὶηκε,
481 4765 598 4828 πῶς
624 4764 784 4818 πάλιν
810 4764 988 4833 λέγεις
1015 4763 1104 4816 τὸν
1129 4765 1330 4834 κόσμον
1359 4764 1432 4834 μὴ
1460 4763 1564 4816 ὑπὸ
1590 4761 1726 4816 Θεοῦ

156 4857 508 4928 γεγενῆσθαι;
544 4857 650 4909 Kal
681 4857 728 4908 εξ
753 4857 857 4909 τῶν
889 4856 1162 4927 ἀρχόντων
1193 4855 1449 4926 τυγχάνει
1485 4855 1643 4926 σῶμα
1666 4853 1728 4907 τὸ

159 4947 456 5018 στερέωμα,
491 4949 550 5001 ἐν
579 4948 717 5018 ποίῳ
755 4947 865 5018 ἄρα
897 4946 1113 5018 σταυρῷ
1143 4946 1451 5018 προσέπηξε
1477 4947 1602 5010 τοὺς
1630 4946 1726 5017 ἄρ-

156 5056 374 5110 χοντας,
409 5040 547 5094 Ποτὲ
582 5040 681 5111 μὲν
705 5039 816 5110 γὰρ
863 5037 1040 5108 λέγεις
1069 5039 1264 5102 αὐτοὺς
1294 5040 1351 5091 ἐν
1381 5037 1459 5108 τῷ
1494 5035 1728 5108 στερεώ-

161 5148 279 5199 ματι
304 5130 608 5202 πεπῆχθαι,
646 5130 776 5182 ποτὲ
805 5130 860 5183 δὲ
887 5129 1016 5182 αὐτὸ
1044 5129 1104 5181 τὸ
1132 5128 1416 5200 στερέωμα
1439 5128 1599 5198 σῶμα
1617 5127 1726 5181 τῶν

157 5223 324 5277 αὐτῶν
347 5222 527 5294 ὁρίζῃ.
561 5223 673 5276 Kal
696 5220 863 5293 πολλή
903 5238 996 5275 σου
1025 5223 1058 5291 ἠ
1093 5221 1466 5293 άσυναρτησία
1503 5220 1611 5276 τῶν
1636 5221 1725 5275 λό-

218 5381 233 5408 ¹
259 5380 388 5451 Leg.
415 5380 522 5452 γάρ
554 5382 751 5434 άπεστ.
827 5381 847 5410 ⁸
885 5377 1008 5435 Cor.
1043 5378 1265 5449 ἐτέρων.

1829 4506 1987 4548 versa
2017 4491 2277 4546 inferiora
2311 4506 2420 4546 non
2467 4490 2704 4559 amplius
2735 4491 3026 4560 supplicii,
3061 4491 3158 4546 sed
3194 4500 3406 4547 natura:

1829 4583 2116 4653 cujusdam
2143 4581 2384 4638 melioris
2411 4580 2785 4638 conditionem
2807 4581 3154 4649 obtinebunt,
3182 4597 3307 4637 cum
3335 4598 3404 4638 ex

1830 4690 1898 4732 eo
1927 4676 2048 4730 loco
2077 4673 2325 4744 spiritus,
2367 4688 2506 4744 quos
2533 4673 2602 4728 ad
2630 4687 2848 4746 poenam
2877 4674 3097 4730 trahere
3125 4674 3405 4746 principes

1831 4764 2014 4830 vellet,
2052 4762 2324 4826 indidem,
2363 4763 2509 4818 velut
2544 4779 2612 4818 ex
2652 4762 2913 4832 iucundis
2951 4778 3015 4818 ac
3046 4763 3405 4819 familiaribus

1832 4855 2076 4920 sedibus,
2120 4854 2228 4909 alio
2261 4863 2519 4924 tanquam
2551 4853 2618 4908 ad
2648 4854 2902 4924 supplicii
2934 4855 3112 4910 locum
3145 4855 3404 4926 puniendi

1830 4965 2000 5004 causa
2043 4947 2403 5004 transtulerit.
2436 4946 2640 5002 Deinde
2667 4947 2714 5002 si
2757 4948 2995 5004 mundus
3025 4962 3057 5002 a
3096 4949 3289 5018 spiritu
3319 4947 3402 5000 fa-

1830 5039 2076 5096 bricatus
2105 5045 2210 5103 est,
2239 5052 2472 5108 quanam
2507 5038 2718 5093 ratione
2747 5039 3010 5093 mundum
3039 5052 3206 5107 negas
3237 5051 3268 5090 a
3298 5035 3404 5091 Deo

1833 5132 2222 5202 procreatum?
2247 5131 2380 5186 Item
2405 5132 2451 5187 si
2491 5131 2896 5186 ﬁrmamentum
2930 5129 3241 5200 principum
3280 5143 3406 5182 cor-

1835 5237 1937 5292 pus
1961 5231 2082 5289 est,
2119 5224 2210 5277 cui
2255 5223 2474 5278 tandem
2506 5221 2657 5278 cruci
2694 5219 2970 5291 principes
3006 5218 3216 5274 ailixit‘l
3253 5217 3403 5285 Quos

217 5536 325 5607 (δι)
367 5540 623 5594 Φαύλων
655 5536 725 5594 δὲ
783 5538 1029 5608 χωρίων.
1097 5539 1400 5612 Depravata
1453 5541 1556 5598 ista
1616 5542 1743 5592 sunt

1845 5537 1932 5595 IISI
1979 5537 2119 5594 forte
2179 5538 2505 5609 μετάστασιν
2554 5533 2663 5591 τῶν
2717 5532 2932 5605 χωρίων
2978 5531 3116 5590 dixit
3171 5548 3269 5604 pro
3318 5531 3396 5594 εἰς

155 5628 216 5683 τά
247 5632 446 5702 χωρία.
