3850 6204
400 244 507 302 105

1828 239 1884 294 S.
1929 238 2269 297 EPIPHAN"

3553 240 3651 298 104

398 369 455 414 tu
481 374 874 431 nonnunquam
902 359 959 415 in
983 360 1326 416 ﬁrmamento
1356 358 1580 415 sufﬁxos
1613 357 1798 416 doces.
1829 359 1980 414 Alias

2096 377 2212 429 (inv.
2241 360 2363 431 ήτις
2413 361 2668 432 οὐδεμίαν
2721 360 3041 415 ἀκολουθίαν
3090 359 3226 431 πρὸς
3267 359 3368 429 τὴν
3401 358 3653 430 ἀλήθειαν

400 454 801 508 ﬁrmamentum
830 454 1009 523 ipsum
1041 453 1358 508 earumdem
1405 467 1606 522 corpus
1636 467 1758 508 esse
1787 451 1979 506 defen-

401 542 508 600 dis.
539 542 618 598 Ex
661 545 863 615 quibus
909 553 1135 616 apparet
1178 560 1449 601 summam
1487 546 1539 599 in
1591 546 1843 600 oratione
1881 552 1976 599 tua

2082 454 2217 523 ἔχει.
2255 454 2341 516 Ὠς
2368 456 2425 507 ὲν
2460 456 2625 507 πᾶσιν
2659 455 2787 525 ἡμῖν
2818 454 3142 524 ὲπεφοίτησε
3176 453 3193 483 ⁸
3220 452 3501 522 πολέμιος,
3528 452 3656 522 μᾶλ-

2082 542 2172 595 λον
2204 542 2262 596 δὲ
2292 544 2466 614 ἑαυτῷ
2491 546 2584 597 καὶ¹
2610 547 2723 608 τοῖς
2750 562 2844 598 σου
2874 544 2972 616 τὴν
3008 543 3233 614 γνώμην
3254 541 3589 613 δεχομένοις.

401 637 823 693 inconstantiam
887 639 1105 705 inesse,
1169 654 1347 711 neque
1412 640 1712 711 quidquam
1776 655 1901 694 cum
1946 639 2175 695 veritate
2224 648 2653 695 consentaneum
2717 656 2781 697 ac
2832 656 3176 712 consequens
3220 639 3438 694 habere.
3481 635 3657 702 Quare

401 748 509 789 non
537 742 646 788 tam
692 733 852 791 nobis
896 734 1073 792 hostis
1116 735 1172 789 in
1216 734 1510 801 omnibus,
1570 749 1737 806 quam
1784 734 1882 790 tibi
1947 734 2053 805 ipsi
2092 735 2473 805 dogmatisque
2526 736 2603 790 tui
2670 736 3037 792 sectatoribus
3101 734 3358 791 inimicus
3406 735 3656 802 ingruere

402 826 626 880 videris.

476 914 664 972 XLIX.
705 916 813 973 Sed
844 917 977 973 illud
1021 926 1282 989 praeterea
1310 914 1600 988 proﬁtetur
1635 937 1648 971 :
1681 916 1977 988 Postquam

406 1008 499 1062 illo
530 1010 584 1062 in
635 1009 796 1079 globo
829 1010 1103 1080 principes
1154 1012 1209 1065 in
1247 1024 1468 1065 crucem
1498 1011 1757 1075 sustulit,
1798 1009 1980 1066 sidera

404 1098 765 1166 produxisse,
795 1115 919 1169 quze
959 1107 1089 1154 sunt
1130 1101 1325 1155 animae
1369 1100 1633 1171 reliquiae.
1681 1099 1799 1155 Non
1834 1101 1980 1156 enim

408 1190 648 1244 animam
678 1206 801 1246 esse
830 1192 987 1256 dixit,
1016 1193 1112 1247 sed
1141 1192 1262 1262 ejus
1292 1193 1673 1249 tantummodo
1702 1193 1978 1262 reliquias.

406 1277 453 1333 0
476 1296 673 1335 vanum
696 1282 1101 1354 absurdumque
1129 1284 1408 1339 decretum
1442 1287 1454 1338 ι
1488 1299 1521 1339 o
1547 1283 1712 1337 falsos
1732 1283 1981 1337 minime-

407 1388 513 1442 que
550 1383 949 1431 consentaneos
980 1379 1296 1432 sermones!
1330 1376 1465 1431 Nam
1515 1376 1757 1447 reliquiae
1793 1389 1983 1429 omnes

406 1467 580 1521 totius
615 1476 798 1538 partes
840 1469 1035 1538 aliquae
1081 1479 1247 1536 sunt,
1298 1469 1604 1537 iisdemque
1652 1467 1827 1537 majus
1862 1481 1984 1521 esse

407 1568 582 1615 totum
616 1574 840 1616 necesse
870 1568 972 1616 est.
1011 1563 1280 1628 Quocirca
1306 1562 1354 1617 si
1376 1562 1623 1631 reliquiae
1653 1560 1833 1614 sidera
1866 1560 1982 1628 ipsa

2156 910 2291 967 MO’.
2328 909 2463 967 Εἶτα
2512 914 2671 967 πάλιν
2720 914 2916 984 φάσκει
2948 914 2978 966 6
3020 912 3203 977 αὐτὸς,
3252 914 3356 978 ὅτι,
3410 912 3553 983 μετά
3601 912 3657 965 τὸ

2086 1002 2490 1074 ὲσταυρωκέναι
2521 1004 2647 1066 τοὺς
2687 1003 2953 1073 ἄρχοντας
2994 1004 3052 1055 ὲν
3088 1004 3155 1073 τῇ
3207 1002 3432 1073 σφαίρᾳ,
3479 1002 3659 1054 ἔκτισε

2084 1096 2211 1159 τοὺς
2238 1097 2548 1167 φωστῆρας,
2580 1096 2615 1149 ἃ.
2653 1098 2768 1148 ἐστι
2808 1096 2907 1165 τῆς
2942 1094 3120 1165 ψυχῆς
3149 1094 3212 1147 τὸ
3249 1094 3522 1163 λείψανον.
3556 1095 3659 1147 Καὶ

2086 1186 2148 1238 οὐ
2177 1185 2324 1252 λέγει
2338 1186 2437 1256 τὴν
2462 1186 2662 1257 ψυχὴν,
2684 1184 2820 1238 ἀλλά
2840 1184 2940 1254 τῆς
2962 1183 3141 1254 ψυχῆς
3166 1184 3412 1253 λείψανα.
3445 1186 3510 1237 Ὢ
3541 1186 3662 1238 ἀσυ-

2089 1278 2283 1331 στάτου
2309 1276 2597 1346 δόγματος,
2632 1278 2726 1330 καὶ
2767 1276 2938 1346 λόγων
2970 1275 3178 1344 ψευδῶν
3228 1277 3320 1330 καὶ
3354 1277 3659 1346 ἀσυναρτήο

2086 1372 2227 1424 τωνί
2264 1370 2380 1424 Πᾶν
2413 1371 2522 1441 γὰρ
2558 1372 2619 1423 τὸ
2647 1370 2895 1440 λείψανον
2928 1369 3090 1441 μέρος
3127 1369 3378 1439 τυγχάνει
3404 1367 3499 1422 τοῦ
3530 1367 3664 1439 πλη-

2092 1461 2359 1534 ρώματος.
2387 1463 2461 1516 Τὸ
2491 1463 2549 1516 δὲ
2587 1462 2858 1534 πλήρωμα
2897 1463 3081 1533 μεῖζον
3122 1462 3377 1532 τυγχάνει
3417 1461 3515 1514 τοῦ
3556 1461 3663 1513 λει-

2087 1552 2278 1622 ψάνου.
2323 1554 2387 1607 Εἰ
2447 1554 2625 1607 τοίνυν
2674 1551 2743 1607 τὰ
2797 1553 3023 1624 λείψανά
3075 1554 3211 1607 εἰσιν
3248 1555 3298 1606 οἱ
3356 1554 3661 1625 φωστῆρες,

409 1660 558 1716 sunt,
591 1650 752 1705 velim
777 1652 935 1706 nobis
965 1654 1143 1722 majus
1174 1653 1376 1723 aliquid
1416 1652 1691 1708 sideribus
1732 1651 1867 1720 ipsis
1894 1664 1985 1705 os-

2096 1646 2314 1713 Ξειξάτω
2347 1649 2477 1717 ήμῖν
2509 1646 2818 1718 μειζότερον
2847 1645 2955 1700 τῶν
2998 1646 3320 1716 φωστήρων,
3350 1646 3437 1699 ἵνα
3467 1647 3665 1716 ἴδωμεν

406 1740 616 1804 tendat,
644 1750 705 1794 ut
726 1744 963 1795 animam
986 1742 1284 1798 videamus.
1304 1744 1466 1815 662
1487 1743 1581 1797 Sin
1606 1750 1781 1797 totum
1807 1742 1983 1813 ipsum

2096 1738 2187 1808 τὴν
2214 1738 2411 1810 ψυχήν.
2438 1740 2500 1792 Et
2543 1739 2598 1792 δὲ
2639 1738 2699 1791 τὸ
2733 1739 2830 1808 μὲν
2856 1738 3130 1809 πλήρωμα
3163 1736 3433 1808 βέϐρωται
3459 1739 3558 1792 καὶ
3580 1740 3667 1792 ἀν-

407 1832 725 1889 devoratum
766 1841 850 1888 est
892 1842 945 1889 et
990 1846 1414 1906 consumptum,
1480 1837 1711 1910 ejusque
1742 1837 1985 1905 reliquiae

2096 1830 2312 1893 άλωται,
2334 1831 2583 1899 λείψανον
2613 1829 2669 1883 δὲ
2697 1830 2745 1882 οἱ
2770 1830 3074 1901 φωστῆρες,
3097 1829 3203 1900 ἄρα
3222 1829 3318 1884 καὶ
3349 1830 3508 1882 αὐτοὶ
3535 1830 3663 1883 ὑπο-

408 1922 589 1979 sidera
618 1926 734 1994 ipsa
764 1933 916 1989 sunt,
956 1941 1081 1979 cum
1110 1927 1222 1981 haec
1256 1928 1408 1981 cruci
1441 1928 1618 1983 aﬂixis
1648 1929 1985 1999 principibus

2096 1922 2240 1975 κάτω
2263 1921 2370 1974 τῶν
2398 1921 2825 1996 ἐσταυρωμένων
2864 1922 3143 1993 ἀρχόντων
3169 1922 3319 1985 ὄντες
3353 1920 3663 1993 βρωθήσον-

407 2014 666 2070 inferiora
702 2016 833 2083 sint,
869 2018 1088 2072 tandem
1120 2025 1172 2073 et
1205 2020 1322 2087 ipsa
1380 2018 1786 2073 devorahuntur
1815 2038 1827 2073 :
1863 2034 1987 2073 cum

406 2107 709 2177 principes,
739 2118 800 2161 ut
823 2110 959 2176 dixi,
994 2111 1307 2180 superiores
1324 2109 1485 2165 sedes
1508 2112 1806 2166 obtineant.
1832 2110 1987 2176 Quod

409 2200 456 2254 si
490 2215 587 2269 pro
618 2216 684 2255 co
710 2201 853 2271 quod
880 2200 1055 2255 suffixi
1087 2211 1234 2267 sunt,
1270 2220 1369 2260 nec
1393 2204 1650 2267 animam,
1678 2218 1781 2258 nec
1810 2202 1988 2259 sidera

408 2292 646 2345 retinere
690 2298 955 2361 possunt,
991 2294 1103 2347 ruit
1139 2295 1317 2351 omnis
1351 2295 1443 2349 illa
1479 2304 1606 2361 tua,
1654 2294 1948 2348 Manichaee
1971 2333 1985 2357 ,

410 2382 592 2436 iuan'B
622 2396 687 2437 ac
721 2383 955 2437 conﬁcta
996 2386 1263 2440 narratio.

481 2470 666 2542 Pergit
699 2474 840 2528 idem
870 2482 1032 2544 atque
1064 2475 1135 2528 ita
1174 2475 1400 2531 disserit
1429 2496 1441 2531 :
1478 2476 1867 2546 Posteaquam,
1901 2474 1986 2528 in-

410 2564 563 2635 quit,
593 2563 841 2635 Bajulum
876 2566 1210 2635 increpavit,
1260 2571 1491 2624 materia
1539 2584 1758 2639 quoque
1790 2570 1990 2639 stirpes

410 2656 513 2710 sibi
544 2657 827 2711 universas
853 2657 1134 2729 produxit.
1164 2658 1311 2725 Quas
1337 2674 1461 2715 cum
1491 2659 1781 2731 deprzrdati
1804 2666 1989 2715 essent

410 2748 709 2818 principes,
741 2756 855 2803 tum
898 2765 1131 2821 magnus
1169 2753 1424 2822 princeps
1452 2761 1678 2807 caeteros
1703 2767 1893 2807 omnes
1927 2768 1989 2807 ac

410 2838 703 2909 primarios
733 2854 1070 2906 convocans,
1095 2842 1301 2896 viritim
1333 2843 1577 2913 singulas
1612 2843 1680 2897 ab
1712 2843 1779 2896 iis
1810 2841 1988 2896 virtu-

411 2940 493 2986 tes
522 2932 766 3002 aecepit;
792 2931 991 2987 dehinc
1011 2932 1288 2988 hominem
1327 2932 1392 2986 ad
1417 2934 1616 3003 prioris
1640 2934 1787 2987 illius
1810 2947 1988 2988 exem-

410 3023 532 3094 plar
556 3022 797 3089 eﬂinxit,
842 3025 1002 3094 eique
1029 3025 1254 3096 illigavit
1280 3024 1519 3079 animam
1548 3042 1562 3091 ;
1596 3034 1757 3095 atque
1798 3040 1859 3079 ea
1888 3024 1984 3079 de-

411 3128 561 3167 mum
609 3120 694 3167 est
749 3114 1150 3170 commistionis
1207 3122 1520 3182 mutumque
1577 3114 1985 3184 temperationis

412 3206 572 3260 ratio.
607 3202 806 3260 Verum
845 3220 971 3260 cum
1004 3206 1161 3261 vivus
1178 3202 1341 3261 Pater
1370 3205 1620 3261 aﬂlictam
1666 3207 1720 3262 in
1756 3221 1986 3278 corpore

412 3295 621 3351 videret
655 3296 915 3363 animam,
944 3312 1043 3367 pro
1074 3298 1409 3354 humanitate
1442 3299 1840 3372 clementiaque
1864 3317 1981 3368 sua,

414 3385 577 3440 unice
605 3385 862 3441 dilectum
891 3401 921 3440 a
958 3401 1017 3442 se
1053 3384 1250 3441 Filium
1280 3390 1346 3442 ad
1391 3388 1538 3443 illius
1575 3394 1801 3446 salutem
1825 3391 1987 3447 dimi«

416 3478 507 3533 sit.
532 3474 617 3533 οι)
639 3478 779 3532 hanc
802 3478 945 3532 enim
972 3494 1216 3542 causam,
1241 3487 1357 3534 tum
1378 3479 1547 3551 Bajuli
1568 3481 1737 3553 gratia
1755 3481 1983 3536 missum

421 3566 574 3621 illum
605 3565 905 3623 existimat.
935 3566 1106 3622 Porro
1137 3565 1309 3623 Filius
1338 3585 1458 3624 mox
1496 3577 1555 3624 ut
1588 3570 1826 3634 advenit,
1867 3586 1986 3626 sese

415 3658 471 3712 in
507 3658 747 3715 hominis
782 3660 1018 3730 speciem
1049 3659 1387 3731 ﬁguramque
1429 3663 1728 3730 convertit;
1766 3664 1899 3718 adeo
1931 3672 1987 3716 ut

419 3750 732 3805 hominibus
759 3750 998 3806 hominis
1028 3752 1205 3807 instar
1226 3763 1532 3823 appareret,
1560 3765 1613 3811 et
1635 3769 1758 3811 eum
1784 3754 1859 3809 illi
1885 3771 1984 3809 na-

414 3852 527 3897 tum
551 3855 673 3897 esse
691 3841 796 3897 sibi
816 3842 1231 3912 persuaderent.
1261 3844 1364 3911 Qui
1400 3860 1523 3900 cum
1554 3847 1898 3911 accessisset,
1934 3854 1987 3901 et

414 3931 481 3985 ad
517 3930 795 3985 hominum
819 3932 1047 3987 salutem
1076 3933 1504 4003 recuperandam
1537 3951 1697 3989 suum
1721 3950 1859 4005 opus
1890 3935 1986 3990 de-

414 4025 702 4093 signasset,
744 4024 1053 4078 machinam
1101 4026 1393 4096 quamdam
1440 4027 1747 4092 exstruxit;
1784 4029 1837 4081 in
1880 4042 1987 4097 qua

413 4116 532 4171 cadi
584 4116 798 4172 inerant
846 4117 1169 4183 duodecim;
1225 4133 1347 4189 quae
1384 4118 1533 4189 globi
1577 4118 1840 4189 vertigine
1884 4118 1990 4173 cir-

415 4208 726 4261 cumvoluta
776 4215 1118 4262 mortuorum
1166 4207 1223 4261 in
1268 4208 1502 4263 sublime
1536 4208 1748 4264 animas
1788 4208 1985 4271 evehit,

413 4314 553 4369 quas
585 4298 675 4354 ubi
703 4300 788 4356 sol
810 4301 1107 4372 exceperit,
1132 4308 1410 4371 repurgat,
1437 4309 1491 4355 et
1514 4302 1568 4356 in
1589 4302 1772 4356 lunam
1804 4310 1989 4355 trans-
2021 4336 2067 4392 Β

416 4392 602 4447 mittit.
641 4390 717 4445 Ita
754 4392 917 4458 lunae,
947 4406 1110 4463 quem
1139 4392 1501 4462 appellamus,
1536 4392 1687 4450 orbis
1709 4393 1984 4463 impletur.

485 4660 550 4716 L.
598 4657 765 4716 Vides
804 4665 1009 4730 quanta
1043 4659 1118 4714 sit
1154 4657 1474 4729 impostoris
1512 4656 1726 4713 vanitas
1763 4657 1992 4714 oblivio-

416 4769 522 4826 que
550 4762 811 4824 tnquam
839 4767 907 4807 ex
930 4753 1194 4807 ebrietate
1227 4750 1541 4805 contracta?
1565 4749 1697 4816 Quae
1713 4751 1857 4805 enim
1894 4765 1992 4805 an-

414 4853 502 4900 tea
530 4846 689 4912 dixit,
724 4860 832 4899 non
884 4843 1208 4898 recordatur
1253 4844 1509 4912 amplius,
1547 4850 1602 4897 et
1622 4857 1744 4912 qua:
1784 4842 1990 4897 dixisse

416 4938 650 5003 videtur,
680 4940 981 4991 commutat
1020 4948 1085 4989 ac
1120 4934 1373 4997 destruit.
1415 4943 1470 4990 et
1505 4942 1718 4989 suamet
1749 4935 1864 5005 ipse
1894 4934 1991 4989 do-

418 5036 599 5098 gmata
620 5028 910 5081 subvertit.
934 5024 1071 5080 Nam
1101 5026 1238 5081 alias
1266 5027 1425 5081 aliter
1444 5026 1691 5093 disserit,
1722 5035 1781 5081 ut
1804 5027 1987 5097 priora

418 5117 814 5189 posterioribus
834 5124 1064 5185 evertat,
1102 5130 1168 5170 ac
1195 5131 1318 5188 quae
1345 5118 1505 5173 initio
1539 5125 1837 5183 everterat,
1866 5133 1990 5173 rur-

418 5224 516 5264 sus
542 5208 842 5275 instauret;
881 5217 939 5263 ut
968 5208 1099 5264 illud
1135 5212 1427 5281 perspicue
1462 5209 1724 5277 declaret,
1760 5225 1869 5265 non
1902 5212 1985 5267 sui

421 5316 479 5355 se
518 5308 820 5368 compotem
870 5316 1014 5365 esse,
1061 5300 1156 5358 sed
1201 5303 1271 5356 ab
1310 5303 1524 5370 impuro
1564 5302 1759 5371 spiritu
1802 5317 1988 5357 corre-

422 5398 569 5457 ptum
619 5389 725 5441 alia
768 5404 865 5459 pro
907 5390 1026 5447 aliis
1066 5392 1507 5461 phreneticorum
1554 5406 1708 5446 more
1756 5394 1983 5463 garrire.

416 5482 552 5539 Nam
594 5485 639 5538 si
674 5484 741 5539 de
781 5483 1013 5540 adventu
1046 5484 1258 5541 Domini
1292 5487 1462 5542 nostri
1492 5486 1624 5543 Jcsu
1668 5487 1875 5544 Christi
1906 5490 1985 5545 lo-

466 5636 480 5664 ¹
519 5636 578 5695 F.
608 5641 987 5711 ἑπεφοίτησας,
1062 5643 1082 5673 ¹
1114 5640 1175 5697 F.
1207 5640 1482 5696 δύνανται.
1562 5643 1581 5674 ³
1618 5640 1677 5697 F.
1721 5642 1831 5698 to’.

2086 2030 2196 2077 ται,
2228 2011 2334 2065 τῶν
2372 2013 2647 2083 ἀρχόντων
2691 2012 2788 2083 τὴν
2835 2011 3141 2082 ὲπανότητα
3190 2012 3565 2083 κεκτημένων.
3605 2013 3666 2066 Ei

2088 2104 2163 2168 δὲ,
2199 2102 2287 2156 διὰ
2327 2103 2387 2155 τὸ
2416 2102 2812 2173 ἐσταυρῶσθαι,
2852 2103 3046 2173 μηκέτι
3081 2102 3339 2157 δύνασθαι
3372 2106 3394 2136 ¹
3431 2107 3490 2158 ὲν
3537 2104 3668 2158 καθ-

2091 2195 2203 2260 έξει
2237 2197 2338 2266 τῆς
2360 2196 2538 2266 ψυχῆς
2576 2195 2670 2249 καὶ
2698 2194 2805 2249 τῶν
2844 2197 3145 2266 φωστήρων
3178 2192 3333 2263 εἶναι,
3363 2198 3616 2252 διέπεσεν
3638 2199 3665 2251 6

2091 2287 2183 2340 σοῦ
2223 2287 2468 2359 ληρώδης
2501 2287 2677 2355 λόγος,
2712 2282 2757 2341 ὧ
2792 2289 3081 2358 Μανιχαίε.

2159 2463 2294 2521 Εἶτα
2320 2466 2481 2521 πάλιν
2510 2469 2538 2521 6
2565 2466 2727 2532 αὐτὸς
2769 2468 3055 2534 διδάσκων,
3086 2470 3188 2532 ὅτι,
3234 2469 3371 2539 μετὰ
3395 2469 3459 2523 τὸ
3487 2471 3664 2524 ἐπιτι-

2093 2558 2261 2629 μῆσαι
2292 2557 2370 2627 τῷ
2412 2557 2712 2629 Ὦμοφόρῳ,
2738 2558 2937 2621 ἔκτισε,
2972 2559 3159 2628 φησὶν,
3188 2559 3353 2628 ἑαυτῇ
3378 2561 3473 2612 καὶ
3505 2561 3538 2629 ή
3569 2559 3666 2630 ὕλη

2090 2652 2271 2706 πάντα
2300 2650 2368 2703 τά
2391 2650 2537 2719 φυτά
2560 2667 2574 2681 ο
2608 2652 2701 2703 καὶ
2727 2651 3054 2721 συλωμένων
3079 2650 3191 2704 τῶν
3216 2650 3397 2704 αὐτῶν
3425 2653 3531 2704 ὑπὸ
3561 2653 3667 2706 τῶν

2088 2740 2385 2811 ἀρχόντων,
2419 2738 2673 2793 ἐκάλεσεν
2697 2741 2725 2792 6
2762 2739 2934 2809 μέγας
2967 2740 3147 2809 ἄρχων
3177 2740 3383 2804 πάντας
3415 2743 3545 2805 τοὺς
3574 2742 3671 2813 ap-

2090 2848 2283 2903 χοντας
2316 2831 2411 2885 καὶ
2439 2831 2800 2901 πρωτίστους,
2837 2831 2930 2884 καὶ
2976 2830 3165 2884 ἐλαϐεν
3211 2834 3305 2886 ἀπ’
3345 2832 3526 2886 αὐτῶν
3569 2833 3670 2888 ἀνὰ

2094 2923 2223 2993 μίαν
2248 2920 2478 2992 δύναμιν
2496 2939 2509 2952 ·
2546 2922 2641 2976 καὶ
2662 2922 3064 2977 κατεσκεύασεν
3091 2923 3376 2997 ἄνθρωπον
3408 2927 3553 2981 κατά
3571 2927 3671 2998 τήν

2096 3013 2237 3067 ἰδέαν
2265 3013 2359 3066 τοῦ
2394 3012 2609 3084 πρώτου
2637 3012 2923 3085 ἀνθρώπου
2967 3015 3202 3078 ἐκείνου,
3236 3017 3331 3093 καςι
3368 3017 3668 3087 ὲδέσμευσε

2092 3107 2188 3176 τὴν
2214 3104 2392 3177 ψυχὴν
2438 3108 2496 3158 ἐν
2534 3105 2703 3176 αὐτῷ.
2740 3106 2888 3178 Αὕτη
2921 3108 3070 3160 ἐστὶν
3110 3109 3144 3179 ή
3182 3107 3283 3179 τῆς
3314 3109 3673 3181 συγκράσεως

2093 3197 2370 3263 ὑπόθεσις.
2402 3199 2523 3254 Ὅτι
2551 3198 2606 3254 δὲ
2635 3195 2763 3266 εἶδε,
2795 3203 2980 3272 φησιν,
3014 3203 3043 3255 6
3070 3200 3257 3275 Πατὴρ
3290 3204 3319 3255 6
3354 3201 3465 3267 ζῶν
3494 3201 3675 3257 θλιόοο

2096 3290 2264 3361 μένην
2300 3291 2398 3361 τὴν
2425 3289 2603 3361 ψυχήν
2631 3293 2689 3345 ἐν
2712 3292 2787 3362 τῷ
2815 3290 3049 3363 σώματι,
3078 3292 3448 3364 εὖσπλαγχνος
3468 3293 3548 3348 ὢν
3578 3296 3671 3348 καὶ

2092 3382 2213 3452 ὲλεή
2222 3400 2357 3453 μων,
2382 3382 2593 3453 ἔπεμψε
2625 3383 2715 3436 τὸν
2742 3383 2868 3437 Υἱδν
2896 3384 3060 3439 αὐτοῦ
3092 3386 3185 3439 τὸν
3212 3387 3570 3457 ἠγαπημένον
3594 3390 3674 3451 εἰς

2095 3474 2366 3546 σωτηρίαν
2391 3475 2492 3545 τῆς
2517 3475 2716 3546 ψυχῆς.
2747 3476 2845 3529 Διά
2870 3476 2977 3549 γάρ
3006 3477 3214 3549 ταύτην
3244 3477 3343 3549 τήν
3376 3478 3671 3549 πρόφασιν,

2092 3567 2188 3621 καὶ
2220 3568 2319 3638 τήν
2366 3566 2460 3620 τοῦ
2513 3568 2809 3641 Ὠμοφόρου
2861 3569 3196 3623 ἀπεστάλθαι
3246 3570 3409 3624 αὐτὸν
3449 3571 3670 3639 φάσκει.

2092 3659 2204 3713 Καὶ
2233 3658 2402 3714 ἐλθὼν
2429 3663 2458 3714 6
2487 3661 2615 3723 Υἱὸς
2648 3662 3116 3732 μετεσχημάτισεν
3144 3662 3337 3717 ἑαυτὸν
3362 3666 3440 3727 είς
3462 3663 3674 3734 ἀνθρώ·

2094 3767 2195 3803 που
2235 3744 2393 3815 εἶδος,
2440 3753 2535 3805 καὶ
2574 3749 2823 3820 ἐφαίνετο
2861 3756 2971 3814 τοῖς
3011 3752 3316 3821 ἀνθρώποις
3348 3754 3423 3816 ὼς
3459 3753 3669 3824 ἂνθρω-

2094 3860 2213 3908 πος,
2245 3845 2339 3897 καὶ
2369 3846 2419 3896 oi
2458 3844 2737 3916 ἄνθρωποι
2782 3846 3050 3899 ὑπέλαϐον
3096 3847 3259 3901 αὐτὸν
3286 3846 3669 3918 γεγεννῆσθαι.

2106 3932 2305 3987 Ἐλθὼν
2332 3930 2447 4000 οὖν,
2486 3936 2579 3988 καὶ
2619 3937 2853 4006 ποιήσας
2887 3936 2984 4007 τὴν
3007 3937 3371 4009 δημιουργίαν
3401 3938 3542 4008 πρὸς
3573 3956 3677 3991 σω-

2094 4026 2290 4097 τηρίαν
2318 4025 2426 4079 τῶν
2467 4026 2792 4098 ἀνθρώπων,
2836 4029 3084 4099 μηχανὴν
3124 4031 3490 4100 συνεστήσατο
3523 4030 3677 4101 ἐχου-

2097 4136 2197 4173 σαν
2222 4118 2426 4173 δώδεκα
2472 4121 2685 4185 κάδους,
2716 4122 2859 4192 ἣτις,
2890 4122 2995 4175 ὑπὸ
3029 4124 3129 4194 τῆς
3168 4123 3403 4194 σφαίρας
3443 4141 3667 4195 στρεφο-

2099 4210 2257 4281 μένη,
2307 4212 2571 4282 ἀνιμᾶται
2617 4212 2726 4265 τῶν
2773 4211 3117 4283 θνησκόντων
3156 4214 3256 4277 τὰς
3313 4214 3513 4284 ψυχάς.
3562 4217 3675 4270 Καὶ

2095 4302 2299 4366 ταύτας
2337 4304 2367 4356 6
2409 4303 2581 4373 μέγας
2616 4303 2842 4375 φωστὴρ
2873 4308 2994 4368 ταῖς
3040 4305 3221 4359 ἀκτῖσι
3263 4306 3460 4369 λαϐὼν,
3501 4309 3676 4361 καθα-

2098 4394 2256 4465 ρίζει,
2294 4397 2388 4448 καὶ
2439 4386 2759 4466 μεταδίδωσι
2806 4401 2872 4468 τῇ
2939 4398 3165 4472 σελήνῃ·
3203 4400 3297 4453 καὶ
3347 4400 3490 4454 οὕτω
3533 4401 3675 4471 πλη-

2098 4485 2279 4555 ροῦται
2304 4488 2403 4557 τῆς
2448 4487 2678 4558 σελήνης
2701 4491 2730 4542 6
2770 4489 2973 4554 δίσκος,
3007 4492 3035 4544 6
3078 4492 3210 4563 παρ’
3233 4495 3366 4563 ήμῖν
3395 4508 3673 4565 προσαγοο

2099 4578 2410 4649 ρευόμενος.

2163 4670 2245 4724 N'.
2280 4670 2391 4723 Καὶ
2419 4671 2550 4743 ὁρᾷς
2596 4672 2733 4743 πόση
2773 4671 2964 4725 τούτου
2997 4673 3091 4727 τοῦ
3138 4674 3333 4745 γόητος
3361 4677 3395 4745 ἡ
3422 4675 3677 4749 ληρώδης

2096 4761 2351 4832 φλυαρία,
2385 4764 2479 4816 καὶ
2524 4763 2694 4834 μέθης
2723 4763 2897 4836 λήθης
2925 4765 3005 4818 re
3036 4764 3145 4837 γὰρ
3189 4767 3282 4819 ὑπ’
3309 4768 3476 4821 αὑτοῦ
3520 4768 3679 4837 λεγό-

2097 4870 2233 4923 μενα
2265 4856 2347 4917 είς
2399 4854 2571 4925 λήθην
2616 4856 2959 4925 μεταδίδωσι,
2994 4857 3087 4911 καὶ
3135 4858 3233 4911 ὅσα
3272 4858 3422 4911 δοκεῖ
3467 4858 3679 4928 λέγειν,

2097 4945 2510 5015 μετασκευάζει,
2564 4947 2660 5002 καὶ
2703 4948 3083 5013 ἀνασκευάζει,
3126 4949 3195 5003 τά
3240 4948 3347 5003 ίδια
3387 4952 3682 5005 καταλύων

2092 5036 2358 5108 δόγματα.
2392 5038 2615 5091 Ἀλλοτε
2649 5039 2750 5110 μὲν
2770 5038 2945 5101 ἄλλως
2969 5040 3067 5094 καὶ
3097 5040 3271 5105 ἄλλως
3295 5041 3680 5114 διηγούμενος,

2094 5130 2184 5183 καὶ
2218 5129 2285 5183 τά
2318 5130 2519 5203 ὕστερα
2551 5132 2619 5185 τὰ
2647 5131 2836 5203 πρῶτα
2864 5132 3143 5196 καταλύει,
3172 5136 3263 5187 καὶ
3292 5132 3328 5187 ἃ
3352 5136 3411 5187 ὲν
3438 5136 3681 5205 πρώτοις

2094 5220 2408 5285 κατέλυσεν,
2452 5218 2608 5285 αὖθις
2657 5222 2816 5277 πάλιν
2860 5223 3150 5294 οἰκοδομεῖ,
3192 5222 3312 5296 [ὡς]
3363 5224 3450 5277 ἴνα
3502 5224 3680 5299 δείξῃ,

2093 5311 2175 5364 ὅτι
2207 5311 2301 5379 ἀφ’
2328 5310 2348 5342 ³
2380 5312 2574 5365 ἑαυτοῦ
2608 5313 2668 5365 οὐ
2719 5312 3074 5384 καθέστηκεν,
3111 5313 3247 5368 ἀλλά
3288 5314 3395 5367 ὑπὸ
3429 5316 3676 5387 πνεῦμα.

2092 5416 2184 5463 τος
2214 5399 2525 5471 ἀκαθάρτου
2556 5400 2913 5473 ἐλαυνόμενος
2944 5402 3079 5456 ἄλλα
3125 5401 3240 5457 ἀντ’
3268 5404 3445 5457 ἄλλων
3474 5404 3672 5475 διηγεῖ-

2092 5508 2205 5557 ται,
2247 5490 2493 5564 καθάπερ
2525 5496 2573 5547 οἱ
2608 5493 3023 5566 φρενητιῶντες.
3065 5496 3218 5549 Ἤτοι
3260 5494 3370 5566 γάρ
3402 5495 3500 5569 τὴν
3537 5514 3673 5571 παρ-
