3850 6204
145 288 224 346 ωε
767 282 1135 342 ADVERSUS
1176 282 1515 340 HAIRESES
1545 283 1673 339 [ΑΒ.
1707 280 1772 338 ll.
1812 280 1977 339 TOM.
2013 283 2075 340 ll.
2115 315 2185 327 -—
2216 283 2491 340 HERES.
2532 283 2718 339 LXVI.

3250 288 3350 346 108

143 408 300 463 ουσίαν
340 406 486 474 λέγει
523 405 618 459 τοῦ
646 405 852 477 Κυρίου
876 405 1032 478 ἡμῶν
1059 406 1232 478 Ἰησοῦ
1259 403 1518 477 Χριστοῦ,
1550 404 1684 474 μετὰ

1799 402 2343 474 ιιιὶιιιιι,663ιιηιιίε
2379 405 2468 459 ille
2489 405 2671 458 multis
2700 411 2884 472 postea
2910 405 3153 474 contigit,
3185 421 3348 475 quam

143 499 286 555 πολλὰ
333 498 434 570 ἐτη.
475 497 572 552 τοῦ
621 498 872 566 γενέσθαι
920 499 1046 560 τοὺς
1091 499 1400 569 φωστῆρας,
1453 492 1616 568 ἦλθεν
1647 499 1682 568 η

143 592 410 664 ⁴ειτιρουσία,
441 589 536 644 καὶ
567 589 702 660 μετὰ
735 589 832 659 τὴν
861 590 989 660 παρ’
1023 587 1171 659 αὐτῷ
1210 587 1454 659 μηχανὴν
1487 589 1684 642 καλουσ

145 685 287 756 μένην
326 681 435 736 τῶν
467 681 672 734 δώδεκα
713 680 909 733 κάδων.
950 680 1060 733 Ἀεὶ
1101 679 1209 750 γάρ
1252 681 1310 732 ὲν
1354 680 1568 750 οὐρανῷ
1601 677 1686 744 εξ-

139 778 244 828 ὁτου
269 773 462 842 γέγονε
509 772 764 843 τυγχάνει
789 771 859 825 τὰ
884 771 1080 842 ἄστρα,
1117 771 1235 842 ἤτοι
1277 773 1515 841 στοιχεῖα
1548 770 1688 823 αὐτὰ

141 866 300 920 καλεῖν
332 865 631 935 βούλονται,
677 865 794 936 ἦτοι
825 864 1168 934 διαστήματα
1195 861 1289 916 τοῦ
1333 860 1565 932 οὐρανοῦ
1593 861 1688 914 καὶ

135 957 314 1026 μέτρα.
341 956 528 1024 Ὅμως
556 954 663 1008 άπὸ
689 954 955 1024 τετάρτης
978 953 1191 1025 ἡμέρας
1207 953 1308 1023 τῆς
1335 953 1688 1023 κοσμοποιίας

137 1047 193 1101 τὰ
219 1045 396 1100 πάντα
422 1046 603 1109 καλῶς
635 1045 913 1108 τέτακται,
948 1046 1048 1098 οὐκ
1083 1047 1164 1109 είς
1202 1044 1406 1116 βλάϐην
1447 1047 1557 1098 τῶν
1583 1046 1688 1100 ὑπὸ

140 1138 249 1192 Θεοῦ
281 1137 702 1208 κυριευομένων.
745 1137 810 1190 Ἡ
837 1136 893 1189 δὲ
921 1137 1015 1190 τοῦ
1051 1136 1287 1210 Χριστοῦ
1331 1139 1600 1209 παρουσία
1629 1141 1687 1192 ὲν

138 1231 201 1301 τῷ
238 1229 710 1299 πεντεκαιδεκάτῳ
738 1227 848 1281 ἔτει
876 1226 1128 1300 Τιϐερίου
1173 1228 1449 1302 Καίσαρος
1486 1228 1688 1300 ἤρξατο

138 1322 214 1375 τοῦ
239 1320 615 1392 κηρύγματος,
642 1318 778 1391 μετὰ
791 1321 1109 1390 τριακοστὸν
1124 1321 1240 1384 ἔτος
1259 1320 1542 1392 τῆςυαύτοῦ
1568 1339 1688 1389 γεν-

137 1415 346 1482 νήσεως,
393 1412 530 1482 ὅπερ
577 1413 817 1481 κατήντα
861 1412 943 1475 είς
997 1412 1526 1483 πεντακισχιλιοστὸν
1575 1411 1686 1483 (⁸55)

139 1502 564 1557 πεντακοσιοστὸν
620 1502 802 1553 ἔνατον
857 1501 976 1565 ἔτος
1027 1504 1125 1574 τῆς
1171 1504 1543 1574 κοσμοποιίας,
1594 1502 1688 1555 καὶ

132 1594 432 1667 τριακοστὸν
463 1595 562 1664 τῆς
590 1592 752 1646 αὑτοῦ
783 1594 1023 1664 ἡλικίας,
1057 1595 1374 1667 τριακοστὸν
1403 1595 1459 1648 δὲ
1505 1594 1686 1665 τρίτον

131 1689 220 1750 ἓως
243 1675 339 1740 τοῦ
371 1685 623 1757 σταυροῦ.
659 1685 782 1748 Πῶς
807 1679 898 1738 οὖν
927 1686 1036 1739 ἀπὸ
1064 1684 1286 1756 πρώτης
1309 1684 1482 1738 ταῦτα
1505 1685 1562 1736 ὲν
1594 1685 1686 1738 οὐ·

137 1777 262 1847 ρανῷ
293 1777 533 1848 ὑπῆρχε,
574 1777 858 1846 φωστῆρες
887 1793 945 1828 τε
974 1778 1067 1830 καὶ
1092 1777 1301 1847 ἄστρα;
1343 1779 1404 1830 Εἰ
1431 1777 1486 1829 δὲ
1515 1778 1684 1844 λέγει,

138 1870 232 1941 Πρὸ
261 1869 458 1922 τούτου
494 1869 663 1922 ἐλθὼν
696 1870 916 1940 ἐποίησε
948 1868 1142 1929 ταῦτα,
1186 1869 1486 1934 ἀσύστατος
1521 1870 1685 1923 αὑτοῦ

133 1963 443 2033 ἠφλυαρία.
490 1963 624 2034 Πρὶν
649 1962 756 2032 γάρ
793 1962 886 2015 τοῦ
931 1958 1072 2016 εἶναι
1115 1962 1400 2034 ἄνθρωπον
1449 1964 1541 2016 ἐπὶ
1587 1963 1686 2032 τῆς

135 2056 240 2124 γῆς,
269 2055 521 2123 ἐγένοντο
543 2054 610 2107 τά
636 2055 755 2108 κατ’
785 2055 947 2108 αὑτὸν
979 2055 1288 2126 καλούμενα
1313 2056 1572 2126 στοιχεῖα,
1597 2057 1689 2108 καὶ

132 2147 174 2199 οἱ
201 2144 404 2198 δώδεκα
452 2146 626 2215 μάτην
655 2142 976 2214 καλούμενοι
1024 2142 1198 2205 κάδοι,
1237 2144 1330 2195 καὶ
1363 2144 1395 2213 ἡ
1451 2141 1686 2212 μηχανὴ,

134 2239 190 2306 ἠν
210 2237 453 2306 βούλεται
487 2239 820 2307 χαριστικοϊς
862 2235 1086 2306 ὀνόμασι
1125 2224 1412 2304 φαντάζειν
1441 2236 1567 2298 τοὺς
1599 2234 1687 2287 ὑπ’

132 2325 277 2378 αὐτοῦ
306 2325 724 2395 πεπλανημένον
732 2343 778 2388 ς.

190 2510 311 2563 NA'.
354 2509 528 2562 Παντὶ
568 2507 676 2578 γὰρ
722 2506 800 2577 τῷ
853 2507 1065 2560 σύνεσιν
1109 2509 1427 2579 κεκτημένῳ
1463 2511 1691 2578 φανερόν

130 2599 261 2650 ἐστιν
290 2595 389 2650 ἀπ’
420 2597 590 2666 αὐτῆς
608 2595 706 2666 τῆς
728 2597 764 2647 Γ
772 2597 944 2667 ραφῆς
965 2597 1058 2648 καὶ
1090 2597 1540 2661 ἀκολουθίας,ὃτι,
1562 2603 1692 2670 πρὶν

132 2688 213 2740 τοῦ
240 2687 544 2758 πλασθῆναι
568 2687 661 2740 τὸν
711 2687 880 2757 Ἀδὰμ
912 2687 1002 2740 τὸν
1036 2689 1456 2760 πρωτόπλαστον
1486 2691 1693 2762 ἄνθρω-

130 2781 561 2848 πον,-γεγ6νασιν
589 2780 646 2833 ἐν
669 2782 736 2850 τῇ
762 2779 992 2851 τετάρτῃ
1019 2781 1203 2853 ἡμέρᾳ
1230 2783 1429 2847 πάντες
1453 2785 1502 2836 οἱ
1534 2785 1694 2837 ἀστέ-

132 2887 214 2940 ρες
258 2874 353 2927 καὶ
397 2873 446 2924 0i
496 2871 805 2942 φωστῆρες.
845 2865 1012 2936 Οὗτος
1053 2871 1109 2925 δὲ
1153 2873 1321 2942 λέγει,
1368 2875 1448 2927 ὅτι
1500 2871 1692 2938 Ἦλθε,

128 2963 272 3030 φησι,
304 2959 532 3033 ποιῆσαι
578 2961 704 3024 τοὺς
743 2961 948 3015 δώδεκα
981 2963 1175 3027 κάδους
1216 2967 1273 3018 ἐν
1323 2964 1449 3036 ίδέᾳο
1482 2963 1692 3036 ἀνθρὼ-

1787 503 1880 548 aut
1903 492 2081 548 sidera
2119 492 2387 564 producta
2419 501 2569 557 sunt,
2607 500 2700 547 aut
2727 493 2818 546 illa
2848 493 3222 549 duodenarum
3257 511 3352 550 ca-

1786 583 1980 639 dorum
2010 585 2260 638 machina
2286 585 2516 639 exstitit.
2551 581 2626 637 Ex
2657 599 2765 654 quo
2801 587 2943 639 enim
2973 591 3116 640 astra
3153 587 3353 654 prodn~

1786 684 1872 729 cta
1903 683 2052 739 sunt,
2088 676 2142 729 in
2173 676 2313 730 cutio
2336 683 2596 745 perpetuo
2629 675 2869 740 fuerunt,
2901 675 3017 732 sive
3046 677 3233 730 eadem
3262 679 3351 732 illa

1787 768 1982 824 malint
2009 770 2302 834 elementa,
2338 771 2454 824 sive
2485 770 2610 823 caeli
2645 771 2819 839 spatia
2850 785 2913 824 ac
2944 786 3231 826 mensuras
3259 788 3355 842 ap-

1788 860 2012 930 pellare.
2051 859 2339 931 Utcunque
2362 861 2453 923 sit,
2484 875 2549 914 ex
2573 869 2764 931 quarta
2793 862 3086 917 creationis
3109 862 3196 917 die
3218 863 3356 918 bene

1788 955 2087 1007 constituta
2135 962 2262 1007 sunt
2315 953 2527 1016 omnia,
2578 953 2818 1022 nihilque
2857 955 2924 1009 ad
2964 972 3184 1019 eorum,
3233 972 3356 1026 qum.

1788 1043 1892 1101 sub
1918 1043 2012 1100 Dei
2039 1043 2244 1099 ditione
2275 1053 2424 1108 sunt,
2455 1045 2749 1114 perniciem
2767 1054 2850 1099 est
2873 1045 3096 1101 factum.
3130 1047 3198 1101 At
3229 1064 3356 1104 vero

1787 1134 2041 1190 Christus
2085 1145 2205 1205 post
2246 1152 2405 1190 suum
2446 1137 2502 1190 in
2554 1136 2701 1190 hunc
2750 1138 3011 1191 mundum
3064 1135 3354 1193 adventum

1788 1237 1934 1279 anno
1962 1223 2175 1280 decimo
2195 1223 2388 1296 q'uinto
2419 1225 2622 1281 Tiberii
2649 1228 2881 1283 (Tzesaris
2915 1228 3354 1298 praedicationem

1786 1329 2022 1372 exorsus
2064 1324 2171 1380 est,
2201 1325 2326 1387 post
2355 1332 2558 1372 annum
2604 1334 2633 1372 a
2666 1320 2948 1374 nativitate
2992 1321 3354 1384 tricesimum,

1786 1407 1879 1476 qui
1927 1407 1983 1461 in
2025 1407 2318 1478 quinquies
2361 1408 2706 1462 millesimum
2752 1423 2815 1462 ac
2861 1409 3354 1480 quingentesimum

1787 1511 1990 1552 nonum
2024 1513 2227 1553 annum
2261 1500 2462 1554 comliti
2497 1501 2644 1555 orbis
2675 1500 2927 1563 incurrit,
2971 1509 3161 1571 estque
3196 1502 3359 1558 trice-

1788 1589 1982 1652 simus,
2017 1589 2095 1642 uti
2129 1589 2262 1653 dixi,
2292 1589 2468 1644 aetatis
2504 1589 2650 1644 illius
2674 1605 2886 1656 annus;
2920 1606 3044 1644 nam
3083 1593 3358 1647 tricesimo

1788 1682 1950 1737 tertio
1979 1681 2033 1734 in
2067 1695 2287 1736 crucem
2321 1688 2478 1736 actus
2507 1689 2610 1736 est.
2649 1682 2882 1748 Quinam
2923 1683 3088 1752 igitur
3115 1683 3226 1738 lieri
3257 1699 3356 1754 po-

1789 1778 1914 1835 test,
1944 1778 2002 1826 ut
2043 1771 2154 1826 haec
2178 1773 2230 1825 in
2268 1773 2407 1826 coelo
2433 1772 2700 1842 principio
2721 1771 2942 1839 fuerint,
2976 1775 3183 1842 majora
3210 1776 3361 1830 vide~

1790 1863 1916 1916 licet
1959 1863 2279 1932 minoraque
2327 1863 2546 1917 sidera?
2600 1862 2654 1916 Si
2701 1871 2827 1919 ante
2864 1865 2966 1918 hoc
3007 1873 3222 1935 tempus
3271 1883 3360 1922 ve-

1791 1954 1958 2015 nisse,
1994 1961 2157 2022 atque
2182 1954 2270 2006 illa
2302 1953 2628 2023 produxisse
2658 1954 2827 2019 dicat,
2876 1972 2982 2010 non
3011 1964 3190 2025 potest
3213 1957 3360 2013 illius

1796 2043 1980 2098 fabula
2005 2046 2328 2101 consistere.
2355 2045 2568 2099 Etenim
2607 2047 2921 2117 priusquam
2955 2047 3008 2101 in
3029 2050 3192 2104 terris
3219 2064 3362 2105 esset

1794 2137 1976 2200 homo,
2004 2151 2124 2207 quae
2165 2138 2396 2208 appellat
2431 2138 2697 2193 elementa
2730 2141 2993 2209 producta
3025 2140 3218 2204 fuisse,
3244 2159 3364 2212 per-

1792 2229 2027 2299 indeque
2065 2237 2120 2285 et
2156 2245 2324 2286 vanos
2371 2231 2495 2286 illos
2538 2231 2706 2286 cados
2757 2233 3062 2303 molemque
3104 2234 3363 2298 defendit.

1791 2335 1953 2390 quam
1983 2321 2244 2391 jucundis
2275 2323 2601 2392 quibusdam
2628 2325 3088 2394 appellationibus
3123 2327 3242 2382 ideo
3273 2330 3367 2385 deo

1792 2409 2005 2473 scribit,
2043 2419 2102 2464 ut
2133 2425 2162 2464 a
2189 2426 2249 2466 se
2279 2411 2520 2481 deceptis
2550 2413 2865 2469 hominibus
2897 2415 3107 2470 illudat.

1863 2499 2130 2555 LL'Nam
2184 2517 2254 2556 ex
2298 2503 2416 2572 ipsa
2442 2503 2751 2558 divinarum
2793 2503 3200 2576 Scripturarum
3227 2511 3368 2564 serie

1793 2593 2019 2647 cuilibet
2071 2593 2329 2663 prudenti
2367 2594 2720 2650 manifestum
2765 2604 2870 2659 est,
2923 2605 3213 2667 antequam
3256 2600 3369 2670 pri-

1795 2697 1920 2738 mus
1954 2692 2142 2738 noster
2179 2699 2375 2753 parens
2418 2684 2664 2742 Adamus
2702 2701 2731 2740 a
2765 2685 2875 2742 Deo
2905 2687 3252 2754 formaretur,
3281 2691 3369 2745 die

1795 2781 1994 2844 quarto
2023 2791 2146 2828 cum
2175 2775 2382 2845 reliqua
2412 2776 2614 2840 sidera,
2652 2785 2767 2832 tum
2804 2779 3008 2848 majora
3031 2779 3138 2833 duo
3163 2782 3368 2849 produ-

1794 2872 1904 2919 cta.
1935 2865 2005 2918 At
2037 2865 2129 2919 ille
2161 2883 2175 2918 :
2207 2863 2392 2928 Venit,
2436 2866 2632 2936 inquit,
2661 2865 2942 2924 duodenos
2979 2878 3038 2923 ut
3085 2871 3253 2927 cados
3285 2873 3336 2926 i'a

1797 2955 2056 3020 bricaret,
2103 2956 2205 3012 sub
2237 2956 2476 3012 hominis
2521 2961 2724 3028 specie,
2768 2968 2930 3030 atque
2957 2960 3224 3030 ejusmodi
3277 2965 3356 3018 ho

129 3067 222 3106 που
245 3093 261 3117 ,
307 3054 410 3107 καὶ
447 3053 702 3123 ἐφαίνετο
735 3057 848 3118 τοῖς
888 3055 1194 3127 ἀνθρώποις
1238 3056 1538 3128 ἄνθρωπος,
1589 3057 1692 3112 κᾶν

1799 3050 2031 3106 minibus
2059 3051 2326 3122 apparuit.
2359 3052 2415 3106 In
2450 3067 2558 3123 quo
2596 3061 2762 3108 totam
2805 3055 2948 3110 illam
2981 3053 3370 3116 incarnationis

125 3146 346 3215 ἀγνοῶν,
381 3145 534 3217 [κᾶν]
561 3147 660 3219 τὴν
687 3147 754 3214 ἐξ
775 3148 1024 3219 ὑπαρχῆς
1053 3166 1281 3221 γεγεννη
1291 3151 1456 3221 μένην
1488 3151 1695 3204 οἰκονο-

129 3239 248 3309 μίαν
277 3238 496 3310 νομίζει
533 3257 586 3292 τι
630 3238 829 3307 λέγειν,
876 3238 967 3292 καὶ
999 3240 1074 3304 ὡς
1116 3240 1316 3308 τυφλὸς
1348 3240 1538 3294 ἑαυτὸν
1570 3240 1695 3310 ὁδη-

119 3331 225 3400 γῶν
252 3334 370 3394 τοῖς
419 3330 512 3382 ὑπ’
542 3329 710 3383 αὐτοῦ
739 3329 1064 3398 τυφλωῦεϊσι
1097 3331 1166 3384 τά
1200 3330 1583 3402 προχωροῦντα
1617 3333 1697 3394 εἰς

119 3423 408 3494 ψεύσματα
457 3423 769 3492 ὑφηγεῖται.
820 3420 1112 3491 Παρούσης
1161 3421 1217 3474 δὲ
1269 3421 1366 3491 τῆς
1416 3421 1695 3492 ἀληθείας,

118 3513 206 3564 καὶ
241 3509 576 3580 ἀνοιγούσης
605 3511 675 3563 τὰ
701 3510 924 3582 ὄμματα
952 3510 1040 3582 διὰ
1069 3510 1178 3563 τῶν
1211 3510 1467 3577 συνετῶν,
1496 3514 1575 3576 είς
1602 3512 1698 3580 γέ·

117 3603 255 3656 λωτα
290 3603 452 3674 φέρει
480 3601 582 3673 τὴν
609 3601 774 3656 αὐτοῦ
815 3602 1104 3673 ληρωδῖαν.
1141 3603 1322 3666 Ποίοις
1350 3602 1458 3674 γὰρ
1485 3603 1697 3674 ἀνθρώ-

117 3711 234 3758 ποις
258 3695 522 3765 ἐφαίνετο
543 3695 656 3750 τοῖς
686 3694 759 3765 μὴ
789 3695 1124 3766 ὑπάρχουσι;
1159 3693 1283 3758 Πῶς
1314 3694 1368 3749 δὲ
1402 3697 1458 3748 ἐν
1486 3695 1698 3766 ἀνθρώ.

119 3802 214 3838 που
249 3787 517 3856 ἐφαίνετο
559 3785 696 3857 ίδέᾳ,
737 3788 766 3838 δ
805 3784 879 3857 μὴ
923 3784 1104 3839 λαϐὼν
1135 3785 1293 3856 σῶμα
1317 3803 1331 3852 ;
1355 3788 1477 3840 Καὶ
1509 3790 1555 3841 εἰ
1601 3789 1700 3860 μὲν

117 3877 170 3930 ιν
195 3880 262 3949 τῇ
300 3877 564 3949 ὲνσάρκῳ
598 3876 866 3948 παρουσίᾳ
895 3875 1130 3948 ἐπλήρου
1161 3876 1320 3930 τοῦτο
1357 3879 1697 3950 φαινόμενος,

116 3971 204 4022 καὶ
237 3970 316 4041 μὴ
352 3969 457 4032 ὣν,
489 3968 710 4036 δόκησις
741 3969 849 4039 ἄρα
885 3963 955 4039 ἦν
993 3967 1060 4022 τὰ
1092 3969 1409 4040 πράγματα.
1444 3970 1586 4040 Ἀρα
1608 3965 1700 4024 οὖν

113 4061 171 4113 οὐ
202 4060 480 4131 πέφηνεν,
515 4059 634 4113 οὐδὲ
666 4054 847 4130 ἦλθεν.
883 4060 946 4112 Εἰ
975 4060 1082 4132 γὰρ
1121 4059 1288 4114 ἐλθὼν
1315 4061 1414 4114 οὐκ
1458 4056 1546 4132 ἦν,
1582 4063 1700 4116 οὐδὲ

113 4146 273 4205 ἦλθεν
320 4151 426 4205 ἀπ’
476 4151 670 4222 ἀρχῆς.
715 4149 779 4204 El
824 4149 882 4203 δὲ
930 4149 1207 4222 ἐνομίζετο
1261 4152 1358 4222 μὲν
1395 4153 1698 4222 ἄνθρωπος,

113 4243 207 4297 οὐκ
235 4239 305 4315 ἦν
348 4243 413 4296 δὲ
458 4241 764 4313 ἄνθρωπος,
804 4241 859 4295 τί
907 4241 969 4296 τδ
1016 4240 1222 4314 ὲπῆξαν
1245 4244 1260 4273 ¹
1301 4243 1391 4296 τὸν
1425 4243 1519 4296 τοῦ
1565 4244 1701 4297 Θεοῦ

111 4335 280 4401 Λόγον
311 4333 616 4404 ἄνθρωπον
634 4332 882 4403 ,φανῆναι
915 4332 989 4403 μὴ
1015 4331 1169 4397 lived;
1190 4332 1252 4385 Ei
1287 4333 1360 4403 μή
1390 4349 1444 4384 τι
1474 4333 1580 4386 ἀπὸ
1611 4334 1700 4387 δα-

1802 3141 2327 3199 administrationem
2372 3143 2634 3214 ignorans
2678 3144 2860 3202 dicere
2907 3161 2967 3202 se
3014 3151 3371 3206 nihilominus

1802 3234 2008 3305 aliquid
2053 3235 2369 3301 existimat;
2416 3250 2482 3291 ac
2520 3237 2666 3291 velut
2697 3251 2878 3294 cateus
2906 3241 3255 3312 semetipsum
3297 3248 3373 3300 di-

1801 3325 1985 3396 rigens
2011 3325 2078 3381 iis
2104 3340 2337 3395 quorum
2377 3325 2590 3381 animos
2629 3326 2942 3392 obcaecavit,
2981 3331 3184 3401 reliqua
3218 3334 3372 3389 dein-

1803 3431 1933 3488 ceps
1977 3416 2261 3472 mendacia
2302 3416 2577 3472 narrando
2620 3418 2873 3488 pertexit.
2920 3417 3045 3475 Mox
3089 3434 3267 3480 autem
3305 3427 3371 3481 ἰιι

1803 3508 1998 3565 adesse
2027 3508 2232 3564 veritas
2257 3508 2440 3578 erepit,
2464 3515 2518 3564 et
2548 3509 2872 3578 sapientium
2901 3511 3144 3568 virorum
3171 3516 3371 3572 beneﬁ-

1804 3600 1891 3654 cio
1919 3601 2108 3656 oculos
2135 3600 2368 3670 aperire,
2403 3607 2514 3656 tota
2548 3602 2659 3655 haec
2691 3601 2870 3655 fabula
2900 3603 2956 3657 in
2989 3603 3160 3660 risum
3193 3622 3256 3661 ac
3288 3609 3372 3662 lu-

1804 3691 2040 3747 dibrium
2073 3692 2412 3746 dissolvitur.
2443 3689 2654 3756 Quibus
2696 3692 2841 3747 enim
2879 3693 3096 3749 tandem
3139 3696 3374 3753 homini-

1804 3781 1930 3848 bus,
1979 3783 2071 3853 qui
2119 3783 2254 3837 nulli
2300 3791 2476 3849 erant,
2530 3797 2790 3852 apparere
2836 3787 3047 3853 potuit?
3089 3786 3373 3854 Quomodo

1806 3891 1934 3931 vero
1988 3876 2228 3931 hominis
2276 3877 2458 3946 specie
2504 3876 2674 3932 videri
2732 3885 2964 3945 poterat,
3025 3881 3116 3948 qui
3163 3883 3369 3936 nullum

1805 3983 2005 4037 corpus
2041 3968 2322 4024 induerat?
2361 3967 2438 4022 Ac
2479 3969 2522 4022 si
2554 3977 2690 4031 tum,
2739 3986 2862 4025 cum
2913 3986 3079 4026 carne
3114 3974 3374 4041 praeditus

1806 4061 2050 4125 advenit,
2085 4058 2309 4129 perfecit
2338 4060 2492 4126 illud,
2527 4068 2585 4114 ut
2610 4062 2753 4130 quod
2781 4077 2890 4116 non
2923 4071 3040 4116 erat
3067 4079 3190 4118 esse
3222 4065 3373 4120 vide-

1809 4161 1978 4217 retur,
2024 4159 2198 4205 totum
2246 4152 2378 4206 illud
2426 4153 2701 4222 negotium
2761 4153 2894 4207 nihil
2939 4155 3128 4208 habuit
3177 4165 3374 4227 praeter

1807 4243 2119 4314 opinionem
2156 4258 2220 4298 ac
2265 4244 2500 4313 speciem
2531 4258 2543 4293 :
2583 4259 2754 4312 quare
2789 4253 2965 4314 neque
3009 4249 3256 4316 apparuit
3285 4266 3376 4304 nn-

1809 4348 1916 4401 que
1951 4334 2120 4387 venit.
2165 4331 2300 4386 Nam
2337 4333 2384 4388 si
2417 4333 2636 4402 quando
2671 4336 2818 4388 venit
2852 4352 2907 4389 re
2939 4335 3050 4404 ipsa
3089 4352 3195 4392 non
3233 4348 3370 4395 erat.

113 4427 342 4480 rats-:6»
390 4426 693 4495 ἑλκόμενος
723 4423 980 4496 ὴὸοὐλετο
1011 4425 1200 4478 ἑαυτὸν
1236 4424 1693 4494 σχηματοποιῆσαι

1811 4440 1878 4479 ne
1915 4423 2131 4479 venisse
2181 4425 2400 4496 quidem
2459 4424 2724 4479 dicendus
2769 4434 2873 4480 est.
2915 4421 3078 4498 664,
3117 4426 3273 4494 Quod
3329 4429 3378 4486 si

114 4519 276 4583 ιδέαν,
308 4519 407 4572 ἵνα
451 4516 660 4588 δυνηθῇ
694 4515 877 4570 λαϐεῖν
926 4517 1052 4580 τοὺς
1093 4516 1254 4569 αὑτὸν
1291 4514 1698 4585 ἐπιζητοῦντας.

112 4608 172 4664 ει
197 4611 255 4665 δὲ
289 4612 397 4665 καὶ
435 4609 710 4680 ἐφαίνετο,
752 4610 847 4663 καὶ
876 4609 978 4662 οὐκ
1019 4603 1108 4679 ἦν,
1143 4608 1273 4661 ποία
1300 4624 1383 4672 τις
1407 4604 1474 4679 ἦν
1499 4607 1638 4678 αῦτη
1667 4609 1702 4679 ἡ

108 4702 380 4771 ἀλήθεια;
432 4701 531 4754 Ἐν
555 4698 785 4770 ἀληθείᾳ.
810 4699 919 4770 γὰρ
953 4701 1054 4753 οὐκ
1079 4698 1158 4752 ἔνι
1188 4698 1426 4770 ψεῦσμα,
1453 4700 1528 4763 ὡς
1555 4699 1702 4768 λέγει

111 4792 234 4863 περὶ
273 4791 462 4845 αὑτοῦ
489 4792 519 4843 ὁ
552 4790 892 4861 Μονογενής’
925 4790 1008 4842 ὅτι
1051 4788 1198 4858 Ἐγώ
1227 4792 1342 4858 ειμι
1382 4789 1421 4857 ή
1453 4789 1703 4854 ἀλήθεια

108 4884 204 4936 και
223 4886 266 4948 ὴ
303 4883 456 4951 ζωή.
507 4883 572 4935 Ἦ
603 4881 661 4935 δὲ
688 4881 801 4952 ζωὴ
827 4879 1054 4934 θάνατον
1078 4882 1177 4934 οὐκ
1205 4881 1337 4952 ἔχει.
1375 4881 1484 4934 Καὶ
1513 4883 1545 4952 ἡ
1570 4881 1704 4953 ἀλη-

173 5039 192 5072 ¹
216 5040 349 5096 Cor.
388 5037 646 5103 ὲπεῖξαν.

176 5194 287 5268 (55)
314 5196 518 5261 Ὅπερ
566 5193 833 5268 κατήντα
856 5196 956 5268 εἰς-
986 5193 1612 5268 πει-τακισχιλιοστόν.
1645 5191 1703 5246 Si

103 5265 368 5319 Christus
408 5279 567 5317 anno
599 5267 778 5318 aetatis
809 5280 914 5317 xxx
946 5265 1252 5332 baptizatus
1304 5273 1408 5324 est,
1459 5265 1614 5332 isque
1673 5279 1704 5315 a

107 5337 292 5390 nmndi
355 5333 601 5389 conditu
651 5334 1004 5389 fuerit'5309
1051 5349 1251 5391 anuus.
1306 5345 1464 5387 natus
1503 5333 1608 5386 erit
1638 5348 1702 5386 ex

109 5404 406 5473 Epiphanii
443 5407 746 5469 sententia,
777 5419 922 5458 anno
966 5405 1154 5458 mundi
1193 5402 1351 5458 5580.
1403 5404 1593 5457 Varias
1639 5419 1704 5456 ex

107 5473 240 5528 LXX
263 5477 570 5530 seniorum
627 5476 928 5528 ratiociniis
996 5489 1264 5528 annorum
1330 5488 1572 5527 summas
1639 5473 1709 5527 ab

108 5549 233 5599 orbe
265 5545 522 5598 condito
571 5545 831 5599 collectas
879 5543 1053 5599 fuisse
1082 5543 1254 5598 Graeci
1291 5544 1705 5607 demonstrant;

108 5632 226 5670 nam
262 5623 489 5686 praeter
521 5615 662 5686 hanc
684 5611 1464 5686 Epiphanii,Martyrologium
1501 5615 1701 5686 ﬁomaf

107 5701 230 5742 sum
262 5682 466 5739 'aliarn
525 5682 801 5748 instituit,
821 5684 1123 5739 secundum
1158 5682 1342 5753 quam'
1374 5684 1441 5738 ad
1493 5682 1698 5739 Christi

493 5774 746 5836 Pnaor.
801 5778 919 5838 Gn.
956 5775 1150 5838 XLII.

1809 4513 1971 4568 homo
1999 4528 2120 4568 esse
2142 4513 2487 4578 credebatur,
2522 4529 2622 4567 nec
2650 4530 2706 4568 re
2730 4517 2845 4584 ipsa
2873 4525 3050 4570 tamen
3080 4527 3218 4581 erat,
3242 4521 3372 4589 quid

1807 4613 1927 4660 erat
1956 4605 2103 4675 quod
2136 4605 2377 4660 divinum
2404 4604 2641 4660 Verbum
2676 4617 2888 4675 urgeret
2929 4609 3082 4671 adeo,
3117 4618 3174 4663 ut
3212 4611 3376 4666 homo

1808 4711 1932 4750 cum
1965 4713 2074 4751 non
2113 4705 2260 4752 esset
2287 4701 2612 4768 appareret?
2646 4699 2760 4755 Nisi
2793 4702 2928 4757 forte
2953 4719 2981 4756 a
3013 4705 3377 4760 creditoribus

1809 4795 2060 4853 vexatus,
2107 4803 2248 4843 novo
2289 4790 2392 4843 hoc
2422 4797 2572 4845 cultu
2609 4806 2673 4846 ac
2711 4791 2882 4863 figura
2913 4795 3259 4851 dissimulare
3292 4816 3376 4853 se-

1809 4884 1991 4953 ipsum
2033 4883 2215 4948 vellet,
2261 4891 2320 4937 ut
2358 4899 2455 4938 eos
2489 4899 2520 4937 a
2551 4885 2753 4955 quibus
2793 4887 3137 4956 quaerebatur
3165 4891 3374 4945 lateret.

1799 5191 2036 5247 natalem
2067 5191 2196 5244 anni
2233 5200 2590 5244 numerantur
2619 5191 2780 5245 5199.
2831 5190 3035 5247 Praeter
3070 5193 3211 5249 hanc
3265 5201 3376 5248 tres

1806 5263 1942 5316 alias
1963 5263 2141 5333 inusti
2165 5261 2610 5333 esset-aperimus
2631 5280 2642 5314 :
2664 5263 2836 5330 prima
2858 5275 3075 5333 estque:
3099 5265 3375 5318 Christum

1807 5347 1952 5404 anno
1983 5331 2143 5404 5495,
2179 5331 2263 5384 vel
2290 5329 2449 5404 5494,
2469 5329 2858 5404 natum’putat,
2893 5329 3012 5404 quae
3035 5348 3064 5387 a
3105 5336 3378 5389 nonnullis

1808 5402 2152 5472 Antiochena
2179 5400 2525 5472 nominatur;
2560 5401 2821 5466 secunda,
2851 5400 2972 5472 qua:
2999 5404 3202 5458 Christi
3235 5407 3380 5458 natia

1809 5473 2028 5544 vitatetn
2064 5471 2118 5524 in
2153 5485 2356 5544 annum
2379 5467 2518 5522 5500
2551 5472 2795 5544 conjicit.
2819 5467 2982 5544 quam
3009 5473 3376 5544 [Ethiopicam

1811 5542 2118 5611 appellant;
2140 5541 2462 5611 tertia,qua:_
2491 5548 2553 5611 et
2573 5543 2814 5596 omnium
2833 5541 3295 5600 celeberrinta'est
3325 5553 3379 5597 et

1813 5608 2193 5672 usitatissima,
2227 5610 2296 5663 ab
2348 5608 2498 5662 orbis
2544 5609 2702 5666 initio
2753 5614 2820 5666 ad
2876 5614 3082 5670 Christi
3139 5616 3374 5668 natalem

1807 5695 1982 5738 annos
2004 5689 2162 5753 putat
2191 5678 2348 5738 5509.
2385 5676 2459 5735 De
2497 5679 2562 5735 iis
2585 5683 2722 5739 alias
2755 5685 2979 5746 uberius
3013 5685 3370 5743 disseremus.

3013 5773 3049 5837 lt
