3850 6204
500 297 602 355 it)?
1869 292 1926 347 5.
1968 290 2307 347 EPIPHANII
3638 285 3728 343 108

501 413 701 488 Deitule
748 415 793 469 si
827 412 972 484 quod
1021 428 1132 467 non
1174 420 1291 469 erat
1340 428 1461 468 esse
1491 413 1640 469 visus
1670 422 1774 477 est,
1814 428 2062 482 quaenam

2182 413 2283 467 ista
2307 413 2406 465 οὐκ
2434 411 2498 465 ἂν
2531 409 2811 464 ἀλλοίωσιν
2845 408 3124 478 ὑπομένοι,
3153 407 3242 460 ἵνα
3268 403 3343 478 μὴ
3364 404 3464 478 τὴν
3487 403 3728 476 ἀληθειαν

500 505 614 559 haec
645 491 860 559 veritas
910 503 1052 558 fuit?
1101 503 1269 560 Abest
1319 503 1462 558 enim
1495 518 1525 556 a
1577 504 1803 558 veritate
1845 504 2065 558 menda-

2182 503 2445 574 ταράξασα
2478 499 2675 572 μηκέτι
2721 497 2948 570 ἀλήθεια
2975 497 3221 568 γένηται.
3268 496 3377 550 Καὶ
3407 494 3654 548 διέπεσεν
3676 498 3729 549 ἐκ

499 597 677 659 cium,
716 611 815 666 pro
842 611 907 652 co
945 611 1008 651 ac
1046 595 1114 651 de
1165 611 1223 650 se
1266 593 1588 664 Unigenitus
1632 597 1748 664 ipse
1788 603 2015 648 testatur
2047 611 2060 647 :

2182 595 2369 657 παντὸς
2396 593 2554 662 λόγου
2593 594 2625 663 ἡ
2664 590 2829 644 αὐτοῦ
2858 589 3260 660 τραγῳδοποιὸς
3293 585 3573 650 ὑπόθεσις.
3605 587 3728 640 Οὔτε

503 685 611 757 Ego
641 703 754 740 sum
793 687 985 740 veritas
1030 695 1078 740 et
1116 689 1222 739 vita
1251 686 1289 736 ‘.
1340 683 1458 737 Vita
1504 683 1695 738 mortis
1725 693 1808 737 est
1848 699 2064 754 expers.

2182 684 2274 755 {ap
2310 683 2450 754 μετὰ
2486 683 2584 752 τὴν
2619 681 2915 753 παρουσίαν
2968 679 3037 733 τὰ
3080 681 3253 750 ἄστρα
3287 678 3591 739 κέκτισται,
3623 679 3729 732 οὐδὲ

504 775 709 833 Veritas
741 779 1093 831 mulationem
1127 777 1328 830 nullam
1359 775 1611 840 sustinet,
1650 762 1716 828 ne
1749 775 1815 828 ab
1846 789 1908 827 ea
1935 789 2062 842 per-

2182 777 2272 845 πρὸ
2298 775 2392 828 τοῦ
2425 775 2676 844 γενέσθαι
2716 775 2890 845 ἄστρα
2919 773 3193 843 ἄνθρωποι
3221 767 3383 842 ἦσαν.
3422 771 3536 823 Καὶ
3563 771 3730 824 ἐντεῦ-

507 867 722 921 turbata
751 866 950 921 veritas
983 881 1104 920 esse
1141 863 1370 919 desinat.
1396 862 1758 928 Quamobrem
1804 861 1912 916 ruit
1947 877 2064 915 om-

2182 866 2259 918 λεν
2288 865 2380 918 καὶ
2413 865 2621 918 ἐκεῖθεν
2651 862 2997 935 ὲξελήλεκται
3025 865 3054 916 6
3083 863 3282 925 πλάνος
3315 863 3637 931 Μανιχαῖος,
3666 863 3730 923 ὡς

503 959 588 1014 nis
629 959 773 1014 illius
816 957 1175 1026 undequaque
1214 954 1499 1024 tragmdia.
1550 951 1684 1006 Nam
1726 968 1900 1021 neque
1947 961 2068 1022 post

2182 954 2274 1024 ἤδη
2311 972 2400 1024 μοι
2428 956 2538 1009 ἄνω
2563 956 2876 1027 δεδήλωται.

501 1053 790 1107 adventum
841 1047 1054 1103 Domini
1099 1047 1360 1103 fabricata
1399 1055 1525 1101 sunt
1574 1046 1752 1102 sidera
1779 1086 1792 1108 .
1851 1060 1950 1098 nec
1988 1045 2236 1102 homines
2279 1059 2568 1117 antequam
2617 1048 2706 1102 illa
2762 1047 3126 1102 conderentur
3173 1048 3523 1101 exstiterunt.
3567 1046 3730 1100 Adeo-

501 1159 606 1214 que
639 1151 746 1196 tam
798 1140 921 1194 hinc
952 1154 1112 1208 quam
1153 1138 1324 1202 illinc,
1371 1146 1430 1190 ut
1468 1145 1623 1190 antea
1666 1134 2056 1200 demonstravi,
2100 1134 2428 1192 Manichacus
2484 1138 2754 1207 impostor
2781 1137 3070 1191 refellitur.

568 1236 677 1291 LII.
715 1235 847 1290 Nam
888 1234 1031 1304 quod
1071 1232 1138 1287 de
1171 1233 1294 1286 luna
1338 1231 1511 1301 ﬁngit,
1546 1231 1663 1298 ejus
1699 1230 1882 1284 orbem
1917 1243 2069 1283 rece-

502 1332 609 1401 ptis
653 1328 940 1382 animabus
983 1326 1216 1394 impleri,
1249 1325 1405 1379 velim
1438 1323 1566 1377 mihi
1594 1322 1765 1384 dicas,
1799 1321 2071 1391 quomodo

503 1422 644 1477 idem
677 1421 766 1475 ille
795 1419 944 1473 orbis
975 1417 1182 1486 impleri
1234 1417 1426 1486 potuit,
1460 1423 1749 1484 antequam
1787 1413 2069 1467 hominum

503 1511 790 1580 quisquam
822 1508 877 1561 in
913 1515 1054 1561 terra
1086 1505 1414 1560 moreretur?
1441 1503 1494 1558 Si
1533 1503 1750 1570 quidem
1783 1510 1905 1572 post
1932 1518 2070 1556 non-

505 1608 698 1670 gentos
736 1606 790 1653 et
824 1598 1046 1667 triginta
1081 1611 1276 1657 annos.
1307 1611 1446 1666 quos
1481 1595 1723 1650 Adamus
1757 1595 1910 1660 vixit,
1945 1610 2068 1648 cum

508 1662 716 1763 primus
749 1705 813 1745 ex
856 1662 956 1743 hac
987 1687 1094 1741 vita
1131 1662 1406 1749 discessit,
1440 1686 1629 1741 ﬁerine
1673 1686 1848 1755 potuit
1877 1700 1982 1738 una
2015 1691 2074 1736 ut
2105 1662 2147 1719 Β

502 1783 696 1836 orbem
747 1781 927 1834 anima
971 1777 1301 1848 compleret?
1340 1777 1572 1843 Quinam
1607 1792 1769 1846 porro
1813 1776 2072 1847 nongenti

507 1873 587 1928 illi
623 1888 686 1926 ac
731 1871 954 1940 triginta
1003 1869 1153 1932 anui,
1204 1868 1283 1922 vel
1331 1868 1554 1922 omnino
1597 1875 1839 1937 tempora
1885 1874 2076 1919 vocata

509 1971 656 2028 sunt,
697 1963 800 2018 nisi
835 1963 1145 2032 impleretur
1191 1961 1630 2029 minuereturque
1665 1961 1811 2026 luna,
1857 1975 1920 2014 ac
1947 1974 2076 2014 con-

517 2055 766 2110 stitutum
803 2053 904 2108 sibi
943 2053 1273 2107 curriculum
1314 2052 1620 2113 conﬁceret,
1656 2053 1726 2104 ita
1762 2059 1819 2103 ut
1863 2066 1969 2104 non
2011 2067 2074 2105 ex

511 2144 817 2198 animarum
855 2142 1198 2197 multitudine
1232 2141 1576 2207 redundaret,
1625 2143 1717 2197 sed
1753 2143 1951 2198 divinae
1991 2159 2077 2199 sa-

513 2234 726 2306 pientiae
776 2233 1034 2288 mandato
1075 2247 1136 2287 ac
1166 2233 1480 2304 praescripto
1511 2233 1823 2304 regeretur?
1847 2234 1949 2290 Sed
1983 2227 2077 2290 ad-
2126 2232 2130 2236 ’

513 2325 594 2381 dit
638 2325 889 2379 universa
942 2324 1030 2377 illa
1088 2324 1341 2377 animalia
1393 2323 1581 2378 eadem
1642 2324 1730 2377 illa
1774 2325 1952 2378 anima
1999 2341 2079 2380 re-

512 2417 669 2487 pleri,
715 2425 768 2471 ut
796 2415 1050 2470 nimirqu
1085 2413 1343 2474 hominis,
1381 2422 1434 2467 et
1479 2414 1674 2477 muris,
1705 2429 1767 2469 ac
1797 2417 2076 2472 vermiculi

512 2516 941 2576 ceterorumque
981 2504 1363 2560 vilissimorum
1396 2519 1685 2576 corporum
1718 2521 1875 2575 pares
1897 2513 2077 2575 atque

511 2601 747 2671 aequales
777 2599 987 2652 animas
1010 2598 1326 2653 ednstituat.

584 2692 690 2747 Sed
733 2690 920 2746 iisdem
954 2691 1172 2760 ineptiis
1207 2689 1476 2744 infuscata
1514 2697 1638 2743 sunt
1678 2698 1894 2752 caetera,
1931 2688 2077 2744 velut

517 2783 855 2853 p:incipibus
899 2781 1064 2852 objici
1110 2781 1376 2852 virginem
1409 2781 1548 2835 virili
1598 2781 1753 2846 alias,
1787 2783 1921 2837 alias
1953 2797 2076 2836 mu-

513 2876 667 2935 liebri
703 2875 898 2930 forma.
931 2873 988 2928 1n
1026 2888 1135 2944 quo
1176 2883 1435 2942 tanquam
1487 2872 1934 2942 hermaphrodito
1976 2873 2076 2929 da:-

512 2985 670 3024 mone
705 2965 1062 3037 conﬁngendo
1105 2963 1454 3034 cupiditatem
1504 2965 1618 3034 ipse
1651 2981 1803 3020 suam
1850 2981 1914 3020 ac
1954 2967 2075 3020 libi.
2104 2997 2146 3055 ο

511 3058 694 3114 dinem
749 3058 1018 3127 proponit.
1064 3054 1247 3126 Pergit
1300 3053 1531 3118 deinde,
1584 3063 1637 3110 et
1676 3057 1927 3127 quoties,
1977 3057 2072 3122 ait,

517 3149 679 3220 hujus
726 3148 978 3202 illecebra
1029 3147 1252 3216 virginis
1285 3147 1536 3216 princeps
1577 3163 1806 3218 magnus
1840 3148 2072 3217 capitur,

516 3240 689 3294 nubz-s
723 3253 850 3293 suas
884 3237 1189 3308 praetendit,
1237 3246 1291 3291 et
1327 3245 1532 3306 pestem
1582 3237 1841 3304 immittit,
1883 3254 1947 3293 ac
1983 3255 2075 3294 ra-

519 3331 668 3385 dices
699 3329 981 3384 succidere
1016 3329 1226 3399 incipit,
1272 3345 1336 3384 ex
1367 3344 1478 3399 quo
1520 3345 1665 3386 mors
1699 3332 2072 3402 consequitur.

513 3420 624 3477 Nec
671 3421 800 3475 illud
851 3421 1012 3475 homo
1051 3419 1303 3489 stupidus
1347 3420 1624 3492 intelligit,
1670 3438 1829 3491 quam
1865 3424 2075 3494 vitupe-

515 3511 686 3566 rando
717 3518 942 3564 mortem
975 3510 1240 3574 nominat,
1275 3511 1436 3565 vitam
1470 3511 1651 3580 potius
1697 3515 1955 3583 appellari
1984 3516 2078 3570 de-

515 3603 720 3665 buisse,
770 3601 912 3671 quod
965 3602 1081 3669 ejus
1136 3600 1396 3656 beneﬁcio
1438 3619 1468 3656 a
1520 3606 1838 3675 corporibus
1883 3608 2077 3662 anima:

515 3691 831 3746 liberentur.
875 3690 1035 3763 665
1067 3689 1222 3757 Quod
1277 3693 1322 3747 si
1373 3693 1606 3747 animam
1653 3711 1881 3764 corpore
1931 3697 2077 3751 velut

515 3783 760 3838 custodia
803 3785 1076 3854 principes
1128 3785 1328 3839 includi
1373 3793 1644 3856 putarent,
1696 3804 1968 3859 nunquam
2023 3789 2076 3843 id

521 3881 770 3926 summus
804 3871 892 3925 ille
938 3873 1318 3938 committeret,
1369 3886 1613 3946 utquam
1645 3891 1736 3945 per
1769 3877 1978 3941 vimab
2011 3893 2078 3932 eo

515 3961 652 4017 dicis
673 3963 926 4030 occupari
955 3964 1212 4026 animam,
1236 3978 1267 4018 c
1288 3978 1506 4019 carcere
1531 3966 1839 4020 dimitteret.
1863 3966 2075 4032 Quanta

514 4063 596 4110 est
627 4055 680 4107 in
715 4054 781 4107 iis
813 4054 1101 4124 praestigiis
1136 4069 1199 4108 ac
1242 4055 1449 4109 ludicra
1501 4056 1786 4126 disciplina
1828 4061 2072 4115 vanitas!

583 4142 718 4198 Llll.
759 4143 963 4199 Ctetera
987 4160 1094 4198 non
1126 4145 1334 4200 minore
1359 4147 1468 4202 risu
1497 4148 1656 4218 digna
1681 4159 1838 4213 sunt,
1874 4151 1967 4206 sed
2021 4152 2074 4206 in

511 4237 702 4308 primis
751 4252 888 4307 quos
931 4238 1134 4294 electos
1171 4239 1245 4292 illi
1297 4249 1634 4310 nuncupant.
1682 4241 1757 4295 Ac
1812 4254 1938 4297 sunt
1985 4243 2074 4297 isti

2245 1231 2369 1284 NB’.
2403 1233 2537 1302 Περὶ
2565 1231 2620 1284 δὲ
2660 1231 2758 1300 τῆς
2803 1229 3108 1293 ὑποθέσεως
3133 1231 3231 1300 τῆς
3261 1230 3488 1301 σελήνης
3521 1229 3729 1298 φάσκει,

2175 1325 2254 1377 ὅτι
2283 1326 2346 1378 ὲκ
2371 1323 2697 1394 τῶν-ψυχῶν
2724 1328 2751 1378 6
2778 1324 2955 1386 δίσκος
2991 1323 3352 1393 ἐμπίπλαται.
3389 1323 3526 1393 Πρὶν
3558 1323 3615 1376 δὲ
3651 1323 3732 1375 τυῦ

2174 1415 2461 1469 ἀποθανεῖν
2491 1416 2773 1486 ἄνθρωπον
2802 1416 2893 1467 ἐπὶ
2917 1414 3014 1484 τῆς
3037 1412 3161 1482 γῆς,
3189 1415 3353 1466 πόθεν
3377 1411 3734 1483 ἐνεπίμπλατο

2173 1509 2202 1559 6
2232 1505 2448 1569 δίσκο;;
2493 1505 2646 1559 Μετὰ
2689 1506 2799 1576 γὰρ
2851 1504 3224 1558 ὲνακοσιοστδν
3275 1505 3366 1557 καὶ
3422 1505 3732 1573 τριακοστὸν

2175 1596 2292 1660 ἔτος
2318 1597 2417 1667 τῆς
2447 1597 2539 1649 τοῦ
2580 1596 2748 1666 Ἀδὰμ
2770 1594 2934 1665 ζωῆς,
2971 1596 3184 1665 πρῶτος
3210 1595 3495 1648 ἀποθανὼν
3527 1595 3620 1647 ἐπὶ
3649 1595 3734 1664 τῆς

2176 1691 2298 1760 γῆς,
2336 1691 2368 1760 ἡ
2406 1690 2505 1759 μία
2529 1689 2694 1760 ψυχὴ,
2747 1688 2862 1752 πῶς
2898 1688 3133 1760 ἐπλήρου
3163 1688 3253 1741 τὸν
3283 1689 3503 1752 δίσκον;
3532 1687 3606 1740 Ἣ
3634 1688 3734 1749 πῶς

2178 1781 2244 1835 τά
2269 1782 2554 1836 ἐννακόσια
2591 1781 2882 1853 τριάκοντα
2919 1781 3012 1852 ἔτη
3053 1781 3278 1852 ἐκλήθη,
3326 1781 3417 1834 καὶ
3451 1780 3656 1850 χρόνοι,
3693 1782 3734 1831 εἰ

2180 1871 2254 1942 μὴ
2300 1873 2333 1942 ὴ
2372 1872 2565 1944 σελήνη
2611 1871 2929 1942 ἐπληροῦτο,
2971 1873 3064 1925 καὶ
3112 1872 3315 1941 ἔφθινε,
3361 1872 3577 1925 καὶτὸν
3610 1872 3733 1940 αὐτῇ

2176 1962 2504 2032 τεταγμένον
2531 1962 2730 2032 δρόμον
2754 1963 2943 2023 ἐτέλει,
2968 1963 3066 2014 οὐκ
3095 1962 3202 2015 ἀπὸ
3228 1961 3413 2032 ψυχῶν
3442 1961 3737 2032 λαμϐάνου-

2180 2071 2246 2106 σα
2273 2052 2370 2122 τὴν
2405 2051 2758 2122 πλημμύραν,
2791 2052 2925 2106 ἀλλὰ
2957 2052 3065 2106 ἀπὸ
3095 2051 3228 2105 Θεοῦ
3258 2052 3454 2122 ἔχουσα
3487 2052 3549 2104 τὸ
3579 2052 3736 2122 πρόσ-

2176 2159 2361 2212 ταγμα
2400 2144 2498 2213 τῆς
2530 2141 2692 2196 αὑτοῦ
2727 2144 2942 2212 σοφίας;
2980 2144 3162 2198 Πάντα
3205 2143 3263 2196 δὲ
3313 2142 3382 2194 τὰ
3421 2141 3560 2206 ζῶα,
3596 2143 3736 2212 φησι,

2177 2234 2390 2302 γεμίζει
2417 2234 2516 2304 τῆς
2548 2235 2715 2305 αὐτῆς
2735 2234 2930 2304 ψυχῆς,
2963 2235 3050 2288 ἵνα
3082 2233 3315 2306 ὲξισώσῃ
3335 2234 3513 2304 ψυχὴν
3544 2232 3738 2304 ἀνθρὼ-

2179 2342 2302 2387 που,
2347 2327 2435 2377 καὶ
2469 2325 2621 2394 μυὸς,
2657 2325 2750 2378 καὶ
2776 2325 3072 2396 σκώληκος,
3099 2327 3190 2378 καὶ
3215 2325 3323 2378 τῶν
3352 2325 3530 2379 ἄλλων
3555 2326 3737 2392 δυσγε-

2178 2416 2281 2470 νῶν
2305 2419 2370 2486 τῇ
2401 2415 2593 2470 πλάσει
2624 2415 2910 2485 σωμάτων.

2247 2681 2330 2734 Τὰ
2356 2681 2410 2735 δὲ
2443 2680 2574 2736 ἄλλα
2600 2667 2787 2733 λοιπον
2823 2680 2921 2749 τῆς
2954 2679 3235 2750 φλυαρίας,
3279 2680 3352 2744 ὡς
3403 2682 3437 2750 η
3484 2680 3742 2751 παρθένος

2179 2773 2426 2844 φαίνεται
2465 2775 2575 2836 τοῖς
2621 2771 2846 2842 ἄρχουσι
2878 2770 3006 2823 ποτὲ
3042 2771 3140 2841 μὲν
3180 2773 3260 2835 εἰς
3302 2770 3495 2842 ἀνδρὸς
3544 2773 3741 2842 σχῆμα,

2180 2867 2306 2919 ποτὲ
2330 2866 2385 2919 δὲ
2414 2866 2492 2928 εἰς
2523 2864 2762 2936 θηλείας.
2799 2862 2952 2933 Τάχα
2979 2862 3068 2914 τὸν
3092 2862 3516 2932 Ἑρμαφρόδιτον
3540 2862 3636 2916 τοῦ
3658 2863 3745 2913 αὑ-

2179 2955 2270 3010 τοῦ
2300 2957 2546 3027 δαίμονος
2583 2953 2950 3023 ίνδαλλόμενος
2982 2953 3050 3006 τὰ
3081 2951 3274 3006 ἑαυτοῦ
3318 2952 3464 3023 πάθη
3508 2956 3742 3023 είσηγεί·

2178 3065 2265 3100 ται
2287 3048 2383 3118 τῆς
2412 3047 2722 3116 ἐπιθυμίας.
2746 3042 2899 3108 Εἶτα,
2928 3047 3111 3115 φησιν,
3135 3046 3262 3097 ὅταν
3287 3045 3315 3096 6
3343 3044 3515 3114 μέγας
3545 3044 3743 3114 συληθῇ

2178 3141 2281 3194 ὑπὸ
2311 3126 2410 3210 τῆς
2442 3139 2740 3209 λεγομένης
2770 3135 3057 3208 παρθένου,
3110 3134 3404 3208 προϐάλλει
3447 3134 3620 3188 αὑτοῦ
3656 3135 3745 3194 τὰς

2177 3232 2422 3301 νεφέλας,
2478 3229 2570 3283 καὶ
2617 3231 2760 3281 ποιεῖ
2787 3227 2992 3297 λοιμὸν,
3021 3227 3113 3279 καὶ
3154 3226 3377 3297 ἄρχεται
3407 3226 3630 3295 τέμνειν
3655 3224 3745 3286 τὰς

2179 3323 2354 3395 ῥίζας,
2396 3323 2490 3374 καὶ
2533 3319 2674 3373 οὕτω
2708 3319 2934 3382 θάνατος
2979 3317 3206 3387 γίνεται.
3248 3319 3358 3370 Καὶ
3395 3317 3497 3370 οὐκ
3541 3311 3680 3369 εἶδεν
3722 3317 3746 3366 ὁ

2177 3412 2474 3485 κτηνώδης,
2513 3412 2594 3464 ὅτι
2636 3411 2696 3464 ὃν
2739 3411 2937 3480 φάσκει
2979 3409 3206 3464 θάνατον
3245 3408 3508 3478 ψογίζων,
3555 3407 3746 3478 μᾶλλον

2177 3507 2320 3577 ζωὴν
2349 3499 2544 3574 ὤφειλε
2574 3505 2781 3565 καλεῖν.
2817 3502 2904 3556 διὰ
2932 3503 2993 3555 τὸ
3031 3502 3139 3556 ἀπὸ
3174 3503 3440 3572 σωμάτων
3471 3502 3745 3554 ἀπαλλάτ-

2175 3599 2362 3653 τεσθαι
2397 3598 2494 3662 τὰς
2518 3597 2714 3668 ψυχάς.
2739 3598 2802 3649 El
2823 3597 2879 3649 δὲ
2901 3596 3037 3660 ὅλως
3065 3595 3128 3648 τὸ
3151 3591 3288 3648 εἶναι
3321 3597 3378 3648 ὲν
3408 3593 3629 3666 σώματι
3656 3594 3746 3662 τὴν

2175 3693 2349 3763 ψυχὴν
2379 3691 2621 3761 φυλακὴν
2653 3688 2909 3761 ἡγοῦνται
2929 3692 2977 3742 οἱ
3007 3690 3284 3759 ἄρχοντες,
3312 3687 3469 3741 τοῦτο
3493 3688 3747 3742 οὐδέποτε

2176 3780 2466 3836 ὲπιτελείό
2503 3781 2707 3852 ἄρχων,
2758 3781 2844 3834 ἵνα
2893 3778 3175 3851 ἀπαλλάξῃ
3219 3779 3326 3833 ἀπὸ
3369 3780 3746 3851 δεσμωτηρίου

2176 3877 2274 3947 τὴν
2316 3876 2405 3928 ὑπ’
2448 3875 2609 3928 αὑτοῦ
2655 3875 3022 3945 κατεχομένην
3049 3874 3245 3943 ψυχὴν,
3281 3873 3424 3925 κατὰ
3459 3873 3557 3925 τὸν
3588 3871 3747 3926 αὐτοῦ

2176 3968 2350 4035 λόγον.
2385 3967 2493 4020 Καὶ
2532 3966 2671 4038 πόση
2714 3983 2797 4028 τις
2849 3967 3046 4020 ἀτοπία
3081 3969 3138 4019 ἐν
3169 3965 3338 4038 ταύτῃ
3358 3967 3424 4035 τῇ
3451 3965 3746 4035 κυϐευτικῇ

2175 4059 2489 4129 διδασκαλίᾳ
2509 4060 2521 4112 !

2249 4152 2371 4204 Nl".
2407 4152 2487 4204 Τὰ
2517 4151 2573 4204 δὲ
2619 4150 2757 4204 ἄλλα
2790 4149 2986 4220 χλεύης
3035 4149 3268 4220 ἔμπλεα·
3295 4149 3372 4212 ὡς
3404 4152 3451 4202 oi
3505 4150 3749 4202 ἐκλεκτοὶ

2177 4244 2356 4298 αὐτῶν
2387 4244 2726 4314 καλούμενοι.
2763 4245 2872 4296 Kal.
2901 4243 2978 4313 τῷ
3009 4244 3106 4313 μὲν
3137 4244 3250 4297 δντι
3284 4244 3622 4314 ὲξελέγησαν
3651 4244 3752 4295 ὑπὸ

513 4329 730 4397 quidem
755 4329 819 4382 ad
842 4327 1246 4384 damnationem
1282 4345 1310 4383 a
1342 4331 1562 4386 diabolo
1597 4332 1810 4399 delecti,
1851 4335 2074 4404 utquod

2182 4335 2270 4390 τοῦ
2303 4335 2547 4389 διαϐόλου
2577 4337 2654 4398 είς
2682 4335 3013 4405 κατάκριμα,
3039 4337 3186 4398 ὅπως
3211 4335 3470 4407 πληρωθῇ
3505 4337 3572 4388 τδ
3603 4338 3750 4405 εἰρη-

515 4420 780 4488 scriptum
821 4428 905 4474 est
936 4421 1115 4490 reipsa
1144 4420 1458 4490 perﬁciatur
1488 4441 1502 4475 :
1540 4422 1605 4476 Et
1643 4424 1789 4479 cibus
1816 4426 1929 4494 ejus
1957 4428 2076 4480 ele-

515 4525 630 4567 ctus
657 4514 699 4564 ².
735 4510 810 4564 11ιί
843 4511 988 4566 enim
1027 4515 1172 4568 velut
1206 4513 1310 4567 fuci
1340 4515 1560 4583 quidam
1601 4516 1909 4571 desidentes
1940 4519 2074 4571 nihil

514 4603 697 4672 operis
726 4612 1004 4670 exercent,
1036 4605 1128 4659 sed
1162 4605 1378 4659 curiose
1412 4606 1786 4675 perquirentes
1811 4607 1943 4662 nihil
1985 4625 2076 4677 pe-

515 4694 661 4747 nitus
711 4693 1035 4762 intelligunt.
1086 4693 1296 4759 Quibus
1349 4694 1743 4765 etApostolus
1795 4697 1862 4752 iis
1896 4700 2075 4753 verbis

512 4785 794 4840 denuntiat
839 4784 1116 4854 (nimirum
1155 4785 1469 4853 prophetico
1495 4787 1617 4841 illos
1653 4787 1831 4842 aﬂlatu
1877 4805 2077 4859 cogno-

437 4896 452 4916 ο
513 4875 706 4946 verat),
737 4891 846 4928 non
867 4891 932 4930 ex
966 4875 1077 4940 Dei,
1125 4875 1218 4930 sed
1249 4876 1450 4930 diaboli
1486 4879 1798 4949 magisterio
1831 4880 2076 4950 discipli-

511 4984 690 5037 naque
721 4965 1007 5036 progredi,
1043 4965 1279 5021 furiosos
1309 4966 1495 5036 utique
1530 4967 1800 5030 homines,
1840 4978 1894 5025 et
1939 4974 2078 5024 otio-

511 5076 625 5124 sos,
675 5067 838 5128 atque
879 5059 933 5112 in
962 5064 1216 5128 suscepta
1258 5058 1600 5127 improbitate
1634 5061 1958 5130 pertinaces.
2005 5063 2078 5121 De

511 5155 582 5208 iis
631 5153 793 5222 igitur
841 5152 1104 5222 loquens:
1138 5150 1241 5216 Qui
1293 5167 1396 5205 non
1445 5151 1675 5216 laborat,
1732 5155 1929 5225 inquit,
1976 5174 2076 5211 non

513 5245 863 5310 nianducet';
891 5261 1000 5315 quo
1043 5244 1299 5300 inertium
1345 5245 1574 5299 istorum
1617 5246 1966 5304 adumbraret
2004 5251 2080 5304 in-

513 5337 780 5391 stitutum.
825 5340 1091 5391 Caeterum
1139 5336 1562 5392 catechumenos
1609 5339 1712 5408 ipsi
1768 5357 1897 5396 suos
1947 5343 2073 5397 hor-

513 5435 717 5489 tantur,
767 5428 966 5481 victum
1019 5436 1077 5482 ut
1120 5430 1224 5486 sibi
1267 5430 1415 5502 large
1463 5431 1826 5500 suppeditent.
1858 5431 1894 5486 li
1942 5449 2071 5488 vero

512 5512 928 5592 quibu’scunqne
949 5535 1084 5590 Opus
1107 5521 1305 5576 habent
1329 5523 1517 5578 electis
1545 5523 1658 5578 suis
1682 5523 1935 5588 otl‘crunt,
1963 5541 2071 5596 quo

585 5672 778 5730 'Joau.
808 5689 916 5742 rm,
942 5673 995 5728 6.
1074 5673 1315 5730 'llabac.
1343 5691 1381 5741 ι,
1416 5675 1501 5733 16.
1581 5678 1598 5708 ³
1633 5677 1672 5732 ll
1706 5677 1898 5736 Thess.
1930 5694 2010 5744 ιιι,
2047 5680 2099 5735 2.

2177 4428 2363 4498 μένονσ
2400 4426 2508 4480 Καὶ
2553 4425 2624 4480 τὰ
2664 4426 2948 4494 βρώματα
2985 4426 3170 4480 αὐτοῦ
3203 4427 3475 4480 suum.
3525 4428 3750 4480 Ἐκεῖνοι

2175 4519 2282 4590 γὰρ
2321 4516 2675 4589 καθεζόμενοι
2723 4519 2983 4588 κηφῆνες,
3024 4519 3118 4571 καὶ
3161 4517 3327 4588 μηδὲν
3365 4519 3749 4588 ἐργαζόμενοι,

2175 4611 2308 4665 ἀλλὰ
2357 4609 2858 4683 περιεργαζόμενοι,
2911 4611 3004 4663 καὶ
3051 4610 3184 4679 μηδὲ
3232 4608 3624 4678 γινώσκοντες,
3677 4603 3753 4671 οἷς

2177 4703 2630 4771 ἐπικηρυκεύεται
2659 4705 2688 4755 6
2719 4701 2869 4769 ἅγιος
2912 4701 3248 4768 Ἀπόστολος,
3273 4701 3444 4769 λέγων
3485 4701 3592 4768 (ὡς
3619 4700 3754 4754 κατὰ

2177 4794 2507 4862 προφητείαν
2536 4792 2863 4860 γινώσκων),
2897 4793 2980 4844 ὅτι
3007 4792 3106 4846 οὐκ
3138 4794 3200 4845 ἐκ
3240 4792 3340 4862 τῆς
3373 4792 3463 4845 τοῦ
3508 4792 3654 4846 Θεοῦ
3691 4793 3754 4845 δι·

2175 4884 2465 4947 δασκαλίας
2495 4885 2865 4954 ἐπιφοιτῶσιν,
2913 4885 3048 4938 ἀλλὰ
3077 4887 3140 4938 ὲκ
3181 4885 3275 4938 τοῦ
3307 4884 3560 4938 διαϐόλου
3595 4885 3756 4955 ἐμϐε-

2177 4975 2528 5047 ϐροντημένοι
2568 4978 2728 5042 τινὲς,
2762 4977 2942 5048 ἀργοὶ,
2980 4979 3072 5030 καὶ
3114 4977 3363 5040 αὐθάδεις
3394 4977 3614 5031 κακῶν.
3655 4978 3758 5030 Φά-

2180 5086 2318 5134 σκει,
2349 5068 2519 5136 λέγων
2545 5087 2558 5099 ·
2609 5071 2662 5121 Ὁ
2701 5069 2787 5138 μὴ
2836 5068 3239 5139 ἐργαζόμενος,
3270 5067 3423 5138 μηδὲ
3463 5067 3754 5122 ἐσθιέτω·

2179 5161 2263 5212 ἵνα
2295 5161 2650 5232 παραχαράξῃ
2675 5160 2772 5232 τὴν
2795 5161 2901 5213 τῶν
2926 5162 3212 5232 παρέργων
3239 5160 3443 5213 τούτων
3469 5161 3754 5213 ὑπόθεσιν.

2179 5253 2645 5323 Παρακελεύονται
2675 5250 2767 5306 οὖν
2797 5257 2910 5316 τοῖς
2957 5253 3133 5306 αὐτῶν
3167 5252 3606 5322 κατηχουμένοις
3637 5251 3758 5321 τρέ-

2179 5363 2298 5415 φειν
2344 5348 2539 5410 αὐτοὺς
2589 5346 2844 5416 δαψιλῶς.
2895 5347 2955 5399 Οἱ
2989 5346 3046 5398 δὲ
3087 5348 3194 5398 πᾶν
3244 5344 3421 5398 ότιοῦν
3453 5344 3762 5412 ἀναγκαῖον

2179 5437 2544 5507 προσφέρουσι
2573 5440 2682 5500 τοῖς
2713 5437 2983 5499 ἐκλεκτοῖς
3018 5435 3241 5498 ἑαυτῶν,
3291 5436 3376 5488 ἵνα
3405 5433 3573 5504 δῆθεν
3603 5435 3762 5487 εὐσε-

2179 5527 2276 5601 ϐὴς
2299 5528 2487 5600 ὀφθείη
2515 5529 2730 5600 τρέφων
2759 5527 2854 5592 τὰς
2882 5527 3057 5598 ψυχὰς
3087 5526 3186 5591 τὰς
3225 5525 3656 5595 ἐκλελεγμὲνας.
3703 5523 3762 5575 Ol
