3850 6204
155 295 228 350 ltl9

730 283 1098 340 ADVERSUS
1139 281 1478 340 HAERESES
1517 283 1644 337 LIB.
1685 281 1750 337 ll.
1795 281 1958 338 TOM.
2001 281 2425 337 ll.—-ll1EllES.
2470 277 2652 335 LXVI.

3253 278 3354 333 ll!)

151 403 194 461 δὲ
213 400 460 466 λαϐόντες,
503 397 578 462 ὡς
607 397 822 466 θίὲλοιόν
869 399 1016 451 ἐστιν
1049 399 1244 460 εἰπεῖν,
1282 397 1550 468 προφάσει
1581 394 1665 448 τοῐ

1781 395 1990 450 scilicet
2033 395 2086 449 in
2134 394 2342 450 alendis
2383 393 2572 448 electis
2617 393 2727 448 illis
2777 391 3064 446 animabus
3109 391 3349 463 religiosi

151 489 360 557 εὖξασθαι
383 488 522 559 ὑπὲρ
545 485 653 540 τῶν
680 488 1028 558 ἐνηνοχότων,
1047 487 1314 557 μᾶλλονδὲ
1340 487 1521 556 σχεδὸν
1547 503 1678 539 κατ·

149 587 255 658 ἀραν
311 579 490 640 αὐτοῖς
521 577 876 640 ἐπιτιθέασιν,
907 579 1452 649 ὲπιμαρτυρήσαντες
1497 578 1678 640 αὐτοῖς

152 675 303 730 κακίαν
330 671 528 741 μᾶλλον
556 670 589 740 ἢ
621 669 984 741 ἀγαθοσύνην.
1029 671 1300 723 Φάσκονσι
1329 669 1436 738 γὰρ
1474 668 1673 731 οὕτως·

146 771 207 822 ὃτι
243 762 366 831 Ἐγὼ
391 763 490 815 οὐκ
519 761 748 831 ἐσπειρά
773 777 854 822 σε,
876 761 976 813 οὐκ
997 759 1219 830 ἐθέρισά
1247 777 1328 822 σε,
1358 760 1458 812 οὐκ
1483 759 1672 830 ήλεσα,

51 845 56 850 ’
147 860 206 918 εις
231 852 464 908 κλίϐανον
489 852 590 904 οὐκ
611 851 832 905 ἔϐαλλον
851 865 864 880 ·
894 851 1050 914 ἄλλος
1075 851 1294 920 ἤνεγκε,
1327 851 1420 904 καὶ
1454 849 1674 918 ἔφαγονο

147 944 338 1006 avni-cui;
375 945 510 1012 είμι.
564 943 674 994 Kal
718 942 915 1012 μᾶλλον
950 942 1340 1013 πονηροποιοὺς
1393 939 1676 1007 ὑπέδειξαν

145 1037 243 1100 τοὺς
261 1032 452 1088 ἑαυτῶν
484 1035 719 1103 τροφεῖς.
753 1033 862 1086 Kal
886 1032 996 1101 γὰρ
1023 1031 1240 1102 ἀληθές.
1273 1031 1420 1084 Ἔδει
1447 1031 1556 1103 γάρ
1585 1031 1676 1084 τὸν

145 1126 434 1200 ἀρνούμενον
479 1125 570 1177 τὸν
609 1124 762 1185 Θεὸν,
808 1123 900 1176 τὸν
952 1125 1252 1194 ποιήσαντα
1291 1123 1488 1186 πάντα,
1540 1121 1675 1192 μηδὲ

145 1218 228 1271 ἀπὸ
251 1217 344 1270 τῶν
371 1215 466 1268 τοῦ
497 1215 632 1268 Θεοῦ
669 1214 961 1285 τρέφεσθαι
1011 1214 1130 1267 κατ’
1165 1214 1464 1284 εἰρωνείαν.
1513 1213 1676 1266 Αὐτοὶ

145 1312 187 1365 δὲ
209 1312 256 1364 οὐ
281 1309 528 1379 τέμνουσι
555 1307 645 1360 τὸν
675 1305 886 1376 βότρυν,
906 1305 1040 1358 ἀλλὰ
1071 1305 1307 1357 ἐσθίουσι
1333 1305 1422 1356 τὸν
1457 1305 1672 1376 βότρυν,

142 1403 210 1456 ίνα
250 1398 536 1468 ἐλεγχθῶσι
586 1396 896 1450 παντάπασι
957 1395 1128 1466 μέθην
1191 1395 1390 1465 μᾶλλον
1437 1395 1672 1464 ἔχοντες,

143 1495 255 1564 ἥπερ
280 1489 529 1559 ἀληθείας
561 1487 842 1557 ἀνάληψιν.
875 1487 1034 1539 Ποῖον
1073 1487 1178 1557 γάρ
1207 1489 1322 1540 ἐστι
1355 1487 1414 1539 τὸ
1442 1487 1673 1538 δεινότε-

1777 500 1900 540 esse
1929 485 2231 542 videantur.
2259 486 2325 536 At
2347 483 2458 548 isti,
2489 483 2632 554 quod
2657 483 2738 538 vel
2763 482 2912 537 dictu
2935 483 3225 538 ridiculum
3243 496 3348 547 est,

1778 577 1846 630 iis
1883 578 2122 646 acceptis
2167 577 2507 640 muneribus,
2543 577 2810 630 orationis
2853 575 2992 637 loco.
3042 591 3205 644 quam
3253 593 3351 647 pro

1779 667 2133 737 largitoribus
2161 671 2450 738 concipere
2481 667 2806 730 debuerant,
2833 667 3222 741 propemodum
3249 667 3350 720 im-

1779 759 2147 827 precationem
2179 757 2510 829 rependunt,
2537 758 2827 812 et'illorum
2864 758 2918 811 in
2945 758 3046 812 hoc
3080 756 3343 813 beneﬁcio

1779 851 2180 921 improbitatem
2240 851 2422 920 potius
2481 865 2641 920 quam
2695 849 3018 918 probitatem
3071 859 3338 904 versatam

1777 955 1898 996 esse
1926 940 2308 996 testiﬁcantur.
2349 937 2440 994 Sic
2473 940 2618 996 enim
2651 941 2950 1009 loquuntur
2977 957 2990 992 :
3025 937 3134 1008 Ego
3165 947 3217 994 te
3245 956 3342 994 ne—

1705 1029 1718 1036 ’
1778 1047 1882 1102 que
1911 1030 2194 1094 seminavi,
2227 1045 2402 1100 neque
2431 1031 2656 1092 messui,
2689 1045 2797 1082 non
2836 1030 3090 1084 molendo
3121 1032 3348 1084 commi-

1779 1123 1894 1186 nui,
1933 1137 2042 1176 non
2077 1121 2130 1175 in
2162 1121 2437 1176 clibanum
2477 1121 2713 1186 immisi;
2748 1122 2888 1176 alius
2927 1121 3143 1186 obtulit,
3179 1130 3231 1178 et
3253 1137 3347 1176 co-

1777 1213 1954 1279 medi;
1987 1212 2245 1266 immunis
2279 1212 2348 1266 ab
2385 1211 2542 1281 culpa
2579 1226 2722 1268 sum.
2751 1210 2826 1264 lta
2855 1227 2950 1266 eos
2977 1213 3143 1281 ipsos,
3179 1215 3350 1282 aqui~

1777 1304 1880 1359 bus
1913 1303 2154 1364 aluntur,
2185 1302 2435 1356 malelicii
2473 1303 2856 1356 condemnant.
2883 1303 3014 1358 Jure
3048 1305 3096 1358 id
3126 1305 3346 1374 quidem

1776 1407 1842 1448 ac
1867 1393 2080 1446 merito.
2115 1391 2248 1446 Nam
2275 1384 2368 1462 qui
2394 1391 2582 1456 Deum,
2619 1407 2650 1448 a
2675 1409 2783 1463 quo
2813 1396 2996 1449 omnia
3031 1393 3178 1450 facta‘
3195 1405 3344 1458 sunt,

1775 1487 1974 1556 ejurat.
2023 1486 2280 1555 indignus
2313 1492 2418 1548 est,
2455 1485 2548 1554 qui
2592 1483 2682 1539 Dei
2729 1485 2888 1540 bonis
2923 1485 3024 1541 hoc
3060 1487 3220 1540 modo
3253 1502 3348 1556 per

143 1597 242 1649 pov;
277 1581 330 1631 Ὀ
366 1579 464 1649 μὲν
498 1577 607 1648 γὰρ
642 1577 856 1648 τρυγῶν
901 1575 1046 1640 ἅπαξ
1079 1577 1238 1646 ἔτεμε
1267 1577 1357 1629 τὸν
1385 1576 1615 1646 βότρυν·
1646 1576 1665 1628 d

1771 1574 1956 1642 jocum
1985 1587 2051 1626 ac
2085 1571 2380 1626 ludibrium
2413 1573 2606 1626 alatur.
2637 1571 2902 1627 Praeterea
2943 1589 3190 1629 racemos
3221 1591 3346 1628 cum

202 1631 379 1746 icilij
402 1669 488 1721 διὰ
510 1631 638 1720 ’τιῦν
670 1631 916 1738 imam-ci,
927 1631 1056 1738 ρων..
1086 1631 1184 1722 καί
1207 1666 1295 1720 διὰ
1318 1631 1412 1720 τοῦ
1443 1631 1665 1720 καταδα-

1779 1659 2064 1735 amputare
2122 1676 2228 1718 non
2273 1662 2532 1728 audeant,
2577 1663 2768 1719 iisdem
2809 1673 2986 1719 tamen
3027 1675 3346 1730 vescuntur,

138 1763 296 1833 μάζειν
319 1761 547 1814 ἕκαστον
578 1760 798 1822 κόκκον,
829 1759 1028 1829 μᾶλλον
1065 1758 1444 1822 πολυπλασίως
1474 1758 1665 1812 ἐϐασὰ-

1789 1763 1848 1810 ut
1875 1754 2102 1810 omnino
2125 1760 2340 1808 constet
2368 1753 2630 1808 ebrietate
2663 1769 2725 1809 ac
2747 1755 3070 1811 temulentia
3103 1758 3225 1812 illos
3255 1774 3346 1828 po-

142 1869 234 1904 νισε
277 1853 364 1904 καὶ
413 1849 594 1918 ἔτεμε.
639 1849 747 1902 Kal
816 1849 913 1919 οὐχ
953 1851 1134 1919 ὅμοιος
1179 1848 1360 1901 οὐκέτι
1405 1847 1556 1900 ἔσται
1592 1846 1665 1918 τῷ

1777 1847 1906 1913 tius,
1945 1860 2108 1916 quam
2149 1853 2403 1914 suscepta
2453 1846 2679 1900 veritate
2722 1845 2788 1899 ad
2840 1847 2890 1900 id
2939 1849 3162 1918 impelli.
3205 1848 3348 1918 Quid

133 1941 346 2010 τέμνοντι
387 1939 534 2005 ἅπαξ
573 1939 603 1990 ὁ
647 1939 1063 2008 μασσησάμενος
1127 1937 1222 1989 καὶ
1288 1936 1665 2006 καταδαπανή·

1774 1939 1919 1992 enim
1955 1937 2174 2006 gravius
2205 1937 2325 1990 est?
2355 1933 2491 1990 Nam
2537 1938 2628 2006 qui
2663 1937 2977 2002 vindemiat,
3021 1941 3238 1996 botrum
3268 1957 3350 1996 se-

136 2033 274 2092 σαςι·
319 2029 434 2084 ἀλλ’
478 2029 565 2082 ἵνα
615 2028 774 2099 μόνον
815 2027 1006 2092 δόξωσι
1058 2026 1348 2091 δοξοποιεῖν
1400 2028 1522 2080 ὅσον
1567 2027 1665 2097 τῆς

1776 2028 1884 2081 mel
1930 2033 2211 2098 amputat;
2265 2027 2358 2096 qui
2391 2041 2520 2080 vero
2565 2029 2818 2092 comedit,
2849 2028 2975 2084 dum
3006 2031 3193 2088 acinos
3235 2032 3347 2087 sin-

131 2120 350 2190 ἀληθείας
381 2119 496 2188 ἔχει
518 2119 834 2189 τεκμήριον.

1775 2118 1932 2189 gulos
1969 2115 2177 2170 mandit
2209 2130 2272 2170 ac
2319 2116 2574 2171 dentibus
2637 2119 2975 2184 comminuit,
3026 2124 3198 2176 multo
3232 2126 3348 2177 ani—-

133 2226 248 2264 main
276 2217 487 2280 torquet
531 2208 902 2263 vehementius
942 2222 1005 2261 ac
1044 2205 1303 2262 concidit.
1335 2205 1444 2262 Nec
1479 2207 1666 2262 eadem
1707 2209 1826 2278 ejus
1862 2207 1954 2278 qui
1989 2211 2157 2264 semel
2187 2215 2418 2273 resecat,
2461 2222 2526 2262 ac
2559 2209 2650 2279 qui
2688 2211 2964 2264 commolit
3029 2221 3082 2267 et
3141 2229 3343 2270 consu-

133 2305 230 2364 mit,
265 2317 380 2357 esse
415 2304 562 2354 ratio
593 2301 823 2355 videtur.
897 2299 1000 2356 Sed
1041 2300 1094 2354 id
1129 2316 1299 2354 unum
1340 2309 1585 2378 spectare
1617 2301 1892 2366 videntur,
1946 2312 2005 2354 ut
2078 2301 2222 2370 quod
2292 2299 2534 2354 verizatis
2605 2301 2866 2356 indicium
2916 2311 3192 2376 utcunque
3237 2324 3348 2378 pra:

129 2411 178 2451 se
210 2397 301 2450 fert
331 2399 498 2466 666
519 2385 585 2451 ad
619 2397 928 2466 Opinionem
963 2411 1120 2450 suam
1165 2395 1564 2449 (aonciliandam
1611 2395 1665 2450 in
1705 2397 1940 2449 medium
1967 2393 2176 2449 all'erat.

183 2488 292 2542 NA'.
325 2483 463 2541 Εἶτα
504 2488 664 2542 πάλιν
693 2488 1090 2559 ἅθυρογλωττεῖ
1133 2489 1261 2560 περὶ
1291 2487 1384 2541 τοῦ
1420 2487 1665 2560 παραδεί-

1844 2488 1980 2546 LIV.
2023 2488 2222 2544 Eadem
2253 2489 2450 2561 linguae
2479 2490 2699 2546 licentia
2743 2491 2811 2547 de
2859 2495 3110 2564 paradiso
3150 2499 3342 2566 garrit,

129 2597 222 2638 σου.
246 2579 299 2632 ὃν
327 2579 486 2632 καλεῖ
511 2580 736 2650 κόσμον.
774 2581 932 2632 Ἐστι
959 2579 1036 2646 δὲ,
1069 2581 1220 2651 φησὶ,
1253 2581 1318 2634 τὰ
1345 2580 1490 2650 φυτὰ
1515 2580 1583 2662 τὰ
1614 2583 1665 2634 ἐν

1772 2595 1934 2649 quem
1965 2579 2230 2634 mundum
2264 2583 2523 2652 appellat.
2565 2583 2705 2638 Sunt
2733 2591 2940 2652 autem,
2977 2598 3033 2640 ut
3061 2589 3154 2642 ille
3186 2589 3340 2655 dicit,

129 2670 267 2740 αὐτῷ,
296 2669 330 2724 ἃ
365 2670 496 2740 παρ’
523 2673 656 2740 ἡμῖν
697 2670 976 2735 ἐπαινετὰ,
1009 2671 1046 2725 δι
1079 2672 1240 2735 αὐτὸς
1280 2673 1545 2742 ἀρνεῖται,
1583 2673 1665 2724 ἵνα

1769 2670 2018 2740 qumdam
2053 2673 2108 2725 iu
2147 2672 2239 2726 illo
2273 2675 2521 2738 arbores,
2557 2690 2694 2744 quas
2729 2677 3076 2746 nos-quidem
3114 2681 3342 2736 laudan-

121 2761 278 2832 δειχθῇ
308 2761 524 2832 ἀληθῶς
577 2761 682 2815 ὑπὸ
724 2761 817 2815 τοῦ
862 2762 1038 2831 ὄφεως
1065 2764 1432 2834 ἡπατημένος.
1470 2762 1665 2826 Καθὼς

1769 2763 1869 2816 das
1908 2763 2266 2827 arbitramur,
2323 2765 2438 2834 ipse
2467 2781 2596 2820 vero
2630 2767 2869 2831 damnat,
2911 2778 2970 2822 ut
3002 2772 3084 2825 vel
3131 2772 3230 2828 hac
3259 2790 3346 2827 ra-

129 2853 312 2923 ἐκείνης
337 2853 672 2924 παρὲφθειρε
701 2854 798 2926 τὴν
827 2853 992 2924 ἀκοὴν
1025 2855 1124 2925 τῆς
1155 2855 1361 2908 ἀκάκου
1389 2853 1552 2918 Εὔας,
1577 2853 1665 2908 οῦ-

1781 2853 1926 2906 tione
1977 2853 2262 2923 deceptum
2311 2869 2370 2909 se
2411 2856 2479 2910 ab
2525 2863 2776 2926 serpente
2811 2857 3166 2916 demonstret.
3208 2863 3342 2919 Nam

119 2959 208 3006 τως
233 2944 446 3018 (saepe;
478 2944 599 3013 ὄφις
634 2944 728 2997 καὶ
765 2944 926 3007 αὐτὸς
960 2944 1320 3016 παραφθείρει
1363 2944 1552 3008 ἀκοάς.
1585 2943 1665 2997 Τὰ

1770 2943 2226 3012 quemadmodum
2263 2945 2363 3000 iste
2400 2946 2627 3001 nimium
2666 2947 2931 3018 simplicis
2960 2950 3084 3006 Evae
3116 2955 3344 3011 atirtlms

121 3035 230 3104 γὰρ,
259 3013 442 3104 φησὶν,
477 3037 532 3086 ἐν
558 3033 636 3104 τῷ
667 3033 976 3106 παραδείσῳ
1003 3013 1269 3105 λεγόμενα
1308 3036 1450 3105 φυτὰ
1475 3034 1660 3088 ἐπιθυ-

1770 3035 2064 3104 perniciem
2085 3037 2380 3091 insinuavit
2403 3052 2416 3090 :
2443 3037 2525 3092 sic
2554 3048 2607 3092 et
2630 3013 2790 3108 hujus
2821 3041 3064 3097 auditum
3093 3045 3230 3100 idem
3256 3047 3346 3100 ille

121 3123 236 3191 μιῶν
262 3125 396 3177 εἰσιν
429 3124 658 3186 ἀπάται,
685 3123 742 3177 αἶ
766 3123 1133 3194 διαφθείρουσι
1161 3123 1250 3178 τὸν
1278 3125 1537 3195 λογισμὸν
1559 3125 1665 3179 τῶν

1769 3139 1994 3194 serpens
2017 3123 2296 3180 horribilis
2324 3126 2570 3197 corrupit
2591 3129 2629 3181 '.
2658 3127 2765 3182 Illae
2787 3129 2972 3200 igitur,
3007 3131 3200 3202 inquit,
3225 3149 3346 3204 quae

117 3209 412 3282 ἀνθρώπων.
459 3213 532 3264 To
578 3212 745 3264 δὲ-ὲν
795 3210 870 3281 τῷ
909 3213 1226 3284 παραδείσῳ
1265 3215 1452 3282 φυτὸν,
1498 3213 1558 3279 ἐξ
1590 3207 1665 3268 ὧν

1768 3213 1822 3265 in
1847 3213 2102 3282 paradiso
2135 3229 2257 3268 esse
2275 3215 2556 3280 dicuntur,
2583 3217 2832 3284 arbores,
2873 3222 3190 3290 cupiditatis
3224 3224 3344 3280 ille-

115 3305 412 3374 γνωρίζουσι
441 3304 502 3357 τὸ
523 3304 706 3366 καλὸν,
735 3305 895 3368 αὐτός
923 3308 1070 3358 ὲστιν
1097 3308 1124 3359 ὁ
1162 3307 1388 3377 Ἰησοῦς,
1411 3310 1443 3377 ἡ
1471 3307 1668 3376 γνῶσις

115 3394 142 3454 ἡ
169 3397 218 3446 ὲν
239 3395 314 3466 τῷ
344 3396 562 3466 κόσμῳ.
607 3397 665 3449 '0
692 3397 750 3450 δὲ
787 3397 1080 3468 λαμϐάνων
1119 3398 1386 3470 διακρίνει
1415 3399 1476 3451 τὸ
1508 3399 1669 3453 καλὸν

112 3485 190 3537 καὶ
213 3486 270 3538 τὸ
297 3488 490 3540 κακόν.
520 3487 627 3539 Kal
653 3489 784 3560 ὁρᾷς
817 3490 934 3553 πῶς
961 3489 1139 3543 πάντα
1161 3491 1228 3544 τὰ
1257 3491 1392 3560 ὀρθὰ
1419 3491 1667 3562 διαστρέ-

112 3589 218 3638 ψει,
251 3576 344 3628 τοῦ
391 3575 716 3630 Ἀποστόλου
761 3578 1057 3651 διαρρήδην
1101 3580 1330 3649 βοῶντος
1374 3583 1464 3634 καὶ
1519 3581 1664 3634 διδά-

113 3673 330 3725 σκοντος,
373 3665 461 3716 ὅτι
503 3665 798 3735 Φοϐοῦμαι
824 3667 1058 3735 μήπως.
1099 3669 1178 3734 ὡς
1209 3673 1242 3722 ό
1271 3669 1404 3738 ὄφις
1439 3669 1665 3739 ἐξηπά-

109 3765 273 3816 τησεν
311 3755 483 3810 Εὕαν
521 3757 592 3808 ἐν
635 3755 712 3825 τῇ
757 3761 1112 3829 πανουργίᾳ,
1163 3759 1314 3813 οὕτω
1360 3759 1556 3829 φθαρῇ
1593 3763 1667 3817 τὰ

109 3843 352 3914 νοήματα
376 3847 550 3917 ὑμῶν
576 3847 695 3902 ἀπὸ
723 3847 832 3917 τῆς
854 3849 1180 3918 ἀγνότητος
1217 3851 1316 3904 καὶ
1345 3850 1452 3920 τῆς
1478 3853 1666 3906 ἁπλό-

109 3947 284 3998 τητος,
313 3935 428 4004 τῆς
456 3939 544 4003 είς
571 3936 679 3990 τὸν
712 3939 985 4005 Χριστόν.
1021 3941 1131 3992 Kal
1157 3941 1257 4011 ὅρα
1299 3941 1415 4004 πῶς
1446 3942 1661 4012 ἀπεφήα

109 4036 216 4074 me
254 4026 418 4078 αὐτὸν
461 4028 660 4081 πλάνον
705 4029 802 4082 καὶ
835 4028 1162 4101 πανοῦργον,
1215 4034 1309 4086 καὶ
1342 4033 1663 4105 ἠπατηκότα

105 4111 363 4180 τὴνΕῦαν.
396 4117 512 4170 Καὶ
545 4119 704 4172 πάλιν
733 4121 790 4172 ὲν
819 4119 962 4192 ἄλλῳ
995 4123 1144 4192 τόπῳ
1171 4123 1199 4175 ὁ
1224 4123 1385 4186 αὐτὸς
1413 4125 1664 4177 Ἀπόστο-

105 4199 206 4265 λος·
251 4207 421 4275 Ἀνὴρ
479 4211 590 4262 οὐκ
633 4211 860 4278 ὀφείλει
899 4213 1111 4281 κομᾷν,
1148 4213 1295 4278 δόξα
1339 4213 1436 4266 καὶ
1487 4215 1662 4269 εἰκὼν

105 4293 232 4346 Θεοῦ
257 4297 571 4367 ὑπάρχων.
605 4301 714 4352 Καὶ
752 4302 906 4374 ὁρᾷς,
950 4304 1026 4366 ὡς
1055 4303 1210 4367 δόξαν
1250 4304 1381 4358 Θεοῦ
1428 4305 1530 4378 ἔφη
1560 4308 1660 4377 τὴν

1767 3299 1944 3352 οθὺτιε
1980 3307 2128 3364 sunt,
2163 3301 2362 3369 quibus
2405 3302 2684 3356 hominum
2725 3305 2888 3358 animi
2926 3306 3210 3376 depravari
3247 3327 3342 3370 so-

1769 3381 1898 3434 lent.
1943 3380 2115 3436 Porro
2165 3385 2370 3454 lignum
2394 3385 2526 3438 illud
2573 3401 2682 3454 quo
2735 3387 2938 3442 bonum
2980 3391 3340 3460 dignoscitur.

1767 3471 1994 3541 ipsemet
2018 3471 2176 3527 Jesus
2215 3479 2320 3536 est,
2345 3475 2461 3528 sive
2493 3475 2746 3540 scientia,
2773 3493 2894 3548 quae
2927 3479 2982 3533 in
3007 3479 3110 3535 hoc
3141 3485 3342 3539 mundo

1766 3561 1972 3616 residet
2001 3581 2014 3616 :
2046 3577 2210 3632 quam
2237 3565 2330 3634 qui
2355 3565 2552 3634 accipit
2585 3565 2786 3620 bonum
2825 3582 2856 3620 a
2890 3571 3032 3626 malo
3059 3573 3338 3630 discernit.

1781 3649 1946 3706 Vides
1969 3662 2027 3706 ut
2053 3654 2156 3708 iste
2186 3655 2448 3724 quidquid
2491 3665 2696 3710 rectum
2736 3665 2820 3714 est
2843 3661 3186 3734 distorquere
3225 3674 3342 3722 stu-

1765 3741 1916 3806 deat,
1953 3757 2080 3798 cum
2119 3745 2417 3814 Apostolus
2459 3747 2662 3802 diserte
2701 3749 2899 3806 clamet
2946 3768 3009 3808 ac
3041 3755 3338 3824 pradicet:

1767 3831 1942 3886 Timeo
1965 3851 2027 3887 ne
2055 3835 2191 3888 sicut
2219 3852 2429 3904 serpens
2459 3838 2656 3906 decepit
2689 3839 2854 3896 Evam
2894 3847 3095 3900 astutia
3115 3863 3233 3915 sua,
3263 3850 3340 3904 ita

1763 3935 2171 3995 corrumpantur
2200 3929 2543 3998 cogitationes
2565 3945 2750 3988 vestra:
2789 3952 2822 3990 a
2849 3937 3099 3993 castitate
3130 3949 3181 3994 et
3210 3943 3337 3995 sim-

1761 4021 1997 4087 plicitate
2024 4021 2077 4074 in
2111 4020 2381 4076 Christum
2398 4025 2445 4098 _'.
2487 4024 2582 4082 Ubi
2609 4027 2744 4082 illud
2780 4029 3170 4086 animadvertis
3199 4048 3340 4102 quo-

1763 4111 1925 4165 modo
1945 4113 2294 4180 impostorem
2321 4115 2474 4168 illum
2501 4131 2566 4170 ac
2591 4117 2803 4172 val‘rum
2828 4135 2950 4174 esse
2973 4120 3136 4186 dicat,
3167 4138 3194 4174 a
3229 4141 3340 4193 quo

1763 4199 1872 4253 Eva
1906 4201 2131 4271 decepta
2167 4205 2256 4257 sit.
2285 4203 2390 4258 Sed
2414 4206 2525 4260 alio
2555 4208 2674 4261 loco
2701 4207 2841 4264 idem
2866 4211 3180 4279 Apostolus,
3223 4215 3334 4279 Vir,

1761 4289 1957 4358 inquit,
1996 4305 2200 4343 comam
2251 4293 2392 4347 alere
2435 4311 2538 4348 non
2589 4295 2756 4362 debet,
2805 4315 2926 4352 cum
2956 4301 3026 4354 sit
3065 4302 3242 4371 gloria
3285 4317 3336 4360 et

105 4381 254 4456 κόμην
277 4389 372 4440 ἐπὶ
401 4389 654 4459 meum;
679 4393 1005 4463 φερομένην,
1035 4395 1127 4448 καὶ
1152 4397 1250 4449 οὑκ
1277 4399 1334 4449 ὲν
1358 4397 1500 4468 ψυχῇ
1527 4415 1540 4428 ·
1563 4397 1658 4452 καὶ

1767 4382 1933 4452 imago
1967 4381 2064 4436 Dei
2087 4385 2128 4439 ⁸.
2163 4385 2371 4450 Quibus
2401 4388 2582 4443 verbis
2613 4389 2765 4445 vides
2819 4401 2878 4445 ut
2917 4407 3127 4449 comam
3163 4396 3330 4460 illam,

105 4477 224 4540 μετὰ
255 4478 435 4532 ταῦτὰ
479 4497 677 4551 φησιν·
739 4481 910 4552 Ἀδὰμ
950 4486 1060 4538 οὐκ
1104 4485 1446 4557 ἐξηπατήθη
1471 4506 1483 4520 ·
1519 4490 1658 4544 ἀλλ’

103 4565 132 4630 ἠ
157 4567 300 4635 γυνὴ
338 4571 412 4623 ἐν·
439 4574 770 4640 παραϐάσει
797 4576 1083 4644 γενομένη
1115 4577 1436 4647 ἡμάρτηκε.
1465 4581 1658 4649 Σωθή.

99 4671 244 4710 σεται
275 4660 345 4712 δὲ
369 4659 478 4714 διὰ
531 4661 640 4730 τῆς
683 4666 1086 4734 τεκνογονίας,
1138 4666 1246 4720 ἐὰν
1299 4669 1660 4738 ἐμμείνωσιν

99 4741 154 4792 ὲν
177 4744 246 4812 τῇ
283 4749 514 4802 πίστει.
543 4751 654 4804 Kal
679 4753 780 4822 ὅρα
809 4753 924 4818 πῶς
951 4755 1107 4823 φύσει
1137 4755 1206 4809 τὰ
1236 4757 1465 4827 ἀληθινὰ
1495 4761 1658 4830 κεκή-

99 4849 269 4900 ρυκται
295 4841 356 4890 ὲν
383 4843 456 4910 τῇ
505 4839 624 4910 θείᾳ
653 4842 862 4913 Γραφῇ.
895 4845 1006 4897 Καὶ
1041 4845 1217 4916 μάτην
1245 4845 1418 4911 οὕτως
1451 4865 1658 4920 κομπο-

99 4931 238 4990 misi,
267 4929 478 4998 μᾶλλον
509 4930 562 4983 δὲ
587 4931 784 5003 χλεύην
811 4934 1098 5003 ὑφίσταται
1127 4935 1279 5006 παρὰ
1299 4939 1412 5000 τοῖς
1435 4938 1534 5008 τὴν
1566 4955 1656 4992 τε-

97 5013 222 5071 λείαν
252 5021 526 5093 φρόνησιν
585 5025 962 5096 κεκτημένοις.
991 5023 1124 5080 Εἶτα
1145 5027 1304 5082 πάλιν
1331 5029 1561 5084 ἐνταῦθα
1581 5032 1658 5084 διο

97 5111 286 5174 enim
321 5112 400 5184 μὴ
447 5108 591 5166 εἶναι
629 5115 720 5168 τὸν
769 5116 971 5186 κόσμον
1019 5116 1112 5169 τοῦ
1145 5117 1301 5183 Θεοῦ,
1343 5107 1516 5193 ἀλλ’ἢ
1551 5121 1657 5176 ἀπὸ

97 5197 272 5268 μέρους
313 5201 421 5273 τῆς
475 5201 609 5274 ὕλης
653 5205 980 5260 πεπλάσθαι.
1026 5207 1114 5260 Ἐν
1157 5207 1234 5278 τῷ
1277 5208 1335 5262 δὲ
1376 5210 1450 5282 μὴ
1477 5211 1655 5282 ἐαυτῷ

95 5295 325 5359 στοιχεῖν,
361 5292 509 5347 ἀλλὰ
537 5296 679 5350 κατὰ
709 5297 818 5352 τῶν
852 5297 1029 5351 αὐτῶν
1065 5297 1322 5370 φέρεσθαι
1349 5299 1652 5366 ἀνασκευὰς

95 5379 172 5432 καὶ
217 5385 570 5451 κατασκευάς
625 5387 1102 5460 ὲπιπλαττόμενος,
1143 5389 1304 5443 παντί
1354 5408 1434 5461 τῳ
1483 5393 1651 5462 σαφές
1691 5463 1697 5468 _

97 5467 190 5524 ἐστι
240 5475 545 5547 ληροῦντος
573 5474 711 5533 εἶναι
743 5479 806 5533 τὸ
829 5480 1036 5534 τοιοῦτο
1064 5482 1334 5553 φρόνημα.

1764 4487 1884 4541 qua:
1912 4471 1967 4527 in
1991 4488 2240 4543 corpore,
2277 4491 2384 4531 non
2417 4477 2472 4531 in
2509 4479 2689 4534 anima
2717 4485 2943 4552 geritur,
2977 4484 3070 4540 Dei
3104 4487 3334 4556 gloriam

1763 4565 2015 4633 appellet.
2066 4565 2267 4622 Deinde
2311 4569 2535 4639 subjicit
2561 4589 2574 4624 :
2605 4571 2778 4626 Adam
2808 4591 2910 4627 non
2950 4584 3029 4628 est
3067 4575 3331 4644 deceptus,

1763 4656 1852 4708 sed
1880 4657 2068 4709 mulier
2095 4657 2150 4710 in
2175 4662 2588 4730 transgressione
2613 4662 2758 4730 facta
2787 4665 3038 4730 peccavit.
3087 4665 3329 4722 Saluabi-

1765 4755 1850 4798 tur
1883 4758 2054 4800 autem
2085 4763 2176 4812 per
2209 4749 2492 4806 liberorum
2526 4755 2961 4820 procreationem,
3002 4757 3049 4810 si
3088 4773 3336 4825 perman-

1735 4837 1924 4890 'serint
1965 4839 2018 4890 in
2063 4837 2165 4908 ﬁde
2189 4841 2230 4894 ⁵.
2261 4839 2396 4896 Vide
2433 4858 2596 4912 quam
2638 4857 2760 4912 apte
2800 4846 2974 4901 sacris
3030 4847 3085 4900 in
3119 4849 3332 4904 Litteris

1762 4943 1890 4982 vera
1931 4943 1995 4983 ac
2033 4931 2243 4985 sincera
2291 4949 2518 5004 quaeque
2571 4937 2950 5005 praedicentur,
2995 4939 3086 4992 ille
3136 4949 3330 4994 contra

1711 5017 1969 5078 -_frustra
2021 5035 2142 5077 sese
2185 5025 2446 5088 venditet,
2481 5028 2564 5082 vel
2594 5027 2776 5096 potius
2819 5029 3054 5084 ludibrio
3085 5023 3158 5085 sit
3186 5033 3329 5100 apud

1694 5101 1879 5192 uicos.
1903 5110 1996 5180 qui
2041 5111 2280 5181 perfecta
2319 5117 2584 5185 sapientia
2613 5119 2820 5187 praediti
2862 5129 3008 5174 sunt.
3040 5119 3204 5174 Addit
3236 5138 3330 5176 eo-

1740 5199 1881 5257 dem
1921 5203 2060 5269 loco,
2094 5207 2352 5263 mundum
2374 5209 2595 5264 minime
2624 5211 2688 5264 ad
2719 5210 2882 5264 Deum
2911 5212 3202 5279 pertinere,
3233 5215 3328 5270 sed

1757 5307 1788 5346 a
1811 5295 2049 5348 materia
2075 5299 2318 5366 partibus
2341 5316 2462 5356 esse
2486 5299 2829 5355 fabricatum.
2859 5300 3058 5358 Verum
3083 5305 3186 5359 boc
3209 5307 3330 5376 ipso

1758 5383 1902 5453 quod
1941 5400 2126 5441 secum
2171 5390 2395 5446 minime
2444 5393 2778 5458 consentiat,
2826 5393 2921 5449 sed
2961 5409 3028 5452 ea
3070 5397 3190 5468 ipsa
3231 5399 3327 5474 do-

1758 5483 1959 5546 gmata,
1985 5491 2106 5546 quae
2135 5481 2419 5546 conlinxit,
2449 5489 2660 5538 evertat
2692 5499 2756 5538 ac
2809 5485 3071 5554 stabiliat,
3105 5501 3328 5560 apparet

1763 5567 1878 5622 haec
1913 5581 1942 5620 a
1963 5567 2250 5626 delirantis
2279 5573 2500 5646 ingenio
2521 5590 2644 5632 esse
2668 5577 2934 5648 profecta.

151 5665 166 5699 ⁸
192 5667 390 5744 ncesse
419 5675 680 5731 nonnihil
703 5676 936 5732 videtur.
1015 5679 1036 5711 ³
1073 5675 1208 5732 Gen.
1233 5689 1292 5742 ll,
1323 5675 1348 5730 l
1381 5693 1500 5750 sqq.
1577 5681 1598 5713 ³
1619 5681 1666 5738 ll
1692 5681 1820 5740 Cor.
1845 5701 1922 5752 ιι,
1953 5685 2005 5740 '5.
2084 5687 2105 5719 ⁸
2127 5687 2146 5744 l
2171 5687 2296 5744 Cor.
2326 5705 2403 5756 ιιι,
2437 5689 2524 5745 il.
2597 5691 2619 5724 ⁸
2641 5689 2664 5746 l
2686 5689 2828 5748 Tim.
2855 5709 2914 5762 ιι,
2944 5693 3030 5758 14,
3061 5692 3148 5748 l5.
