  <div class='ocr_page' id='page_1' title='image "/cluster/home/n/w/nwhite01/storage/ocr_20150623/42/hvd.32044011752995/055.png"; bbox 0 0 3850 6204; ppageno 0'>
   <div class='ocr_carea' id='block_1_1' title="bbox 446 344 543 404">
    <p class='ocr_par' dir='ltr' id='par_1_1' title="bbox 446 344 543 404">
     <span class='ocr_line' id='line_1_1' title="bbox 446 344 543 404; baseline 0.021 -2"><span class='ocrx_word' id='word_1_1' title='bbox 446 344 543 404; x_wconf 68' lang='grc' dir='ltr'><strong>ιιι</strong></span> 
     </span>
    </p>
   </div>
   <div class='ocr_carea' id='block_1_2' title="bbox 1872 326 2312 383">
    <p class='ocr_par' dir='ltr' id='par_1_2' title="bbox 1872 326 2312 383">
     <span class='ocr_line' id='line_1_2' title="bbox 1872 326 2312 383; baseline -0.007 0"><span class='ocrx_word' id='word_1_2' title='bbox 1872 329 1932 383; x_wconf 79' lang='lat' dir='ltr'><strong>S.</strong></span> <span class='ocrx_word' id='word_1_3' title='bbox 1968 326 2312 383; x_wconf 70' lang='lat' dir='ltr'><strong>EPIPHANH</strong></span> 
     </span>
    </p>
   </div>
   <div class='ocr_carea' id='block_1_3' title="bbox 3620 330 3736 388">
    <p class='ocr_par' dir='ltr' id='par_1_3' title="bbox 3620 330 3736 388">
     <span class='ocr_line' id='line_1_3' title="bbox 3620 330 3736 388; baseline 0.034 -4"><span class='ocrx_word' id='word_1_4' title='bbox 3620 330 3736 388; x_wconf 70' lang='grc' dir='ltr'><strong>ΗΞ</strong></span> 
     </span>
    </p>
   </div>
   <div class='ocr_carea' id='block_1_4' title="bbox 514 440 2045 528">
    <p class='ocr_par' dir='ltr' id='par_1_4' title="bbox 514 444 2021 528">
     <span class='ocr_line' id='line_1_4' title="bbox 514 444 2021 528; baseline -0.011 -14"><span class='ocrx_word' id='word_1_5' title='bbox 514 452 626 514; x_wconf 76' lang='lat' dir='ltr'><strong>LV.</strong></span> <span class='ocrx_word' id='word_1_6' title='bbox 667 452 940 528; x_wconf 69' lang='lat' dir='ltr'><strong>Praeterea</strong></span> <span class='ocrx_word' id='word_1_7' title='bbox 962 450 1267 506; x_wconf 84' lang='lat' dir='ltr'><strong>animarum</strong></span> <span class='ocrx_word' id='word_1_8' title='bbox 1296 462 1362 503; x_wconf 86' lang='lat' dir='ltr'><strong>ex</strong></span> <span class='ocrx_word' id='word_1_9' title='bbox 1400 446 1525 502; x_wconf 76' lang='lat' dir='ltr'><strong>aliis</strong></span> <span class='ocrx_word' id='word_1_10' title='bbox 1553 446 1609 501; x_wconf 90' lang='lat' dir='ltr'><strong>in</strong></span> <span class='ocrx_word' id='word_1_11' title='bbox 1645 444 1753 499; x_wconf 80' lang='lat' dir='ltr'><strong>alia</strong></span> <span class='ocrx_word' id='word_1_12' title='bbox 1790 459 2021 515; x_wconf 84' lang='lat' dir='ltr'><strong>corpora</strong></span> 
     </span>
    </p>
   </div>
   <div class='ocr_carea' id='block_1_5' title="bbox 2200 440 3733 528">
    <p class='ocr_par' dir='ltr' id='par_1_5' title="bbox 2200 440 3733 517">
     <span class='ocr_line' id='line_1_5' title="bbox 2200 440 3733 517; baseline -0.001 -23"><span class='ocrx_word' id='word_1_13' title='bbox 2200 440 2321 496; x_wconf 63' lang='grc' dir='ltr'><strong>ΝΒ.</strong></span> <span class='ocrx_word' id='word_1_14' title='bbox 2353 441 2777 512; x_wconf 75' lang='grc' dir='ltr'>Μεταγγισμοὺς</span> <span class='ocrx_word' id='word_1_15' title='bbox 2806 444 2861 496; x_wconf 83' lang='grc' dir='ltr'><strong>δὲ</strong></span> <span class='ocrx_word' id='word_1_16' title='bbox 2884 441 3074 513; x_wconf 69' lang='grc' dir='ltr'>ψυχῶν</span> <span class='ocrx_word' id='word_1_17' title='bbox 3097 443 3367 512; x_wconf 77' lang='grc' dir='ltr'>διηγεῖται</span> <span class='ocrx_word' id='word_1_18' title='bbox 3400 442 3509 497; x_wconf 77' lang='grc' dir='ltr'>ἀπὸ</span> <span class='ocrx_word' id='word_1_19' title='bbox 3530 448 3733 517; x_wconf 70' lang='grc' dir='ltr'>σωμά-</span> 
     </span>
    </p>
   </div>
   <div class='ocr_carea' id='block_1_6' title="bbox 445 535 2024 610">
    <p class='ocr_par' dir='ltr' id='par_1_6' title="bbox 445 535 2024 610">
     <span class='ocr_line' id='line_1_6' title="bbox 445 535 2024 610; baseline -0.009 -3"><span class='ocrx_word' id='word_1_20' title='bbox 445 550 715 609; x_wconf 74' lang='lat' dir='ltr'><strong>transitus</strong></span> <span class='ocrx_word' id='word_1_21' title='bbox 764 545 1039 604; x_wconf 73' lang='lat' dir='ltr'><strong>edisserit.</strong></span> <span class='ocrx_word' id='word_1_22' title='bbox 1095 540 1253 610; x_wconf 85' lang='lat' dir='ltr'><strong>Quod</strong></span> <span class='ocrx_word' id='word_1_23' title='bbox 1298 537 1642 594; x_wconf 81' lang='lat' dir='ltr'><strong>mendacium</strong></span> <span class='ocrx_word' id='word_1_24' title='bbox 1690 553 1721 592; x_wconf 89' lang='lat' dir='ltr'><strong>a</strong></span> <span class='ocrx_word' id='word_1_25' title='bbox 1774 535 2024 601; x_wconf 85' lang='lat' dir='ltr'><strong>Platone,</strong></span> 
     </span>
    </p>
   </div>
   <div class='ocr_carea' id='block_1_7' title="bbox 446 629 2027 706">
    <p class='ocr_par' dir='ltr' id='par_1_7' title="bbox 446 629 2027 706">
     <span class='ocr_line' id='line_1_7' title="bbox 446 629 2027 706; baseline -0.011 -5"><span class='ocrx_word' id='word_1_26' title='bbox 446 647 533 703; x_wconf 75' lang='lat' dir='ltr'><strong>vel</strong></span> <span class='ocrx_word' id='word_1_27' title='bbox 581 645 801 701; x_wconf 82' lang='lat' dir='ltr'><strong>Zenone</strong></span> <span class='ocrx_word' id='word_1_28' title='bbox 846 639 1054 699; x_wconf 83' lang='lat' dir='ltr'><strong>Stoico.</strong></span> <span class='ocrx_word' id='word_1_29' title='bbox 1100 636 1187 692; x_wconf 88' lang='lat' dir='ltr'><strong>vel</strong></span> <span class='ocrx_word' id='word_1_30' title='bbox 1216 633 1477 706; x_wconf 89' lang='lat' dir='ltr'><strong>quopiam</strong></span> <span class='ocrx_word' id='word_1_31' title='bbox 1526 631 1635 687; x_wconf 87' lang='lat' dir='ltr'><strong>alio</strong></span> <span class='ocrx_word' id='word_1_32' title='bbox 1674 646 1740 687; x_wconf 88' lang='lat' dir='ltr'><strong>ex</strong></span> <span class='ocrx_word' id='word_1_33' title='bbox 1773 629 2027 685; x_wconf 87' lang='lat' dir='ltr'><strong>fanaticis</strong></span> 
     </span>
    </p>
   </div>
   <div class='ocr_carea' id='block_1_8' title="bbox 449 722 2025 805">
    <p class='ocr_par' dir='ltr' id='par_1_8' title="bbox 449 722 2025 805">
     <span class='ocr_line' id='line_1_8' title="bbox 449 722 2025 805; baseline -0.013 -12"><span class='ocrx_word' id='word_1_34' title='bbox 449 740 560 794; x_wconf 81' lang='lat' dir='ltr'><strong>illis</strong></span> <span class='ocrx_word' id='word_1_35' title='bbox 611 748 940 805; x_wconf 83' lang='lat' dir='ltr'><strong>corrogasse</strong></span> <span class='ocrx_word' id='word_1_36' title='bbox 981 729 1216 784; x_wconf 87' lang='lat' dir='ltr'><strong>videtur.</strong></span> <span class='ocrx_word' id='word_1_37' title='bbox 1270 726 1485 781; x_wconf 82' lang='lat' dir='ltr'><strong>Etenim</strong></span> <span class='ocrx_word' id='word_1_38' title='bbox 1532 722 1626 794; x_wconf 93' lang='lat' dir='ltr'><strong>qui</strong></span> <span class='ocrx_word' id='word_1_39' title='bbox 1665 722 1780 777; x_wconf 88' lang='lat' dir='ltr'><strong>ﬁeri</strong></span> <span class='ocrx_word' id='word_1_40' title='bbox 1826 729 2025 791; x_wconf 82' lang='lat' dir='ltr'><strong>potest,</strong></span> 
     </span>
    </p>
   </div>
   <div class='ocr_carea' id='block_1_9' title="bbox 448 812 2028 899">
    <p class='ocr_par' dir='ltr' id='par_1_9' title="bbox 448 812 2028 899">
     <span class='ocr_line' id='line_1_9' title="bbox 448 812 2028 899; baseline -0.013 -12"><span class='ocrx_word' id='word_1_41' title='bbox 448 843 561 887; x_wconf 89' lang='lat' dir='ltr'><strong>uta</strong></span> <span class='ocrx_word' id='word_1_42' title='bbox 592 843 825 899; x_wconf 91' lang='lat' dir='ltr'><strong>corpore</strong></span> <span class='ocrx_word' id='word_1_43' title='bbox 846 826 901 879; x_wconf 91' lang='lat' dir='ltr'><strong>in</strong></span> <span class='ocrx_word' id='word_1_44' title='bbox 929 837 1130 892; x_wconf 88' lang='lat' dir='ltr'><strong>corpus</strong></span> <span class='ocrx_word' id='word_1_45' title='bbox 1168 820 1349 873; x_wconf 91' lang='lat' dir='ltr'><strong>anima</strong></span> <span class='ocrx_word' id='word_1_46' title='bbox 1376 815 1784 872; x_wconf 77' lang='lat' dir='ltr'><strong>transferatur?</strong></span> <span class='ocrx_word' id='word_1_47' title='bbox 1806 812 1943 868; x_wconf 84' lang='lat' dir='ltr'><strong>Nam</strong></span> <span class='ocrx_word' id='word_1_48' title='bbox 1980 814 2028 868; x_wconf 90' lang='lat' dir='ltr'><strong>si</strong></span> 
     </span>
    </p>
   </div>
   <div class='ocr_carea' id='block_1_10' title="bbox 450 907 2029 994">
    <p class='ocr_par' dir='ltr' id='par_1_10' title="bbox 450 907 2029 994">
     <span class='ocr_line' id='line_1_10' title="bbox 450 907 2029 994; baseline -0.011 -14"><span class='ocrx_word' id='word_1_49' title='bbox 450 938 683 994; x_wconf 89' lang='lat' dir='ltr'><strong>corpora</strong></span> <span class='ocrx_word' id='word_1_50' title='bbox 724 918 1045 991; x_wconf 82' lang='lat' dir='ltr'><strong>jamdudum</strong></span> <span class='ocrx_word' id='word_1_51' title='bbox 1082 914 1316 968; x_wconf 91' lang='lat' dir='ltr'><strong>formata</strong></span> <span class='ocrx_word' id='word_1_52' title='bbox 1364 919 1421 965; x_wconf 91' lang='lat' dir='ltr'><strong>et</strong></span> <span class='ocrx_word' id='word_1_53' title='bbox 1472 916 1661 980; x_wconf 90' lang='lat' dir='ltr'><strong>parata</strong></span> <span class='ocrx_word' id='word_1_54' title='bbox 1710 907 1913 972; x_wconf 91' lang='lat' dir='ltr'><strong>forent,</strong></span> <span class='ocrx_word' id='word_1_55' title='bbox 1971 918 2029 962; x_wconf 91' lang='lat' dir='ltr'><strong>ut</strong></span> 
     </span>
    </p>
   </div>
   <div class='ocr_carea' id='block_1_11' title="bbox 450 1000 2033 1083">
    <p class='ocr_par' dir='ltr' id='par_1_11' title="bbox 450 1000 2033 1083">
     <span class='ocr_line' id='line_1_11' title="bbox 450 1000 2033 1083; baseline -0.01 -11"><span class='ocrx_word' id='word_1_56' title='bbox 450 1022 662 1072; x_wconf 83' lang='lat' dir='ltr'><strong>animas</strong></span> <span class='ocrx_word' id='word_1_57' title='bbox 691 1014 1025 1083; x_wconf 89' lang='lat' dir='ltr'><strong>exciperent,</strong></span> <span class='ocrx_word' id='word_1_58' title='bbox 1062 1006 1312 1063; x_wconf 83' lang='lat' dir='ltr'><strong>nonnihil</strong></span> <span class='ocrx_word' id='word_1_59' title='bbox 1341 1004 1561 1058; x_wconf 88' lang='lat' dir='ltr'><strong>scenica</strong></span> <span class='ocrx_word' id='word_1_60' title='bbox 1587 1003 1691 1057; x_wconf 89' lang='lat' dir='ltr'><strong>ista</strong></span> <span class='ocrx_word' id='word_1_61' title='bbox 1723 1000 1902 1056; x_wconf 87' lang='lat' dir='ltr'><strong>fabula</strong></span> <span class='ocrx_word' id='word_1_62' title='bbox 1937 1016 2033 1056; x_wconf 89' lang='lat' dir='ltr'><strong>ve-</strong></span> 
     </span>
    </p>
   </div>
   <div class='ocr_carea' id='block_1_12' title="bbox 448 1094 2033 1177">
    <p class='ocr_par' dir='ltr' id='par_1_12' title="bbox 448 1094 2033 1177">
     <span class='ocr_line' id='line_1_12' title="bbox 448 1094 2033 1177; baseline -0.012 -11"><span class='ocrx_word' id='word_1_63' title='bbox 448 1109 681 1166; x_wconf 86' lang='lat' dir='ltr'><strong>risimile</strong></span> <span class='ocrx_word' id='word_1_64' title='bbox 705 1103 867 1177; x_wconf 73' lang='lat'><strong>687</strong></span> <span class='ocrx_word' id='word_1_65' title='bbox 894 1106 1247 1174; x_wconf 73' lang='lat' dir='ltr'><strong>proponeret.</strong></span> <span class='ocrx_word' id='word_1_66' title='bbox 1279 1096 1435 1151; x_wconf 82' lang='lat' dir='ltr'><strong>Nunc</strong></span> <span class='ocrx_word' id='word_1_67' title='bbox 1470 1111 1592 1150; x_wconf 90' lang='lat' dir='ltr'><strong>cum</strong></span> <span class='ocrx_word' id='word_1_68' title='bbox 1641 1094 1695 1148; x_wconf 91' lang='lat' dir='ltr'><strong>id</strong></span> <span class='ocrx_word' id='word_1_69' title='bbox 1728 1095 1871 1165; x_wconf 90' lang='lat' dir='ltr'><strong>quod</strong></span> <span class='ocrx_word' id='word_1_70' title='bbox 1906 1109 2033 1164; x_wconf 82' lang='lat' dir='ltr'><strong>pro-</strong></span> 
     </span>
    </p>
   </div>
   <div class='ocr_carea' id='block_1_13' title="bbox 451 1183 2033 1265">
    <p class='ocr_par' dir='ltr' id='par_1_13' title="bbox 451 1183 2033 1265">
     <span class='ocr_line' id='line_1_13' title="bbox 451 1183 2033 1265; baseline -0.013 -8"><span class='ocrx_word' id='word_1_71' title='bbox 451 1201 755 1259; x_wconf 86' lang='lat' dir='ltr'><strong>seminatur</strong></span> <span class='ocrx_word' id='word_1_72' title='bbox 793 1197 987 1265; x_wconf 77' lang='lat' dir='ltr'><strong>exigua</strong></span> <span class='ocrx_word' id='word_1_73' title='bbox 1036 1191 1272 1261; x_wconf 89' lang='lat' dir='ltr'><strong>quadam</strong></span> <span class='ocrx_word' id='word_1_74' title='bbox 1315 1204 1345 1241; x_wconf 88' lang='lat' dir='ltr'><strong>e</strong></span> <span class='ocrx_word' id='word_1_75' title='bbox 1386 1186 1533 1241; x_wconf 80' lang='lat' dir='ltr'><strong>stilla</strong></span> <span class='ocrx_word' id='word_1_76' title='bbox 1581 1186 1674 1247; x_wconf 91' lang='lat' dir='ltr'><strong>sit,</strong></span> <span class='ocrx_word' id='word_1_77' title='bbox 1718 1201 1824 1238; x_wconf 87' lang='lat' dir='ltr'><strong>non</strong></span> <span class='ocrx_word' id='word_1_78' title='bbox 1872 1183 2033 1238; x_wconf 90' lang='lat' dir='ltr'><strong>video</strong></span> 
     </span>
    </p>
   </div>
   <div class='ocr_carea' id='block_1_14' title="bbox 453 1278 2033 1369">
    <p class='ocr_par' dir='ltr' id='par_1_14' title="bbox 453 1278 2033 1369">
     <span class='ocr_line' id='line_1_14' title="bbox 453 1278 2033 1369; baseline -0.015 -17"><span class='ocrx_word' id='word_1_79' title='bbox 453 1290 912 1369; x_wconf 78' lang='lat' dir='ltr'><strong>quemadmodum</strong></span> <span class='ocrx_word' id='word_1_80' title='bbox 959 1286 1173 1340; x_wconf 89' lang='lat' dir='ltr'><strong>tantillo</strong></span> <span class='ocrx_word' id='word_1_81' title='bbox 1217 1286 1272 1337; x_wconf 92' lang='lat' dir='ltr'><strong>in</strong></span> <span class='ocrx_word' id='word_1_82' title='bbox 1310 1296 1540 1351; x_wconf 86' lang='lat' dir='ltr'><strong>corpore</strong></span> <span class='ocrx_word' id='word_1_83' title='bbox 1571 1286 1778 1333; x_wconf 82' lang='lat' dir='ltr'><strong>tantam</strong></span> <span class='ocrx_word' id='word_1_84' title='bbox 1812 1278 2033 1333; x_wconf 57' lang='lat' dir='ltr'><strong>uber-ta-</strong></span> 
     </span>
    </p>
   </div>
   <div class='ocr_carea' id='block_1_15' title="bbox 453 1369 2035 1450">
    <p class='ocr_par' dir='ltr' id='par_1_15' title="bbox 453 1369 2035 1450">
     <span class='ocr_line' id='line_1_15' title="bbox 453 1369 2035 1450; baseline -0.014 -8"><span class='ocrx_word' id='word_1_85' title='bbox 453 1397 562 1444; x_wconf 90' lang='lat' dir='ltr'><strong>tem</strong></span> <span class='ocrx_word' id='word_1_86' title='bbox 594 1399 658 1438; x_wconf 89' lang='lat' dir='ltr'><strong>ac</strong></span> <span class='ocrx_word' id='word_1_87' title='bbox 691 1382 902 1450; x_wconf 86' lang='lat' dir='ltr'><strong>copiam</strong></span> <span class='ocrx_word' id='word_1_88' title='bbox 943 1379 1125 1431; x_wconf 89' lang='lat' dir='ltr'><strong>anima</strong></span> <span class='ocrx_word' id='word_1_89' title='bbox 1156 1374 1422 1446; x_wconf 80' lang='lat' dir='ltr'><strong>reperiat;</strong></span> <span class='ocrx_word' id='word_1_90' title='bbox 1456 1373 1537 1427; x_wconf 90' lang='lat' dir='ltr'><strong>sic</strong></span> <span class='ocrx_word' id='word_1_91' title='bbox 1574 1371 1718 1426; x_wconf 89' lang='lat' dir='ltr'><strong>enim</strong></span> <span class='ocrx_word' id='word_1_92' title='bbox 1757 1369 2035 1439; x_wconf 82' lang='lat' dir='ltr'><strong>ﬁnguntur</strong></span> 
     </span>
    </p>
   </div>
   <div class='ocr_carea' id='block_1_16' title="bbox 455 1461 2034 1545">
    <p class='ocr_par' dir='ltr' id='par_1_16' title="bbox 455 1461 2034 1545">
     <span class='ocr_line' id='line_1_16' title="bbox 455 1461 2034 1545; baseline -0.013 -9"><span class='ocrx_word' id='word_1_93' title='bbox 455 1497 520 1537; x_wconf 87' lang='lat' dir='ltr'><strong>ea</strong></span> <span class='ocrx_word' id='word_1_94' title='bbox 551 1478 735 1534; x_wconf 85' lang='lat' dir='ltr'><strong>omnia</strong></span> <span class='ocrx_word' id='word_1_95' title='bbox 770 1484 1113 1545; x_wconf 79' lang='lat' dir='ltr'><strong>quaecunque</strong></span> <span class='ocrx_word' id='word_1_96' title='bbox 1142 1468 1361 1522; x_wconf 86' lang='lat' dir='ltr'><strong>tandem</strong></span> <span class='ocrx_word' id='word_1_97' title='bbox 1404 1468 1700 1536; x_wconf 82' lang='lat' dir='ltr'><strong>tinguntur.</strong></span> <span class='ocrx_word' id='word_1_98' title='bbox 1738 1462 1815 1516; x_wconf 87' lang='lat' dir='ltr'><strong>Ita</strong></span> <span class='ocrx_word' id='word_1_99' title='bbox 1852 1461 2034 1515; x_wconf 87' lang='lat' dir='ltr'><strong>nullus</strong></span> 
     </span>
    </p>
   </div>
   <div class='ocr_carea' id='block_1_17' title="bbox 457 1554 2035 1631">
    <p class='ocr_par' dir='ltr' id='par_1_17' title="bbox 457 1554 2035 1631">
     <span class='ocr_line' id='line_1_17' title="bbox 457 1554 2035 1631; baseline -0.015 0"><span class='ocrx_word' id='word_1_100' title='bbox 457 1576 616 1631; x_wconf 83' lang='lat' dir='ltr'><strong>istius</strong></span> <span class='ocrx_word' id='word_1_101' title='bbox 652 1568 947 1625; x_wconf 84' lang='lat' dir='ltr'><strong>narrationi</strong></span> <span class='ocrx_word' id='word_1_102' title='bbox 990 1567 1143 1619; x_wconf 87' lang='lat' dir='ltr'><strong>locus</strong></span> <span class='ocrx_word' id='word_1_103' title='bbox 1175 1569 1293 1628; x_wconf 89' lang='lat' dir='ltr'><strong>est;</strong></span> <span class='ocrx_word' id='word_1_104' title='bbox 1330 1574 1429 1614; x_wconf 90' lang='lat' dir='ltr'><strong>nec</strong></span> <span class='ocrx_word' id='word_1_105' title='bbox 1470 1558 1540 1611; x_wconf 90' lang='lat' dir='ltr'><strong>ab</strong></span> <span class='ocrx_word' id='word_1_106' title='bbox 1584 1562 1692 1610; x_wconf 87' lang='lat' dir='ltr'><strong>uno</strong></span> <span class='ocrx_word' id='word_1_107' title='bbox 1725 1568 1956 1624; x_wconf 88' lang='lat' dir='ltr'><strong>corpore</strong></span> <span class='ocrx_word' id='word_1_108' title='bbox 1978 1554 2035 1608; x_wconf 92' lang='lat' dir='ltr'><strong>in</strong></span> 
     </span>
    </p>
   </div>
   <div class='ocr_carea' id='block_1_18' title="bbox 458 1648 2034 1722">
    <p class='ocr_par' dir='ltr' id='par_1_18' title="bbox 458 1648 2034 1722">
     <span class='ocr_line' id='line_1_18' title="bbox 458 1648 2034 1722; baseline -0.013 -1"><span class='ocrx_word' id='word_1_109' title='bbox 458 1667 604 1722; x_wconf 80' lang='lat' dir='ltr'><strong>aliud</strong></span> <span class='ocrx_word' id='word_1_110' title='bbox 636 1664 829 1717; x_wconf 74' lang='lat' dir='ltr'><strong>animae</strong></span> <span class='ocrx_word' id='word_1_111' title='bbox 858 1656 1340 1712; x_wconf 88' lang='lat' dir='ltr'><strong>transfunduntur.</strong></span> <span class='ocrx_word' id='word_1_112' title='bbox 1371 1648 1650 1720; x_wconf 85' lang='lat' dir='ltr'><strong>Siquidem</strong></span> <span class='ocrx_word' id='word_1_113' title='bbox 1675 1650 1883 1717; x_wconf 85' lang='lat' dir='ltr'><strong>absque</strong></span> <span class='ocrx_word' id='word_1_114' title='bbox 1912 1663 2034 1701; x_wconf 87' lang='lat' dir='ltr'><strong>mu-</strong></span> 
     </span>
    </p>
   </div>
   <div class='ocr_carea' id='block_1_19' title="bbox 2128 533 3732 606">
    <p class='ocr_par' dir='ltr' id='par_1_19' title="bbox 2128 533 3732 606">
     <span class='ocr_line' id='line_1_19' title="bbox 2128 533 3732 606; baseline 0.001 -19"><span class='ocrx_word' id='word_1_115' title='bbox 2128 553 2236 587; x_wconf 90' lang='grc' dir='ltr'><strong>των</strong></span> <span class='ocrx_word' id='word_1_116' title='bbox 2275 535 2356 597; x_wconf 86' lang='grc' dir='ltr'><strong>είς</strong></span> <span class='ocrx_word' id='word_1_117' title='bbox 2386 533 2636 604; x_wconf 87' lang='grc' dir='ltr'>σώματα,</span> <span class='ocrx_word' id='word_1_118' title='bbox 2676 534 2833 588; x_wconf 78' lang='grc' dir='ltr'>ἅτινα</span> <span class='ocrx_word' id='word_1_119' title='bbox 2878 536 3021 605; x_wconf 75' lang='grc' dir='ltr'>τάχα</span> <span class='ocrx_word' id='word_1_120' title='bbox 3062 536 3095 606; x_wconf 82' lang='grc' dir='ltr'>ἢ</span> <span class='ocrx_word' id='word_1_121' title='bbox 3134 533 3289 605; x_wconf 87' lang='grc' dir='ltr'><strong>παρά</strong></span> <span class='ocrx_word' id='word_1_122' title='bbox 3327 533 3640 600; x_wconf 84' lang='grc' dir='ltr'>Πλάτωνος,</span> <span class='ocrx_word' id='word_1_123' title='bbox 3694 539 3732 604; x_wconf 75' lang='grc' dir='ltr'>ἠ</span> 
     </span>
    </p>
   </div>
   <div class='ocr_carea' id='block_1_20' title="bbox 2129 620 3737 698">
    <p class='ocr_par' dir='ltr' id='par_1_20' title="bbox 2129 620 3737 698">
     <span class='ocr_line' id='line_1_20' title="bbox 2129 620 3737 698; baseline 0.004 -25"><span class='ocrx_word' id='word_1_124' title='bbox 2129 622 2373 692; x_wconf 78' lang='grc' dir='ltr'>Ζήνωνος</span> <span class='ocrx_word' id='word_1_125' title='bbox 2404 620 2501 675; x_wconf 84' lang='grc' dir='ltr'>τοῦ</span> <span class='ocrx_word' id='word_1_126' title='bbox 2529 622 2789 687; x_wconf 79' lang='grc' dir='ltr'><strong>Στωϊκοῦ,</strong></span> <span class='ocrx_word' id='word_1_127' title='bbox 2821 624 2854 695; x_wconf 84' lang='grc' dir='ltr'>ἦ</span> <span class='ocrx_word' id='word_1_128' title='bbox 2881 626 3031 694; x_wconf 82' lang='grc' dir='ltr'><strong>παρά</strong></span> <span class='ocrx_word' id='word_1_129' title='bbox 3055 641 3201 688; x_wconf 90' lang='grc' dir='ltr'>τινος</span> <span class='ocrx_word' id='word_1_130' title='bbox 3212 623 3321 677; x_wconf 79' lang='grc' dir='ltr'>τῶν</span> <span class='ocrx_word' id='word_1_131' title='bbox 3338 628 3737 698; x_wconf 76' lang='grc' dir='ltr'>πεφαντασμὲ-</span> 
     </span>
    </p>
   </div>
   <div class='ocr_carea' id='block_1_21' title="bbox 2130 716 3738 791">
    <p class='ocr_par' dir='ltr' id='par_1_21' title="bbox 2130 716 3738 791">
     <span class='ocr_line' id='line_1_21' title="bbox 2130 716 3738 791; baseline 0.004 -26"><span class='ocrx_word' id='word_1_132' title='bbox 2130 730 2237 766; x_wconf 88' lang='grc' dir='ltr'><strong>νων</strong></span> <span class='ocrx_word' id='word_1_133' title='bbox 2269 716 2661 785; x_wconf 83' lang='grc' dir='ltr'>ὲρανισάμενος</span> <span class='ocrx_word' id='word_1_134' title='bbox 2691 717 2841 769; x_wconf 73' lang='grc' dir='ltr'>τουτὶ</span> <span class='ocrx_word' id='word_1_135' title='bbox 2866 717 2929 770; x_wconf 75' lang='grc' dir='ltr'>τὸ</span> <span class='ocrx_word' id='word_1_136' title='bbox 2959 717 3181 788; x_wconf 76' lang='grc' dir='ltr'>ψεῦσμα</span> <span class='ocrx_word' id='word_1_137' title='bbox 3214 720 3549 791; x_wconf 83' lang='grc' dir='ltr'>εὑρίσκεται.</span> <span class='ocrx_word' id='word_1_138' title='bbox 3600 719 3738 781; x_wconf 79' lang='grc' dir='ltr'>Πῶς</span> 
     </span>
    </p>
   </div>
   <div class='ocr_carea' id='block_1_22' title="bbox 2130 802 3740 883">
    <p class='ocr_par' dir='ltr' id='par_1_22' title="bbox 2130 802 3740 883">
     <span class='ocr_line' id='line_1_22' title="bbox 2130 802 3740 883; baseline 0.002 -24"><span class='ocrx_word' id='word_1_139' title='bbox 2130 807 2239 878; x_wconf 81' lang='grc' dir='ltr'><strong>γάρ</strong></span> <span class='ocrx_word' id='word_1_140' title='bbox 2279 802 2392 861; x_wconf 72' lang='grc' dir='ltr'>οἶόν</span> <span class='ocrx_word' id='word_1_141' title='bbox 2435 810 2584 861; x_wconf 76' lang='grc' dir='ltr'>ἐστιν</span> <span class='ocrx_word' id='word_1_142' title='bbox 2616 807 2728 861; x_wconf 82' lang='grc' dir='ltr'><strong>ἀπὸ</strong></span> <span class='ocrx_word' id='word_1_143' title='bbox 2776 808 3028 879; x_wconf 77' lang='grc' dir='ltr'>σώματος</span> <span class='ocrx_word' id='word_1_144' title='bbox 3066 812 3145 872; x_wconf 82' lang='grc' dir='ltr'><strong>είς</strong></span> <span class='ocrx_word' id='word_1_145' title='bbox 3170 810 3327 880; x_wconf 79' lang='grc' dir='ltr'>σῶμα</span> <span class='ocrx_word' id='word_1_146' title='bbox 3356 809 3740 883; x_wconf 79' lang='grc' dir='ltr'>είσκρίνεσθαι</span> 
     </span>
    </p>
   </div>
   <div class='ocr_carea' id='block_1_23' title="bbox 2131 899 3744 973">
    <p class='ocr_par' dir='ltr' id='par_1_23' title="bbox 2131 899 3744 973">
     <span class='ocr_line' id='line_1_23' title="bbox 2131 899 3744 973; baseline 0.001 -20"><span class='ocrx_word' id='word_1_147' title='bbox 2131 900 2228 971; x_wconf 79' lang='grc' dir='ltr'>τὴν</span> <span class='ocrx_word' id='word_1_148' title='bbox 2272 899 2476 969; x_wconf 77' lang='grc' dir='ltr'>ψυχήν;</span> <span class='ocrx_word' id='word_1_149' title='bbox 2518 900 2581 952; x_wconf 80' lang='lat' dir='ltr'><strong>Ei</strong></span> <span class='ocrx_word' id='word_1_150' title='bbox 2642 900 2741 969; x_wconf 83' lang='grc' dir='ltr'><strong>μὲν</strong></span> <span class='ocrx_word' id='word_1_151' title='bbox 2788 901 2897 971; x_wconf 87' lang='grc' dir='ltr'><strong>γὰρ</strong></span> <span class='ocrx_word' id='word_1_152' title='bbox 2950 900 3182 971; x_wconf 82' lang='grc' dir='ltr'>σώματα</span> <span class='ocrx_word' id='word_1_153' title='bbox 3230 903 3593 973; x_wconf 70' lang='grc' dir='ltr'><strong>πεπλασμένα</strong></span> <span class='ocrx_word' id='word_1_154' title='bbox 3635 904 3744 955; x_wconf 73' lang='grc' dir='ltr'><strong>καὶ</strong></span> 
     </span>
    </p>
   </div>
   <div class='ocr_carea' id='block_1_24' title="bbox 2132 989 3741 1065">
    <p class='ocr_par' dir='ltr' id='par_1_24' title="bbox 2132 989 3741 1065">
     <span class='ocr_line' id='line_1_24' title="bbox 2132 989 3741 1065; baseline 0.002 -20"><span class='ocrx_word' id='word_1_155' title='bbox 2132 992 2325 1063; x_wconf 77' lang='grc' dir='ltr'>ἕτοιμα</span> <span class='ocrx_word' id='word_1_156' title='bbox 2366 989 2455 1063; x_wconf 82' lang='grc' dir='ltr'>ἦν,</span> <span class='ocrx_word' id='word_1_157' title='bbox 2489 992 2585 1045; x_wconf 69' lang='grc' dir='ltr'><strong>καὶ</strong></span> <span class='ocrx_word' id='word_1_158' title='bbox 2625 992 2769 1047; x_wconf 73' lang='grc' dir='ltr'>οὕτω</span> <span class='ocrx_word' id='word_1_159' title='bbox 2816 994 2915 1057; x_wconf 80' lang='grc' dir='ltr'>τὰς</span> <span class='ocrx_word' id='word_1_160' title='bbox 2951 993 3131 1063; x_wconf 75' lang='grc' dir='ltr'>ψυχὰς</span> <span class='ocrx_word' id='word_1_161' title='bbox 3182 994 3494 1065; x_wconf 78' lang='grc' dir='ltr'>ὑπεδέχετο,</span> <span class='ocrx_word' id='word_1_162' title='bbox 3524 995 3741 1065; x_wconf 79' lang='grc' dir='ltr'>πιθανή</span> 
     </span>
    </p>
   </div>
   <div class='ocr_carea' id='block_1_25' title="bbox 2132 1080 3744 1158">
    <p class='ocr_par' dir='ltr' id='par_1_25' title="bbox 2132 1080 3744 1158">
     <span class='ocr_line' id='line_1_25' title="bbox 2132 1080 3744 1158; baseline 0.002 -21"><span class='ocrx_word' id='word_1_163' title='bbox 2132 1102 2213 1148; x_wconf 90' lang='grc' dir='ltr'><strong>τις</strong></span> <span class='ocrx_word' id='word_1_164' title='bbox 2241 1080 2307 1155; x_wconf 76' lang='grc' dir='ltr'>ἧν</span> <span class='ocrx_word' id='word_1_165' title='bbox 2332 1086 2365 1153; x_wconf 81' lang='grc' dir='ltr'>ἡ</span> <span class='ocrx_word' id='word_1_166' title='bbox 2403 1084 2503 1154; x_wconf 73' lang='grc' dir='ltr'>τῆς</span> <span class='ocrx_word' id='word_1_167' title='bbox 2542 1085 2853 1157; x_wconf 80' lang='grc' dir='ltr'><strong>τραγῳδίας</strong></span> <span class='ocrx_word' id='word_1_168' title='bbox 2893 1085 3205 1156; x_wconf 70' lang='grc' dir='ltr'><strong>μυθοποιία⁹</strong></span> <span class='ocrx_word' id='word_1_169' title='bbox 3238 1089 3287 1139; x_wconf 85' lang='grc' dir='ltr'><strong>εί</strong></span> <span class='ocrx_word' id='word_1_170' title='bbox 3319 1087 3377 1139; x_wconf 78' lang='grc' dir='ltr'><strong>δὲ</strong></span> <span class='ocrx_word' id='word_1_171' title='bbox 3412 1087 3473 1140; x_wconf 79' lang='grc' dir='ltr'>τὸ</span> <span class='ocrx_word' id='word_1_172' title='bbox 3503 1085 3744 1158; x_wconf 71' lang='grc' dir='ltr'>σπειρόο</span> 
     </span>
    </p>
   </div>
   <div class='ocr_carea' id='block_1_26' title="bbox 2137 1178 3747 1252">
    <p class='ocr_par' dir='ltr' id='par_1_26' title="bbox 2137 1178 3747 1252">
     <span class='ocr_line' id='line_1_26' title="bbox 2137 1178 3747 1252; baseline 0.002 -23"><span class='ocrx_word' id='word_1_173' title='bbox 2137 1178 2298 1247; x_wconf 86' lang='grc' dir='ltr'>μενόν</span> <span class='ocrx_word' id='word_1_174' title='bbox 2336 1180 2483 1247; x_wconf 74' lang='grc' dir='ltr'>ἐστιν</span> <span class='ocrx_word' id='word_1_175' title='bbox 2518 1179 2582 1231; x_wconf 78' lang='grc' dir='ltr'>ἐκ</span> <span class='ocrx_word' id='word_1_176' title='bbox 2628 1179 2886 1247; x_wconf 78' lang='grc' dir='ltr'><strong>σταγόνος</strong></span> <span class='ocrx_word' id='word_1_177' title='bbox 2939 1178 3221 1251; x_wconf 73' lang='grc' dir='ltr'><strong>βραχείας,</strong></span> <span class='ocrx_word' id='word_1_178' title='bbox 3274 1181 3392 1244; x_wconf 79' lang='grc' dir='ltr'><strong>πῶς</strong></span> <span class='ocrx_word' id='word_1_179' title='bbox 3421 1180 3629 1252; x_wconf 66' lang='grc' dir='ltr'><strong>ἡψυχὴ</strong></span> <span class='ocrx_word' id='word_1_180' title='bbox 3679 1184 3747 1234; x_wconf 83' lang='grc' dir='ltr'>ὲν</span> 
     </span>
    </p>
   </div>
   <div class='ocr_carea' id='block_1_27' title="bbox 2134 1265 3745 1345">
    <p class='ocr_par' dir='ltr' id='par_1_27' title="bbox 2134 1265 3745 1345">
     <span class='ocr_line' id='line_1_27' title="bbox 2134 1265 3745 1345; baseline 0.002 -25"><span class='ocrx_word' id='word_1_181' title='bbox 2134 1270 2210 1340; x_wconf 84' lang='grc' dir='ltr'><strong>τῷ</strong></span> <span class='ocrx_word' id='word_1_182' title='bbox 2260 1270 2502 1341; x_wconf 83' lang='grc' dir='ltr'>τοσούτῳ</span> <span class='ocrx_word' id='word_1_183' title='bbox 2538 1269 2722 1341; x_wconf 78' lang='grc' dir='ltr'>μικρῷ</span> <span class='ocrx_word' id='word_1_184' title='bbox 2770 1272 2985 1341; x_wconf 86' lang='grc' dir='ltr'>σώματι</span> <span class='ocrx_word' id='word_1_185' title='bbox 3032 1265 3159 1343; x_wconf 70' lang='grc' dir='ltr'>εὗρε</span> <span class='ocrx_word' id='word_1_186' title='bbox 3194 1273 3450 1344; x_wconf 81' lang='grc' dir='ltr'>τοιαύτην</span> <span class='ocrx_word' id='word_1_187' title='bbox 3478 1272 3745 1345; x_wconf 72' lang='grc' dir='ltr'>εύροιανς</span> 
     </span>
    </p>
   </div>
   <div class='ocr_carea' id='block_1_28' title="bbox 2136 1362 3748 1434">
    <p class='ocr_par' dir='ltr' id='par_1_28' title="bbox 2136 1362 3748 1434">
     <span class='ocr_line' id='line_1_28' title="bbox 2136 1362 3748 1434; baseline 0.004 -21"><span class='ocrx_word' id='word_1_188' title='bbox 2136 1362 2293 1415; x_wconf 70' lang='grc' dir='ltr'>Οὕτω</span> <span class='ocrx_word' id='word_1_189' title='bbox 2322 1362 2429 1433; x_wconf 76' lang='grc' dir='ltr'><strong>γὰρ</strong></span> <span class='ocrx_word' id='word_1_190' title='bbox 2460 1362 2530 1415; x_wconf 83' lang='grc' dir='ltr'><strong>τά</strong></span> <span class='ocrx_word' id='word_1_191' title='bbox 2560 1363 2915 1434; x_wconf 77' lang='grc' dir='ltr'>πλασσόμενα</span> <span class='ocrx_word' id='word_1_192' title='bbox 2943 1363 3262 1418; x_wconf 74' lang='grc' dir='ltr'><strong>πλάσσεται·</strong></span> <span class='ocrx_word' id='word_1_193' title='bbox 3302 1368 3395 1419; x_wconf 77' lang='grc' dir='ltr'><strong>καὶ</strong></span> <span class='ocrx_word' id='word_1_194' title='bbox 3416 1368 3606 1420; x_wconf 76' lang='grc' dir='ltr'>οὐκέτι</span> <span class='ocrx_word' id='word_1_195' title='bbox 3641 1381 3748 1419; x_wconf 73' lang='grc' dir='ltr'>συ-</span> 
     </span>
    </p>
   </div>
   <div class='ocr_carea' id='block_1_29' title="bbox 2137 1444 3749 1530">
    <p class='ocr_par' dir='ltr' id='par_1_29' title="bbox 2137 1455 3749 1530">
     <span class='ocr_line' id='line_1_29' title="bbox 2137 1455 3749 1530; baseline 0.001 -23"><span class='ocrx_word' id='word_1_196' title='bbox 2137 1455 2462 1527; x_wconf 80' lang='grc' dir='ltr'>σταθήσεται</span> <span class='ocrx_word' id='word_1_197' title='bbox 2492 1456 2656 1509; x_wconf 79' lang='grc' dir='ltr'>αὑτοῦ</span> <span class='ocrx_word' id='word_1_198' title='bbox 2682 1459 2710 1509; x_wconf 99' lang='lat'><strong>6</strong></span> <span class='ocrx_word' id='word_1_199' title='bbox 2735 1457 2913 1525; x_wconf 87' lang='grc' dir='ltr'>λόγος.</span> <span class='ocrx_word' id='word_1_200' title='bbox 2948 1457 3084 1511; x_wconf 71' lang='grc' dir='ltr'>Οὔτε</span> <span class='ocrx_word' id='word_1_201' title='bbox 3106 1458 3215 1530; x_wconf 78' lang='grc' dir='ltr'><strong>γὰρ</strong></span> <span class='ocrx_word' id='word_1_202' title='bbox 3240 1460 3349 1513; x_wconf 80' lang='grc' dir='ltr'><strong>ἀπὸ</strong></span> <span class='ocrx_word' id='word_1_203' title='bbox 3373 1459 3631 1529; x_wconf 79' lang='grc' dir='ltr'>σώματος</span> <span class='ocrx_word' id='word_1_204' title='bbox 3661 1460 3749 1521; x_wconf 79' lang='grc' dir='ltr'><strong>είς</strong></span> 
     </span>
    </p>
   </div>
   <div class='ocr_carea' id='block_1_30' title="bbox 2137 1546 3751 1621">
    <p class='ocr_par' dir='ltr' id='par_1_30' title="bbox 2137 1546 3751 1621">
     <span class='ocr_line' id='line_1_30' title="bbox 2137 1546 3751 1621; baseline 0.001 -21"><span class='ocrx_word' id='word_1_205' title='bbox 2137 1547 2297 1618; x_wconf 82' lang='grc' dir='ltr'>σῶμα</span> <span class='ocrx_word' id='word_1_206' title='bbox 2330 1546 2747 1617; x_wconf 79' lang='grc' dir='ltr'>μεταγγίζονται</span> <span class='ocrx_word' id='word_1_207' title='bbox 2777 1550 2833 1602; x_wconf 80' lang='lat' dir='ltr'><strong>ai</strong></span> <span class='ocrx_word' id='word_1_208' title='bbox 2865 1548 3056 1619; x_wconf 76' lang='grc' dir='ltr'>ψυχαί.</span> <span class='ocrx_word' id='word_1_209' title='bbox 3092 1549 3227 1621; x_wconf 84' lang='grc' dir='ltr'>Δίχα</span> <span class='ocrx_word' id='word_1_210' title='bbox 3262 1550 3371 1621; x_wconf 80' lang='grc' dir='ltr'>γὰρ</span> <span class='ocrx_word' id='word_1_211' title='bbox 3403 1550 3609 1621; x_wconf 78' lang='grc' dir='ltr'>μίξεως</span> <span class='ocrx_word' id='word_1_212' title='bbox 3640 1548 3751 1617; x_wconf 75' lang='grc' dir='ltr'>θη-</span> 
     </span>
    </p>
   </div>
   <div class='ocr_carea' id='block_1_31' title="bbox 2135 1637 3754 1713">
    <p class='ocr_par' dir='ltr' id='par_1_31' title="bbox 2135 1637 3754 1713">
     <span class='ocr_line' id='line_1_31' title="bbox 2135 1637 3754 1713; baseline 0.002 -22"><span class='ocrx_word' id='word_1_213' title='bbox 2135 1637 2285 1701; x_wconf 85' lang='grc' dir='ltr'>λείας</span> <span class='ocrx_word' id='word_1_214' title='bbox 2314 1638 2451 1709; x_wconf 73' lang='grc' dir='ltr'>πρὸς</span> <span class='ocrx_word' id='word_1_215' title='bbox 2480 1639 2707 1711; x_wconf 70' lang='grc' dir='ltr'>ἄρρενα,</span> <span class='ocrx_word' id='word_1_216' title='bbox 2732 1641 2829 1692; x_wconf 69' lang='grc' dir='ltr'><strong>καὶ</strong></span> <span class='ocrx_word' id='word_1_217' title='bbox 2867 1641 3098 1713; x_wconf 76' lang='grc' dir='ltr'>ἄρρενος</span> <span class='ocrx_word' id='word_1_218' title='bbox 3123 1642 3259 1713; x_wconf 85' lang='grc' dir='ltr'>πρὸς</span> <span class='ocrx_word' id='word_1_219' title='bbox 3284 1641 3504 1713; x_wconf 81' lang='grc' dir='ltr'>θήλειαν</span> <span class='ocrx_word' id='word_1_220' title='bbox 3527 1644 3586 1695; x_wconf 81' lang='grc' dir='ltr'>ὲν</span> <span class='ocrx_word' id='word_1_221' title='bbox 3611 1641 3754 1695; x_wconf 73' lang='grc' dir='ltr'>ἐκά-</span> 
     </span>
    </p>
   </div>
   <div class='ocr_carea' id='block_1_32' title="bbox 459 1730 2045 1813">
    <p class='ocr_par' dir='ltr' id='par_1_32' title="bbox 459 1739 2034 1813">
     <span class='ocr_line' id='line_1_32' title="bbox 459 1739 2034 1813; baseline -0.013 0"><span class='ocrx_word' id='word_1_222' title='bbox 459 1768 550 1813; x_wconf 88' lang='lat' dir='ltr'><strong>tua</strong></span> <span class='ocrx_word' id='word_1_223' title='bbox 600 1755 769 1809; x_wconf 89' lang='lat' dir='ltr'><strong>maris</strong></span> <span class='ocrx_word' id='word_1_224' title='bbox 818 1766 881 1804; x_wconf 91' lang='lat' dir='ltr'><strong>ac</strong></span> <span class='ocrx_word' id='word_1_225' title='bbox 928 1748 1141 1803; x_wconf 75' lang='lat' dir='ltr'><strong>femina:</strong></span> <span class='ocrx_word' id='word_1_226' title='bbox 1194 1743 1585 1813; x_wconf 77' lang='lat' dir='ltr'><strong>conjunctione</strong></span> <span class='ocrx_word' id='word_1_227' title='bbox 1634 1740 1771 1793; x_wconf 86' lang='lat' dir='ltr'><strong>nihil</strong></span> <span class='ocrx_word' id='word_1_228' title='bbox 1812 1739 1867 1791; x_wconf 90' lang='lat' dir='ltr'><strong>in</strong></span> <span class='ocrx_word' id='word_1_229' title='bbox 1923 1739 2034 1793; x_wconf 92' lang='lat' dir='ltr'><strong>ullo</strong></span> 
     </span>
    </p>
   </div>
   <div class='ocr_carea' id='block_1_33' title="bbox 2200 1730 3748 1813">
    <p class='ocr_par' dir='ltr' id='par_1_33' title="bbox 2200 1730 3748 1805">
     <span class='ocr_line' id='line_1_33' title="bbox 2200 1730 3748 1805; baseline 0.004 -24"><span class='ocrx_word' id='word_1_230' title='bbox 2200 1748 2248 1800; x_wconf 81' lang='grc' dir='ltr'>ῳ</span> <span class='ocrx_word' id='word_1_231' title='bbox 2274 1730 2384 1782; x_wconf 81' lang='grc' dir='ltr'>τῶν</span> <span class='ocrx_word' id='word_1_232' title='bbox 2434 1730 2608 1795; x_wconf 83' lang='grc' dir='ltr'>ζώων,</span> <span class='ocrx_word' id='word_1_233' title='bbox 2642 1732 2796 1785; x_wconf 75' lang='grc' dir='ltr'>οὐδέν</span> <span class='ocrx_word' id='word_1_234' title='bbox 2840 1750 2891 1785; x_wconf 91' lang='grc' dir='ltr'><strong>τι</strong></span> <span class='ocrx_word' id='word_1_235' title='bbox 2925 1732 3034 1787; x_wconf 82' lang='grc' dir='ltr'><strong>τῶν</strong></span> <span class='ocrx_word' id='word_1_236' title='bbox 3080 1734 3469 1805; x_wconf 82' lang='grc' dir='ltr'>πλασσομένων</span> <span class='ocrx_word' id='word_1_237' title='bbox 3499 1734 3748 1803; x_wconf 63' lang='grc' dir='ltr'>γίνεται.</span> 
     </span>
    </p>
   </div>
   <div class='ocr_carea' id='block_1_34' title="bbox 460 1812 2045 1914">
    <p class='ocr_par' dir='ltr' id='par_1_34' title="bbox 460 1830 2033 1914">
     <span class='ocr_line' id='line_1_34' title="bbox 460 1830 2033 1914; baseline -0.014 -8"><span class='ocrx_word' id='word_1_238' title='bbox 460 1848 775 1906; x_wconf 79' lang='lat' dir='ltr'><strong>animalium</strong></span> <span class='ocrx_word' id='word_1_239' title='bbox 823 1857 1019 1914; x_wconf 79' lang='lat' dir='ltr'><strong>genere</strong></span> <span class='ocrx_word' id='word_1_240' title='bbox 1087 1836 1475 1910; x_wconf 80' lang='lat' dir='ltr'><strong>propagatione</strong></span> <span class='ocrx_word' id='word_1_241' title='bbox 1535 1835 1822 1887; x_wconf 81' lang='lat' dir='ltr'><strong>formatur.</strong></span> <span class='ocrx_word' id='word_1_242' title='bbox 1894 1830 2033 1885; x_wconf 83' lang='lat' dir='ltr'><strong>Num</strong></span> 
     </span>
    </p>
   </div>
   <div class='ocr_carea' id='block_1_35' title="bbox 2200 1812 3755 1914">
    <p class='ocr_par' dir='ltr' id='par_1_35' title="bbox 2200 1823 3755 1897">
     <span class='ocr_line' id='line_1_35' title="bbox 2200 1823 3755 1897; baseline 0.003 -22"><span class='ocrx_word' id='word_1_243' title='bbox 2200 1840 2285 1894; x_wconf 62' lang='grc' dir='ltr'>ιρα</span> <span class='ocrx_word' id='word_1_244' title='bbox 2312 1823 2445 1891; x_wconf 72' lang='grc' dir='ltr'>γοῦν</span> <span class='ocrx_word' id='word_1_245' title='bbox 2491 1824 2663 1888; x_wconf 73' lang='grc' dir='ltr'>οὕτως</span> <span class='ocrx_word' id='word_1_246' title='bbox 2698 1824 2931 1896; x_wconf 78' lang='grc' dir='ltr'>ἔστηκεν</span> <span class='ocrx_word' id='word_1_247' title='bbox 2963 1828 2996 1895; x_wconf 88' lang='grc' dir='ltr'>ἡ</span> <span class='ocrx_word' id='word_1_248' title='bbox 3044 1825 3211 1897; x_wconf 73' lang='grc' dir='ltr'>ψυχὴ,</span> <span class='ocrx_word' id='word_1_249' title='bbox 3256 1828 3345 1881; x_wconf 80' lang='grc' dir='ltr'><strong>ἵνα</strong></span> <span class='ocrx_word' id='word_1_250' title='bbox 3372 1830 3438 1897; x_wconf 81' lang='grc' dir='ltr'>τῇ</span> <span class='ocrx_word' id='word_1_251' title='bbox 3471 1827 3755 1897; x_wconf 59' lang='grc' dir='ltr'>συνατετᾳ</span> 
     </span>
    </p>
   </div>
   <div class='ocr_carea' id='block_1_36' title="bbox 459 1915 2045 2016">
    <p class='ocr_par' dir='ltr' id='par_1_36' title="bbox 459 1925 2037 2016">
     <span class='ocr_line' id='line_1_36' title="bbox 459 1925 2037 2016; baseline -0.013 -18"><span class='ocrx_word' id='word_1_252' title='bbox 459 1945 624 2016; x_wconf 86' lang='lat' dir='ltr'><strong>igitur</strong></span> <span class='ocrx_word' id='word_1_253' title='bbox 657 1940 737 1995; x_wconf 91' lang='lat' dir='ltr'><strong>sic</strong></span> <span class='ocrx_word' id='word_1_254' title='bbox 767 1934 1022 1993; x_wconf 84' lang='lat' dir='ltr'><strong>consistit</strong></span> <span class='ocrx_word' id='word_1_255' title='bbox 1054 1932 1257 1994; x_wconf 91' lang='lat' dir='ltr'><strong>anima,</strong></span> <span class='ocrx_word' id='word_1_256' title='bbox 1285 1938 1341 1984; x_wconf 89' lang='lat' dir='ltr'><strong>ut</strong></span> <span class='ocrx_word' id='word_1_257' title='bbox 1370 1928 1656 1982; x_wconf 86' lang='lat' dir='ltr'><strong>amborum</strong></span> <span class='ocrx_word' id='word_1_258' title='bbox 1685 1925 2037 1995; x_wconf 83' lang='lat' dir='ltr'><strong>copulatione</strong></span> 
     </span>
    </p>
   </div>
   <div class='ocr_carea' id='block_1_37' title="bbox 2200 1915 3753 2016">
    <p class='ocr_par' dir='ltr' id='par_1_37' title="bbox 2200 1915 3753 1990">
     <span class='ocr_line' id='line_1_37' title="bbox 2200 1915 3753 1990; baseline 0.002 -22"><span class='ocrx_word' id='word_1_259' title='bbox 2200 1915 2245 1969; x_wconf 69' lang='lat' dir='ltr'><strong>iv</strong></span> <span class='ocrx_word' id='word_1_260' title='bbox 2276 1916 2368 1969; x_wconf 83' lang='grc' dir='ltr'><strong>δύο</strong></span> <span class='ocrx_word' id='word_1_261' title='bbox 2417 1917 2687 1987; x_wconf 82' lang='grc' dir='ltr'>σωμάτων</span> <span class='ocrx_word' id='word_1_262' title='bbox 2716 1917 2777 1969; x_wconf 78' lang='grc' dir='ltr'>τὸ</span> <span class='ocrx_word' id='word_1_263' title='bbox 2814 1916 3153 1989; x_wconf 83' lang='grc' dir='ltr'>τραγῴδημα</span> <span class='ocrx_word' id='word_1_264' title='bbox 3186 1919 3344 1972; x_wconf 75' lang='grc' dir='ltr'>τοῦτο</span> <span class='ocrx_word' id='word_1_265' title='bbox 3373 1919 3465 1973; x_wconf 83' lang='grc' dir='ltr'>τοῦ</span> <span class='ocrx_word' id='word_1_266' title='bbox 3498 1920 3753 1990; x_wconf 82' lang='grc' dir='ltr'>ἀγύρτου</span> 
     </span>
    </p>
   </div>
   <div class='ocr_carea' id='block_1_38' title="bbox 459 2017 2040 2105">
    <p class='ocr_par' dir='ltr' id='par_1_38' title="bbox 459 2017 2040 2105">
     <span class='ocr_line' id='line_1_38' title="bbox 459 2017 2040 2105; baseline -0.013 -14"><span class='ocrx_word' id='word_1_267' title='bbox 459 2046 751 2105; x_wconf 81' lang='lat' dir='ltr'><strong>Corporum</strong></span> <span class='ocrx_word' id='word_1_268' title='bbox 777 2024 1124 2082; x_wconf 80' lang='lat' dir='ltr'><strong>circulatoris</strong></span> <span class='ocrx_word' id='word_1_269' title='bbox 1149 2021 1559 2079; x_wconf 90' lang='lat' dir='ltr'><strong>istiusfabulam</strong></span> <span class='ocrx_word' id='word_1_270' title='bbox 1586 2017 1865 2073; x_wconf 76' lang='lat' dir='ltr'><strong>absolvat?</strong></span> <span class='ocrx_word' id='word_1_271' title='bbox 1896 2017 2040 2071; x_wconf 88' lang='lat' dir='ltr'><strong>Sane</strong></span> 
     </span>
    </p>
   </div>
   <div class='ocr_carea' id='block_1_39' title="bbox 461 2108 2039 2184">
    <p class='ocr_par' dir='ltr' id='par_1_39' title="bbox 461 2108 2039 2184">
     <span class='ocr_line' id='line_1_39' title="bbox 461 2108 2039 2184; baseline -0.013 -2"><span class='ocrx_word' id='word_1_272' title='bbox 461 2130 654 2183; x_wconf 79' lang='lat' dir='ltr'><strong>miram</strong></span> <span class='ocrx_word' id='word_1_273' title='bbox 692 2124 908 2177; x_wconf 88' lang='lat' dir='ltr'><strong>illorum</strong></span> <span class='ocrx_word' id='word_1_274' title='bbox 938 2116 1288 2175; x_wconf 88' lang='lat' dir='ltr'><strong>stoliditatem</strong></span> <span class='ocrx_word' id='word_1_275' title='bbox 1325 2121 1723 2184; x_wconf 82' lang='lat' dir='ltr'><strong>oportetesse,</strong></span> <span class='ocrx_word' id='word_1_276' title='bbox 1758 2110 1850 2179; x_wconf 89' lang='lat' dir='ltr'><strong>qui</strong></span> <span class='ocrx_word' id='word_1_277' title='bbox 1888 2108 2039 2178; x_wconf 56' lang='lat' dir='ltr'><strong>ejus.</strong></span> 
     </span>
    </p>
   </div>
   <div class='ocr_carea' id='block_1_40' title="bbox 463 2202 2042 2283">
    <p class='ocr_par' dir='ltr' id='par_1_40' title="bbox 463 2202 2042 2283">
     <span class='ocr_line' id='line_1_40' title="bbox 463 2202 2042 2283; baseline -0.011 -11"><span class='ocrx_word' id='word_1_278' title='bbox 463 2218 607 2273; x_wconf 87' lang='lat' dir='ltr'><strong>modi</strong></span> <span class='ocrx_word' id='word_1_279' title='bbox 638 2216 720 2271; x_wconf 85' lang='lat' dir='ltr'><strong>vel</strong></span> <span class='ocrx_word' id='word_1_280' title='bbox 750 2210 1043 2283; x_wconf 85' lang='lat' dir='ltr'><strong>cogitando</strong></span> <span class='ocrx_word' id='word_1_281' title='bbox 1080 2209 1183 2264; x_wconf 89' lang='lat' dir='ltr'><strong>sibi</strong></span> <span class='ocrx_word' id='word_1_282' title='bbox 1219 2207 1494 2261; x_wconf 71' lang='lat' dir='ltr'><strong>ﬁnxerint.</strong></span> <span class='ocrx_word' id='word_1_283' title='bbox 1540 2202 1709 2259; x_wconf 90' lang='lat' dir='ltr'><strong>Nobis</strong></span> <span class='ocrx_word' id='word_1_284' title='bbox 1736 2212 1941 2265; x_wconf 92' lang='lat' dir='ltr'><strong>autem,</strong></span> <span class='ocrx_word' id='word_1_285' title='bbox 1973 2216 2042 2256; x_wconf 88' lang='lat' dir='ltr'><strong>ne</strong></span> 
     </span>
    </p>
   </div>
   <div class='ocr_carea' id='block_1_41' title="bbox 462 2294 2039 2379">
    <p class='ocr_par' dir='ltr' id='par_1_41' title="bbox 462 2294 2039 2379">
     <span class='ocr_line' id='line_1_41' title="bbox 462 2294 2039 2379; baseline -0.01 -16"><span class='ocrx_word' id='word_1_286' title='bbox 462 2323 584 2379; x_wconf 84' lang='lat' dir='ltr'><strong>quae</strong></span> <span class='ocrx_word' id='word_1_287' title='bbox 613 2314 842 2375; x_wconf 83' lang='lat' dir='ltr'><strong>augusta</strong></span> <span class='ocrx_word' id='word_1_288' title='bbox 879 2296 948 2359; x_wconf 69' lang='grc' dir='ltr'>αὶ</span> <span class='ocrx_word' id='word_1_289' title='bbox 976 2299 1229 2370; x_wconf 85' lang='lat' dir='ltr'><strong>religiosa</strong></span> <span class='ocrx_word' id='word_1_290' title='bbox 1263 2306 1411 2361; x_wconf 86' lang='lat' dir='ltr'><strong>sunt,</strong></span> <span class='ocrx_word' id='word_1_291' title='bbox 1445 2302 1869 2355; x_wconf 85' lang='lat' dir='ltr'><strong>commutemus,</strong></span> <span class='ocrx_word' id='word_1_292' title='bbox 1902 2294 2039 2349; x_wconf 88' lang='lat' dir='ltr'><strong>satis</strong></span> 
     </span>
    </p>
   </div>
   <div class='ocr_carea' id='block_1_42' title="bbox 462 2386 2043 2459">
    <p class='ocr_par' dir='ltr' id='par_1_42' title="bbox 462 2386 2043 2459">
     <span class='ocr_line' id='line_1_42' title="bbox 462 2386 2043 2459; baseline -0.01 -2"><span class='ocrx_word' id='word_1_293' title='bbox 462 2416 586 2457; x_wconf 89' lang='lat' dir='ltr'><strong>esse</strong></span> <span class='ocrx_word' id='word_1_294' title='bbox 621 2397 796 2451; x_wconf 68' lang='lat' dir='ltr'><strong>visum</strong></span> <span class='ocrx_word' id='word_1_295' title='bbox 825 2402 911 2449; x_wconf 88' lang='lat' dir='ltr'><strong>est</strong></span> <span class='ocrx_word' id='word_1_296' title='bbox 956 2392 1152 2446; x_wconf 90' lang='lat' dir='ltr'><strong>velute</strong></span> <span class='ocrx_word' id='word_1_297' title='bbox 1199 2390 1496 2459; x_wconf 83' lang='lat' dir='ltr'><strong>longinquo</strong></span> <span class='ocrx_word' id='word_1_298' title='bbox 1538 2386 1846 2458; x_wconf 81' lang='lat' dir='ltr'><strong>argumenti</strong></span> <span class='ocrx_word' id='word_1_299' title='bbox 1880 2386 2043 2455; x_wconf 86' lang='lat' dir='ltr'><strong>hujus</strong></span> 
     </span>
    </p>
   </div>
   <div class='ocr_carea' id='block_1_43' title="bbox 462 2472 2044 2551">
    <p class='ocr_par' dir='ltr' id='par_1_43' title="bbox 462 2472 2044 2551">
     <span class='ocr_line' id='line_1_43' title="bbox 462 2472 2044 2551; baseline -0.01 -8"><span class='ocrx_word' id='word_1_300' title='bbox 462 2487 790 2543; x_wconf 80' lang='lat' dir='ltr'><strong>informasse</strong></span> <span class='ocrx_word' id='word_1_301' title='bbox 844 2479 1104 2551; x_wconf 82' lang='lat' dir='ltr'><strong>speciem.</strong></span> <span class='ocrx_word' id='word_1_302' title='bbox 1153 2476 1420 2543; x_wconf 79' lang='lat' dir='ltr'><strong>Quocirca</strong></span> <span class='ocrx_word' id='word_1_303' title='bbox 1479 2475 1843 2545; x_wconf 88' lang='lat' dir='ltr'><strong>perniciosam</strong></span> <span class='ocrx_word' id='word_1_304' title='bbox 1902 2472 2044 2527; x_wconf 90' lang='lat' dir='ltr'><strong>hanc</strong></span> 
     </span>
    </p>
   </div>
   <div class='ocr_carea' id='block_1_44' title="bbox 464 2564 2042 2653">
    <p class='ocr_par' dir='ltr' id='par_1_44' title="bbox 464 2564 2042 2653">
     <span class='ocr_line' id='line_1_44' title="bbox 464 2564 2042 2653; baseline -0.012 -16"><span class='ocrx_word' id='word_1_305' title='bbox 464 2590 627 2653; x_wconf 85' lang='lat' dir='ltr'><strong>atque</strong></span> <span class='ocrx_word' id='word_1_306' title='bbox 671 2574 1004 2633; x_wconf 76' lang='lat' dir='ltr'><strong>exitiabilem</strong></span> <span class='ocrx_word' id='word_1_307' title='bbox 1056 2571 1369 2642; x_wconf 88' lang='lat' dir='ltr'><strong>opinionem</strong></span> <span class='ocrx_word' id='word_1_308' title='bbox 1424 2567 1855 2638; x_wconf 64' lang='lat' dir='ltr'><strong>przetermittam.</strong></span> <span class='ocrx_word' id='word_1_309' title='bbox 1906 2564 2042 2619; x_wconf 80' lang='lat' dir='ltr'><strong>Nam</strong></span> 
     </span>
    </p>
   </div>
   <div class='ocr_carea' id='block_1_45' title="bbox 466 2657 2043 2745">
    <p class='ocr_par' dir='ltr' id='par_1_45' title="bbox 466 2657 2043 2745">
     <span class='ocr_line' id='line_1_45' title="bbox 466 2657 2043 2745; baseline -0.009 -19"><span class='ocrx_word' id='word_1_310' title='bbox 466 2667 800 2745; x_wconf 75' lang='lat' dir='ltr'><strong>perabsurda</strong></span> <span class='ocrx_word' id='word_1_311' title='bbox 831 2674 959 2722; x_wconf 90' lang='lat' dir='ltr'><strong>sunt</strong></span> <span class='ocrx_word' id='word_1_312' title='bbox 988 2661 1258 2733; x_wconf 84' lang='lat' dir='ltr'><strong>ejusmodi</strong></span> <span class='ocrx_word' id='word_1_313' title='bbox 1299 2661 1483 2716; x_wconf 89' lang='lat' dir='ltr'><strong>omnia</strong></span> <span class='ocrx_word' id='word_1_314' title='bbox 1522 2658 1795 2731; x_wconf 81' lang='lat' dir='ltr'><strong>dogmata.</strong></span> <span class='ocrx_word' id='word_1_315' title='bbox 1829 2657 2043 2714; x_wconf 87' lang='lat' dir='ltr'><strong>Etenim</strong></span> 
     </span>
    </p>
   </div>
   <div class='ocr_carea' id='block_1_46' title="bbox 466 2750 2044 2834">
    <p class='ocr_par' dir='ltr' id='par_1_46' title="bbox 466 2750 2044 2834">
     <span class='ocr_line' id='line_1_46' title="bbox 466 2750 2044 2834; baseline -0.012 -10"><span class='ocrx_word' id='word_1_316' title='bbox 466 2768 514 2825; x_wconf 91' lang='lat' dir='ltr'><strong>si</strong></span> <span class='ocrx_word' id='word_1_317' title='bbox 542 2762 868 2834; x_wconf 81' lang='lat' dir='ltr'><strong>corporibus</strong></span> <span class='ocrx_word' id='word_1_318' title='bbox 898 2768 1132 2828; x_wconf 87' lang='lat' dir='ltr'><strong>corpora</strong></span> <span class='ocrx_word' id='word_1_319' title='bbox 1186 2763 1399 2810; x_wconf 90' lang='lat' dir='ltr'><strong>mutent</strong></span> <span class='ocrx_word' id='word_1_320' title='bbox 1438 2753 1654 2819; x_wconf 64' lang='lat' dir='ltr'><strong>animae,</strong></span> <span class='ocrx_word' id='word_1_321' title='bbox 1685 2763 1744 2807; x_wconf 89' lang='lat' dir='ltr'><strong>ut</strong></span> <span class='ocrx_word' id='word_1_322' title='bbox 1783 2752 1879 2823; x_wconf 89' lang='lat' dir='ltr'><strong>qui</strong></span> <span class='ocrx_word' id='word_1_323' title='bbox 1913 2750 2044 2807; x_wconf 88' lang='lat' dir='ltr'><strong>olim</strong></span> 
     </span>
    </p>
   </div>
   <div class='ocr_carea' id='block_1_47' title="bbox 464 2844 2047 2925">
    <p class='ocr_par' dir='ltr' id='par_1_47' title="bbox 464 2844 2047 2925">
     <span class='ocr_line' id='line_1_47' title="bbox 464 2844 2047 2925; baseline -0.011 -8"><span class='ocrx_word' id='word_1_324' title='bbox 464 2862 630 2917; x_wconf 87' lang='lat' dir='ltr'><strong>homo</strong></span> <span class='ocrx_word' id='word_1_325' title='bbox 652 2856 813 2911; x_wconf 90' lang='lat' dir='ltr'><strong>fuerit</strong></span> <span class='ocrx_word' id='word_1_326' title='bbox 841 2861 1027 2925; x_wconf 87' lang='lat' dir='ltr'><strong>postea</strong></span> <span class='ocrx_word' id='word_1_327' title='bbox 1048 2849 1201 2908; x_wconf 88' lang='lat' dir='ltr'><strong>canis</strong></span> <span class='ocrx_word' id='word_1_328' title='bbox 1216 2848 1467 2913; x_wconf 80' lang='lat' dir='ltr'><strong>exsistat,</strong></span> <span class='ocrx_word' id='word_1_329' title='bbox 1484 2863 1583 2903; x_wconf 91' lang='lat' dir='ltr'><strong>cur</strong></span> <span class='ocrx_word' id='word_1_330' title='bbox 1602 2862 1711 2901; x_wconf 89' lang='lat' dir='ltr'><strong>non</strong></span> <span class='ocrx_word' id='word_1_331' title='bbox 1735 2862 1801 2901; x_wconf 91' lang='lat' dir='ltr'><strong>ex</strong></span> <span class='ocrx_word' id='word_1_332' title='bbox 1827 2844 2047 2901; x_wconf 88' lang='lat' dir='ltr'><strong>homine</strong></span> 
     </span>
    </p>
   </div>
   <div class='ocr_carea' id='block_1_48' title="bbox 465 2932 2045 3008">
    <p class='ocr_par' dir='ltr' id='par_1_48' title="bbox 465 2932 2045 3008">
     <span class='ocr_line' id='line_1_48' title="bbox 465 2932 2045 3008; baseline -0.013 0"><span class='ocrx_word' id='word_1_333' title='bbox 465 2952 549 3008; x_wconf 90' lang='lat' dir='ltr'><strong>vel</strong></span> <span class='ocrx_word' id='word_1_334' title='bbox 576 2951 715 3005; x_wconf 86' lang='lat' dir='ltr'><strong>bove</strong></span> <span class='ocrx_word' id='word_1_335' title='bbox 737 2947 890 3004; x_wconf 85' lang='lat' dir='ltr'><strong>canis</strong></span> <span class='ocrx_word' id='word_1_336' title='bbox 921 2942 1204 3001; x_wconf 77' lang='lat' dir='ltr'><strong>nascitur?</strong></span> <span class='ocrx_word' id='word_1_337' title='bbox 1231 2948 1325 2996; x_wconf 91' lang='lat' dir='ltr'><strong>aut</strong></span> <span class='ocrx_word' id='word_1_338' title='bbox 1354 2955 1455 2994; x_wconf 86' lang='lat' dir='ltr'><strong>cur</strong></span> <span class='ocrx_word' id='word_1_339' title='bbox 1475 2944 1585 2993; x_wconf 82' lang='lat' dir='ltr'><strong>non</strong></span> <span class='ocrx_word' id='word_1_340' title='bbox 1616 2936 1732 2992; x_wconf 91' lang='lat' dir='ltr'><strong>avis</strong></span> <span class='ocrx_word' id='word_1_341' title='bbox 1767 2932 2045 3007; x_wconf 82' lang='lat' dir='ltr'><strong>progigni-</strong></span> 
     </span>
    </p>
   </div>
   <div class='ocr_carea' id='block_1_49' title="bbox 464 3028 2046 3107">
    <p class='ocr_par' dir='ltr' id='par_1_49' title="bbox 464 3028 2046 3107">
     <span class='ocr_line' id='line_1_49' title="bbox 464 3028 2046 3107; baseline -0.012 -7"><span class='ocrx_word' id='word_1_342' title='bbox 464 3045 594 3101; x_wconf 87' lang='lat' dir='ltr'><strong>tur?</strong></span> <span class='ocrx_word' id='word_1_343' title='bbox 639 3042 753 3097; x_wconf 88' lang='lat' dir='ltr'><strong>lmo</strong></span> <span class='ocrx_word' id='word_1_344' title='bbox 800 3047 1015 3103; x_wconf 89' lang='lat' dir='ltr'><strong>contra,</strong></span> <span class='ocrx_word' id='word_1_345' title='bbox 1053 3038 1100 3093; x_wconf 92' lang='lat' dir='ltr'><strong>si</strong></span> <span class='ocrx_word' id='word_1_346' title='bbox 1132 3035 1278 3107; x_wconf 92' lang='lat' dir='ltr'><strong>quod</strong></span> <span class='ocrx_word' id='word_1_347' title='bbox 1326 3032 1525 3088; x_wconf 89' lang='lat' dir='ltr'><strong>inﬁniti</strong></span> <span class='ocrx_word' id='word_1_348' title='bbox 1572 3031 1836 3100; x_wconf 91' lang='lat' dir='ltr'><strong>temporis</strong></span> <span class='ocrx_word' id='word_1_349' title='bbox 1870 3028 2046 3099; x_wconf 92' lang='lat' dir='ltr'><strong>spatio</strong></span> 
     </span>
    </p>
   </div>
   <div class='ocr_carea' id='block_1_50' title="bbox 467 3118 2049 3197">
    <p class='ocr_par' dir='ltr' id='par_1_50' title="bbox 467 3118 2049 3197">
     <span class='ocr_line' id='line_1_50' title="bbox 467 3118 2049 3197; baseline -0.009 -10"><span class='ocrx_word' id='word_1_350' title='bbox 467 3137 776 3187; x_wconf 88' lang='lat' dir='ltr'><strong>monstrum</strong></span> <span class='ocrx_word' id='word_1_351' title='bbox 812 3126 976 3196; x_wconf 89' lang='lat' dir='ltr'><strong>hujus</strong></span> <span class='ocrx_word' id='word_1_352' title='bbox 1010 3124 1229 3197; x_wconf 77' lang='lat' dir='ltr'><strong>generis</strong></span> <span class='ocrx_word' id='word_1_353' title='bbox 1274 3123 1504 3186; x_wconf 89' lang='lat' dir='ltr'><strong>oriatur,</strong></span> <span class='ocrx_word' id='word_1_354' title='bbox 1548 3121 1785 3191; x_wconf 87' lang='lat' dir='ltr'><strong>portenti</strong></span> <span class='ocrx_word' id='word_1_355' title='bbox 1816 3118 2049 3173; x_wconf 88' lang='lat' dir='ltr'><strong>habetur</strong></span> 
     </span>
    </p>
   </div>
   <div class='ocr_carea' id='block_1_51' title="bbox 471 3209 2049 3285">
    <p class='ocr_par' dir='ltr' id='par_1_51' title="bbox 471 3209 2049 3285">
     <span class='ocr_line' id='line_1_51' title="bbox 471 3209 2049 3285; baseline -0.01 -7"><span class='ocrx_word' id='word_1_356' title='bbox 471 3223 667 3278; x_wconf 88' lang='lat' dir='ltr'><strong>instar.</strong></span> <span class='ocrx_word' id='word_1_357' title='bbox 703 3218 781 3273; x_wconf 83' lang='lat' dir='ltr'><strong>Ac</strong></span> <span class='ocrx_word' id='word_1_358' title='bbox 814 3223 1008 3270; x_wconf 88' lang='lat' dir='ltr'><strong>natura</strong></span> <span class='ocrx_word' id='word_1_359' title='bbox 1050 3213 1267 3285; x_wconf 77' lang='lat' dir='ltr'><strong>quidem</strong></span> <span class='ocrx_word' id='word_1_360' title='bbox 1306 3212 1422 3283; x_wconf 83' lang='lat' dir='ltr'><strong>ipsa</strong></span> <span class='ocrx_word' id='word_1_361' title='bbox 1460 3212 1574 3267; x_wconf 89' lang='lat' dir='ltr'><strong>suis</strong></span> <span class='ocrx_word' id='word_1_362' title='bbox 1604 3224 1662 3265; x_wconf 89' lang='lat' dir='ltr'><strong>se</strong></span> <span class='ocrx_word' id='word_1_363' title='bbox 1690 3209 1887 3263; x_wconf 92' lang='lat' dir='ltr'><strong>ﬁnibus</strong></span> <span class='ocrx_word' id='word_1_364' title='bbox 1917 3224 2049 3263; x_wconf 84' lang='lat' dir='ltr'><strong>eon-</strong></span> 
     </span>
    </p>
   </div>
   <div class='ocr_carea' id='block_1_52' title="bbox 472 3298 2054 3377">
    <p class='ocr_par' dir='ltr' id='par_1_52' title="bbox 472 3298 2054 3377">
     <span class='ocr_line' id='line_1_52' title="bbox 472 3298 2054 3377; baseline -0.009 -12"><span class='ocrx_word' id='word_1_365' title='bbox 472 3313 630 3374; x_wconf 88' lang='lat' dir='ltr'><strong>tinet,</strong></span> <span class='ocrx_word' id='word_1_366' title='bbox 662 3322 839 3377; x_wconf 91' lang='lat' dir='ltr'><strong>neque</strong></span> <span class='ocrx_word' id='word_1_367' title='bbox 864 3311 958 3359; x_wconf 86' lang='lat' dir='ltr'><strong>aut</strong></span> <span class='ocrx_word' id='word_1_368' title='bbox 1002 3301 1261 3363; x_wconf 90' lang='lat' dir='ltr'><strong>hominis,</strong></span> <span class='ocrx_word' id='word_1_369' title='bbox 1303 3308 1396 3355; x_wconf 89' lang='lat' dir='ltr'><strong>aut</strong></span> <span class='ocrx_word' id='word_1_370' title='bbox 1438 3300 1664 3370; x_wconf 89' lang='lat' dir='ltr'><strong>pecudis</strong></span> <span class='ocrx_word' id='word_1_371' title='bbox 1699 3298 1864 3353; x_wconf 89' lang='lat' dir='ltr'><strong>ullius</strong></span> <span class='ocrx_word' id='word_1_372' title='bbox 1894 3304 2054 3351; x_wconf 90' lang='lat' dir='ltr'><strong>natu-</strong></span> 
     </span>
    </p>
   </div>
   <div class='ocr_carea' id='block_1_53' title="bbox 474 3390 2054 3471">
    <p class='ocr_par' dir='ltr' id='par_1_53' title="bbox 474 3390 2054 3471">
     <span class='ocr_line' id='line_1_53' title="bbox 474 3390 2054 3471; baseline -0.011 -10"><span class='ocrx_word' id='word_1_373' title='bbox 474 3420 615 3471; x_wconf 86' lang='lat' dir='ltr'><strong>ram,</strong></span> <span class='ocrx_word' id='word_1_374' title='bbox 657 3411 848 3457; x_wconf 86' lang='lat' dir='ltr'><strong>contra</strong></span> <span class='ocrx_word' id='word_1_375' title='bbox 880 3414 1042 3471; x_wconf 90' lang='lat' dir='ltr'><strong>quam</strong></span> <span class='ocrx_word' id='word_1_376' title='bbox 1077 3396 1313 3468; x_wconf 88' lang='lat' dir='ltr'><strong>postulet</strong></span> <span class='ocrx_word' id='word_1_377' title='bbox 1351 3393 1490 3465; x_wconf 90' lang='lat' dir='ltr'><strong>ipsa,</strong></span> <span class='ocrx_word' id='word_1_378' title='bbox 1522 3398 1843 3454; x_wconf 88' lang='lat' dir='ltr'><strong>commutat,</strong></span> <span class='ocrx_word' id='word_1_379' title='bbox 1874 3390 1968 3447; x_wconf 87' lang='lat' dir='ltr'><strong>sed</strong></span> <span class='ocrx_word' id='word_1_380' title='bbox 1999 3391 2054 3444; x_wconf 90' lang='lat' dir='ltr'><strong>in</strong></span> 
     </span>
    </p>
   </div>
   <div class='ocr_carea' id='block_1_54' title="bbox 474 3480 2053 3563">
    <p class='ocr_par' dir='ltr' id='par_1_54' title="bbox 474 3480 2053 3563">
     <span class='ocr_line' id='line_1_54' title="bbox 474 3480 2053 3563; baseline -0.011 -15"><span class='ocrx_word' id='word_1_381' title='bbox 474 3505 804 3563; x_wconf 85' lang='lat' dir='ltr'><strong>unaquaque</strong></span> <span class='ocrx_word' id='word_1_382' title='bbox 837 3487 1017 3558; x_wconf 88' lang='lat' dir='ltr'><strong>specie</strong></span> <span class='ocrx_word' id='word_1_383' title='bbox 1038 3485 1225 3540; x_wconf 84' lang='lat' dir='ltr'><strong>eadem</strong></span> <span class='ocrx_word' id='word_1_384' title='bbox 1255 3488 1516 3554; x_wconf 89' lang='lat' dir='ltr'><strong>perpetuo</strong></span> <span class='ocrx_word' id='word_1_385' title='bbox 1549 3480 1786 3551; x_wconf 82' lang='lat' dir='ltr'><strong>qualitas</strong></span> <span class='ocrx_word' id='word_1_386' title='bbox 1824 3493 1887 3534; x_wconf 88' lang='lat' dir='ltr'><strong>ac</strong></span> <span class='ocrx_word' id='word_1_387' title='bbox 1917 3493 2053 3533; x_wconf 86' lang='lat' dir='ltr'><strong>con-</strong></span> 
     </span>
    </p>
   </div>
   <div class='ocr_carea' id='block_1_55' title="bbox 473 3566 2055 3639">
    <p class='ocr_par' dir='ltr' id='par_1_55' title="bbox 473 3566 2055 3639">
     <span class='ocr_line' id='line_1_55' title="bbox 473 3566 2055 3639; baseline -0.011 -4"><span class='ocrx_word' id='word_1_388' title='bbox 473 3580 607 3635; x_wconf 89' lang='lat' dir='ltr'><strong>ditio</strong></span> <span class='ocrx_word' id='word_1_389' title='bbox 634 3586 899 3633; x_wconf 88' lang='lat' dir='ltr'><strong>remanet.</strong></span> <span class='ocrx_word' id='word_1_390' title='bbox 928 3572 1047 3628; x_wconf 85' lang='lat' dir='ltr'><strong>Jam</strong></span> <span class='ocrx_word' id='word_1_391' title='bbox 1072 3586 1201 3627; x_wconf 84' lang='lat' dir='ltr'><strong>vero</strong></span> <span class='ocrx_word' id='word_1_392' title='bbox 1224 3571 1268 3626; x_wconf 92' lang='lat' dir='ltr'><strong>si</strong></span> <span class='ocrx_word' id='word_1_393' title='bbox 1291 3578 1320 3623; x_wconf 87' lang='lat' dir='ltr'><strong>a</strong></span> <span class='ocrx_word' id='word_1_394' title='bbox 1338 3584 1568 3639; x_wconf 90' lang='lat' dir='ltr'><strong>corpore</strong></span> <span class='ocrx_word' id='word_1_395' title='bbox 1592 3566 1741 3622; x_wconf 89' lang='lat' dir='ltr'><strong>aliud</strong></span> <span class='ocrx_word' id='word_1_396' title='bbox 1767 3582 1864 3637; x_wconf 90' lang='lat' dir='ltr'><strong>pro</strong></span> <span class='ocrx_word' id='word_1_397' title='bbox 1883 3567 2055 3620; x_wconf 90' lang='lat' dir='ltr'><strong>altero</strong></span> 
     </span>
    </p>
   </div>
   <div class='ocr_carea' id='block_1_56' title="bbox 470 3660 2057 3742">
    <p class='ocr_par' dir='ltr' id='par_1_56' title="bbox 470 3660 2057 3742">
     <span class='ocr_line' id='line_1_56' title="bbox 470 3660 2057 3742; baseline -0.009 -15"><span class='ocrx_word' id='word_1_398' title='bbox 470 3684 675 3742; x_wconf 83' lang='lat' dir='ltr'><strong>corpus</strong></span> <span class='ocrx_word' id='word_1_399' title='bbox 709 3669 841 3723; x_wconf 90' lang='lat' dir='ltr'><strong>oriri</strong></span> <span class='ocrx_word' id='word_1_400' title='bbox 879 3682 985 3721; x_wconf 90' lang='lat' dir='ltr'><strong>non</strong></span> <span class='ocrx_word' id='word_1_401' title='bbox 1020 3671 1219 3737; x_wconf 90' lang='lat' dir='ltr'><strong>potest,</strong></span> <span class='ocrx_word' id='word_1_402' title='bbox 1248 3669 1452 3733; x_wconf 89' lang='lat' dir='ltr'><strong>quanto</strong></span> <span class='ocrx_word' id='word_1_403' title='bbox 1482 3661 1653 3732; x_wconf 83' lang='lat' dir='ltr'><strong>magis</strong></span> <span class='ocrx_word' id='word_1_404' title='bbox 1677 3660 1730 3714; x_wconf 92' lang='lat' dir='ltr'><strong>in</strong></span> <span class='ocrx_word' id='word_1_405' title='bbox 1756 3660 1904 3714; x_wconf 87' lang='lat' dir='ltr'><strong>aliud</strong></span> <span class='ocrx_word' id='word_1_406' title='bbox 1932 3674 2057 3714; x_wconf 89' lang='lat' dir='ltr'><strong>cor-</strong></span> 
     </span>
    </p>
   </div>
   <div class='ocr_carea' id='block_1_57' title="bbox 474 3753 2057 3836">
    <p class='ocr_par' dir='ltr' id='par_1_57' title="bbox 474 3753 2057 3836">
     <span class='ocr_line' id='line_1_57' title="bbox 474 3753 2057 3836; baseline -0.005 -18"><span class='ocrx_word' id='word_1_407' title='bbox 474 3781 577 3836; x_wconf 86' lang='lat' dir='ltr'><strong>pus</strong></span> <span class='ocrx_word' id='word_1_408' title='bbox 606 3760 918 3833; x_wconf 81' lang='lat' dir='ltr'><strong>transgredi</strong></span> <span class='ocrx_word' id='word_1_409' title='bbox 948 3756 1190 3814; x_wconf 89' lang='lat' dir='ltr'><strong>hominis</strong></span> <span class='ocrx_word' id='word_1_410' title='bbox 1219 3757 1399 3811; x_wconf 89' lang='lat' dir='ltr'><strong>anima</strong></span> <span class='ocrx_word' id='word_1_411' title='bbox 1423 3772 1530 3809; x_wconf 92' lang='lat' dir='ltr'><strong>non</strong></span> <span class='ocrx_word' id='word_1_412' title='bbox 1554 3753 1785 3826; x_wconf 87' lang='lat' dir='ltr'><strong>poterit?</strong></span> <span class='ocrx_word' id='word_1_413' title='bbox 1815 3753 1946 3820; x_wconf 85' lang='lat' dir='ltr'><strong>Quae</strong></span> <span class='ocrx_word' id='word_1_414' title='bbox 1970 3764 2057 3810; x_wconf 91' lang='lat' dir='ltr'><strong>est</strong></span> 
     </span>
    </p>
   </div>
   <div class='ocr_carea' id='block_1_58' title="bbox 477 3844 2057 3919">
    <p class='ocr_par' dir='ltr' id='par_1_58' title="bbox 477 3844 2057 3919">
     <span class='ocr_line' id='line_1_58' title="bbox 477 3844 2057 3919; baseline -0.006 -11"><span class='ocrx_word' id='word_1_415' title='bbox 477 3860 684 3915; x_wconf 87' lang='lat' dir='ltr'><strong>autem,</strong></span> <span class='ocrx_word' id='word_1_416' title='bbox 716 3850 903 3919; x_wconf 82' lang='lat' dir='ltr'><strong>inquit</strong></span> <span class='ocrx_word' id='word_1_417' title='bbox 924 3849 1036 3915; x_wconf 86' lang='lat' dir='ltr'><strong>ille,</strong></span> <span class='ocrx_word' id='word_1_418' title='bbox 1070 3848 1391 3904; x_wconf 89' lang='lat' dir='ltr'><strong>mutationis</strong></span> <span class='ocrx_word' id='word_1_419' title='bbox 1422 3846 1567 3901; x_wconf 91' lang='lat' dir='ltr'><strong>illius</strong></span> <span class='ocrx_word' id='word_1_420' title='bbox 1591 3844 1762 3900; x_wconf 89' lang='lat' dir='ltr'><strong>ratio?</strong></span> <span class='ocrx_word' id='word_1_421' title='bbox 1789 3844 1858 3902; x_wconf 89' lang='lat' dir='ltr'><strong>Ut</strong></span> <span class='ocrx_word' id='word_1_422' title='bbox 1894 3846 2057 3900; x_wconf 87' lang='lat' dir='ltr'><strong>nimi-</strong></span> 
     </span>
    </p>
   </div>
   <div class='ocr_carea' id='block_1_59' title="bbox 476 3935 2055 4006">
    <p class='ocr_par' dir='ltr' id='par_1_59' title="bbox 476 3935 2055 4006">
     <span class='ocr_line' id='line_1_59' title="bbox 476 3935 2055 4006; baseline -0.005 -9"><span class='ocrx_word' id='word_1_423' title='bbox 476 3959 597 3999; x_wconf 91' lang='lat' dir='ltr'><strong>rum</strong></span> <span class='ocrx_word' id='word_1_424' title='bbox 644 3942 711 4006; x_wconf 90' lang='lat' dir='ltr'><strong>si,</strong></span> <span class='ocrx_word' id='word_1_425' title='bbox 752 3955 877 3996; x_wconf 89' lang='lat' dir='ltr'><strong>cum</strong></span> <span class='ocrx_word' id='word_1_426' title='bbox 924 3940 979 3994; x_wconf 92' lang='lat' dir='ltr'><strong>in</strong></span> <span class='ocrx_word' id='word_1_427' title='bbox 1026 3939 1244 3993; x_wconf 91' lang='lat' dir='ltr'><strong>homine</strong></span> <span class='ocrx_word' id='word_1_428' title='bbox 1270 3944 1436 4003; x_wconf 88' lang='lat' dir='ltr'><strong>esset,</strong></span> <span class='ocrx_word' id='word_1_429' title='bbox 1484 3937 1731 3992; x_wconf 86' lang='lat' dir='ltr'><strong>veritatis</strong></span> <span class='ocrx_word' id='word_1_430' title='bbox 1770 3935 2055 3991; x_wconf 84' lang='lat' dir='ltr'><strong>scientiam</strong></span> 
     </span>
    </p>
   </div>
   <div class='ocr_carea' id='block_1_60' title="bbox 476 4034 2059 4112">
    <p class='ocr_par' dir='ltr' id='par_1_60' title="bbox 476 4034 2059 4112">
     <span class='ocr_line' id='line_1_60' title="bbox 476 4034 2059 4112; baseline -0.007 -15"><span class='ocrx_word' id='word_1_431' title='bbox 476 4058 583 4098; x_wconf 88' lang='lat' dir='ltr'><strong>non</strong></span> <span class='ocrx_word' id='word_1_432' title='bbox 625 4037 949 4112; x_wconf 89' lang='lat' dir='ltr'><strong>perceperit,</strong></span> <span class='ocrx_word' id='word_1_433' title='bbox 1001 4035 1234 4092; x_wconf 91' lang='lat' dir='ltr'><strong>subinde</strong></span> <span class='ocrx_word' id='word_1_434' title='bbox 1280 4034 1334 4088; x_wconf 88' lang='lat' dir='ltr'><strong>itt</strong></span> <span class='ocrx_word' id='word_1_435' title='bbox 1367 4048 1583 4098; x_wconf 84' lang='lat' dir='ltr'><strong>canem,</strong></span> <span class='ocrx_word' id='word_1_436' title='bbox 1628 4042 1722 4087; x_wconf 90' lang='lat' dir='ltr'><strong>aut</strong></span> <span class='ocrx_word' id='word_1_437' title='bbox 1744 4048 1943 4103; x_wconf 92' lang='lat' dir='ltr'><strong>equum</strong></span> <span class='ocrx_word' id='word_1_438' title='bbox 1977 4034 2059 4087; x_wconf 88' lang='lat' dir='ltr'><strong>in-</strong></span> 
     </span>
    </p>
   </div>
   <div class='ocr_carea' id='block_1_61' title="bbox 476 4122 2053 4197">
    <p class='ocr_par' dir='ltr' id='par_1_61' title="bbox 476 4122 2053 4197">
     <span class='ocr_line' id='line_1_61' title="bbox 476 4122 2053 4197; baseline -0.008 -11"><span class='ocrx_word' id='word_1_439' title='bbox 476 4129 752 4191; x_wconf 87' lang='lat' dir='ltr'><strong>troducta‘,</strong></span> <span class='ocrx_word' id='word_1_440' title='bbox 803 4142 866 4183; x_wconf 89' lang='lat' dir='ltr'><strong>ac</strong></span> <span class='ocrx_word' id='word_1_441' title='bbox 905 4124 1234 4197; x_wconf 89' lang='lat' dir='ltr'><strong>perdomita,</strong></span> <span class='ocrx_word' id='word_1_442' title='bbox 1283 4122 1745 4193; x_wconf 79' lang='lat' dir='ltr'><strong>intelligentiaque</strong></span> <span class='ocrx_word' id='word_1_443' title='bbox 1793 4122 2053 4192; x_wconf 65' lang='lat' dir='ltr'><strong>praedita,</strong></span> 
     </span>
    </p>
   </div>
   <div class='ocr_carea' id='block_1_62' title="bbox 477 4212 2058 4283">
    <p class='ocr_par' dir='ltr' id='par_1_62' title="bbox 477 4212 2058 4283">
     <span class='ocr_line' id='line_1_62' title="bbox 477 4212 2058 4283; baseline -0.005 -10"><span class='ocrx_word' id='word_1_444' title='bbox 477 4220 777 4273; x_wconf 81' lang='lat' dir='ltr'><strong>humanum</strong></span> <span class='ocrx_word' id='word_1_445' title='bbox 824 4216 878 4270; x_wconf 89' lang='lat' dir='ltr'><strong>in</strong></span> <span class='ocrx_word' id='word_1_446' title='bbox 921 4226 1123 4283; x_wconf 82' lang='lat' dir='ltr'><strong>corpus</strong></span> <span class='ocrx_word' id='word_1_447' title='bbox 1166 4212 1346 4267; x_wconf 89' lang='lat' dir='ltr'><strong>denuo</strong></span> <span class='ocrx_word' id='word_1_448' title='bbox 1392 4217 1717 4275; x_wconf 87' lang='lat' dir='ltr'><strong>revertatur,</strong></span> <span class='ocrx_word' id='word_1_449' title='bbox 1775 4220 1938 4281; x_wconf 84' lang='lat' dir='ltr'><strong>atque</strong></span> <span class='ocrx_word' id='word_1_450' title='bbox 1983 4212 2058 4265; x_wconf 91' lang='lat' dir='ltr'><strong>ita</strong></span> 
     </span>
    </p>
   </div>
   <div class='ocr_carea' id='block_1_63' title="bbox 477 4299 2054 4375">
    <p class='ocr_par' dir='ltr' id='par_1_63' title="bbox 477 4299 2054 4375">
     <span class='ocr_line' id='line_1_63' title="bbox 477 4299 2054 4375; baseline -0.003 -18"><span class='ocrx_word' id='word_1_451' title='bbox 477 4320 701 4375; x_wconf 73' lang='lat' dir='ltr'><strong>compos</strong></span> <span class='ocrx_word' id='word_1_452' title='bbox 736 4304 979 4359; x_wconf 69' lang='lat' dir='ltr'><strong>scientia:</strong></span> <span class='ocrx_word' id='word_1_453' title='bbox 1019 4301 1162 4355; x_wconf 87' lang='lat' dir='ltr'><strong>facta</strong></span> <span class='ocrx_word' id='word_1_454' title='bbox 1204 4299 1256 4353; x_wconf 91' lang='lat' dir='ltr'><strong>in</strong></span> <span class='ocrx_word' id='word_1_455' title='bbox 1302 4300 1489 4354; x_wconf 90' lang='lat' dir='ltr'><strong>orbem</strong></span> <span class='ocrx_word' id='word_1_456' title='bbox 1542 4300 1683 4353; x_wconf 66' lang='lat' dir='ltr'><strong>luna:</strong></span> <span class='ocrx_word' id='word_1_457' title='bbox 1737 4299 2054 4370; x_wconf 87' lang='lat' dir='ltr'><strong>recipiatur.</strong></span> 
     </span>
    </p>
   </div>
   <div class='ocr_carea' id='block_1_64' title="bbox 478 4388 2058 4462">
    <p class='ocr_par' dir='ltr' id='par_1_64' title="bbox 478 4388 2058 4462">
     <span class='ocr_line' id='line_1_64' title="bbox 478 4388 2058 4462; baseline -0.002 -16"><span class='ocrx_word' id='word_1_458' title='bbox 478 4392 536 4446; x_wconf 87' lang='lat' dir='ltr'><strong>In</strong></span> <span class='ocrx_word' id='word_1_459' title='bbox 571 4407 679 4462; x_wconf 94' lang='lat' dir='ltr'><strong>quo</strong></span> <span class='ocrx_word' id='word_1_460' title='bbox 713 4407 809 4462; x_wconf 90' lang='lat' dir='ltr'><strong>per</strong></span> <span class='ocrx_word' id='word_1_461' title='bbox 843 4391 974 4444; x_wconf 91' lang='lat' dir='ltr'><strong>illud</strong></span> <span class='ocrx_word' id='word_1_462' title='bbox 1024 4403 1158 4445; x_wconf 92' lang='lat' dir='ltr'><strong>sane</strong></span> <span class='ocrx_word' id='word_1_463' title='bbox 1188 4388 1385 4443; x_wconf 89' lang='lat' dir='ltr'><strong>mirum</strong></span> <span class='ocrx_word' id='word_1_464' title='bbox 1423 4395 1542 4443; x_wconf 90' lang='lat' dir='ltr'><strong>est:</strong></span> <span class='ocrx_word' id='word_1_465' title='bbox 1568 4388 1843 4452; x_wconf 82' lang='lat' dir='ltr'><strong>Animam,</strong></span> <span class='ocrx_word' id='word_1_466' title='bbox 1880 4405 2058 4460; x_wconf 85' lang='lat' dir='ltr'><strong>quan-</strong></span> 
     </span>
    </p>
   </div>
   <div class='ocr_carea' id='block_1_65' title="bbox 2140 2009 3756 2084">
    <p class='ocr_par' dir='ltr' id='par_1_65' title="bbox 2140 2009 3756 2084">
     <span class='ocr_line' id='line_1_65' title="bbox 2140 2009 3756 2084; baseline 0 -22"><span class='ocrx_word' id='word_1_467' title='bbox 2140 2010 2457 2083; x_wconf 74' lang='grc' dir='ltr'>ὲπιτελέσῃς</span> <span class='ocrx_word' id='word_1_468' title='bbox 2491 2010 2601 2062; x_wconf 74' lang='grc' dir='ltr'>Καὶ</span> <span class='ocrx_word' id='word_1_469' title='bbox 2641 2009 2809 2079; x_wconf 82' lang='grc' dir='ltr'>πολλή</span> <span class='ocrx_word' id='word_1_470' title='bbox 2836 2010 2922 2072; x_wconf 86' lang='grc' dir='ltr'><strong>τίς</strong></span> <span class='ocrx_word' id='word_1_471' title='bbox 2967 2012 3114 2064; x_wconf 79' lang='grc' dir='ltr'>ἐστιν</span> <span class='ocrx_word' id='word_1_472' title='bbox 3143 2014 3175 2084; x_wconf 85' lang='grc' dir='ltr'><strong>ἡ</strong></span> <span class='ocrx_word' id='word_1_473' title='bbox 3203 2011 3403 2065; x_wconf 84' lang='grc' dir='ltr'>ἀτοπία</span> <span class='ocrx_word' id='word_1_474' title='bbox 3440 2016 3500 2065; x_wconf 81' lang='grc' dir='ltr'>ὲν</span> <span class='ocrx_word' id='word_1_475' title='bbox 3534 2015 3653 2074; x_wconf 77' lang='grc' dir='ltr'>τοῖς</span> <span class='ocrx_word' id='word_1_476' title='bbox 3680 2013 3756 2062; x_wconf 69' lang='grc' dir='ltr'><strong>τᾶ</strong></span> 
     </span>
    </p>
   </div>
   <div class='ocr_carea' id='block_1_66' title="bbox 2139 2101 3757 2175">
    <p class='ocr_par' dir='ltr' id='par_1_66' title="bbox 2139 2101 3757 2175">
     <span class='ocr_line' id='line_1_66' title="bbox 2139 2101 3757 2175; baseline 0.001 -20"><span class='ocrx_word' id='word_1_477' title='bbox 2139 2102 2361 2155; x_wconf 77' lang='grc' dir='ltr'>τοιαῦτα</span> <span class='ocrx_word' id='word_1_478' title='bbox 2378 2102 2481 2154; x_wconf 82' lang='grc' dir='ltr'><strong>κάν</strong></span> <span class='ocrx_word' id='word_1_479' title='bbox 2506 2101 2928 2171; x_wconf 81' lang='grc' dir='ltr'>διανοουμένοις.</span> <span class='ocrx_word' id='word_1_480' title='bbox 2964 2102 3155 2174; x_wconf 82' lang='grc' dir='ltr'>Ἡμεῖς</span> <span class='ocrx_word' id='word_1_481' title='bbox 3186 2104 3242 2157; x_wconf 86' lang='grc' dir='ltr'><strong>δὲ</strong></span> <span class='ocrx_word' id='word_1_482' title='bbox 3265 2105 3351 2157; x_wconf 82' lang='grc' dir='ltr'>ἵνα</span> <span class='ocrx_word' id='word_1_483' title='bbox 3376 2103 3451 2175; x_wconf 77' lang='grc' dir='ltr'>μὴ</span> <span class='ocrx_word' id='word_1_484' title='bbox 3468 2104 3541 2157; x_wconf 79' lang='grc' dir='ltr'>τὰ</span> <span class='ocrx_word' id='word_1_485' title='bbox 3569 2105 3757 2175; x_wconf 82' lang='grc' dir='ltr'>σεμνά</span> 
     </span>
    </p>
   </div>
   <div class='ocr_carea' id='block_1_67' title="bbox 2145 2193 3757 2267">
    <p class='ocr_par' dir='ltr' id='par_1_67' title="bbox 2145 2193 3757 2267">
     <span class='ocr_line' id='line_1_67' title="bbox 2145 2193 3757 2267; baseline 0.001 -20"><span class='ocrx_word' id='word_1_486' title='bbox 2145 2193 2596 2265; x_wconf 80' lang='grc' dir='ltr'>μεταϐάλλωμεν,</span> <span class='ocrx_word' id='word_1_487' title='bbox 2629 2196 2877 2266; x_wconf 80' lang='grc' dir='ltr'>ἀρκετῶς</span> <span class='ocrx_word' id='word_1_488' title='bbox 2919 2196 3148 2267; x_wconf 76' lang='grc' dir='ltr'>ἔσχομεν</span> <span class='ocrx_word' id='word_1_489' title='bbox 3174 2197 3336 2265; x_wconf 86' lang='grc' dir='ltr'>μόνον</span> <span class='ocrx_word' id='word_1_490' title='bbox 3362 2196 3437 2259; x_wconf 84' lang='grc' dir='ltr'>ὡς</span> <span class='ocrx_word' id='word_1_491' title='bbox 3469 2195 3582 2249; x_wconf 77' lang='grc' dir='ltr'>ἀπὸ</span> <span class='ocrx_word' id='word_1_492' title='bbox 3616 2198 3757 2267; x_wconf 75' lang='grc' dir='ltr'>πόρι-</span> 
     </span>
    </p>
   </div>
   <div class='ocr_carea' id='block_1_68' title="bbox 2145 2282 3758 2359">
    <p class='ocr_par' dir='ltr' id='par_1_68' title="bbox 2145 2282 3758 2359">
     <span class='ocr_line' id='line_1_68' title="bbox 2145 2282 3758 2359; baseline 0 -20"><span class='ocrx_word' id='word_1_493' title='bbox 2145 2286 2315 2357; x_wconf 83' lang='grc' dir='ltr'>ρωθεν</span> <span class='ocrx_word' id='word_1_494' title='bbox 2358 2286 2541 2341; x_wconf 78' lang='grc' dir='ltr'>δοῦναι</span> <span class='ocrx_word' id='word_1_495' title='bbox 2567 2287 2666 2358; x_wconf 85' lang='grc' dir='ltr'>τῆς</span> <span class='ocrx_word' id='word_1_496' title='bbox 2693 2286 3004 2353; x_wconf 79' lang='grc' dir='ltr'>ὑποθέσεως</span> <span class='ocrx_word' id='word_1_497' title='bbox 3040 2285 3100 2340; x_wconf 75' lang='grc' dir='ltr'>τὸ</span> <span class='ocrx_word' id='word_1_498' title='bbox 3124 2284 3283 2350; x_wconf 77' lang='grc' dir='ltr'>εἶδος.</span> <span class='ocrx_word' id='word_1_499' title='bbox 3318 2282 3758 2359; x_wconf 74' lang='grc' dir='ltr'>Παρελεύσομαι</span> 
     </span>
    </p>
   </div>
   <div class='ocr_carea' id='block_1_69' title="bbox 2142 2378 3758 2453">
    <p class='ocr_par' dir='ltr' id='par_1_69' title="bbox 2142 2378 3758 2453">
     <span class='ocr_line' id='line_1_69' title="bbox 2142 2378 3758 2453; baseline 0.002 -23"><span class='ocrx_word' id='word_1_500' title='bbox 2142 2379 2321 2431; x_wconf 84' lang='grc' dir='ltr'>τοίνυν</span> <span class='ocrx_word' id='word_1_501' title='bbox 2361 2379 2469 2431; x_wconf 78' lang='grc' dir='ltr'><strong>ἀπὸ</strong></span> <span class='ocrx_word' id='word_1_502' title='bbox 2508 2380 2605 2451; x_wconf 82' lang='grc' dir='ltr'>τῆς</span> <span class='ocrx_word' id='word_1_503' title='bbox 2646 2378 2904 2453; x_wconf 75' lang='grc' dir='ltr'>τοιαύτης</span> <span class='ocrx_word' id='word_1_504' title='bbox 2948 2380 3272 2453; x_wconf 78' lang='grc' dir='ltr'>φθοροποιοῦ</span> <span class='ocrx_word' id='word_1_505' title='bbox 3311 2381 3593 2445; x_wconf 84' lang='grc' dir='ltr'>ὑπονοίας.</span> <span class='ocrx_word' id='word_1_506' title='bbox 3640 2383 3758 2435; x_wconf 74' lang='grc' dir='ltr'>Καὶ</span> 
     </span>
    </p>
   </div>
   <div class='ocr_carea' id='block_1_70' title="bbox 2146 2468 3761 2544">
    <p class='ocr_par' dir='ltr' id='par_1_70' title="bbox 2146 2468 3761 2544">
     <span class='ocr_line' id='line_1_70' title="bbox 2146 2468 3761 2544; baseline 0.002 -21"><span class='ocrx_word' id='word_1_507' title='bbox 2146 2468 2256 2541; x_wconf 77' lang='grc' dir='ltr'>γὰρ</span> <span class='ocrx_word' id='word_1_508' title='bbox 2285 2470 2463 2523; x_wconf 84' lang='grc' dir='ltr'>πάντα</span> <span class='ocrx_word' id='word_1_509' title='bbox 2489 2470 2666 2525; x_wconf 75' lang='grc' dir='ltr'>ἄτοπα</span> <span class='ocrx_word' id='word_1_510' title='bbox 2703 2472 2774 2525; x_wconf 78' lang='grc' dir='ltr'><strong>τὰ</strong></span> <span class='ocrx_word' id='word_1_511' title='bbox 2801 2471 3026 2526; x_wconf 81' lang='grc' dir='ltr'>τοιαῦτα</span> <span class='ocrx_word' id='word_1_512' title='bbox 3053 2472 3413 2543; x_wconf 83' lang='grc' dir='ltr'>διανοήματα.</span> <span class='ocrx_word' id='word_1_513' title='bbox 3446 2474 3511 2526; x_wconf 79' lang='lat' dir='ltr'><strong>El</strong></span> <span class='ocrx_word' id='word_1_514' title='bbox 3544 2472 3662 2544; x_wconf 77' lang='grc' dir='ltr'>γὰρ</span> <span class='ocrx_word' id='word_1_515' title='bbox 3691 2476 3761 2527; x_wconf 81' lang='grc' dir='ltr'>ὲκ</span> 
     </span>
    </p>
   </div>
   <div class='ocr_carea' id='block_1_71' title="bbox 2152 2562 3762 2637">
    <p class='ocr_par' dir='ltr' id='par_1_71' title="bbox 2152 2562 3762 2637">
     <span class='ocr_line' id='line_1_71' title="bbox 2152 2562 3762 2637; baseline 0.003 -21"><span class='ocrx_word' id='word_1_516' title='bbox 2152 2562 2403 2633; x_wconf 84' lang='grc' dir='ltr'>σώματος</span> <span class='ocrx_word' id='word_1_517' title='bbox 2426 2564 2505 2626; x_wconf 84' lang='grc' dir='ltr'><strong>είς</strong></span> <span class='ocrx_word' id='word_1_518' title='bbox 2537 2562 2697 2635; x_wconf 83' lang='grc' dir='ltr'>σῶμα</span> <span class='ocrx_word' id='word_1_519' title='bbox 2720 2566 2753 2635; x_wconf 80' lang='grc' dir='ltr'>ἡ</span> <span class='ocrx_word' id='word_1_520' title='bbox 2784 2565 3052 2637; x_wconf 73' lang='grc' dir='ltr'>μεταϐολὴ</span> <span class='ocrx_word' id='word_1_521' title='bbox 3080 2566 3191 2618; x_wconf 84' lang='grc' dir='ltr'>τῶν</span> <span class='ocrx_word' id='word_1_522' title='bbox 3212 2566 3419 2637; x_wconf 77' lang='grc' dir='ltr'>ψυχῶν,</span> <span class='ocrx_word' id='word_1_523' title='bbox 3439 2567 3539 2619; x_wconf 76' lang='grc' dir='ltr'>καὶ</span> <span class='ocrx_word' id='word_1_524' title='bbox 3566 2569 3595 2619; x_wconf 88' lang='lat'><strong>6</strong></span> <span class='ocrx_word' id='word_1_525' title='bbox 3620 2566 3762 2621; x_wconf 68' lang='grc' dir='ltr'>ποτὶ</span> 
     </span>
    </p>
   </div>
   <div class='ocr_carea' id='block_1_72' title="bbox 2144 2654 3765 2730">
    <p class='ocr_par' dir='ltr' id='par_1_72' title="bbox 2144 2654 3765 2730">
     <span class='ocr_line' id='line_1_72' title="bbox 2144 2654 3765 2730; baseline 0.001 -19"><span class='ocrx_word' id='word_1_526' title='bbox 2144 2654 2429 2727; x_wconf 76' lang='grc' dir='ltr'>ἄνθρωπος</span> <span class='ocrx_word' id='word_1_527' title='bbox 2467 2654 2692 2727; x_wconf 78' lang='grc' dir='ltr'>ὕστερον</span> <span class='ocrx_word' id='word_1_528' title='bbox 2726 2657 2898 2724; x_wconf 92' lang='grc' dir='ltr'>κύων,</span> <span class='ocrx_word' id='word_1_529' title='bbox 2945 2657 3035 2711; x_wconf 86' lang='grc' dir='ltr'><strong>διὰ</strong></span> <span class='ocrx_word' id='word_1_530' title='bbox 3081 2656 3135 2709; x_wconf 85' lang='grc' dir='ltr'><strong>τί</strong></span> <span class='ocrx_word' id='word_1_531' title='bbox 3186 2656 3260 2728; x_wconf 82' lang='grc' dir='ltr'>μὴ</span> <span class='ocrx_word' id='word_1_532' title='bbox 3298 2659 3407 2711; x_wconf 82' lang='grc' dir='ltr'><strong>ἀπὸ</strong></span> <span class='ocrx_word' id='word_1_533' title='bbox 3446 2657 3765 2730; x_wconf 79' lang='grc' dir='ltr'>ἀνθρώπου</span> 
     </span>
    </p>
   </div>
   <div class='ocr_carea' id='block_1_73' title="bbox 2146 2747 3765 2821">
    <p class='ocr_par' dir='ltr' id='par_1_73' title="bbox 2146 2747 3765 2821">
     <span class='ocr_line' id='line_1_73' title="bbox 2146 2747 3765 2821; baseline 0.001 -19"><span class='ocrx_word' id='word_1_534' title='bbox 2146 2747 2293 2802; x_wconf 88' lang='grc' dir='ltr'>κύων</span> <span class='ocrx_word' id='word_1_535' title='bbox 2330 2749 2562 2817; x_wconf 87' lang='grc' dir='ltr'>γίνεται,</span> <span class='ocrx_word' id='word_1_536' title='bbox 2592 2748 2625 2819; x_wconf 82' lang='grc' dir='ltr'><strong>ἢ</strong></span> <span class='ocrx_word' id='word_1_537' title='bbox 2656 2748 2766 2802; x_wconf 77' lang='grc' dir='ltr'><strong>ἀπὸ</strong></span> <span class='ocrx_word' id='word_1_538' title='bbox 2806 2749 2958 2819; x_wconf 84' lang='grc' dir='ltr'>βοός;</span> <span class='ocrx_word' id='word_1_539' title='bbox 2985 2748 3072 2803; x_wconf 72' lang='grc' dir='ltr'><strong>διὰ</strong></span> <span class='ocrx_word' id='word_1_540' title='bbox 3102 2748 3153 2802; x_wconf 90' lang='grc' dir='ltr'><strong>τί</strong></span> <span class='ocrx_word' id='word_1_541' title='bbox 3183 2748 3335 2821; x_wconf 85' lang='grc' dir='ltr'>ὅρνις</span> <span class='ocrx_word' id='word_1_542' title='bbox 3368 2751 3430 2804; x_wconf 85' lang='grc' dir='ltr'><strong>οὐ</strong></span> <span class='ocrx_word' id='word_1_543' title='bbox 3466 2750 3765 2817; x_wconf 83' lang='grc' dir='ltr'>τίκτεται;</span> 
     </span>
    </p>
   </div>
   <div class='ocr_carea' id='block_1_74' title="bbox 2159 2839 3769 2913">
    <p class='ocr_par' dir='ltr' id='par_1_74' title="bbox 2159 2839 3769 2913">
     <span class='ocr_line' id='line_1_74' title="bbox 2159 2839 3769 2913; baseline 0.002 -20"><span class='ocrx_word' id='word_1_544' title='bbox 2159 2840 2296 2893; x_wconf 84' lang='grc' dir='ltr'>Ἀλλ’</span> <span class='ocrx_word' id='word_1_545' title='bbox 2323 2842 2370 2892; x_wconf 88' lang='grc' dir='ltr'>εἰ</span> <span class='ocrx_word' id='word_1_546' title='bbox 2395 2840 2502 2911; x_wconf 79' lang='grc' dir='ltr'>ἄρα</span> <span class='ocrx_word' id='word_1_547' title='bbox 2538 2839 2776 2912; x_wconf 76' lang='grc' dir='ltr'>συμϐαίη</span> <span class='ocrx_word' id='word_1_548' title='bbox 2810 2840 2987 2913; x_wconf 82' lang='grc' dir='ltr'>χρόνῳ</span> <span class='ocrx_word' id='word_1_549' title='bbox 3004 2842 3110 2894; x_wconf 84' lang='grc' dir='ltr'>τινὶ</span> <span class='ocrx_word' id='word_1_550' title='bbox 3139 2842 3196 2894; x_wconf 82' lang='grc' dir='ltr'>ὲν</span> <span class='ocrx_word' id='word_1_551' title='bbox 3217 2841 3294 2913; x_wconf 83' lang='grc' dir='ltr'>τῷ</span> <span class='ocrx_word' id='word_1_552' title='bbox 3320 2842 3543 2913; x_wconf 80' lang='grc' dir='ltr'>ἀπλέτῳ</span> <span class='ocrx_word' id='word_1_553' title='bbox 3590 2844 3769 2897; x_wconf 73' lang='grc' dir='ltr'>αἰῶνι</span> 
     </span>
    </p>
   </div>
   <div class='ocr_carea' id='block_1_75' title="bbox 2147 2930 3769 3006">
    <p class='ocr_par' dir='ltr' id='par_1_75' title="bbox 2147 2930 3769 3006">
     <span class='ocr_line' id='line_1_75' title="bbox 2147 2930 3769 3006; baseline 0.004 -24"><span class='ocrx_word' id='word_1_554' title='bbox 2147 2930 2431 3001; x_wconf 82' lang='grc' dir='ltr'>τεράστιόν</span> <span class='ocrx_word' id='word_1_555' title='bbox 2463 2946 2515 2983; x_wconf 88' lang='grc' dir='ltr'><strong>τι</strong></span> <span class='ocrx_word' id='word_1_556' title='bbox 2542 2931 2819 2998; x_wconf 80' lang='grc' dir='ltr'>γενέσθαι,</span> <span class='ocrx_word' id='word_1_557' title='bbox 2855 2932 3082 3003; x_wconf 77' lang='grc' dir='ltr'>σημείου</span> <span class='ocrx_word' id='word_1_558' title='bbox 3116 2933 3279 2986; x_wconf 75' lang='grc' dir='ltr'>ἕνεκα</span> <span class='ocrx_word' id='word_1_559' title='bbox 3304 2933 3536 3002; x_wconf 85' lang='grc' dir='ltr'>γίνεται.</span> <span class='ocrx_word' id='word_1_560' title='bbox 3574 2935 3701 2988; x_wconf 73' lang='grc' dir='ltr'><strong>Καὶ</strong></span> <span class='ocrx_word' id='word_1_561' title='bbox 3734 2938 3769 3006; x_wconf 77' lang='grc' dir='ltr'>ἡ</span> 
     </span>
    </p>
   </div>
   <div class='ocr_carea' id='block_1_76' title="bbox 2150 3018 3772 3097">
    <p class='ocr_par' dir='ltr' id='par_1_76' title="bbox 2150 3018 3772 3097">
     <span class='ocr_line' id='line_1_76' title="bbox 2150 3018 3772 3097; baseline 0.004 -26"><span class='ocrx_word' id='word_1_562' title='bbox 2150 3018 2312 3087; x_wconf 80' lang='grc' dir='ltr'>φύσις</span> <span class='ocrx_word' id='word_1_563' title='bbox 2342 3020 2439 3089; x_wconf 81' lang='grc' dir='ltr'>μὲν</span> <span class='ocrx_word' id='word_1_564' title='bbox 2490 3019 2689 3090; x_wconf 78' lang='grc' dir='ltr'>ἑαυτῆς</span> <span class='ocrx_word' id='word_1_565' title='bbox 2708 3023 2833 3085; x_wconf 82' lang='grc' dir='ltr'>τοὺς</span> <span class='ocrx_word' id='word_1_566' title='bbox 2855 3023 3013 3093; x_wconf 86' lang='grc' dir='ltr'>ὅρους</span> <span class='ocrx_word' id='word_1_567' title='bbox 3043 3022 3350 3089; x_wconf 78' lang='grc' dir='ltr'>ἐπίσταται,</span> <span class='ocrx_word' id='word_1_568' title='bbox 3386 3024 3479 3077; x_wconf 72' lang='grc' dir='ltr'><strong>καὶ</strong></span> <span class='ocrx_word' id='word_1_569' title='bbox 3511 3024 3575 3077; x_wconf 79' lang='grc' dir='ltr'><strong>ού</strong></span> <span class='ocrx_word' id='word_1_570' title='bbox 3624 3043 3772 3097; x_wconf 82' lang='grc' dir='ltr'>μετ-</span> 
     </span>
    </p>
   </div>
   <div class='ocr_carea' id='block_1_77' title="bbox 2150 3110 3773 3190">
    <p class='ocr_par' dir='ltr' id='par_1_77' title="bbox 2150 3110 3773 3190">
     <span class='ocr_line' id='line_1_77' title="bbox 2150 3110 3773 3190; baseline 0.003 -24"><span class='ocrx_word' id='word_1_571' title='bbox 2150 3110 2402 3166; x_wconf 79' lang='grc' dir='ltr'>αλλάσσει</span> <span class='ocrx_word' id='word_1_572' title='bbox 2423 3111 2582 3180; x_wconf 83' lang='grc' dir='ltr'>φύσιν</span> <span class='ocrx_word' id='word_1_573' title='bbox 2618 3113 2929 3185; x_wconf 83' lang='grc' dir='ltr'>ἀνθρώπου,</span> <span class='ocrx_word' id='word_1_574' title='bbox 2959 3114 3164 3186; x_wconf 78' lang='grc' dir='ltr'>ἑτέρως</span> <span class='ocrx_word' id='word_1_575' title='bbox 3195 3115 3552 3187; x_wconf 85' lang='grc' dir='ltr'>πλασσομένη</span> <span class='ocrx_word' id='word_1_576' title='bbox 3596 3119 3773 3190; x_wconf 74' lang='grc' dir='ltr'>παρὰ</span> 
     </span>
    </p>
   </div>
   <div class='ocr_carea' id='block_1_78' title="bbox 2156 3202 3771 3287">
    <p class='ocr_par' dir='ltr' id='par_1_78' title="bbox 2156 3202 3771 3287">
     <span class='ocr_line' id='line_1_78' title="bbox 2156 3202 3771 3287; baseline 0.004 -30"><span class='ocrx_word' id='word_1_577' title='bbox 2156 3202 2260 3274; x_wconf 74' lang='grc' dir='ltr'><strong>τὴν</strong></span> <span class='ocrx_word' id='word_1_578' title='bbox 2296 3204 2479 3287; x_wconf 74' lang='grc' dir='ltr'>φύσιν,</span> <span class='ocrx_word' id='word_1_579' title='bbox 2534 3205 2653 3259; x_wconf 79' lang='grc' dir='ltr'>οὐδὲ</span> <span class='ocrx_word' id='word_1_580' title='bbox 2708 3206 2938 3259; x_wconf 80' lang='grc' dir='ltr'>ἑκάστου</span> <span class='ocrx_word' id='word_1_581' title='bbox 2996 3209 3248 3279; x_wconf 78' lang='grc' dir='ltr'>κτήνους⁹</span> <span class='ocrx_word' id='word_1_582' title='bbox 3300 3209 3414 3261; x_wconf 90' lang='grc' dir='ltr'>ἀλλ’</span> <span class='ocrx_word' id='word_1_583' title='bbox 3442 3211 3500 3261; x_wconf 85' lang='grc' dir='ltr'>ὲν</span> <span class='ocrx_word' id='word_1_584' title='bbox 3544 3210 3771 3281; x_wconf 75' lang='grc' dir='ltr'>ἑκάστῃ</span> 
     </span>
    </p>
   </div>
   <div class='ocr_carea' id='block_1_79' title="bbox 2157 3296 3773 3375">
    <p class='ocr_par' dir='ltr' id='par_1_79' title="bbox 2157 3296 3773 3375">
     <span class='ocr_line' id='line_1_79' title="bbox 2157 3296 3773 3375; baseline 0.004 -26"><span class='ocrx_word' id='word_1_585' title='bbox 2157 3296 2401 3366; x_wconf 77' lang='grc' dir='ltr'>ποιότητι</span> <span class='ocrx_word' id='word_1_586' title='bbox 2436 3299 2467 3369; x_wconf 83' lang='grc' dir='ltr'><strong>ἡ</strong></span> <span class='ocrx_word' id='word_1_587' title='bbox 2504 3298 2642 3371; x_wconf 82' lang='grc' dir='ltr'>αὐτὴ</span> <span class='ocrx_word' id='word_1_588' title='bbox 2676 3298 2896 3371; x_wconf 84' lang='grc' dir='ltr'>ποιότης</span> <span class='ocrx_word' id='word_1_589' title='bbox 2930 3301 3158 3369; x_wconf 86' lang='grc' dir='ltr'>γίνεται.</span> <span class='ocrx_word' id='word_1_590' title='bbox 3189 3304 3298 3355; x_wconf 75' lang='grc' dir='ltr'>Καὶ</span> <span class='ocrx_word' id='word_1_591' title='bbox 3327 3305 3376 3357; x_wconf 90' lang='grc' dir='ltr'>εἰ</span> <span class='ocrx_word' id='word_1_592' title='bbox 3406 3302 3549 3367; x_wconf 79' lang='grc' dir='ltr'>ὅλως</span> <span class='ocrx_word' id='word_1_593' title='bbox 3593 3305 3773 3375; x_wconf 80' lang='grc' dir='ltr'>σῶμα</span> 
     </span>
    </p>
   </div>
   <div class='ocr_carea' id='block_1_80' title="bbox 2158 3388 3774 3467">
    <p class='ocr_par' dir='ltr' id='par_1_80' title="bbox 2158 3388 3774 3467">
     <span class='ocr_line' id='line_1_80' title="bbox 2158 3388 3774 3467; baseline 0.006 -26"><span class='ocrx_word' id='word_1_594' title='bbox 2158 3388 2345 3460; x_wconf 70' lang='grc' dir='ltr'>ἕτερον</span> <span class='ocrx_word' id='word_1_595' title='bbox 2379 3389 2493 3443; x_wconf 83' lang='grc' dir='ltr'>ἀνθ’</span> <span class='ocrx_word' id='word_1_596' title='bbox 2520 3392 2705 3461; x_wconf 78' lang='grc' dir='ltr'>ἑτέρου</span> <span class='ocrx_word' id='word_1_597' title='bbox 2732 3392 2839 3446; x_wconf 85' lang='grc' dir='ltr'><strong>ἀπὺ</strong></span> <span class='ocrx_word' id='word_1_598' title='bbox 2869 3394 3120 3467; x_wconf 83' lang='grc' dir='ltr'>σώματος</span> <span class='ocrx_word' id='word_1_599' title='bbox 3152 3397 3214 3449; x_wconf 81' lang='grc' dir='ltr'><strong>οὐ</strong></span> <span class='ocrx_word' id='word_1_600' title='bbox 3237 3397 3467 3464; x_wconf 85' lang='grc' dir='ltr'>γίνεται,</span> <span class='ocrx_word' id='word_1_601' title='bbox 3494 3398 3665 3467; x_wconf 76' lang='grc' dir='ltr'>πόσῳ</span> <span class='ocrx_word' id='word_1_602' title='bbox 3708 3415 3774 3466; x_wconf 84' lang='grc' dir='ltr'><strong>γε</strong></span> 
     </span>
    </p>
   </div>
   <div class='ocr_carea' id='block_1_81' title="bbox 2160 3482 3775 3562">
    <p class='ocr_par' dir='ltr' id='par_1_81' title="bbox 2160 3482 3775 3562">
     <span class='ocr_line' id='line_1_81' title="bbox 2160 3482 3775 3562; baseline 0.004 -26"><span class='ocrx_word' id='word_1_603' title='bbox 2160 3482 2360 3553; x_wconf 78' lang='grc' dir='ltr'>μᾶλλον</span> <span class='ocrx_word' id='word_1_604' title='bbox 2377 3482 2525 3553; x_wconf 77' lang='grc' dir='ltr'>ψυχὴ</span> <span class='ocrx_word' id='word_1_605' title='bbox 2555 3483 2841 3556; x_wconf 79' lang='grc' dir='ltr'>ἀνθρώπου</span> <span class='ocrx_word' id='word_1_606' title='bbox 2866 3488 2945 3549; x_wconf 79' lang='grc' dir='ltr'><strong>εἰς</strong></span> <span class='ocrx_word' id='word_1_607' title='bbox 2965 3487 3150 3558; x_wconf 79' lang='grc' dir='ltr'>ἓτερον</span> <span class='ocrx_word' id='word_1_608' title='bbox 3174 3487 3333 3558; x_wconf 82' lang='grc' dir='ltr'>σῶμα</span> <span class='ocrx_word' id='word_1_609' title='bbox 3353 3488 3411 3541; x_wconf 82' lang='grc' dir='ltr'><strong>ού</strong></span> <span class='ocrx_word' id='word_1_610' title='bbox 3438 3490 3775 3562; x_wconf 75' lang='grc' dir='ltr'>μεταϐήσε-</span> 
     </span>
    </p>
   </div>
   <div class='ocr_carea' id='block_1_82' title="bbox 2160 3575 3775 3647">
    <p class='ocr_par' dir='ltr' id='par_1_82' title="bbox 2160 3575 3775 3647">
     <span class='ocr_line' id='line_1_82' title="bbox 2160 3575 3775 3647; baseline 0.004 -20"><span class='ocrx_word' id='word_1_611' title='bbox 2160 3592 2249 3628; x_wconf 86' lang='grc' dir='ltr'><strong>ται</strong></span> <span class='ocrx_word' id='word_1_612' title='bbox 2270 3592 2285 3641; x_wconf 87' lang='grc'>;</span> <span class='ocrx_word' id='word_1_613' title='bbox 2308 3575 2418 3629; x_wconf 73' lang='grc' dir='ltr'>Καὶ</span> <span class='ocrx_word' id='word_1_614' title='bbox 2438 3575 2525 3629; x_wconf 82' lang='grc' dir='ltr'><strong>ἵνα</strong></span> <span class='ocrx_word' id='word_1_615' title='bbox 2544 3576 2616 3640; x_wconf 89' lang='grc' dir='ltr'><strong>τί,</strong></span> <span class='ocrx_word' id='word_1_616' title='bbox 2646 3577 2798 3646; x_wconf 72' lang='grc' dir='ltr'>φησὶ,</span> <span class='ocrx_word' id='word_1_617' title='bbox 2831 3578 3260 3647; x_wconf 76' lang='grc' dir='ltr'>μεταϐάλλεται;</span> <span class='ocrx_word' id='word_1_618' title='bbox 3295 3580 3519 3634; x_wconf 84' lang='grc' dir='ltr'>ἀλλ’ἵνα</span> <span class='ocrx_word' id='word_1_619' title='bbox 3544 3580 3602 3632; x_wconf 77' lang='grc' dir='ltr'>εἴ</span> <span class='ocrx_word' id='word_1_620' title='bbox 3631 3599 3775 3635; x_wconf 74' lang='grc' dir='ltr'>ποτε</span> 
     </span>
    </p>
   </div>
   <div class='ocr_carea' id='block_1_83' title="bbox 2158 3664 3772 3740">
    <p class='ocr_par' dir='ltr' id='par_1_83' title="bbox 2158 3664 3772 3740">
     <span class='ocr_line' id='line_1_83' title="bbox 2158 3664 3772 3740; baseline 0.004 -24"><span class='ocrx_word' id='word_1_621' title='bbox 2158 3664 2216 3718; x_wconf 84' lang='grc' dir='ltr'>ὲν</span> <span class='ocrx_word' id='word_1_622' title='bbox 2236 3664 2510 3736; x_wconf 80' lang='grc' dir='ltr'>ἀνθρώπῳ</span> <span class='ocrx_word' id='word_1_623' title='bbox 2539 3665 2614 3737; x_wconf 83' lang='grc' dir='ltr'>μὴ</span> <span class='ocrx_word' id='word_1_624' title='bbox 2650 3670 2869 3720; x_wconf 83' lang='grc' dir='ltr'>συνεῖσα</span> <span class='ocrx_word' id='word_1_625' title='bbox 2906 3669 3007 3739; x_wconf 85' lang='grc' dir='ltr'>τὴν</span> <span class='ocrx_word' id='word_1_626' title='bbox 3033 3668 3133 3739; x_wconf 82' lang='grc' dir='ltr'>τῆς</span> <span class='ocrx_word' id='word_1_627' title='bbox 3157 3669 3414 3740; x_wconf 83' lang='grc' dir='ltr'>ἀληθείας</span> <span class='ocrx_word' id='word_1_628' title='bbox 3442 3670 3688 3738; x_wconf 81' lang='grc' dir='ltr'>γνῶσιν.</span> <span class='ocrx_word' id='word_1_629' title='bbox 3712 3673 3772 3723; x_wconf 76' lang='grc' dir='ltr'><strong>έν</strong></span> 
     </span>
    </p>
   </div>
   <div class='ocr_carea' id='block_1_84' title="bbox 2163 3758 3779 3833">
    <p class='ocr_par' dir='ltr' id='par_1_84' title="bbox 2163 3758 3779 3833">
     <span class='ocr_line' id='line_1_84' title="bbox 2163 3758 3779 3833; baseline 0.002 -23"><span class='ocrx_word' id='word_1_630' title='bbox 2163 3758 2309 3822; x_wconf 71' lang='grc' dir='ltr'>κυνὶ,</span> <span class='ocrx_word' id='word_1_631' title='bbox 2345 3758 2377 3828; x_wconf 82' lang='grc' dir='ltr'>ἢ</span> <span class='ocrx_word' id='word_1_632' title='bbox 2414 3759 2471 3811; x_wconf 81' lang='grc' dir='ltr'>ὲν</span> <span class='ocrx_word' id='word_1_633' title='bbox 2503 3758 2655 3824; x_wconf 82' lang='grc' dir='ltr'>ἵππῳ</span> <span class='ocrx_word' id='word_1_634' title='bbox 2686 3760 2974 3830; x_wconf 85' lang='grc' dir='ltr'>γενομένη,</span> <span class='ocrx_word' id='word_1_635' title='bbox 2999 3762 3091 3814; x_wconf 75' lang='grc' dir='ltr'><strong>καὶ</strong></span> <span class='ocrx_word' id='word_1_636' title='bbox 3110 3760 3464 3833; x_wconf 86' lang='grc' dir='ltr'>δαμασθεῖσα,</span> <span class='ocrx_word' id='word_1_637' title='bbox 3510 3763 3614 3814; x_wconf 78' lang='grc' dir='ltr'><strong>καὶ</strong></span> <span class='ocrx_word' id='word_1_638' title='bbox 3650 3779 3779 3815; x_wconf 82' lang='grc' dir='ltr'>συν-</span> 
     </span>
    </p>
   </div>
   <div class='ocr_carea' id='block_1_85' title="bbox 2159 3850 3778 3925">
    <p class='ocr_par' dir='ltr' id='par_1_85' title="bbox 2159 3850 3778 3925">
     <span class='ocr_line' id='line_1_85' title="bbox 2159 3850 3778 3925; baseline 0.002 -23"><span class='ocrx_word' id='word_1_639' title='bbox 2159 3854 2299 3911; x_wconf 82' lang='grc' dir='ltr'>εῖσα,</span> <span class='ocrx_word' id='word_1_640' title='bbox 2322 3850 2623 3925; x_wconf 70' lang='grc' dir='ltr'>ἀνακάμψῃ</span> <span class='ocrx_word' id='word_1_641' title='bbox 2644 3852 2806 3905; x_wconf 81' lang='grc' dir='ltr'>πάλιν</span> <span class='ocrx_word' id='word_1_642' title='bbox 2831 3853 2912 3916; x_wconf 85' lang='grc' dir='ltr'><strong>είς</strong></span> <span class='ocrx_word' id='word_1_643' title='bbox 2942 3852 3229 3924; x_wconf 82' lang='grc' dir='ltr'>ἀνθρώπου</span> <span class='ocrx_word' id='word_1_644' title='bbox 3258 3853 3436 3923; x_wconf 83' lang='grc' dir='ltr'>σῶμα,</span> <span class='ocrx_word' id='word_1_645' title='bbox 3457 3856 3555 3907; x_wconf 76' lang='grc' dir='ltr'><strong>καὶ</strong></span> <span class='ocrx_word' id='word_1_646' title='bbox 3581 3852 3778 3916; x_wconf 70' lang='grc' dir='ltr'>οὕτως</span> 
     </span>
    </p>
   </div>
   <div class='ocr_carea' id='block_1_86' title="bbox 2158 3940 3777 4016">
    <p class='ocr_par' dir='ltr' id='par_1_86' title="bbox 2158 3940 3777 4016">
     <span class='ocr_line' id='line_1_86' title="bbox 2158 3940 3777 4016; baseline 0.004 -24"><span class='ocrx_word' id='word_1_647' title='bbox 2158 3940 2363 4011; x_wconf 76' lang='grc' dir='ltr'>γνοῦσα</span> <span class='ocrx_word' id='word_1_648' title='bbox 2389 3942 2487 4014; x_wconf 82' lang='grc' dir='ltr'>τὴν</span> <span class='ocrx_word' id='word_1_649' title='bbox 2509 3944 2709 4012; x_wconf 85' lang='grc' dir='ltr'>γνῶσιν</span> <span class='ocrx_word' id='word_1_650' title='bbox 2748 3942 3194 4016; x_wconf 68' lang='grc' dir='ltr'>ἀναληφθήᾰεται</span> <span class='ocrx_word' id='word_1_651' title='bbox 3214 3948 3295 4009; x_wconf 84' lang='grc' dir='ltr'><strong>είς</strong></span> <span class='ocrx_word' id='word_1_652' title='bbox 3319 3946 3409 3999; x_wconf 76' lang='grc' dir='ltr'>τὸν</span> <span class='ocrx_word' id='word_1_653' title='bbox 3440 3944 3638 3997; x_wconf 83' lang='grc' dir='ltr'>δίσκον</span> <span class='ocrx_word' id='word_1_654' title='bbox 3667 3946 3777 4015; x_wconf 73' lang='grc' dir='ltr'>τῆς</span> 
     </span>
    </p>
   </div>
   <div class='ocr_carea' id='block_1_87' title="bbox 2161 4033 3779 4106">
    <p class='ocr_par' dir='ltr' id='par_1_87' title="bbox 2161 4033 3779 4106">
     <span class='ocr_line' id='line_1_87' title="bbox 2161 4033 3779 4106; baseline 0.004 -21"><span class='ocrx_word' id='word_1_655' title='bbox 2161 4033 2411 4105; x_wconf 87' lang='grc' dir='ltr'>σελήνης.</span> <span class='ocrx_word' id='word_1_656' title='bbox 2451 4035 2561 4088; x_wconf 77' lang='grc' dir='ltr'><strong>Καὶ</strong></span> <span class='ocrx_word' id='word_1_657' title='bbox 2594 4035 2708 4089; x_wconf 81' lang='grc' dir='ltr'>ἔστι</span> <span class='ocrx_word' id='word_1_658' title='bbox 2742 4035 3055 4106; x_wconf 80' lang='grc' dir='ltr'>θαυμαστὸν</span> <span class='ocrx_word' id='word_1_659' title='bbox 3107 4037 3257 4102; x_wconf 86' lang='grc' dir='ltr'>ἰδεῖν,</span> <span class='ocrx_word' id='word_1_660' title='bbox 3308 4037 3389 4090; x_wconf 83' lang='grc' dir='ltr'>ὅτι</span> <span class='ocrx_word' id='word_1_661' title='bbox 3432 4038 3489 4088; x_wconf 84' lang='grc' dir='ltr'>ὲν</span> <span class='ocrx_word' id='word_1_662' title='bbox 3540 4036 3655 4106; x_wconf 83' lang='grc' dir='ltr'>μὲν</span> <span class='ocrx_word' id='word_1_663' title='bbox 3686 4039 3779 4092; x_wconf 78' lang='grc' dir='ltr'>ἀν-</span> 
     </span>
    </p>
   </div>
   <div class='ocr_carea' id='block_1_88' title="bbox 2161 4120 3776 4203">
    <p class='ocr_par' dir='ltr' id='par_1_88' title="bbox 2161 4120 3776 4203">
     <span class='ocr_line' id='line_1_88' title="bbox 2161 4120 3776 4203; baseline 0.002 -26"><span class='ocrx_word' id='word_1_664' title='bbox 2161 4124 2188 4178; x_wconf 92' lang='grc' dir='ltr'><strong>θ</strong></span> <span class='ocrx_word' id='word_1_665' title='bbox 2198 4126 2364 4197; x_wconf 79' lang='grc' dir='ltr'>ρώπῳ</span> <span class='ocrx_word' id='word_1_666' title='bbox 2405 4128 2696 4198; x_wconf 83' lang='grc' dir='ltr'>γενομένη,</span> <span class='ocrx_word' id='word_1_667' title='bbox 2729 4120 3319 4203; x_wconf 65' lang='grc' dir='ltr'>παρ’ᾧπαιδευτήρια,</span> <span class='ocrx_word' id='word_1_668' title='bbox 3343 4128 3776 4199; x_wconf 74' lang='grc' dir='ltr'>γραμματικοὶ,</span> 
     </span>
    </p>
   </div>
   <div class='ocr_carea' id='block_1_89' title="bbox 2161 4218 3776 4292">
    <p class='ocr_par' dir='ltr' id='par_1_89' title="bbox 2161 4218 3776 4292">
     <span class='ocr_line' id='line_1_89' title="bbox 2161 4218 3776 4292; baseline 0.003 -22"><span class='ocrx_word' id='word_1_669' title='bbox 2161 4218 2416 4287; x_wconf 76' lang='grc' dir='ltr'>σοφισταί</span> <span class='ocrx_word' id='word_1_670' title='bbox 2454 4235 2515 4271; x_wconf 87' lang='grc' dir='ltr'><strong>τε</strong></span> <span class='ocrx_word' id='word_1_671' title='bbox 2556 4220 2653 4273; x_wconf 76' lang='grc' dir='ltr'>καὶ</span> <span class='ocrx_word' id='word_1_672' title='bbox 2686 4218 2888 4290; x_wconf 88' lang='grc' dir='ltr'>τεχνῶν</span> <span class='ocrx_word' id='word_1_673' title='bbox 2925 4220 3181 4292; x_wconf 88' lang='grc' dir='ltr'>ἀμύθητα</span> <span class='ocrx_word' id='word_1_674' title='bbox 3210 4220 3409 4292; x_wconf 78' lang='grc' dir='ltr'>πλήθη,</span> <span class='ocrx_word' id='word_1_675' title='bbox 3441 4222 3538 4274; x_wconf 72' lang='grc' dir='ltr'><strong>καὶ</strong></span> <span class='ocrx_word' id='word_1_676' title='bbox 3572 4220 3776 4283; x_wconf 73' lang='grc' dir='ltr'>λαλιὰ,</span> 
     </span>
    </p>
   </div>
   <div class='ocr_carea' id='block_1_90' title="bbox 2161 4306 3776 4383">
    <p class='ocr_par' dir='ltr' id='par_1_90' title="bbox 2161 4306 3776 4383">
     <span class='ocr_line' id='line_1_90' title="bbox 2161 4306 3776 4383; baseline 0.001 -23"><span class='ocrx_word' id='word_1_677' title='bbox 2161 4307 2253 4360; x_wconf 81' lang='grc' dir='ltr'><strong>καὶ</strong></span> <span class='ocrx_word' id='word_1_678' title='bbox 2279 4306 2438 4378; x_wconf 82' lang='grc' dir='ltr'>ἀκοὴ,</span> <span class='ocrx_word' id='word_1_679' title='bbox 2466 4307 2561 4360; x_wconf 73' lang='grc' dir='ltr'>καὶ</span> <span class='ocrx_word' id='word_1_680' title='bbox 2589 4307 2863 4379; x_wconf 83' lang='grc' dir='ltr'>λογιότης,</span> <span class='ocrx_word' id='word_1_681' title='bbox 2896 4309 2955 4363; x_wconf 79' lang='grc' dir='ltr'>ὲν</span> <span class='ocrx_word' id='word_1_682' title='bbox 2987 4310 3233 4381; x_wconf 73' lang='grc' dir='ltr'>ἀγνωσία</span> <span class='ocrx_word' id='word_1_683' title='bbox 3252 4311 3493 4383; x_wconf 81' lang='grc' dir='ltr'>ὑπῆρχεν</span> <span class='ocrx_word' id='word_1_684' title='bbox 3522 4312 3559 4381; x_wconf 74' lang='grc' dir='ltr'>ἡ</span> <span class='ocrx_word' id='word_1_685' title='bbox 3585 4308 3776 4381; x_wconf 75' lang='grc' dir='ltr'>ψυχὴ,</span> 
     </span>
    </p>
   </div>
   <div class='ocr_carea' id='block_1_91' title="bbox 2162 4398 3778 4472">
    <p class='ocr_par' dir='ltr' id='par_1_91' title="bbox 2162 4398 3778 4472">
     <span class='ocr_line' id='line_1_91' title="bbox 2162 4398 3778 4472; baseline 0.014 -23"><span class='ocrx_word' id='word_1_686' title='bbox 2162 4398 2219 4449; x_wconf 81' lang='grc' dir='ltr'>ὲν</span> <span class='ocrx_word' id='word_1_687' title='bbox 2275 4398 2331 4451; x_wconf 80' lang='grc' dir='ltr'><strong>δὲ</strong></span> <span class='ocrx_word' id='word_1_688' title='bbox 2384 4398 2555 4470; x_wconf 85' lang='grc' dir='ltr'>χοίρῳ</span> <span class='ocrx_word' id='word_1_689' title='bbox 2602 4400 2892 4471; x_wconf 83' lang='grc' dir='ltr'>γενομένη,</span> <span class='ocrx_word' id='word_1_690' title='bbox 2945 4401 3146 4471; x_wconf 79' lang='grc' dir='ltr'>μᾶλλον</span> <span class='ocrx_word' id='word_1_691' title='bbox 3197 4400 3430 4470; x_wconf 65' lang='grc' dir='ltr'>ἐπέγνω</span> <span class='ocrx_word' id='word_1_692' title='bbox 3475 4401 3569 4454; x_wconf 80' lang='grc' dir='ltr'><strong>ἵνα</strong></span> <span class='ocrx_word' id='word_1_693' title='bbox 3609 4401 3778 4472; x_wconf 69' lang='grc' dir='ltr'>δείξῖὶ</span> 
     </span>
    </p>
   </div>
   <div class='ocr_carea' id='block_1_92' title="bbox 479 4479 2045 4561">
    <p class='ocr_par' dir='ltr' id='par_1_92' title="bbox 479 4479 2045 4547">
     <span class='ocr_line' id='line_1_92' title="bbox 479 4479 2045 4547; baseline -0.001 -12"><span class='ocrx_word' id='word_1_694' title='bbox 479 4481 573 4535; x_wconf 85' lang='lat' dir='ltr'><strong>diu</strong></span> <span class='ocrx_word' id='word_1_695' title='bbox 604 4483 657 4535; x_wconf 89' lang='lat' dir='ltr'><strong>in</strong></span> <span class='ocrx_word' id='word_1_696' title='bbox 680 4482 901 4536; x_wconf 81' lang='lat' dir='ltr'><strong>homine</strong></span> <span class='ocrx_word' id='word_1_697' title='bbox 944 4480 1062 4544; x_wconf 90' lang='lat' dir='ltr'><strong>fuit,</strong></span> <span class='ocrx_word' id='word_1_698' title='bbox 1090 4480 1179 4533; x_wconf 90' lang='lat' dir='ltr'><strong>cui</strong></span> <span class='ocrx_word' id='word_1_699' title='bbox 1213 4479 1524 4534; x_wconf 83' lang='lat' dir='ltr'><strong>scholarum</strong></span> <span class='ocrx_word' id='word_1_700' title='bbox 1554 4484 2045 4547; x_wconf 70' lang='lat' dir='ltr'><strong>grammaticorum,</strong></span> 
     </span>
    </p>
   </div>
   <div class='ocr_carea' id='block_1_93' title="bbox 2200 4479 3779 4561">
    <p class='ocr_par' dir='ltr' id='par_1_93' title="bbox 2200 4487 3779 4561">
     <span class='ocr_line' id='line_1_93' title="bbox 2200 4487 3779 4561; baseline 0.004 -22"><span class='ocrx_word' id='word_1_701' title='bbox 2200 4487 2368 4541; x_wconf 60' lang='grc' dir='ltr'>μᾶλλον</span> <span class='ocrx_word' id='word_1_702' title='bbox 2426 4487 2523 4559; x_wconf 79' lang='grc' dir='ltr'><strong>τὴν</strong></span> <span class='ocrx_word' id='word_1_703' title='bbox 2583 4488 2749 4544; x_wconf 76' lang='grc' dir='ltr'>αὑτοῦ</span> <span class='ocrx_word' id='word_1_704' title='bbox 2805 4491 3139 4559; x_wconf 80' lang='grc' dir='ltr'>ἐπαγγελίαν</span> <span class='ocrx_word' id='word_1_705' title='bbox 3196 4492 3290 4561; x_wconf 83' lang='grc' dir='ltr'><strong>τῆς</strong></span> <span class='ocrx_word' id='word_1_706' title='bbox 3334 4490 3593 4559; x_wconf 83' lang='grc' dir='ltr'>γνώσεως</span> <span class='ocrx_word' id='word_1_707' title='bbox 3654 4494 3779 4561; x_wconf 59' lang='grc' dir='ltr'>χοίρ-</span> 
     </span>
    </p>
   </div>
   <div class='ocr_carea' id='block_1_94' title="bbox 482 4569 2049 4643">
    <p class='ocr_par' dir='ltr' id='par_1_94' title="bbox 482 4569 2049 4643">
     <span class='ocr_line' id='line_1_94' title="bbox 482 4569 2049 4643; baseline 0.004 -19"><span class='ocrx_word' id='word_1_708' title='bbox 482 4572 890 4641; x_wconf 85' lang='lat' dir='ltr'><strong>sophistarum,</strong></span> <span class='ocrx_word' id='word_1_709' title='bbox 933 4570 1344 4624; x_wconf 87' lang='lat' dir='ltr'><strong>innumerarum</strong></span> <span class='ocrx_word' id='word_1_710' title='bbox 1383 4569 1615 4639; x_wconf 87' lang='lat' dir='ltr'><strong>denique</strong></span> <span class='ocrx_word' id='word_1_711' title='bbox 1660 4572 1857 4625; x_wconf 91' lang='lat' dir='ltr'><strong>artium</strong></span> <span class='ocrx_word' id='word_1_712' title='bbox 1893 4578 2049 4643; x_wconf 89' lang='lat' dir='ltr'><strong>copia</strong></span> 
     </span>
    </p>
   </div>
   <div class='ocr_carea' id='block_1_95' title="bbox 2162 4576 3611 4656">
    <p class='ocr_par' dir='ltr' id='par_1_95' title="bbox 2162 4576 3611 4656">
     <span class='ocr_line' id='line_1_95' title="bbox 2162 4576 3611 4656; baseline 0.003 -23"><span class='ocrx_word' id='word_1_713' title='bbox 2162 4598 2270 4651; x_wconf 89' lang='grc' dir='ltr'><strong>ρων</strong></span> <span class='ocrx_word' id='word_1_714' title='bbox 2298 4576 2484 4643; x_wconf 75' lang='grc' dir='ltr'>οὖσαν,</span> <span class='ocrx_word' id='word_1_715' title='bbox 2516 4581 2604 4634; x_wconf 82' lang='grc' dir='ltr'><strong>διὰ</strong></span> <span class='ocrx_word' id='word_1_716' title='bbox 2628 4582 2724 4653; x_wconf 83' lang='grc' dir='ltr'><strong>τὴν</strong></span> <span class='ocrx_word' id='word_1_717' title='bbox 2763 4584 2926 4636; x_wconf 76' lang='grc' dir='ltr'>αὑτοῦ</span> <span class='ocrx_word' id='word_1_718' title='bbox 2965 4584 3175 4656; x_wconf 63' lang='grc' dir='ltr'>πλάνην</span> <span class='ocrx_word' id='word_1_719' title='bbox 3207 4585 3301 4639; x_wconf 79' lang='grc' dir='ltr'>καὶ</span> <span class='ocrx_word' id='word_1_720' title='bbox 3329 4584 3611 4638; x_wconf 78' lang='grc' dir='ltr'>ἀσέϐειαν.</span> 
     </span>
    </p>
   </div>
   <div class='ocr_carea' id='block_1_96' title="bbox 483 4666 3786 4751">
    <p class='ocr_par' dir='ltr' id='par_1_96' title="bbox 483 4666 3786 4751">
     <span class='ocr_line' id='line_1_96' title="bbox 483 4666 3786 4751; baseline 0.004 -28"><span class='ocrx_word' id='word_1_721' title='bbox 483 4668 747 4737; x_wconf 83' lang='lat' dir='ltr'><strong>suppetit,</strong></span> <span class='ocrx_word' id='word_1_722' title='bbox 794 4667 886 4737; x_wconf 88' lang='lat' dir='ltr'><strong>qui</strong></span> <span class='ocrx_word' id='word_1_723' title='bbox 932 4666 1419 4732; x_wconf 86' lang='lat' dir='ltr'><strong>sermocinatione,</strong></span> <span class='ocrx_word' id='word_1_724' title='bbox 1471 4668 1691 4733; x_wconf 89' lang='lat' dir='ltr'><strong>auditu,</strong></span> <span class='ocrx_word' id='word_1_725' title='bbox 1751 4672 2054 4729; x_wconf 86' lang='lat' dir='ltr'><strong>eruditione</strong></span> <span class='ocrx_word' id='word_1_726' title='bbox 2090 4676 2350 4745; x_wconf 57' lang='lat' dir='ltr'><strong>praeditus</strong></span> <span class='ocrx_word' id='word_1_727' title='bbox 2379 4685 2482 4740; x_wconf 85' lang='lat' dir='ltr'><strong>est,</strong></span> <span class='ocrx_word' id='word_1_728' title='bbox 2511 4677 2565 4732; x_wconf 90' lang='lat' dir='ltr'><strong>in</strong></span> <span class='ocrx_word' id='word_1_729' title='bbox 2591 4681 2943 4751; x_wconf 87' lang='lat' dir='ltr'><strong>eo,iuquam,</strong></span> <span class='ocrx_word' id='word_1_730' title='bbox 3004 4682 3222 4736; x_wconf 90' lang='lat' dir='ltr'><strong>homine</strong></span> <span class='ocrx_word' id='word_1_731' title='bbox 3261 4689 3411 4735; x_wconf 91' lang='lat' dir='ltr'><strong>tanta</strong></span> <span class='ocrx_word' id='word_1_732' title='bbox 3470 4684 3527 4735; x_wconf 90' lang='lat' dir='ltr'><strong>in</strong></span> <span class='ocrx_word' id='word_1_733' title='bbox 3593 4681 3786 4737; x_wconf 80' lang='lat' dir='ltr'><strong>insci-</strong></span> 
     </span>
    </p>
   </div>
   <div class='ocr_carea' id='block_1_97' title="bbox 484 4758 3787 4843">
    <p class='ocr_par' dir='ltr' id='par_1_97' title="bbox 484 4758 3787 4843">
     <span class='ocr_line' id='line_1_97' title="bbox 484 4758 3787 4843; baseline 0.004 -25"><span class='ocrx_word' id='word_1_734' title='bbox 484 4764 557 4818; x_wconf 89' lang='lat' dir='ltr'><strong>tia</strong></span> <span class='ocrx_word' id='word_1_735' title='bbox 609 4762 845 4815; x_wconf 88' lang='lat' dir='ltr'><strong>animam</strong></span> <span class='ocrx_word' id='word_1_736' title='bbox 880 4773 1003 4815; x_wconf 87' lang='lat' dir='ltr'><strong>esse</strong></span> <span class='ocrx_word' id='word_1_737' title='bbox 1056 4765 1349 4823; x_wconf 90' lang='lat' dir='ltr'><strong>versatam,</strong></span> <span class='ocrx_word' id='word_1_738' title='bbox 1404 4758 1648 4814; x_wconf 85' lang='lat' dir='ltr'><strong>eamdem</strong></span> <span class='ocrx_word' id='word_1_739' title='bbox 1692 4778 1819 4817; x_wconf 89' lang='lat' dir='ltr'><strong>vero</strong></span> <span class='ocrx_word' id='word_1_740' title='bbox 1853 4779 1976 4819; x_wconf 90' lang='lat' dir='ltr'><strong>mox</strong></span> <span class='ocrx_word' id='word_1_741' title='bbox 2030 4776 2088 4821; x_wconf 94' lang='lat' dir='ltr'><strong>ut</strong></span> <span class='ocrx_word' id='word_1_742' title='bbox 2129 4768 2181 4821; x_wconf 92' lang='lat' dir='ltr'><strong>in</strong></span> <span class='ocrx_word' id='word_1_743' title='bbox 2232 4782 2453 4837; x_wconf 88' lang='lat' dir='ltr'><strong>porcum</strong></span> <span class='ocrx_word' id='word_1_744' title='bbox 2508 4772 2770 4827; x_wconf 87' lang='lat' dir='ltr'><strong>translata</strong></span> <span class='ocrx_word' id='word_1_745' title='bbox 2816 4773 3002 4840; x_wconf 90' lang='lat' dir='ltr'><strong>fuerit,</strong></span> <span class='ocrx_word' id='word_1_746' title='bbox 3055 4774 3282 4843; x_wconf 86' lang='lat' dir='ltr'><strong>majoris</strong></span> <span class='ocrx_word' id='word_1_747' title='bbox 3350 4792 3472 4830; x_wconf 87' lang='lat' dir='ltr'><strong>esse</strong></span> <span class='ocrx_word' id='word_1_748' title='bbox 3510 4775 3787 4831; x_wconf 67' lang='lat' dir='ltr'><strong>scientia</strong></span> 
     </span>
    </p>
   </div>
   <div class='ocr_carea' id='block_1_98' title="bbox 484 4850 3786 4939">
    <p class='ocr_par' dir='ltr' id='par_1_98' title="bbox 484 4850 3786 4939">
     <span class='ocr_line' id='line_1_98' title="bbox 484 4850 3786 4939; baseline 0.004 -29"><span class='ocrx_word' id='word_1_749' title='bbox 484 4855 827 4927; x_wconf 89' lang='lat' dir='ltr'><strong>participem.</strong></span> <span class='ocrx_word' id='word_1_750' title='bbox 890 4852 1012 4919; x_wconf 83' lang='lat' dir='ltr'><strong>Quo</strong></span> <span class='ocrx_word' id='word_1_751' title='bbox 1045 4850 1262 4923; x_wconf 91' lang='lat' dir='ltr'><strong>quidem</strong></span> <span class='ocrx_word' id='word_1_752' title='bbox 1303 4851 1522 4910; x_wconf 89' lang='lat' dir='ltr'><strong>decreto</strong></span> <span class='ocrx_word' id='word_1_753' title='bbox 1583 4870 1739 4911; x_wconf 91' lang='lat' dir='ltr'><strong>suam</strong></span> <span class='ocrx_word' id='word_1_754' title='bbox 1810 4858 1958 4913; x_wconf 89' lang='lat' dir='ltr'><strong>illam</strong></span> <span class='ocrx_word' id='word_1_755' title='bbox 2017 4864 2260 4919; x_wconf 69' lang='lat' dir='ltr'><strong>scientiae</strong></span> <span class='ocrx_word' id='word_1_756' title='bbox 2302 4863 2703 4935; x_wconf 83' lang='lat' dir='ltr'><strong>professionem</strong></span> <span class='ocrx_word' id='word_1_757' title='bbox 2751 4882 3043 4935; x_wconf 88' lang='lat' dir='ltr'><strong>porcorum</strong></span> <span class='ocrx_word' id='word_1_758' title='bbox 3094 4872 3369 4939; x_wconf 87' lang='lat' dir='ltr'><strong>propriam</strong></span> <span class='ocrx_word' id='word_1_759' title='bbox 3416 4870 3594 4938; x_wconf 78' lang='lat' dir='ltr'><strong>magis</strong></span> <span class='ocrx_word' id='word_1_760' title='bbox 3651 4884 3786 4925; x_wconf 79' lang='lat' dir='ltr'><strong>esse</strong></span> 
     </span>
    </p>
   </div>
   <div class='ocr_carea' id='block_1_99' title="bbox 482 4943 1932 5018">
    <p class='ocr_par' dir='ltr' id='par_1_99' title="bbox 482 4943 1932 5018">
     <span class='ocr_line' id='line_1_99' title="bbox 482 4943 1932 5018; baseline 0.001 -14"><span class='ocrx_word' id='word_1_761' title='bbox 482 4948 747 5004; x_wconf 85' lang='lat' dir='ltr'><strong>declarat.</strong></span> <span class='ocrx_word' id='word_1_762' title='bbox 779 4943 989 4999; x_wconf 86' lang='lat' dir='ltr'><strong>Tantus</strong></span> <span class='ocrx_word' id='word_1_763' title='bbox 1020 4952 1106 4999; x_wconf 91' lang='lat' dir='ltr'><strong>est</strong></span> <span class='ocrx_word' id='word_1_764' title='bbox 1133 4943 1370 5000; x_wconf 89' lang='lat' dir='ltr'><strong>hominis</strong></span> <span class='ocrx_word' id='word_1_765' title='bbox 1398 4960 1552 4999; x_wconf 87' lang='lat' dir='ltr'><strong>error</strong></span> <span class='ocrx_word' id='word_1_766' title='bbox 1579 4953 1633 4999; x_wconf 85' lang='lat' dir='ltr'><strong>et</strong></span> <span class='ocrx_word' id='word_1_767' title='bbox 1663 4947 1932 5018; x_wconf 86' lang='lat' dir='ltr'><strong>impietas.</strong></span> 
     </span>
    </p>
   </div>
   <div class='ocr_carea' id='block_1_100' title="bbox 550 5038 2067 5114">
    <p class='ocr_par' dir='ltr' id='par_1_100' title="bbox 550 5038 2067 5114">
     <span class='ocr_line' id='line_1_100' title="bbox 550 5038 2067 5114; baseline 0.005 -18"><span class='ocrx_word' id='word_1_768' title='bbox 550 5042 720 5114; x_wconf 74' lang='lat'><strong>668</strong></span> <span class='ocrx_word' id='word_1_769' title='bbox 757 5038 890 5094; x_wconf 87' lang='lat' dir='ltr'><strong>LVI.</strong></span> <span class='ocrx_word' id='word_1_770' title='bbox 926 5038 1002 5093; x_wconf 83' lang='lat' dir='ltr'><strong>De</strong></span> <span class='ocrx_word' id='word_1_771' title='bbox 1026 5038 1216 5093; x_wconf 79' lang='lat' dir='ltr'><strong>Adami</strong></span> <span class='ocrx_word' id='word_1_772' title='bbox 1247 5055 1374 5095; x_wconf 88' lang='lat' dir='ltr'><strong>vero</strong></span> <span class='ocrx_word' id='word_1_773' title='bbox 1416 5040 1769 5100; x_wconf 83' lang='lat' dir='ltr'><strong>fabricatione</strong></span> <span class='ocrx_word' id='word_1_774' title='bbox 1800 5046 1940 5101; x_wconf 91' lang='lat' dir='ltr'><strong>idem</strong></span> <span class='ocrx_word' id='word_1_775' title='bbox 1976 5046 2067 5103; x_wconf 89' lang='lat' dir='ltr'><strong>ille</strong></span> 
     </span>
    </p>
   </div>
   <div class='ocr_carea' id='block_1_101' title="bbox 482 5127 2066 5201">
    <p class='ocr_par' dir='ltr' id='par_1_101' title="bbox 482 5127 2066 5201">
     <span class='ocr_line' id='line_1_101' title="bbox 482 5127 2066 5201; baseline 0.002 -14"><span class='ocrx_word' id='word_1_776' title='bbox 482 5147 607 5187; x_wconf 89' lang='lat' dir='ltr'><strong>cum</strong></span> <span class='ocrx_word' id='word_1_777' title='bbox 639 5129 906 5201; x_wconf 87' lang='lat' dir='ltr'><strong>disputat,</strong></span> <span class='ocrx_word' id='word_1_778' title='bbox 943 5127 1047 5181; x_wconf 91' lang='lat' dir='ltr'><strong>alia</strong></span> <span class='ocrx_word' id='word_1_779' title='bbox 1094 5142 1191 5197; x_wconf 88' lang='lat' dir='ltr'><strong>pro</strong></span> <span class='ocrx_word' id='word_1_780' title='bbox 1220 5128 1342 5182; x_wconf 90' lang='lat' dir='ltr'><strong>aliis</strong></span> <span class='ocrx_word' id='word_1_781' title='bbox 1371 5130 1558 5185; x_wconf 89' lang='lat' dir='ltr'><strong>eadem</strong></span> <span class='ocrx_word' id='word_1_782' title='bbox 1594 5132 1813 5187; x_wconf 84' lang='lat' dir='ltr'><strong>errandi</strong></span> <span class='ocrx_word' id='word_1_783' title='bbox 1846 5134 2066 5190; x_wconf 86' lang='lat' dir='ltr'><strong>licentia</strong></span> 
     </span>
    </p>
   </div>
   <div class='ocr_carea' id='block_1_102' title="bbox 486 5215 2070 5291">
    <p class='ocr_par' dir='ltr' id='par_1_102' title="bbox 486 5215 2070 5291">
     <span class='ocr_line' id='line_1_102' title="bbox 486 5215 2070 5291; baseline 0.003 -18"><span class='ocrx_word' id='word_1_784' title='bbox 486 5220 737 5287; x_wconf 76' lang='lat' dir='ltr'><strong>pertexit.</strong></span> <span class='ocrx_word' id='word_1_785' title='bbox 780 5215 871 5271; x_wconf 89' lang='lat' dir='ltr'><strong>Sic</strong></span> <span class='ocrx_word' id='word_1_786' title='bbox 909 5216 1055 5271; x_wconf 86' lang='lat' dir='ltr'><strong>enim</strong></span> <span class='ocrx_word' id='word_1_787' title='bbox 1098 5216 1333 5291; x_wconf 74' lang='lat' dir='ltr'><strong>asserit:</strong></span> <span class='ocrx_word' id='word_1_788' title='bbox 1366 5215 1500 5270; x_wconf 83' lang='lat' dir='ltr'><strong>Eum</strong></span> <span class='ocrx_word' id='word_1_789' title='bbox 1538 5218 1629 5289; x_wconf 82' lang='lat' dir='ltr'><strong>qui</strong></span> <span class='ocrx_word' id='word_1_790' title='bbox 1660 5220 1831 5275; x_wconf 85' lang='lat' dir='ltr'><strong>dixit:</strong></span> <span class='ocrx_word' id='word_1_791' title='bbox 1872 5220 2070 5278; x_wconf 78' lang='lat' dir='ltr'><strong>Facia-</strong></span> 
     </span>
    </p>
   </div>
   <div class='ocr_carea' id='block_1_103' title="bbox 486 5308 2069 5379">
    <p class='ocr_par' dir='ltr' id='par_1_103' title="bbox 486 5308 2069 5379">
     <span class='ocr_line' id='line_1_103' title="bbox 486 5308 2069 5379; baseline 0.004 -17"><span class='ocrx_word' id='word_1_792' title='bbox 486 5328 603 5364; x_wconf 79' lang='lat' dir='ltr'><strong>mus</strong></span> <span class='ocrx_word' id='word_1_793' title='bbox 639 5311 900 5363; x_wconf 84' lang='lat' dir='ltr'><strong>hominem</strong></span> <span class='ocrx_word' id='word_1_794' title='bbox 957 5308 1024 5361; x_wconf 81' lang='lat' dir='ltr'><strong>ad</strong></span> <span class='ocrx_word' id='word_1_795' title='bbox 1074 5308 1355 5379; x_wconf 74' lang='lat' dir='ltr'><strong>imaginem</strong></span> <span class='ocrx_word' id='word_1_796' title='bbox 1401 5319 1629 5364; x_wconf 81' lang='lat' dir='ltr'><strong>nostram</strong></span> <span class='ocrx_word' id='word_1_797' title='bbox 1675 5323 1724 5366; x_wconf 85' lang='lat' dir='ltr'><strong>et</strong></span> <span class='ocrx_word' id='word_1_798' title='bbox 1757 5314 2069 5369; x_wconf 80' lang='lat' dir='ltr'><strong>similitudi-</strong></span> 
     </span>
    </p>
   </div>
   <div class='ocr_carea' id='block_1_104' title="bbox 490 5400 2067 5474">
    <p class='ocr_par' dir='ltr' id='par_1_104' title="bbox 490 5400 2067 5474">
     <span class='ocr_line' id='line_1_104' title="bbox 490 5400 2067 5474; baseline 0.004 -19"><span class='ocrx_word' id='word_1_799' title='bbox 490 5400 959 5463; x_wconf 69' lang='lat' dir='ltr'><strong>ncm‘,addidisse</strong></span> <span class='ocrx_word' id='word_1_800' title='bbox 976 5401 1248 5466; x_wconf 90' lang='lat' dir='ltr'><strong>nonnihil,</strong></span> <span class='ocrx_word' id='word_1_801' title='bbox 1278 5401 1462 5471; x_wconf 89' lang='lat' dir='ltr'><strong>itaque</strong></span> <span class='ocrx_word' id='word_1_802' title='bbox 1486 5405 1825 5473; x_wconf 87' lang='lat' dir='ltr'><strong>concepisse,</strong></span> <span class='ocrx_word' id='word_1_803' title='bbox 1868 5405 2067 5474; x_wconf 79' lang='lat' dir='ltr'><strong>Venite,</strong></span> 
     </span>
    </p>
   </div>
   <div class='ocr_carea' id='block_1_105' title="bbox 489 5494 2068 5565">
    <p class='ocr_par' dir='ltr' id='par_1_105' title="bbox 489 5494 2068 5565">
     <span class='ocr_line' id='line_1_105' title="bbox 489 5494 2068 5565; baseline 0.005 -18"><span class='ocrx_word' id='word_1_804' title='bbox 489 5495 784 5564; x_wconf 77' lang='lat' dir='ltr'><strong>faciamus;</strong></span> <span class='ocrx_word' id='word_1_805' title='bbox 816 5494 961 5565; x_wconf 87' lang='lat' dir='ltr'><strong>quod</strong></span> <span class='ocrx_word' id='word_1_806' title='bbox 994 5495 1046 5547; x_wconf 90' lang='lat' dir='ltr'><strong>in</strong></span> <span class='ocrx_word' id='word_1_807' title='bbox 1078 5494 1360 5564; x_wconf 85' lang='lat' dir='ltr'><strong>Scriptura</strong></span> <span class='ocrx_word' id='word_1_808' title='bbox 1395 5509 1501 5551; x_wconf 91' lang='lat' dir='ltr'><strong>non</strong></span> <span class='ocrx_word' id='word_1_809' title='bbox 1544 5496 1759 5565; x_wconf 76' lang='lat' dir='ltr'><strong>legitur,</strong></span> <span class='ocrx_word' id='word_1_810' title='bbox 1800 5500 1893 5553; x_wconf 88' lang='lat' dir='ltr'><strong>sed</strong></span> <span class='ocrx_word' id='word_1_811' title='bbox 1936 5500 2068 5555; x_wconf 86' lang='lat' dir='ltr'><strong>illud</strong></span> 
     </span>
    </p>
   </div>
   <div class='ocr_carea' id='block_1_106' title="bbox 490 5563 2069 5655">
    <p class='ocr_par' dir='ltr' id='par_1_106' title="bbox 490 5580 2069 5655">
     <span class='ocr_line' id='line_1_106' title="bbox 490 5580 2069 5655; baseline 0.003 -18"><span class='ocrx_word' id='word_1_812' title='bbox 490 5584 773 5646; x_wconf 81' lang='lat' dir='ltr'><strong>duntaxat,</strong></span> <span class='ocrx_word' id='word_1_813' title='bbox 807 5580 1092 5636; x_wconf 79' lang='lat' dir='ltr'><strong>Faciamus</strong></span> <span class='ocrx_word' id='word_1_814' title='bbox 1126 5583 1383 5636; x_wconf 73' lang='lat' dir='ltr'><strong>hominem</strong></span> <span class='ocrx_word' id='word_1_815' title='bbox 1414 5582 1483 5636; x_wconf 86' lang='lat' dir='ltr'><strong>ad</strong></span> <span class='ocrx_word' id='word_1_816' title='bbox 1520 5584 1795 5655; x_wconf 70' lang='lat' dir='ltr'><strong>imaginem</strong></span> <span class='ocrx_word' id='word_1_817' title='bbox 1831 5598 2069 5642; x_wconf 81' lang='lat' dir='ltr'><strong>nostram</strong></span> 
     </span>
    </p>
   </div>
   <div class='ocr_carea' id='block_1_107' title="bbox 488 5668 2067 5742">
    <p class='ocr_par' dir='ltr' id='par_1_107' title="bbox 488 5668 2067 5742">
     <span class='ocr_line' id='line_1_107' title="bbox 488 5668 2067 5742; baseline 0.002 -15"><span class='ocrx_word' id='word_1_818' title='bbox 488 5678 541 5727; x_wconf 77' lang='lat' dir='ltr'><strong>et</strong></span> <span class='ocrx_word' id='word_1_819' title='bbox 586 5670 1010 5725; x_wconf 69' lang='lat' dir='ltr'><strong>similitudinem.</strong></span> <span class='ocrx_word' id='word_1_820' title='bbox 1056 5668 1257 5726; x_wconf 80' lang='lat' dir='ltr'><strong>Verum</strong></span> <span class='ocrx_word' id='word_1_821' title='bbox 1289 5686 1399 5726; x_wconf 91' lang='lat' dir='ltr'><strong>non</strong></span> <span class='ocrx_word' id='word_1_822' title='bbox 1434 5671 1594 5725; x_wconf 87' lang='lat' dir='ltr'><strong>modo</strong></span> <span class='ocrx_word' id='word_1_823' title='bbox 1628 5673 1943 5742; x_wconf 80' lang='lat' dir='ltr'><strong>Apostolus,</strong></span> <span class='ocrx_word' id='word_1_824' title='bbox 1976 5678 2067 5732; x_wconf 74' lang='lat' dir='ltr'><strong>sed</strong></span> 
     </span>
    </p>
   </div>
   <div class='ocr_carea' id='block_1_108' title="bbox 568 5821 945 5896">
    <p class='ocr_par' dir='ltr' id='par_1_108' title="bbox 568 5821 945 5896">
     <span class='ocr_line' id='line_1_108' title="bbox 568 5821 945 5896; baseline 0.016 -21"><span class='ocrx_word' id='word_1_825' title='bbox 568 5821 590 5875; x_wconf 81' lang='grc' dir='ltr'><strong>Ι</strong></span> <span class='ocrx_word' id='word_1_826' title='bbox 617 5825 729 5881; x_wconf 71' lang='lat' dir='ltr'><strong>Gen</strong></span> <span class='ocrx_word' id='word_1_827' title='bbox 792 5828 945 5896; x_wconf 71' lang='lat'><strong>1,26.</strong></span> 
     </span>
    </p>
   </div>
   <div class='ocr_carea' id='block_1_109' title="bbox 2238 5041 3791 5116">
    <p class='ocr_par' dir='ltr' id='par_1_109' title="bbox 2238 5041 3791 5116">
     <span class='ocr_line' id='line_1_109' title="bbox 2238 5041 3791 5116; baseline 0.001 -22"><span class='ocrx_word' id='word_1_828' title='bbox 2238 5041 2381 5108; x_wconf 64' lang='lat' dir='ltr'><strong>NCT.</strong></span> <span class='ocrx_word' id='word_1_829' title='bbox 2411 5042 2547 5111; x_wconf 76' lang='grc' dir='ltr'>Περὶ</span> <span class='ocrx_word' id='word_1_830' title='bbox 2571 5042 2626 5095; x_wconf 85' lang='grc' dir='ltr'>δὲ</span> <span class='ocrx_word' id='word_1_831' title='bbox 2667 5043 2768 5113; x_wconf 79' lang='grc' dir='ltr'>τῆς</span> <span class='ocrx_word' id='word_1_832' title='bbox 2799 5042 2894 5096; x_wconf 82' lang='grc' dir='ltr'>τοῦ</span> <span class='ocrx_word' id='word_1_833' title='bbox 2936 5044 3106 5116; x_wconf 75' lang='grc' dir='ltr'><strong>Ἀδὰμ</strong></span> <span class='ocrx_word' id='word_1_834' title='bbox 3150 5045 3399 5111; x_wconf 84' lang='grc' dir='ltr'>πλάσεως</span> <span class='ocrx_word' id='word_1_835' title='bbox 3423 5048 3452 5101; x_wconf 87' lang='lat'><strong>6</strong></span> <span class='ocrx_word' id='word_1_836' title='bbox 3490 5049 3677 5115; x_wconf 75' lang='grc' dir='ltr'>αὐτὸς</span> <span class='ocrx_word' id='word_1_837' title='bbox 3713 5054 3791 5107; x_wconf 66' lang='grc' dir='ltr'><strong>δι-</strong></span> 
     </span>
    </p>
   </div>
   <div class='ocr_carea' id='block_1_110' title="bbox 2173 5132 3785 5210">
    <p class='ocr_par' dir='ltr' id='par_1_110' title="bbox 2173 5132 3785 5210">
     <span class='ocr_line' id='line_1_110' title="bbox 2173 5132 3785 5210; baseline 0.009 -26"><span class='ocrx_word' id='word_1_838' title='bbox 2173 5132 2474 5204; x_wconf 86' lang='grc' dir='ltr'>ηγούμενος</span> <span class='ocrx_word' id='word_1_839' title='bbox 2507 5134 2669 5205; x_wconf 75' lang='grc' dir='ltr'>ἕτερα</span> <span class='ocrx_word' id='word_1_840' title='bbox 2718 5136 2833 5189; x_wconf 83' lang='grc' dir='ltr'>ἀνθ’</span> <span class='ocrx_word' id='word_1_841' title='bbox 2864 5136 3066 5207; x_wconf 83' lang='grc' dir='ltr'>ἑτέρων</span> <span class='ocrx_word' id='word_1_842' title='bbox 3108 5141 3171 5208; x_wconf 84' lang='grc' dir='ltr'>τῇ</span> <span class='ocrx_word' id='word_1_843' title='bbox 3206 5137 3377 5210; x_wconf 79' lang='grc' dir='ltr'>πλάνῃ</span> <span class='ocrx_word' id='word_1_844' title='bbox 3424 5144 3785 5209; x_wconf 72' lang='grc' dir='ltr'>συνυφαίνει.</span> 
     </span>
    </p>
   </div>
   <div class='ocr_carea' id='block_1_111' title="bbox 2173 5226 3789 5299">
    <p class='ocr_par' dir='ltr' id='par_1_111' title="bbox 2173 5226 3789 5299">
     <span class='ocr_line' id='line_1_111' title="bbox 2173 5226 3789 5299; baseline 0.008 -22"><span class='ocrx_word' id='word_1_845' title='bbox 2173 5226 2318 5288; x_wconf 87' lang='grc' dir='ltr'>Ὅτι,</span> <span class='ocrx_word' id='word_1_846' title='bbox 2355 5226 2538 5296; x_wconf 79' lang='grc' dir='ltr'>φησὶν,</span> <span class='ocrx_word' id='word_1_847' title='bbox 2576 5229 2603 5279; x_wconf 88' lang='lat'><strong>6</strong></span> <span class='ocrx_word' id='word_1_848' title='bbox 2638 5226 2828 5290; x_wconf 72' lang='grc' dir='ltr'>εἰπὼν,</span> <span class='ocrx_word' id='word_1_849' title='bbox 2876 5230 3228 5298; x_wconf 72' lang='grc' dir='ltr'>Ποιήσωμεν</span> <span class='ocrx_word' id='word_1_850' title='bbox 3281 5230 3603 5299; x_wconf 72' lang='grc' dir='ltr'>ἄνθρωπον</span> <span class='ocrx_word' id='word_1_851' title='bbox 3650 5239 3789 5290; x_wconf 76' lang='grc' dir='ltr'>κατ’</span> 
     </span>
    </p>
   </div>
   <div class='ocr_carea' id='block_1_112' title="bbox 2168 5319 3792 5395">
    <p class='ocr_par' dir='ltr' id='par_1_112' title="bbox 2168 5319 3792 5395">
     <span class='ocr_line' id='line_1_112' title="bbox 2168 5319 3792 5395; baseline 0.006 -25"><span class='ocrx_word' id='word_1_852' title='bbox 2168 5319 2376 5372; x_wconf 74' lang='grc' dir='ltr'>εἰκόνα</span> <span class='ocrx_word' id='word_1_853' title='bbox 2422 5319 2717 5388; x_wconf 74' lang='grc' dir='ltr'>ἡμετέραν</span> <span class='ocrx_word' id='word_1_854' title='bbox 2759 5322 2857 5374; x_wconf 74' lang='grc' dir='ltr'>καὶ</span> <span class='ocrx_word' id='word_1_855' title='bbox 2913 5325 3039 5377; x_wconf 76' lang='grc' dir='ltr'>καθ’</span> <span class='ocrx_word' id='word_1_856' title='bbox 3068 5324 3379 5391; x_wconf 79' lang='grc' dir='ltr'>ὁμοίωσιν,</span> <span class='ocrx_word' id='word_1_857' title='bbox 3414 5324 3508 5377; x_wconf 75' lang='grc' dir='ltr'>καὶ</span> <span class='ocrx_word' id='word_1_858' title='bbox 3542 5330 3792 5395; x_wconf 59' lang='grc' dir='ltr'>προσ-εί-</span> 
     </span>
    </p>
   </div>
   <div class='ocr_carea' id='block_1_113' title="bbox 2173 5408 3790 5489">
    <p class='ocr_par' dir='ltr' id='par_1_113' title="bbox 2173 5408 3790 5489">
     <span class='ocr_line' id='line_1_113' title="bbox 2173 5408 3790 5489; baseline 0.006 -28"><span class='ocrx_word' id='word_1_859' title='bbox 2173 5408 2298 5478; x_wconf 77' lang='grc' dir='ltr'>θησι</span> <span class='ocrx_word' id='word_1_860' title='bbox 2331 5409 2503 5477; x_wconf 89' lang='grc' dir='ltr'>λέγων</span> <span class='ocrx_word' id='word_1_861' title='bbox 2552 5412 2633 5475; x_wconf 83' lang='grc' dir='ltr'><strong>τὸ,</strong></span> <span class='ocrx_word' id='word_1_862' title='bbox 2663 5410 2858 5474; x_wconf 83' lang='grc' dir='ltr'>Δεῦτε,</span> <span class='ocrx_word' id='word_1_863' title='bbox 2894 5412 3257 5481; x_wconf 75' lang='grc' dir='ltr'>ποιήσωμεν,</span> <span class='ocrx_word' id='word_1_864' title='bbox 3300 5414 3438 5483; x_wconf 80' lang='grc' dir='ltr'>ὅπερ</span> <span class='ocrx_word' id='word_1_865' title='bbox 3458 5413 3521 5465; x_wconf 78' lang='grc' dir='ltr'><strong>ού</strong></span> <span class='ocrx_word' id='word_1_866' title='bbox 3558 5416 3790 5489; x_wconf 73' lang='grc' dir='ltr'>γέγραο</span> 
     </span>
    </p>
   </div>
   <div class='ocr_carea' id='block_1_114' title="bbox 2172 5502 3789 5578">
    <p class='ocr_par' dir='ltr' id='par_1_114' title="bbox 2172 5502 3789 5578">
     <span class='ocr_line' id='line_1_114' title="bbox 2172 5502 3789 5578; baseline 0.007 -25"><span class='ocrx_word' id='word_1_867' title='bbox 2172 5518 2323 5567; x_wconf 88' lang='grc' dir='ltr'>πται,</span> <span class='ocrx_word' id='word_1_868' title='bbox 2347 5502 2481 5555; x_wconf 84' lang='grc' dir='ltr'><strong>ἀλλά</strong></span> <span class='ocrx_word' id='word_1_869' title='bbox 2511 5504 2867 5575; x_wconf 79' lang='grc' dir='ltr'>Ποιήσωμεν</span> <span class='ocrx_word' id='word_1_870' title='bbox 2891 5508 3207 5574; x_wconf 73' lang='grc' dir='ltr'>ἁνθρωπον</span> <span class='ocrx_word' id='word_1_871' title='bbox 3236 5508 3363 5559; x_wconf 82' lang='grc' dir='ltr'>κατ’</span> <span class='ocrx_word' id='word_1_872' title='bbox 3381 5507 3598 5560; x_wconf 71' lang='grc' dir='ltr'>εἰκόνα</span> <span class='ocrx_word' id='word_1_873' title='bbox 3627 5509 3789 5578; x_wconf 48' lang='lat' dir='ltr'><strong>iure.</strong></span> 
     </span>
    </p>
   </div>
   <div class='ocr_carea' id='block_1_115' title="bbox 2170 5592 3793 5672">
    <p class='ocr_par' dir='ltr' id='par_1_115' title="bbox 2170 5592 3793 5672">
     <span class='ocr_line' id='line_1_115' title="bbox 2170 5592 3793 5672; baseline 0.005 -24"><span class='ocrx_word' id='word_1_874' title='bbox 2170 5592 2350 5660; x_wconf 79' lang='grc' dir='ltr'>τέρίιν</span> <span class='ocrx_word' id='word_1_875' title='bbox 2366 5596 2460 5648; x_wconf 79' lang='grc' dir='ltr'><strong>καί</strong></span> <span class='ocrx_word' id='word_1_876' title='bbox 2484 5598 2611 5650; x_wconf 80' lang='grc' dir='ltr'>καθ’</span> <span class='ocrx_word' id='word_1_877' title='bbox 2646 5600 2947 5668; x_wconf 79' lang='grc' dir='ltr'>ὁμοίωσιν.</span> <span class='ocrx_word' id='word_1_878' title='bbox 2988 5600 3231 5670; x_wconf 84' lang='grc' dir='ltr'>Ἐλέγχει</span> <span class='ocrx_word' id='word_1_879' title='bbox 3252 5600 3308 5653; x_wconf 79' lang='grc' dir='ltr'>δὲ</span> <span class='ocrx_word' id='word_1_880' title='bbox 3340 5599 3532 5652; x_wconf 73' lang='grc' dir='ltr'>τοῦτον</span> <span class='ocrx_word' id='word_1_881' title='bbox 3562 5602 3592 5653; x_wconf 90' lang='lat'><strong>6</strong></span> <span class='ocrx_word' id='word_1_882' title='bbox 3622 5602 3793 5672; x_wconf 72' lang='grc' dir='ltr'>ἅγιος</span> 
     </span>
    </p>
   </div>
   <div class='ocr_carea' id='block_1_116' title="bbox 2191 5680 3792 5767">
    <p class='ocr_par' dir='ltr' id='par_1_116' title="bbox 2191 5680 3792 5767">
     <span class='ocr_line' id='line_1_116' title="bbox 2191 5680 3792 5767; baseline 0.009 -30"><span class='ocrx_word' id='word_1_883' title='bbox 2191 5680 2511 5753; x_wconf 78' lang='grc' dir='ltr'>’Δπόστολος</span> <span class='ocrx_word' id='word_1_884' title='bbox 2563 5689 2758 5759; x_wconf 81' lang='grc' dir='ltr'>λέγων,</span> <span class='ocrx_word' id='word_1_885' title='bbox 2796 5693 2889 5746; x_wconf 65' lang='grc' dir='ltr'><strong>καλ⁵</strong></span> <span class='ocrx_word' id='word_1_886' title='bbox 2923 5693 3086 5757; x_wconf 77' lang='grc' dir='ltr'>αὐτὸς</span> <span class='ocrx_word' id='word_1_887' title='bbox 3109 5695 3137 5747; x_wconf 90' lang='lat'><strong>6</strong></span> <span class='ocrx_word' id='word_1_888' title='bbox 3180 5691 3385 5763; x_wconf 84' lang='grc' dir='ltr'>Κύριος</span> <span class='ocrx_word' id='word_1_889' title='bbox 3402 5694 3461 5747; x_wconf 83' lang='grc' dir='ltr'>ὲν</span> <span class='ocrx_word' id='word_1_890' title='bbox 3486 5693 3574 5764; x_wconf 83' lang='grc' dir='ltr'><strong>τῷ</strong></span> <span class='ocrx_word' id='word_1_891' title='bbox 3597 5696 3792 5767; x_wconf 76' lang='grc' dir='ltr'>Εὐαγ-</span> 
     </span>
    </p>
   </div>
  </div>
