3850 6204
101 261 192 318 H3

747 257 1116 316 ADVERSUS
1154 260 1494 318 HERESES
1532 261 1659 318 LIB.
1706 262 1768 318 ll.
1811 263 1979 322 TOM.
2022 264 2161 322 ll.-—-—
2197 266 2472 322 ΠλαεῆΕῆ
2517 265 2704 321 LXVI.

3241 260 3341 320 116

96 371 268 444 γιλίῳ,
289 371 382 426 ὅτε
423 370 474 424 οί
507 371 791 442 Φαρισαῖοι
823 371 960 442 πρὸς
1001 371 1166 426 αὑτὸν
1195 371 1426 444 ἔφησαν,
1446 374 1532 427 ὅτι
1583 375 1664 429 Οὐ

1795 389 1823 434 ⁵ι
1849 378 2111 434 Dominus
2157 381 2273 451 ipse
2302 379 2357 434 in
2386 379 2676 449 Evangelia
2707 378 2858 432 illum
2909 377 3201 448 redarguit.
3235 376 3339 445 Qui

97 461 276 518 καλὸν
301 457 457 518 εἶναι
487 461 594 516 τὸν
619 462 936 531 ἄνθρωπον
967 464 1332 533 μονώτατον,
1356 465 1472 528 καὶ,
1495 469 1666 521 Μωῦ-

96 553 208 622 σῆς
229 550 365 608 εἷπε
393 552 626 607 διδόναι
643 554 889 629 βιϐλίον
919 554 1322 622 ἀποστασίου,
1349 553 1670 610 ἐκϐάλλειν

93 644 200 714 τὴν
243 646 517 714 γυναῖκα·
552 646 647 698 καὶ
678 647 706 698 6
743 644 947 716 Κύριος
991 645 1126 716 πρὸς
1161 647 1286 708 τοὺς
1339 643 1670 715 Φαρισαίους

93 738 175 790 τὸν
217 737 448 807 ἔλεγχον,
486 737 780 806 ἐπιφέρων,
833 736 1006 804 ἔλεγεο
1051 735 1313 803 Μωῢσῆς
1363 733 1514 788 κατὰ
1558 733 1672 802 τὴν

93 827 575 896 σκληροκαρδίαν
601 826 766 896 ὑμῶν
813 826 1096 896 ἔγραψεν·
1142 824 1424 894 ἀπαρχῆς
1481 823 1550 878 δὲ
1597 828 1672 878 οὑ

90 918 331 989 γέγονεν
380 920 586 985 οὕτως.
631 919 786 973 Ἀλλ’
815 921 847 971 ὀ
877 917 1141 985 ποιήσας
1156 918 1346 986 ἄρσεν
1374 917 1480 970 παὶ
1511 915 1671 985 θῆλυ

89 1009 354 1076 ἐποίησε.
389 1008 499 1062 Καὶ
530 1004 718 1061 εἶπεν·
739 1007 898 1062 Ἀντί
937 1008 1155 1060 τούτου
1188 1007 1542 1075 καταλείψει
1568 1005 1673 1058 ἇν-

91 1102 322 1164 θρωπος
348 1097 455 1150 τὸν
479 1095 701 1163 πατέρα
723 1095 906 1150 αὑτοῦ
939 1095 1037 1149 καί
1064 1095 1181 1162 τὴν
1203 1093 1430 1164 μητέρα
1461 1092 1671 1160 αὑτοῦ,

91 1187 186 1242 καὶ
215 1189 663 1255 κολληθήσεται
688 1187 763 1255 τῇ
788 1187 1023 1257 γυναικὶ
1059 1185 1267 1250 αὐτοῦ,
1299 1185 1396 1239 καὶ
1429 1188 1675 1240 ἔσονται

88 1283 140 1333 οι
165 1279 275 1333 δύο
299 1281 389 1344 είς
413 1278 610 1346 σάρκα
625 1279 790 1348 μίαν.
830 1279 938 1331 Καὶ
967 1277 1130 1340 εὐθὺς
1164 1275 1438 1349 ἐπιφέρει,
1478 1276 1672 1343 λέγων·

93 1371 160 1422 Ei
185 1363 306 1422 οὖν
346 1370 379 1420 ὀ
412 1366 557 1432 Θεὸς
591 1365 972 1429 συνέζευξεν,
1007 1366 1317 1433 ἅνθρωπος
1339 1363 1425 1432 μὴ
1458 1363 1680 1433 χωριζέ-

90 1477 183 1512 τω·
210 1458 492 1528 ὁμολογῶν
526 1458 680 1524 Θεὸν,
709 1459 954 1511 τουτέστι
975 1459 1068 1510 τὸν
1096 1456 1226 1510 ἴδιον
1247 1455 1412 1508 αὑτοῦ
1437 1455 1674 1525 Πατέρα,

88 1550 178 1602 τὸν
224 1548 398 1617 Ἀδὰμ
426 1548 781 1620 πεποιηκέναι
813 1549 908 1602 καὶ
947 1546 1044 1618 τὴν
1069 1545 1235 1612 Εὕαν,
1266 1547 1361 1600 καὶ
1387 1547 1478 1600 τὸν
1503 1547 1678 1617 γάμον

87 1641 178 1692 τὸν
208 1639 412 1708 σεμνὸν
448 1639 505 1704 ἐξ
527 1637 690 1692 αὑτοῦ
716 1637 1020 1691 κεκτίσθαι.
1056 1638 1135 1708 Τῇ
1169 1637 1225 1690 δὲ
1263 1636 1428 1690 αὑτοῦ
1461 1637 1679 1690 ἀκολου-

1769 486 1894 526 cum
1960 470 2218 527 Pharisaei
2269 473 2342 526 ita
2413 473 2812 542 loquerentur:
2856 466 2978 522 Non
3026 479 3101 522 est
3152 469 3344 522 bonum

1769 560 2029 620 hominem
2054 577 2166 616 esse
2196 563 2447 628 solum’;
2479 570 2556 624 et,
2597 558 2811 630 Moyses
2835 559 3000 628 jussit
3031 558 3159 612 dare
3183 557 3349 613 libet-

1773 651 1882 705 lum
1933 652 2161 721 repudii,
2203 664 2251 707 et
2293 653 2482 722 ejicere
2521 667 2741 705 uxorem
2775 692 2788 714 ,
2823 651 2904 706 sic
2943 649 3077 703 istos
3103 650 3301 705 refellit
3329 668 3349 704 τ

1772 742 1982 811 Moyses
2014 744 2084 797 ad
2122 744 2372 798 duritiem
2413 743 2589 797 cordis
2631 744 2788 797 vestri
2815 743 3058 810 scripsit;
3101 740 3165 793 ab
3194 741 3346 793 initio

1773 844 1948 888 autem
1989 852 2091 888 nou
2121 835 2226 903 [uit
2253 837 2353 888 sic.
2387 833 2490 889 Sed
2531 835 2622 898 qui
2652 833 2797 902 fecit,
2849 831 3144 885 masculum
3175 839 3222 884 et
3268 829 3347 895 {ea

1772 929 1971 982 minam
2001 929 2143 996 fecit.
2173 927 2240 980 Et
2267 927 2404 980 dixit
2432 943 2450 981 :
2496 920 2722 998 Propter
2753 927 2850 979 hoc
2894 924 3148 989 relinquet
3195 921 3349 974 homo

1772 1030 1975 1088 patrem
2000 1030 2050 1074 et
2085 1030 2304 1074 matrem
2326 1036 2502 1079 suam.
2547 1029 2595 1072 et
2626 1018 2914 1073 adhaerebit
2958 1015 3113 1069 uxori
3139 1029 3270 1074 sum,
3299 1022 3350 1065 et

1771 1119 1926 1162 erunt
1967 1108 2072 1162 duo
2108 1109 2161 1161 iu
2194 1124 2406 1162 carnem
2454 1124 2614 1160 uuam
2644 1109 2684 1158 ³.
2726 1106 2936 1171 Quibus
2971 1103 3131 1158 dictis
3164 1101 3348 1155 statim

1777 1200 1937 1255 infert
1974 1215 1988 1253 :
2021 1199 2081 1254 Si
2108 1202 2270 1270 igitur
2298 1200 2440 1254 Deus
2473 1198 2770 1267 conjunxit,
2802 1201 2955 1252 homo
2992 1213 3094 1250 non
3123 1202 3379 1262 separet.»-

1776 1289 1836 1340 ln
1872 1302 1980 1356 quo
2006 1288 2195 1350 Deum,
2233 1287 2336 1352 hoc
2365 1294 2447 1340 est
2475 1285 2686 1339 Patrem
2715 1301 2895 1346 suum,
2933 1282 3122 1336 Adami
3150 1291 3204 1335 et
3232 1282 3355 1334 Eva:

1777 1377 2117 1434 conditorem
2180 1376 2370 1439 fuisse,
2411 1387 2572 1446 alque
2629 1375 2980 1430 honestarum
3041 1372 3353 1440 nuptiarum

1778 1476 2053 1523 auctorem
2086 1482 2206 1522 esse
2245 1465 2560 1521 conﬁtetur.
2620 1464 2758 1520 lluic
2804 1475 3231 1519 consentaneum
3271 1470 3357 1515 est

1779 1561 1926 1630 quod
1957 1560 2206 1618 veritatis
2235 1575 2413 1630 przeco
2443 1567 2672 1614 testatur
2690 1557 3016 1628 Apostolus:
3042 1553 3355 1625 Mysterium

1780 1651 1875 1705 hoc
1917 1667 2162 1720 ntagnum
2193 1660 2291 1704 est.
2340 1649 2449 1719 Ego
2489 1660 2662 1703 autem
2687 1651 2807 1702 dico
2855 1649 2908 1702 in
2947 1646 3160 1702 Christo
3207 1657 3256 1700 et
3302 1647 3356 1698 iu

89 1727 178 1796 θῐᾳ
205 1724 304 1777 καὶ
354 1727 383 1778 6
425 1723 577 1793 ἅγιος
623 1725 943 1789 ’Δπόστολος
981 1724 1158 1797 κῆρυξ
1190 1724 1264 1780 ὣν
1293 1727 1392 1797 τῆς
1422 1723 1679 1795 ἀληθείας

1795 1717 2021 1796 Ecclesid
2040 1741 2082 1805 ⁸,
2118 1751 2178 1796 ut
2206 1741 2271 1795 ad
2312 1717 2502 1796 Adami
2532 1750 2694 1810 atque
2728 1740 2871 1803 Evaa,
2899 1740 2991 1808 qui
3026 1754 3055 1791 a
3086 1737 3194 1792 Deo
3227 1751 3355 1807 pro-

90 1814 260 1880 λέγει’
304 1812 378 1865 Τὸ
426 1812 763 1882 μυστήριον
791 1813 967 1869 τοῦτο
990 1813 1144 1884 μέγα
1183 1815 1375 1868 ἐστίν.
1419 1813 1562 1884 Ἐγὼ
1613 1814 1680 1867 δὲ

91 1906 246 1976 λέγω
286 1906 376 1970 είς
433 1905 690 1972 Χριστὸν
715 1905 814 1959 καὶ
865 1904 980 1973 τὴν
1013 1905 1404 1972 Ἐκκλησίαν·
1438 1905 1528 1959 ἵνα.
1574 1904 1682 1958 ἀπὸ

90 1996 184 2050 τοῦ
229 1994 579 2067 ὁμοιώματος
627 1995 720 2048 τοῦ
783 1995 889 2048 ὑπὸ
949 1993 1042 2050 τοῦ
1097 1995 1233 2048 Θεοῦ
1299 1995 1680 2066 κεκτισμένου,

102 2090 281 2160 Ἀδάμ
310 2106 372 2142 τε
395 2090 487 2142 καὶ
518 2089 616 2160 τῆς
641 2087 806 2152 Εὖαςο
843 2089 926 2142 ὄτι
950 2091 978 2142 6
1011 2088 1143 2152 Θεὸς
1175 2088 1377 2153 ἔκτισε,
1412 2089 1506 2140 καὶ
1533 2084 1684 2142 εἶπεν

92 2184 118 2234 ὁ
159 2182 361 2251 Ἀδάμο
421 2180 608 2234 Τοῦτο
651 2180 876 2234 ὀστοῦν
902 2179 970 2233 ἐκ
1011 2179 1130 2233 τῶν
1166 2179 1363 2234 ὀστῶν
1387 2197 1528 2250 μου,
1587 2179 1685 2234 καὶ

93 2270 253 2338 σὰρξ
274 2271 347 2323 ἐκ
398 2268 519 2322 τῶν
547 2267 790 2337 σαρκῶν
815 2286 954 2339 μου·
981 2269 1096 2332 καὶ,
1141 2269 1296 2323 Ἀντί
1344 2269 1558 2322 τούτου
1581 2284 1685 2321 κα-

94 2364 374 2430 ταλείψει
427 2361 752 2430 ἅνθρωπος·
805 2362 900 2415 καὶ
952 2362 1032 2416 ὅτι
1080 2360 1496 2431 ’ῼκοδόμησεν
1527 2359 1688 2426 αὐτῷ

96 2455 215 2522 τὴν
247 2453 522 2522 πλευρὰν
545 2455 632 2515 είς
662 2453 939 2524 γυναῖκα,
975 2452 1070 2507 καὶ
1096 2452 1280 2504 οὐκέτι
1312 2453 1498 2524 ἕτερον
1540 2451 1688 2523 αὑτῷ

97 2545 323 2613 φάσκει,
351 2542 485 2596 ἀλλὰ
519 2543 816 2614 μυστήριον
851 2542 1013 2612 μέγα.
1037 2541 1149 2595 Καὶ
1186 2542 1234 2594 εί
1271 2541 1368 2610 μὲν
1407 2542 1465 2592 ἐν
1489 2537 1690 2612 ἀνθρώ-

98 2653 181 2706 mp
215 2637 314 2688 καὶ
356 2637 578 2704 γυναικὶ
604 2633 702 2705 τὴν
733 2633 950 2697 πλάσιν,
981 2631 1124 2687 κατὰ
1163 2631 1220 2684 δὲ
1270 2633 1370 2705 τὴν
1401 2632 1690 2704 ἀναγωγὴν

91 2728 163 2780 δι’
193 2725 530 2799 ἀλληγορίας
561 2725 807 2796 φέρεται.

171 2819 302 2883 Πῶς
337 2815 432 2872 οὗν
464 2818 622 2882 αὐτὸς
654 2817 920 2889 βδελυκτὰ
943 2818 1163 2890 ἡγεῖται
1195 2819 1290 2872 καὶ
1322 2817 1576 2890 ἀλλότρια
1595 2819 1694 2890 τῆς

97 2913 194 2966 τοῦ
230 2909 372 2964 Θεοῦ
404 2909 684 2982 ἀληθείας,
736 2911 830 2963 καὶ
880 2909 985 2963 ὑπὸ
1017 2910 1279 2981 ἄρχοντος
1317 2909 1385 2963 τὰ
1414 2909 1520 2963 ὑπὸ
1558 2909 1692 2966 Θεοῦ

1781 1836 1950 1890 creati
1997 1842 2153 1900 sunt,
2223 1834 2637 1889 similitudinem
2692 1834 2978 1902 pertineat.
3029 1831 3163 1884 Cum
3211 1831 3356 1884 enim
3441 1865 3444 1870 -

1783 1925 1924 1980 Deus
1961 1926 2081 1980 illos
2112 1924 2472 1985 condidisset.
2505 1924 2746 1978 Adamus
2778 1923 2948 1976 dixit:
2983 1922 3098 1975 Hoc
3131 1935 3268 1974 nunc
3301 1935 3358 1975 os

1780 2034 1846 2072 ex
1874 2018 2076 2072 ossibus
2108 2019 2257 2082 meis,
2289 2028 2339 2072 et
2372 2034 2500 2072 caro
2531 2015 2595 2071 de
2634 2033 2792 2071 carne
2821 2032 2956 2070 mea.
3007 2014 3228 2082 Propter
3265 2013 3358 2066 hoc

1787 2109 2038 2179 relinquet
2075 2108 2229 2165 homo
2254 2109 2300 2174 ³,
2335 2119 2439 2163 etc.
2473 2094 2758 2178 Siquidem
2781 2107 3060 2175 wdiﬁcavit
3083 2107 3130 2158 ei
3159 2114 3359 2158 costam

1784 2201 1838 2254 iu
1869 2200 2140 2255 mulierem
2176 2195 2217 2264 ⁸,
2262 2217 2363 2255 nec
2397 2201 2672 2256 diversum
2713 2198 2969 2269 quiddam
3009 2212 3132 2253 esse
3177 2204 3362 2250 censet

1786 2289 2101 2359 Apostolus,
2143 2289 2237 2346 sed
2268 2290 2585 2361 mysterium
2613 2305 2870 2360 magnum
2903 2288 3169 2342 nominat.
3205 2285 3360 2352 Quod

1789 2380 1963 2451 primo
1990 2380 2206 2451 quidem
2230 2381 2296 2436 ad
2325 2382 2426 2438 viri
2459 2391 2512 2437 et
2537 2380 2783 2436 mulieris
2817 2379 3250 2448 procreationem
3279 2394 3361 2432 reo

1789 2472 1926 2541 fert;
1981 2472 2178 2528 deinde
2223 2473 2415 2528 altiore
2460 2473 2697 2544 quodam
2731 2486 2796 2528 ac
2829 2471 3150 2528 sublimiore
3195 2485 3364 2526 sensu

1790 2577 1888 2634 per
1911 2562 2230 2633 allegoriam
2260 2562 2542 2619 transfert.

1861 2821 2109 2900 Quanam
2140 2825 2305 2896 igitur
2347 2824 2528 2882 fronte
2562 2823 2897 2882 Manichaus
2937 2821 3122 2878 eadem
3157 2821 3248 2876 illa
3275 2822 3370 2876 de-

1795 2916 2039 2974 testanda
2059 2923 2116 2972 .ct
2138 2931 2170 2969 a
2191 2915 2287 2971 Dei
2318 2918 2545 2978 veritate
2584 2915 2758 2972 aliena
2793 2913 3133 2984 pronuntiat,
3165 2919 3219 2966 et
3246 2929 3366 2982 qua:

96 3000 392 3055 κεκτίσθαι
435 2999 792 3071 βλασφημῶν,
830 2999 923 3054 καὶ
959 3000 1291 3073 παραφέρων
1323 3000 1421 3072 τὴν
1454 2999 1680 3054 διάνοιαν.

1796 3025 1826 3062 a
1857 3007 1969 3064 Deo
2006 3007 2222 3066 condita
2273 3015 2422 3072 sunt,
2464 3008 2652 3064 nescio
2699 3007 2786 3062 cui
2816 3005 3050 3080 principi
3088 3019 3196 3060 non
3251 3006 3370 3060 sine

94 3093 211 3146 ἀπὸ
245 3092 346 3161 τῆς
377 3059 670 3160 trinoctiali}
721 3059 856 3144 Εἶτά
893 3059 1075 3162 φησιν·
1121 3059 1486 3163 ”έπειδὴ’ἀπ”
1519 3090 1680 3162 ἀρχῆς

1797 3115 2010 3157 summa
2039 3097 2093 3153 in
2121 3097 2288 3155 Deum
2326 3099 2654 3155 contumelia
2687 3059 2910 3160 tribu‘it,
2949 3059 3114 3167 atque
3146 3096 3216 3150 ab
3241 3097 3357 3165 ipsa

96 3189 130 3255 ἡ
156 3185 310 3256 ψυχὴ
341 3182 762 3238 ἀποσπασθεῖσα
795 3183 1002 3237 ἄνωθεν
1030 3181 1206 3252 θλίψιν
1245 3181 1467 3252 ἐμποιεῖ
1490 3185 1556 3254 τῇ
1585 3181 1696 3235 ἄνω

96 3277 360 3348 δυνάμει,
397 3276 487 3329 διὰ
533 3274 693 3328 τοῦτο
739 3273 994 3340 καθάπαξ
1028 3272 1367 3339 ἀποστέλλει,
1419 3273 1513 3327 καὶ
1560 3271 1699 3343 συλᾷ

93 3369 209 3420 ἀπὸ
234 3367 350 3420 τῶν
373 3366 650 3437 ἀρχόντων
679 3365 740 3418 τὸ
769 3364 1018 3434 λείψανον
1040 3364 1101 3417 τὸ
1133 3362 1351 3423 ἑαυτοῦ,
1396 3364 1531 3435 ὅπερ
1551 3364 1698 3417 ἐστὶν

97 3459 130 3528 ἡ
162 3456 344 3527 ψυχὴ,
396 3456 486 3509 διὰ
514 3455 742 3508 τουτωνὶ
769 3455 878 3508 τῶν
909 3455 1234 3526 φωστήρων.
1262 3453 1512 3522 Μεγάλαι
1543 3451 1698 3525 ἡμῶν

95 3552 154 3604 αξ
193 3548 439 3612 ἐλπίδες,
475 3548 569 3600 καὶ
613 3546 819 3618 μεγάλη
865 3545 1084 3616 ἡμῶνὴ
1127 3544 1446 3615 καραδοκία,
1483 3544 1567 3597 ὃτι
1597 3543 1698 3596 οὐκ

97 3641 289 3711 ἰσχύει
325 3638 512 3701 ὁΘεὸς
543 3640 572 3691 6
609 3637 832 3704 ἀγαθὸς,
868 3636 961 3690 καὶ
992 3634 1124 3699 ζῶν,
1145 3635 1238 3688 καὶ
1266 3633 1490 3698 δυνατὸς
1505 3633 1698 3698 σῶσαι,

91 3735 156 3787 οὐ
187 3734 343 3802 λέγω
383 3731 479 3802 τὴν
510 3729 701 3784 ἑαυτοῦ
745 3729 976 3798 δύναμιν
1000 3726 1096 3798 τὴν
1128 3725 1186 3793 ἐξ
1213 3726 1378 3781 αὑτοῦ
1423 3727 1701 3798 ἐσπασμέ-

93 3843 222 3898 νην,
263 3823 406 3878 ἀλλὰ
428 3822 497 3875 τὰ
523 3822 614 3874 ὑπ’
669 3819 832 3874 αὑτοῦ
866 3818 1210 3890 γεγενημένα
1249 3818 1343 3872 καὶ
1389 3817 1702 3889 πεπλασμέ-

91 3934 184 3978 να,
222 3915 326 3968 ἐὰν
373 3912 449 3985 μὴ
475 3913 540 3966 δι’
567 3911 728 3966 ἄλλου
757 3911 902 3975 τινὸς
929 3911 1154 3982 τρόπου,
1181 3910 1274 3963 καὶ
1291 3909 1544 3984 λῃστείας
1571 3927 1702 3981 κρυ-

92 4008 174 4076 φῆ
211 4006 466 4077 συλήσας
510 4004 608 4076 τὴν
657 4003 752 4057 ἀπ’
782 4001 944 4056 αὐτοῦ
1004 4000 1438 4072 ἀπεσπασμένην
1475 4001 1702 4072 δύναμιν

92 4101 207 4153 ἀπὸ
249 4099 370 4152 τῶν
414 4095 779 4168 ἐπουρανίων,
818 4094 1203 4168 ὼςὸάγύρτης
1239 4087 1394 4158 οὗτος
1419 4093 1588 4164 λέγει,
1638 4095 1699 4148 οὐ

90 4192 337 4245 δύναται
369 4191 521 4260 ἡμᾶς
555 4187 751 4242 σῶσαι.

1796 3192 2025 3247 veritate
2056 3198 2400 3246 transversos
2433 3191 2649 3246 animos
2677 3189 2932 3248 abducit?
2971 3188 3114 3254 Quin
3153 3197 3207 3244 et
3240 3189 3370 3244 illud

1797 3284 2019 3339 auexit:
2052 3282 2505 3353 Quandoquidem
2547 3281 2738 3340 avulsa
2767 3280 2837 3335 ab
2877 3280 3033 3336 initio
3066 3279 3248 3336 anima
3281 3297 3375 3336 su-

1798 3373 1997 3444 periori
2030 3374 2216 3427 virtuti
2252 3373 2556 3428 molestiam
2586 3383 2750 3441 atque
2777 3371 3156 3442 aegritudinem
3192 3371 3370 3430 aﬁ'ert.

1800 3473 2086 3536 propterea
2115 3479 2211 3534 per
2235 3463 2553 3519 emissarios
2577 3463 2864 3534 quosdam,
2903 3462 3154 3518 videlicet
3202 3462 3374 3517 solem

1804 3565 1858 3612 et
1911 3559 2130 3621 lunam,
2181 3572 2311 3612 suas
2350 3571 2380 3611 a
2430 3555 2766 3626 principibus
2809 3555 3088 3625 reliquias,
3137 3554 3242 3608 hoc
3293 3563 3378 3609 est

1806 3647 2063 3709 animam,
2103 3654 2409 3716 extorquet.
2449 3645 2703 3716 Egregias
2737 3659 2866 3700 vero
2890 3661 3016 3715 spes
3042 3652 3281 3707 nostras,
3313 3657 3378 3697 ac

1808 3737 2152 3808 magniﬁcam
2185 3737 2457 3804 ﬁduciam,
2502 3740 2722 3808 quando
2759 3738 2938 3794 bonus
2977 3737 3067 3792 ille
3099 3735 3272 3801 Deus,
3323 3743 3380 3790 et

1805 3827 1982 3888 vivus.
2024 3836 2079 3883 et
2126 3837 2434 3899 praepotens
2465 3828 2600 3884 satis
2639 3829 2832 3883 virium
2881 3843 2989 3883 non
3036 3826 3216 3888 habet,
3269 3839 3379 3879 non

1807 3918 1929 3974 dico
1971 3919 2037 3974 ad
2075 3937 2195 3976 eam
2227 3923 2479 3978 virtutem
2521 3922 2970 3992 recuperandam,
2999 3935 3120 3991 qua:
3157 3917 3384 3990 a.669

1808 4011 1988 4082 seipse
2009 4012 2272 4069 distracta
2305 4012 2410 4078 sit,
2440 4013 2532 4068 sed
2559 4012 2624 4067 ad
2648 4027 2710 4067 ea
2738 4011 3023 4078 servanda,
3050 4026 3170 4081 qius
3194 4011 3381 4081 genuit

1809 4115 1872 4155 ac
1901 4101 2074 4166 tinxit,
2107 4103 2210 4157 nisi
2243 4103 2347 4156 alia
2381 4103 2615 4173 quadam
2643 4103 2855 4158 ratione
2883 4118 2947 4158 ac
2976 4104 3123 4157 velut
3159 4101 3380 4155 latroci-

1807 4193 1900 4247 nio
1944 4195 2255 4259 teutaverit,
2303 4203 2361 4250 ut
2390 4196 2492 4252 nisi
2525 4196 2796 4252 sevulsam
2834 4195 2980 4252 illam
3011 4194 3230 4248 virtutis
3268 4206 3382 4245 sua:

90 4285 446 4354 particulam
483 4281 792 4336 clanculum
851 4294 880 4334 a
944 4278 1260 4335 coelestibus
1291 4279 1400 4336 illis
1461 4277 1658 4334 incolis
1717 4281 1944 4355 eripiat,
1983 4286 2439 4356 quemadmodum
2482 4287 2750 4358 impostor
2783 4286 2872 4344 ille
2917 4293 3186 4356 nugatur,
3230 4283 3384 4338 nullo

92 4375 278 4428 modo
320 4387 548 4428 servare
577 4386 678 4426 nos
708 4369 903 4440 possit.

168 4469 317 4524 NZ'.
351 4467 471 4520 Καὶ
495 4465 547 4518 τί
577 4464 658 4518 ἐτι
697 4435 1097 4536 κατατρίὸομαι
1130 4465 1275 4518 κατὰ
1309 4462 1456 4530 λέξίν
1486 4463 1587 4536 τῆς
1609 4465 1676 4518 αὐ

1882 4466 2042 4523 LVII.
2083 4465 2407 4538 Quanquam
2433 4467 2563 4538 quid
2597 4467 2651 4522 in
2680 4465 3070 4537 percensendis
3111 4435 3266 4522 illius
3287 4469 3384 4524 de-

87 4559 187 4612 τοῦ
222 4559 477 4620 ἀτοπίας
530 4555 1084 4629 χρονοτριῶύμενος;
1129 4557 1218 4622 Ὠς
1253 4556 1347 4611 καὶ
1375 4555 1708 4627 βλασφημῶν

85 4653 196 4706 οὐκ
235 4648 576 4720 αἰσχύνεται
603 4649 632 4702 6
660 4646 825 4712 τάλας
862 4647 954 4701 τὸν
982 4647 1291 4719 λαλήσαντα
1341 4648 1400 4700 ἐν
1431 4645 1510 4718 τῷ
1559 4647 1708 4718 νόμῳ

86 4747 186 4798 καὶ
227 4746 298 4796 ἐν
333 4743 450 4804 τοῖς
481 4741 788 4812 προφήταις
834 4737 1070 4811 ἄρχοντα
1112 4738 1293 4808 λέγειν
1337 4738 1432 4793 τοῦ
1463 4738 1706 4803 σκότους.

88 4835 412 4906 Μακάριαι
445 4831 603 4902 ἡμῶν
633 4832 689 4884 αί
738 4831 974 4895 ἐλπίδες,
1007 4831 1088 4884 ὅτι
1120 4829 1454 4903 ἄρχοντιτοῦ
1484 4831 1707 4894 σκότους

85 4933 117 4983 6
148 4926 419 4999 Χριστὸς
467 4922 640 4976 ἐλθὼν
691 4924 1021 4995 προσφέρειν
1060 4922 1357 4993 ἠνάγκαζε.
1387 4922 1707 4994 Καθαρίσας

88 5021 205 5092 γὰρ
232 5020 341 5073 τὸν
364 5015 579 5088 λεπρδν’
598 5015 688 5069 τὸν
719 5018 775 5069 έν
800 5017 816 5047 ί
853 5015 931 5086 τῷ
963 5015 1112 5086 νόμῳ
1130 5015 1408 5086 γραφέντα
1426 5013 1517 5067 ὑπ’
1541 5011 1713 5066 αὑτοῦ·

87 5114 485 5181 λαλήσαντος,
547 5108 610 5161 τὸ
660 5109 718 5161 ἐν
757 5107 834 5178 τῷ
894 5107 1042 5178 νόμῳ
1097 5106 1459 5161 ἐπιτελεῖσθαι
1514 5105 1705 5176 δῶρον,

100 5201 446 5260 Ἀπελθὼν
484 5199 854 5268 προσένεγκε
896 5196 963 5251 τὸ
999 5195 1192 5264 δῶρόν
1222 5210 1362 5263 σου,
1406 5194 1486 5266 τῷ
1537 5194 1708 5249 καθα-

92 5297 369 5367 ρισθέιιτι
411 5293 502 5347 ὑπ’
533 5289 699 5345 αὐτοῦ
722 5289 907 5361 λεπρῷ
931 5289 1128 5358 λέγων,
1159 5286 1352 5353 καθὼς
1374 5285 1708 5356 προσέταξε

92 5385 414 5456 Ηωῦσῆς.
449 5384 634 5458 Δῶρον
661 5382 720 5436 δὲ
740 5377 808 5456 ἦν
836 5381 930 5438 ἐπὶ
966 5381 1066 5451 τῆς
1085 5380 1291 5454 λέπρας
1317 5379 1466 5452 ὅρνις
1497 5379 1577 5443 είς
1610 5377 1706 5433 θυ-

168 5571 188 5602 ι
215 5568 552 5636 Corruptus
604 5565 776 5622 locus.
855 5564 874 5596 '
899 5567 1035 5620 Gen.
1068 5560 1256 5637 ",118.
1332 5561 1352 5592 θ
1390 5557 1580 5616 Matth.
1611 5573 1706 5614 ιιι

93 5651 120 5700 .'
152 5640 304 5698 Luc.
355 5653 418 5705 ν,
445 5637 533 5693 ιι.

1815 4559 1954 4615 liriis
1997 4559 2203 4614 frustra
2239 4573 2464 4628 operam
2506 4566 2831 4627 tempusque
2869 4558 3169 4611 consumo?
3208 4557 3382 4628 Cujus

1815 4659 1966 4708 tanta
1992 4659 2078 4708 est
2106 4651 2441 4722 impudentia
2469 4665 2534 4705 ac
2570 4649 2864 4720 petulantis
2899 4647 2953 4703 in
2981 4647 3150 4704 Deum
3187 4650 3385 4718 linguai

1811 4743 2050 4804 licentia.
2077 4749 2138 4796 ut
2162 4741 2509 4798 tenebrarum
2536 4738 2836 4811 principem
2873 4737 3024 4792 illum
3058 4737 3232 4808 ipsum
3261 4755 3386 4794 esse

1813 4831 2104 4896 defendat,
2147 4832 2240 4902 qui
2281 4832 2336 4887 in
2377 4832 2494 4903 lege
2523 4845 2587 4885 ac
2621 4829 2902 4900 prophetis
2941 4829 3158 4884 locutus
3192 4838 3295 4884 est.
3337 4828 3384 4884 Ο

1813 4924 2000 4982 felices
2031 4939 2096 4980 ac
2141 4925 2430 4995 praeclaras
2451 4939 2576 4995 spes
2599 4933 2841 4986 nostras,
2871 4937 2994 4976 cum
3032 4922 3381 4976 tenebrarum

1815 5017 2046 5090 principi
2087 5015 2340 5074 Christus
2376 5030 2601 5073 munera
2631 5013 2845 5071 deferre
2869 5013 3135 5083 coegerit!
3165 5011 3384 5065 Postea-

1814 5121 1977 5176 quam
2013 5107 2158 5162 enim
2201 5105 2632 5175 elephantiacum
2677 5103 2826 5157 illum
2875 5099 3144 5170 purgavit,
3177 5098 3387 5154 donum

1813 5196 1976 5261 illud,
2019 5198 2166 5267 quod
2215 5198 2330 5269 lege
2370 5196 2750 5268 praescriptum
2792 5202 2908 5254 est.
2961 5191 3154 5248 alierre
3197 5193 3382 5246 statim

1806 5285 1992 5356 jussit.
2033 5284 2194 5348 Vade,
2227 5286 2424 5355 inquit,
2445 5285 2576 5354 offer
2600 5297 2788 5338 munus
2834 5291 3002 5344 tuum,
3027 5281 3163 5337 sicut
3191 5294 3385 5350 prisce.

1808 5377 1886 5446 pit
1925 5372 2136 5446 Moyses
2166 5374 2210 5430 τ.
2243 5373 2524 5445 Ejusmodi
2559 5386 2720 5442 porro
2752 5384 2976 5437 munus,
3023 5368 3170 5442 quod
3214 5367 3284 5424 ob
3318 5368 3386 5422 le

3093 5550 3112 5580 ‘
3134 5547 3266 5614 ibid.
3291 5547 3384 5606 23.

1783 5556 1817 5612 ι
1846 5573 1966 5629 sqq.
2027 5557 2049 5589 ‘
2089 5554 2290 5628 Ephesi.
2321 5571 2374 5623 ν,
2417 5553 2508 5612 3‘2.
2614 5555 2635 5585 ’
2675 5551 2810 5611 Gen.
2837 5551 3015 5620 ruﬁ}.
