3856 6362
445 344 545 401 H5

1814 344 1870 398 ὃ.
1912 342 2251 400 EPIPHANII

3596 335 3695 394 tIB

440 474 593 533 pram
632 454 981 521 olferebatur,
1031 455 1242 510 avicula
1291 465 1408 511 erat
1455 449 1513 510 in
1556 459 1921 521 sacrtucium,
1962 469 2006 513 cl

2119 460 2261 523 σίαν,
2292 459 2385 512 καὶ
2417 455 2693 526 σεμίδαλις
2717 456 2794 516 είς
2822 455 3205 509 ὁλοκαύτωσιν.
3240 456 3303 510 Εἰ
3330 454 3387 510 δέ
3421 452 3605 527 ἄρχων
3626 450 3695 527 ἦν

437 547 618 604 simila
666 547 718 599 in
764 544 1165 599 holocaustum.
1223 544 1385 614 Atqui
1425 546 1469 600 si
1527 545 1876 601 tenebrarum
1920 546 2012 601 ille

436 639 692 710 princeps
722 635 882 699 foret,
916 651 1193 706 nunquam
1218 635 1453 690 Verbum
1482 652 1512 691 e
1534 636 1675 692 cmlo
1703 636 2009 706 delapsum,

435 732 641 800 Deique
669 727 857 794 Filius,
882 728 997 798 qui,
1026 736 1085 783 ut
1109 726 1438 783 Manichacus
1462 729 1777 793 arbitratur,
1807 728 2011 783 idcirco

432 824 603 883 venit,
648 828 706 875 ut
752 820 1023 875 hominem
1070 834 1099 871 a
1142 820 1448 889 principum
1498 833 1685 873 errore
1718 818 2006 880 liberaret,

435 920 708 987 leprosum
745 916 918 979 illum,
967 913 1053 967 cui
1104 914 1390 967 sanitatem
1437 913 1771 976 restituerat,
1817 911 2008 967 iisdem

436 1009 714 1061 subditum
740 1022 865 1062 esse
890 1005 1284 1074 jussisset,sed
1318 1005 1558 1075 fugiendi
1588 1006 1768 1074 potius
1818 1014 2010 1059 auctor

436 1099 651 1163 fuisset,
682 1115 745 1153 ac
776 1098 1002 1168 nequod
1029 1098 1348 1167 imperatum
1380 1105 1498 1151 erat
1523 1104 1828 1166 prazstaret,
1860 1104 2007 1151 esset

438 1194 706 1247 hortatus.
757 1189 861 1245 Sed
902 1190 1158 1244 nimirum
1186 1189 1305 1243 ideo
1341 1188 1413 1241 ita
1452 1204 1511 1243 se
1539 1189 1724 1259 gessit.
1758 1188 1900 1258 quod
1941 1189 2007 1242 ad

434 1284 779 1339 evertendam
822 1283 991 1354 legem
1044 1295 1386 1351 nequaquam
1429 1290 1671 1344 venerat,
1713 1296 1873 1350 quam
1914 1282 2010 1335 de-

435 1379 589 1432 «lerat
620 1378 755 1445 ipse,
789 1390 964 1445 neque
993 1376 1305 1444 prephetas,
1332 1371 1424 1427 sed
1455 1382 1512 1426 ut
1535 1375 1713 1443 potius
1736 1374 2004 1442 impleret,

434 1477 494 1521 ut
522 1468 623 1521 hoc
657 1469 834 1536 ipsum
883 1467 1016 1536 legis
1039 1481 1103 1521 ac
1131 1466 1513 1536 prophetarum
1548 1466 2004 1534 complementum

436 1562 491 1614 in
527 1559 799 1630 Evangelii
850 1560 1031 1627 quiete
1077 1573 1139 1612 ac
1169 1558 1563 1625 tranquillitate
1619 1557 1857 1626 positum
1884 1572 2006 1612 esse

434 1658 786 1706 monstraret.
821 1649 954 1703 Nam
1002 1650 1127 1703 licet
1173 1649 1314 1703 idem
1356 1664 1384 1700 a
1435 1648 1713 1718 prophetis
1749 1648 2006 1704 adoratus

436 1743 505 1796 sit
545 1740 705 1805 Deus,
738 1748 791 1795 et
822 1739 891 1793 ab
924 1739 1043 1809 ipso
1082 1739 1163 1793 lex
1206 1738 1425 1801 tradita,
1463 1753 1569 1792 non
1597 1739 1786 1793 eodem
1823 1749 2003 1793 tamen

436 1832 596 1887 hodie
634 1832 899 1885 donorum
925 1845 1142 1902 genere,
1166 1829 1260 1884 sed
1300 1830 1555 1899 precibus
1582 1838 1634 1885 et
1656 1830 2005 1887 eucharistiis

435 1931 488 1976 .~t
528 1923 647 1977 aliis
687 1922 984 1976 honoribus
1034 1921 1219 1975 divino
1254 1920 1469 1991 numini
1508 1920 1754 1975 adoratio
1783 1930 2008 1990 praesta-

434 2023 541 2067 tur.
572 2012 783 2067 Etenim
804 2013 1055 2083 graviora
1084 2014 1191 2069 illis
1218 2022 1476 2084 tanquam
1501 2014 1675 2069 servis
1699 2013 2004 2084 imperavit,

434 2103 574 2174 quod
601 2118 664 2157 ea
689 2102 899 2158 ratione
923 2102 989 2157 ad
1016 2104 1338 2173 obsequium
1362 2104 1502 2174 adigi
1528 2118 1691 2174 posse
1710 2119 2008 2174 cognosce-

434 2203 535 2250 r'et.
592 2193 797 2248 Contra
857 2193 1133 2263 Evangelii
1198 2194 1483 2265 discipulis
1534 2195 1768 2259 leviora,
1821 2205 2007 2267 utpote

435 2287 653 2347 liberis,
705 2301 805 2357 pro
840 2286 1111 2356 exquisita
1163 2302 1260 2341 sua
1312 2288 1645 2358 benignitate
1707 2289 2002 2349 mandavit.

434 2376 611 2443 Quare
647 2391 770 2429 cum
808 2392 950 2431 unus
979 2376 1193 2446 sibique
1222 2380 1570 2434 consentiens
1595 2380 1728 2449 legis
1753 2379 2005 2449 Evange~

435 2470 597 2536 hique
627 2467 697 2523 sit
724 2466 885 2530 Deus,
914 2482 1017 2522 nec
1040 2468 1299 2522 alterutra
1328 2469 1669 2523 diversorum
1701 2478 2003 2539 temporum

435 2560 647 2614 sublata
691 2560 1067 2629 dissolutaque
1107 2560 1178 2614 sit
1209 2558 1439 2622 functio,
1476 2559 1616 2614 idem
1644 2569 1729 2615 est
1758 2575 2007 2630 unusque

435 2652 597 2715 Deus,
648 2652 739 2722 qui
775 2652 990 2707 sacculis
1012 2651 1321 2706 dominatur
1347 2652 1628 2715 omnibus,
1673 2661 1728 2707 et
1758 2668 1789 2705 a
1831 2654 2005 2708 servis

434 2741 548 2795 suis
571 2742 645 2794 ita
683 2741 903 2801 colitur,
932 2749 989 2794 ut
1022 2756 1119 2810 pro
1147 2754 1231 2802 eo,
1260 2755 1323 2794 ac
1352 2740 1524 2796 cuivis
1549 2741 1695 2795 aetati
1725 2742 2003 2807 convenit,

433 2847 645 2886 summa
691 2831 743 2885 id
783 2832 1121 2885 humanitate
1166 2830 1447 2900 deposcat.
1506 2830 1769 2902 Superest
1816 2833 2002 2901 igitur,

434 2925 578 2979 illius
610 2931 671 2977 ut
700 2938 857 2978 error
878 2939 941 2978 ex
972 2924 1119 2977 omni
1150 2931 1304 2993 parte
1342 2924 1721 2991 convincatur,
1757 2927 2005 2997 quando-

433 3016 649 3085 quidem
680 3031 743 3070 ea
767 3030 889 3086 quae
918 3016 1032 3086 lege
1059 3014 1373 3086 przescripta
1401 3024 1552 3077 sunt,
1575 3016 1797 3086 exsequi
1817 3015 2007 3070 Salva-

406 3100 518 3158 ἰον
559 3107 675 3176 ipse
715 3106 966 3175 jusserit.
1000 3105 1167 3176 670
1201 3103 1332 3170 Qua:
1359 3105 1579 3174 quidem
1612 3111 1903 3174 postquam
1937 3105 2005 3158 il-

2113 546 2208 601 τοῦ
2233 547 2477 608 σκότους.
2512 546 2613 598 οὐκ
2651 545 2718 597 ἂν
2754 546 2782 596 6
2812 542 2977 596 ἐλθὼν
3023 544 3227 597 ἄνωθεν
3270 545 3465 614 Λόγος,
3499 545 3529 597 6
3569 546 3692 607 Υἱὸς

2111 637 2206 691 τοῦ
2237 637 2393 701 Θεοῦ,
2428 639 2457 689 6
2484 634 2653 688 ἐλθὼν
2678 635 3003 705 ἐπιστρέψαι
3023 636 3113 688 τὸν
3142 635 3428 707 ἄνθρωπον
3442 636 3549 689 ἀπὸ
3564 635 3696 689 πλάο

2112 746 2209 799 νης
2245 728 2352 779 τῶν
2380 727 2674 797 ἀρχόντων,
2726 726 2865 778 κατὰ
2895 726 2991 778 τὸν
3037 727 3342 796 Μανιχαίου
3377 727 3555 796 λόγον,
3596 730 3696 780 οὐκ

2110 822 2176 874 ἂν
2210 822 2517 891 ὑποχείριον
2566 821 2657 874 τὸν
2705 819 2797 872 ὑπ’
2826 818 2989 872 αὑτοῦ
3051 820 3268 873 ἱαθέντα
3310 821 3510 893 λεπρὸν
3554 839 3696 893 παρ-

2111 916 2370 979 εσκεύαζε
2407 914 2684 984 γενέσθαι,
2726 915 2861 967 ἀλλὰ
2894 914 3093 981 μᾶλλον
3124 914 3535 985 παρεσκεύαζεν
3565 916 3697 968 ἀπο-

2109 1008 2295 1078 δρὰναι
2326 1008 2508 1069 αὒτὸν,
2564 1007 2723 1059 τοῦτο
2785 1007 2858 1077 μὴ
2907 1008 3175 1059 ἐπιτελεῖν
3214 1006 3499 1063 διδάσκων.
3556 1006 3697 1059 Ἀλλ’

2112 1100 2295 1168 ἐπειδὴ
2350 1101 2446 1151 ούκ
2483 1095 2613 1169 ἦλθε
2652 1099 2952 1152 καταλῦσαι
3009 1100 3100 1151 τὸν
3158 1098 3339 1168 νόμονο
3380 1099 3541 1161 αὐτὸς
3586 1096 3695 1167 γὰρ

2108 1191 2305 1243 δέδωκε
2335 1192 2426 1243 τὶν
2458 1190 2640 1261 νόμον
2679 1191 2802 1244 οὔτε
2852 1193 3157 1263 προφήτας,
3208 1190 3345 1244 ἀλλὰ
3385 1190 3691 1261 πληρίτισαιν

2111 1282 2195 1334 ἵνα
2237 1282 2513 1352 πλήρωσιν
2539 1280 2631 1334 τοῦ
2663 1282 2828 1352 νόμου
2880 1284 2975 1335 καὶ
3035 1284 3142 1335 τῶν
3192 1281 3485 1354 προφητῶν
3530 1282 3693 1343 αὐτὸς

2107 1375 2254 1444 δείξῃ
2313 1374 2373 1427 τὸ
2404 1376 2813 1445 ἀπερίσπαστον
2852 1374 2944 1428 τοῦ
2971 1375 3329 1443 Ε·)αγγελίου’
3362 1374 3443 1426 ὅτι
3471 1372 3546 1443 τῷ
3598 1372 3696 1443 μὲν

2108 1468 2255 1538 αύτῷ
2284 1468 2402 1538 Θεῷ
2438 1470 2485 1520 oi
2511 1470 2787 1540 προφῆται
2827 1469 3259 1540 προσεκύνησαν,
3292 1469 3386 1522 καὶ
3418 1469 3580 1539 νόμος
3604 1468 3694 1519 ὑπ’

2107 1559 2271 1613 αὑτοῦ
2306 1559 2480 1630 ἐδόθη·
2507 1560 2601 1611 νῦν
2640 1560 2696 1613 δὲ
2725 1560 2786 1612 ού
2813 1560 2899 1613 διὰ
2937 1559 3045 1612 τῶν
3072 1559 3250 1611 αὐτῶν
3276 1560 3462 1631 δώρων
3490 1558 3569 1629 τῷ
3600 1559 3693 1613 αῦ-

2106 1651 2184 1723 τῷ
2230 1653 2348 1723 Θεῴ
2393 1652 2760 1723 προσκύνησις
2808 1652 3063 1715 τελεῖται,
3098 1651 3233 1705 ἀλλά
3272 1652 3344 1704 δι’
3383 1651 3558 1722 εὐχῶν
3601 1649 3697 1704 καὶ

2107 1744 2464 1817 εὐχαριστιῶν
2505 1745 2599 1797 καὶ
2656 1745 2753 1815 τῆς
2788 1744 2951 1815 ἄλλης
2992 1740 3397 1815 πραγματείας.
3436 1742 3697 1806 Ἐκείνοις

2109 1838 2208 1906 μὲν
2240 1834 2347 1906 γὰρ
2377 1836 2453 1898 ὡς
2492 1835 2698 1898 δούλοις
2742 1835 3076 1906 προσέταττε
3114 1836 3182 1889 τὰ
3216 1835 3410 1905 βαρέα,
3440 1834 3575 1887 διότι
3606 1832 3697 1887 ob-

2109 1944 2216 1989 τως
2267 1926 2528 1996 ἠδύναντο
2584 1926 3025 1996 πεισθῆναντοῖς
3071 1925 3127 1978 δὲ
3174 1928 3231 1979 ἐν
3271 1926 3350 1996 τῷ
3376 1924 3695 1996 Εύαγγελίῳ

2109 2016 2466 2087 ἐλαφρότερα,
2504 2016 2577 2080 ὡς
2609 2016 2933 2088 ἐλευθέροις,
2980 2016 3069 2068 διὰ
3102 2015 3198 2087 τὴν
3242 2016 3549 2087 ὑπερϐολὴν
3595 2014 3695 2085 τῆς

2109 2110 2273 2161 αὑτοῦ
2309 2108 2741 2179 φιλανθρωπίας.
2791 2108 2939 2171 Ἐνός
2970 2125 3028 2160 τε
3067 2109 3385 2178 όμοστοίχου
3420 2107 3694 2177 ὑπάρχον-

2105 2203 2197 2262 τος
2242 2200 2374 2252 θεοῦ
2416 2199 2508 2252 τοῦ
2539 2217 2596 2252 τε
2628 2201 2794 2269 νόμον
2824 2200 2918 2252 καὶ
2951 2199 3040 2253 τοῦ
3077 2198 3429 2268 Εὐαγγελίου,
3470 2196 3545 2269 μὴ
3574 2214 3694 2249 πα-

2110 2289 2475 2361 ραλελυμὲνης
2528 2291 2649 2360 μηδ’
2708 2290 2971 2360 ὁποτέρας
3032 2290 3231 2361 χρόνωι
3284 2288 3609 2360 ὑπηρεσίας.
3663 2287 3695 2339 6

2109 2381 2267 2445 αὐτὸς
2318 2377 2398 2444 εἷς
2434 2381 2566 2445 Θεός
2620 2384 2767 2435 ἐστιν
2817 2385 2843 2435 ὁ
2892 2382 3190 2452 βασιλεύων
3224 2381 3316 2434 τοῦ
3378 2380 3695 2450 σύμπαντος

2109 2472 2319 2534 αἰῶνος,
2345 2470 2776 2543 θεραπευόμενος
2793 2474 2898 2526 ἀπὸ
2927 2473 3033 2526 τῶν
3050 2472 3271 2535 δούλων,
3302 2471 3423 2524 καθ’
3453 2470 3694 2540 ἑκάστην

2107 2563 2164 2615 δὲ
2198 2562 2409 2630 γενεὰν,
2440 2563 2514 2627 ὡς
2548 2564 2816 2631 προσήκει
2850 2567 2913 2634 τῇ
2945 2562 3113 2617 αὑτοῦ
3155 2560 3558 2633 φιλανθρωπίᾳ,
3602 2561 3697 2614 καὶ

2110 2655 2429 2725 ἐλήλεγκται
2461 2654 2802 2723 πανταχόθεν
2833 2656 2865 2725 ἡ
2890 2655 3077 2707 τούτου
3100 2654 3294 2724 πλάνη,
3320 2650 3410 2705 τοῦ
3442 2652 3697 2721 Σωτῆρος

2110 2743 2492 2813 ἐπιτρέποντος
2536 2746 2603 2797 τὰ
2634 2744 2727 2797 τοῦ
2757 2746 2920 2813 νόμον
2964 2745 3255 2798 τελεῖσθαι·
3304 2744 3399 2797 καὶ
3450 2742 3590 2814 μετὰ
3634 2742 3700 2794 τὸ

2107 2834 2391 2906 ἐπιτρέψαι
2447 2835 2516 2888 τὰ
2548 2837 2640 2888 τοῦ
2674 2835 2840 2907 νόμου
2892 2835 3186 2898 τελεῖσθαι,
3236 2834 3454 2897 λύοντός
3484 2832 3555 2885 τὰ
3599 2830 3698 2885 τοῦ

2106 2926 2293 2996 νόμου,
2324 2926 2383 2979 οὐ
2423 2927 2844 3000 καταργοῦντος,
2886 2927 3021 2981 ἀλλά
3060 2927 3410 2997 πληροῦντος,
3453 2940 3701 2994 προσφο-

2112 3018 2211 3087 ρὰς
2264 3020 2457 3089 ἐτέρας
2504 3019 2643 3089 ὑπὲρ
2676 3018 2782 3072 τῶν
2821 3021 2877 3071 ἐν
2905 3019 2982 3091 τῷ
3028 3019 3178 3090 νόμῳ
3223 3020 3588 3091 προσενέγκαι
3617 3016 3700 3086 τῷ

2110 3108 2229 3179 Θεῷ
2264 3110 2669 3182 ἐπιτρέποντος,
2705 3112 2982 3164 τουτέστιν
3019 3111 3300 3175 εὐσεϐείας
3353 3110 3447 3164 καὶ
3492 3108 3700 3179 ἀγαθό-

434 3199 539 3253 lius
561 3198 820 3252 mandato
850 3197 1088 3267 perfecta
1120 3208 1266 3261 sunt,
1298 3198 1367 3252 ab
1387 3197 1577 3252 eodem
1606 3196 1865 3267 deinceps
1894 3213 2000 3252 non

2111 3219 2286 3272 τητος,
2320 3204 2543 3270 ἁγνείας
2574 3222 2631 3257 τε
2665 3204 2758 3258 καὶ
2777 3205 3070 3269 πολιτείας.

433 3293 634 3355 soluta,
681 3305 788 3344 non
838 3290 891 3342 in
937 3288 1169 3349 nihilum
1210 3288 1449 3350 redacta,
1494 3287 1589 3342 sed
1636 3287 1856 3356 impleta
1902 3297 2063 3354 sunt,
2107 3306 2232 3345 eum
2282 3292 2493 3346 scilicet
2547 3308 2645 3362 pro
2687 3294 2773 3346 his
2825 3308 2945 3363 quae
2990 3294 3044 3346 in
3084 3294 3199 3362 lege
3252 3301 3517 3361 prmccpta
3567 3306 3699 3347 sunt

433 3400 605 3440 novas
648 3381 913 3453 quasdam
958 3379 1068 3433 Deo
1122 3378 1233 3434 fieri
1269 3380 1574 3434 oblationes
1604 3378 1860 3442 instituit,
1911 3381 2154 3449 pietatis,
2198 3384 2478 3452 bonitatis,
2526 3384 2813 3451 castitatis,
2847 3385 3205 3441 accuratioris
3264 3385 3498 3454 denique
3569 3387 3695 3437 \‘i'ta‘

437 3477 666 3535 rationis
696 3489 759 3529 ac
783 3474 1015 3545 generis.

505 3570 683 3626 LVIII.
707 3566 888 3637 Pergit
910 3580 1039 3621 vero
1063 3563 1415 3628 Manichzeus,
1453 3578 1514 3617 ac
1540 3573 1827 3617 venturum
1849 3562 2004 3617 deni-

434 3680 539 3735 que
590 3675 775 3718 senem
818 3659 970 3712 illum
996 3698 1009 3716 .
1056 3665 1220 3727 atque
1264 3655 1490 3726 etIigiem
1525 3670 1681 3709 suam
1715 3656 2008 3726 postremis

438 3756 775 3827 temporibus
818 3763 1169 3807 ostensurum
1202 3766 1323 3805 esse
1353 3750 1519 3814 dicit;
1571 3758 1687 3804 tum
1728 3765 1858 3805 vero
1906 3748 2007 3802 Ba-

431 3851 604 3919 julmn
631 3846 775 3900 illius
802 3852 1093 3914 conspecta
1124 3843 1259 3896 facie
1284 3851 1481 3897 terrain
1506 3857 1628 3897 esse
1655 3841 2003 3903 relicturum,

436 3955 670 4007 moxque
714 3946 918 3992 terram
966 3934 1297 4003 sempiterno
1344 3936 1469 4003 igne
1526 3932 2001 4003 eonﬂagraturam.

434 4030 544 4084 Nec
594 4027 726 4082 illud
772 4026 935 4079 homo
980 4025 1231 4095 stupidus
1275 4022 1701 4083 animadvertit,
1760 4019 2005 4075 eamdem

437 4123 584 4175 illam
610 4136 668 4176 se
689 4133 811 4173 cum
841 4117 1067 4172 materia
1096 4125 1408 4171 concretam
1435 4115 1595 4169 modo
1622 4112 1819 4177 facere,
1844 4127 2006 4182 quam

438 4212 600 4282 paulo
644 4218 803 4264 antea
854 4209 976 4261 vivo
1025 4207 1093 4261 ab
1137 4207 1330 4277 spiritu
1377 4215 1716 4275 procreatam
1769 4220 1890 4259 esse
1921 4204 2010 4257 de-

438 4304 704 4358 fenderat.
774 4299 880 4354 Sed
939 4298 1250 4353 universum
1317 4298 1673 4353 nihilominus
1745 4294 2008 4351 mundum

436 4389 693 4445 incendio
740 4393 1121 4456 consumptum
1163 4386 1226 4439 iri
1280 4393 1450 4455 putat.
1489 4388 1566 4440 Ac
1619 4392 1756 4448 tum,
1806 4384 2006 4453 inquit.

2182 3560 2312 3613 NH’.
2346 3558 2546 3611 Φάσκει
2573 3558 2627 3611 δὲ
2658 3558 2840 3621 πάλιν,
2875 3559 2956 3611 ὅτι
2991 3557 3266 3610 ἐλεύσεται
3296 3560 3323 3611 ὁ
3356 3552 3698 3626 πρεσϐύτης,

2111 3651 2205 3703 καὶ
2233 3649 2395 3715 δείξει
2421 3649 2585 3703 αὑτοῦ
2618 3650 2715 3721 τὴν
2739 3649 2919 3702 εἰκόνα
2938 3648 3023 3700 ἐπ’
3048 3648 3291 3717 ἐσχάτων
3306 3646 3412 3699 τῶν
3444 3650 3693 3719 ἡμερῶν·

2112 3743 2203 3795 καὶ
2241 3743 2359 3795 τότε
2404 3743 2432 3793 6
2493 3742 2811 3812 Ὠμοφόρος,
2860 3739 3012 3803 εἰδὼς
3058 3738 3223 3792 αὐτοῦ
3274 3740 3333 3792 τὸ
3378 3740 3697 3810 πρόσωπον,

2111 3833 2303 3904 ἀφίησι
2338 3833 2434 3904 τὴν
2465 3833 2591 3903 γῆν,
2630 3833 2725 3884 καὶ
2757 3831 2930 3893 οὕτως
2959 3831 3021 3883 τὸ
3048 3831 3158 3901 πῦρ
3196 3830 3257 3883 τὸ
3274 3831 3491 3884 αἰώνιον
3526 3850 3700 3886 κατα-

2110 3925 2321 3996 δαπανᾷ
2375 3926 2472 3995 τὴν
2504 3926 2627 3994 γῆν.
2662 3925 2771 3978 Καὶ
2800 3922 3093 3976 ἐπελάθετο
3142 3924 3169 3975 6
3214 3922 3495 3992 κτηνώδης
3531 3924 3701 3978 πάλιν

2112 4017 2284 4089 ὑλώδη
2315 4017 2483 4087 αὐτὴν
2513 4016 2826 4085 ὑποφαίνων
2857 4015 2954 4086 τὴν
2996 4015 3096 4085 πρέε
3126 4014 3272 4085 ὧρας
3297 4014 3445 4084 αὐτῷ
3466 4015 3699 4085 λεγομέ-

2111 4127 2207 4179 νην
2238 4109 2343 4162 ἀπὸ
2369 4108 2460 4161 τοῦ
2494 4108 2803 4178 πνεύματος
2833 4105 2927 4159 τοῦ
2955 4104 3153 4169 ζῶντος
3184 4105 3504 4160 κεκτίσθαι.⁴
3524 4106 3697 4175 Ὁμοῦ

2112 4203 2168 4256 δέ
2194 4202 2284 4255 τὸν
2309 4202 2485 4255 πάντα
2518 4202 2722 4271 κόσμον
2758 4199 2919 4253 πάλιν
2950 4199 3054 4251 ὑπὸ
3086 4198 3178 4251 τοῦ
3216 4198 3385 4270 πυρὸς
3408 4198 3695 4252 ἀναλίσκει

2112 4293 2233 4345 σθαι
2263 4292 2593 4345 ὑποτίθεται.
2620 4291 2729 4343 Καὶ
2776 4290 2917 4349 τότε,
2955 4288 3109 4358 φησι,
3150 4286 3286 4356 μετὰ
3309 4286 3478 4339 ταῦτα
3508 4288 3543 4357 ἡ
3567 4288 3700 4340 ἀπο-

2110 4386 2442 4447 κατάστασις
2474 4382 2581 4435 τῶν
2619 4382 2711 4434 δύο
2748 4381 2963 4450 φύσεων
2992 4379 3281 4432 ἐπιτοαυτὸ
3331 4381 3411 4441 είς
3439 4379 3500 4431 τὸ
3531 4378 3695 4450 ἀρχέ-

435 4479 662 4532 duarum
712 4483 1031 4528 naturarum
1076 4474 1217 4528 idem
1247 4473 1301 4526 in
1331 4474 1687 4542 archetypum
1733 4471 2006 4526 restitutio

2112 4492 2280 4527 τύπον
2328 4473 2743 4545 παρελεύσεται.
2782 4474 2845 4524 Ὢ
2879 4470 3073 4524 πολλοῦ
3105 4470 3373 4540 καμάτου,
3412 4470 3504 4521 καὶ
3557 4469 3696 4540 μετὰ.

435 4572 817 4634 consequetur.
863 4560 907 4615 Ο
938 4564 1151 4616 inanem
1182 4560 1419 4615 hominis
1463 4560 1727 4623 laborem,
1751 4576 1859 4630 quo
1889 4575 2010 4613 sus-

434 4667 592 4729 cepto
639 4659 768 4712 nihil
820 4666 1000 4712 tamen
1032 4658 1097 4712 ad
1128 4658 1335 4711 erroris
1370 4656 1805 4711 emendationem
1847 4657 2012 4726 proti-

435 4747 606 4801 citur!
650 4744 785 4799 Nam
816 4746 860 4801 si
886 4754 1241 4815 posteaquam
1265 4742 1519 4797 conditus
1537 4752 1690 4797 estet
1714 4744 2012 4812 productus

436 4835 525 4889 hic
554 4834 810 4899 mundus,
838 4831 1085 4887 consumi
1110 4830 1493 4900 exstinguique
1525 4831 1705 4895 debet,
1739 4838 1796 4884 ut
1827 4846 2013 4883 exem-

432 4928 608 4998 plaria
646 4928 763 4996 ipsa
805 4940 1022 4980 rursum
1060 4924 1111 4976 in
1155 4923 1438 4977 ambarum
1483 4932 1828 4985 naturarum,
1883 4923 2009 4977 boni

430 5020 643 5075 scilicet
691 5034 756 5072 ac
796 5016 944 5081 mali,
986 5023 1047 5067 ut
1093 5015 1168 5067 ita
1210 5015 1407 5080 dicam,
1463 5016 1746 5071 identitate
1792 5031 2007 5086 perma-

432 5120 630 5174 neant;
679 5120 1025 5175 consequens
1062 5112 1166 5171 est,
1194 5112 1253 5158 ut
1286 5105 1487 5159 malum
1524 5122 1718 5162 rursus
1750 5105 2007 5176 congredi

432 5201 650 5262 audeat,
680 5205 735 5251 et
766 5196 968 5250 inferre
994 5194 1219 5257 bellum,
1257 5210 1320 5248 ac
1348 5195 1604 5251 virtutem
1644 5196 1805 5250 aliam
1840 5196 2008 5250 inter-

430 5302 633 5356 vertat,
669 5307 779 5361 quo
808 5290 950 5343 alius
970 5288 1201 5344 subinde
1230 5287 1467 5343 mundus
1496 5289 1746 5343 exsistat.
1782 5287 1935 5354 Quod
1962 5290 2005 5343 si

434 5388 613 5439 locum
645 5382 789 5438 istud
832 5383 1065 5452 amplius
1100 5397 1207 5435 non
1242 5381 1425 5446 habet,
1454 5380 1566 5451 jam
1603 5382 1767 5453 igitur
1802 5384 2007 5437 malitia

434 5476 747 5546 resipuerit,
778 5485 837 5531 ut
877 5489 982 5528 non
1025 5474 1259 5543 amplius
1292 5489 1415 5526 cum
1452 5474 1695 5529 bonitate
1733 5474 2010 5529 conﬂicte-

436 5568 885 5640 turgresipuerit
913 5576 965 5622 et
998 5566 1173 5621 malus
1209 5565 1372 5630 Deus,
1399 5567 1493 5635 qui
1537 5565 1737 5621 bellum
1776 5568 2009 5635 amplius

438 5659 647 5714 nullum
680 5676 802 5715 cum
830 5658 1052 5713 meliore
1069 5656 1353 5726 suscipiat.
1390 5655 1506 5711 Hoc
1526 5672 1657 5713 vero
1682 5657 2005 5722 constituto,

436 5751 636 5807 malum
663 5766 783 5812 esse
814 5748 1034 5815 desinit,
1072 5765 1194 5803 cum
1225 5750 1293 5804 ab
1321 5748 1543 5818 antiqua
1578 5754 1786 5804 naturae
1829 5750 2007 5821 pravi-

2116 4566 2203 4618 τὸν
2256 4566 2500 4635 κάματον
2547 4563 2759 4626 οὐδενὸς
2807 4560 3182 4633 ἐπιδιορθώσει
3242 4558 3577 4630 φερομένουὲ
3629 4557 3694 4610 Εἰ

2114 4655 2221 4726 γὰρ
2246 4655 2381 4725 μετὰ
2420 4654 2482 4706 τὸ
2516 4653 2800 4724 κτισθῆναι
2837 4652 2930 4705 καὶ
2971 4649 3220 4719 γενέσθαι
3254 4646 3694 4717 δαπανηθήσεται

2114 4746 2207 4799 καὶ
2234 4742 2677 4815 ἀφανισθήσεται,
2718 4743 2802 4795 ἵνα
2825 4742 2893 4795 τὰ
2924 4740 3206 4811 ἀρχέτυπα
3241 4739 3397 4808 μείνῃ
3432 4736 3595 4789 πάλιν
3636 4738 3695 4789 ἐν

2111 4834 2399 4903 ταυτότητι
2437 4833 2545 4887 τῶν
2574 4832 2666 4885 δύο
2710 4831 2924 4901 φύσεων
2978 4827 3183 4895 ἀγαθοῦ
3243 4845 3301 4880 τε
3350 4827 3444 4879 καὶ
3492 4826 3689 4885 κακοῦ.

2112 4924 2263 4978 ἔσται
2303 4924 2464 4978 πάλιν
2482 4922 2732 4993 ἐπιτριϐὴ
2753 4920 2846 4974 τοῦ
2869 4918 3106 4990 πονηροῦ
3129 4919 3265 4990 πρὸς
3280 4919 3341 4970 τὸ
3370 4916 3691 4988 ἐπιστρέψαι

2112 5018 2293 5082 πάλιν,
2327 5017 2419 5071 καὶ
2453 5016 2687 5082 πόλεμον
2717 5012 3099 5084 ἐνστήσασθαι,
3134 5011 3229 5064 καὶ
3263 5010 3504 5083 ἁρπάξαι
3531 5009 3695 5062 πάλιν

2112 5108 2277 5178 ἄλλην
2309 5108 2555 5177 δύναμιν,
2594 5107 2681 5158 ἵνα
2723 5105 2885 5159 πάλιν
2916 5103 3072 5167 ἄλλος
3111 5103 3314 5173 κόσμος
3342 5103 3589 5171 γένηται.
3629 5100 3693 5153 Et

2109 5200 2165 5254 δὲ
2198 5200 2379 5253 οὐκέτι
2424 5197 2579 5251 τοῦτο
2611 5197 2840 5265 γίνεται,
2871 5196 2978 5265 ἄρα
3028 5195 3366 5265 σωφρονήσει
3412 5193 3446 5263 ἡ
3500 5190 3691 5253 κακία,

2111 5291 2206 5345 τοῦ
2236 5291 2428 5361 μηκέτι
2458 5287 2831 5359 ἐπιτρίὸεσθαι
2865 5286 3002 5357 πρὸς
3038 5285 3134 5357 τὴν
3173 5284 3508 5355 ἀγαθότητα,
3538 5284 3632 5337 καὶ
3662 5284 3698 5335 ὁ

2111 5383 2344 5453 πονηρὸς
2374 5380 2505 5445 Θεὸς
2540 5380 2674 5451 πρὸς
2705 5380 2797 5432 τὸν
2824 5378 3030 5447 ἀγαθὸν
3060 5378 3255 5448 μηκέτι
3280 5376 3514 5446 πόλεμον
3545 5373 3695 5443 ἐγεί-

2114 5494 2241 5549 ρων.
2275 5478 2337 5529 Εί
2365 5475 2420 5529 δὲ
2444 5475 2536 5528 καὶ
2566 5473 3062 5546 σωφρονισθήσεταί
3093 5488 3245 5535 ποτε,
3280 5471 3379 5522 οὐκ
3412 5468 3565 5522 ἔσται
3587 5484 3694 5519 κα·-

2111 5569 2224 5633 κὸν,
2253 5567 2415 5619 ὁπότε
2449 5566 2556 5619 ἀπὸ
2601 5565 2701 5634 τῆς
2742 5564 2974 5636 ἀρχαίας
3006 5561 3170 5615 αὑτοῦ
3215 5560 3429 5628 φύσεως
3469 5558 3569 5625 τῆς
3597 5572 3700 5607 κα-

2111 5658 2236 5722 κίας
2295 5657 2657 5728 μετήλλακται
2708 5655 3095 5725 μετατραπείς.
3153 5654 3216 5706 EI
3250 5652 3306 5705 δὲ
3353 5651 3446 5703 καὶ
3474 5645 3685 5719 sperni:

2111 5750 2363 5819 τυγχάνει
2394 5751 2427 5813 ἡ
2458 5749 2617 5814 φύσις
2646 5748 2735 5801 τοῦ
2780 5746 2971 5810 κακοῦ,
3008 5745 3219 5806 πάντως
3251 5744 3330 5796 ὅτι
3365 5740 3471 5795 ἀπὸ
3513 5733 3689 5797 καικῶ
