3850 6204
120 289 219 348 H7

736 290 1106 350 ADVERSUS
1145 292 1494 352 H.~ERESES
1537 292 1662 350 LIB.
1710 295 1774 351 ll.
1819 296 1984 354 ΤΟΜ.
2029 297 2090 352 ll.
2129 328 2200 338 ——
2236 296 2513 353 lMEIlES.
2555 297 2739 353 LXVI.

3276 301 3386 359 118

113 409 190 471 εἷς
215 404 426 474 ἀγαθὸν
455 406 873 479 μεταϐάλλεται·
905 411 1000 464 καὶ
1044 411 1228 464 οὐκέτι
1276 411 1427 465 ἔσται
1459 412 1628 466 κακὸν
1661 414 1680 464 εί

1804 420 1914 468 tate
1945 431 2066 470 sese
2099 413 2168 468 ad
2197 414 2422 468 meliora
2451 412 2774 468 traduxerit.
2812 411 2930 468 lam
2964 429 3093 470 vero
3125 431 3172 470 si
3206 425 3382 473 muta-

113 498 305 570 ἔχουσα
333 500 544 571 τροπὴν
573 499 909 571 ἀγαθότητος
936 501 1118 570 φύσις.
1176 503 1412 558 Δύναται
1449 505 1556 577 γὰρ
1597 505 1691 556 καὶ

112 591 350 662 σήμερον
398 590 696 662 τραπῆναι,
750 593 845 645 καὶ
885 592 965 646 ἔτι
1016 594 1298 665 περιόντος
1327 597 1342 627 ³
1371 595 1464 650 τοῦ
1519 594 1689 650 κακοῦ

109 684 184 747 είς
207 683 417 751 ἀγαθὸν
462 683 932 756 μεταϐληθήσεται
958 684 1019 738 τὸ
1044 702 1176 757 πονη
1187 686 1296 756 ρόν.

172 975 285 1028 Καὶ
324 975 430 1028 τίνι
449 973 528 1045 τῷ
553 972 696 1044 λόγῳ
721 973 750 1024 ὁ
787 973 992 1044 μέλλων
1023 973 1315 1044 τρέπεσθαι
1343 975 1442 1047 ἢδη
1471 975 1532 1028 ού
1561 977 1687 1048 τρέ-

107 1083 296 1130 πεται;
345 1066 458 1118 Καὶ
489 1067 539 1118 εί
591 1064 688 1136 μὲν
719 1065 806 1118 διά
832 1065 934 1134 τῆς
973 1064 1068 1118 τοῦ
1100 1063 1236 1118 Θεοῦ
1273 1067 1632 1137 μηχανήσεως
1659 1067 1688 1120 ό

107 1159 342 1230 πονηρὸς
367 1157 647 1228 τρέπεται,
683 1157 777 1210 τοῦ
810 1155 1006 1228 μηκέτι
1056 1155 1314 1211 δύνασθαι
1343 1158 1403 1210 τὸ
1452 1159 1687 1230 πονηρὸν

105 1251 459 1324 ἐργάζεσθαι,
487 1249 668 1304 οὐκέτι
697 1250 984 1322 παραίτιος
1016 1251 1044 1302 ό
1078 1249 1312 1322 πονηρὸς
1337 1249 1530 1304 ἑαυτοῦ
1558 1267 1688 1318 τυγ-

105 1347 276 1418 χάνει,
315 1346 434 1399 ἀλλ’
463 1349 492 1399 ό
523 1344 724 1414 ἀγαθὸς
765 1345 794 1396 ὁ
841 1345 1136 1416 δυνάμενος
1169 1345 1481 1399 ἀναστεῖλαι
1520 1344 1684 1397 αὑτοῦ

103 1440 194 1508 τὴν
228 1439 455 1504 κακίαν,
508 1440 603 1491 καὶ
646 1438 721 1509 μὴ
769 1435 1050 1508 βουληθεὶς
1085 1435 1192 1507 πρὸ
1225 1437 1417 1507 χρόνου
1467 1437 1537 1490 τὰ
1590 1436 1684 1489 τοῦ

104 1527 293 1599 χρόνου
320 1528 566 1597 ποιῆσαιο
590 1528 638 1579 εἰ
661 1526 718 1578 δὲ
749 1526 1020 1596 ἄτρεπτον
1053 1523 1367 1578 παντάπασι
1395 1523 1456 1576 τὸ
1493 1524 1682 1585 κακὸν,

102 1621 355 1674 οὐδέποτε
379 1619 669 1689 διαλείψειε
700 1617 971 1689 πολεμοῦν
1013 1618 1106 1671 καὶ⁸
1131 1615 1555 1686 πολεμούμενον’
1591 1615 1686 1668 καὶ

102 1711 204 1764 οὔδ’
235 1711 380 1774 ὅλως
413 1712 542 1766 ποτὲ
596 1709 747 1764 ἔσται
782 1710 1114 1774 κατάστασις
1165 1709 1275 1762 τῶν
1323 1709 1417 1761 δύο
1447 1710 1682 1776 φύσεων,

103 1803 374 1874 ἁτρέπτου
411 1803 665 1874 μένοντος
687 1802 782 1856 τοῦ
812 1804 1007 1865 κακοῦ,
1037 1801 1130 1856 καὶ
1148 1799 1568 1872 ἐπιτριϐομένου
1590 1799 1685 1852 τοῦ

102 1895 292 1958 κακοῦ,
320 1894 692 1949 ἐνδείκνυσθαι
744 1893 822 1964 τῷ
852 1893 1042 1965 ἀγαθῷ
1073 1894 1290 1958 κακίαν,
1330 1894 1426 1946 καὶ
1449 1891 1685 1963 πόλεμον

103 1987 337 2056 ἐγείρειν
364 1985 504 2039 κατά
539 1986 636 2057 τῆς
662 1985 1017 2057 ἀγαθότητος.
1043 1986 1154 2039 Καὶ
1187 1986 1234 2037 εί
1263 1983 1400 2048 ὅλως
1421 1983 1687 2054 ἐπιθυμίᾳ

101 2079 187 2134 τοῦ
219 2078 434 2148 ἀγαθοῦ
465 2079 528 2132 τὸ
558 2080 728 2133 κακὸν
753 2081 840 2133 ἀεὶ
877 2079 1344 2151 ἐπεντριόήσεται,
1372 2077 1480 2152 ἄρα
1501 2076 1684 2130 οὐκέτι

102 2169 264 2223 κακὸν
302 2169 478 2222 ἔσται’
534 2169 722 2241 ἐπειδὴ
757 2169 849 2222 τοῦ
885 2169 1091 2240 ἀγαθοῦ
1136 2167 1450 2239 γλιχόμενος
1502 2167 1686 2238 βούλε-

101 2278 183 2315 ται
211 2262 395 2334 ἐαυτῷ
417 2262 478 2315 τὸ
493 2263 695 2330 ἀγαθὸν
724 2263 1078 2325 ἐπισπᾶσθαι,
1102 2263 1209 2322 ἵνα.
1234 2261 1322 2315 διὰ
1341 2261 1441 2332 τῆς
1472 2261 1684 2330 φύσεως

102 2355 188 2408 τοῦ
246 2353 463 2422 ἀγαθοῦ
498 2356 593 2408 καὶ
637 2355 738 2424 τῆς
784 2356 950 2409 αὑτοῦ
979 2355 1314 2419 ’πανοπλίας
1371 2354 1684 2418 ἐπισπάσας

103 2445 271 2516 ἑαυτῷ
305 2445 559 2518 δύναμιν.
591 2449 648 2500 ἐν
692 2447 860 2518 ταύτῃ
903 2447 1030 2519 δοκῇ
1096 2448 1287 2500 ἑαυτὸν
1317 2448 1482 2518 τιμᾷν
1533 2445 1681 2519 [μὲν]

103 2539 188 2590 καὶ
230 2537 600 2609 λαμπρύνειν,
633 2539 1074 2609 παραθαρσύνειν
1101 2555 1160 2592 τε
1188 2539 1282 2591 καὶ
1329 2537 1679 2609 ἐνδυναμοῦν.

104 2630 266 2682 Παντὶ
298 2629 412 2700 γάρ
444 2628 522 2699 τῷ
553 2627 859 2700 βουλομένῳ
889 2630 950 2683 τὸ
992 2628 1195 2698 ἀγαθὸν
1249 2629 1465 2693 πάντως
1509 2631 1592 2683 ὅτι
1624 2629 1682 2696 ἐξ

103 2719 305 2786 ἀγαθοῦ
337 2719 592 2783 ὑπονοίας
626 2720 864 2789 ἔγκειται
895 2721 1122 2777 διάνοια·
1150 2723 1243 2777 καὶ
1275 2722 1457 2776 οὐκέτι
1487 2722 1685 2776 παντά-

104 2828 227 2863 πασι
282 2812 522 2880 πονηρὸν
554 2813 706 2865 ἔσται
753 2813 814 2866 τδ
859 2814 1114 2884 πονηρὸν,
1155 2813 1316 2868 ὁπότε
1347 2812 1440 2867 τοῦ
1476 2812 1680 2882 ἀγαθοῦ

102 2901 417 2972 γλιχόμενον
437 2902 768 2974 εὑρίσκεται.
799 2905 915 2958 Πᾶν
926 2905 1109 2979 γάροτὸ
1125 2908 1360 2979 πονηρὸν
1386 2906 1681 2976 ἀπέχθειαν

103 2993 207 3060 ἔχει
258 2991 402 3063 πρὸς
433 2993 494 3046 τὸ
522 2994 746 3062 ἀγαθὸν,
773 2995 849 3058 ὡς
872 2997 965 3048 καὶ
993 2996 1055 3048 τὸ
1095 2996 1301 3065 ἀγαθὸν
1330 2996 1391 3050 ού
1430 2995 1678 3066 βούλεται

185 3085 445 3178 πονηρόν.
490 3087 552 3139 Εἰ
579 3086 635 3140 δὲ
657 3087 856 3158 ἀναμὶξ
891 3087 1126 3178 ὑπάρχει
1149 3088 1258 3141 τῶν
1294 3087 1678 3161 ἀμφοτέρωνή
1711 3119 1752 3178 c

102 3173 347 3248 δύναμις,
383 3178 479 3231 καὶ
510 3179 539 3230 ό
565 3178 768 3246 ἀγαθὸς
797 3180 895 3248 μὲν
930 3175 1035 3233 οἶδε
1067 3180 1232 3250 συλᾷν
1255 3180 1316 3232 τὸ
1340 3180 1490 3243 ἴδιον,
1533 3179 1684 3233 πολεο

105 3272 216 3336 μεῖν
267 3287 331 3323 τε
383 3271 479 3324 καὶ
511 3269 753 3342 ἐκδέρειν
789 3270 888 3335 τάς
933 3272 1108 3342 ἀρχὰς
1139 3273 1233 3326 καὶ
1285 3272 1383 3336 τὰς
1410 3271 1679 3339 ἐξουσίας,

100 3361 221 3414 ποτὲ
249 3361 309 3414 δὲ
339 3362 585 3434 ἀναιρεῖν
627 3364 721 3416 καὶ
755 3364 1037 3432 ἀφανίζειν
1064 3363 1163 3435 τὴν
1191 3364 1295 3418 ὑπὸ
1321 3363 1411 3418 τοῦ
1444 3365 1680 3436 πονηροῦ

100 3452 473 3523 γεγενημένην
504 3451 658 3522 ὕλην,
693 3453 822 3505 ποτὲ
849 3453 906 3507 δὲ
934 3452 992 3519 ἐξ
1041 3455 1212 3524 αὐτῆς
1245 3453 1526 3517 πλάσσειν,
1553 3454 1680 3507 ποτὲ

98 3544 147 3596 δὲ
178 3544 488 3614 ἀφανίζειν,
542 3547 773 3618 πονηρία
814 3547 909 3600 καὶ
961 3547 1261 3613 ἀσύστατος
1311 3548 1563 3620 διήγησις
1583 3549 1683 3619 τῆς

99 3636 185 3689 τοῦ
245 3638 536 3712 ἀλιτηρίου
584 3640 776 3694 τούτου
838 3642 970 3712 ἡμῖν
1032 3640 1505 3714 ἐπεισενεχθείσης
1555 3641 1676 3695 ἀδο-

99 3730 147 3784 λε
157 3731 330 3803 σχίας.

161 3997 280 4052 ΝΘ.
318 3998 463 4068 Φέρε
504 3997 569 4069 δὴ
609 3999 782 4051 εἰπεῖν
821 3998 914 4052 καὶ
951 3999 1076 4069 περὶ
1113 3998 1213 4068 τῆς
1250 3998 1344 4052 τοῦ
1374 3997 1542 4052 κακοῦ
1574 3999 1680 4069 φύ-

103 4104 226 4151 σεως
254 4089 426 4142 πάλιν
453 4090 815 4154 ἀναλαϐόντες
846 4091 937 4144 τὸν
967 4090 1146 4160 λόγον,
1174 4091 1298 4160 λέγε
1334 4092 1488 4162 ἡμῖν,
1513 4086 1557 4146 ὧ
1589 4086 1678 4146 οῦ-

99 4197 199 4244 τος,
231 4183 346 4235 ἀπὸ
370 4183 568 4254 χρόνου
599 4183 932 4254 Δύρηλιανοῦ
965 4185 1059 4237 τοῦ
1094 4183 1356 4255 βασιλέως
1389 4185 1483 4238 καὶ
1522 4183 1683 4256 δεῦρο

100 4271 280 4337 ἐλθὼν,
309 4275 408 4327 καὶ
440 4274 510 4327 τά
549 4275 654 4345 πρὸ
685 4274 902 4328 πάντων
941 4275 1151 4328 αἰώνων
1181 4275 1553 4347 διηγούμενος,
1589 4277 1680 4329 οῦ-

99 4381 153 4417 τε
180 4381 281 4418 που
309 4365 476 4418 τοῦτο
507 4365 800 4437 προφητῶν
831 4365 1223 4433 θεσπισάντων,
1252 4367 1377 4421 οὔτε
1403 4367 1676 4422 αὐτοῦτοῦ

1797 505 1922 561 bilis
1954 513 2036 560 est
2069 511 2264 560 natura
2301 504 2452 571 mali,
2481 518 2706 559 necesse
2734 510 2818 559 est
2855 505 2911 558 in
2947 504 3148 558 malum
3171 521 3201 560 e
3237 507 3382 564 bono

1795 596 2103 662 transferri,
2136 605 2298 666 atque
2328 597 2400 651 ita
2442 597 2583 652 mala
2617 595 2732 651 ham
2765 611 2889 652 esse
2927 607 3119 650 natura
3158 598 3381 667 desinit,

1792 704 1913 758 quae
1956 689 2101 742 illam
2143 687 2198 742 in
2240 688 2445 743 bonum
2509 689 2990 744 commutationem
3045 689 3239 744 sortita
3285 695 3378 749 sit.

1791 774 1979 830 Potest
2021 775 2166 830 enim
2202 775 2289 828 vel
2339 773 2501 828 hodie
2545 774 2769 838 mutari,
2818 774 2898 829 sic
2943 782 3004 829 ut
3057 783 3382 832 transeunte

1791 867 1934 921 malo
1971 866 2025 920 in
2059 867 2254 922 melius
2297 873 2560 921 vertatur.

1860 957 2002 1027 Quid
2031 967 2210 1013 autem
2244 957 2496 1029 prohibet
2533 957 2666 1028 quin
2693 957 2762 1020 is,
2799 956 2893 1028 qui
2932 957 3228 1029 aliquando
3258 975 3382 1014 mu-

1789 1050 1991 1108 tandus
2029 1059 2134 1118 est,
2177 1068 2284 1107 uon
2328 1051 2410 1106 vel
2458 1051 2512 1104 in
2545 1052 2833 1121 prmsentia
2882 1052 3159 1107 mutetur?
3207 1053 3284 1107 Ac
3328 1053 3378 1109 si

1790 1143 1901 1198 Deo
1931 1142 2078 1198 istud
2117 1143 2469 1199 machinante
2497 1143 2676 1198 malus
2721 1143 2944 1198 minime
2983 1152 3375 1212 commutatur,

1790 1243 1848 1290 ut
1874 1236 2072 1289 malum
2133 1235 2366 1304 amplius
2419 1235 2595 1289 moliri
2644 1242 2914 1305 nequeat,
2968 1236 3168 1290 suimet
3199 1236 3406 1306 ipsius-

1789 1343 1954 1382 causa
2004 1329 2179 1382 malus
2218 1343 2328 1382 non
2363 1328 2489 1391 erit,
2525 1327 2620 1381 sed
2668 1327 2759 1382 ille
2801 1333 2983 1396 potius
3028 1327 3226 1393 bonus,
3272 1330 3372 1399 qui

1789 1433 1913 1473 cum
1961 1419 2082 1489 ejus
2125 1419 2387 1472 malitiam
2431 1419 2690 1473 cohibere
2728 1421 2923 1488 possit,
2957 1419 3097 1474 nolit
3145 1435 3207 1473 ea
3253 1435 3376 1490 qua:

1789 1526 1890 1567 suo
1923 1511 2153 1581 tempori
2182 1509 2508 1565 reservanda
2538 1517 2689 1573 sunt,
2721 1517 2848 1564 ante
2877 1517 3094 1579 tempus
3128 1508 3369 1566 efﬁcere.

1790 1600 1887 1656 Sin
1935 1602 2153 1671 penitus
2198 1601 2536 1656 immutabile
2580 1601 2782 1654 malum
2830 1609 2932 1666 est,
2983 1603 3190 1656 nullum
3234 1601 3374 1658 infe-

1789 1695 1945 1749 rendi
1972 1694 2172 1748 bellum
2197 1694 2612 1764 excipiendique
2642 1693 2802 1766 671
2848 1693 3008 1748 finem
3041 1693 3238 1760 faciet;
3271 1709 3374 1750 uec

1792 1801 2030 1856 unquam
2067 1787 2238 1841 amba:
2284 1787 2387 1841 illae
2428 1795 2638 1840 natura;
2683 1786 3115 1848 constituentur,
3154 1802 3277 1842 eum
3319 1794 3373 1839 et

1792 1881 2132 1937 immutabile
2177 1883 2377 1936 malum
2428 1889 2758 1952 perseveret,
2807 1887 3013 1934 etcqu
3050 1880 3194 1934 bono
3237 1895 3372 1934 cou-

1790 1974 2044 2039 ﬂictetur,
2085 1989 2149 2029 ac
2183 1989 2340 2030 suam
2366 1975 2414 2029 ei
2452 1975 2714 2028 malitiam
2753 1982 3019 2038 ostentet,
3067 1982 3229 2042 atque
3271 1973 3368 2026 ad-

1791 2079 1982 2120 vorsus
2013 2065 2307 2119 bonitatem
2346 2064 2746 2138 dimicationem
2779 2063 3059 2133 suscipiat.
3108 2063 3271 2132 Atqui
3305 2062 3354 2118 si

1790 2157 1844 2213 id
1869 2158 1999 2212 boui
2037 2157 2336 2227 cupiditate
2366 2156 2567 2210 malum
2597 2156 2783 2219 faciat,
2820 2165 2880 2210 ut
2906 2155 3131 2210 assidue
3177 2155 3368 2209 insur-

1788 2259 1897 2321 gat,
1928 2265 2036 2303 non
2063 2249 2298 2319 amplius
2334 2250 2536 2304 malum
2569 2258 2674 2311 est,
2711 2249 2971 2319 quoniam
3004 2246 3222 2318 quidem
3259 2261 3372 2317 pra:

1787 2342 1907 2412 ejus
1937 2339 2209 2396 desiderio
2257 2341 2461 2396 bonum
2501 2340 2606 2396 sibi
2656 2349 2889 2396 conatur
2939 2355 3254 2405 arcessere,
3313 2352 3370 2395 ut

1787 2449 1884 2504 per
1915 2433 2044 2487 boni
2087 2441 2335 2488 naturam
2370 2442 2426 2488 et
2473 2440 2805 2487 armaturam
2843 2432 2910 2487 ad
2944 2447 3066 2489 sese
3109 2432 3366 2487 virtutem

1788 2525 2097 2587 attrahens,
2148 2539 2246 2593 per
2291 2538 2410 2579 eam
2449 2524 2552 2579 sibi
2599 2525 2862 2579 honorem
2913 2539 2975 2579 ac
3019 2523 3366 2594 splendore:

1787 2617 2058 2686 acquirat,
2093 2631 2325 2686 seseque
2353 2615 2639 2670 confirmet
2668 2632 2731 2670 ac
2769 2617 3107 2672 corroboret.
3151 2615 3366 2671 Etenim

1787 2710 2038 2780 quisquis
2065 2709 2268 2765 bonum
2296 2710 2658 2780 concupiscit,
2700 2725 2924 2766 necesse
2948 2720 3030 2766 est
3052 2709 3278 2781 perinde
3299 2724 3367 2764 ex

1761 2801 1930 2856 bona
1959 2801 2289 2871 cogitatione
2319 2802 2460 2855 hanc
2491 2801 2566 2855 illi
2590 2809 2826 2856 mentem
2865 2801 3124 2870 injectam
3163 2801 3362 2866 fuisse;

1788 2901 1950 2962 atque
1979 2893 2083 2947 hoc
2113 2903 2271 2963 pacto
2313 2909 2420 2947 non
2457 2893 2682 2947 omnino
2719 2900 2919 2947 malum
2941 2892 3046 2947 erit
3088 2891 3231 2963 quod
3260 2908 3368 2945 ma-

1789 2983 1898 3037 lum
1929 2983 2151 3047 dicitur,
2192 2998 2315 3036 cum
2363 2982 2488 3037 boui
2535 2982 2870 3038 desiderium
2915 2983 3250 3052 conceperit.
3303 2982 3362 3035 Si

1785 3075 2006 3146 quidem
2052 3075 2256 3129 malum
2287 3089 2449 3130 omne
2489 3074 2616 3129 boni
2652 3073 2934 3128 inimicum
2962 3082 3067 3137 est,
3098 3071 3368 3143 quemad-

1787 3166 2008 3220 modum
2044 3165 2302 3222 abhorret
2327 3181 2355 3218 a
2386 3166 2530 3219 bono
2554 3167 2774 3220 malum.
2810 3165 2963 3231 Quod
2988 3165 3031 3220 si
3053 3164 3365 3234 promiscua

1784 3256 2122 3328 confusaque
2146 3258 2224 3312 vis
2240 3268 2323 3313 est
2346 3257 2652 3320 amborum,
2685 3267 2742 3311 ut
2759 3266 2814 3312 et
2835 3258 3010 3312 bonus
3033 3256 3177 3327 quod
3200 3271 3360 3312 suum

1781 3357 1867 3404 est
1897 3365 2220 3419 recuperare
2251 3351 2444 3414 soleat,
2478 3364 2541 3404 ac
2571 3350 2934 3421 principatus.
2977 3356 3033 3404 et
3062 3356 3362 3419 potestates

1781 3442 2048 3498 infestare
2080 3443 2222 3497 bello
2261 3442 2510 3512 pelleque
2541 3441 2781 3506 nudarer
2806 3455 3199 3511 nonnunquam
3234 3454 3362 3510 pro-

1781 3535 1999 3590 ductam
2025 3551 2054 3588 a
2082 3534 2226 3588 malo
2249 3534 2532 3589 materiam
2557 3533 2740 3588 delere
2767 3533 3014 3588 funditus
3041 3547 3106 3587 ac
3143 3533 3358 3597 tollere,

1781 3628 1916 3684 alias
1943 3641 2080 3698 Opus
2115 3643 2179 3680 ex
2212 3627 2326 3696 ipsa
2372 3625 2587 3688 moliri,
2636 3625 2909 3681 interdum
2955 3640 2986 3680 e
3029 3623 3208 3678 medio
3256 3624 3362 3679 tol‘

1780 3719 1926 3785 lere;
1982 3733 2195 3774 summa
2267 3719 2509 3788 nequitia
2549 3727 2633 3773 est
2690 3726 2745 3773 et
2809 3717 3054 3772 confictae
3101 3716 3169 3770 ab
3209 3717 3361 3772 dete-

1781 3811 1980 3866 stando
2012 3810 2109 3866 illo
2144 3810 2364 3865 homine
2395 3809 2876 3876 narrationis,sive
2909 3807 3089 3879 potius
3122 3807 3361 3878 garruli-

1779 3904 1931 3965 tatis,
1970 3903 2361 3960 inconstantia.

1851 3995 1989 4051 LIX.
2031 3998 2143 4067 Age
2167 4012 2317 4064 vero,
2343 4006 2400 4051 ut
2435 3997 2504 4054 d'e
2531 4006 2729 4051 natura
2771 3995 2900 4050 mali
2939 3992 3122 4049 denuo
3150 4007 3362 4050 sermo-

1780 4103 1905 4142 item
1946 4089 2324 4152 instituamus,
2349 4089 2438 4143 dic
2464 4088 2647 4152 sodes,
2683 4087 2754 4141 mi
2783 4087 2968 4150 homo,
3001 4084 3094 4155 qui
3131 4083 3199 4137 ab
3242 4083 3359 4137 Au-

1780 4181 1978 4237 reliani
2011 4182 2362 4252 imperatoris
2396 4189 2639 4250 tempore
2661 4179 2728 4233 ad
2759 4179 2864 4232 hoc
2889 4188 3107 4246 tempus
3135 4177 3382 4239 venisti,.

1780 4281 1835 4329 et
1874 4289 1995 4344 qua:
2037 4274 2255 4330 saeculis
2290 4274 2546 4329 omnibus
2593 4273 2872 4326 anteriora
2911 4279 3049 4326 sunt:
3083 4269 3361 4341 explicare

1780 4367 2088 4430 contendis,
2121 4382 2242 4437 quae
2268 4381 2368 4421 nec
2401 4367 2788 4436 pr0phetarum
2823 4364 3063 4419 oraculis
3097 4377 3384 4434 expressa-

100 4457 338 4528 Σωτῆρος
377 4456 544 4511 τοῦτο
581 4457 931 4530 δεδιδαχότος,
965 4458 1088 4512 οὕτε
1140 4461 1472 4525 ἀποστόλων,
1516 4461 1562 4513 εἰ
1602 4461 1674 4532 μή

1787 4467 1931 4520 sunt,
1969 4474 2144 4529 neque
2173 4473 2203 4512 a
2237 4459 2544 4520 Salvatore,
2581 4459 2659 4512 vel
2697 4457 2962 4528 apostolis
2993 4453 3214 4520 tradita,
3249 4451 3380 4509 nisi-

99 4564 145 4602 τι
172 4550 234 4602 ἂν
261 4550 588 4623 φλυαρήσῃς
641 4551 950 4605 ἐπίπλαστά
977 4569 1096 4605 τινα
1125 4552 1184 4616 ἐξ
1212 4552 1476 4624 ὀνόματος
1509 4553 1678 4622 ἁγίων

101 4639 270 4708 βιϐλία
319 4643 505 4712 ἐαυτῷ
546 4641 828 4714 τιθέμενος
890 4644 982 4697 καὶ
1017 4643 1470 4716 προϐαλλόμενος
1515 4645 1677 4700 πόθεν

102 4728 180 4784 οὖν
221 4735 405 4803 ἥκεις,
442 4729 490 4787 ὦ
526 4729 700 4801 οὗτος,
733 4735 833 4802 τὴν
877 4735 1047 4789 κακοῦ
1093 4737 1456 4807 ἀρχαϊζουσαν
1503 4738 1676 4810 ἀρχὴν

104 4825 302 4894 φέρων;
348 4825 738 4897 Ἐρωτώμενος
773 4827 830 4880 δὲ
872 4829 962 4898 ὑφ’
1003 4827 1182 4899 ἡμῶν,
1225 4831 1272 4881 εί
1311 4830 1517 4902 ταύτην
1551 4847 1675 4902 τρε-

99 4914 226 4983 πτήν
247 4931 370 4967 τινα
404 4915 627 4982 φάσκει,
655 4915 686 4984 ἢ
715 4915 1002 4987 ἄτρεπτον,
1039 4917 1137 4989 ἤδη
1168 4917 1224 4970 δὲ
1254 4919 1490 4990 ἐνηχήθη
1521 4921 1671 4991 ἡμίν,

99 5002 165 5065 ὡς
207 5005 484 5075 ἄτρεπτον
533 5006 702 5077 αὐτὴν
739 5009 1056 5078 είσηγεῖται,
1103 5008 1196 5061 καὶ
1238 5009 1367 5062 ποτὲ
1419 5011 1516 5081 μὲν
1554 5029 1676 5083 τρε-

101 5095 244 5166 πτὴν,
284 5097 418 5149 ποτὲ
464 5097 522 5150 δὲ
562 5098 849 5169 ἄτρεπτον·
883 5101 963 5163 είς
1005 5100 1104 5170 μὲν
1145 5099 1204 5153 τὸ
1238 5101 1472 5171 πονηρὸν
1511 5102 1672 5172 ἄτρε-

101 5203 236 5251 πτον,
263 5191 347 5251 είς
375 5189 438 5242 δὲ
475 5189 535 5242 τὸ
570 5190 772 5259 ἀγαθὸν
800 5194 1162 5263 τρεπομένην,
1195 5192 1282 5245 ἵνα
1324 5194 1387 5246 ἐκ
1421 5193 1529 5246 τῶν
1581 5194 1672 5246 δύο

99 5279 226 5347 ὅρων
263 5281 537 5352 αἰσχύνην
580 5281 659 5352 τῷ
703 5281 801 5354 βίῳ
832 5281 1064 5354 όφλήσῃ.
1105 5284 1167 5337 El
1213 5283 1322 5355 γάρ
1367 5286 1424 5338 ὲν
1461 5285 1672 5350 πολλοῖς

101 5369 185 5422 καὶ
223 5372 484 5436 ἀπλέτοις
521 5371 712 5427 αίῶσιν
772 5375 1039 5445 ἄτρεπτος
1087 5370 1156 5447 ἦν
1201 5377 1234 5446 ἡ
1296 5375 1485 5438 κακία,
1542 5375 1672 5428 αὐτὸ

100 5461 244 5516 τοῦτο
298 5465 465 5533 μόνον
515 5464 713 5536 ἔχουσα
767 5466 829 5519 τὸ
883 5466 1074 5538 ὄνομα,
1127 5468 1220 5520 καί
1261 5467 1414 5521 οὐδὲν
1485 5468 1670 5538 ἕτερον

105 5553 226 5621 πλὴν
259 5555 354 5608 σοῦ
381 5556 579 5620 κακοῦ,
603 5557 686 5621 τίς
709 5556 898 5629 ἔτρεψε
932 5557 1070 5628 μετά
1096 5557 1321 5622 πολλοῦς
1346 5559 1547 5623 αίῶνας
1574 5558 1670 5630 τὴν

167 5730 181 5765 ³
207 5728 266 5786 Υ.
309 5733 618 5796 παριόντος.

1781 4550 1922 4606 forte
1953 4551 2331 4622 supposititios
2361 4549 2629 4621 quosdam
2664 4549 2833 4604 libros
2869 4548 3010 4604 falso
3039 4557 3358 4604 sanctorum

1779 4644 2001 4700 nomine
2053 4644 2349 4713 inscriptos
2381 4643 2646 4698 obtrudas
2677 4651 2838 4712 atque
2872 4641 2924 4695 in
2956 4640 3195 4696 medium
3229 4653 3356 4709 pro-

1781 4735 1956 4803 feras;
1978 4735 2093 4799 sed,
2114 4736 2308 4789 amabo
2326 4741 2399 4797 te.
2414 4733 2560 4789 unde
2574 4732 2737 4788 nobis
2765 4733 3047 4803 antiquum
3074 4732 3204 4786 illud
3231 4732 3360 4785 mali

1779 4828 2106 4900 principium
2142 4827 2373 4883 afferes?
2408 4826 2696 4881 Enimvero
2718 4840 2842 4880 cum
2870 4839 2900 4878 a
2931 4825 3090 4879 nobis
3123 4824 3358 4880 interro-

1778 4928 1936 4990 gatus
1970 4918 2059 4983 sit,
2095 4925 2280 4972 utrum
2315 4915 2575 4971 mutabile
2605 4915 2736 4970 illud
2761 4931 2829 4969 an
2865 4914 3203 4969 immutabile
3221 4929 3366 4969 con--

1779 5009 2056 5072 stitueret,
2112 5006 2454 5061 immutabile
2492 5007 2560 5060 ab
2594 5020 2661 5060 eo
2701 5006 2828 5076 poni
2872 5005 3185 5067 didicimus.
3240 5007 3359 5060 sive

1780 5102 1960 5172 potius
2015 5100 2287 5154 interdum
2335 5099 2628 5162 mutabile,
2680 5098 2955 5153 interdum
3012 5095 3357 5150 immutabile

1778 5194 2030 5256 deliniri,
2078 5193 2214 5246 adeo
2263 5199 2325 5245 ut
2358 5191 2425 5246 ad
2463 5190 2664 5244 malum
2719 5190 2937 5260 quidem
2983 5186 3186 5242 mutari
3241 5202 3357 5242 non

1777 5285 1971 5356 possit,
2005 5282 2070 5335 ad
2106 5281 2308 5335 bonum
2341 5281 2531 5350 possit,
2571 5286 2628 5332 ut
2671 5293 2734 5333 ex
2765 5277 3030 5332 ambabus
3070 5277 3178 5330 illis
3214 5275 3352 5330 deli-

1776 5375 2078 5430 nitionibus
2112 5373 2403 5428 ludibrium
2452 5372 2688 5425 humano
2732 5371 2917 5441 generi
2963 5369 3176 5425 debeat.
3213 5369 3350 5423 Nam

1777 5472 1822 5526 si
1852 5470 2078 5526 infinitis
2115 5468 2329 5525 sarculis
2363 5465 2718 5522 immutabilis
2750 5465 2955 5519 malitia
3000 5463 3151 5529 fuit,
3186 5465 3351 5534 idque

1777 5578 1943 5618 unum
1972 5560 2300 5617 vocabulum
2331 5557 2586 5623 obtinuit,
2625 5572 2801 5630 neque
2822 5555 3120 5628 quidquam
3151 5563 3349 5627 praeter
