3856 6306
427 293 533 350 ἲῖθ
1831 296 1886 349 S.
1932 296 2013 350 EP

2125 297 2269 352 lANll
3085 307 3093 314 '
3588 294 3620 350 1
3640 294 3738 350 20

429 409 629 462 malum
656 404 865 469 habuit,
896 405 1020 475 quis
1051 405 1382 461 immobilem
1416 408 1559 461 illam
1593 408 1718 461 mali
1749 419 1998 462 naturam

2125 412 2371 483 ἱτρεπτον
2423 412 2584 481 φύσιν
2633 411 2831 475 κακίας
2868 412 3143 483 τραπῆναι
3176 410 3269 463 ἐπὶ
3296 410 3363 464 τά
3396 411 3471 482 μὴ
3516 425 3733 482 προσ-

429 508 583 553 tauto
614 496 898 553 intervallo
926 496 1179 558 mutavit,
1216 503 1275 549 ut
1305 513 1365 552 se
1399 497 1465 551 ad
1512 498 1689 552 aliena
1722 510 1998 555 converte-

2125 520 2336 574 ;xovra;
2372 504 2433 556 Et
2466 504 2575 575 γὰρ
2603 502 2755 557 οὔπω
2777 499 2847 574 ἦν
2876 502 3169 573 ἁρπάξασα
3193 502 3441 571 δύναμιν,
3476 502 3579 555 καὶ
3610 517 3731 554 κα·-

430 591 551 644 rct?
579 588 635 643 Si
668 589 718 642 id
748 604 813 644 eo
848 588 1051 642 factum
1075 596 1181 651 est,
1212 589 1356 658 quod
1382 590 1547 659 672
1588 591 1830 646 nondum
1863 606 2000 659 prae-

2125 596 2552 666 ταπολεμήσασα,
2611 595 2745 665 μηδέ
2778 594 3019 666 λαϐοῦσα
3057 593 3358 647 πανοπλίαν
3400 595 3483 656 εἰς
3517 592 3728 658 αὐτῆς

2101 687 2331 757 δύναμιν
2368 686 2462 739 καὶ
2482 687 2562 748 είς
2588 685 2808 756 ἐδωδὴν,
2841 684 3033 754 ἔμελλε
3057 685 3071 715 ²
3096 683 3151 737 δὲ
3178 684 3236 736 ἐν
3259 682 3472 746 πολλοῖς
3497 682 3729 736 αἰῶσιν

2101 776 2355 846 ἄτροφος,
2388 775 2521 845 μηδέ
2546 775 2750 846 τροφῆς
2778 773 3117 843 ἐπιδεομένη·
3147 773 3231 836 τίς
3252 772 3444 843 ἔτρεψε
3469 773 3575 840 τήν
3604 785 3729 822 πο-

2102 884 2160 919 τε
2193 868 2267 937 μὴ
2300 867 2653 937 ἐπιδεομένην
2678 866 2882 937 τροφῆς
2909 868 2988 929 εἱς
3016 865 3223 934 τροφὴν
3256 865 3432 935 ήκειν,
3458 863 3554 916 καὶ
3580 864 3728 916 ἑπι-

2103 959 2304 1027 ζητεῖν,
2366 956 2501 1027 ὅπερ
2554 954 2683 1008 ποτὲ
2735 956 2833 1008 οὐκ
2889 953 3164 1024 ἐπεζήτει,
3218 954 3312 1007 καὶ
3375 951 3724 1006 ἐπιδέεσθαι

2102 1048 2238 1116 ὅπερ
2262 1046 2391 1099 ποτε
2420 1046 2519 1099 οὐκ
2543 1046 2811 1107 ἐπεδέετο,
2846 1045 2959 1099 ἀλλ’
2989 1048 3038 1098 εἰ
3063 1039 3170 1116 ἄρα
3203 1047 3412 1116 ἐτράπη
3442 1044 3542 1115 τὴν
3587 1044 3718 1113 φύ-

2106 1154 2226 1201 σιν;
2271 1136 2379 1191 Καὶ
2415 1136 2532 1201 πῶς
2580 1139 2613 1208 ἡ
2645 1136 2795 1206 παρὰ
2833 1136 2916 1191 σοὶ
2956 1137 3184 1207 ἀτρεψία
3220 1138 3348 1208 περὶ
3376 1135 3471 1190 τοῦ
3510 1133 3719 1189 κακοῦ

2108 1227 2533 1299 συσταθήσεται;
2568 1230 2632 1282 Et
2660 1229 2717 1282 δὲ
2749 1229 2843 1282 καὶ
2875 1228 3035 1282 πάλιν
3065 1231 3146 1294 εἰς
3177 1228 3309 1281 ἰδίαν
3350 1227 3719 1281 κατάστασιν

2106 1321 2268 1386 ἔλθοι,
2298 1320 2495 1393 μηκέτι
2530 1321 2778 1393 εὐπορῶν
2805 1322 2833 1374 ὃ
2860 1321 3043 1392 φάγοι,
3078 1321 3193 1385 πῶς
3224 1323 3251 1373 6
3283 1320 3442 1374 πάλιν
3473 1321 3532 1373 ἐν
3560 1336 3719 1373 συν-

2105 1412 2265 1481 ηθείᾳ
2316 1412 2555 1480 γεγονὼς
2589 1414 2813 1485 κακὺςῆ
2843 1414 3077 1485 πονηρὸς
3106 1413 3198 1467 τοῦ
3234 1410 3566 1483 βιϐρώσκειν
3597 1410 3718 1463 καὶ

2107 1502 2272 1574 ἐδωδῇ
2313 1502 2567 1574 χρῆσθαι,
2606 1503 2828 1558 δύναται
2878 1505 3169 1575 ὑπομένειν
3216 1504 3299 1566 είς
3338 1502 3431 1557 τὸν
3466 1503 3717 1556 ἐπιόντα

2108 1595 2298 1665 χρόνον
2344 1597 2470 1650 ἄνευ
2510 1596 2711 1665 ἐδωδῆς
2746 1595 3042 1661 διατελῶν;
3085 1597 3149 1649 Et
3192 1594 3301 1667 γὰρ
3336 1596 3393 1647 ἐν
3428 1594 3719 1666 συνηθείᾳ

428 684 553 736 data
580 682 832 735 virtutem
865 689 1031 742 esset.
1057 695 1233 750 neque
1261 682 1467 736 bonum
1485 692 1873 754 expugnasset,
1906 694 2001 739 aut

428 775 549 845 ejus
580 785 912 828 armaturam
940 782 1283 843 occupasset,
1319 766 1425 844 qua
1467 790 1526 831 se
1555 776 1908 831 confirmaret
1936 792 2000 831 ac

430 871 709 933 pasceret,
753 870 913 932 atque
948 864 1017 915 ita
1063 869 1140 916 tot
1170 863 1275 919 illis
1318 865 1533 921 saeculis
1583 866 1761 923 omnis
1806 881 1999 933 expers

430 954 698 1017 alimenti,
734 968 835 1009 nec
869 969 997 1007 vero
1045 954 1194 1013 illius
1222 954 1473 1026 indigens
1508 958 1845 1026 permansit;
1878 956 2001 1025 quis

430 1062 549 1101 eam
581 1058 852 1109 naturam,
884 1061 1004 1116 qua)
1030 1046 1343 1100 alimentum
1372 1047 1638 1103 hactenus
1659 1048 1881 1101 minime
1910 1048 2003 1101 de-

430 1140 727 1203 siderabat,
778 1140 846 1197 ad
897 1140 1027 1193 illud
1086 1141 1481 1210 capessendum
1538 1141 1776 1210 impulit,
1841 1140 2003 1210 idque

431 1230 611 1297 ipsum
651 1230 1060 1301 requirendum,
1105 1232 1251 1302 quod
1280 1248 1385 1286 non
1417 1240 1573 1285 antea
1620 1231 1915 1300 ﬂagitabat.
1949 1231 2001 1284 id

432 1322 747 1379 desiderare
774 1324 1032 1394 denique,
1059 1325 1203 1394 quod
1237 1339 1581 1394 nequaquam
1606 1332 1765 1379 antea
1798 1323 2006 1377 deside-

432 1418 683 1471 raverat?
720 1415 1054 1476 Naturamne
1104 1417 1373 1471 mutavit?
1405 1416 1508 1471 Ubi
1555 1417 1719 1485 igitur
1763 1416 1851 1470 illa
1900 1424 2003 1479 est,

433 1522 596 1575 quam
632 1508 860 1571 asseris,
890 1507 1246 1562 immutabilis
1281 1507 1409 1562 mali
1445 1506 1728 1562 conditio?
1771 1505 1924 1572 Quod
1956 1505 2005 1560 si

436 1600 727 1667 pristinum
762 1598 913 1653 illum
947 1615 1138 1654 rursus
1166 1599 1233 1653 ad
1264 1607 1465 1653 statum
1519 1598 1742 1661 redeat,
1790 1609 1851 1652 ut
1898 1611 2008 1666 quo

437 1700 688 1745 vescatur
730 1691 926 1745 habeat
968 1691 1125 1751 nihil,
1179 1705 1416 1760 quonam
1464 1698 1626 1759 pacto
1671 1690 1848 1744 malus
1892 1688 2003 1751 ille,

2125 1682 2415 1754 Βρωμάτων
2444 1685 2517 1755 μὴ
2547 1684 2784 1767 γεγονὼς
2812 1686 2911 1738 οὐκ
2938 1684 3176 1756 ἠδυνήθη
3206 1684 3526 1753 ὑποστῆναι,
3551 1681 3721 1737 ἀλλὰ

436 1788 788 1851 posteaquam
815 1781 959 1836 vesci
987 1781 1355 1846 consueverit,
1385 1780 1643 1848 deinceps
1667 1779 1832 1832 vitam
1864 1779 2002 1833 tole-

2125 1776 2318 1844 ;τράπη
2348 1777 2427 1838 είς
2457 1775 2656 1846 ἐδωδὴν
2683 1762 2954 1847 ἐρέεσθαι,
2981 1777 3074 1829 καὶ
3100 1776 3336 1846 συλήσας
3364 1776 3461 1845 τὴν
3485 1773 3687 1845 ψυχὴν
3704 1815 3715 1830 .

435 1886 560 1926 rare
580 1872 698 1928 sine
726 1872 850 1928 cibo
881 1872 1113 1941 poterit?
1142 1870 1357 1925 Etenim
1389 1871 1436 1926 si
1459 1886 1567 1939 quo
1593 1877 1836 1939 tempore
1861 1883 2003 1923 non-

2125 1864 2307 1937 Ξρῶμα
2365 1867 2539 1937 ἐαυτῷ
2585 1870 3028 1941 περιεποιήσατο,
3084 1866 3282 1938 μᾶλλον
3327 1867 3385 1919 ἐν
3426 1864 3712 1936 συνηθείᾳ

435 1962 563 2019 dum
610 1961 751 2015 cibis
794 1969 1134 2025 assueverat,
1181 1960 1456 2016 sustinere
1495 1960 1851 2015 nihilominus
1893 1974 2001 2013 non

2125 1958 2395 2029 Ξρώματος
2416 1958 2654 2028 γεγονὼς
2688 1960 2913 2032 ἄσχετος
2939 1961 3090 2014 ἔσται
3119 1959 3216 2031 τὴν
3255 1958 3435 2028 φύσιν,
3467 1957 3565 2010 καὶ
3600 1957 3708 2011 οὐ.

434 2051 630 2121 potuit,
669 2052 762 2107 sed
802 2050 868 2105 ad
902 2052 1253 2122 quzerendum
1287 2051 1544 2121 pabulum
1591 2059 1674 2106 est
1712 2050 2002 2119 impulsus,

2125 2047 2197 2102 Ξέν
2235 2048 2299 2103 ἂν
2349 2049 2534 2105 τοῦτον
2577 2051 2931 2123 παραπείσειε
2970 2051 3147 2123 λίχνον
3182 2048 3441 2119 γεγονότα
3491 2047 3591 2102 καὶ
3644 2050 3715 2102 ἐν

437 2156 501 2195 ac
540 2140 757 2197 demum
792 2143 1071 2213 praedatus
1111 2142 1348 2197 animam
1383 2156 1445 2196 ea
1492 2157 1590 2211 pro
1635 2142 1758 2195 cibo
1799 2141 2006 2196 abusus

2125 2140 2277 2213 πείρᾳ
2306 2142 2507 2212 ἐδωδῆς
2545 2142 2673 2197 ἄνευ
2704 2143 2908 2198 τούτων
2932 2143 3215 2207 διατελεῖν,
3244 2142 3318 2205 ὼς
3350 2143 3376 2193 6
3412 2140 3503 2203 σὸς
3532 2139 3715 2209 λόγος

436 2242 567 2289 est:
608 2234 696 2288 ubi
741 2234 988 2289 ciborum
1039 2233 1425 2289 consuetudini
1474 2232 1785 2299 indulserit,
1835 2233 2005 2286 multo

2125 2230 2413 2295 ὶσὺστατος
2448 2232 2709 2304 ὑπάρχων
2729 2232 2889 2287 τοῦτο
2923 2233 3190 2304 βούλεται.

440 2330 621 2385 minus
666 2330 921 2385 cohibere
966 2346 1088 2385 sese
1129 2337 1345 2399 poterit,
1394 2343 1494 2383 nec
1538 2328 1645 2381 ulla
1695 2327 1908 2382 ratione
1953 2327 2001 2380 ei
2061 2326 2384 2396 persuaderi
2428 2328 2649 2396 poterit,
2684 2336 2740 2381 ut
2776 2338 3128 2399 posteaquam
3194 2329 3417 2399 ligurire
3457 2342 3524 2383 ac
3583 2322 3709 2379 cibi

438 2421 762 2475 suavitatem
789 2421 1022 2491 esperiri
1049 2420 1294 2490 cmperit,
1316 2418 1386 2474 ab
1414 2420 1507 2473 illo
1535 2434 1656 2475 sese
1685 2419 1996 2473 contineat:
2071 2419 2214 2490 quod
2263 2430 2443 2472 tamen
2509 2434 2649 2473 vana
2695 2427 2789 2473 tua
2835 2420 3171 2491 minimeque
3217 2423 3502 2476 cohaerens
3550 2414 3713 2471 ratio

439 2514 798 2583 comprobare
824 2515 1040 2569 nititur.

509 2605 620 2659 ωι.
653 2605 851 2661 Verum
874 2606 977 2660 hoc
1003 2607 1125 2662 loco
1152 2606 1519 2677 praetermisso
1543 2606 1611 2660 ad
1638 2605 1744 2659 alia
1765 2605 2008 2674 ejusdem

2182 2600 2257 2654 ε’.
2315 2598 2476 2659 Ἀλλὰ
2534 2599 2941 2671 παρελεύσομαι
2991 2599 3179 2654 τοῦτον
3228 2600 3317 2653 τὸν
3369 2600 3554 2654 τόπον
3608 2604 3712 2672 ἐφ’

440 2697 680 2754 hominis
704 2696 894 2753 deliria
926 2698 1229 2753 orationem
1270 2695 1572 2752 conferam.
1608 2695 1893 2765 Principes
1936 2696 2013 2751 ait

2125 2692 2277 2760 ἕτερα
2302 2690 2361 2743 δὲ
2384 2690 2544 2744 πάλιν
2574 2690 2670 2762 τῆς
2699 2690 2862 2744 αὐτοῦ
2893 2689 3163 2763 ληρωδίας
3190 2691 3573 2762 ἐπεκτείνομαι
3595 2695 3713 2765 τὴν

444 2798 715 2857 postremo
745 2789 837 2844 illo
866 2798 1109 2860 tempore
1151 2789 1387 2860 propriis
1433 2788 1658 2845 sedibus
1700 2789 2012 2843 restitutum

2125 2778 2382 2850 διήγησιν.
2429 2781 2598 2835 Πάλιν
2631 2780 2740 2851 γάρ
2775 2780 2995 2849 φάσκει.
3022 2782 3104 2836 ὅτι
3136 2782 3184 2835 οἱ
3209 2781 3466 2853 ἄρχοντες
3492 2784 3551 2835 ἐν
3581 2788 3710 2848 τοῖς

443 2879 534 2943 iri,
579 2894 643 2933 ac
672 2875 884 2934 Patrem
911 2886 1152 2934 suasmet
1182 2880 1354 2949 ipsius
1398 2886 1583 2949 partes
1630 2895 1752 2935 esse
1784 2894 2013 2949 recupe-

442 2976 713 3023 raturum.
741 2969 876 3033 Quis
896 2976 980 3024 est
1003 2968 1090 3022 ille
1113 2977 1221 3021 tam
1242 2984 1453 3038 aequus,
1480 2978 1536 3023 ut
1560 2968 1855 3040 unicuique
1874 2970 2011 3038 parti

2120 2870 2269 2933 ἱδίοις
2303 2870 2491 2942 μέρεσι
2518 2873 2636 2925 τότε
2666 2872 2897 2948 ἔσονται,
2929 2872 3023 2927 καλ⁵
3042 2874 3072 2926 6
3100 2872 3291 2945 Πατὴρ
3327 2874 3394 2928 τά
3422 2874 3528 2928 ἴδια
3560 2878 3713 2929 ἀπο-

2118 2958 2347 3030 λήψεται
2372 2960 2533 3031 μέρη.
2559 2961 2653 3025 Τίς
2682 2964 2789 3033 ἀρα
2806 2964 2834 3015 6
2854 2964 3105 3034 ἐπιεικὴς
3135 2958 3309 3027 οὗτος,
3327 2964 3412 3018 ἵνα
3440 2966 3533 3017 τὸν
3562 2967 3702 3036 ὅρον

444 3061 712 3115 terminos
742 3075 873 3115 suos
906 3061 1049 3115 velut
1087 3059 1416 3129 decempeda
1459 3060 1750 3131 metiatur?
1777 3058 2009 3125 Quinam

2125 3049 2325 3121 διχόθεν
2354 3051 2584 3103 ἑκάστου
2634 3051 2832 3123 μέρους
2869 3054 3265 3125 γεωμετρήσῃς
3316 3053 3439 3119 Πῶς
3483 3054 3540 3107 δὲ
3576 3073 3713 3109 πει-

445 3168 573 3207 vero
593 3150 805 3222 parebit
836 3151 947 3211 ille.
975 3151 1067 3220 qui
1090 3150 1304 3204 veritati
1334 3166 1399 3205 ac
1432 3152 1577 3205 bono
1598 3166 1803 3206 morem
1828 3166 2015 3219 gerere

447 3242 606 3296 initio
639 3243 906 3297 noluerit?
927 3242 983 3295 Si
1009 3243 1059 3297 id
1095 3243 1424 3298 necessitate
1461 3243 1664 3297 bonum
1695 3250 2012 3298 exorturum

446 3329 672 3396 dixeris,
701 3340 761 3386 ut
791 3331 1030 3400 injustus
1054 3332 1143 3385 ille
1166 3331 1280 3386 suis
1304 3332 1469 3387 rebus
1490 3341 1779 3387 contentus
1802 3332 1894 3395 sit,
1915 3348 2017 3387 nec

449 3423 504 3477 in
530 3423 657 3478 boni
690 3426 1092 3505 possessionem
1134 3423 1357 3488 involet,
1386 3439 1485 3477 cur
1530 3438 1639 3478 non
1678 3422 1858 3478 facere
1884 3424 2017 3478 illud

451 3516 606 3568 initio
654 3516 857 3584 potuit,
914 3515 1229 3585 priusquam
1286 3529 1398 3569 sua:
1437 3515 1543 3570 sibi
1597 3524 1780 3584 partes
1833 3526 2019 3571 essent

445 3605 684 3675 οτι-ρωιῖ
712 3607 794 3658 An
823 3620 953 3657 vero
977 3604 1140 3659 simul
1178 3618 1299 3657 esse
1326 3603 1435 3658 duo
1468 3604 1545 3658 illi
1577 3612 1856 3674 poterunt,
1892 3620 2017 3659 cum

450 3709 605 3749 suam
638 3693 875 3761 quisque
899 3699 1109 3761 partem
1129 3692 1407 3746 obtineat?
1430 3693 1543 3763 Age
1568 3707 1695 3747 vero
1728 3693 1773 3748 si
1796 3692 2020 3755 omnino

452 3796 563 3836 sua:
580 3780 950 3850 Omnipotenti
987 3790 1170 3850 partes
1194 3782 1468 3837 attributa:
1494 3783 1627 3850 sint,
1661 3781 1797 3837 adeo
1836 3790 1894 3835 ut
1916 3796 2022 3836 ca:-

453 3882 581 3925 tera:
610 3870 743 3923 nihil
778 3869 847 3923 ad
885 3870 1062 3939 ipsum
1105 3870 1808 3941 pertineant,0mnipotens
1839 3870 2021 3939 appel-

453 3961 555 4014 lari
593 3960 840 4025 desinet,
890 3960 1101 4016 desinet
1137 3962 1380 4015 omnium
1432 3977 1554 4018 esse
1596 3961 1773 4028 Deus,
1812 3963 2024 4017 desinet

456 4053 632 4106 malus
666 4052 810 4107 bono
853 4067 975 4107 esse
1005 4053 1306 4122 subjectus,
1348 4068 1472 4107 cum
1517 4056 1893 4128 unusquisque
1924 4069 2024 4109 sua

457 4159 515 4198 se
550 4142 924 4199 dominatione
953 4145 1251 4201 contineat.
1297 4146 1466 4217 Cujus
1512 4161 1678 4216 porro
1720 4148 1897 4202 malus
1935 4147 2025 4202 ille

456 4236 713 4292 dominus
749 4240 874 4301 erit,
899 4238 947 4293 si
978 4254 1158 4309 neque
1199 4238 1437 4294 mundus
1485 4240 1721 4309 amplius
1761 4240 2023 4309 supersit,

459 4344 557 4382 nec
586 4329 872 4394 animalia,
912 4330 996 4383 vel
1043 4329 1294 4385 homines
1337 4330 1464 4399 ulli,
1496 4331 1588 4401 qui
1634 4331 1781 4385 illius
1830 4331 2027 4385 ditioni

2117 3142 2371 3212 σθήσεται
2412 3142 2440 3193 6
2478 3143 2732 3213 ἀπαρχῆς
2774 3146 2841 3214 τῇ
2881 3143 3109 3215 ἀληθείᾳ
3147 3145 3241 3199 καὶ
3281 3142 3360 3215 τῷ
3390 3144 3581 3214 ἀγαθῷ
3621 3146 3709 3216 μὴ

2116 3232 2467 3304 πειθόμενος;
2494 3235 2553 3287 Et
2583 3235 2637 3287 δὲ
2669 3235 2785 3305 μετ’
2812 3235 3057 3306 ἀνάγκης
3086 3236 3474 3309 παραπείσειεν
3498 3238 3527 3289 6
3554 3239 3698 3304 ἀγαο

2118 3327 2209 3390 θος
2242 3328 2331 3379 τὸν
2370 3329 2686 3398 παράνομον
2719 3327 2865 3390 ἰδίοις
2903 3331 3154 3397 στοιχεῖν,
3186 3329 3280 3381 καὶ
3312 3328 3388 3398 μὴ
3426 3327 3707 3397 ἐπεμῦαί-

2117 3436 2227 3473 νειν
2257 3422 2321 3490 τῇ
2350 3419 2444 3471 τοῦ
2476 3418 2679 3487 ἀγαθοῦ
2717 3419 2912 3489 μερίδι,
2953 3418 3040 3472 διὰ
3066 3419 3118 3471 τί
3145 3419 3219 3488 μὴ
3254 3419 3503 3490 ἀπαρχῆς
3537 3418 3709 3474 τοῦτο

2118 3511 2353 3581 ἦδυνήθη
2385 3512 2624 3582 ποιῆσαι,
2658 3514 2786 3583 πρὶν
2822 3512 2855 3582 ἢ
2885 3512 3021 3575 ὅλως
3057 3514 3152 3565 ἀπ’
3186 3512 3359 3581 αὐτῆς
3400 3512 3709 3584 συληθῆναι

2118 3603 2188 3656 τά
2231 3604 2402 3674 μέρης
2434 3604 2558 3668 Πῶς
2582 3604 2638 3656 δὲ
2671 3604 2883 3659 ἔσονται
2920 3605 2969 3656 ot
3006 3603 3099 3659 δύο
3131 3604 3438 3666 ἐπιτοαυτὸ,
3470 3604 3576 3658 ἀνά
3600 3605 3708 3674 μὲ-

2125 3712 2213 3765 ρος
2236 3694 2462 3758 ἕκαστος
2490 3712 2656 3767 κεκτη
2666 3697 2856 3767 μένος;
2890 3697 2951 3749 Et
2981 3696 3088 3769 γὰρ
3117 3696 3253 3759 ὅλως
3281 3696 3419 3767 μέρη
3444 3695 3576 3765 ἔχει,
3602 3697 3709 3749 καὶ

2120 3787 2189 3839 τὰ
2235 3786 2397 3855 ἔτερα
2434 3786 2574 3857 μέρη
2607 3787 2707 3840 οὐκ
2759 3786 2947 3850 αὐτοῦ,
2988 3787 3172 3840 οὐκέτι
3207 3786 3612 3855 Παντοκράτωρ
3674 3788 3707 3839 6

2127 3882 2523 3953 Παντοκράτωρ
2548 3878 2898 3949 κληθήσεται,
2931 3879 3111 3930 οὐκέτι
3135 3876 3267 3939 Θεὸς
3284 3876 3393 3930 τῶν
3418 3878 3703 3941 ἁπάντων,

2123 3967 2303 4021 οὐκέτι
2330 3968 2637 4039 ὑποχείριος
2664 3970 2693 4021 6
2724 3968 2892 4030 κακὸς
2928 3966 3022 4020 τοῦ
3055 3966 3257 4035 ἀγαθοῦ
3292 3968 3533 4039 γένηται,
3560 3966 3704 4021 ἀλλὰ

2124 4060 2351 4123 ἕκαστος
2398 4060 2576 4113 αὐτῶν
2608 4060 2718 4130 ἔχει
2758 4060 2857 4131 τὴν
2899 4059 3033 4115 ἰδίαν
3070 4058 3400 4112 δεσποτείαν.
3442 4058 3602 4125 Τίνος
3641 4058 3705 4114 δὲ

2126 4148 2231 4220 ἄρα
2264 4152 2292 4203 6
2321 4150 2552 4223 πονηρὸς
2585 4149 2850 4221 δεσπότης
2878 4150 3050 4214 ἔσται,
3084 4150 3277 4220 μηκέτι
3305 4148 3453 4213 ὄντος
3481 4148 3576 4202 τοῦ
3610 4150 3706 4203 κό-

2128 4258 2285 4311 σμου,
2329 4240 2465 4312 μήτε
2504 4240 2611 4294 τῶν
2647 4242 2736 4293 ὑπ’
2764 4239 2930 4294 αὑτοῦ
2972 4239 3126 4305 ζώων
3170 4258 3229 4294 τε
3268 4242 3363 4295 καὶ
3393 4240 3703 4313 ἀνθρώπων

2130 4334 2567 4403 κυριευομένων;
2599 4334 2661 4387 Εἰ
2702 4333 2758 4386 δὲ
2793 4334 2931 4397 ὅλως
2975 4333 3143 4397 κακός
3184 4335 3299 4386 ἐστι
3338 4333 3432 4387 καὶ
3468 4332 3568 4403 ὕλη
3605 4334 3704 4387 καὶ

458 4419 773 4488 subjacent?
820 4420 1085 4477 Prmterea
1122 4436 1244 4475 cum
1292 4422 1431 4476 idem
1483 4422 1577 4477 ille
1604 4424 1829 4477 materia
1866 4424 2016 4478 simul

2132 4425 2325 4497 φθορὰ,
2357 4425 2475 4488 πῶς
2506 4425 2705 4496 μᾶλλον
2731 4425 2831 4478 οὐκ
2858 4424 3067 4496 ἐφθάρη
3091 4441 3105 4489 ;
3134 4426 3196 4478 Et
3219 4424 3323 4495 γὰρ
3347 4424 3531 4477 ἔκτοτε
3559 4428 3593 4495 ἡ
3612 4419 3704 4479 οὗ·

459 4523 620 4580 atque
663 4513 946 4580 corruptio
988 4512 1080 4576 sit,
1113 4528 1297 4567 nonne
1343 4528 1453 4582 pra:
1497 4514 1710 4569 caneris
1750 4515 2026 4585 corrumpi

459 4603 577 4671 ipse
616 4603 840 4656 debuit?
880 4602 1015 4657 Nam
1048 4605 1094 4659 si
1134 4620 1201 4658 ex
1235 4604 1327 4658 illo
1361 4613 1605 4675 tempore
1636 4607 1837 4659 malum
1865 4607 2027 4678 673

458 4694 846 4764 etsicorruptio
866 4694 1003 4751 I'oret
1040 4704 1345 4771 czeteraque
1369 4708 1765 4769 corrumperet,
1787 4700 2027 4769 seipsum

462 4786 684 4840 minime
725 4788 1049 4857 corrumpit,
1084 4803 1192 4842 non
1235 4798 1319 4843 est
1362 4791 1506 4860 quod
1553 4790 1892 4859 corruptioni
1932 4790 2029 4843 ob-

462 4880 686 4935 noxium
733 4879 867 4934 illud
895 4895 1019 4936 esse
1050 4878 1413 4949 suspicemur,
1447 4895 1570 4935 cum
1600 4880 1672 4934 ita
1713 4887 2031 4948 corrumpat

462 4984 679 5036 uetera,
716 4972 895 5043 ipsum
931 4972 1239 5027 immortale
1264 4971 1355 5036 sit,
1389 4987 1487 5027 nec
1517 4970 1791 5040 exstingui
1834 4969 2027 5039 possit.

464 5065 541 5119 Ex
570 5080 679 5137 quo
708 5074 762 5120 et
794 5063 929 5119 illud
978 5064 1250 5135 sequitur,
1281 5078 1406 5117 cum
1454 5061 1626 5119 solida
1660 5068 2030 5131 perpetuaque

464 5158 769 5213 substantia
798 5165 1033 5220 constet,
1063 5172 1126 5211 ac
1150 5163 1348 5226 praeter
1365 5170 1486 5211 sese
1513 5163 1800 5209 consumat
1822 5153 2026 5217 omnia,

464 5251 599 5305 nihil
626 5250 696 5304 ab
729 5250 823 5304 illo
852 5250 1102 5303 relictum
1134 5249 1225 5309 iri,
1256 5246 1349 5300 sed
1381 5260 1505 5299 cum
1543 5254 1865 5299 caeterorum
1895 5259 2029 5298 con-

414 5394 417 5395 ν
467 5341 706 5411 sumptio
744 5340 836 5406 sit,
884 5340 993 5395 illis
1025 5340 1156 5408 ipsis
1182 5338 1463 5392 interitum
1497 5337 1809 5390 allaturum.
1834 5334 2031 5402 Quam-

468 5435 657 5487 obrem
681 5432 761 5486 sic
790 5431 935 5486 illius
965 5430 1276 5486 substantia
1306 5427 1664 5500 permanebit,
1693 5428 1829 5482 nihil
1856 5437 2021 5484 uteo-

467 5538 590 5577 rum
620 5536 741 5592 quae
762 5529 901 5597 sunt
930 5521 1167 5576 residere
1198 5519 1467 5592 patiatur,
1505 5519 1597 5575 sed
1637 5519 1749 5574 sola
1779 5534 2029 5591 perseve-

538 5674 554 5707 ⁸
586 5672 649 5729 F.
687 5674 869 5741 ἔμενε.

2131 4536 2198 4570 σα
2228 4517 2393 4570 κακία
2422 4516 2594 4589 φθορά
2634 4517 2868 4587 ὑπῆρχε,
2905 4517 2998 4571 καὶ
3040 4515 3247 4588 φθείρει
3294 4516 3392 4587 μὲν
3434 4516 3503 4571 τὰ
3540 4516 3701 4579 ἄλλα,

2129 4610 2265 4681 αὕτη
2294 4609 2351 4663 δὲ
2382 4608 2579 4680 ἑαυτὴν
2606 4608 2667 4662 οὐ
2697 4608 2931 4680 φθείρει,
2956 4608 3137 4663 οὐκέτι
3159 4607 3487 4679 φθειρομένη
3518 4608 3704 4678 ὑπάρ-

2130 4719 2233 4773 χει,
2269 4704 2303 4772 ἡ
2348 4700 2482 4755 ἄλλα
2520 4701 2617 4771 μὲν
2652 4699 2968 4772 φθείρουσα,
3005 4698 3142 4771 αὕτη
3184 4700 3416 4769 μένουσα
3452 4698 3701 4762 ἁένναος,

2130 4793 2224 4845 καὶ
2260 4790 2333 4862 μὴ
2359 4789 2750 4862 ἀφανιζομένη.
2791 4789 2973 4860 Αὐτῆς
3010 4790 3068 4843 δὲ
3107 4789 3374 4859 μενούσης
3413 4788 3471 4841 ἐν
3506 4790 3705 4858 στερεᾷ

2131 4883 2444 4948 ὑποστάσει,
2483 4881 2807 4955 φθειρούσης
2837 4881 2893 4937 δὲ
2924 4881 2991 4937 τὰ
3022 4880 3178 4945 ἄλλα,
3207 4880 3302 4939 καὶ⁸
3337 4879 3433 4949 οὐχ
3476 4880 3702 4952 ἑαυτὴν,

2129 4975 2279 5029 οὐδὲν
2313 4975 2423 5045 ἔχει
2458 4975 2638 5039 ἐᾶσαι,
2669 4973 2805 5031 ἀλλὰ
2832 4972 3047 5037 πάντως
3079 4975 3112 5042 ἠ
3148 4970 3323 5043 φθορά
3360 4970 3469 5024 τῶν
3497 4971 3706 5043 ἐτέρων

2129 5070 2199 5123 τὰ
2228 5070 2390 5141 ἐτερα
2418 5069 2648 5141 φθείρει.
2704 5068 3067 5140 Ἐπιμένουσα
3097 5066 3154 5120 δὲ
3201 5067 3235 5137 ὴ
3268 5065 3435 5143 αὐτῆς
3464 5064 3703 5117 ὑπόσταο

2133 5178 2236 5227 σις,
2261 5160 2355 5214 καὶ
2393 5160 2574 5215 οὐκέτι
2598 5160 2746 5215 ἐάσει
2777 5160 2831 5213 τὶ
2853 5157 2962 5213 τῶν
2991 5159 3179 5220 ὄντων,
3215 5156 3348 5210 ἀλλά
3382 5154 3522 5225 αὕτη
3565 5155 3701 5226 μόνη

2135 5255 2304 5322 μενεῖ’
2333 5251 2402 5305 τὰ
2431 5252 2487 5305 δὲ
2516 5250 2844 5322 φθειρόμενα
2882 5249 2948 5303 δι’
2976 5247 3146 5319 αὐτῆς
3181 5247 3518 5315 ἀφανίζεται.
3546 5246 3613 5299 Εἰ
3648 5246 3701 5299 δὲ

2088 5388 2093 5391 ν
2132 5345 2224 5397 καὶ
2246 5344 2407 5414 ἑαυτῇ
2430 5344 2545 5397 ἐστι
2574 5343 2737 5412 κακὴ,
2770 5342 2865 5397 καὶ
2893 5342 3055 5412 ἐαυτῇ
3084 5339 3277 5411 φθορὰ,
3310 5338 3490 5392 οὐκέτι
3512 5339 3545 5407 ὴ
3573 5337 3705 5390 ὑπό-

2135 5452 2321 5499 στασις
2352 5435 2520 5505 αὐτῆς
2552 5432 2898 5505 σταθήσεται.
2935 5432 3010 5485 Οὐ
3056 5429 3215 5501 μόνον
3259 5431 3315 5483 ἐν
3341 5426 3418 5497 τῷ
3456 5425 3703 5497 μέλλοντι

2133 5527 2359 5597 εἴποιμι,
2401 5524 2537 5579 ἀλλὰ
2572 5526 2664 5579 καὶ
2702 5523 2886 5578 ἔκτοτε
2929 5520 3287 5591 ἀφανισθεῖσα
3329 5519 3395 5575 ἀν
3434 5518 3693 5594 ὑπῆρχεν,
