3850 6204
199 281 300 338 Fu

846 277 1213 338 Αῡνειιευδ
1247 279 1590 339 ΗΑΞΒΕΘΕΒ
1628 284 1756 343 LIB.

1901 286 2064 343 TOM.
2107 285 2245 342 lI.—
2283 285 2555 341 llEBES.
2597 285 2777 342 LX“.

3342 287 3445 344 ινα

199 400 303 469 ήδη
324 397 384 452 δὲ
410 395 468 448 ἑν
497 395 661 465 ἑαυτῇ
689 393 885 464 ἑαυτὴν
927 393 1197 466 φθείρασά
1237 413 1297 450 τε
1338 399 1434 452 καὶ
1465 399 1777 469 ἀφανισθεῖ-

1883 416 2012 456 rans
2065 400 2322 455 universa
2383 398 2710 470 proﬂigabit.
2754 397 2887 452 Nam
2939 399 2986 454 si
3027 414 3180 454 suam
3217 416 3272 454 in
3323 416 3447 459 sese

200 507 289 542 σα.
341 486 501 540 Ἀλλά
529 485 698 538 ταῦτα
732 485 908 539 πάντα
940 487 1058 539 ἐστὶ
1101 486 1172 540 τὰ
1201 488 1514 560 διηγήματα
1547 491 1648 562 τῆς
1680 493 1774 546 τοῦ

195 582 432 649 ἀφρονος
476 575 880 647 ματαιολογίας,
937 576 974 630 ἃ
1008 581 1438 649 κατανοήσαντες
1475 582 1525 634 oi
1569 584 1779 637 συνετοὶ

194 669 301 720 υἱοὶ
316 668 418 737 τῆς
432 668 590 735 ἀγίας
617 667 709 721 τοῦ
726 665 860 720 Θεοῦ
889 665 1205 736 Ἐκκλησίας
1230 671 1462 734 πίστεώς
1477 689 1534 725 τε
1553 672 1646 726 τοῦ
1664 675 1778 727 Κυ-
1803 721 1806 724 .

195 757 339 827 ρίου,
364 757 674 828 διακρίνατε
706 757 797 808 τὸν
827 756 1094 828 ἀγύρτην,
1123 758 1217 810 καὶ
1245 762 1651 829 καταγελάσαιτε
1678 763 1779 834 τῆς

194 847 365 900 αὑτοῦ
414 847 701 920 ληρωδίας.
749 847 1196 903 Ἐπανελεύσεται
1232 848 1290 902 δὲ
1327 851 1409 914 είς
1453 851 1552 915 τὰς
1595 853 1780 918 κακῶς

192 939 373 1010 ἑαυτῷ
401 939 824 1009 ὲπινενοημένας
853 941 1174 1010 προφάσεις,
1209 940 1305 995 καὶ
1342 942 1448 995 ἀπὸ
1483 944 1594 997 τῶν
1621 943 1779 999 θείων

191 1032 432 1104 Γραφῶν
463 1031 774 1103 ὁμοιώσεις,
796 1033 888 1086 καὶ
907 1033 1007 1102 οὐχ
1033 1031 1204 1096 οὕτως
1233 1034 1481 1104 ἐχούσας,
1518 1035 1654 1089 ἀλλά
1684 1035 1779 1090 οὔ·

189 1132 301 1189 τως
332 1126 425 1179 ὑπ’
451 1125 614 1180 αὐτοῦ
653 1125 834 1190 κακῶς
864 1125 1178 1196 νοουμένας.
1201 1127 1336 1198 Φέρε
1363 1123 1454 1182 οὖν
1488 1128 1777 1200 ἐκθώμεθα

188 1216 335 1268 αύτά
391 1215 456 1288 δὴ
509 1217 649 1270 κατά
687 1217 850 1282 λέξιν,
888 1218 954 1283 ἃς
989 1218 1345 1273 ύποκλέπτων
1385 1221 1448 1274 ἐκ
1477 1219 1588 1272 τῶν
1619 1221 1778 1278 θείων

189 1306 450 1378 Γραφῶν,
476 1308 552 1374 ῶς
579 1308 736 1378 ἔφην,
775 1309 915 1363 κατά
943 1309 1034 1362 τὸν
1057 1309 1182 1364 νοῦν
1205 1307 1368 1364 αὑτοῦ
1397 1310 1690 1379 διηγεῖται·
1720 1311 1768 1365 εί

190 1399 291 1451 καὶ
349 1399 582 1469 μάλιστα
625 1399 887 1464 πολλάκις
927 1399 1026 1464 τὰς
1080 1398 1249 1463 αύτάς
1290 1399 1768 1472 διαλαμϐάνοντες,

189 1491 476 1562 ἁκρὸτατα
503 1491 880 1560 διηλέγξσμεν.

1876 491 2140 548 malitiam
2161 497 2410 546 exerceat
2449 505 2616 562 seque
2640 490 2756 559 ipsa
2782 498 3116 560 corrumpat,
3138 506 3246 545 non
3269 499 3448 563 potest

1877 590 2138 638 constans
2155 581 2275 650 ejus
2304 595 2428 636 esse
2449 579 2771 650 stabilisque
2798 579 3122 636 substantia.
3147 581 3226 635 Ac
3246 581 3445 638 nedum

1877 674 2080 730 futuris
2105 681 2294 744 postea
2325 672 2682 744 temporibus,
2711 671 2805 728 sed
2823 689 2891 728 ne
2913 674 3200 744 praeteritis
3227 675 3447 745 quidem

1877 765 2060 821 facere
2083 765 2278 835 potuit,
2311 765 2442 836 quin
2479 780 2538 822 se
2568 773 2761 836 suapte
2791 766 2960 836 ipsius
2986 766 3227 836 pernicie
3254 768 3449 822 exitio-

1875 874 1982 928 que
2012 858 2327 913 conticeret.
2369 856 2647 926 Ejusmodi
2690 864 2818 912 sunt
2857 858 3178 927 ineptissimi
3214 858 3450 914 hominis

1875 965 2032 1021 nugae
2063 963 2128 1004 ac
2161 948 2380 1004 fabulze.
2413 947 2622 1013 Quibus
2652 948 3051 1004 animadversis
3080 964 3180 1004 vos
3211 948 3450 1019 pruden-

1832 1052 1840 1075 ι
1871 1051 1975 1103 tes,
2008 1050 2212 1096 sancta:
2233 1040 2326 1095 Dei
2358 1039 2612 1095 Ecclesiae
2646 1054 2710 1094 ac
2740 1039 3033 1096 Dominicis
3062 1039 3185 1093 fidei
3218 1040 3445 1108 alumni,

1872 1121 2050 1200 qualis
2085 1134 2351 1199 impostor
2382 1131 2472 1186 ille
2501 1130 2574 1184 sit
2600 1145 2724 1184 cum
2757 1130 2966 1197 judicio
3007 1138 3188 1184 vestro
3213 1145 3438 1200 perpen-

1878 1219 2016 1285 Jite,
2057 1220 2286 1289 ejusque
2334 1220 2546 1276 somnia
2578 1219 2838 1275 deridete.
2879 1218 2983 1274 Sed
3025 1220 3091 1274 ad
3126 1227 3446 1290 argumenta

1871 1307 2116 1376 quaedam
2132 1307 2558 1377 occasionesque
2576 1322 2855 1378 perperam
2874 1324 2938 1363 ex
2959 1307 3257 1379 Scripturis
3276 1309 3452 1365 sacris

1873 1399 1946 1454 ob
1987 1399 2300 1454 nonnullam
2359 1398 2771 1454 similitudinem
2823 1415 3114 1469 expressas
3164 1400 3449 1470 confugit;

1875 1505 1997 1560 qua:
2027 1504 2150 1544 cum
2185 1490 2330 1544 aliud
2374 1489 2479 1546 sibi
2510 1493 2700 1553 velint,
2737 1491 2878 1545 male
2906 1491 2975 1546 ab
3007 1507 3074 1546 eo
3111 1491 3450 1546 contrarium

188 1586 251 1641 in
285 1601 512 1640 sensum
545 1584 853 1638 trahuntur.
887 1579 1028 1655 Ergo
1067 1584 1180 1638 haec
1211 1584 1329 1653 ipsa
1376 1582 1561 1638 furtim
1596 1582 1666 1637 ab
1701 1597 1768 1638 eo
1807 1582 1980 1636 sacris
2002 1597 2033 1636 e
2075 1579 2297 1634 Litteris
2327 1582 2651 1644 interversa,
2684 1591 2738 1636 et
2797 1581 2866 1636 ad
2901 1582 3074 1652 ipsius
3127 1581 3451 1638 sententiam

188 1673 610 1728 accommodata
640 1671 830 1728 iisdem
872 1670 1052 1726 verbis
1081 1671 1136 1725 in
1184 1671 1421 1726 medium
1460 1669 1774 1726 afferamus.
1813 1667 2136 1739 Quanquam
2164 1683 2267 1726 nos
2291 1669 2450 1725 exiis
2503 1671 2704 1740 smpius
2739 1669 3082 1742 disputantes
3145 1675 3449 1730 accuratis-

187 1769 338 1820 sime
364 1764 686 1825 refellimus.

265 1854 390 1911 EA’.
415 1855 637 1927 Πρῶτον
672 1858 772 1928 μὲν
798 1849 890 1910 οῦν
913 1855 994 1910 ὅτι
1023 1855 1198 1927 εὑρὼν
1223 1856 1280 1908 ὲν
1307 1857 1427 1919 ταῖς
1447 1855 1619 1919 θείαις
1637 1855 1778 1928 Γρα-

1949 1849 2085 1906 LXI.
2121 1849 2178 1905 In
2203 1850 2396 1922 primis
2426 1851 2593 1920 igitur
2619 1867 2744 1907 cum
2777 1853 2982 1910 divinis
3006 1855 3060 1909 in
3097 1854 3318 1913 Litteris
3357 1858 3455 1915 Pa-

187 1949 327 2014 φαῖς
373 1948 500 2018 περὶ
535 1946 889 2018 Παρακλήτου
923 1946 1208 2018 ὀνόματος,
1249 1947 1343 1999 καὶ
1369 1946 1643 2017 ἀγνοήσας
1675 1945 1775 2016 τὴν

189 2038 288 2092 τοῦ
323 2039 479 2108 ἁγίου
513 2039 868 2111 Παρακλήτου
901 2038 1147 2110 δύναμιν,
1173 2037 1362 2092 ἑαυτὸν
1389 2038 1772 2109 ὑπεισήνεγκε,

190 2131 426 2200 νομίσας
469 2127 606 2184 εἶναι
659 2129 835 2184 τοῦτο.
867 2131 978 2184 Kal.
1015 2131 1212 2199 φάσκει
1259 2130 1357 2200 μὲν
1393 2128 1546 2200 αύτῷ
1573 2128 1642 2182 τά
1672 2128 1778 2181 ὑπὸ

187 2223 286 2275 τοῦ
335 2223 491 2290 ἁγίου
534 2223 748 2276 Παύλου
795 2221 1060 2293 εἰρημένα
1114 2220 1662 2293 παρακεχωρηκέναι,
1701 2219 1776 2284 ὠς

187 2313 287 2367 τοῦ
342 2313 501 2381 ἀγίου
553 2313 874 2368 Ἀποστόλου
914 2314 1202 2384 φήσαντος·
1262 2313 1395 2380 Ἀπὸ
1428 2311 1652 2383 μέρους
1694 2327 1777 2380 τι-

186 2403 532 2474 νώσκομεν,
567 2405 664 2459 καὶ
688 2405 808 2460 ἀπὸ
837 2403 1052 2474 μέρους
1079 2405 1550 2473 προφητεύομεν.
1591 2401 1778 2458 ’Όταν

184 2497 343 2564 ἔλθῃ
374 2495 439 2549 τὸ
465 2496 798 2560 τέλειον-,τὸ
832 2495 952 2550 ἀπὸ
982 2494 1201 2565 μέρους
1241 2493 1776 2564 καταργηθήσεται.

186 2589 368 2644 Τοῦτο
416 2589 475 2644 δὲ
522 2590 651 2662 περὶ¹
699 2589 1058 2661 Παρακλήτου
1104 2587 1214 2641 οὐδ’
1249 2587 1385 2651 ὅλως
1417 2571 1708 2641 ’ἐκτίθεται
1750 2587 1780 2640 ὁ

155 2679 350 2752 ’ἅγιος
399 2681 738 2743 ’Δπόστολος,
778 2681 808 2742 ᾧ
851 2677 1208 2745 καταξιωθεὶς
1263 2675 1430 2731 αὑτοῦ
1486 2678 1578 2731 τοῦ
1623 2677 1776 2746 ἁγίου

187 2773 514 2844 Πνεύματος
545 2772 682 2842 μετά
709 2771 817 2824 τῶν
849 2771 1050 2842 ὁμοίων
1079 2771 1242 2824 αὑτοῦ
1267 2769 1599 2824 ἀποστόλων·
1644 2769 1780 2832 ἀλλά

188 2866 320 2934 περὶ
356 2864 466 2917 τῶν
496 2865 589 2918 δύο
617 2864 834 2933 κόσμων
874 2864 1130 2935 διηγεῖτο,
1175 2865 1305 2933 περὶ
1347 2863 1442 2916 τοῦ
1486 2861 1780 2926 ἐνεστῶτος

187 2959 286 3011 καὶ
318 2957 627 3029 μέλλοντος,
664 2956 739 3022 ὡς
766 2957 923 3027 ἔφην,
959 2959 1072 3020 τοῖς
1110 2957 1454 3027 βουλομένοις
1490 2956 1618 3026 περὶ
1653 2973 1772 3008 και.

192 3049 306 3119 ρῶν
338 3048 798 3119 καταλαμϐάνειν.
841 3048 972 3101 ’Ὅτι
1003 3047 1198 3117 μηδὲν
1237 3046 1394 3118 ὑμᾶς
1423 3045 1688 3114 πτυρέτω
1712 3047 1782 3100 ἐν

185 3141 374 3209 λόγῳ,
403 3139 475 3192 ἐν
500 3136 816 3206 ἐπιστολῇ,
839 3137 918 3203 ὡς
944 3136 1033 3191 ὅτι
1068 3138 1106 3206 ὴ
1128 3136 1318 3207 ἡμέρα
1352 3135 1641 3203 ἐνέστηκε
1675 3136 1781 3189 τοῦ

188 3229 443 3297 Κυρίου.
500 3228 640 3282 Ἐὰν
691 3227 799 3298 γὰρ
841 3227 927 3297 μὴ
965 3226 1370 3296 ἀποκαλυφθῆ
1425 3229 1458 3281 δ
1503 3226 1634 3293 υίὸς
1669 3225 1780 3294 τῆς

187 3321 473 3390 ἀνομίας,
519 3323 554 3374 ό
597 3319 903 3389 ἄνθρωπος
939 3318 1050 3386 τῆς
1085 3318 1340 3384 ἀδικίας,
1385 3319 1480 3372 καὶ
1527 3317 1596 3370 τά
1635 3317 1778 3388 ἑξῆς.

190 3415 304 3467 Kal.
335 3412 506 3467 πάλιν
531 3411 892 3466 συνελθόντων
913 3409 1022 3464 τῶν
1048 3410 1304 3482 μαθητῶν
1331 3409 1466 3481 πρὸς
1493 3409 1584 3461 τὸν
1612 3408 1787 3478 Σωτῆ-

192 3522 286 3578 ρα,
337 3505 570 3577 ἠρώτων
622 3504 785 3558 αὑτὸν
827 3504 956 3576 περὶ
987 3504 1086 3574 τῆς
1112 3501 1440 3566 συντελείας,
1478 3501 1574 3555 καὶ
1601 3499 1783 3569 ἔλεγεν

186 3598 404 3660 αὐτοῖς*
468 3599 591 3666 Οὐχ
625 3593 790 3664 ὑμῶν
835 3593 1156 3664 ἐπιγνῶναι
1211 3595 1471 3664 χρόνους
1517 3594 1615 3646 καὶ
1666 3609 1785 3647 και-

182 3687 364 3756 ροὺς,
394 3686 504 3752 οὓς
541 3689 574 3740 d
597 3685 801 3754 Πατὴρ
832 3687 996 3739 ἔθετο
1021 3685 1090 3738 ὲν
1111 3681 1187 3752 τῇ
1216 3683 1336 3749 ἰδίᾳ
1367 3682 1640 3749 ἐξουσίᾳ·
1673 3683 1783 3736 ἀλ-

188 3779 272 3832 λὰ
294 3766 578 3846 λήψεσθε
605 3776 860 3845 δύναμιν
889 3775 1250 3840 ἐπελθόντος
1275 3773 1382 3827 τοῦ
1409 3772 1582 3843 ἁγίου
1599 3773 1784 3826 Πνεύ-

186 3887 385 3939 ματος
415 3867 510 3938 ἐφ’
544 3865 718 3938 ὑμᾶς.
751 3867 861 3918 Καὶ
897 3865 1058 3918 πάλιν
1100 3863 1303 3932 ἔλεγεν·
1354 3865 1498 3919 Ἀπὸ
1540 3864 1784 3931 Ἰεροσο-

188 3963 405 4030 λύμων
429 3959 518 4030 μὴ
544 3955 877 4029 χωρίζεσθε,
901 3956 1365 4026 ἀπεκδεχόμενοι
1404 3953 1520 4024 τὴν
1538 3954 1785 4024 ἐπαγγε-

189 4057 341 4109 λίαν
389 4052 500 4108 τοῦ
554 4055 918 4123 Πνεύματος,
966 4050 1047 4119 ἦν
1081 4052 1400 4118 ἠκούσατε,
1443 4051 1686 4105 τουτέστι
1723 4050 1785 4104 τδ

193 4148 427 4218 Πνεῦμα
470 4146 532 4199 τὸ
566 4144 938 4216 Παράκλητον,
977 4144 1151 4214 δέφη·
1193 4143 1334 4197 Ἐὰν
1371 4143 1485 4212 ἐγὼ
1522 4143 1782 4208 ἀπέλθω,

191 4239 433 4304 ἐκεῖνος
461 4238 796 4300 ἐλεύσεται,
817 4235 918 4289 καὶ
955 4234 1278 4305 ἀναγγελεῖ
1302 4235 1444 4305 ὑμῖν
1467 4236 1541 4290 τὰ
1566 4234 1782 4288 πάντα.

127 4327 130 4334 ’
192 4333 271 4386 Τὸ
293 4333 374 4394 δὲ,
421 4327 775 4399 Ἀναγγελεῖ
809 4326 952 4395 ὑμῖν
995 4327 1068 4381 τὰ
1099 4327 1314 4392 πάντα,
1359 4326 1424 4379 δι’
1449 4327 1516 4398 ἢν
1565 4324 1786 4396 ἔμελλον

194 4421 600 4488 ηταξιοῦσθαι
628 4421 855 4492 δωρεάν,
895 4419 1165 4491 ἐνοικήσει
1211 4422 1268 4473 ὲν
1299 4420 1483 4482 αὐτοῖς
1527 4417 1589 4471 τὸ
1633 4417 1786 4485 ἅγιον

1877 1944 2067 1998 racleti
2109 1958 2306 1999 nomen
2351 1943 2670 2007 invenisset,
2710 1960 2773 2000 ac
2817 1945 2924 1998 vim
2971 1947 3117 2002 illius
3154 1949 3449 2018 ignoraret,

1878 2045 2054 2098 semet
2083 2037 2260 2106 ipsum
2290 2052 2392 2108 pro
2423 2053 2554 2093 vero
2583 2037 2789 2108 Spiritu
2817 2042 3124 2109 supposuit.
3163 2040 3346 2112 Itaque
3384 2044 3451 2098 ad

1879 2145 2002 2186 sese
2042 2129 2316 2200 pertinere
2361 2130 2452 2184 illa
2495 2130 2675 2194 docet,
2718 2147 2840 2201 quae
2873 2132 2941 2186 ab
2985 2133 3233 2199 apostolo
3287 2125 3454 2190 Paulo

1877 2221 2136 2276 dicuntur
2168 2239 2181 2276 :
2215 2220 2302 2274 Ea:
2345 2231 2494 2290 parte
2527 2223 2911 2293 cognoscimus,
2953 2233 3004 2277 et
3041 2241 3106 2279 ea:
3141 2237 3293 2292 parte
3333 2243 3457 2295 pro-

1876 2316 2172 2382 phetamus.
2205 2312 2339 2370 Cum
2379 2314 2572 2368 venerit
2606 2313 2744 2385 quod
2777 2315 3067 2383 perfectum
3094 2327 3192 2382 est,
3233 2334 3456 2372 evacua-

1880 2404 2021 2457 bitur
2063 2405 2200 2472 quod
2225 2419 2289 2458 ea:
2322 2412 2476 2470 parte
2501 2413 2580 2460 est
2620 2404 2660 2459 ί.
2705 2403 2868 2474 Atqui
2898 2405 2966 2460 de
3001 2405 3283 2462 Paracleto
3306 2410 3457 2465 nullo

1879 2493 2042 2549 modo
2084 2493 2201 2551 hac
2235 2495 2608 2566 pronuntiavit
2639 2495 2974 2566 Apostolus,
3005 2498 3102 2568 qui
3137 2513 3261 2553 cum
3295 2499 3458 2555 soda-

1878 2584 2026 2641 libus
2051 2586 2168 2643 suis
2200 2587 2465 2658 apostolis
2489 2586 2753 2660 Spiritum
2785 2597 3037 2646 sanctum
3067 2590 3317 2662 accipere
3342 2607 3458 2656 me-

1879 2679 2029 2747 ruit;
2066 2679 2164 2735 sed
2193 2680 2260 2736 de
2294 2681 2504 2754 duplici
2542 2682 2748 2738 mundo
2773 2696 3086 2738 sermonem
3118 2683 3456 2751 instituerat,

1880 2772 2134 2840 prmsenti
2164 2771 2420 2829 videlicet
2437 2787 2501 2828 ac
2532 2773 2739 2839 futuro,
2771 2781 2995 2845 propter
3023 2775 3337 2839 nonnullos,
3359 2774 3458 2846 qui

1881 2863 1948 2920 de
1997 2866 2341 2934 temporibus
2401 2866 2546 2923 scire
2595 2874 2760 2937 atque
2814 2865 3091 2935 inquirere
3143 2867 3456 2936 cupiebant.

1885 2957 2059 3024 Nihil,
2093 2957 2296 3027 inquit,
2335 2967 2528 3013 terreat
2567 2975 2656 3014 vos
2704 2959 2758 3013 in
2793 2975 3050 3023 sermone,
3079 2967 3173 3011 aut
3209 2959 3456 3026 epistola,

1881 3050 2036 3120 quasi
2067 3050 2225 3102 instet
2251 3048 2362 3102 dies
2392 3047 2629 3103 Domini.
2665 3046 2791 3103 Nisi
2811 3048 2952 3102 enim
2995 3048 3256 3104 revelatus
3295 3049 3458 3117 fuerit

1883 3141 2027 3209 βίαια
2051 3139 2368 3205 iniquitatis,
2395 3139 2549 3194 homo
2590 3140 2868 3208 iujustitite
2900 3141 2941 3203 ',
2969 3149 3076 3194 etc.
3119 3138 3262 3206 Quin
3293 3140 3458 3195 etiam

1885 3229 2340 3285 convenientibus
2384 3230 2724 3292 Salvatorem
2754 3231 3040 3301 apostolis.
3069 3244 3132 3284 ac
3163 3230 3231 3283 de
3269 3229 3459 3283 mundi

1884 3335 2085 3377 occasu
2112 3321 2544 3383 sciscitantibus,
2569 3322 2644 3374 ita
2665 3321 2781 3392 ipse
2805 3319 3085 3391 respondit
3106 3337 3119 3375 ;
3145 3319 3312 3392 6⁵14,
3337 3319 3459 3376 Non

1883 3422 1960 3466 est
1990 3421 2217 3468 vestrum
2257 3430 2410 3469 nosse
2444 3425 2682 3484 tempora
2713 3414 2789 3469 vel
2842 3422 3128 3476 momenta,
3159 3429 3274 3482 qua:
3298 3412 3460 3467 Pater

1882 3507 2056 3574 posuit
2087 3507 2139 3560 in
2175 3523 2276 3560 sua
2307 3517 2606 3576 potestate;
2659 3507 2748 3561 sed
2781 3507 3045 3573 accipietis
3078 3506 3320 3560 virtutem
3375 3521 3461 3557 su—

1883 3599 2222 3667 perrenientis
2246 3596 2478 3666 Spiritus
2513 3599 2681 3652 sancti
2704 3599 2758 3651 in
2798 3598 2939 3652 vos'.
2975 3596 3124 3660 Item,
3149 3595 3459 3665 Hierosoly-

1885 3691 2007 3749 mis,
2042 3689 2240 3758 inquit,
2282 3705 2344 3743 ne
2365 3689 2635 3753 discedite,
2669 3697 3027 3756 exspectantes
3051 3687 3459 3756 promissionem

1884 3783 2125 3851 spiritus,
2160 3798 2319 3852 quam
2358 3779 2584 3834 audistis
2619 3779 2662 3846 ι,
2696 3781 2800 3835 hoc
2827 3787 2910 3836 est
2935 3779 3276 3835 Paracletum
3298 3778 3454 3832 illum

1887 3871 2174 3944 Spiritum,
2209 3873 2278 3928 de
2305 3889 2417 3945 quo
2437 3872 2648 3928 dixerat
2676 3890 2689 3926 ε
2729 3869 2790 3926 Si
2823 3887 2915 3941 ego
2944 3871 3122 3924 abiero
3149 3868 3239 3924 ille
3268 3869 3455 3934 veniet,

1884 3973 1934 4018 et
1972 3963 2308 4019 annuntiabit
2349 3963 2488 4018 vobis
2521 3963 2702 4017 omnia
2745 3961 2790 4017 ⁸.
2827 3961 2960 4026 Quae
3005 3959 3224 4030 quidem
3263 3957 3454 4023 verba,

1886 4052 2236 4108 Annuntiabit
2284 4052 2425 4108 vobis
2459 4052 2672 4117 omnia,
2727 4049 2792 4104 ad
2825 4051 3047 4105 caeleste
3093 4047 3295 4103 donum
3326 4046 3460 4101 illud

1885 4141 2033 4212 quod
2061 4149 2220 4198 erant
2239 4141 2511 4212 adepturi,
2533 4156 2630 4211 par
2657 4148 2743 4196 est
2768 4137 2982 4203 referri,
3021 4137 3166 4208 quod
3197 4137 3459 4191 nimirum

1888 4234 2233 4290 habitaturus
2265 4234 2320 4286 in
2357 4231 2492 4302 ipsis
2525 4237 2674 4285 esset
2702 4229 2943 4300 Spiritus
2970 4236 3219 4292 sanctus,
3249 4242 3359 4297 quo
3389 4226 3461 4283 iis

1889 4334 2072 4398 aperte
2105 4323 2361 4378 universa
2390 4319 2716 4385 declararet,
2759 4334 2882 4390 qua:
2907 4318 3129 4390 quidem
3172 4331 3370 4388 capere
3403 4317 3460 4372 in

1889 4419 1992 4472 hac
2019 4417 2128 4471 vita
2159 4420 2430 4486 poterant.
2455 4411 2818 4481 Quamobrem
2846 4425 2970 4467 cum
2997 4408 3064 4464 ad
3087 4424 3210 4466 eum
3237 4408 3458 4465 modum

196 4515 452 4588 Πνεῦμα,
505 4515 651 4576 ὅπως
698 4513 769 4567 τὰ
824 4514 1001 4569 πάντα
1052 4512 1232 4575 αὐτοῖς
1291 4509 1476 4579 σαφῶς
1521 4509 1778 4579 διηγήση-

1891 4508 2156 4565 Paracleti
2188 4506 2426 4577 Spiritus
2441 4512 2630 4561 essent
2656 4505 2712 4562 in
2739 4505 2842 4560 hac
2863 4504 2974 4558 vita
3005 4509 3284 4574 compotes
3308 4501 3464 4564 tacti.

193 4625 309 4671 ται,
369 4607 474 4660 ὅσα
521 4604 781 4675 ἠδύναντο
827 4604 887 4658 ἐν
951 4601 1029 4673 τῷ
1083 4601 1241 4655 αἰῶνι
1279 4599 1453 4670 τούτῳ
1511 4599 1781 4680 χωρῆσαι.

196 4695 312 4748 Kal.
344 4686 451 4748 ὧδε
496 4693 595 4764 μὲν
644 4694 700 4746 ἐν
753 4691 833 4764 τῷ
888 4691 1047 4745 αἰῶνι
1076 4691 1250 4760 τούτῳ
1305 4691 1674 4762 χωρήσαντες,
1723 4688 1786 4742 τὸ

199 4786 431 4859 Πνεῦμα
469 4787 529 4841 τὺ
562 4786 918 4859 Παράκλητον
968 4785 1398 4857 προεφήτευσαν·
1439 4783 1515 4848 ὡς
1546 4782 1786 4853 Ἀγαϐος

197 4881 586 4954 προεφήτευσε
622 4879 750 4952 περὶ
775 4877 934 4950 λιμοῦ
964 4877 1242 4948 ὲσομένοψ
1277 4878 1370 4931 καὶ
1399 4877 1481 4930 ὅτι
1509 4875 1784 4947 προφῆται

198 4974 310 5026 ἀπὸ
349 4971 741 5044 Ἰεροσολύμων
762 4971 1093 5042 κατέϐησανο
1126 4955 1220 5024 καὶ
1240 4970 1321 5022 ὅτι
1355 4965 1496 5040 ἦσαν
1517 4969 1785 5039 τέσσαρες

199 5062 507 5134 θυγατέρες
528 5061 607 5132 τῷ
633 5061 884 5132 Φιλίππῳ
905 5059 1362 5133 προφητεύουσαι.
1395 5059 1562 5112 Ὅταν
1582 5058 1639 5112 δὲ
1661 5074 1789 5128 προο

199 5153 555 5225 φητεύουσιν,
585 5153 692 5205 ἀπὸ
725 5151 925 5223 μέρους
958 5150 1384 5224 προφητεύουσι,
1413 5150 1506 5204 καὶ
1541 5149 1650 5203 ἀπὸ
1687 5148 1788 5220 μέ·-

201 5262 336 5318 ρους
377 5243 728 5313 γινώσκουσι.
769 5244 843 5298 Τὸ
895 5244 952 5299 δὲ
994 5244 1196 5298 τέλειον
1237 5243 1296 5296 ὲν
1337 5245 1452 5305 τοῖς
1504 5241 1788 5312 μέλλουσιν

199 5333 399 5388 αἰῶσιν
453 5333 767 5398 ἐλπίζοντες
810 5334 1183 5406 προσδοκῶσιν
1210 5334 1370 5395 ,ὅταν
1437 5332 1499 5385 τὸ
1546 5333 1785 5406 φθαρτὸν

201 5427 282 5488 είς
318 5424 635 5498 ἀφθαρσίαν
667 5427 1001 5499 μεταϐληθῇ,
1032 5426 1126 5480 καὶ
1157 5425 1215 5479 τὸ
1248 5423 1437 5498 θνητὸν
1481 5427 1560 5489 εἰς
1583 5424 1783 5481 ἀθανα-

210 5590 214 5592 ’
279 5604 296 5634 ⁸
329 5601 501 5658 lCor.
526 5619 648 5666 xm.
681 5603 735 5660 9.

205 5673 304 5735 τε.
377 5675 397 5706 ⁷
425 5675 562 5732 ibid.
601 5673 694 5728 27.
764 5672 930 5729 'Act.
968 5690 1082 5739 nt,
1121 5675 1174 5730 9.
1253 5676 1273 5705 ’
1304 5671 1323 5727 Ι
1353 5672 1479 5730 Cor.
1511 5689 1631 5738 xm,
1663 5673 1715 5729 9.

837 5606 858 5635 ²
883 5603 925 5657 ll
962 5602 1156 5658 Thess.
1194 5617 1254 5668 ιι,
1282 5601 1336 5660 2.
1361 5603 1413 5656 5.
1494 5602 1667 5658 "Act.
1695 5617 1732 5664 I,
1758 5601 1811 5669 7,
1843 5605 1873 5655 8
1971 5607 1990 5633 ⁸
2017 5601 2148 5658 ibid.
2184 5601 2238 5656 4.
2313 5601 2334 5629 '
2366 5601 2524 5651 Joan.
2565 5611 2676 5662 xvi,
2707 5601 2778 5660 8;
2829 5601 2922 5652 ibit

837 5682 930 5729 let.
968 5690 1082 5739 nt,
1121 5675 1174 5730 9.
1253 5676 1273 5705 ’
1304 5671 1323 5727 Ι
1353 5672 1479 5730 Cor.
1511 5689 1631 5738 xm,
1663 5673 1715 5729 9.
1853 5672 1898 5704 ⁸³
1924 5671 1944 5724 l
1968 5672 2094 5729 Cor.
2129 5689 2214 5739 vv,
2239 5669 2326 5725 55.
2405 5670 2443 5701 ¹¹
2485 5667 2652 5725 lCor.
2687 5681 2804 5736 xm,
2837 5668 2922 5724 12.

1891 4599 2168 4654 vaticinanti
2209 4605 2358 4658 sunt.
2401 4595 2870 4663 Quemadmodum
2917 4593 3136 4665 Agabus
3174 4603 3460 4648 venturam

1887 4691 2085 4746 famem
2113 4689 2364 4761 praedixit
2386 4689 2432 4743 ⁸.
2473 4685 2715 4757 Itemque
2745 4685 3025 4758 prophetae
3062 4681 3462 4754 Hierosolymis

1889 4782 2298 4838 advenerunt".
2335 4779 2428 4836 Sic
2465 4789 2520 4835 et
2551 4778 2803 4850 Philippo
2854 4785 3094 4849 quatuor
3139 4789 3298 4832 erant
3338 4775 3464 4833 ﬁlia

1890 4871 2245 4942 prophetissa;
2275 4871 2318 4926 ⁸.
2360 4870 2627 4924 Caeterum
2648 4867 2865 4938 quoties
2891 4879 3080 4921 omnes
3114 4865 3190 4919 illi
3220 4865 3458 4935 prophe-

1890 4971 2028 5026 tant,
2058 4978 2125 5017 ex
2155 4971 2308 5033 parte
2330 4961 2678 5032 prophetarit,
2701 4969 2758 5014 et
2786 4974 2854 5014 ex
2876 4969 3029 5028 parte
3047 4957 3456 5027 cognoscunt’.

1889 5053 2046 5121 Quod
2078 5069 2209 5109 vero
2236 5052 2535 5124 perfectum
2567 5060 2652 5108 est
2673 5049 2865 5104 futuro
2895 5049 2949 5104 in
2979 5048 3182 5103 saeculo
3207 5047 3456 5102 tribuen-

1889 5147 2018 5202 dum
2051 5162 2146 5217 spe
2169 5154 2224 5203 et
2274 5133 2680 5216 exspectatione
2708 5140 3048 5213 praecipiunt,
3080 5137 3298 5210 quando
3331 5153 3458 5194 cor-

1889 5238 2147 5308 ruptibile
2183 5239 2237 5292 in
2270 5235 2761 5305 incorruptionem,
2787 5229 3018 5286 mortale
3047 5228 3104 5283 in
3132 5228 3455 5284 immortali-

1887 5338 2053 5385 tatem
2082 5334 2473 5384 commutatum
2507 5324 2749 5386 fueritt°,
2771 5337 2893 5376 cum
2925 5327 2979 5376 ct
3012 5319 3150 5378 facie
3170 5319 3237 5376 ad
3259 5319 3456 5376 faciem

1892 5421 2223 5478 intuebimur
2241 5421 2305 5476 “.
2330 5418 2485 5475 Nunc
2507 5416 2649 5473 enim
2673 5429 2763 5470 res
2807 5418 3007 5468 nostrae
3033 5427 3130 5485 per
3165 5409 3457 5486 aenigmata

1971 5607 1990 5633 ⁸
2017 5600 2148 5658 ibid.
2184 5601 2238 5656 4.
2313 5599 2334 5629 '
2366 5594 2524 5651 Joan.
2565 5611 2676 5662 xvi,
2707 5594 2778 5660 8;
2829 5590 2961 5652 ibid.
2999 5592 3082 5650 l4.
3158 5593 3318 5648 'Act.
3353 5599 3452 5658 ιι,
