3850 6204
399 298 504 353 I25

1785 294 1842 350 S.
1887 293 2226 350 EPIPHANII

3568 299 3672 359 135

382 428 440 474 et
498 417 784 471 involucra
821 417 1206 488 transiguntur
1254 421 1292 470 '.
1329 417 1444 471 Illic
1480 433 1541 471 ea
1575 426 1968 486 praeparantur,

2095 415 2217 466 τίαν·
2272 417 2398 466 ὅταν
2451 431 2572 466 τοτε
2626 415 2916 485 πρόσωπον
2962 416 3099 486 πρὸς
3138 417 3460 488 πρόσωπον.
3508 420 3668 491 ’Δρτι

382 528 506 583 qua:
561 511 650 563 hic
685 511 879 565 oculus
921 527 1030 564 non
1065 511 1199 564 vidit
1231 511 1272 564 '.
1323 510 1441 564 Illic
1481 509 1746 580 perfectio
1776 509 1972 578 retegi-

2079 506 2187 576 γάρ
2223 506 2292 558 δι’
2329 505 2650 575 αἰνίγματος
2688 506 2758 558 τὰ
2797 506 3289 578 πράγματαίὲκετ
3312 508 3372 561 δὲ
3395 509 3663 579 ἑτοιμάζυ

385 611 496 666 tur,
521 603 761 679 quae-hic
789 604 940 658 auris
965 618 1311 674 nequaquam
1336 603 1571 656 audiit’.
1601 602 1718 656 Illic
1764 599 1970 654 donum

2095 615 2164 650 ται
2201 586 2289 650 ἂό
2311 597 2587 666 ὀφθαλμὸς
2616 591 2717 649 ὦδε
2747 599 2847 651 οὐκ
2873 594 3033 650 εἶδεν.
3053 599 3202 652 Ἐκεῖ
3224 600 3670 659 ἀποκαλύπτεται

384 694 582 763 ingens
614 695 824 749 sanctis
865 695 1148 758 tribuitur,
1186 694 1329 762 quod
1366 694 1455 746 hic
1505 693 1558 746 in
1595 707 1692 745 cor
1736 691 1974 744 hominis

2095 688 2419 759 ᾔτελειότης,
2439 688 2473 741 ἃ
2496 683 2588 750 οῦς
2612 688 2846 742 ἐνταῦθα
2869 690 2972 742 οῦκ
3011 689 3264 760 ἤκουσεν.
3286 693 3440 744 Ἐκεῖ
3457 693 3517 744 τὸ
3535 695 3671 763 μέγα

389 801 496 840 non
530 788 779 842 ascendit
809 787 849 840 ⁸.
908 785 983 839 Ex
1008 787 1209 856 quibus
1235 784 1628 840 animadvertis
1665 783 1972 837 uberiorem

2095 782 2325 850 ίάρισμα
2352 782 2464 842 τοῖς
2484 779 2681 847 ἁγίοις,
2707 779 2736 832 ὃ
2770 780 2864 833 ἐπὶ
2884 780 3115 851 καρδίαν
3146 781 3440 852 ἀνθρώπου
3464 784 3564 836 οὐκ
3585 786 3670 837 ἀν-

389 878 542 931 illam
577 879 1054 949 copiosioremque
1084 878 1367 932 scientiam
1392 876 1688 930 Manichmo
1720 888 1972 930 reserva-

390 978 503 1022 tam
546 985 653 1022 nou
697 969 887 1024 fuisse.
924 969 1211 1035 Quomodo
1256 969 1398 1024 enim
1437 968 1540 1022 ista
1587 973 1881 1035 cognoscet
1928 965 1975 1020 is

390 1063 485 1131 qui
519 1060 586 1114 ab
611 1076 675 1114 eo
700 1060 842 1128 quod
878 1059 979 1112 sibi
1011 1068 1372 1127 proposuerat
1401 1058 1643 1112 excidit?
1673 1057 1805 1111 Nam
1833 1056 1977 1111 hlar-

392 1153 593 1207 cellum
624 1152 1020 1204 circumvenire
1038 1151 1270 1220 primum
1299 1159 1381 1204 est
1404 1165 1715 1219 aggressus.
1747 1147 1882 1202 Tum
1909 1149 1975 1201 ad

397 1241 730 1295 Archelaum
756 1241 926 1304 venit,
955 1251 1012 1294 ut
1037 1257 1160 1294 eum
1200 1244 1468 1304 vinceret,
1498 1241 1643 1310 quod
1675 1247 1856 1294 tamen
1891 1257 1976 1295 as-

397 1333 553 1401 sequi
581 1348 689 1386 non
718 1333 918 1401 potuit.
952 1331 1168 1386 Fierine
1199 1331 1365 1403 igitur
1390 1339 1590 1402 potest,
1622 1342 1677 1384 ut
1699 1332 1789 1401 qui
1825 1333 1971 1401 quod

393 1423 532 1479 adeo
578 1438 770 1478 recens
800 1431 885 1478 est
921 1424 1208 1492 ignorarit,
1248 1423 1457 1492 majora
1507 1424 1598 1477 illa
1643 1424 1980 1494 cognoscat?

393 1519 504 1572 Cur
533 1531 644 1572 non
679 1532 809 1570 vero
859 1516 1154 1572 Persarum
1196 1518 1340 1586 regis
1372 1533 1567 1571 manus
1603 1515 1812 1584 elTugit,
1854 1530 1978 1568 cum

392 1607 462 1662 ab
483 1622 548 1662 eo
564 1606 996 1676 comprehensus
1017 1619 1080 1659 ac
1103 1608 1280 1675 poenis
1305 1605 1533 1659 alfectus
1559 1603 1681 1658 est?
1708 1603 1777 1656 Ut
1793 1613 1980 1672 aperte

2079 873 2178 942 έϐη
2209 870 2463 926 ἐνταῦθα.
2490 871 2600 923 Kal.
2621 873 2773 942 ὁρᾷς,
2805 873 2886 924 ὅτι
2915 872 3038 942 οὐχὶ
3064 872 3141 942 τῷ
3167 873 3329 946 Μάνῃ
3356 875 3672 944 ὲταμιιύετο

2082 961 2142 1014 τὺ
2167 961 2361 1014 είδὲναι
2395 961 2460 1013 τά
2489 962 2736 1030 περιττά.
2779 961 2904 1024 Πῶς
2930 961 3040 1032 γάρ
3064 962 3177 1032 ᾔδει
3207 964 3404 1034 Μάνης
3429 964 3522 1016 τοῦ
3556 982 3672 1020 σκο-

2085 1053 2186 1107 ποῦ
2237 1052 2332 1105 τοῦ
2382 1051 2512 1105 ίδίου
2550 1051 2830 1118 ἐκπεσὼνς
2880 1053 3240 1106 Ἐπεϐάλλετο
3298 1054 3411 1125 γὰρ
3453 1055 3540 1108 ἵνα
3586 1057 3672 1110 τὸν

2084 1144 2399 1215 Μάρκελλον
2422 1143 2773 1215 χειρώσηται.
2807 1145 3045 1216 Ἥρχετο
3073 1146 3208 1216 πρὸς
3234 1145 3324 1198 τὸν
3361 1147 3668 1217 Ἀρχέλαον,

2085 1237 2172 1290 ἵνα
2201 1236 2360 1289 αὑτὸν
2394 1237 2623 1306 ήττήσῃ,
2647 1236 2742 1288 καλ⁸
2763 1237 2823 1289 οὐ
2850 1237 3157 1308 δεδύνηται.
3191 1237 3316 1300 Πῶς
3345 1235 3671 1308 οῦν,ἀγνοῶν

2083 1327 2144 1378 τὸ
2199 1327 2530 1396 πρόσφατον,
2559 1325 2784 1379 δύναται
2825 1327 3023 1380 εἰδέναι
3067 1329 3196 1398 περὶ
3238 1328 3347 1381 τῶν
3379 1329 3669 1398 μειζόνων;

2087 1419 2209 1482 ΙΙῶς
2235 1419 2292 1473 δὲ
2327 1421 2424 1480 οῦκ
2445 1418 2602 1472 ἔλαθε
2627 1419 2727 1483 τὰς
2760 1423 2948 1490 χεῖρας
2975 1419 3068 1472 τοῦ
3103 1420 3371 1490 βασιλέως
3399 1421 3511 1474 τῶν
3540 1424 3672 1493 Περ-

2090 1511 2234 1576 σῶν;
2289 1512 2365 1574 ὡς
2418 1512 2506 1564 ὅτε
2538 1511 2697 1574 ἁλοὺς
2722 1511 2889 1564 ἔδωκε
2913 1511 3090 1582 δίκην,
3119 1512 3234 1564 ἀλλ’
3272 1513 3360 1565 ἴνα
3388 1518 3670 1586 καταφανῇ

2087 1606 2198 1666 τοῖς
2235 1603 2448 1656 σύνεσιν
2490 1603 2847 1672 κεκτημένοις
2888 1605 3032 1658 κατά
3077 1606 3256 1658 πάντα
3296 1604 3627 1676 ψευδόμενος

393 1707 609 1754 constet
639 1700 708 1753 iis
737 1701 830 1768 qui
860 1698 1168 1767 prudentiae
1198 1697 1404 1769 aliquid
1439 1697 1695 1758 habeant,
1732 1696 1884 1748 illum
1913 1694 1968 1748 in
2001 1697 2262 1749 omnibus
2287 1711 2410 1750 esse
2444 1698 2754 1750 mentitum.

469 1789 628 1845 LXII.
664 1788 770 1844 Sed
798 1788 1072 1859 quoddam
1111 1788 1488 1842 testimonium
1522 1797 1696 1857 urget,
1725 1795 1782 1839 ut
1813 1802 1974 1841 suum

2152 1789 2272 1840 UB'.
2314 1787 2484 1842 Πάλιν
2503 1788 2560 1840 δὲ
2585 1787 2832 1858 βούλεται
2855 1789 3409 1862 φέρειννμαρτυρίαν,
3445 1791 3539 1845 ἵνα
3569 1810 3672 1846 πα-

394 1882 526 1940 illud
550 1898 646 1951 par
663 1881 1056 1951 principiorum
1089 1879 1338 1943 affirmet,
1361 1896 1532 1950 eaque
1565 1895 1598 1934 a
1655 1895 1714 1934 se
1745 1880 1978 1934 invicem

394 1973 601 2028 frustra
644 1971 886 2026 dirimat.
931 1969 1077 2040 Ergo
1115 1971 1218 2024 hac
1245 1971 1544 2025 Salvatoris
1574 1985 1706 2024 voce
1744 1970 1976 2024 nititur:

397 2065 522 2119 Non
563 2072 730 2132 potest
765 2063 924 2116 arbor
959 2062 1093 2115 bona
1134 2062 1342 2130 [ructus
1379 2060 1548 2115 malos
1598 2060 1789 2130 facere,
1821 2076 1982 2129 neque

395 2155 557 2210 arbor
599 2154 743 2206 mala
785 2153 990 2222 fructus
1039 2152 1200 2206 bonos
1249 2153 1442 2220 facere.
1497 2151 1578 2204 Ea:
1615 2152 1791 2220 fructu
1843 2153 1984 2207 enim

398 2245 558 2299 arbor
627 2244 958 2313 cognoscitur
1025 2244 1070 2299 '.
1137 2241 1272 2297 Vide
1333 2243 1574 2297 hominis
1649 2243 1922 2296 levitatem
1965 2282 1981 2305 ,

401 2333 568 2404 675
609 2334 703 2402 qui
738 2333 872 2386 nihil
906 2332 957 2410 in
995 2331 1300 2403 Scripturis
1337 2342 1620 2402 penetrare
1653 2333 1818 2387 altius
1852 2348 1984 2402 pos-

400 2428 492 2481 sit.
536 2425 746 2478 Etenim
773 2427 818 2480 si
865 2426 1133 2495 principia
1181 2427 1271 2479 illa
1317 2427 1546 2481 arbores
1595 2427 1726 2489 sint,
1785 2427 1987 2481 habent

403 2518 572 2587 igitur
596 2527 649 2572 et
677 2517 976 2587 agricolam
1014 2531 1196 2578 suum,
1229 2525 1282 2571 et
1308 2532 1434 2571 cum
1472 2518 1670 2587 planta:
1703 2518 1835 2581 sint,
1867 2532 1988 2572 om-

402 2612 533 2664 nino
581 2625 611 2662 a
655 2609 910 2679 quopiam
962 2609 1221 2678 plantatze
1269 2616 1417 2663 sunt.
1475 2607 1750 2678 Quidquid
1806 2617 1986 2663 autem

404 2703 709 2772 plautatum
759 2707 864 2764 est,
907 2700 1235 2768 principium
1293 2699 1456 2754 habet
1491 2739 1505 2762 ,
1562 2699 1899 2770 proindequc
1935 2710 1990 2754 et

408 2792 568 2847 linem
625 2792 867 2846 habebit.
921 2789 1108 2860 Itaque
1160 2792 1324 2844 arbor
1371 2791 1512 2844 mala
1569 2806 1678 2846 non
1725 2800 1988 2862 perpetuo

415 2885 650 2946 exstitit,
711 2884 806 2939 sed
863 2893 946 2939 est
998 2883 1295 2953 aliquando
1346 2884 1580 2938 consita.
1639 2883 1814 2938 Arbor
1859 2899 1988 2938 vero

407 2975 546 3029 bona
573 2990 680 3028 non
715 2974 782 3027 ad
817 2991 978 3029 omne
1009 2975 1276 3030 bonitatis
1327 2989 1599 3045 supremae
1627 2990 1800 3044 genus
1829 2974 1990 3028 debet

407 3065 619 3121 referri.
671 3065 784 3119 Illic
825 3067 975 3119 enim
1024 3077 1194 3132 certa,
1243 3066 1574 3136 minimeque
1624 3067 1876 3130 mendax,
1935 3074 1989 3120 et

2089 1881 2338 1952 ραστήσῃ
2373 1881 2470 1950 τὴν
2500 1881 2629 1949 παρ’
2663 1879 2812 1950 αὐτῷ
2852 1879 3154 1949 λεγομένην
3178 1879 3368 1942 δυάδα,
3401 1882 3501 1934 καὶ
3534 1881 3676 1956 διέλῃ

2089 1971 2364 2040 ἀναμέσον
2391 1969 2497 2022 τῶν
2521 1969 2614 2022 δύο
2638 1969 2820 2040 ἀρχῶν
2849 1970 3041 2033 κενῶς,
3067 1973 3122 2023 ὲν
3147 1971 3225 2041 τῷ
3251 1973 3427 2026 εἰπεῖν
3449 1974 3542 2026 τὸν
3572 1975 3675 2027 Σω-

2089 2060 2250 2132 τῆραο
2292 2063 2372 2114 Οὐ
2403 2060 2653 2114 δύναται
2687 2059 2938 2128 δένδρον
2988 2061 3212 2128 ἀγαθὸν
3249 2065 3528 2132 καρποὺς
3575 2083 3672 2118 κα-

2091 2153 2236 2217 κοὺς
2265 2151 2530 2219 ποιῆσαι,
2556 2151 2697 2206 οὺδὲ
2711 2152 2962 2219 δένδρον
2982 2153 3220 2220 σαπρὸν
3245 2155 3525 2223 καρποὺς
3548 2157 3676 2226 ἁνα-

2091 2246 2234 2310 θοὺς
2264 2244 2533 2313 ποιῆσαι.
2598 2249 2699 2298 Ἐκ
2742 2245 2855 2314 γὰρ
2896 2245 3003 2298 τοῦ
3043 2245 3277 2313 καρποῦ
3325 2247 3392 2299 τὸ
3424 2245 3678 2316 δένδρον

2094 2336 2466 2406 γινώσκεται.
2530 2337 2639 2389 Καὶ
2687 2336 2787 2406 ὃρα
2845 2353 2932 2405 μοι
2985 2336 3083 2406 τὴν
3130 2335 3370 2408 ἐλαφρὰν
3413 2337 3674 2405 διάνοιαν,

2093 2427 2187 2480 καὶ
2227 2427 2390 2497 μηδὲν
2423 2428 2480 2479 ὲν
2513 2424 2663 2494 βάθει
2694 2425 2762 2478 τὰ
2806 2427 2904 2496 τῆς
2940 2427 3088 2489 θείας
3127 2427 3349 2498 Γραφῆς
3383 2428 3674 2485 κατανοοῦ-

2095 2536 2214 2573 σαν.
2260 2519 2323 2571 Εἰ
2381 2519 2476 2588 μὲν
2525 2519 2632 2588 γάρ
2683 2517 2873 2589 δένδρα
2924 2519 3236 2592 εἰσὶν,.ἄρα
3286 2519 3380 2573 καὶ
3434 2519 3678 2593 γεωργὸν

2095 2611 2295 2681 έχουσι,
2325 2611 2419 2663 καὶ
2457 2610 2598 2678 φυτὰ
2627 2611 2980 2681 τυγχάνοντα,
3024 2611 3114 2664 καὶ
3150 2612 3366 2676 πάντως
3400 2614 3510 2666 ὑπό
3540 2614 3677 2678 τινός

2095 2704 2200 2754 εἰσι
2261 2701 2681 2771 πεφυτευμένα·
2739 2703 2845 2755 πᾶν
2897 2701 2954 2754 δὲ
3002 2703 3063 2756 τὸ
3119 2704 3533 2774 πεφυτευμένον
3584 2706 3679 2759 οὐκ

2095 2791 2242 2845 ἔστιν
2280 2792 2534 2862 ἄναρχον,
2564 2792 2700 2846 ἀλλὰ
2727 2793 2902 2864 ἀρχὴν
2936 2792 3079 2862 ἔχει·
3109 2794 3281 2865 ἀρχὴν
3331 2794 3388 2848 δὲ
3421 2795 3550 2864 ἔχον
3585 2795 3675 2848 καὶ

2095 2882 2245 2945 τέλος
2267 2881 2473 2950 ὑφέξει.
2501 2882 2691 2935 Τοίνυν
2728 2882 2788 2934 τὸ
2829 2883 3038 2952 σαπρὸν
3081 2881 3294 2952 δένδρον
3338 2884 3439 2936 οῦκ
3470 2879 3543 2954 ἦν
3578 2885 3677 2949 ἀεὶ,

2095 2975 2230 3028 ἀλλὰ
2259 2973 2612 3043 πεφύτευται.
2646 2973 2755 3026 Ka‘t
2808 2973 2868 3025 τὸ
2899 2971 3101 3041 ἀγαθὸν
3149 2973 3363 3044 δένδρον
3413 2974 3578 3028 τοῦτο
3619 2977 3678 3029 οὗ

2098 3070 2226 3140 περὶ
2258 3067 2436 3138 πάσης
2465 3065 2564 3136 τῆς
2606 3064 2809 3120 ἄνωθεν
2837 3065 3168 3134 ἀγαθότητος
3201 3065 3495 3136 διηγεῖται.
3536 3068 3679 3120 Ἑκετ

411 3155 774 3210 immutabilis
825 3156 1045 3208 bonitas
1092 3164 1197 3218 est,
1247 3163 1433 3224 utpote
1470 3170 1592 3223 quae
1619 3156 1688 3208 sit
1721 3153 1810 3207 Dei
1843 3153 1989 3223 cogi-

2097 3161 2205 3232 γάρ
2234 3160 2498 3228 ἄψευστος
2545 3157 2818 3228 ἀγαθότης
2852 3157 3153 3229 μεταϐολὴν
3204 3159 3278 3228 μὴ
3328 3158 3555 3228 ἔχουσα,
3591 3159 3682 3214 καὶ

415 3247 550 3300 tatio
581 3246 943 3314 inexplicabili
979 3245 1212 3315 quodam
1250 3245 1453 3297 honore
1495 3245 1740 3314 pranhta.
1790 3242 1985 3297 Utrum

426 3353 552 3392 vero
614 3338 680 3390 ad
745 3337 1052 3406 plantarum
1113 3336 1524 3406 productionem
1598 3335 1992 3390 accommodari

415 3428 613 3499 possit,
649 3428 939 3482 videndum
989 3445 1052 3482 ac
1102 3429 1493 3498 disputandum
1542 3427 1702 3482 nobis
1741 3435 1846 3482 est.
1893 3425 1984 3478 Et-

413 3522 560 3574 enim
592 3519 636 3572 si
670 3519 738 3573 de
768 3518 987 3572 diabolo
1033 3533 1213 3572 seruio
1249 3519 1339 3578 sit,
1384 3531 1528 3585 szepe
1568 3517 1718 3569 illum
1751 3516 1995 3570 ostendi-

417 3628 539 3666 mus
567 3612 770 3664 malum
803 3614 873 3665 ab
902 3611 1115 3678 origine
1140 3625 1248 3664 non
1283 3608 1452 3664 fuisse
1481 3628 1495 3663 ε
1523 3608 1656 3662 nihil
1681 3614 1825 3663 enim
1851 3607 1996 3663 Deus

421 3704 625 3756 malum
673 3702 937 3764 condidit,
982 3703 1149 3772 idque
1181 3702 1317 3756 adeo
1353 3701 1716 3770 prudentibus
1753 3707 1838 3754 est
1886 3714 1998 3753 ma-

418 3797 706 3854 nifestum.
744 3799 820 3852 Ac
858 3797 984 3852 licet
1010 3797 1065 3851 in
1097 3795 1286 3852 eodem
1329 3803 1653 3867 argumento
1685 3809 1992 3859 versemur,

417 3905 527 3946 non
553 3890 902 3961 gravabimur
924 3901 1106 3943 tamen
1129 3889 1411 3943 veritatem
1437 3888 1598 3943 etiam
1624 3887 1677 3940 in
1710 3886 1996 3956 praesentia

427 3981 807 4049 comprobare.
845 3979 1010 4050 Igitur
1039 3979 1216 4033 malus
1246 3979 1402 4033 initio
1437 3977 1686 4033 diabolus
1717 3993 1826 4031 non
1857 3976 1996 4042 fuit,

425 4071 521 4125 sed
551 4071 724 4126 evasit
750 4084 953 4140 posuea.
982 4069 1162 4135 Quare
1199 4073 1377 4123 locum
1407 4071 1630 4139 hicnou
1667 4069 1828 4124 habet
1852 4068 1998 4139 quod

417 4161 484 4216 de
531 4162 724 4216 arbore
773 4161 1114 4230 proponitur.
1169 4158 1301 4212 Nam
1359 4168 1413 4214 et
1463 4159 1694 4214 Saulum
1749 4159 1998 4215 videmus

418 4262 820 4324 persecutorem
852 4253 1042 4315 fuisse.
1084 4253 1445 4322 eumdemque
1470 4268 1567 4322 pro
1595 4267 1660 4306 eo
1688 4252 1830 4322 quod
1862 4253 2001 4308 inse-

418 4355 576 4397 cutus
606 4342 780 4396 fuerat
811 4345 1029 4396 nomiue
1049 4343 1069 4374 ⁸
1105 4345 1538 4412 persecutionem
1571 4359 1692 4398 esse
1750 4359 1996 4413 passum.

421 4436 625 4491 Contra
674 4451 802 4490 vero
856 4434 1048 4489 Iudam
1099 4453 1222 4490 cum
1270 4437 1554 4490 duodecim
1604 4438 1862 4505 apostolis
1889 4439 2000 4493 ele-

430 4537 578 4582 c1um
668 4527 964 4581 descivisse
1025 4529 1402 4596 postmodum,
1457 4536 1511 4583 et
1570 4529 1638 4582 ad
1691 4529 1995 4598 improbam

420 4614 713 4673 factionem
747 4628 1091 4690 aggregatum
1117 4619 1320 4685 ".Quin
1349 4630 1402 4674 et
1438 4619 1625 4675 Rabab
1665 4623 2000 4676 meretricem

424 4711 811 4765 ccrnimus'ab
854 4709 1154 4766 Israelitico
1201 4728 1396 4782 genere
1458 4713 1722 4766 hactenus
1769 4714 2000 4768 alienam

426 4809 552 4870 post
594 4801 978 4871 paenitentiam
1016 4811 1296 4871 receptum
1333 4802 1398 4856 ad
1435 4801 1528 4857 Dei
1570 4802 2000 4857 misericordiam

424 4893 684 4948 habuisse
716 4894 761 4948 ⁸.
826 4891 1089 4948 Videmus
1133 4903 1186 4948 et
1229 4895 1500 4950 latronem
1548 4897 1602 4950 in
1649 4895 1889 4951 facinore
1910 4897 2004 4951 de.-

422 4984 752 5054 prehensum
783 4995 836 5038 et
867 4984 921 5038 in
993 5000 1210 5039 crucem
1246 4985 1514 5040 sublatum
1546 4995 1670 5058 post
1698 4988 2001 5044 confessio-

425 5093 548 5133 nem
602 5092 710 5132 una
746 5092 870 5132 cum
910 5076 1138 5131 Domino
1177 5079 1230 5132 in
1266 5078 1578 5148 paradisum
1629 5079 1997 5149 ingressum’.

424 5168 706 5224 Nicolaum
755 5178 1019 5242 praeterea
1072 5170 1319 5226 videmus
1359 5172 1538 5225 virum
1583 5172 1786 5226 bonum
1815 5182 1870 5227 et
1898 5173 2002 5229 ele-

401 5265 667 5332 ctum“,
715 5266 1043 5320 sceleratum
1090 5272 1276 5336 postea
1296 5263 1466 5320 fuisse
1494 5274 1657 5335 atque
1713 5267 1854 5320 inter
1888 5266 1999 5320 hae-

431 5369 625 5409 reseou
655 5365 906 5412 auctores
935 5359 1258 5428 ascriptum.
1315 5358 1458 5424 Quid
1488 5357 1575 5411 hic
1609 5368 1834 5413 caeteros
1862 5372 2004 5412 com-

431 5448 766 5502 memorem?
804 5446 1078 5515 Quidnam
1134 5465 1298 5520 porro
1349 5449 1546 5504 malam
1582 5451 1720 5504 hanc
1750 5449 1999 5506 arborem

505 5629 521 5661 ‘
555 5629 573 5684 I
604 5629 730 5702 Cor.
758 5647 876 5702 χιιι.
905 5632 990 5686 I2.
1066 5637 1086 5665 ¹
1117 5633 1133 5686 Ι
1161 5634 1287 5689 Cor.
1323 5652 1384 5698 ιι,
1420 5638 1473 5691 9.
1551 5637 1570 5668 ³
1612 5634 1743 5691 ibid.
1821 5636 1842 5667 ⁵
1880 5635 2012 5690 ibid.
2087 5636 2110 5667 ³
2155 5633 2342 5688 Matth.
2380 5651 2478 5700 vn,
2525 5635 2615 5702 I8,
2648 5635 2740 5692 20.
2819 5636 2839 5666 ⁸
2894 5635 3016 5688 Act.
3075 5649 3148 5697 Ix,
3189 5630 3213 5684 I
3251 5643 3373 5699 sqq.

1366 5709 1384 5738 ’
1414 5705 1548 5762 Luc.
1587 5723 1741 5772 χχιιι,
1775 5706 1844 5760 ιο
1869 5722 1989 5778 sqq.
2057 5706 2101 5738 ¹⁶
2135 5711 2254 5761 Act.
2285 5721 2360 5772 τι,
2387 5706 2440 5761 5.

436 5716 576 5770 xm,
623 5701 676 5758 5.
781 5703 803 5732 ⁸⁸
830 5701 994 5762 Iosue
1027 5705 1132 5768 II,I
1170 5722 1288 5776 sqq.

2095 3255 2152 3306 ὲν
2181 3254 2313 3321 τιμῇ
2361 3249 2710 3319 ἀνεκλαλήτῳ
2741 3248 2837 3302 τοῦ
2881 3248 3035 3312 ὄντος
3075 3249 3228 3318 ἁγίου
3279 3249 3412 3302 Θεοῦ
3458 3251 3524 3303 τὸ
3573 3251 3681 3305 δια-

2093 3346 2290 3414 νόημα.
2335 3344 2426 3405 Είς
2469 3341 2525 3394 δὲ
2556 3341 2652 3410 τὴν
2687 3340 2812 3411 περὶ
2846 3341 3026 3409 φυτῶν
3057 3339 3338 3411 ἐνέργειαν
3386 3341 3594 3410 ἴδωμεν
3628 3345 3676 3394 εί

2093 3435 2263 3498 οὕτως
2295 3434 2428 3504 ἔχει,
2475 3433 2570 3485 καὶ
2603 3431 2857 3502 λάϐωμεν
2907 3431 3108 3499 λέγειν.
3158 3433 3219 3485 Et
3258 3433 3354 3501 μὲν
3403 3419 3534 3504 γὰρ’
3554 3436 3680 3504 περὶ

2092 3526 2187 3579 τοῦ
2221 3523 2468 3578 διαϐόλου
2501 3523 2648 3575 ἐστὶν
2677 3524 2704 3574 ὁ
2738 3521 2913 3588 λόγος,
2947 3521 3046 3592 ἤδη
3082 3521 3340 3585 πολλάκις
3373 3523 3678 3594 ἐδείξαμεν,

2095 3619 2176 3671 ὅτι
2206 3617 2267 3670 οὐ
2309 3614 2544 3685 πονηρὸς
2590 3612 2915 3682 γεγένηται·
2947 3613 3096 3666 οὐδὲν
3123 3613 3231 3684 γάρ
3265 3613 3466 3681 φαῦλον
3496 3619 3526 3668 ὁ
3553 3616 3680 3678 Θεὸς

2095 3707 2338 3780 ἐποίησε,
2373 3705 2467 3759 καὶ
2497 3704 2654 3756 τοῦτο
2686 3706 2798 3766 τοῖς
2831 3706 3071 3767 συνετοῖς
3112 3705 3226 3758 ἐστι
3263 3707 3594 3778 κατάδηλον.
3622 3709 3680 3761 ΕΙ

2095 3801 2202 3871 γὰρ
2228 3798 2367 3852 κατὰ
2399 3798 2507 3850 τῶν
2545 3795 2722 3849 αὐτῶν
2765 3795 3061 3866 φερόμεοα,
3105 3796 3257 3850 οὐδὲν
3288 3798 3524 3868 λυπήσει
3552 3802 3682 3854 ἀπο-

2097 3889 2263 3955 δεῖξαι
2305 3889 2398 3942 καὶ
2454 3889 2512 3940 ὲν
2556 3886 2631 3957 τῷ
2683 3887 2909 3957 παρόντι
2961 3887 3051 3938 τὸν
3096 3889 3223 3958 περὶ
3269 3889 3369 3958 τῆς
3419 3889 3683 3955 ἀληθείας

2097 3983 2274 4051 λόγον.
2313 3982 2402 4034 Ἐν
2435 3981 2500 4049 τῇ
2532 3979 2672 4048 ἀρχῇ
2706 3978 2885 4031 τοίνυν
2922 3977 3124 4047 φαῦλος
3151 3979 3250 4030 οὐκ
3277 3974 3366 4049 ἦν,
3402 3980 3588 4050 ἀπέϐη
3623 3981 3679 4033 δὲ

2099 4073 2318 4143 φαῦλος.
2363 4070 2492 4123 Ἰδοὺ
2533 4070 2592 4121 οὺ
2637 4069 3034 4140 συσταθήσεται
3080 4069 3138 4121 ὲν
3184 4069 3262 4139 τῷ
3297 4071 3451 4140 μέρει
3503 4071 3680 4142 τούτῳ

2099 4167 2126 4218 ὁ
2154 4164 2283 4235 περὶ
2313 4161 2406 4215 τοῦ
2459 4161 2626 4229 φυτοῦ
2660 4159 2836 4227 λόγος.
2877 4159 3122 4230 Ὀρῶμεν
3179 4158 3288 4230 γὰρ
3321 4161 3416 4213 καὶ
3473 4161 3677 4216 Σαῦλον

2099 4255 2331 4326 διώκτην
2361 4253 2670 4324 γενόμενον,
2715 4251 2938 4322 ὕστερον
2967 4251 3024 4304 δὲ
3054 4252 3381 4322 διωκόμενον
3415 4253 3558 4326 ὑπὲρ
3587 4254 3676 4309 τοῦ

2101 4349 2363 4419 ὀνόματος
2396 4339 2456 4400 οῦ
2490 4346 2620 4398 ποτὲ
2659 4345 2900 4398 ἐδίωκεν.
2938 4345 3181 4416 Ὀρῶμεν
3220 4345 3312 4398 τὸν
3345 4345 3549 4400 Ἰούδαν
3590 4349 3679 4400 ὲκ-

2101 4439 2422 4509 λελεγμένον
2463 4438 2558 4490 σῦν
2587 4441 2698 4500 τοῖς
2729 4436 2934 4490 δώδεκα
2962 4437 3294 4500 ἀποστόλοις,
3328 4439 3424 4491 καὶ
3454 4437 3681 4508 ὕστερον

2103 4530 2403 4591 ἀποϐάντα,
2440 4531 2533 4582 καὶ
2567 4531 2623 4582 ὲν
2660 4527 2838 4600 μερίδι
2871 4530 3081 4598 πονηρᾷ
3122 4528 3480 4599 τεταγμένον.
3514 4528 3682 4600 Ὁρῶ-

2107 4640 2205 4693 μεν
2239 4620 2409 4674 Ῥαὰϐ
2447 4621 2546 4689 τὴν
2598 4619 2802 4690 πόρνην
2835 4617 3120 4690 ἀλλοτρίαν
3171 4614 3334 4672 οὖσαν
3364 4617 3458 4670 τοῦ
3493 4620 3681 4687 γένους

2115 4714 2363 4785 Ἰσραὴλ,
2411 4712 2635 4783 ὕστερον
2683 4711 2739 4763 δὲ
2817 4712 3228 4782 μετανοήσασαν
3270 4712 3361 4764 καὶ
3412 4710 3683 4764 λαϐοῦσαν

2103 4806 2236 4860 Θεοῦ
2275 4807 2365 4859 τὸν
2400 4803 2569 4858 ἔλεον.
2618 4803 2865 4876 Ὀρῶμεν
2911 4804 3004 4856 τὸν
3050 4802 3254 4876 λῃστὴν
3302 4803 3394 4855 ἐπὶ
3443 4821 3682 4875 κακουρ⁴

2103 4900 2228 4967 γίας
2263 4897 2491 4960 ἁλόντα,
2539 4898 2633 4950 καὶ
2678 4895 3055 4968 κρεμασθέντα
3107 4894 3198 4947 ἐπὶ
3239 4892 3331 4947 τοῦ
3367 4893 3545 4958 ξύλου,
3592 4896 3682 4948 καὶ

2105 4991 2658 5062 ὲξομολογησάμενον,
2689 4990 2782 5042 καὶ⁴
2812 4988 2929 5058 ἅμα
2963 4987 3042 5057 τῷ
3084 4986 3272 5058 Κυρίῳ
3305 4987 3361 5039 ὲν
3393 4985 3471 5056 τῷ
3507 5003 3681 5058 παρα-

2104 5084 2265 5154 δείσῳ
2311 5081 2710 5153 εἰσεληλυθότα.
2747 5079 2994 5152 Ὀρῶμεν
3047 5078 3312 5132 Νικόλαον
3360 5077 3525 5130 καλὸν
3558 5078 3683 5130 ὅντα

2108 5177 2201 5229 καὶ
2229 5174 2638 5246 ἐκλελεγμένον,
2668 5171 2894 5243 ὕστερον
2923 5170 2979 5223 δὲ
3009 5169 3288 5223 ἀποϐάντα
3327 5167 3559 5237 πονηρὸν
3590 5167 3683 5220 καὶ

2108 5267 2166 5319 ὲν
2200 5269 2309 5330 τοῖς
2344 5266 2722 5337 αίρεσιάρχαις
2750 5261 3036 5334 ταχθέντα.
3065 5261 3174 5314 Καὶ
3204 5259 3256 5311 τί
3293 5275 3381 5329 μοι
3407 5257 3474 5311 τὰ
3501 5257 3681 5328 πλήθη

2109 5358 2313 5427 λέγειν;
2355 5359 2418 5410 Τί
2447 5354 2539 5412 οὖν
2573 5359 2686 5410 ἐστι
2717 5356 2779 5408 τὸ
2820 5355 2983 5425 φυτὸν
3016 5352 3174 5408 τοῦτο
3203 5352 3262 5406 τὸ
3297 5351 3549 5423 πονηρὸν,
3587 5350 3681 5421 ἀφ’

2109 5446 2168 5505 οὗ
2219 5451 2419 5518 ἀγαθὸν
2467 5452 2527 5505 οῦ
2562 5451 2806 5520 γίνεται;
2853 5446 3012 5500 Ἀλλά
3065 5445 3225 5500 πάλιν
3274 5443 3498 5517 πράξεις
3543 5444 3682 5495 είσὶν

3471 5625 3491 5656 ’
3540 5623 3676 5680 Luc.
