3850 6204
177 324 284 384 125

842 320 1212 382 ADVERSUS
1250 319 1595 376 HIERESES
1634 319 1758 375 LIB.

1909 320 2074 378 ΤΟΜ.
2115 321 2538 378 11.-11ᾸΞΒΕ8.
2581 321 2764 378 LXVI.

3333 322 3436 382 ΩΒ

178 439 498 511 ἀνθρώπων.
527 435 602 492 ού
649 436 868 491 δύναται
905 437 1014 508 γὰρ
1061 439 1124 490 ὲκ
1178 437 1434 508 πορνείας
1484 437 1758 509 ἀγαθότης

1875 454 1981 494 :sse
2011 438 2276 505 dicemus,
2324 453 2354 491 e
2385 453 2493 508 qua
2538 437 2740 492 bonum
2783 437 2916 493 oriri
2956 439 3227 509 nequeat?
3267 439 3436 498 Plane

177 527 345 586 εἶναι·
379 530 441 582 ού
472 528 696 583 δύναται
748 529 813 581 ὲκ
845 528 1038 597 φθόνου
1090 527 1357 599 πονηρίας
1397 526 1710 599 δικαιοσύνη
1737 569 1752 591 ,

172 622 233 675 οὐ
263 617 488 672 δύναται
519 618 583 670 ὲκ
624 615 868 689 μοιχείας
904 615 1124 680 ἔπαινος
1161 617 1435 684 γενέσθαι.
1475 617 1617 669 Αύτὸ
1647 616 1757 686 γὰρ

173 710 232 762 τὸ
265 710 367 779 τῆς
409 706 684 778 ἁμαρτίας
722 707 936 777 δένδρον
965 707 1024 758 ού
1055 706 1280 760 δύναται
1330 707 1396 759 δι’
1423 707 1757 776 ἀγαθότητος

171 799 464 871 γενέσθαι·
503 800 780 853 τουτέστιν
808 799 870 852 ού
912 801 1057 851 ποιεῖ
1087 797 1301 868 δένδρον
1345 797 1578 870 πονηρὸν
1619 813 1756 868 καρ-

176 896 313 958 ποὺς
349 893 621 962 ἀγαθούςο
655 894 776 947 οὐδὲ
819 891 1024 962 ἀγαθοῦ
1058 891 1275 962 δένδρου
1309 894 1558 964 καρποὺς
1593 909 1758 962 πονη-

177 992 304 1062 ροὺς
342 989 616 1058 γενέσθαι.
645 983 768 1041 Οἷον
799 987 860 1040 τὸ
891 986 1091 1055 ἀγαθὸν
1118 986 1334 1056 δένδρον
1361 986 1423 1038 τὸ
1458 985 1532 1055 μὴ
1570 985 1755 1039 ποιοῦν

177 1081 424 1150 καρποὺς
474 1080 759 1149 πονηροὺς,
791 1077 1060 1146 ξενοδοχία
1106 1076 1386 1146 γινομένη,
1421 1076 1522 1128 κᾶν
1568 1092 1626 1127 τε
1658 1075 1758 1128 ὅσα

178 1171 360 1242 ἀποϐῇ
395 1171 503 1224 ἀπὸ
535 1172 632 1241 τῆς
674 1169 1009 1238 ξενοδοχίας,
1058 1167 1157 1236 οὐχ
1210 1167 1394 1219 ἕνεκεν
1430 1165 1759 1234 φαυλότητος

179 1261 294 1329 ἔχει
345 1261 448 1329 τὴν
497 1257 749 1328 δύναμιν.
791 1256 1192 1326 Ἐλεημοσύνη,
1241 1255 1429 1322 ἁγνεία
1477 1254 1564 1306 διὰ
1604 1253 1756 1316 Θεὸν,

181 1350 484 1422 ἐγκράτεια
534 1348 622 1402 διὰ
669 1349 762 1402 τὸν
815 1347 1113 1418 Δεσπότην,
1167 1344 1479 1415 δικαιοσύνη
1533 1343 1620 1398 διὰ
1668 1344 1759 1398 τὸν

179 1441 366 1512 νόμον.

249 1618 371 1675 ΞΗ.
414 1619 600 1674 Ταῦτα
641 1617 710 1672 τὰ
742 1617 835 1671 δύο
865 1617 1067 1689 δένδρα·
1105 1617 1234 1689 περὶ
1284 1615 1637 1686 δικαιοσύνης
1664 1615 1760 1668 καὶ⁸

181 1713 315 1784 περὶ
348 1710 625 1782 ἁμαρτίας
653 1708 838 1763 τοῦτον
886 1709 997 1778 ἔχει
1047 1707 1136 1762 τὸν
1169 1707 1387 1779 τρόπον.
1422 1707 1555 1779 Περὶ
1601 1706 1657 1760 δὲ
1686 1699 1762 1762 ὧν

1856 529 1924 584 de
1957 528 2236 583 hominum
2255 527 2562 582 actionibus
2587 527 2936 598 interpretari
2954 527 3440 602 debemus.Neque

1856 621 2001 676 enim
2029 635 2060 675 e
2087 629 2280 690 stupro
2324 619 2560 674 derivari
2597 618 2815 672 bonitas
2855 629 3072 688 potest,
3142 635 3320 689 neque
3369 637 3438 677 ex

1856 711 2116 780 nequitiae
2160 711 2330 764 livore
2361 709 2613 779 justitia,
2664 725 2840 779 neque
2878 724 2945 763 ex
2993 709 3266 764 adulterio
3295 711 3435 766 laus.

1862 801 2144 871 Siquidem
2185 800 2350 854 arbor
2393 801 2487 854 illa
2536 800 2744 869 peccati
2795 815 2824 854 a
2867 799 3110 854 bonitate
3156 799 3434 869 proﬁcisci

1857 908 1966 947 non
1998 899 2201 962 potest,
2238 891 2341 945 hoc
2360 899 2466 956 est,
2493 891 2656 945 arbor
2689 891 2832 944 mala
2868 891 3043 946 bonos
3088 891 3300 946 fructus
3329 906 3435 946 non

1858 982 2007 1042 facit.
2035 997 2211 1052 neque
2245 982 2386 1036 bona
2411 997 2475 1035 ex
2507 981 2700 1036 arbore
2725 982 2853 1035 mali
2884 980 3094 1038 fructus
3118 983 3372 1036 oriuntur
3390 983 3431 1036 ³.

1857 1073 2102 1142 Exempli
2134 1073 2304 1142 gratia
2333 1073 2497 1126 arbor
2531 1072 2622 1125 illa
2651 1072 2814 1134 bona,
2847 1087 2968 1142 quae
3012 1073 3184 1129 malos
3228 1075 3437 1129 fructus

1856 1166 2018 1221 edere
2057 1179 2164 1218 non
2211 1171 2413 1234 potest,
2453 1165 2524 1218 sit
2573 1164 2802 1234 benigna
2847 1164 3123 1233 hospitum
3165 1166 3426 1234 exceptio.

1865 1256 2146 1327 Quidquid
2174 1257 2320 1311 enim
2357 1255 2427 1309 ab
2471 1270 2532 1310 ea
2576 1256 2978 1325 proliciscatur,
3012 1256 3178 1326 676
3208 1255 3288 1310 vis
3319 1257 3438 1322 ejus

1859 1351 1930 1403 ab
1961 1348 2309 1416 improbitate
2352 1362 2462 1401 non
2508 1347 2705 1400 oritur.
2755 1344 3020 1402 Similiter
3068 1350 3436 1417 eleemosyna,

1860 1441 2186 1494 castimonia
2231 1455 2351 1508 qtae
2397 1450 2617 1509 propter
2653 1438 2819 1492 Deum
2853 1440 3070 1505 colitur,
3101 1441 3434 1494 continentia

1861 1541 2084 1603 propter
2130 1530 2442 1593 Dominum,
2498 1531 2712 1601 justitia
2749 1531 2884 1600 legis
2934 1531 3106 1600 gratia
3157 1539 3435 1600 suscepta.

1930 1621 2090 1677 LXII.
2133 1621 2504 1688 Quamobrem
2556 1621 2729 1675 amba:
2764 1621 2868 1675 illa:
2903 1622 3130 1676 arbores
3169 1621 3237 1676 de
3271 1624 3438 1692 justi-

1863 1715 1939 1769 tia
1970 1721 2025 1769 et
2053 1720 2282 1783 peccato
2309 1711 2540 1781 intelligi
2575 1712 2864 1766 commode
2907 1721 3159 1781 possunt.
3205 1712 3272 1765 At
3304 1712 3442 1767 'bar-

180 1798 337 1865 οὗτος
372 1804 402 1855 6
432 1800 704 1873 βάρϐαρος
741 1799 934 1870 Μάνης
973 1799 1283 1863 διανοεῖται,
1311 1798 1440 1868 περὶ
1473 1797 1607 1850 Θεοῦ
1643 1797 1764 1867 βού-

1875 1806 2036 1860 barus
2068 1804 2160 1858 ille
2189 1801 2520 1858 Manichaeus
2558 1817 2840 1871 perperam
2875 1802 2942 1856 de
2974 1801 3086 1858 Deo
3125 1817 3189 1856 ac
3224 1802 3442 1857 diabolo

180 1890 337 1944 λεται
381 1889 583 1957 λέγειν,
633 1889 729 1940 καὶ
759 1886 889 1958 περὶ
929 1885 1024 1938 τοῦ
1061 1885 1332 1944 διαϐόλου.
1363 1885 1472 1938 Καὶ
1515 1886 1598 1938 ὅτι
1635 1886 1764 1956 περὶ

182 1979 322 2032 Θεοῦ
354 1979 535 2042 οὐδεὶς
560 1977 780 2030 δύναται
825 1975 1089 2047 τολμῆσαι
1133 1976 1228 2029 καὶ
1257 1976 1451 2038 είπεῖν,
1481 1976 1564 2028 ὅτι
1595 1975 1764 2029 κακὸν

183 2071 407 2140 ποιήσει
447 2070 598 2132 ποτὲ,
633 2069 708 2140 μὴ
736 2068 967 2137 γένοιτο,
999 2068 1095 2120 καὶ
1126 2066 1251 2119 οὔτε
1281 2067 1409 2138 περὶ
1437 2064 1534 2119 τοῦ
1579 2066 1764 2121 διαϐό·

182 2163 296 2228 λου,
327 2162 412 2214 ὅτι
445 2159 646 2229 ἀγαθὸν
685 2158 1010 2230 ἐργάζεται,
1055 2157 1213 2210 τοῦτο
1260 2157 1437 2228 δῆλον.
1475 2156 1638 2234 ama
1679 2156 1767 2210 διὰ

185 2252 324 2306 Θεοῦ
352 2254 533 2306 πάντα
559 2251 770 2320 γίνεται
799 2248 867 2302 τά
903 2248 1104 2317 ἀγαθὰ,
1137 2249 1232 2302 καὶ
1273 2248 1472 2318 φαῦλον
1509 2247 1569 2312 ἐξ
1599 2246 1764 2300 αὑτοῦ

181 2345 341 2398 οὐδὲν
397 2343 718 2407 κέκτισται,
776 2340 896 2393 οὐδὲ
942 2339 1170 2407 γίνεται.
1213 2338 1279 2392 Εἰ
1320 2337 1376 2390 δὲ
1416 2340 1480 2391 ὲκ
1521 2337 1765 2391 διαϐόλου

185 2437 494 2506 ἐνεργεῖται
536 2433 746 2504 πονηρά
777 2448 920 2496 τινα,
962 2429 1069 2483 ίδοὺ
1100 2429 1411 2500 εὑρήκαμεν
1445 2430 1538 2482 καὶ
1569 2430 1636 2482 δι’
1667 2431 1766 2483 αὒ-

186 2525 281 2578 τοῦ
330 2525 596 2592 στέφανον
631 2521 961 2594 πλεκόμενον
1006 2519 1217 2588 ἁγίοις,
1261 2519 1354 2572 καὶ
1404 2519 1656 2590 βραϐεῖον
1688 2519 1767 2572 δι-

186 2617 414 2688 δόμενον
462 2617 574 2677 τοῖς
627 2612 953 2684 νενικηκόσι.
994 2613 1102 2665 Καὶ
1139 2611 1388 2665 διέπεσεν
1417 2615 1445 2665 6
1471 2610 1635 2665 αύτοῢ
1678 2612 1766 2666 λό-

187 2724 304 2777 γος.
333 2705 543 2776 Τὸλγὰρ
571 2704 774 2774 σαπρὸν
806 2703 1018 2774 δένδρον
1047 2703 1140 2754 καὶ
1171 2702 1374 2771 ἀγαθὸν
1400 2703 1613 2774 δένδρον
1641 2720 1706 2755 πε
1715 2704 1770 2774 ρὶ

188 2795 414 2864 ἀγαθῶν
443 2795 619 2866 ἔργων
650 2794 905 2864 τυγχάνει
956 2793 1049 2846 καὶ
1092 2792 1219 2863 περὶ
1253 2791 1498 2861 φαύλων·
1548 2795 1640 2846 καὶ
1671 2794 1770 2845 οὐκ

188 2888 306 2942 ἔστι
357 2889 488 2960 περί⁵
523 2885 764 2950 Παλαιᾶς
813 2885 1086 2956 Διαθήκης
1140 2884 1237 2936 καὶ
1293 2886 1534 2956 Καινῆς,
1587 2883 1771 2948 καθὼς

190 2980 443 3050 βούλεται
475 2979 504 3031 6
530 2977 624 3030 τοῦ
655 2977 814 3047 Μάνη
843 2977 1018 3045 λόγος.

257 3069 378 3120 ΞΡ.
426 3067 546 3120 Ἔτι
583 3067 641 3120 δὲ
684 3069 713 3120 ό
758 3066 918 3129 αὐτὸς
968 3065 1286 3138 βουλόμενος
1333 3066 1609 3137 παριστᾷν
1671 3065 1768 3128 τὰς

1870 1904 2098 1950 conatur
2127 1894 2394 1962 accipere.
2426 1891 2628 1946 Verum
2665 1892 2937 1946 neminem
2967 1906 3032 1946 eo
3056 1891 3298 1945 audacia:
3326 1907 3443 1960 pro-

1871 1983 2022 2054 gredi
2072 1998 2230 2054 posse
2264 1981 2613 2051 perspicuum
2653 1989 2758 2045 est,
2788 1987 2850 2034 ut
2891 1987 2986 2033 aut
3023 1978 3186 2033 Deum
3233 1987 3445 2036 asserat

1870 2073 2073 2127 malum
2118 2069 2414 2140 aliquando
2456 2069 2752 2132 facturum,
2785 2075 2878 2121 aut
2905 2068 3183 2124 diabolum
3216 2068 3442 2123 bonum.

1872 2162 2015 2230 Quin
2043 2163 2152 2216 imo
2179 2163 2322 2216 bona
2369 2163 2556 2216 omnia
2605 2160 2749 2215 Deus
2791 2159 2973 2224 eﬂicit,
3018 2176 3196 2229 neque
3238 2161 3442 2215 malum
3503 2197 3505 2200 ‹

1873 2253 2170 2324 quidquam
2218 2253 2286 2305 ab
2317 2267 2381 2306 eo
2420 2251 2748 2321 productum
2794 2261 2900 2314 est,
2939 2258 3034 2304 aut
3067 2265 3196 2304 vero
3240 2248 3444 2320 produ-

1872 2345 2035 2400 citur.
2089 2342 2242 2410 Quod
2293 2343 2340 2398 si
2399 2342 2650 2397 diabolus
2701 2342 2965 2397 nonnulla
3014 2342 3157 2396 mala
3203 2341 3443 2408 molitur,

1873 2435 2128 2489 nimirum
2164 2433 2265 2487 hac
2295 2434 2441 2488 illius
2465 2448 2627 2501 opera
2669 2433 2876 2487 sanctis
2903 2431 3215 2486 hominibus
3244 2446 3446 2488 corona

1873 2527 2130 2589 nectitur,
2168 2540 2231 2579 ac
2268 2525 2550 2595 prtemium
2589 2523 2890 2579 victoribus
2919 2523 3208 2578 tribuitur.
3243 2522 3448 2593 Sicque

1875 2625 1987 2673 tota
2037 2616 2182 2671 illius
2206 2617 2348 2670 ratio
2389 2614 2617 2669 corruit.
2669 2613 2808 2668 Mala
2837 2615 2982 2669 enim
3026 2615 3190 2668 arbor
3221 2622 3275 2669 et
3303 2613 3447 2669 bona

1875 2709 1942 2764 de
1985 2708 2144 2762 bonis
2183 2722 2246 2762 ac
2291 2707 2447 2761 malis
2489 2705 2748 2776 operibus
2801 2705 3178 2774 explicantur;
3227 2719 3328 2766 nec
3375 2705 3444 2759 ad

1881 2799 2044 2854 Vetus
2094 2799 2413 2867 Novumque
2435 2796 2844 2851 Testamentum
2876 2796 3169 2866 pertinent,
3218 2803 3276 2849 ut
3302 2794 3445 2851 falso

1875 2890 2204 2946 Manichacus
2234 2888 2548 2966 existimat.

1947 3061 2131 3119 LXIII.
2173 3061 2279 3117 Sed
2323 3062 2492 3115 instat
2520 3056 2662 3112 idem
2691 3055 2803 3120 ille,
2844 3062 2900 3109 et
2929 3061 2988 3108 ut
3013 3067 3170 3107 suum
3205 3049 3272 3104 de
3305 3049 3446 3104 duo-

190 3163 322 3232 περὶ
353 3161 464 3214 τῶν
504 3159 598 3213 δύο
635 3159 817 3231 ἀρχῶν
849 3134 1185 3230 προςράσεις,
1221 3134 1770 3230 θηρώμενος-ἐπιτη-

1877 3155 1981 3210 bus
2010 3152 2298 3224 principiis
2342 3151 2537 3220 dogma
2584 3147 2851 3209 stabiliat,
2905 3142 3202 3199 nonnullas
3233 3156 3262 3196 e
3297 3140 3444 3194 Scri-

187 3251 406 3306 δεύεται
441 3252 542 3314 τὰς
578 3251 729 3321 αὐτῷ
768 3248 1028 3312 δοκούσας
1069 3249 1265 3314 λέξεις,
1307 3247 1477 3311 οὕτως
1509 3246 1770 3317 ἐχούσαςο

190 3346 338 3406 Ὅτι,
381 3344 538 3412 φησὶ,
584 3345 696 3405 τοῖς
732 3341 1006 3404 Ἰουδαίοις
1035 3341 1246 3410 ἔλεγεν⁸
1289 3339 1476 3408 Ὑμεῖς
1506 3338 1622 3392 υἱοὶ
1670 3337 1775 3390 τοῦ

188 3437 480 3490 διαϐόλου
518 3435 678 3490 ἐστέ.
709 3434 965 3498 Ἐκεῖνος
1003 3432 1492 3500 ἀνθρωποκτόνος
1533 3427 1644 3500 ἦν’
1685 3428 1775 3482 ὅτι

190 3535 222 3584 ὁ
253 3530 459 3597 πατὴρ
487 3526 672 3582 αὐτοῦ
703 3528 976 3595 ψεύστης
1004 3522 1102 3597 ἦν.
1144 3524 1403 3577 Βούλεται
1441 3522 1498 3576 δὲ
1538 3521 1777 3592 βλασφη-

193 3623 338 3692 μεῖν,
378 3620 476 3672 καὶ
516 3617 698 3686 λέγειν
733 3617 825 3669 τὸν
855 3615 1084 3687 ποιητὴν
1121 3612 1348 3687 ούρανοῦ
1395 3613 1492 3666 καὶ
1519 3611 1624 3682 γῆς
1673 3627 1778 3663 παι

189 3714 328 3784 τέρα
377 3707 523 3764 εἶναι
561 3708 652 3762 τοῦ
687 3707 954 3774 διαϐόλου,
990 3706 1254 3778 μηδαμῶς
1297 3704 1593 3774 δυνάμενον
1640 3702 1776 3765 ὅλως

192 3807 288 3859 ἐπὶ
328 3803 494 3857 τοῦτο
519 3803 578 3855 τὸ
619 3801 776 3872 ρητὺν
822 3797 1107 3868 φαίνεσθαι
1133 3797 1175 3849 ί.
1226 3797 1290 3849 El
1337 3795 1448 3865 γὰρ
1499 3792 1636 3856 ὅλως
1679 3789 1774 3845 τοῦ

189 3895 447 3953 διαϐόλου
482 3893 586 3945 υἱοί
621 3895 746 3955 εἰσι,
776 3890 1020 3944 διέπεσεν
1049 3890 1077 3942 6
1110 3887 1230 3941 κατ’
1260 3886 1420 3940 αὐτόν
1461 3885 1639 3954 λόγος,
1683 3884 1776 3937 καὶ

192 3986 376 4056 ἐαυτῷ
407 3983 767 4053 ἁντιμάχεται
818 3981 847 4032 6
881 3980 1072 4050 Μάνης
1097 3977 1327 4047 ἀγνοῶν.
1367 3974 1776 4048 Ἀφωρίσθησαν

195 4079 310 4148 γὰρ
341 4075 542 4128 λοιπον
568 4074 625 4128 αἱ
669 4071 849 4127 αὐτῶν
875 4070 1044 4141 ψυχαὶ
1078 4073 1142 4123 ὲκ
1183 4068 1431 4123 διαϐόλου
1475 4064 1776 4136 γεγενημέ-

198 4187 318 4232 ναι,
364 4167 466 4220 καὶ
517 4165 703 4217 οὐκέτι
749 4162 887 4214 εἰσὶν
937 4160 1044 4214 ἀπὸ
1093 4159 1193 4229 τῆς
1241 4157 1448 4213 ἀνωθεν
1495 4155 1779 4226 δυνάμεως

196 4259 340 4314 κατὰ
367 4259 462 4310 τὸν
491 4254 654 4308 αὐτοῦ
702 4250 891 4325 μῦθον,
920 4251 954 4324 ἢ
981 4253 1079 4305 οὐκ
1106 4251 1220 4304 ἔστι
1254 4251 1418 4322 μέρος
1445 4246 1539 4302 τοῦ
1579 4246 1775 4316 φωτὸς*

1873 3247 2050 3318 pturis
2099 3259 2263 3300 voces
2293 3258 2392 3314 pro
2447 3257 2547 3296 sua
2591 3239 2816 3295 libidine
2860 3243 3077 3306 captat,
3132 3247 3255 3304 quae
3305 3233 3448 3286 sunt

1873 3336 2171 3407 ejusmodi.
2203 3334 2430 3402 Iudaeis,
2466 3333 2667 3404 inquit,
2697 3330 2961 3385 Dominus
2995 3327 3174 3382 dixit:
3208 3325 3311 3380 Vos
3342 3324 3445 3394 ﬁlii

1873 3429 2073 3484 diaboli
2096 3429 2244 3482 estis.
2269 3425 2370 3480 Ille
2395 3423 2658 3479 homicida
2705 3422 2828 3489 fuit,
2863 3419 3112 3490 quoniam
3159 3424 3305 3485 pater
3333 3431 3450 3485 ejus

1874 3517 2100 3573 mendam
2141 3525 2255 3570 erat
2278 3518 2320 3569 ⁸.
2362 3513 2536 3584 Cujus
2571 3529 2636 3582 es
2665 3509 2956 3570 occasione
2989 3506 3096 3561 loci
3125 3505 3290 3560 homo
3316 3518 3450 3559 con-

1876 3609 2164 3664 tumeliose
2223 3606 2278 3660 in
2328 3605 2498 3660 Deum
2548 3603 2756 3674 garrire
2801 3616 2910 3656 non
2949 3598 3183 3662 dubitat,
3224 3605 3280 3650 et
3325 3594 3449 3648 caeli

1875 3710 2144 3772 terraeque
2202 3697 2538 3753 conditorem
2593 3702 2799 3765 patrem
2836 3705 2960 3748 esse
3009 3687 3211 3744 diaboli
3247 3687 3449 3749 dicere,

1875 3812 1998 3852 cum
2027 3794 2158 3848 nihil
2184 3790 2454 3863 ejusmodi
2501 3790 2657 3844 locus
2692 3787 2782 3841 ille
2816 3784 3135 3863 contineat;
3167 3779 3367 3835 etenim
3401 3777 3448 3832 si

1875 3884 2075 3942 diaboli
2109 3858 2475 3937 ﬁliivhabendi
2511 3875 2588 3930 illi
2619 3881 2770 3936 sunt,
2814 3858 3014 3928 falsum
3045 3876 3131 3923 est
3159 3863 3306 3936 quod
3341 3862 3452 3917 alio

1875 3977 1996 4032 loco
2035 3971 2312 4035 defendit,
2373 3983 2438 4022 ac
2484 3965 2589 4021 sibi
2634 3964 2751 4034 ipse
2800 3958 3121 4030 imprudens
3161 3957 3447 4024 repugnat.

1879 4067 2138 4138 Sequitur
2199 4062 2344 4117 enim
2409 4063 2690 4128 separatas
2745 4053 3002 4120 deinceps
3049 4056 3105 4104 et
3157 4062 3186 4100 a
3234 4041 3452 4099 diabolo

1876 4132 2176 4237 productas
2225 4155 2446 4209 illorum
2497 4148 2712 4202 animas
2759 4143 2951 4202 fuisse,
3003 4137 3348 4237 minimeque.
3381 4132 3453 4185 ab

1878 4223 2088 4307 cuilesli
2115 4248 2318 4314 virtute
2364 4239 2661 4312 prolectas,
2689 4242 2750 4289 ut
2779 4234 2927 4287 illius
2957 4229 3137 4282 fabula
3171 4223 3449 4280 narrabat.

194 4355 227 4425 ἢ
254 4349 565 4413 πανοπλίας
592 4347 686 4401 τοῦ
717 4346 902 4411 αὐτοῦ,
937 4345 970 4415 ἢ
1017 4343 1111 4398 τοῦ
1145 4343 1336 4396 στύλου
1381 4341 1474 4394 τοῦ
1517 4339 1710 4409 φωτὸς,
1743 4335 1770 4406 ἦ

1882 4359 1986 4398 nec
2031 4342 2142 4410 jam
2174 4351 2303 4408 pars
2325 4334 2431 4389 erit
2467 4331 2578 4384 ulla
2623 4327 2785 4389 lucis,
2827 4331 2921 4377 aut
2958 4321 3106 4375 illius
3140 4322 3448 4377 armaturae,

199 4404 412 4516 μητρὸς
439 4404 725 4512 τῆςυζωῆς.
747 4440 810 4492 El
839 4404 900 4491 δέ
927 4404 1061 4502 ὅλως
1086 4437 1238 4490 αὐτοὶ
1261 4435 1355 4489 τοῦ
1377 4404 1646 4494 διαϐόλου,
1673 4404 1770 4503 ἄρα

1886 4441 1980 4489 aut
2018 4404 2288 4487 columna:
2313 4422 2557 4485 luminis,
2586 4425 2679 4473 aut
2703 4416 2896 4471 matris
2926 4413 3070 4465 vitae.
3099 4407 3212 4462 lmo
3246 4421 3376 4460 vero
3405 4404 3451 4459 si

196 4537 293 4588 καὶ
325 4537 355 4588 6
395 4531 649 4602 ’Δϐραὰμ
693 4532 721 4582 6
751 4527 956 4581 τούτων
984 4527 1184 4598 πατὴρ,
1216 4518 1278 4578 οὗ
1310 4524 1531 4594 σπέρμα
1575 4519 1781 4590 τυγχά-

197 4643 386 4682 νουσιν
447 4624 602 4676 αύτοὶ
639 4623 688 4675 οἱ
731 4621 998 4684 Ἰουδαῖοι,
1049 4620 1144 4673 καὶ
1186 4618 1348 4680 αὐτὸς
1394 4615 1488 4668 τοῦ
1533 4613 1780 4668 διαϐόλου

196 4723 340 4786 ἐστὶ,
368 4719 515 4773 κατὰ
551 4719 642 4770 τὸν
687 4713 782 4768 τοῦ
817 4714 974 4784 Μάνη
1024 4712 1200 4779 λόγον.
1233 4708 1355 4770 Πῶς
1400 4703 1493 4760 οὖν
1537 4707 1566 4758 6
1593 4703 1781 4775 Πατὴρ

196 4809 471 4874 λεκτικῶς
493 4812 513 4840 ²
539 4809 688 4878 λέγει
722 4807 924 4870 αὐτοῖς·
957 4803 1138 4873 Ὑμεῖς
1170 4803 1281 4854 οὐκ
1313 4798 1454 4852 ἐστὲ
1473 4797 1652 4852 τέκνα
1676 4795 1782 4849 τοῦ

210 4902 484 4972 Ἀϐραὰμ,
500 4898 659 4956 ἀλλὰ
686 4897 793 4952 τοῦ
817 4895 1039 4962 πατρὸς
1064 4891 1228 4963 ὑμῶν
1253 4890 1360 4944 τοῦ
1393 4889 1691 4942 διαϐόλου.
1722 4887 1789 4941 El

197 4992 443 5066 γὰρεῆτε
465 4991 644 5046 τέκνα
668 4989 771 5043 τοῦ
788 4988 1049 5056 Ἀϐραὰμ,
1075 4987 1146 5039 τὰ
1159 4983 1302 5052 ἔργα
1316 4979 1501 5036 αὑτοῦ
1515 4978 1782 5034 ἐποιεῖτε.

211 5089 419 5159 Ὑμεῖς
454 5085 564 5158 γὰρ
595 5080 814 5152 ζητεῖτέ
840 5097 916 5150 με
941 5075 1310 5138 ἀποκτεῖναι,
1347 5073 1677 5141 ἀνθρωπον,
1717 5069 1786 5135 ὃς

197 5180 318 5248 τὴν
377 5177 672 5244 ἀλήθειαν
724 5170 1037 5236 λελάληκα
1081 5166 1242 5236 ὑμῖν.
1306 5162 1487 5218 Τοῦτο
1530 5159 1786 5229 Ἀϐραὰμ

199 5274 315 5326 οὐκ
367 5268 644 5336 ἐποίησε.
679 5264 790 5319 Καὶ
820 5262 986 5333 ὁρᾷς,
1015 5258 1095 5311 ὅτι
1146 5252 1583 5325 καταχρηστικός
1633 5251 1782 5302 ἐστιν

199 5365 232 5419 6
257 5362 447 5430 λόγος’
482 5357 664 5413 αὐτῶν
695 5355 806 5426 γὰρ
847 5354 1017 5406 όντων
1053 5349 1182 5403 υίῶν
1237 5347 1330 5400 τοῦ
1370 5343 1647 5417 Ἀϐραὰμ,
1688 5343 1782 5396 καὶ

201 5455 298 5511 τοῦ
335 5452 547 5525 Κυρίου
580 5446 1066 5520 ἀπαλλοτριοῦντος
1096 5441 1293 5505 αὐτοὺς
1321 5439 1406 5493 διὰ
1448 5436 1554 5491 τῶν
1586 5435 1783 5508 ἔργων,

323 5656 465 5716 ιιῖο

527 5654 807 5728 φέρεσθαι.

211 5730 311 5793 59.
341 5729 432 5785 40.

942 5657 962 5687 ³
1001 5652 1128 5708 Cor.
1183 5643 1373 5718 Σωτὴρ
1456 5644 1804 5714 ἐλεγκτικῶς.

1878 4524 2078 4582 diaboli
2129 4519 2223 4575 lilii
2261 4524 2410 4577 sunt,
2449 4512 2795 4567 Ahrahamus
2827 4507 2993 4561 etiam
3031 4502 3247 4558 illorum
3278 4506 3453 4567 pater,

1881 4633 1910 4672 a
1945 4629 2051 4686 quo
2080 4611 2253 4667 Judaei
2289 4605 2568 4678 propagati
2619 4607 2769 4661 sunt,
2815 4594 3014 4657 diaboli
3050 4592 3194 4646 [ilius
3222 4589 3344 4652 erit,
3388 4602 3454 4642 ex

1882 4707 1970 4762 illa
2010 4699 2291 4757 Manichaei
2348 4692 2640 4751 sententia.
2687 4685 2844 4756 Quod
2877 4687 2922 4740 si
2971 4685 3044 4736 ita
3077 4686 3184 4745 est,
3218 4691 3454 4748 quanam

1880 4795 2092 4850 ratione
2165 4787 2416 4843 Salvator
2467 4785 2583 4852 ipse
2632 4780 2717 4834 his
2765 4777 2885 4832 illos
2939 4771 3121 4826 verbis
3178 4767 3452 4838 appellat:

1894 4885 1998 4940 Vos
2039 4899 2142 4938 non
2175 4880 2302 4934 estis
2335 4875 2436 4946 ﬁlii
2465 4871 2760 4932 Abraham,
2807 4865 2896 4921 sed
2948 4864 3118 4934 patris
3149 4859 3306 4915 eestri
3335 4856 3450 4909 dia.

1887 4977 2013 5032 boli.
2037 4974 2098 5030 Si
2125 4973 2264 5027 enim
2293 4968 2478 5024 essetis
2519 4964 2618 5035 filii
2661 4959 2954 5021 Abraham,
2991 4955 3139 5009 illius
3169 4967 3325 5020 opera
3362 4949 3455 5015 fa-

1883 5069 2086 5124 ceretis.
2132 5063 2235 5118 Vos
2269 5061 2408 5116 enim
2450 5055 2688 5129 quaeritis
2724 5068 2804 5106 me
2823 5047 3134 5116 interﬁcere,
3170 5041 3452 5104 hominem,

1882 5160 1972 5232 qui
1993 5158 2263 5213 veritatem
2292 5152 2498 5206 locutus
2550 5163 2666 5202 sum
2702 5143 2868 5199 vobis.
2913 5139 3029 5194 Hoc
3054 5134 3319 5190 Abraham
3351 5145 3456 5185 non

1888 5229 2072 5320 fecit“.
2103 5247 2265 5319 677
2297 5243 2460 5298 Vides
2499 5239 2664 5311 igitur
2692 5251 2788 5307 per
2807 5229 3167 5288 catachresim
3214 5238 3454 5295 usurpa-

1896 5349 2016 5395 tum
2061 5338 2112 5393 id
2137 5337 2327 5399 fuisse,
2364 5341 2424 5388 ut
2454 5327 2750 5386 Abrahami
2789 5323 3005 5394 quidem
3038 5327 3224 5376 essent
3259 5323 3457 5372 natura

1893 5433 2011 5499 lilii,
2044 5439 2097 5487 et
2143 5430 2210 5484 ab
2244 5427 2430 5484 eodem
2475 5419 2848 5484 nihilominus,
2899 5412 3112 5470 Domini
3165 5408 3454 5473 sententia,

3245 5615 3266 5645 '
3306 5607 3440 5665 ibid.

1935 5642 1955 5672 ³
1997 5636 2188 5694 Matth.
2240 5648 2336 5696 vn,
2404 5629 2485 5684 l8.
2617 5627 2637 5658 ’δ
2670 5623 2826 5681 Joan.
2879 5636 2996 5686 vut,
3044 5617 3132 5676 Η.
