3856 6300
367 300 471 361 4‘27

1779 293 1838 369 Β.
1878 296 2212 353 εΡιΡιιΑΜι

3520 288 3631 346 £28

369 434 482 474 non
524 416 732 487 origine
775 416 1223 486 productionem,
1266 417 1362 471 sed
1400 415 1663 486 operibus
1724 414 1936 482 abjudi-

2041 414 2158 484 οὐχὶ
2204 412 2294 466 διὰ
2324 412 2415 467 τοῦ
2462 412 2841 483 πλάσματοςῆ
2881 410 2971 465 διὰ
3006 410 3106 480 τῆς
3152 409 3444 479 ποιήσεως.
3476 409 3623 479 Ἤδη

370 519 587 571 centur.
626 509 700 564 De
727 523 835 578 qua
870 524 930 564 re
960 523 1059 565 nos
1090 519 1245 562 antea
1274 509 1691 578 disputavimus.
1730 505 1944 560 Fieriue

375 603 561 671 itaque
588 611 787 671 potest,
821 604 894 654 uti
926 616 1054 670 pars
1084 601 1268 670 aliqua
1296 601 1365 655 ab
1391 601 1582 655 eodem
1617 608 1737 654 satu
1768 600 1943 653 aliena

375 688 537 741 modo
589 689 661 743 sit
693 703 759 741 ac
784 688 984 742 diaboli
1018 690 1255 757 propria,
1292 689 1454 743 modo
1484 688 1593 744 Deo
1624 687 1945 743 tribuenda?

374 778 480 832 Sed
522 779 777 833 nimirum
822 780 1126 835 incessendi
1176 795 1239 834 ac
1287 780 1718 850 reprehendendi
1777 796 1941 835 causa

372 871 477 928 ista
499 871 779 926 dicuntur.
816 870 949 925 Nam
976 874 1066 926 cui
1105 888 1165 927 se
1203 873 1437 942 quisque
1483 873 1737 941 subjicit,
1784 873 1944 941 hujus

372 974 427 1017 et
461 963 677 1016 actione
700 972 753 1017 et
776 962 1066 1031 disciplina
1096 965 1240 1019 [ilius
1266 973 1370 1027 est,
1400 972 1458 1018 ut
1483 981 1549 1019 ex
1582 964 1733 1019 Pauli
1764 966 1945 1020 verbis

373 1063 601 1123 apparet
629 1073 640 1107 :
675 1053 817 1107 Nam
849 1056 966 1118 licet
998 1056 1193 1109 multos
1232 1068 1572 1125 prwceptores
1596 1056 1856 1120 habeatis,
1887 1066 1943 1110 at

371 1160 475 1197 non
522 1143 711 1196 multos
740 1153 937 1211 patres.
970 1142 1112 1198 Nam
1139 1146 1193 1199 in
1223 1144 1434 1199 Christo
1470 1145 1600 1200 Jesu
1626 1163 1719 1217 per
1764 1146 1946 1200 Evan-

369 1233 563 1303 gelium
592 1249 682 1302 ego
715 1250 799 1287 vos
831 1235 993 1302 'genui
1019 1234 1057 1288 ί.
1094 1232 1192 1289 Ubi
1227 1235 1292 1288 ad
1323 1236 1649 1301 doctrinam,
1685 1246 1743 1290 ut
1771 1236 1942 1301 vides,

371 1324 475 1378 ista
517 1324 800 1379 transfert.
864 1324 931 1378 Et
987 1325 1205 1394 quidem
1258 1326 1304 1380 si
1361 1326 1728 1381 Abrahamum
1776 1326 1943 1380 Mani-

372 1413 559 1468 chaaus
606 1414 942 1478 admitteret,
996 1416 1141 1468 hunc
1182 1415 1360 1485 ipsum
1386 1414 1453 1467 ad
1489 1417 1660 1469 lucem
1697 1425 1947 1486 spectare

371 1505 717 1570 diceremus,
760 1507 963 1562 liberos
1014 1522 1145 1562 vero
1199 1508 1269 1560 ab
1330 1522 1395 1561 eo
1453 1510 1748 1577 productos
1791 1510 1945 1564 alteri

370 1597 757 1652 tribueremus.
806 1595 1290 1652 Verumenimvero
1326 1598 1401 1650 ita
1458 1613 1581 1653 sese
1625 1615 1715 1655 res
1745 1599 1946 1656 habet:

371 1686 733 1748 imitabantur
780 1687 1107 1742 homicidam
1154 1686 1329 1751 ludar,
1380 1690 1742 1758 proditionem
1768 1692 1946 1745 imita-

2044 503 2099 556 δὲ
2141 505 2232 557 καὶ
2282 505 2393 558 ἄνω
2430 501 2813 574 διηγησάμεθα
2844 501 2972 573 περὶ
3008 501 3219 553 τούτου.
3264 499 3389 565 Πῶς
3418 494 3513 554 οὖν
3559 498 3627 553 τὸ

2049 579 2213 668 μέρος
2252 597 2347 650 τοῦ
2395 596 2559 648 αὐτοῦ
2611 596 2925 666 σπέρματος
2959 595 3110 649 ἔσται
3148 593 3278 647 ποτὲ
3322 594 3419 664 μὲν
3459 593 3624 646 ἁλλό-

2040 706 2188 760 τριον
2214 691 2307 743 καὶ
2338 689 2432 743 τοῦ
2466 688 2737 752 διαϐόλου,
2795 688 2926 741 ποτὲ
2954 687 3011 741 δὲ
3047 687 3212 759 μέρος
3254 686 3421 751 Θεοῦ;
3460 686 3630 741 Ἀλλὰ

2042 776 2199 829 τοῦτο
2251 777 2669 847 ἐγκληματικῶς
2716 777 3002 847 διηγεῖται.
3030 769 3100 847 ᾮ
3152 777 3260 847 γάρ
3298 793 3380 838 τις
3428 776 3627 830 ἑαυτὸν

2043 866 2359 941 ὑποτάσσει,
2420 865 2608 918 τούτου
2668 865 2849 928 δοῦλος
2880 867 2922 896 ¹⁸
2968 865 3267 934 τυγχάνει,
3322 865 3461 918 κατὰ
3520 866 3627 934 τὴν

2042 957 2323 1029 ἐνέργειαν
2373 974 2433 1009 τε
2495 956 2590 1010 καὶ
2655 956 3024 1017 διδασκαλίαν,
3073 956 3147 1018 ὼς
3200 956 3293 1008 καὶ
3330 958 3360 1009 ό
3410 955 3628 1018 Παῦλός

2044 1066 2205 1119 φησι·
2238 1052 2305 1103 El
2351 1049 2459 1119 γὰρ
2508 1049 2605 1101 καὶ
2655 1048 2926 1114 πολλοὺς
2970 1047 3379 1113 διδασκάλους
3427 1046 3624 1115 ἔχετε,

2044 1140 2178 1192 ἀλλ’
2217 1141 2289 1193 οὺ
2331 1138 2602 1205 πολλοὺς
2644 1138 2922 1204 πατέρας.
2961 1138 3063 1191 Ἔν
3093 1136 3203 1205 γὰρ
3248 1136 3477 1204 Χριστῷ
3519 1138 3630 1202 Ἰη-

2044 1231 2160 1285 σοῦ
2201 1230 2298 1283 διά
2345 1231 2452 1285 τοῦ
2504 1232 2875 1299 Εὑαγγελίου
2926 1230 3042 1298 ἐγὼ
3091 1229 3245 1299 ὑμᾶς
3295 1230 3624 1298 ἐγέννησα.

2044 1322 2155 1374 Kal
2181 1323 2331 1392 ὁρᾷς,
2357 1323 2438 1375 ὅτι
2486 1322 2585 1391 τὴν
2619 1321 2966 1374 διδασκαλίαν
3012 1321 3188 1389 λέγει;
3222 1321 3332 1374 Kal
3364 1322 3410 1375 el
3461 1321 3561 1390 μὲν
3594 1322 3629 1373 ὀ

2044 1412 2238 1484 Μάνης
2281 1413 2492 1482 ἐδέχετο
2537 1413 2629 1466 τὸν
2663 1413 2940 1483 Ἀϐραὰμ,
2977 1412 3233 1483 ἐλέγομεν
3282 1413 3347 1465 ἃν
3378 1413 3467 1464 τὸν
3520 1412 3628 1482 μὲν

2057 1503 2307 1573 Ἀϐραὰμ
2354 1502 2446 1555 τοῦ
2494 1501 2629 1555 Θεοῦ
2663 1502 2758 1556 τοῦ
2816 1504 3026 1571 φωτὸς,
3074 1504 3202 1566 τοὺς
3243 1503 3299 1555 δὲ
3334 1504 3423 1555 ὑπ’
3453 1502 3624 1555 αὑτοῦ

2044 1594 2478 1664 γεγεννημένους
2507 1594 2666 1648 ἄλλου
2688 1612 2699 1624 ·
2729 1596 2763 1665 ἡ
2797 1595 2853 1647 δὲ
2888 1593 3140 1657 ὑπόθεσις
3171 1594 3355 1647 τοῦτον
3385 1594 3496 1669 ἔχει
3528 1595 3627 1647 τὸν

2046 1685 2273 1757 τρόπον·
2322 1685 2618 1756 ἐμιμοῦντο
2652 1685 2746 1739 τὸν
2807 1686 2994 1754 φονέα,
3036 1685 3331 1756 ἐμιμοῦντο
3374 1687 3472 1756 τὴν
3515 1704 3627 1740 πα·-

371 1774 602 1843 bautur,
633 1779 861 1847 ejusque
888 1779 1216 1832 calumniam
1243 1795 1308 1832 ac
1324 1764 1657 1842 delationem
1689 1782 1938 1838 secundis

2050 1777 2265 1848 ράδοσιν
2294 1777 2402 1833 ,τοῦ
2441 1777 2639 1841 Ἰούδα,
2684 1777 3039 1842 κατεδέξαντο
3086 1777 3183 1848 τὴν
3230 1778 3480 1848 διαϐολὴν
3522 1779 3625 1833 τοῦ

369 1868 597 1921 auribus
639 1876 996 1937 acceperant,
1023 1869 1188 1937 hujus
1222 1870 1275 1923 in
1302 1868 1473 1924 divini
1500 1872 1739 1928 numinis
1778 1875 1947 1929 abne—

369 1955 586 2024 gatioue
638 1956 730 2008 ﬁlii
783 1959 1132 2015 exstiterunt.
1202 1958 1296 2013 Ille
1333 1961 1480 2014 enim
1531 1962 1762 2016 mendax
1801 1972 1941 2029 erat,

367 2060 492 2099 eum
531 2056 586 2101 et
627 2048 836 2102 loculos
867 2048 1110 2112 haberet,
1144 2057 1199 2104 et
1233 2050 1438 2105 furtum
1470 2054 1854 2117 committeret,
1889 2063 1944 2110 et

370 2133 642 2188 Christum
698 2137 772 2190 ita
822 2138 1083 2193 salutaret
1132 2157 1145 2192 :
1188 2139 1315 2201 Ave,
1383 2138 1606 2195 Rabbi'.
1658 2142 1829 2208 Quam
1874 2145 1943 2198 ob

368 2237 590 2276 causam
616 2224 717 2278 hac
745 2224 955 2278 Domini
988 2241 1120 2279 voce
1148 2229 1566 2295 reprehenditur
1596 2249 1608 2283 :
1642 2232 1843 2296 Amice,
1872 2233 1940 2285 ad

366 2313 491 2384 quid
521 2314 739 2367 venisti'
760 2314 782 2365 Ἰ
805 2313 975 2369 Judas
1002 2332 1129 2369 vero
1172 2317 1401 2370 Cainum
1429 2319 1672 2373 imitatus
1705 2328 1810 2384 est,
1850 2321 1942 2390 qui

365 2410 422 2454 et
450 2402 724 2469 parricida
774 2400 896 2467 fuit,
930 2412 985 2456 et
1036 2418 1220 2457 coram
1268 2404 1499 2459 Domino
1544 2409 1804 2461 mentitus
1834 2418 1938 2465 est.

368 2489 513 2545 Num
568 2502 775 2557 custos,
827 2493 1025 2563 inquit,
1074 2495 1261 2563 fratris
1299 2496 1400 2549 mei
1433 2500 1598 2552 sum?
1648 2500 1820 2553 nescio
1854 2502 1942 2554 ubi

365 2584 437 2636 sit
462 2583 508 2637 ⁸.
571 2582 827 2652 Ejusdem
882 2593 937 2639 et
994 2586 1237 2643 Adamus
1282 2588 1586 2645 imitatione
1626 2590 1769 2646 ﬁlius
1815 2594 1939 2658 fuit,

364 2672 495 2729 dum
550 2674 866 2729 mendacem
918 2676 1065 2730 illam
1121 2691 1308 2731 vocem
1359 2681 1631 2748 sequitur,
1680 2697 1803 2751 qua:
1843 2699 1941 2753 per

366 2773 669 2833 serpentem
712 2764 785 2817 ita
826 2765 1150 2835 loquebatur
1181 2785 1194 2820 :
1228 2765 1396 2821 Erilis
1425 2770 1561 2822 sicut
1594 2770 1675 2824 dii
1713 2773 1933 2830 scientes

364 2853 555 2908 bonum
602 2866 652 2909 et
689 2855 951 2911 malum'.
1007 2858 1180 2927 Atque
1229 2858 1333 2913 hoc
1371 2861 1545 2930 ipsum
1579 2873 1683 2928 est,
1711 2865 1856 2931 quod
1881 2866 1936 2920 in

364 2944 660 3016 Evangelia
686 2962 715 2999 a
743 2946 1027 3003 Salvatore
1080 2950 1283 3004 dicitur
1323 2949 1455 3005 :Vos
1499 2955 1624 3006 estis
1675 2956 1777 3023 ﬁlii
1817 2956 1939 3010 dia-

2048 1870 2336 1939 προδότουο
2375 1871 2480 1922 υἱοὶ
2525 1870 2779 1938 γεγόνασι
2826 1871 2924 1941 τῆς
2957 1871 3117 1923 αὑτοῦ
3174 1872 3622 1943 ἐπαρνησιθεῖας.

2044 1960 2213 2022 Αὐτὸς
2251 1959 2490 2030 ψεύστης
2540 1961 2772 2034 ἐγένετο,
2800 1961 2859 2015 τὸ
2896 1961 3282 2031 γλωσσόκομον
3347 1963 3622 2033 κατέχων,

2044 2050 2139 2102 καὶ
2177 2049 2444 2112 κλέπτων,
2481 2051 2573 2103 καὶ
2602 2052 2772 2118 λέγων
2800 2050 2980 2120 αὐτῷ’
3013 2052 3207 2119 Χαῖρε,
3247 2052 3463 2106 Ῥαδϐί.
3508 2055 3627 2107 Καὶ

2043 2141 2393 2210 ἐλεγχόμενος
2445 2142 2539 2194 καὶ
2597 2141 2842 2195 ἅκούων’
2885 2143 3144 2209 'Etar'ps,
3194 2143 3285 2213 ἐφ’
3318 2137 3366 2209 ᾧ
3404 2143 3577 2213 πάρει
3602 2188 3621 2212 ,

2040 2228 2193 2295 οὗτος
2223 2234 2251 2285 ό
2286 2232 2484 2295 Ἰούδας
2514 2235 2825 2305 ἐμιμήσατο
2864 2233 2954 2288 τὸν
2988 2235 3148 2297 Κάῑν,
3195 2236 3380 2306 ἐπειδὴ
3410 2236 3628 2307 ἀνορω-

2043 2326 2301 2387 ποκτόνος
2343 2326 2582 2393 ἐγένετο,
2617 2325 2946 2395 ψευδόμενος
2991 2327 3227 2379 ἐναντίον
3267 2327 3359 2380 τοῦ
3388 2329 3621 2398 Κυρίου,

2042 2416 2135 2471 καὶ
2177 2415 2384 2483 λέγων·
2434 2415 2530 2483 Μὴ
2582 2416 2786 2485 φύλαξ
2814 2418 2948 2485 εἰμὶ
3001 2417 3109 2471 τοῦ
3156 2417 3623 2496 ἀδελφοῦήμους

2038 2508 2149 2561 οὐκ
2179 2504 2313 2561 οἶδα
2359 2506 2476 2559 ποῦ
2514 2506 2669 2560 ἔστι.
2697 2507 2809 2559 Kal
2843 2507 3005 2569 αὐτὸς
3037 2507 3177 2561 κατὰ
3227 2491 3459 2579 μίμησιν
3504 2509 3626 2573 υἱὸς

2039 2598 2352 2669 γεγένηται.
2385 2598 2479 2651 καὶ
2510 2597 2934 2669 καταθεωρήσας
2961 2598 3062 2667 τῆς
3092 2601 3150 2653 ἐν
3178 2599 3255 2670 τῷ
3289 2599 3410 2668 ὄφει
3453 2600 3625 2673 λαλη-

2040 2690 2208 2758 σάσης
2261 2688 2591 2759 ψευδηγόρου
2649 2689 2832 2759 φωνῆς
2880 2690 2980 2759 τῆς
3023 2690 3321 2761 λεγούσης’
3364 2692 3626 2747 Ἕσεσθε

2036 2780 2116 2845 ὠς
2144 2780 2284 2843 θεοὶ,
2318 2780 2713 2849 γινώσκοντες
2755 2779 2946 2837 καλὸν
2979 2780 3079 2835 καὶ
3135 2782 3432 2849 πονηρόν-⁸
3462 2800 3624 2839 τουτ-

2037 2869 2152 2922 έστι
2181 2869 2241 2922 τὸ
2282 2871 2337 2922 ἐν
2379 2870 2457 2939 τῷ
2487 2870 2801 2941 Εὐαγγελίῳ
2844 2870 2996 2942 παρὰ
3032 2871 3127 2924 τοῦ
3166 2874 3415 2943 Σωτῆρος
3460 2877 3623 2948 εἰρη-

2042 2963 2223 3032 μένον·
2268 2962 2449 3031 ’Υμεῖς
2481 2964 2598 3017 υἱοί
2628 2964 2766 3017 ἐστε
2793 2964 2900 3019 τοῦ
2928 2966 3233 3023 διαϐόλου.
3257 2968 3421 3036 Λέγει
3452 2971 3564 3040 γάρ
3602 2988 3620 3003 ο

364 3036 470 3091 boli
502 3038 542 3090 ‘.
615 3036 706 3091 Sic
756 3040 904 3093 enim
960 3040 1250 3109 loquitur:
1287 3042 1476 3100 Nonne
1524 3047 1797 3107 duodecim
1849 3067 1936 3105 vos

2046 3053 2191 3121 Οὐχὶ
2242 3051 2469 3111 δώδεκα
2524 3053 2681 3123 ὑμᾶς
2720 3054 3096 3125 ἐξελεξάμην
3110 3072 3129 3119 ;
3181 3051 3271 3123 εἷς
3322 3059 3391 3122 ἐξ
3446 3036 3623 3128 imane

362 3129 488 3196 elegi
512 3130 537 3182 ?
579 3138 628 3182 et
662 3146 795 3182 unus
830 3146 894 3183 ea:
939 3132 1079 3185 vobis
1120 3143 1198 3186 est
1230 3134 1536 3191 diabolus".
1570 3138 1839 3204 Quoniam
1873 3144 1937 3196 ab

2041 3145 2169 3197 ἐστι
2203 3142 2499 3209 διάϐολος.
2541 3145 2774 3213 Ἐπειδὴ
2824 3147 3103 3216 ἀπαρχῆς
3148 3150 3421 3218 ψεύστης
3460 3151 3619 3216 ἐστὶ,

362 3218 517 3271 initio
547 3218 773 3271 mendax.
806 3233 883 3274 est
913 3230 962 3273 et
1006 3221 1293 3288 homicida,
1325 3226 1447 3295 quia
1477 3238 1626 3295 pater
1660 3230 1773 3297 ejus
1796 3247 1941 3285 men-

363 3307 470 3363 dax
499 3318 611 3363 erat
642 3310 683 3364 ⁸.
714 3309 833 3375 Qua
876 3313 1088 3367 ratione
1127 3313 1407 3369 Manichazi
1437 3320 1663 3386 quaestio
1690 3321 1940 3377 dissolvi-

366 3405 487 3462 tur;
542 3413 652 3451 non
701 3400 846 3452 enim
894 3399 1099 3453 diaboli
1140 3404 1356 3470 proprie
1399 3403 1494 3458 lilii
1538 3416 1696 3458 erant
1747 3405 1936 3462 Judaei.
1984 3408 1991 3421 ‘

366 3489 519 3545 Absit
569 3498 627 3543 at
674 3490 724 3545 id
764 3506 889 3547 esse
935 3492 1242 3558 credamus.
1290 3493 1499 3566 Quippe
1542 3512 1664 3551 cum
1704 3496 1941 3553 Samari-

363 3588 489 3633 tana
536 3582 733 3637 mulier
765 3583 1007 3646 Christo,
1032 3583 1266 3642 Domino
1311 3586 1540 3643 dixisset
1573 3608 1587 3643 :
1621 3591 1724 3645 Hic
1758 3594 1811 3647 in
1836 3594 1938 3648 isto

366 3680 542 3723 monte
565 3671 922 3727 adorarerunt
951 3684 1129 3741 patres
1162 3678 1361 3740 nostri;
1402 3696 1490 3733 vos
1540 3691 1714 3734 autem
1758 3683 1937 3740 dicitis

366 3761 751 3833 Hierosolymis
786 3783 897 3820 esse
940 3767 1134 3831 locant,
1172 3768 1260 3821 ubi
1295 3781 1496 3839 oportet
1522 3762 1781 3840 adorare;
1816 3786 1937 3846 post

361 3856 529 3909 multa
593 3855 843 3912 Salvator
902 3859 1005 3915 ista
1055 3861 1321 3929 subjecit:
1359 3864 1489 3931 Qua:
1528 3868 1724 3923 scimus
1767 3869 1939 3940 loqui-

363 3962 500 4006 mur,
547 3947 671 4012 quia
717 3947 863 4002 salus
900 3964 963 4002 ex
999 3948 1203 4005 Judwis
1237 3957 1386 4011 est’.
1440 3956 1539 4013 Cui
1585 3968 1639 4013 et
1688 3961 1922 4030 Aposto-

361 4035 446 4090 lus
469 4039 742 4091 consentit
774 4041 855 4093 his
886 4042 1064 4097 verbis
1094 4061 1107 4096 :
1152 4043 1414 4110 Quoniam
1436 4063 1502 4101 ex
1517 4047 1663 4102 Juda
1687 4061 1834 4105 ortus
1856 4062 1932 4106 est

360 4124 621 4182 Dominus
650 4130 713 4183 ιθ.
758 4128 862 4184 Sed
895 4133 1051 4201 plura
1102 4134 1168 4188 ad
1208 4151 1329 4190 eam
1371 4153 1483 4193 rem
1518 4140 1780 4210 disputari
1804 4157 1935 4212 pos-

360 4224 513 4281 sunt,
546 4219 747 4285 quibus
771 4219 905 4275 falsa
933 4222 1085 4277 illius
1121 4226 1306 4294 opinio
1335 4228 1633 4284 refellatur.

426 4309 596 4378 67.8
612 4309 790 4365 LXIV.
811 4312 877 4365 At
896 4313 1039 4367 enim
1067 4318 1437 4383 evangelicum
1466 4320 1599 4373 illud
1618 4322 1825 4378 dictum
1852 4340 1935 4380 ar-

2040 3237 2138 3290 καὶ
2171 3236 2661 3304 ἀνθρωποκτόνος
2682 3251 2697 3266 ⁶
2733 3238 2820 3291 ὅτι
2851 3241 2884 3292 ό
2912 3240 3106 3307 πατὴρ
3145 3241 3328 3295 αὑτοῦ
3344 3243 3623 3311 ψεύστης

2037 3323 2134 3397 ἦν.
2169 3328 2278 3383 Kal
2310 3328 2523 3382 λέλυται
2555 3330 2587 3400 ἡ
2618 3328 2809 3383 τούτου
2845 3328 3092 3403 ζήτησις.
3124 3332 3199 3388 Ού
3235 3334 3340 3405 γὰρ
3380 3333 3473 3386 τοῦ
3504 3334 3621 3387 δια-

2040 3416 2193 3471 ϐόλου
2245 3413 2383 3486 ἦσαν
2429 3417 2595 3472 τέκνα
2644 3420 2694 3470 οἱ
2734 3420 3002 3473 Ἰουδαῖοιο
3036 3422 3111 3493 μὴ
3167 3421 3404 3489 γένοιτοῑ
3448 3423 3619 3491 Λέγει

2039 3509 2148 3581 γὰρ
2194 3512 2227 3580 ἠ
2280 3511 2611 3580 Σαμαρεῖτις
2658 3512 2795 3581 πρὸς
2839 3512 2932 3564 τὸν
2980 3514 3230 3582 Σωτῆρα,
3262 3514 3343 3566 ὅτι
3372 3508 3511 3568 Ὧδε
3546 3516 3620 3569 ἐν

2039 3596 2117 3662 τῷ
2149 3598 2267 3666 ὄρει
2299 3601 2488 3665 τούτῳ
2528 3600 3002 3667 προσεκύνησαν
3033 3604 3088 3654 ol
3126 3602 3380 3670 πατέρες
3413 3603 3617 3672 ήμῶν*

2038 3690 2137 3741 καὶ
2166 3689 2333 3757 ὑμεῖς
2372 3688 2439 3743 δὲ
2469 3690 2704 3759 λέγετε,
2750 3690 2837 3745 ὅτι
2870 3692 2941 3744 ἐν
2973 3692 3404 3762 Ἰεροσολύμοις
3438 3696 3617 3749 ἐστιν

2037 3784 2070 3834 ὀ
2096 3782 2295 3847 τόπος,
2331 3781 2483 3835 ὅπου
2515 3782 2611 3836 δεῖ
2641 3785 3028 3850 προσκυνεῖν.
3076 3781 3207 3839 Εἶτα
3258 3787 3394 3856 μετὰ
3442 3788 3618 3844 πολλά

2036 3872 2065 3923 ὁ
2094 3871 2283 3942 Σωτὴρ
2327 3874 2462 3943 αὐτῇ
2512 3874 2638 3945 ἐφη,
2678 3875 2762 3927 ὅτι
2797 3877 2856 3929 Ἀ
2886 3875 3134 3945 οἴδαμεν
3166 3878 3492 3947 λαλοῦμεν,
3521 3880 3616 3935 ὅτι

2036 3963 2074 4029 ἡ
2107 3964 2368 4031 σωτηρία
2405 3965 2474 4017 ἐκ
2520 3964 2637 4019 τῶν
2671 3966 2966 4021 Ἰουδαίων
3014 3967 3174 4021 ἐστί.
3224 3970 3333 4022 Kal
3382 3970 3541 4025 πάλιν
3585 3975 3616 4027 ό

2048 4053 2389 4118 Ἀπόστολοςο
2428 4053 2643 4123 Δῆλον,
2672 4055 2762 4111 ὅτι
2800 4057 2869 4121 ἐξ
2919 4058 3104 4111 Ἰούδα
3138 4058 3547 4113 ἀνατέταλκεν
3579 4064 3614 4116 d

2033 4145 2266 4211 Κύριος.
2315 4146 2423 4198 Kal
2475 4145 2644 4199 πολλὰ
2690 4146 2806 4198 ἐστι
2857 4147 2985 4217 περὶ
3036 4146 3229 4199 τούτου
3267 4147 3466 4217 λέγειν,
3516 4150 3612 4203 καὶ

2034 4236 2273 4306 ἐλέγχειν
2304 4238 2402 4307 τὴν
2432 4237 2640 4307 πλάνην
2670 4237 2882 4292 τούτου.

2102 4327 2214 4382 Ξδν.
2241 4329 2408 4383 Πάλιν
2436 4331 2493 4384 δὲ
2526 4330 2954 4401 ἐπιλαμϐάνεται
2984 4331 3084 4400 τῆς
3129 4330 3326 4398 λέξεως
3374 4332 3607 4405 ταύτης,

358 4398 514 4464 ripit:
538 4400 600 4451 Et
621 4401 775 4453 luxis
798 4405 1019 4459 tenebris
1044 4408 1199 4470 lucet,
1222 4418 1272 4463 et
1299 4410 1519 4465 tenebra:
1540 4429 1653 4466 eam
1671 4431 1773 4467 non
1791 4432 1933 4471 com-

2041 4422 2116 4474 ὅτι
2153 4422 2222 4476 Τό
2259 4423 2384 4490 φῶς
2427 4423 2497 4476 ἐν
2540 4422 2616 4491 τῇ
2660 4398 2874 4489 σκοτίᾳ
2911 4398 3138 4492 φαίνει,
3175 4425 3272 4478 καὶ
3318 4425 3356 4491 ri
3396 4398 3613 4482 σκοτία

359 4488 741 4560 prehenderunt
769 4495 833 4545 η.
859 4492 1121 4549 Tenebrae
1162 4499 1327 4562 enim,
1375 4501 1568 4567 inquit,
1603 4502 1777 4557 lucem
1812 4522 1933 4573 per-

361 4588 563 4637 secutae
602 4590 751 4643 sunt,
787 4583 928 4651 quod
966 4586 1090 4638 mali
1122 4589 1395 4657 principes
1432 4590 1769 4648 divinitatem
1804 4606 1932 4651 sunt

362 4669 641 4725 hostiliter
700 4672 956 4727 insecuti.
1004 4676 1169 4745 Atqui
1206 4680 1251 4731 si
1294 4680 1383 4733 lux
1426 4695 1456 4733 a
1504 4684 1745 4740 tenebris
1788 4686 1931 4741 bello

363 4761 603 4830 appetita
632 4761 956 4818 invadentes
973 4764 1135 4834 fugit,
1167 4766 1422 4825 fortiores
1447 4783 1611 4828 crunt
1635 4777 1753 4831 luce
1778 4786 1929 4835 tene-

362 4851 495 4911 brae.
527 4867 650 4905 cum
676 4852 858 4907 abhis
892 4856 983 4908 illa
1012 4865 1268 4929 tauquam
1312 4844 1703 4925 valentioribus
1747 4870 1928 4940 iugata

362 4953 509 5000 stare
534 4954 725 5001 contra
748 4953 801 4998 et
836 4961 1104 5016 apparere
1134 4967 1239 5004 non
1269 4954 1485 5010 audeat.
1523 4957 1718 5015 Verum
1771 4963 1929 5033 longe

360 5049 422 5091 se
447 5037 602 5089 aliter
633 5051 720 5089 res
754 5037 937 5093 habet.
965 5044 1149 5110 Neque
1182 5046 1325 5098 etaim
1364 5049 1452 5102 lux
1490 5054 1737 5109 tenebras
1770 5054 1925 5127 fugit,

360 5126 456 5181 sed
494 5128 629 5181 lucet
664 5132 717 5182 in
750 5132 993 5195 tenebris,
1041 5144 1092 5188 el
1133 5137 1353 5192 tenebra:
1393 5158 1508 5195 eam
1546 5161 1646 5199 non
1690 5126 1927 5218 compre-

361 5217 668 5274 henderunt.
696 5222 853 5288 Quod
890 5228 935 5280 si
978 5226 1049 5280 ita
1113 5240 1216 5291 est,
1262 5231 1420 5296 longe
1453 5236 1554 5290 hoc
1582 5253 1611 5290 a
1644 5217 1928 5297 Manichaei

360 5313 633 5365 sententia
683 5314 936 5383 dissidet,
981 5322 1071 5390 qui
1115 5336 1224 5375 non
1258 5324 1422 5379 modo
1450 5331 1929 5398 comprehendisse

433 5538 450 5570 ¹
483 5537 500 5592 l
540 5540 665 5618 C_or_.
706 5559 778 5607 tv,
815 5548 899 5601 l5.
1047 5552 1065 5580 '
1106 5550 1291 5605 Matth.
1341 5571 1487 5618 XH'I,
1522 5557 1608 5611 49.

360 5606 480 5690 ιιι-
560 5606 788 5690 '__Joan.
843 5633 890 5672 vr
917 5659 929 5681 ,
970 5619 1055 5674 70.
1169 5624 1187 5653 ³
1220 5606 1377 5678 ιιυεηή.
1428 5606 1707 5690 vult-64.

364 5680 409 5717 “
438 5676 499 5735 Ρ.
538 5682 670 5746 υἱός.

1722 5561 1741 5592 ³
1778 5563 1907 5616 ibid.
1945 5564 2034 5619 50.

1821 5636 1840 5665 ⁹
1899 5634 2055 5689 Joan.
2119 5652 2208 5701 νι,
2273 5637 2361 5691 2'2.

2037 4514 2183 4567 αὐτὸ
2220 4515 2291 4567 οὐ
2324 4514 2671 4569 κατέλαϐεν.
2699 4516 2853 4577 Ὅτι,
2904 4516 3086 4585 φησιν,
3129 4516 3315 4570 ἐδίωκε
3348 4518 3408 4571 τὸ
3461 4520 3610 4586 φῶς,

2036 4605 2109 4667 ὡς
2163 4605 2269 4658 τῶν
2310 4606 2561 4677 πονηρῶν
2626 4607 2901 4676 ἀρχόντων
2942 4608 3243 4663 διωκόντων
3308 4612 3401 4665 καὶ
3446 4613 3608 4667 πόλει

2040 4696 2280 4767 μούντων
2324 4697 2419 4769 τὴν
2453 4697 2699 4769 θεότητα.
2734 4700 2797 4751 El
2844 4701 2902 4754 δὲ
2947 4701 3346 4772 πολεμούμενον
3388 4704 3446 4756 τὸ
3493 4705 3610 4773 φῶς

2035 4787 2289 4840 διώκεται
2324 4787 2429 4840 ὑπὸ
2474 4788 2567 4841 τοῦ
2619 4788 2873 4852 σκότους,
2920 4789 3029 4861 ἄρα
3081 4790 3444 4863 δυνατώτερόν
3491 4795 3607 4847 ἐστι

2033 4880 2129 4933 τοῦ
2181 4879 2359 4947 φωτὸς
2405 4880 2466 4932 τὸ
2517 4879 2740 4942 σκότος·
2808 4880 2994 4951 ἐπειδὴ
3049 4881 3433 4953 ἀποδιδράσκει
3496 4885 3607 4937 ἀπὸ

2034 4969 2322 5040 προσώπου
2356 4970 2447 5024 τοῦ
2493 4971 2748 5035 σκότους,
2790 4972 2882 5024 καὶ
2931 4973 3028 5042 οὐχ
3082 4973 3370 5042 ὑφίσταται
3415 4976 3605 5045 στῆναι

2036 5062 2405 5133 ἰνδαλλόμενον
2447 5062 2534 5115 διὰ
2563 5064 2622 5117 τὸ
2666 5062 3033 5133 δυνατώτερον
3076 5065 3282 5128 σκότος.
3334 5065 3469 5119 Ἀλλ’
3504 5067 3603 5138 οὐχ

2032 5153 2203 5217 οὕτως
2234 5154 2367 5223 ἔχει.
2415 5155 2550 5209 Οὐδὲ
2582 5154 2689 5226 γὰρ
2720 5156 2781 5208 τὸ
2812 5154 2925 5219 φῶς
2974 5155 3164 5224 φεύγει
3212 5157 3603 5229 ἀπὲμπροσθεν

2031 5246 2122 5300 τοῦ
2169 5246 2419 5310 σκότους,
2454 5247 2613 5301 ἀλλὰ
2646 5246 2712 5300 τὸ
2743 5245 2870 5316 φῶς
2909 5247 2977 5300 ἐν
3011 5235 3087 5315 τῇ
3124 5250 3337 5314 σκοτίᾳ
3371 5250 3604 5317 φαίνει,

2031 5339 2130 5391 καὶ
2165 5339 2201 5406 ἠ
2250 5338 2466 5393 σκοτία
2502 5339 2647 5392 αὐτὸ
2688 5341 2762 5394 οὐ
2815 5338 3163 5393 κατέλαϐεν.
3209 5340 3272 5393 Ei
3317 5339 3372 5393 δὲ
3412 5340 3601 5393 σκοτία

2150 5566 2167 5595 ⁵
2199 5565 2333 5620 Gen.
2392 5583 2464 5629 tv,
2507 5566 2557 5619 9.
2671 5567 2691 5598 ⁸
2721 5564 2853 5619 Gen.
2914 5580 2994 5628 ιιι,
3039 5566 3091 5619 5,

3221 5566 3241 5595 ⁶
3267 5563 3423 5618 Juan.
3478 5577 3596 5619 vui.

2496 5637 2537 5667 ¹⁰
2596 5634 2760 5699 Hebr.
2814 5652 2925 5697 vn,
2992 5636 3073 5690 Η.
3192 5633 3403 5689 “Juau.
3444 5649 3500 5697 I,
3540 5632 3573 5689 5

3192 5637 3225 5668 “
3248 5633 3403 5689 Juau.
3444 5649 3500 5697 I,
3540 5631 3597 5689 5.
