3850 6204
218 334 325 388 423

890 332 1260 388 Αυινειιδυδ
1299 332 1641 388 HAERESES
1682 334 1774 388 Lll‘.

1879 333 1913 391 ι.
1954 321 2118 389 ron.
2161 335 2586 393 n.—nA«;nEs.
2629 339 2812 396 LXVI.

3383 351 3484 408 1⁸50

213 453 273 506 ού
312 449 580 505 κατέλαϐε
615 449 675 504 τὸ
717 450 862 521 φῶς,
911 453 1044 506 πολὺ
1092 452 1253 508 τοῦτο
1302 454 1603 509 διαλλάττει
1653 473 1774 529 παρς

1907 457 2163 511 tenebras
2210 465 2418 520 narrat.
2452 459 2546 514 sed
2582 469 2636 514 et
2661 459 2799 516 lucis
2835 471 3165 518 armaturam
3209 469 3478 536 rapuisse.

211 545 306 597 τὸν
347 541 473 598 νοῦν
500 543 592 597 τοῦ
627 544 807 616 Μάνη,
851 541 943 598 τοῦ
978 545 1246 614 λέγοντος,
1277 547 1357 599 ὅτι
1386 547 1446 600 οὐ
1480 545 1638 617 μόνον
1670 565 1800 600 κατ-

1907 545 2193 613 Quomodo
2239 549 2407 620 igitur
2447 564 2574 621 qua:
2606 559 2942 607 armaturam
2986 556 3234 624 rapuisse
3288 557 3483 628 pradi-

211 635 459 705 είληφεν,
510 633 645 688 ἀλλὰ
693 635 786 689 καὶ
850 637 1153 691 πανοπλίαν
1213 635 1342 710 παρ’
1389 637 1552 691 αὑτοῦ
1608 639 1774 710 ἀφὴρ·

1905 645 2125 700 cantur,
2180 638 2359 694 lucem
2420 641 2882 710 comprehendere
2931 645 3080 698 nullo
3110 646 3270 699 modo
3290 657 3481 717 potue-

211 742 380 781 πασε.
428 725 555 790 Πῶς
595 728 774 780 τοίνυν
810 728 939 797 παρ’
969 727 1119 798 αὐτῷ
1153 727 1653 799 καταγγελλόμενον
1695 731 1793 801 ἡρ-

1903 722 2077 776 runt?
2104 722 2355 790 Quonam
2379 727 2576 781 deinde
2598 737 2755 798 pacto
2781 725 2964 800 iugata
2993 731 3084 786 lux
3114 749 3212 787 sua
3247 735 3300 788 in
3331 745 3481 793 tene~

209 816 450 870 πακέναι
469 817 771 870 πανοπλίαν
787 816 892 870 οὐδ’
912 817 1048 880 ὅλως
1065 817 1330 872 κατέλαϐε
1345 819 1405 872 τὸ
1428 819 1541 890 φῶς
1561 837 1574 885 ;
1597 819 1721 883 Πῶς
1739 820 1774 874 δ

1902 813 2017 869 bris
2069 824 2264 886 sponte
2313 819 2673 888 resplendet?
2711 820 2855 892 Ergo
2903 823 2978 876 ita
3022 839 3087 879 ex
3126 825 3203 880 rei
3251 829 3482 884 veritate

208 909 329 976 φῶς
356 908 686 979 διωκόμενον
707 907 1157 980 αὐτοπροαιρέσει
1181 909 1360 978 φαίνει
1386 913 1442 964 ὲν
1471 911 1546 982 τῷ
1577 912 1792 978 σκότει;

219 1000 360 1054 Ἀλλ’
391 998 578 1070 ἐπειδῆ
619 1000 997 1069 ὲσκοτισμέναι
1034 997 1175 1072 ἦσαν
1213 1002 1269 1055 αἱ
1308 1001 1533 1056 διάνοιαι
1565 1002 1672 1056 τῶν
1702 1006 1793 1058 ἀν-

205 1091 445 1164 θρώπων
476 1091 566 1146 διὰ
591 1091 688 1164 τὴν
731 1091 956 1146 θόλωσιν
996 1094 1095 1164 τῆς
1128 1095 1436 1166 ἁμαρτίας,
1475 1097 1792 1150 ἀπέστειλεν

204 1184 237 1234 ό
267 1181 404 1245 Θεὸς
458 1181 671 1254 πρῶτον
715 1182 805 1236 τὸν
856 1182 1036 1253 νόμον,
1085 1182 1334 1252 φωτίζων
1381 1185 1457 1249 ὠς
1505 1189 1562 1241 tv
1611 1187 1790 1260 λύχνῳ

206 1273 635 1343 παραφαίνοντιο
671 1272 747 1336 ῶς
784 1291 948 1346 φησιν
1002 1273 1206 1347 Πέτρος
1256 1278 1313 1330 ὲν
1359 1281 1424 1350 τῇ
1462 1280 1783 1353 Ἐπιστολῇ·

206 1367 622 1437 Προσέχοντες
677 1365 758 1432 τῷ
811 1367 1154 1437 προφητικῷ
1208 1372 1390 1440 λόγῳ,
1441 1372 1522 1438 ὡς
1582 1375 1788 1444 λύχνῳ

203 1460 482 1526 φαίνοντι
523 1459 594 1514 ἐν
623 1458 907 1529 αὐχμηρῷ
936 1460 1115 1525 τόπῳ,
1159 1460 1270 1528 ἔως
1303 1465 1621 1532 φωσφόρος
1652 1467 1789 1520 ἀνα-

202 1551 410 1618 τείλῃ,
464 1550 560 1604 καί
607 1550 791 1617 ἡμέρα
847 1553 1198 1623 καταυγάσῃ
1235 1552 1304 1606 ἐν
1350 1553 1479 1617 ταῖς
1515 1555 1786 1624 καρδίαις

202 1639 393 1708 ὑμῶν.
431 1639 668 1692 Ἐκεῖθεν
715 1640 822 1711 γὰρ
857 1641 917 1694 τὸ
951 1641 1067 1710 φῶς
1105 1644 1162 1696 ὲν
1195 1640 1271 1714 τῷ
1300 1644 1479 1697 σκότει
1522 1646 1722 1714 φαίνει,
1757 1650 1785 1700 ό

202 1732 370 1802 νόμος
397 1732 570 1795 δοθεὶς
612 1734 670 1785 tv
711 1734 852 1804 χειρὶ
896 1733 1114 1803 μεσίτου
1145 1734 1231 1788 διὰ
1270 1735 1364 1789 τοῦ
1396 1736 1589 1790 πιστοῦ
1622 1737 1783 1810 θερά-

1902 912 2076 959 totum
2123 908 2256 963 illud
2294 909 2672 980 accipiendum
2698 920 2803 967 est.
2835 913 2971 968 Cum
3005 919 3216 985 peccati
3245 918 3480 990 caligine

1901 993 2190 1050 obcaecatze
2213 1006 2424 1054 mentes
2449 999 2732 1054 hominum
2754 1001 2952 1065 forent,
2979 1005 3249 1076 principio
3279 1008 3361 1062 lex
3393 1016 3478 1065 est

1897 1097 1926 1137 ο
1943 1081 2057 1139 ‘Deo
2075 1086 2264 1150 missa,
2280 1103 2405 1158 qua,
2423 1091 2568 1144 velut
2589 1093 2801 1146 sublata
2829 1094 3072 1156 lucerna,
3093 1099 3473 1154 collustraret:

1897 1175 2043 1243 quod
2086 1176 2142 1232 in
2188 1177 2433 1247 Epistula
2479 1199 2576 1236 sua
2619 1181 2816 1238 Petrus
2868 1185 3076 1242 indicat
3124 1189 3209 1243 bis
3244 1191 3471 1248 verbis:

1896 1268 2230 1324 Attendentes
2279 1274 2583 1342 prophetico
2631 1279 2883 1340 sermoni,
2938 1287 3191 1348 tanquam
3248 1281 3474 1336 lucerna

1897 1359 2089 1412 lucenti
2117 1361 2172 1412 in
2207 1363 2497 1433 caliginoso
2523 1365 2656 1430 loco,
2701 1366 2864 1420 donec
2901 1368 3117 1438 Lucifer
3152 1372 3384 1434 oriatur,
3419 1381 3473 1428 et

1894 1449 2006 1504 dies
2031 1451 2303 1506 illucescat
2343 1456 2395 1508 in
2434 1456 2678 1510 cordibus
2726 1461 2909 1513 vestris
2939 1461 2976 1512 ¹.
3029 1462 3185 1516 Illinc
3215 1479 3345 1534 ergo
3377 1467 3497 1520 lux'

1895 1541 1949 1596 in
1983 1544 2224 1600 tenebris
2268 1546 2447 1602 lucet:
2475 1549 2732 1604 nimirum
2779 1552 2882 1618 lex,
2929 1569 3052 1624 quae
3080 1572 3177 1626 per
3201 1557 3469 1627 interpre-

1893 1639 2000 1687 tem
2040 1648 2104 1688 ac
2142 1645 2504 1705 sequestrem,
2552 1639 2656 1694 hoc
2700 1649 2786 1696 est
2835 1642 3047 1700 ﬁdelem
3110 1645 3204 1701 Dei
3245 1664 3466 1705 sertum

1893 1722 2154 1796 Moyscm,
2190 1737 2275 1784 est
2315 1733 2653 1802 praescripta.
2703 1735 2780 1788 Ae
2829 1738 3204 1806 superioribus
3249 1743 3467 1810 quidem

202 1837 402 1885 ποντος
434 1822 526 1875 τοῦ
562 1822 697 1877 Θεοῦ
744 1824 1042 1888 Μωῦσέως.
1072 1824 1171 1878 Διὰ
1223 1823 1398 1892 τοῦτο,
1446 1827 1631 1900 ἐπειδὴ
1679 1830 1774 1884 ἀπὶ

1889 1813 2230 1880 temporibus
2291 1818 2385 1870 lux
2439 1820 2618 1889 primo
2669 1824 2915 1891 quaedam
2969 1827 3021 1880 in
3071 1837 3278 1883 natura?
3325 1832 3463 1900 lege,

197 1911 312 1964 τῶν
364 1913 627 1968 ἀνέκαθεν
689 1915 902 1987 πρῶτον
949 1911 1018 1988 ἦν
1067 1917 1129 1970 τὸ
1172 1916 1286 1987 φῶς
1339 1919 1548 1986 φαῖνον,
1598 1919 1784 1992 ῶσπερ

201 2005 442 2077 σπινθὴρ
476 2009 534 2060 tv
563 2006 637 2077 τῷ
669 2009 819 2079 νόμῳ
865 2008 943 2078 τῷ
992 2008 1134 2063 κατὰ
1183 2010 1360 2078 φύσιν,
1390 2010 1418 2064 ὃ
1452 2011 1784 2083 θεασάμενος

211 2093 385 2164 Ἑνὼχ
445 2095 775 2167 εὐηρέστησε
830 2094 906 2168 τῷ
953 2093 1174 2170 Κυρίῳο
1228 2099 1295 2152 δι’
1341 2092 1402 2152 οὗ
1450 2101 1783 2174 καθοδηγού-

200 2202 365 2253 μενος
394 2187 425 2238 ὁ
465 2187 629 2239 ’Λϐελ
681 2187 1015 2258 εύηρέστησε
1065 2189 1143 2260 τῷ
1188 2191 1406 2262 Κυρίῳο
1438 2191 1506 2244 δι’
1547 2187 1608 2247 οὗ
1654 2185 1782 2264 εὗρε

195 2277 322 2330 Νῶε
351 2278 512 2349 χάριν
553 2276 784 2332 ἐνώπιον
816 2279 910 2332 τοῦ
949 2280 1084 2334 Θεοῦ
1117 2284 1456 2355 κατανοήσας
1495 2284 1592 2354 τὴν
1627 2284 1744 2338 ὁδόν
1765 2301 1781 2315 ο

193 2369 261 2422 δι’
289 2366 350 2423 οῦ
391 2370 634 2439 Ἀϐραὰμ
666 2370 990 2425 ἐπίστευσε
1039 2370 1118 2437 τῷ
1169 2372 1309 2439 Θεῷ,
1344 2375 1440 2428 καὶ
1491 2375 1778 2446 ἐλογίσθη

193 2458 355 2524 αὐτῷ
386 2463 476 2526 είς
507 2459 917 2530 δικαιοσύνην.
947 2456 1086 2516 Εἶτα
1125 2465 1393 2536 παρελθὸν
1423 2467 1482 2520 τὸ
1523 2467 1638 2537 φῶς
1671 2469 1780 2522 ἀπὸ

196 2550 636 2623 σπινθηροειδοῦς
664 2552 868 2624 τρόπου
915 2551 1209 2624 προσέθετο
1237 2556 1548 2629 φαιδρότητι
1583 2558 1776 2630 λύχνου

194 2644 455 2714 φανέντος
482 2646 540 2698 tv
567 2651 836 2719 αὐχμηρῷ
873 2647 1057 2718 τόπῳ⁶
1093 2649 1340 2702 τουτέστι
1367 2650 1428 2702 τὸ
1469 2650 1584 2718 φῶς
1623 2653 1680 2704 ἐν
1709 2654 1776 2722 τῇ

195 2737 384 2808 σκοτίᾳ
418 2737 627 2806 φαίνει,
660 2740 694 2810 ή
727 2739 911 2810 ἐντολὴ
959 2739 1053 2794 τοῦ
1092 2739 1250 2806 Θεοῦ,
1298 2743 1391 2795 καὶ
1423 2744 1455 2814 ἡ
1493 2743 1634 2797 κατὰ
1679 2743 1776 2815 τὴν

193 2829 506 2900 ἀγαθότητα
554 2830 790 2894 διάνοια,
838 2831 1150 2901 φωτίζουσα
1202 2833 1261 2885 tv
1295 2833 1492 2906 καρδίᾳ
1543 2834 1775 2900 πιστῶν,

192 2919 469 2990 ἁναμέσον
500 2921 600 2992 τῆς
628 2921 1002 2996 τεθολωμὲνης
1047 2923 1282 2989 διανοίας
1311 2925 1420 2978 τῶν
1450 2927 1508 2979 ὲν
1536 2928 1648 2990 τοῖς
1679 2928 1773 2981 ἀν-

193 3010 432 3081 θρώποις
472 3011 771 3080 γεγονότων
803 3013 1022 3082 φαύλων
1049 3016 1142 3068 καὶ⁹
1179 3014 1367 3069 κακῶν
1407 3016 1772 3087 πραγμάτων,

193 3103 631 3176 είδωλολατρείας
673 3122 732 3158 τε
769 3108 864 3160 καὶ
905 3107 1344 3179 ὲπαρνησιθετας,
1376 3108 1550 3176 φόνων
1577 3126 1635 3162 τε
1680 3109 1772 3162 καὶ

196 3195 474 3264 μοιχείας,
518 3196 612 3249 καὶ
655 3196 764 3250 τῶν
810 3197 1004 3252 ἄλλων.
1037 3199 1160 3252 Ὀτι
1202 3199 1259 3254 δὲ
1305 3195 1467 3272 ἦλθεν
1512 3203 1540 3254 ὁ
1595 3201 1766 3272 μέγας

194 3284 435 3356 φωστὴρ,
480 3286 547 3338 τὸ
598 3284 726 3355 φῶς
767 3285 834 3339 τὸ
885 3287 1198 3355 ἀληθινὸν,
1229 3289 1259 3343 ὃ
1307 3291 1533 3358 φωτίζει
1572 3291 1768 3346 πάντα

193 3377 506 3444 ἄνθρωπον
569 3377 897 3447 ἐρχόμενον
940 3381 1030 3444 εις
1082 3381 1190 3433 τὸν
1243 3384 1494 3451 κόσμον.
1544 3384 1640 3435 Ἑν
1690 3381 1768 3448 τῷ

195 3468 395 3535 κόσμῳ
427 3463 526 3536 ἦν,
573 3469 672 3522 καὶ
704 3472 737 3523 ό
770 3472 997 3540 κόσμος
1046 3471 1122 3525 δι’
1152 3473 1336 3527 αὑτοῦ
1373 3473 1628 3542 ἐγένετο,
1669 3474 1766 3528 καὶ

196 3561 227 3610 ό
257 3559 482 3627 κόσμος
506 3560 695 3614 αὐτὸν
732 3563 841 3616 οὐκ
871 3562 1044 3632 ἔγνω.
1088 3563 1141 3616 '0
1171 3567 1258 3630 είς
1289 3564 1361 3618 τὰ
1401 3564 1520 3618 ἴδια
1553 3565 1766 3630 ἐλθὼν,

194 3649 287 3702 καὶ
327 3650 566 3724 oblatos
597 3632 798 3706 ἀὑτὸν
826 3655 898 3706 οὺ
930 3652 1290 3722 παρέλαϐον.
1323 3656 1486 3709 Ὅσοι
1531 3656 1598 3709 δὲ
1632 3655 1770 3710 ἔλα-

196 3741 298 3794 ϐον
323 3742 533 3805 αὐτὸν,
559 3742 786 3798 ἔδωκεν
831 3745 1036 3812 αὐτοῖς
1069 3747 1360 3810 ἐξουσίαν
1395 3749 1575 3801 τέκνα
1620 3747 1768 3802 Θεοῦ

197 3834 490 3902 γενέσθαι.
535 3836 642 3889 Καὶ
673 3838 804 3908 ὁρᾷς
847 3837 1002 3890 τοῦτο
1031 3838 1092 3891 τὸ
1138 3840 1253 3907 φῶς
1299 3841 1356 3892 tv
1402 3840 1553 3910 nolet
1581 3839 1768 3912 σκοτίᾳ

196 3926 390 3993 φαίνει,
433 3927 527 3980 καὶ
561 3929 690 3981 ποία
724 3929 937 3982 σκοτία
967 3930 1097 3984 αὐτὸ
1124 3932 1196 3984 οὺ
1247 3929 1613 3995 κατέλαϐεν;
1650 3933 1768 3987 Ὅτι

194 4018 252 4070 τὸ
299 4018 506 4086 ἀγαθὸν
555 4021 642 4074 ἀεὶ
690 4019 841 4092 παρὰ
893 4019 1028 4074 Θεοῦ
1083 4022 1434 4092 πεμπόμενον
1467 4027 1531 4094 τῇ
1563 4021 1768 4096 διανοίᾳ

203 4111 295 4166 ιῶν
322 4113 647 4186 ἀνθρώπων,
693 4116 788 4168 καὶ
815 4115 1049 4184 φωτίζον
1095 4117 1152 4168 ἐν
1184 4115 1262 4186 τῷ
1295 4117 1505 4188 κόσμῳ,
1535 4117 1639 4171 ὑπὸ
1669 4117 1769 4190 τῆς

195 4204 463 4276 ἁμαρτίας
489 4207 588 4277 ούχ
615 4207 864 4279 ἥττηται.

256 4297 375 4351 SE’.
419 4298 493 4351 Τὸ
537 4299 723 4369 ὅμοιον
760 4300 818 4353 δὲ
853 4299 1018 4356 πάλιν
1060 4297 1487 4374 ἐπιλαμϐάνεται
1529 4304 1558 4355 ὁ
1603 4302 1766 4366 αὐτὸς

192 4389 380 4462 Μάνης
411 4389 520 4442 ἀπὸ
546 4391 638 4444 τοῦ
667 4392 757 4446 τὸν
780 4392 1008 4464 Σωτῆρα
1029 4394 1326 4464 εἰρηκέναι·
1363 4394 1568 4463 Ὁμοία
1597 4392 1767 4447 ἐστίν

1885 1905 2140 1961 scintillae
2203 1908 2416 1974 instar,
2467 1912 2766 1969 allblserat.
2827 1913 3005 1982 Qnam-
3067 1923 3466 1990 contemplatus

1885 1993 2067 2050 Enoch
2114 1999 2315 2068 placuit
2344 2000 2484 2068 Deo;
2532 2019 2630 2072 per
2661 2021 2822 2074 quam
2858 2008 3123 2066 deductus
3172 2011 3303 2066 Abel
3339 2028 3464 2082 per-

1884 2083 2014 2141 inde
2064 2103 2124 2144 se
2175 2087 2407 2146 Domino
2446 2095 2729 2163 probavit;
2770 2113 2866 2167 per
2900 2115 3061 2168 quam
3114 2102 3199 2156 via
3249 2105 3462 2174 cognita

1880 2174 1995 2232 Noe
2028 2179 2171 2248 apud
2220 2180 2386 2236 Deum
2428 2187 2704 2254 gratiosus
2741 2191 2990 2245 exstitit:
3021 2208 3117 2261 per
3153 2210 3316 2262 quam
3351 2213 3464 2248 cre-
3563 2244 3569 2251 .

1879 2267 2019 2322 didit
2083 2271 2351 2327 Abraham
2405 2275 2510 2330 Deo
2563 2288 2611 2331 et
2665 2289 2963 2347 reputatum
3004 2294 3081 2336 est
3121 2291 3170 2337 et
3206 2285 3275 2337 ad
3303 2286 3466 2354 justi-

1881 2359 2010 2412 tiam
2043 2361 2099 2412 ⁹.”
2118 2360 2321 2418 Deinde
2352 2365 2420 2419 ab
2449 2366 2549 2420 hac
2573 2370 2722 2423 tenui
2759 2373 2989 2426 scintilla
3023 2376 3280 2443 paulatim
3309 2379 3461 2430 exci-

1877 2456 1990 2503 tata
2052 2451 2142 2505 lux
2199 2453 2266 2506 ad
2324 2458 2561 2512 lucernae
2602 2459 2657 2513 in
2703 2461 3003 2531 caliginoso
3053 2464 3175 2517 loco
3229 2464 3460 2522 lucentis

1878 2543 2225 2614 splendorem
2270 2549 2532 2622 excrevit.
2587 2549 2772 2622 anue
2809 2553 2926 2622 ipsa
2972 2555 3064 2608 lux
3105 2564 3209 2620 est,
3253 2573 3375 2627 quae
3403 2559 3459 2613 in

1878 2637 2119 2693 tenebris
2165 2639 2310 2694 lucet
2338 2639 2360 2672 ⁸
2386 2685 2402 2708 ,
2450 2641 2553 2696 hoc
2591 2652 2674 2697 est
2718 2645 3034 2700 mandatum
3067 2645 3182 2712 Dei,
3217 2659 3268 2704 et
3292 2649 3460 2704 animi

1877 2740 2306 2785 consentaneum
2341 2747 2464 2787 cum
2499 2735 2742 2790 b0nitate
2780 2738 3094 2806 consilium,
3135 2740 3284 2810 quod
3330 2742 3458 2796 inll-

1877 2821 2078 2876 delium
2135 2826 2447 2895 pectoribus
2492 2827 2546 2882 in
2593 2829 2773 2884 medio
2827 2830 3141 2900 caliginosae
3190 2834 3456 2888 malorum

1876 2912 2287 2985 seelerumque,
2339 2931 2462 2987 quae
2511 2918 2562 2971 in
2606 2917 2846 2974 humano
2893 2936 3090 2991 genere
3139 2930 3452 2988 versantur,

1876 3005 2230 3076 cogitationis
2281 3008 2456 3064 illuxit
2502 3030 2529 3064 :-
2565 3011 2877 3081 cujusmodi
2931 3021 3061 3068 sunt
3108 3014 3454 3082 idololatria,

1879 3096 1970 3151 Dei
2021 3097 2333 3169 abnegatio,
2373 3099 2573 3165 caedes,
2625 3101 2910 3166 adulteria,
2935 3109 2988 3156 et
3029 3102 3082 3156 id
3118 3111 3290 3172 genus
3319 3104 3448 3161 alia.

1875 3187 2004 3242 Post
2052 3189 2166 3244 haec
2211 3191 2393 3244 omnia
2430 3205 2685 3262 magnum
2731 3192 2862 3246 illud
2907 3192 3175 3247 luminare
3231 3194 3455 3263 prodiit,

1871 3296 1990 3334 uera
2034 3281 2146 3344 lux,
2190 3282 2420 3347 scilicet,
2454 3298 2571 3350 qua:
2625 3282 2894 3336 illuminat
2949 3281 3208 3336 hominem
3251 3285 3458 3339 uenien-

1871 3383 1970 3426 tem
2023 3374 2076 3426 in
2124 3374 2397 3426 mundum.
2436 3373 2500 3427 In
2551 3373 2744 3427 mundo
2791 3386 2927 3438 erat,
2971 3386 3020 3430 et
3079 3376 3305 3430 mundus
3363 3393 3460 3446 per

1869 3466 2044 3532 ipsum
2092 3466 2265 3534 factus
2313 3475 2422 3528 est,
2473 3474 2522 3520 et
2565 3466 2791 3520 mundus
2843 3484 2960 3521 eum
3017 3485 3120 3522 non
3177 3473 3456 3540 cognovit:

1869 3558 1923 3610 in
1967 3559 2183 3627 propria
2244 3561 2422 3625 venit,
2478 3569 2528 3614 et
2594 3557 2762 3630 679
2829 3562 2922 3614 sui
2972 3577 3090 3614 eum
3153 3579 3257 3616 non
3316 3579 3456 3618 rece—

1868 3659 2074 3718 perunt.
2124 3649 2389 3720 Quotquot
2427 3662 2600 3704 autem
2643 3661 2946 3718 reseperant
2990 3653 3164 3717 illum,
3209 3652 3349 3707 dedit
3377 3655 3456 3708 eis

1867 3751 2178 3810 potestatem
2207 3743 2349 3810 ﬁlios
2385 3742 2480 3796 Dei
2504 3745 2621 3812 ﬁeri
2647 3743 2688 3794 ι.
2721 3741 2958 3798 Videsne
2985 3745 3184 3813 quibus
3219 3745 3272 3798 in
3304 3753 3457 3800 teneb

1869 3832 1982 3888 bris
2009 3835 2098 3888 lux
2125 3833 2228 3886 ista
2261 3834 2642 3903 resplendeat?
2689 3843 2781 3887 aut
2829 3849 3074 3905 quaenam
3122 3835 3272 3888 illam
3309 3845 3454 3890 tene-

1869 3939 1976 3993 bra:
2029 3956 2132 3992 non
2191 3941 2735 4009 comprehenderunt?
2782 3941 3050 3996 Nimirum
3090 3943 3233 4012 quod
3278 3959 3306 3996 a
3343 3943 3450 3999 Deo

1867 4028 2069 4084 bonum
2107 4031 2383 4086 mentibus
2410 4031 2666 4086 humanis
2707 4032 3040 4098 immittitur,
3072 4042 3124 4088 et
3151 4033 3204 4087 in
3245 4017 3454 4089 mundo

1867 4120 2036 4187 lucet,
2069 4138 2099 4177 a
2139 4131 2368 4193 peccato
2395 4123 2617 4178 minime
2643 4131 2955 4193 superatur.

1939 4295 2095 4354 LXV.
2128 4297 2233 4355 Sed
2265 4299 2332 4354 ad
2372 4300 2518 4354 illam
2565 4297 2863 4354 SalvatOris
2899 4313 3086 4353 vocem
3116 4297 3451 4358 Manichaeos

1867 4393 2227 4458 adhaerescit,
2281 4407 2406 4447 cum
2452 4393 2542 4446 ille
2589 4392 2730 4446 dixit
2758 4391 2816 4446 ἐ
2872 4389 3058 4446 Simile
3106 4402 3185 4446 est
3232 4409 3448 4464 regnum

191 4481 231 4549 ἡ
252 4482 552 4546 βασιλεία
572 4482 693 4536 τῶν
724 4483 1000 4552 οὐρανῶν
1030 4485 1318 4554 ἀνθρώπῳ
1341 4485 1760 4553 οἰκοδεσπότῃ.

1879 4475 2117 4538 rwloruni
2135 4481 2334 4536 homini
2363 4482 2749 4552 patrifamilias
2773 4485 2864 4553 qui
2889 4483 3171 4538 seminavit
3209 4484 3263 4538 in
3317 4499 3452 4555 agro

189 4573 255 4639 ες
277 4574 524 4643 ἔσπειρε
559 4575 670 4628 τὸν
694 4576 879 4645 ἀγρὸν
913 4577 1102 4631 αὐτοῦ
1132 4577 1325 4632 καλὸν
1357 4577 1614 4647 σπέρμα.
1657 4577 1766 4631 Καὶ

187 4663 602 4719 καθευδόντων
646 4663 766 4718 τῶν
801 4667 1148 4736 ἀνθρώπων,
1198 4667 1414 4736 ἐχθρὸς
1458 4665 1768 4734 ἅνθρωπος

186 4755 331 4825 ἦλθε
351 4799 367 4822 ,
400 4758 503 4812 καὶ
545 4757 788 4826 ἔσπειρε
831 4757 1066 4819 ᾇζάνια.
1117 4755 1263 4813 Εἶτα
1293 4759 1581 4830 λέγουσιν
1606 4757 1766 4824 αὑτῷ

186 4852 237 4902 ol
259 4847 490 4907 ,δοῦλοι
533 4849 751 4903 αὐτοῦ’
805 4849 954 4919 Οὐχὶ
991 4849 1184 4919 καλόν
1215 4850 1450 4919 σπέρμα
1483 4851 1766 4917 ἔσπειρας

186 4944 252 4997 ἐν
280 4942 362 5008 τῷ
390 4941 552 5012 ἀπρῷ
569 4958 589 5005 ;
634 4941 697 4995 Ὀ
734 4940 803 4994 δὲ
829 4942 966 5010 ἔφη·
996 4942 1128 4996 Ναί.
1157 4941 1347 4997 Πόθεν
1383 4937 1497 4996 οὖν
1522 4941 1591 4996 τὰ
1621 4940 1762 5002 (ἱζά-

187 5051 315 5098 νια;
351 5035 406 5086 Ὁ
436 5033 506 5087 δὲ
533 5033 1011 5102 ἀποκρινάμενος
1037 5031 1226 5088 εἷπεν-ο
1269 5033 1512 5104 Ἐχθρὸς
1543 5033 1766 5102 ἅνθρω-

185 5144 286 5193 πος
330 5126 513 5182 τοῦτο
548 5127 860 5195 ἐποίησεν.
912 5130 976 5182 Ot
1011 5127 1079 5180 δὲ
1126 5127 1336 5182 δοῦλοι
1380 5128 1529 5195 πρὸς
1579 5127 1766 5180 αὑτὸν

185 5222 384 5276 εἷπον
442 5221 651 5287 Θέλεις
694 5217 808 5276 οὖν
844 5221 1214 5286 ἀπελθόντες
1252 5216 1658 5288 ἐκριζώσωμεν
1695 5219 1766 5273 τὰ

186 5311 442 5379 (Mirm;
501 5313 567 5367 '0
613 5312 682 5366 δὲ
721 5311 874 5381 πρὸς
921 5312 1144 5378 αὐτοὺς
1195 5312 1345 5381 ἔφη·
1389 5311 1508 5364 Οὔ’
1552 5309 1766 5378 μήπως

185 5404 554 5474 ἐκριζοῦντες
581 5405 654 5460 τὰ
683 5404 898 5466 ζιζῆνια
921 5403 1275 5474 ἐκριζώσητε
1304 5403 1402 5458 καὶ
1433 5403 1541 5457 τὸν
1567 5402 1760 5459 σῖτον.

199 5499 344 5553 Ἀλλ’
370 5500 556 5568 ἄφετε
583 5499 696 5566 ἕως
738 5500 950 5568 καιροῦ
995 5500 1105 5554 τοῦ
1151 5497 1457 5567 θερισμοῦ,
1500 5497 1600 5552 καὶ
1649 5494 1762 5566 ἐρῶ

189 5590 303 5654 τοῖς
331 5588 634 5658 θερισταῖς
657 5605 671 5620 ·
727 5587 1074 5654 Συλλέξατε
1107 5587 1180 5642 τὰ
1224 5586 1610 5672 (mir-rapum
1655 5585 1760 5653 δή·

1861 4594 1958 4635 suo
1997 4576 2188 4629 bonum
2237 4591 2432 4630 semen.
2484 4572 2616 4630 Cum
2661 4585 2833 4628 autem
2865 4574 3154 4628 dormirent
3191 4573 3447 4640 homines,

1861 4668 2108 4723 inimicus
2144 4665 2298 4720 homo
2329 4667 2497 4728 venit,
2529 4675 2579 4719 et
2616 4666 2892 4720 seminavit
2922 4667 3160 4721 zizdnia.
3203 4665 3336 4720 Tum
3371 4667 3452 4721 sic

1860 4763 1908 4815 ei
1937 4759 2073 4813 servi
2113 4757 2274 4811 locuti
2313 4765 2434 4810 sunt
2467 4773 2484 4810 :
2520 4755 2709 4811 Nonne
2745 4762 2936 4811 bonum
2970 4772 3144 4812 semen
3173 4761 3454 4813 seminasti

1861 4853 1917 4905 in
1959 4851 2128 4921 agro?
2162 4847 2270 4918 Ego
2308 4865 2426 4902 vero
2465 4848 2739 4910 seminavi,
2783 4850 3070 4917 respondit.
3109 4848 3254 4904 Unde
3284 4852 3452 4920 igitur

1863 4943 2073 4996 zizania
2099 4943 2124 4995 Ρ
2147 4940 2422 5004 Inimicus,
2453 4943 2646 5017 inquit,
2670 4941 2824 4995 homo
2845 4942 2942 4995 hoc
2973 4943 3114 5010 fecit.
3141 4941 3242 4995 Cui
3273 4943 3407 4994 servi
3429 4957 3450 4994 :

1881 5037 1991 5102 Vis,
2035 5036 2296 5104 inquiunt,
2334 5051 2538 5098 eamus,
2564 5045 2613 5088 et
2636 5035 2984 5102 exstirpemus
3032 5035 3240 5086 zizania
3264 5035 3288 5086 .9
3316 5033 3441 5099 Qui-

1869 5129 1964 5183 bus
2005 5127 2096 5182 ille
2137 5127 2313 5181 dixit:
2347 5125 2468 5182 Non
2496 5141 2516 5180 :
2558 5143 2618 5180 ne
2653 5127 2789 5195 forte
2849 5127 3198 5194 exstirpantes
3233 5127 3448 5178 zizania

1869 5236 1976 5273 una
2022 5225 2069 5272 et
2116 5219 2352 5271 triticum
2407 5219 2732 5285 exstirpatis.
2791 5216 2893 5270 Sed
2953 5217 3107 5270 sinite
3147 5231 3306 5285 usque
3375 5215 3446 5267 ad

1871 5320 2070 5377 tempus
2141 5311 2367 5376 messis,
2429 5320 2478 5364 et
2541 5308 2716 5362 dicam
2777 5308 3093 5363 messoribus
3133 5327 3151 5362 :
3201 5307 3449 5378 Colligite

1874 5401 2112 5462 zizania,
2147 5408 2198 5454 et
2229 5401 2386 5472 ligato
2419 5417 2482 5455 ea
2525 5401 2578 5453 in
2615 5401 2938 5470 fasciculos;
2991 5402 3221 5454 triticum
3269 5411 3444 5456 autem

1871 5492 2132 5548 recandite
2155 5495 2207 5548 in
2237 5494 2447 5561 horreo,
2481 5505 2529 5548 et
2555 5505 2854 5565 pra’parate
2884 5497 3096 5550 zizania
3135 5495 3204 5548 ad
3230 5494 3442 5549 combu-

1869 5585 2088 5640 rendum
2135 5587 2244 5656 igni
2291 5586 2730 5658 inexstinguibili.
2795 5586 3088 5661 Discipulis
3120 5601 3250 5644 vero
3292 5581 3444 5645 dum}

257 5766 277 5800 ⁸
309 5765 350 5820 11
372 5765 524 5822 Petr.
556 5783 595 5826 ι.
628 5769 714 5826 19.
791 5769 812 5800 ²
839 5766 998 5823 Rom.
1028 5783 1104 5834 ιν,
1140 5767 1193 5822 '5.
1276 5767 1296 5796 ⁸
1319 5763 1481 5822 toan.
1526 5782 1565 5833 ι,
1594 5765 1647 5820 5.
1725 5765 1747 5796 ⁸

1879 5764 1892 5818 1
1923 5762 2076 5820 9-12.
2155 5764 2384 5824 'Matth.
2429 5782 2550 5836 λιιι,
2579 5767 2648 5822 9.4
2679 5784 2800 5840 sqq.
