3850 6204
203 321 318 380 133

878 314 1254 371 ADVERSUS
1286 309 1630 368 IIERESES
1670 307 1790 364 LIB.

1894 349 1904 364 .
1944 305 2107 364 TOM.
2147 307 2296 362 II.—
2325 307 2596 363 “AERES.
2637 307 2824 366 LXVI.

3357 313 3380 367 1
3391 313 3468 368 δι

199 441 412 509 φλωσε
457 435 528 489 τὰ
567 434 838 502 νοήματα
887 433 1006 488 τῶν
1039 434 1333 496 ἀπίστων,
1375 433 1524 500 πρὸς
1569 429 1638 483 τὸ
1695 429 1781 498 μὴ

1894 430 2218 482 intuerentur
2276 428 2444 480 lucem
2503 425 2778 496 Evangelii
2837 427 3026 508 gloria:
3073 429 3114 484 ³.
3163 427 3460 488 Videamus

201 526 578 597 καταυτάσαι
621 527 732 580 τὸν
773 524 1084 596 φωτισμόν
1119 523 1228 578 τοῦ
1259 520 1627 590 Εὐαγγελίου
1669 517 1780 586 τῆς

199 615 411 684 δόξης.
467 615 694 684 Ἷδωμεν
737 613 935 676 τοίνυν,
992 614 1041 666 εί
1083 613 1318 682 ἄρχοντα
1357 612 1374 642 ³
1427 609 1520 661 τοῦ
1573 608 1780 676 κόσμου

197 706 392 762 τούτου
433 705 558 776 περὶ
599 699 660 759 οὗ
690 707 719 758 6
764 703 969 774 Κύριος
1003 703 1184 771 λέγει,
1234 700 1562 770 βληθήσεται
1609 699 1777 752 κάτω.

213 800 360 854 Ἐὰν
387 797 456 850 δὲ
470 797 584 866 ἐγὼ
606 793 846 864 ὑψωθῶ.
887 793 1118 858 πάντας
1155 791 1396 845 ἑλκύσω
1429 791 1577 858 πρὸς
1597 789 1778 856 ἐμαυ-

197 892 334 944 τόν·
363 889 486 942 τίνα
524 887 672 955 λέγει
709 885 944 956 ἄρχοντα
984 883 1078 936 τοῦ
1107 884 1314 952 κόσμου
1341 879 1564 944 satirae;
1597 879 1706 930 Kal.
1733 879 1782 930 εί

203 981 306 1051 μὲν
335 981 426 1032 τὸν
451 978 692 1032 διάϐολον
719 977 888 1044 λέγει,
919 973 1034 1037 πῶς
1061 976 1090 1026 6
1134 974 1385 1042 Ἰωάννης
1412 974 1470 1025 ὲν
1497 970 1573 1041 τῷ
1606 971 1783 1038 Εὐαγ-

201 1072 368 1141 γελίῳ
389 1069 516 1140 περὶ
537 1067 629 1121 τοῦ
655 1067 905 1136 Σωτῆρος
926 1065 1096 1132 λέγει,
1118 1065 1199 1117 ὅτι
1222 1065 1310 1128 είς
1335 1063 1406 1115 τὰ
1429 1062 1548 1113 ἴδια
1568 1057 1782 1129 violat-nc;

213 1164 462 1234 ὀρῶμεν
488 1162 596 1232 γὰρ
625 1161 720 1224 τὰς
750 1158 844 1212 δύο
873 1158 1045 1224 λέξεις
1074 1155 1280 1218 ταύτας
1308 1153 1616 1216 ἀντιθέτους
1647 1153 1783 1222 πρὸς

202 1256 462 1325 ἀλλήλας.
495 1254 554 1306 '0
595 1249 911 1312 Ἀπόστολος
939 1249 1048 1320 γάρ
1075 1257 1265 1318 φησιν’
1293 1245 1476 1310 Ὅλος
1497 1246 1530 1297 ό
1555 1243 1784 1312 κόσμος

201 1347 274 1400 ὲν
317 1343 397 1410 τῷ
436 1339 674 1410 πονηρῷ
720 1339 924 1394 κεῖται·
972 1340 1096 1402 καὶ,
1151 1339 1252 1392 Ἐν
1293 1335 1372 1401 τῷ
1409 1338 1616 1404 κόσμῳ
1645 1331 1724 1404 ἦν
1751 1337 1783 1387 ό

203 1436 434 1505 Σωτήρ.
469 1434 594 1498 Πῶς
641 1434 750 1504 ἄρα
787 1433 838 1483 οἱ
885 1431 1186 1502 ἀμφότεροι
1226 1427 1674 1499 χωρηθήσονται;
1715 1427 1758 1476 Ε
1767 1426 1786 1476 ί

201 1530 343 1592 ὅλως
365 1533 398 1583 ό
430 1529 654 1596 κόσμος
688 1525 758 1578 ἐν
781 1524 860 1590 τῷ
885 1522 1126 1592 πονηρῷ
1148 1521 1354 1586 κεῖται,
1387 1519 1488 1572 ποῦ
1519 1519 1680 1579 τόπος
1708 1515 1784 1586 τῷ

203 1621 424 1691 Σωτῆρι
451 1623 508 1673 ὲν
539 1618 616 1689 τῷ
637 1618 825 1688 κόσμῳ
851 1617 1020 1680 ἐστὶν,
1041 1611 1181 1668 εἶναι
1203 1613 1366 1667 αὐτὸν
1389 1615 1446 1665 ὲν
1465 1611 1544 1681 τῷ
1567 1611 1782 1680 κόσμῳ;

203 1713 319 1765 Καὶ
348 1715 396 1765 εί
443 1711 547 1763 ἴδια
571 1708 826 1778 τυγχάνει
855 1707 948 1760 τοῦ
979 1705 1112 1759 Υίοῦ
1151 1704 1244 1758 τοῦ
1279 1701 1414 1756 Θεοῦ
1463 1703 1530 1755 τὰ
1572 1701 1664 1754 τοῦ
1695 1713 1785 1754 κο-

1883 520 2071 590 igitur,
2105 534 2236 574 num
2270 519 2524 590 princeps
2561 519 2652 574 ille
2685 519 2872 574 mundi
2894 505 2930 584 ,’
2951 520 3019 576 de
3059 537 3170 592 quo
3197 522 3458 582 Dominus

1883 610 2144 679 loquitur,
2168 609 2222 662 in
2248 609 2432 662 intima
2455 607 2808 664 detrudetur?
2833 607 2897 664 Si
2913 612 3074 676 enim,
3095 613 3289 680 inquit,
3311 617 3459 669 exal-

1873 682 2026 754 'tatus
2084 701 2253 768 fuero,
2306 715 2482 754 omnes
2521 701 2731 754 traham
2794 701 2864 754 ad
2919 704 3172 772 meipsum
3200 703 3242 759 ³.
3287 705 3459 772 Quem

1883 792 2050 862 igitur
2077 791 2264 846 mundi
2296 791 2596 861 principem
2631 793 2906 861 appellat?
2933 792 2988 847 Si
3017 794 3288 848 diabolum
3317 815 3330 849 :
3363 811 3462 849 cur

1881 883 2116 938 Joannes
2141 884 2194 937 in
2223 883 2514 953 Evangelia
2544 885 2612 939 de
2641 882 2922 941 Salvatore
2950 887 3081 941 dicit
3109 903 3122 938 :
3155 887 3220 941 In
3246 889 3462 958 propria

1883 975 2022 1028 venit
2051 975 2114 1027 '?
2143 973 2404 1029 Videmus
2428 975 2574 1029 enim
2599 976 2737 1032 duas
2765 977 2886 1032 illas
2912 977 3054 1033 inter
3081 995 3139 1033 se
3164 981 3461 1034 sententias

1882 1079 2004 1120 esse
2047 1066 2373 1128 contrarias,
2429 1081 2550 1120 cum
2606 1074 2660 1121 et
2705 1068 3002 1138 Apostolus
3057 1071 3232 1124 dicit:
3299 1071 3462 1127 Totus

1884 1155 2111 1209 mundus
2144 1157 2198 1210 in
2237 1157 2469 1226 maligno
2519 1159 2724 1226 positus
2765 1169 2842 1212 est
2871 1161 2890 1190 ⁶
2921 1179 2933 1214 :
2965 1170 3014 1214 et
3040 1162 3165 1215 alibi
3197 1162 3460 1231 scriptum

1886 1246 1958 1300 sit
1995 1265 2008 1301 :
2047 1247 2112 1300 In
2167 1249 2360 1300 mundo
2383 1247 2632 1302 Salvator
2672 1259 2806 1304 erat.
2844 1250 3060 1306 Fierine
3089 1261 3268 1322 potest
3302 1255 3464 1310 ambo

1885 1344 1942 1388 ut
1967 1337 2077 1391 illic
2107 1337 2270 1392 simul
2307 1337 2621 1393 resideant?
2650 1339 2858 1396 Nam-si
2889 1341 3115 1397 niundus
3145 1345 3198 1397 in
3229 1347 3464 1416 maligna

1886 1436 2024 1479 totus
2063 1435 2138 1480 est
2161 1428 2386 1496 positus,
2415 1429 2538 1496 quis
2568 1429 2627 1482 in
2647 1445 2716 1484 eo
2747 1430 3014 1486 Salvatori
3049 1433 3200 1489 locus
3229 1436 3331 1490 erit
3356 1475 3371 1500 ,
3401 1443 3462 1490 ut

1881 1517 2041 1588 681
2078 1518 2132 1570 in
2176 1517 2383 1571 mundo
2428 1533 2550 1572 esse
2579 1519 2834 1574 dicatur?
2879 1521 3124 1578 Rursum
3168 1527 3213 1580 si
3247 1541 3366 1595 qua:
3406 1528 3460 1582 in

1885 1607 2090 1662 mundo
2127 1615 2256 1662 sunt
2283 1608 2350 1662 ad
2390 1605 2514 1661 Filii
2557 1607 2648 1664 Dei
2679 1613 2950 1679 peculium
2991 1615 3297 1683 pertinent,
3337 1618 3461 1687 quis

1887 1699 1977 1753 ille
2016 1699 2270 1769 princeps
2295 1699 2386 1754 Dei
2419 1703 2582 1756 rebus
2607 1703 2957 1758 dominatur?
2986 1705 3140 1772 Quod
3171 1709 3216 1761 si
3247 1711 3464 1780 propria

207 1821 373 1875 σμου,
411 1805 560 1864 ποῖος
600 1802 780 1872 ἄρχων
810 1799 1054 1870 κυριεύει
1084 1797 1193 1851 τῶν
1219 1795 1312 1850 τοῦ
1338 1795 1472 1849 Θεοῦ
1509 1794 1652 1848 ἰδίων
1678 1810 1690 1858 ;
1720 1795 1782 1846 Εἰ

1894 1787 2007 1844 Filii
2031 1789 2124 1846 Dei
2173 1793 2262 1844 illa
2303 1792 2420 1862 ipsa
2459 1809 2568 1848 non
2609 1803 2759 1858 sunt,
2792 1771 3042 1864 quisnam
3089 1771 3276 1854 luundi
3310 1771 3464 1871 prin-

205 1897 264 1949 δὲ
295 1897 397 1949 οὐκ
429 1894 573 1948 ἔστιν
601 1892 704 1945 ῐδια
729 1891 822 1944 τοῦ
847 1891 976 1944 Υίοῦ
1008 1889 1100 1943 τοῦ
1126 1889 1260 1942 Θεοῦ
1283 1889 1352 1941 τὰ
1375 1889 1432 1940 ὲν
1456 1888 1533 1956 τῷ
1565 1886 1752 1956 κόσμῳ
1769 1927 1782 1947 ,

205 1989 364 2050 ποῖος
399 1988 582 2057 ἄρχων
621 1985 715 2038 τοῦ
759 1984 964 2054 κόσμου
1020 1980 1314 2052 συνεχώρει
1359 1979 1468 2031 ίδια
1509 1973 1648 2030 εἶναι
1691 1974 1784 2029 τοῦ

205 2079 464 2150 Σωτῆρος
493 2077 561 2130 τὰ
583 2077 640 2129 ὲν
665 2074 996 2158 τῷσκόσμῳς
1025 2072 1136 2126 Καὶ
1163 2073 1213 2124 εί
1241 2069 1336 2123 τοῦ
1367 2067 1496 2122 Υίοῦ
1527 2067 1622 2120 τοῦ
1651 2064 1786 2158 θεοῦ

205 2169 468 2238 τυγχάνει
499 2169 528 2220 6
560 2156 779 2235 κόσμος,
813 2165 931 2226 πῶς
957 2162 1250 2232 συνεχώρει
1289 2161 1510 2232 ἄρχοντι
1535 2157 1626 2212 τὸν
1659 2156 1787 2208 ἴδιον

207 2259 416 2329 κόσμον
445 2257 734 2324 κατέχειν;
767 2254 888 2307 Εἰσὶ
914 2253 970 2306 δὲ
1015 2252 1214 2314 πάντες
1255 2251 1304 2302 oi
1342 2249 1489 2316 λόγοι
1528 2247 1627 2316 τῆς
1655 2245 1788 2315 ἁλη-

211 2351 402 2412 θείας²
451 2348 670 2418 Γραφῆς
701 2347 756 2398 ἐν
787 2344 947 2415 σοφίᾳ
989 2341 1266 2414 εἰρημένοι
1291 2383 1305 2406 ,
1352 2337 1532 2397 καθὼς
1566 2337 1728 2398 αὐτὸς
1759 2337 1788 2388 ό

209 2442 418 2514 Κύριος
455 2440 620 2507 λέγει’
649 2433 875 2492 Ἦλθεν
918 2433 1190 2499 Ἰωάννης
1220 2433 1290 2484 ἐν
1324 2429 1442 2495 ὁδῷ
1481 2427 1788 2482 δικαιοσύ-

207 2548 328 2598 νης
356 2529 442 2600 μὴ
475 2529 714 2593 ἐσθίων,
743 2525 898 2596 μήτε
944 2526 1156 2588 πίνων,
1197 2523 1294 2576 καί
1337 2521 1588 2590 λέγουσι
1611 2535 1624 2549 ·
1660 2521 1790 2570 Δαι-

205 2625 424 2692 μόνιον
449 2623 594 2690 ἔχει.
625 2619 844 2676 Ἦλθεν
867 2621 899 2670 ό
929 2617 1062 2681 Υἱός
1109 2614 1214 2668 τοῦ
1238 2612 1552 2680 ἀνθρώπου
1573 2609 1791 2664 ἐσθίων

209 2713 316 2766 καὶ
348 2713 556 2775 πίνων,
586 2709 680 2762 καί
707 2708 1022 2776 λέγουσιν’
1065 2701 1219 2757 Ἰδοὺ
1260 2700 1572 2767 ἄνθρωπος
1601 2694 1790 2766 φάγος

207 2805 314 2860 καὶ
365 2803 703 2868 οἰνοπότης,
737 2798 916 2867 φίλος
949 2791 1224 2849 τελωνῶν
1255 2791 1352 2844 καὶ
1387 2784 1749 2858 ἁμαρτωλῶν
1774 2801 1786 2814 ·

205 2895 314 2949 καί
365 2891 676 2958 ἐδικαιώθη
719 2891 757 2955 ἡ
793 2887 980 2956 σοφία
1015 2883 1134 2939 ἀπὸ
1167 2882 1286 2936 τῶν
1331 2879 1558 2934 τέκνων
1581 2873 1788 2943 αὐτῆς.

207 2986 344 3050 Πῶς
365 2985 418 3039 δὲ
439 2985 476 3054 ἡ
500 2982 685 3052 σοφία
703 2977 1013 3047 ἐδικαιώθη
1040 2977 1157 3032 ἀπὸ
1177 2973 1296 3028 τῶν
1315 2973 1540 3028 τέκνων
1564 2970 1790 3038 αὐτῆς;

207 3077 356 3130 ἀλλὰ
379 3073 485 3128 τῶν
509 3073 794 3126 συνιόντων
821 3067 890 3122 τὰ
918 3068 1016 3138 τῆς
1051 3066 1241 3135 σοφίας
1271 3065 1512 3135 ῥήματα,
1546 3062 1620 3125 ὡς
1645 3061 1792 3129 λέγει

207 3170 312 3224 καὶ
368 3171 426 3221 ὲν
466 3164 545 3236 τῷ
589 3163 877 3236 προφήτῃ·
933 3165 1030 3226 Τίς
1081 3157 1338 3222 συνετός
1377 3155 1477 3208 καί
1531 3153 1792 3220 συνήσει

206 3261 406 3316 ταῦτα
430 3277 444 3290 ’
473 3260 562 3312 ὅτι
599 3255 817 3310 εὐθεῖαι
863 3254 922 3305 al
968 3249 1095 3304 ὁδοί
1141 3248 1383 3317 Κυρίου,
1423 3246 1519 3299 καί
1546 3248 1578 3298 ό
1614 3245 1795 3314 λόγος

207 3353 441 3422 σοφίας
463 3370 476 3384 ο
509 3349 606 3404 καί
629 3346 916 3419 γνώσεται
944 3343 1152 3408 ταῦτα;
1178 3339 1441 3404 Ἀσεϐεῖς
1461 3335 1528 3390 δὲ
1549 3335 1798 3401 ἀσθενή-

207 3460 444 3499 συυσιν
475 3443 546 3495 ἐν
585 3437 812 3503 αὑταῖς.

285 3535 406 3587 ΞΖ’.
450 3530 743 3599 Ἦσθένησε
772 3526 882 3598 γὰρ
903 3525 998 3579 καὶ
1027 3521 1295 3593 ἠσέϐησεν
1314 3520 1388 3584 ὡς
1408 3518 1624 3588 ἀληθῶς
1657 3516 1794 3588 μετὰ

207 3627 330 3680 τῶν
355 3621 562 3678 ἀσεϐῶν
603 3623 662 3674 ὲν
687 3622 804 3682 ⁴τοῖς
850 3617 1013 3679 θείοις
1057 3615 1152 3668 καὶ
1199 3611 1546 3683 ἐπουρανίοις
1595 3609 1790 3678 λόγοις.

225 3719 288 3768 '0
317 3714 505 3784 Σωτὴρ
546 3710 654 3782 γὰρ
700 3709 849 3777 ἔλεγε
893 3705 998 3776 πρὸ
1032 3700 1260 3774 μικροῦ⁹
1321 3699 1646 3766 Ἐθεώρουν
1689 3697 1797 3749 τόν

211 3797 496 3856 Σατανᾶν
527 3799 606 3864 ὡς
633 3793 952 3864 ἀστραπὴν
982 3792 1249 3845 πεσόντα
1282 3789 1350 3842 ἐκ
1378 3787 1484 3842 τοῦ
1514 3784 1792 3854 οὐρανοῦ·

212 3895 316 3947 καὶ
346 3885 448 3945 ὦδε
471 3890 631 3944 πάλιν
651 3905 664 3918 ·
703 3889 764 3942 '0
798 3886 997 3955 ἄρχων
1015 3883 1122 3938 τοῦ
1148 3882 1378 3950 κόσμου
1398 3879 1614 3933 τούτου
1635 3877 1795 3942 ,βλη-

211 3986 468 4054 θήσεται
505 3981 678 4035 κάτω.
721 3980 832 4033 Καὶ
860 3980 908 4031 εί
943 3975 1070 4046 περὶ
1103 3971 1196 4026 τοῦ
1240 3969 1456 4025 Σατανᾶ
1485 3965 1554 4039 ἦν
1582 3970 1610 4020 6
1641 3966 1798 4034 λόγος

209 4076 314 4131 τοῦ
344 4076 444 4147 ἠδη
493 4071 875 4135 πεπτωκότος,
913 4055 996 4132 τίς
1021 4063 1088 4138 ἦν
1121 4066 1281 4138 χρεία
1312 4063 1472 4115 πάλιν
1505 4059 1796 4132 βάλλεσθαι

213 4169 408 4232 nimio;
467 4163 630 4218 Ἀλλὰ
677 4161 895 4222 πάντως
939 4159 1086 4229 ἐρεῖς
1129 4157 1208 4218 εἰς
1239 4155 1338 4224 τὴν
1385 4151 1639 4205 ἄϐυσσον.
1687 4147 1797 4202 Ποῦ

215 4256 314 4315 οὖν
345 4257 570 4328 ἔμελλεν
601 4251 864 4323 ὑψοῦσθαι
889 4253 916 4303 6
948 4248 1182 4319 Κύριος;
1215 4246 1278 4298 El
1312 4243 1408 4315 μὲν
1433 4241 1542 4312 γὰρ
1571 4240 1678 4294 ἀπὸ
1699 4238 1800 4308 τῆς

215 4354 459 4408 ἀϐύσσου
489 4347 710 4420 ἔμελλεν
745 4341 1006 4413 sagacem
1029 4381 1044 4404 ,
1069 4341 1130 4392 τὸ
1151 4339 1333 4408 ὅμοιον
1355 4335 1433 4406 τῷ
1465 4333 1634 4404 ὁμοίῳ
1658 4348 1799 4402 παρ-

215 4443 604 4512 εκτεινόμενον
652 4438 721 4490 τὰ
767 4434 1026 4506 ίσόῤῥοπα
1063 4432 1160 4499 τῆς
1201 4429 1452 4499 φράσεως
1494 4423 1800 4512 ἀπεργάζεέ

1888 1895 2016 1951 ceps
2039 1897 2101 1936 ea
2125 1897 2246 1951 quae
2271 1883 2326 1936 in
2352 1886 2556 1939 mundo
2577 1897 2726 1947 sunt,
2769 1889 2988 1956 propria
3019 1888 3318 1946 Salvatoris
3341 1907 3466 1948 esse

1887 1974 2158 2040 patiatur?
2201 1972 2402 2027 Contra
2455 1991 2604 2040 vero,
2641 1978 2688 2031 si
2726 1979 2960 2033 mundus
3007 1979 3073 2033 ad
3121 1980 3317 2036 Filium
3367 1983 3464 2038 Dei

1887 2064 2155 2132 pertinet,
2189 2081 2288 2120 cur
2312 2065 2381 2120 ab
2415 2067 2508 2120 illo
2533 2068 2783 2138 principe
2811 2072 3074 2124 mundum
3109 2088 3266 2128 suum
3298 2090 3462 2130 usur-

1889 2155 2004 2225 pari
2037 2157 2322 2230 permisit?
2363 2156 2652 2214 Enimvero
2684 2175 2958 2230 expressae
2988 2179 3176 2219 omnes
3217 2166 3270 2218 in
3309 2166 3460 2221 Scri-

1889 2255 2046 2316 ptura
2070 2249 2316 2303 veritatis
2333 2265 2494 2304 voces
2527 2267 2738 2306 summa
2769 2239 2892 2306 cum
2927 2254 3190 2322 sapientia
3217 2271 3466 2325 pronun-

1889 2339 2035 2392 tiata
2089 2346 2248 2402 Sunt,
2301 2355 2410 2408 quo
2468 2340 2600 2394 illud
2667 2341 2878 2396 Domini
2961 2344 3247 2412 pertinet:
3319 2346 3464 2402 Venit

1888 2429 2120 2484 Joannes
2154 2431 2386 2500 justitite
2422 2434 2560 2486 viam
2595 2441 2772 2488 tenens
2797 2474 2812 2499 ,
2847 2451 2948 2488 non
3003 2436 3326 2492 manducans
3375 2456 3466 2494 ne-

1889 2539 1986 2592 que
2032 2521 2234 2586 bibens,
2302 2535 2352 2577 et
2385 2524 2640 2598 _dicunt:
2697 2525 3028 2580 Dtemonium
3084 2528 3255 2583 habet.
3319 2529 3468 2586 Venit

1896 2611 2066 2668 Filius
2091 2614 2318 2670 hominis
2349 2617 2673 2670 manducans
2703 2625 2752 2670 et
2781 2616 2979 2680 bibens,
3001 2627 3050 2671 et
3073 2618 3251 2672 dicunt
3281 2636 3299 2673 :
3330 2619 3468 2676 Ecce

1895 2705 2050 2760 homo
2091 2722 2278 2772 eorum,
2312 2716 2362 2761 et
2395 2708 2499 2762 eini
2539 2720 2770 2776 potator,
2810 2709 3011 2762 amicus
3067 2711 3468 2777 publicanorum

1890 2805 1940 2849 et
1987 2805 2354 2864 peccatorum;
2395 2805 2446 2854 ct
2486 2798 2787 2866 justiﬁcata
2836 2808 2913 2852 est
2962 2801 3222 2866 sapientia
3256 2819 3288 2854 a
3332 2803 3468 2870 ﬁliis

1895 2889 2012 2943 suis
2041 2889 2084 2940 ⁷.
2109 2888 2395 2954 Quomodo
2419 2889 2550 2942 illud
2591 2889 2996 2956 intelligendum
3023 2899 3127 2955 est,
3158 2893 3470 2959 sapientiam

1893 2998 1924 3032 ιι
1965 2981 2096 3050 [iliis
2137 2997 2255 3034 esse
2273 2979 2648 3048 justi/iculum,
2695 2979 2800 3032 nisi
2833 2979 2901 3034 ab
2939 2980 3026 3036 his
3059 2983 3149 3050 qui
3193 2985 3472 3054 sapientia:

1896 3085 2058 3124 voces
2094 3068 2436 3139 intelligunt?
2477 3066 2630 3124 Unde
2661 3074 2716 3122 et
2755 3069 2895 3138 apud
2925 3071 3242 3140 prophetam
3277 3074 3412 3130 dicit
3452 3095 3468 3130 :

1898 3159 2030 3226 Quis
2061 3161 2292 3226 sapiens,
2329 3169 2380 3212 et
2431 3157 2685 3226 intelliget
2710 3158 2850 3214 hac:
2881 3165 3128 3230 quoniam
3176 3174 3332 3219 recta:
3375 3166 3474 3220 vita

1895 3249 2136 3312 Domini,
2197 3259 2246 3300 ct
2302 3263 2471 3301 sermo
2534 3250 2853 3316 sapientiae:
2904 3261 2954 3304 et
3007 3265 3275 3321 cognoscet
3325 3255 3473 3312 lure?

1896 3339 2056 3409 Impii
2085 3356 2202 3393 vero
2238 3339 2656 3408 inﬁrmabuntur
2682 3343 2736 3396 in
2769 3344 2876 3398 illis
2903 3344 2946 3400 ⁸.

1966 3514 2174 3570 LXVII.
2218 3513 2384 3570 Plane
2411 3516 2556 3570 enim
2588 3531 2711 3570 cum
2743 3517 2922 3587 impiis
2945 3520 2998 3573 in
3021 3519 3222 3578 divinis
3249 3538 3312 3578 ac
3351 3539 3470 3581 cm-

1897 3608 2126 3664 lestibus
2170 3608 2412 3662 oraculis
2457 3607 2751 3662 imbecillis
2792 3617 2956 3678 atque
2997 3611 3196 3680 impius
3229 3614 3474 3670 redditus

1895 3715 2016 3756 esse
2042 3709 2398 3754 memoratur.
2435 3697 2567 3752 Nam
2607 3697 2860 3754 Salvator
2887 3702 3049 3770 paulo
3075 3713 3202 3758 ante
3219 3704 3428 3760 dixerat
3454 3725 3466 3762 :

1911 3792 2158 3852 Videbam
2190 3791 2449 3846 Satanam
2481 3793 2635 3863 quasi
2661 3792 2842 3862 fulgur
2873 3791 2938 3847 de
2965 3795 3093 3848 ccsla
3123 3795 3392 3850 cadentem
3425 3799 3470 3853 ’.

1899 3883 2010 3938 Iloc
2069 3899 2198 3937 vero
2251 3883 2412 3938 loco:
2477 3882 2731 3951 Princeps
2791 3885 2974 3937 mundi
3029 3883 3185 3954 hujus
3233 3887 3474 3956 ejicietur

1897 3976 2045 4045 foras
2088 3975 2154 4027 “’.
2204 3973 2358 4040 Quod
2391 3975 2436 4030 si
2481 3975 2547 4029 de
2584 3975 2784 4027 Satana
2819 3975 2930 4044 jam
2963 3975 3112 4046 lapso
3141 3963 3471 4047 loqueretur,

1897 4066 2023 4135 quid
2061 4065 2210 4119 illum
2237 4068 2410 4121 denuo
2432 4065 2758 4136 pratcipitari
2791 4067 3017 4122 attinet?
3056 4067 3196 4138 Ergo
3229 4069 3282 4122 in
3307 4069 3472 4140 abys-

1899 4174 2017 4213 sum
2066 4157 2430 4226 dejiciendum
2479 4157 2648 4212 fuisse
2677 4156 2899 4212 dixeris.
2945 4157 3206 4213 Cancrum
3252 4161 3471 4216 ubinam

1899 4247 2223 4302 exaltandus
2256 4256 2372 4301 erat
2407 4246 2708 4300 Dominus?
2737 4245 2790 4300 Si
2833 4263 2897 4302 ex
2932 4249 3126 4318 abysso
3154 4250 3206 4302 in
3238 4251 3474 4308 sublime

1903 4341 2004 4394 fuit
2027 4339 2378 4400 attollendus,
2405 4339 2602 4394 similis
2627 4340 2779 4394 locus
2799 4355 2921 4392 cum
2941 4341 3104 4394 simili
3126 4351 3474 4412 comparatus

1901 4431 2145 4486 eamdem
2177 4430 2462 4486 sententia:
2489 4431 2592 4482 vim
2623 4429 2806 4484 eilicit.
2841 4428 3194 4496 Quandouam
3224 4433 3366 4486 enim
3389 4443 3474 4488 est

221 4550 338 4586 ται.
380 4531 522 4585 Πότε
545 4529 601 4581 δὲ
640 4529 698 4580 ὲν
733 4527 798 4596 τῇ
836 4525 907 4594 γῇ
943 4519 1163 4592 senon;
1199 4520 1392 4586 Ἔλεγε
1418 4515 1526 4588 γὰρ
1551 4517 1681 4586 περὶ
1703 4511 1790 4566 τοῦ

1901 4521 2170 4577 exaltatus
2219 4522 2272 4575 in
2313 4523 2499 4575 terra?
2553 4519 2735 4586 Quare
2781 4536 2848 4576 ae
2892 4522 3072 4576 crucis
3121 4524 3472 4586 exaltatione,

223 4621 520 4693 ὑψώματος
560 4617 654 4670 τοῦ
698 4613 964 4685 σταυροῦ,
1011 4611 1106 4666 καὶ
1146 4613 1274 4684 περὶ
1315 4609 1410 4663 τοῦ
1446 4611 1525 4672 εἰς
1567 4607 1794 4678 οὐρανὸν

217 4715 448 4774 ἀνιέναι,
474 4711 566 4763 ἵνα
595 4710 799 4770 πάντας
829 4704 1098 4776 όινελκύσῃ
1129 4703 1265 4773 πρὸς
1291 4699 1499 4753 ἑαυτόν.
1543 4700 1654 4751 Καὶ
1691 4699 1794 4751 τίνι

217 4806 360 4874 λόγῳ
383 4803 495 4858 ἄνω
520 4799 802 4868 τυγχάνων
825 4797 884 4850 οὐ
911 4794 1284 4856 καθείλκυσεν,
1315 4791 1429 4844 ἀλλ’
1457 4791 1549 4842 ἐπὶ
1574 4790 1671 4859 τῆς
1692 4789 1796 4858 γῆς

217 4894 511 4966 ὲλήλυθεν;
539 4891 686 4943 Ἔδει
721 4889 830 4960 γὰρ
871 4886 1034 4942 αὐτὸν
1063 4885 1257 4950 ἐλθεῖν,
1291 4882 1385 4935 καὶ
1415 4881 1476 4934 τὸ
1513 4877 1650 4943 εἶδος
1690 4879 1796 4932 τῶν

215 4986 520 5058 ἀνθρώπων
561 4984 640 5045 είς
674 4980 864 5034 ἑαυτὸν
899 4975 1252 5043 ἀναδέξασθαι
1289 4973 1377 5056 ἰςνα
1419 4971 1628 5044 πρῶτον
1667 4967 1798 5022 αὐτὸ

217 5080 280 5132 τὸ
301 5078 495 5138 σκεῦος
532 5076 593 5127 τὸ
633 5073 812 5141 ἅγιον,
841 5069 869 5124 ὃ
897 5069 1004 5122 ἀπὸ
1030 5065 1248 5138 Μαρίας
1279 5063 1522 5134 εἴληφεν,
1555 5060 1798 5114 ἀναπλά-

221 5187 320 5234 σας
355 5167 536 5238 ἑαυτῷ
583 5167 736 5233 ἅγιον
775 5161 933 5232 σῶμα
957 5199 972 5225 ,
1011 5159 1141 5222 Θεὸς
1181 5155 1388 5212 ἄνωθεν
1423 5153 1594 5221 Λόγος
1627 5149 1797 5203 ἐλθὼν

221 5265 286 5316 ὲκ
308 5261 524 5316 κόλπων
560 5254 848 5326 πατρῴων,
869 5253 959 5306 ἵνα
981 5253 1038 5304 έν
1061 5250 1140 5320 τῷ
1167 5249 1282 5318 ἰδίῳ
1319 5245 1529 5317 σώματι
1558 5241 1796 5315 [ὑψῶσαι

223 5358 282 5407 ὲν
313 5351 484 5423 αὐτῷ]
509 5348 743 5420 ὑψωθεὶς
778 5345 904 5408 τοὺς
935 5342 1152 5413 ὁμοίους
1183 5337 1384 5408 ἑλκύσῃ
1420 5337 1555 5409 πρὸς
1583 5334 1792 5388 ἑαυτόν.

225 5447 320 5510 Τίς
356 5445 412 5500 δέ
447 5445 596 5498 ἐστιν
633 5443 661 5494 6
689 5440 873 5512 ἄρχων
905 5435 998 5489 τοῦ
1033 5433 1237 5506 κόσμου
1269 5429 1454 5483 τούτου
1481 5445 1495 5494 ;
1537 5427 1698 5481 Ἀλλὰ
1727 5427 1803 5490 ὡς

303 5629 320 5660 ί
353 5628 476 5681 (ἴον.
506 5626 695 5698 ᾄρχον,
731 5619 1127 5698 “Leonum.”
1219 5617 1238 5647 ³
1265 5611 1532 5698 Faenius.

1607 5609 1698 5664 ³11
1731 5610 1856 5665 Cor.
1882 5626 1955 5674 iv,
1981 5611 2033 5664 4.

1901 4613 2072 4683 deque
2105 4628 2201 4666 sua
2259 4613 2311 4667 in
2352 4614 2552 4669 coelum
2587 4614 2982 4669 conscensione
3028 4614 3372 4684 loquebatur,
3414 4626 3474 4671 ut

1902 4705 1970 4760 ad
2025 4721 2082 4760 se
2137 4705 2313 4775 ipsum
2366 4721 2555 4760 omnes
2607 4707 2922 4762 attraheret.
2971 4705 3228 4771 Quaenam
3279 4707 3475 4764 deinde

1901 4795 2041 4849 ratio
2076 4803 2192 4857 est,
2223 4813 2323 4850 cur
2354 4811 2462 4849 non
2497 4795 2551 4850 in
2591 4799 2729 4851 cwlo
2774 4813 2998 4852 manens
3038 4797 3162 4852 inde
3189 4797 3470 4867 pertraxit,

1903 4887 1995 4940 sed
2025 4885 2092 4940 ad
2125 4893 2326 4939 terram
2354 4900 2527 4954 usque
2557 4885 2870 4940 descendit?
2893 4883 3188 4956 Oportebat
3216 4889 3472 4940 nimirum

1905 4979 2089 5032 venire
2117 4977 2316 5045 ipsum,
2350 4983 2511 5047 atque
2551 4976 2788 5032 hominis
2819 4977 3044 5047 ﬁgurato
3081 4978 3380 5046 Suscipere,
3418 4985 3474 5029 ut

1900 5071 1953 5124 iu
1979 5071 2170 5139 primis
2197 5084 2290 5124 vas
2314 5069 2444 5122 illud
2483 5077 2756 5134 sanctum,
2783 5081 2927 5138 quod
2958 5069 3025 5123 de
3057 5068 3227 5122 Maria
3253 5068 3477 5138 Virgine

1901 5161 2168 5230 sumpsit,
2215 5171 2462 5214 sanctum
2497 5161 2750 5215 videlicet
2794 5161 2898 5215 sibi
2943 5175 3141 5230 corpus
3179 5159 3473 5230 eﬂingens,

1901 5267 1964 5305 ac
2013 5250 2155 5307 Deus
2185 5251 2422 5306 Verbum
2458 5269 2488 5307 e
2520 5253 2693 5317 ccelo,
2739 5251 2914 5321 deque
2945 5259 3172 5320 paterno
3220 5252 3343 5306 sinu
3383 5251 3477 5304 de-

1904 5343 2202 5406 scendeus,
2245 5357 2404 5397 suum
2463 5343 2590 5396 illud
2643 5357 2841 5412 corpus
2872 5341 3178 5407 attolleret,
3221 5353 3334 5396 tum
3381 5343 3474 5396 ubi

1908 5438 2052 5484 esset
2085 5429 2201 5500 ipse
2234 5430 2502 5496 sublatus,
2537 5429 2620 5484 sui
2654 5429 2721 5483 ad
2760 5444 2881 5484 sese
2907 5429 3112 5485 similes
3158 5429 3473 5484 attraheret.

3222 5617 3250 5642 ’
3279 5617 3294 5664 Ι
3317 5607 3473 5664 Joan.

2117 5591 2162 5640 ’⁸
2196 5609 2354 5666 Joan.
2385 5626 2482 5674 xu,
2513 5609 2606 5665 32.
2711 5611 2729 5641 '
2763 5607 2920 5664 .loau.
2955 5627 2990 5678 I,
3029 5611 3112 5666 II.

229 5700 391 5766 v.19.
467 5707 486 5737 τ
509 5681 768 5762 ιιὸέιι.ἰν,
789 5693 877 5747 4⁸2.
956 5690 977 5721 ³
1001 5681 1194 5742 Matth.
1218 5699 1296 5750 XI,
1325 5681 1408 5749 l8,
1436 5683 1520 5736 l9.
1549 5701 1564 5712 ν
1596 5682 1616 5713 ⁹
1645 5681 1770 5736 Ose.

1894 5699 1915 5742 ',
1943 5681 2026 5734 10.
2105 5683 2146 5712 ’⁵
2173 5681 2301 5734 Ima.
2331 5699 2388 5744 at,
2421 5683 2506 5734 18.
