3850 6204
392 287 497 343 I35
1798 278 1856 332 S.
1900 274 2017 331 EPIJ

2096 274 2242 330 'ANII
3558 279 3654 331 136

392 396 499 454 sed
529 395 784 468 quisnam
815 398 902 449 est
929 391 1096 462 hujus
1148 391 1239 447 ille
1273 390 1460 446 mundi
1510 391 1766 462 princeps
1801 391 1854 443 ‘i
1908 389 1965 444 In
1996 395 2017 452 Δ

2096 389 2240 459 έγει,
2282 389 2408 457 Πᾶς
2442 395 2475 445 ό
2523 395 2752 462 κόσμος
2796 392 2866 446 ἐν
2897 390 2979 457 τῷ
3016 389 3256 459 ποιηρῷ
3302 390 3491 445 κεῖται
3513 431 3530 455 ,
3559 392 3658 445 οὑκ

394 487 587 562 primis
625 500 750 540 cum
788 485 906 538 ait:
946 481 1110 537 Totus
1142 482 1368 536 mundus
1406 482 1462 535 in
1506 480 1737 551 maligno
1763 482 1970 549 positus

2096 482 2302 553 ιὺρανδν
2327 482 2521 551 λέγων,
2546 484 2608 536 οὑ
2632 482 2730 555 τὴν
2759 484 2885 554 γῆν,
2910 484 3010 553 οὑχ
3032 483 3203 554 ἥλιον,
3233 483 3293 536 οὑ
3320 484 3577 554 σελήνην,
3598 484 3656 536 οὑ

387 591 469 638 est
496 583 538 640 ³.
572 594 682 635 non
714 578 914 632 caelum
940 618 955 639 ,
982 592 1091 641 non
1125 585 1351 639 terram,
1390 590 1498 630 non
1526 575 1699 629 solem
1721 616 1734 637 ,
1767 584 1861 628 aut
1891 574 1976 627 lu-

2096 574 2238 642 ρυτά,
2272 575 2333 627 οὑ
2386 574 2686 639 θάλασσαν,
2719 576 2820 629 οὑκ
2853 578 2987 649 ὅρη,
3024 578 3125 630 οὑκ
3170 577 3341 647 ἀέρα,
3381 578 3445 629 οὑ
3486 576 3657 645 νέφη,

391 691 521 732 nam
552 673 844 743 intelligit,
885 687 994 726 non
1035 670 1235 739 stirpes
1261 708 1275 732 ,
1308 669 1475 739 682
1511 685 1688 733 mare,
1721 677 1973 731 montes,

2096 664 2174 717 ιὺκ
2201 664 2421 735 ἄνεμον,
2447 666 2547 718 οὑκ
2580 665 2775 733 ἀστρα,
2805 668 2867 720 οὑ
2889 666 3090 737 πτηνὰ,
3114 666 3265 719 οὐδέν
3298 684 3353 719 τι
3377 666 3487 719 τῶν
3522 667 3661 719 ἐκτι-

388 780 613 833 aerem,
653 764 867 827 nubes,
909 770 1140 823 ventos,
1192 758 1411 823 sidera,
1457 760 1738 823 volucres,
1791 776 1975 814 rerum

2096 756 2309 825 τμένων,
2349 757 2423 827 μὴ
2454 758 2683 825 γένοιτοῑ
2734 758 2873 810 Ἀλλ’
2903 760 2932 811 6
2959 758 3160 828 κόσμος
3190 758 3299 811 τῶν
3331 756 3657 829 ἀνθρώπων.

398 859 636 929 denique
684 856 1028 911 conditarum
1062 853 1306 918 nullam;
1362 852 1457 907 sed
1501 852 1782 906 hominum
1812 868 1976 906 mun-

393 948 499 1004 dus
534 946 790 1018 superbia
821 943 1022 999 mentis
1052 953 1158 1007 est,
1191 952 1243 999 et
1280 932 1457 998 fastus
1481 943 1744 1007 audaciae,
1774 950 1829 998 et
1850 943 1976 998 elati

395 1037 563 1093 animi
594 1039 650 1092 in
684 1035 1001 1091 hominibus
1030 1034 1363 1105 arrogantia.
1400 1034 1568 1104 Igitur
1608 1034 1797 1088 mundi
1830 1036 1981 1105 prin-

394 1149 526 1205 ceps
551 1134 641 1188 ille
680 1133 938 1187 deorsum
992 1130 1249 1201 superbia
1282 1144 1381 1184 sua
1420 1128 1638 1184 cecidit.
1688 1127 1787 1182 Vos
1820 1128 1979 1192 enim,

2076 849 2111 918 ἡ
2152 848 2501 918 ὑπερηφανία
2533 848 2632 918 τῆς
2666 850 2895 913 ἑννοίας,
2930 850 2991 903 τὸ
3021 850 3220 921 θράσος
3264 849 3359 903 τοῦ
3388 850 3599 919 τύφου,
3629 852 3661 919 ή

2078 939 2365 1004 ἀλαζονεία
2408 940 2509 1010 τῆς
2554 940 2662 995 τῶν
2711 941 3015 1013 ἀνθρώπων
3066 943 3396 1013 ὲπάρσεως,
3443 935 3607 1005 οὗτος
3638 943 3666 993 6

2078 1032 2261 1101 ἀρχων
2290 1030 2385 1085 τοῦ
2416 1031 2623 1101 κόσμου
2645 1032 2835 1085 τούτου
2860 1033 3087 1099 ἐξέπεσε
3112 1031 3263 1086 κάτω
3286 1031 3662 1103 ὑπερηφανίᾳ.

2092 1124 2277 1192 Ὑμεῖς
2305 1122 2448 1193 γὰρ,
2479 1126 2614 1196 φησὶ
2633 1165 2647 1189 ,
2684 1125 2873 1189 δόξαν
2905 1126 3066 1193 παρὰ
3102 1125 3393 1189 ἀλλήλων
3434 1123 3667 1191 λαμϐά-

396 1226 604 1296 inquit,
633 1225 863 1296 gton’am
899 1225 963 1277 ab
1005 1224 1226 1278 invicem
1262 1223 1452 1291 capitis
1487 1223 1529 1275 ³.
1572 1220 1685 1292 Ego
1724 1238 1842 1276 vero
1880 1238 1981 1275 non

2096 1233 2231 1271 rere‘
2263 1218 2378 1287 ἐγὼ
2406 1217 2475 1270 δὲ
2500 1209 2587 1271 οὐ
2631 1216 2779 1285 ζητῶ
2816 1216 2932 1285 τὴν
2967 1216 3233 1286 ἐμαυτοῦ
3284 1215 3496 1279 δόξαν.
3545 1214 3667 1276 Πῶς

396 1336 576 1391 ᾳιιωνο
620 1320 847 1390 gloriam
898 1335 1067 1373 meam
1094 1318 1137 1371 δ.
1192 1319 1389 1371 Annon
1438 1316 1694 1386 superbia
1737 1315 1985 1371 excidit?

2096 1312 2191 1384 γὰρ
2224 1313 2323 1364 οὑκ
2371 1310 2565 1363 ἔπεσεν
2600 1312 2633 1381 ἡ
2664 1310 3045 1381 ὑπερηφανίας
3084 1310 3201 1372 πῶς
3245 1310 3348 1362 οὑκ
3381 1304 3668 1378 ὲθραὺσθη

409 1411 529 1468 Non
567 1414 822 1484 princeps
853 1412 1041 1466 mundi
1070 1410 1389 1465 confractus
1418 1418 1539 1473 est,
1575 1424 1699 1464 cum
1728 1418 1783 1464 et
1813 1408 1986 1463 Hero-

2096 1408 2111 1459 5
2149 1408 2333 1478 ἄρχων
2360 1407 2453 1459 τοῦ
2486 1406 2733 1477 κόσμου,
2756 1405 2999 1476 Ἡρώδου
3032 1404 3130 1475 μὲν
3156 1403 3523 1473 φυλάττοντος
3580 1401 3671 1453 καὶ

400 1504 499 1561 des
531 1512 872 1559 mortuorum
922 1518 989 1557 ac
1016 1502 1264 1556 vivorum
1298 1499 1543 1570 judicem
1585 1499 1986 1569 Dominamque

2096 1499 2363 1571 κρίνοντος
2395 1498 2485 1551 τὸν
2517 1496 2709 1569 κριτὴν
2740 1495 2958 1560 ζώντων
3010 1495 3105 1549 καὶ
3145 1493 3355 1566 νεκρῶν
3415 1495 3514 1546 καὶ
3564 1493 3671 1543 Κύ-

398 1597 703 1653 custodiret
769 1612 834 1651 ac
874 1594 1083 1666 judicio
1129 1593 1455 1663 subjiceret,
1497 1608 1619 1647 cum
1672 1591 1988 1662 prmsideret

2096 1606 2223 1661 ριον,
2270 1589 2504 1644 Πιλάτου
2550 1589 2607 1641 δὲ
2642 1586 3118 1660 προκαθεζομένου
3145 1625 3158 1649 ,
3193 1585 3472 1655 ὑπηρέτου
3508 1584 3670 1655 ῥαπί-

400 1690 630 1753 Pilatus,
662 1705 786 1743 cum
816 1688 1034 1743 satelles
1060 1686 1257 1740 malam
1301 1686 1556 1749 crederet,
1590 1682 1760 1739 ludas
1790 1684 1987 1754 prode-

2096 1683 2273 1747 ζοντος
2321 1682 2417 1753 τὴν
2453 1681 2675 1749 σιαγόνα
2701 1720 2714 1742 ,
2772 1679 2941 1732 Ἰούδα
2987 1678 3369 1748 παραδιδόντος
3393 1718 3408 1741 ,
3450 1676 3674 1742 Καῖάςῑια

400 1742 787 1849 τείξίῖαἱριηιε
831 1778 1103 1847 iudicaret
1127 1814 1142 1838 ,
1180 1773 1357 1828 Iudici
1400 1742 1575 1843 sputis
1608 1742 1983 1841 aspergerent,

2096 1773 2437 1837 δικάζοντος,
2505 1772 2773 1825 Ἰουδαίων
2818 1770 3261 1833 καταπτυόντων,
3320 1767 3674 1840 στρατιωτῶν

400 1873 605 1927 milites
644 1871 880 1940 denique
908 1876 1073 1939 caput
1107 1867 1226 1937 ejus
1261 1866 1508 1935 colaphis
1542 1864 1860 1929 tunde-rent,
1891 1865 1983 1935 qui

2096 1864 2486 1935 κολαφιζόντων
2517 1866 2757 1937 κεφαλὴν
2793 1866 2886 1919 τοῦ
2920 1865 3217 1934 δυναμένου
3264 1862 3497 1932 νεύματι
3534 1861 3677 1930 stiti,-

400 1964 521 2018 solo
564 1971 700 2016 nutu
749 1962 950 2015 caelum
991 1968 1305 2028 terramque
1347 1965 1714 2027 contorquere
1764 1956 1988 2026 posset?

2096 1977 2179 2013 σαι
2213 1960 2441 2030 οὑρανὸν
2476 1961 2569 2013 καὶ
2610 1960 2755 2029 γῆν;
2802 1958 2951 2028 Αὕτη
2987 1959 3021 2028 ἡ
3062 1956 3408 2028 ὑπερηφανία
3430 1994 3445 2019 ,
3485 1955 3587 2008 καὶ
3619 1952 3679 2006 1‘)

402 2053 527 2108 Haec
556 2053 725 2124 igitur
755 2051 1009 2122 superbia
1028 2090 1043 2116 ,
1078 2051 1193 2105 haec
1218 2050 1448 2104 audacia
1472 2090 1486 2111 ,
1514 2049 1628 2103 hate
1659 2048 1867 2102 mundo
1892 2050 1989 2102 ad-

2096 2051 2310 2124 θράσος,
2342 2054 2436 2106 καὶ
2468 2055 2500 2123 ἡ
2527 2052 2652 2117 δόξα
2685 2053 2792 2105 τῶν
2815 2050 3119 2123 ἀνθρώπων
3150 2050 3243 2103 τοῦ
3267 2051 3502 2119 κόσμου,
3526 2043 3677 2109 οὗτος

399 2145 677 2200 dictorum
712 2144 993 2197 hominum
1022 2142 1227 2213 gloria,
1261 2141 1450 2195 mundi
1479 2141 1569 2195 ille
1599 2142 1853 2210 princeps
1881 2149 1987 2203 est,

2096 2139 2155 2212 ἧν
2188 2144 2217 2195 6
2256 2144 2436 2214 ἄρχων
2464 2143 2559 2196 τοῦ
2586 2143 2814 2213 κόσμου,
2836 2146 2864 2196 6
2891 2141 3072 2195 πεσὼν
3102 2142 3298 2212 χαμαί.
3332 2141 3547 2203 Πάντες
3573 2140 3679 2209 γὰρ

401 2237 497 2308 qui
544 2237 599 2289 in
650 2245 853 2289 terram
903 2235 1196 2305 prolapsus
1245 2241 1348 2287 est.
1381 2231 1596 2286 Etenim
1646 2234 1739 2302 qui
1784 2235 1841 2286 in
1886 2232 1990 2287 hoc

2096 2237 2137 2288 oi
2174 2234 2282 2288 τῶν
2326 2233 2650 2305 ἀξιωμάτων
2688 2237 2747 2287 ὲν
2786 2235 2864 2305 τῷ
2898 2235 3089 2305 κόσμῳ
3127 2233 3302 2304 τούτῳ
3335 2236 3393 2287 ὲν
3429 2235 3675 2303 ὑπεροχῇ

403 2327 609 2382 mundo
629 2325 898 2380 bonorum
926 2336 979 2378 et
1006 2325 1331 2394 dignitatum
1351 2323 1612 2394 gradibus
1635 2325 1987 2390 antecellunt,

2096 2328 2447 2397 τυγχάνοντες
2478 2328 2576 2399 τὴν
2611 2328 2785 2399 ἀρχὴν
2812 2327 2995 2397 ἔχουσι
3022 2327 3109 2380 διὰ
3140 2326 3248 2379 τῶν
3274 2328 3672 2398 φρυαγμάτων,

402 2420 478 2474 ita
502 2418 868 2489 principatum
902 2417 1173 2483 obtinent,
1199 2426 1256 2470 ut
1282 2416 1628 2486 arrogantia,
1673 2417 1989 2483 insolentia,

2096 2420 2177 2474 5ιά
2205 2419 2299 2473 τοῦ
2336 2421 2591 2492 θράσους,
2636 2421 2731 2473 καὶ
2769 2420 2985 2483 κὺδους,
3033 2420 3129 2473 καὶ
3168 2420 3579 2490 ὑπερηφανίας,
3609 2412 3676 2471 ὧν

402 2513 575 2583 gloria
609 2511 976 2581 superbiaque
1017 2526 1140 2566 sese
1169 2510 1401 2564 nimium
1428 2510 1679 2577 eIl‘erant,
1712 2527 1833 2582 qua:
1870 2512 1995 2582 qui-

2096 2512 2239 2566 οὐδὲν
2269 2513 2327 2564 ὲν
2358 2514 2435 2583 τῷ
2462 2513 2674 2583 Σωτῆρι
2699 2511 2949 2583 εὓρηται.
2991 2513 3177 2564 Λίνον
3204 2513 3313 2579 τὰρ
3337 2513 3677 2579 τυφόμενον

401 2605 525 2661 dem
572 2619 602 2657 a
644 2602 931 2657 Salvatore
976 2610 1171 2657 nostro
1220 2602 1518 2658 abluerunt
1554 2604 1759 2658 omnia.
1801 2603 1992 2657 Linum

2096 2608 2163 2659 οὐ
2214 2605 2451 2669 σϐέσει,
2504 2605 2601 2659 καὶ
2636 2604 2908 2673 κάλαμον
2940 2603 3385 2673 τεθραυσμένον
3416 2606 3489 2658 οὐ
3546 2620 3678 2656 κατ-

400 2697 542 2750 em’m
569 2694 837 2764 {umigans
867 2710 971 2749 non
992 2696 1309 2765 exstinguet,
1332 2704 1382 2749 et
1413 2695 1681 2749 calamum
1703 2697 1992 2750 contritum

2096 2700 2273 2763 εὰξει.

401 2804 506 2843 non
532 2788 826 2856 confringet
848 2787 892 2839 ⁸.

470 2880 700 2936 LXVIII.
736 2879 864 2944 Sed,
891 2887 949 2936 ut
969 2879 1219 2934 omittam
1248 2886 1464 2945 caetera,
1488 2895 1611 2952 quae
1636 2880 1704 2935 ad
1735 2881 1877 2937 idem
1905 2896 1996 2936 ar-

2162 2884 2289 2937 SH'.
2332 2884 2441 2937 Kal
2468 2882 2637 2937 πολλά
2663 2884 2753 2955 μοί
2778 2884 2894 2937 ἐστι
2926 2900 2988 2936 πε
3000 2885 3053 2957 pl
3083 2883 3239 2937 τοῦτο
3267 2884 3467 2953 λέγειν.
3511 2884 3674 2938 Πάλιν

398 2982 719 3044 gumentum
763 2974 945 3030 all'erri
978 2974 1116 3029 bene
1155 2975 1323 3028 multa
1370 2982 1625 3044 possunt,
1663 2973 1994 3031 Manichacus

2096 2978 2150 3031 δέ
2180 2992 2343 3047 φησιν
2387 2978 2415 3030 6
2468 2977 2629 3040 αὑτὸς
2664 2978 2875 3050 Μάνης,
2927 2978 3008 3031 ὅτι
3070 2970 3135 3030 Ὅ
3182 2978 3346 3043 Θεὸς,
3384 2978 3541 3047 φησι,
3572 2978 3674 3032 τοῦ

403 3067 508 3122 hoc
535 3067 761 3138 insuper
789 3067 1001 3137 objicit,
1038 3065 1183 3137 quod
1214 3066 1477 3137 scriptum
1500 3078 1617 3123 est:
1662 3066 1805 3123 Deus
1833 3069 1993 3139 hujus

2096 3068 2311 3136 αἰῶνος
2349 3070 2566 3123 τούτου
2612 3070 2926 3140 ἐτύφλωσε
2965 3069 3038 3124 τὰ
3078 3070 3350 3141 νοήματα
3386 3070 3507 3126 τῶν
3543 3073 3677 3125 ἀπί-

401 3157 588 3212 stecult'
615 3158 897 3211 excwcam’t
934 3166 1128 3212 mentes
1160 3156 1476 3225 inﬁdelium,
1514 3161 1570 3211 ut
1594 3175 1699 3213 non
1728 3160 1996 3214 intueren-

2097 3173 2281 3223 στων,
2307 3156 2417 3211 τοῦ
2444 3158 2531 3227 μὴ
2565 3157 2938 3229 καταυγάσαι
2970 3161 3057 3225 είς
3094 3160 3202 3213 τὸν
3236 3161 3549 3229 φωτισμὸν
3576 3161 3681 3215 τοῦ

404 3258 494 3303 tur
520 3248 792 3320 Evangelii
838 3250 1005 3304 lucem
1028 3251 1070 3306 ⁸.
1135 3250 1299 3319 Atqui
1332 3251 1379 3305 si
1420 3249 1564 3307 Deus
1610 3252 1799 3307 mundi
1834 3252 1999 3323 hujus

404 3341 673 3399 Dominus
703 3353 809 3410 est,
846 3344 973 3414 quid
1002 3342 1254 3398 Salvator
1286 3341 1477 3413 pedem
1511 3343 1565 3397 in
1600 3344 1836 3399 alienam
1868 3361 1998 3417 pos-

405 3434 705 3491 sessionem
756 3435 1060 3490 immittens
1092 3433 1365 3489 faciebat?
1413 3433 1470 3488 Si
1508 3450 1627 3489 eam
1663 3437 1837 3506 ipsam
1865 3452 2001 3492 con-

402 3528 707 3599 cupiverat,
740 3526 964 3583 minime
992 3526 1045 3581 id
1078 3527 1222 3582 bono
1265 3528 1530 3598 justoque
1556 3530 1835 3585 convenit.
1900 3530 2000 3586 Sin

404 3620 614 3675 idcirco
646 3619 817 3683 venit,
864 3626 921 3672 ut
961 3633 1070 3673 non
1101 3617 1343 3687 propria,
1392 3619 1488 3674 sed
1520 3620 1697 3675 aliena
1730 3629 1997 3687 servaret,

400 3713 514 3786 jam
540 3713 643 3768 hoc
664 3711 968 3769 adulatoris
994 3712 1229 3781 alicujus
1252 3712 1532 3783 proprium
1557 3723 1662 3779 est,
1693 3714 1787 3783 qui
1820 3716 2001 3769 alieno

405 3805 642 3875 principi
665 3804 918 3861 subditos
953 3803 1021 3858 ad
1054 3816 1139 3859 res
1174 3819 1345 3860 novas
1377 3805 1669 3862 ambitiose
1701 3822 2001 3876 provocare

404 3898 645 3954 studeat.
689 3897 845 3965 Quod
872 3899 919 3954 si
949 3913 1138 3953 eorum
1169 3913 1291 3969 qua:
1317 3898 1385 3953 ad
1421 3900 1608 3955 saeculi
1638 3900 1801 3969 hujus
1830 3900 1999 3956 Deum

406 3990 713 4062 pertinent,
760 3990 1156 4046 servandorum
1203 3992 1375 4061 gratia
1411 3992 1581 4055 venit,
1635 3992 1775 4049 bene
1812 3995 2002 4065 utique

400 4085 473 4140 de
514 4084 608 4139 illo
637 4084 863 4140 meritus
893 4092 997 4149 est,
1040 4083 1200 4155 cujus
1231 4084 1396 4141 rebus
1440 4085 1727 4141 servandis
1777 4102 1999 4158 operam

401 4175 736 4232 adhibuerit.
766 4174 843 4230 Ac
879 4176 925 4232 si
955 4176 1120 4246 hujus
1150 4176 1241 4232 ille
1274 4178 1463 4232 saeculi
1496 4176 1640 4235 Deus
1666 4193 1795 4234 suos
1820 4195 1850 4234 a
1880 4178 2002 4235 Sal-

404 4277 590 4323 vatore
620 4268 754 4338 eripi
802 4268 990 4324 libenti
1034 4258 1218 4325 animo
1262 4269 1490 4340 patitur,
1547 4269 1791 4341 profecto
1821 4272 2000 4329 bonus

400 4371 509 4425 est,
551 4363 643 4432 qui
686 4362 731 4416 si
762 4376 980 4417 servare
1028 4363 1209 4418 minus
1261 4362 1377 4433 ipse
1420 4365 1618 4434 possit,
1665 4365 1733 4420 de
1768 4382 1996 4421 suorum
2044 4408 2045 4411 η

2092 3252 2481 3323 Εὑαγγελίου.
2519 3253 2583 3307 Ei
2621 3251 2700 3306 ἔνι
2737 3254 2766 3306 6
2815 3251 2949 3316 Θεὸς
2987 3251 3081 3305 τοῦ
3126 3237 3334 3323 κόσμου
3366 3252 3583 3314 τούτου,
3629 3253 3681 3306 τί

2097 3344 2205 3415 ἀρα
2232 3344 2401 3399 ἐλθὼν
2437 3347 2465 3399 6
2508 3346 2698 3417 Σωτὴρ
2734 3344 2908 3398 ἐποίει
2939 3346 3021 3408 είς
3059 3345 3127 3398 τὰ
3153 3344 3443 3415 άλλότρια;
3489 3346 3602 3399 Kal
3635 3346 3681 3397 εί

2102 3437 2202 3507 μὲν
2242 3437 2353 3490 τῶν
2395 3438 2691 3509 ἀλλοτρίων
2735 3439 2938 3507 ἐφίετο,
2976 3439 3076 3490 οὑκ
3116 3437 3231 3490 ἔστι
3260 3436 3419 3490 τοῦτο
3452 3437 3679 3505 ἀγαθοῦ,

2098 3530 2222 3585 οὔτε
2255 3531 2463 3585 δικαίου
2490 3547 2504 3562 ’
2536 3534 2583 3584 εί
2617 3532 2675 3585 δὲ
2700 3532 2887 3584 ἕνεκεν
2920 3529 3015 3583 τοῦ
3049 3530 3219 3584 σῶσαι
3243 3526 3407 3602 ἦλθεν
3430 3532 3532 3584 οὑκ
3555 3532 3679 3595 ἴδια,

2099 3624 2216 3676 ἀλλ’
2267 3624 2548 3696 ἀλλότρια,
2601 3623 2760 3677 τοῦτο
2811 3624 2906 3677 καὶ
2968 3624 3199 3688 κόλακος
3236 3625 3494 3695 τυγχάνει
3540 3625 3681 3685 τινὸς

2102 3715 2424 3787 βουλομένου
2479 3716 2873 3787 προσεπαίρειν
2924 3705 3051 3779 τοὺς
3089 3716 3183 3770 τοῦ
3232 3716 3421 3779 πέλας.
3475 3719 3587 3772 Ka‘t
3635 3720 3681 3771 εί

2099 3806 2236 3869 ὅλως
2264 3806 2333 3859 τά
2356 3806 2451 3859 τοῦ
2472 3805 2607 3859 Θεοῦ
2636 3806 2729 3859 τοῦ
2754 3806 2948 3870 αἰῶνος
2978 3806 3167 3859 τούτου
3192 3804 3324 3879 ἦλθε
3353 3808 3546 3873 σῶσαι,
3578 3811 3682 3878 ἀρα

2103 3898 2253 3970 αὑτῷ
2274 3898 2353 3971 τῷ
2375 3899 2495 3971 Θεῴ
2518 3900 2612 3953 τοῦ
2637 3900 2842 3971 κόσμου
2865 3900 2965 3970 τὴν
2993 3900 3152 3971 χάριν
3178 3902 3553 3967 κατατίθεται,
3580 3904 3682 3957 ἴδια

2101 3992 2265 4045 αὑτοῦ
2300 3992 2468 4065 σκεύη
2509 3992 2850 4065 πειρώμενος
2884 3992 3097 4057 σώζειν.
3155 3995 3263 4047 Καὶ
3302 3998 3350 4047 εἰ
3383 3995 3520 4059 ὃλως
3556 4012 3681 4064 συγ-

2102 4082 2450 4137 κατατίθεται
2521 4086 2550 4137 ὁ
2603 4084 2737 4148 Θεὸς
2788 4084 2885 4138 τοῦ
2940 4086 3134 4149 αίῶνοι,
3192 4085 3381 4139 τούτου
3430 4089 3524 4140 ἐπὶ
3575 4091 3681 4151 τοῖς

2101 4176 2265 4230 αὑτοῦ
2324 4176 2414 4230 διὰ
2468 4177 2562 4231 τοῦ
2616 4176 2870 4250 Σωτῆρος
2917 4176 3265 4249 σωζομένοις,
3318 4180 3425 4251 ἄρα
3477 4182 3680 4248 ἁγαθός

2102 4271 2271 4333 ἐστιν,
2305 4270 2351 4321 εἰ
2383 4268 2478 4323 καὶ
2511 4270 2585 4340 μὴ
2619 4268 2841 4323 δὺναται
2874 4268 3085 4334 σώζειν,
3118 4269 3324 4340 χαίρων
3356 4273 3448 4323 ἐπὶ
3478 4274 3545 4343 τῇ
3576 4273 3679 4325 τῶν

2106 4361 2250 4415 ἰδεων
2288 4361 2553 4432 σωτηρία.
2597 4361 2705 4413 Kal
2753 4360 2905 4414 ἔσται
2948 4360 3132 4414 λοιπὸν
3168 4361 3267 4431 μία
3300 4364 3555 4416 κοινωνία
3586 4366 3681 4435 τῆς

404 4461 588 4509 tamen
616 4455 793 4509 salute
818 4454 1068 4525 gaudeat.
1094 4456 1272 4527 Atque
1294 4456 1372 4511 ita
1402 4472 1696 4514 commune
1722 4459 1995 4529 quoddam

2099 4454 2458 4527 άγαθότητος,
2509 4455 2592 4507 ὅτι
2639 4456 2668 4507 6
2715 4454 2813 4524 μὲν
2857 4452 3155 4525 δυνάμενος
3204 4452 3384 4516 σώζει,
3434 4456 3462 4507 6
3507 4455 3566 4508 δὲ
3608 4457 3677 4526 μὴ

399 4545 510 4601 erit
556 4545 817 4602 bonitatis
848 4546 1272 4613 commercium,
1310 4548 1456 4619 quod
1492 4557 1547 4604 et
1580 4550 1812 4605 salutem
1843 4550 2001 4607 affert

402 4637 456 4694 is
480 4638 573 4709 qui
606 4644 815 4707 potest,
862 4646 918 4693 et
949 4638 1045 4707 qui
1088 4654 1178 4695 res
1212 4655 1340 4695 suas
1388 4656 1610 4695 servare
1650 4656 1760 4695 non
1791 4653 1993 4713 potest,

403 4731 611 4787 servari
637 4737 818 4785 tamen
849 4729 917 4783 ab
957 4730 1128 4785 altero
1167 4730 1534 4802 683—689
1577 4732 1808 4789 libenter
1832 4735 1998 4802 videt,

402 4838 545 4894 quas
580 4823 743 4876 etiam
779 4822 835 4875 in
867 4822 1022 4876 lucro
1057 4834 1335 4888 numerat,
1377 4841 1499 4880 cum
1530 4826 1598 4880 ab
1637 4842 1703 4882 eo
1732 4828 1825 4897 qui
1863 4842 2000 4897 prae-

402 4918 553 4971 clare
600 4930 823 4970 servare
873 4923 1089 4985 potest,
1128 4917 1310 4971 salvas
1344 4927 1396 4971 et
1432 4918 1733 4975 incolumes
1770 4935 1997 4992 accepe-

402 5011 494 5064 rit.
546 5006 817 5063 Praterea
862 5007 909 5062 si
960 5007 1136 5063 eidem
1181 5008 1257 5062 illi
1293 5011 1383 5079 qui
1425 5026 1645 5067 servare
1696 5029 1783 5069 res
1818 5013 1993 5084 ipsius

400 5102 606 5171 cupiat,
642 5117 988 5172 nequaquam
1022 5102 1367 5167 adversatur,
1404 5102 1625 5158 habebit
1656 5107 1705 5159 ei
1740 5106 1833 5176 qui
1871 5123 1988 5163 ser-

402 5205 491 5250 vat
520 5199 778 5268 gratiam;
820 5197 1158 5268 proindeque
1193 5198 1239 5253 is
1265 5200 1500 5268 primum
1536 5200 1685 5253 illum
1722 5201 1983 5265 servabit,

402 5287 469 5340 ad
497 5304 657 5357 quem
700 5287 792 5359 qu'i
830 5298 1117 5345 servantur
1149 5290 1405 5355 attinent,
1432 5298 1489 5342 ut
1522 5292 1573 5343 in
1598 5306 1663 5345 eo
1702 5291 1984 5347 liberando

403 5380 662 5436 bonitatis
696 5398 808 5438 sua:
845 5385 1119 5454 specimen
1158 5384 1415 5455 praebeat.
1478 5382 1597 5438 Non
1630 5386 1795 5449 enim,
1830 5394 1981 5455 puto,

403 5471 554 5526 solos
586 5472 798 5541 eripere
840 5483 1036 5530 tenues
1067 5474 1233 5541 volet,
1267 5475 1545 5545 precipuo
1583 5474 1678 5529 illo
1707 5474 1919 5538 relicto,
1956 5488 1989 5527 a

478 5651 681 5707 'Joan.
743 5668 840 5718 χιιι,
891 5653 980 5709 5|.

404 5721 431 5759 ‘"
451 5719 634 5779 lICor.
666 5739 739 5792 iv,
770 5724 824 5777 4.

1058 5656 1077 5685 ‘
1114 5653 1271 5713 Joan.
1316 5674 1367 5721 ν,
1424 5659 1511 5714 I9.
1588 5659 1609 5690 ³
1672 5659 1800 5714 ibid.
1846 5659 1935 5714 14.
2011 5660 2033 5691 ⁸
2066 5658 2224 5716 Joan.
2304 5673 2421 5721 vin,
2475 5658 2563 5713 50.

2099 4547 2394 4619 δυνάμενος
2446 4546 2515 4601 τὰ
2574 4546 2680 4601 ἴδια
2736 4545 2949 4613 σώζειν,
3000 4547 3181 4618 χαίρει
3214 4548 3306 4600 ἐπὶ
3352 4551 3465 4611 τοῖς
3517 4548 3681 4613 σωζο-

2104 4637 2316 4709 μένοις,
2366 4637 2557 4710 κέρδος
2604 4637 2674 4690 τά
2723 4637 2828 4690 ἴδια
2875 4628 3175 4709 ἡγούμενος
3229 4636 3380 4708 παρά
3435 4638 3530 4691 τοῦ
3584 4656 3679 4692 κα-

2103 4727 2211 4792 λῶς
2269 4726 2536 4793 σώζοντος
2607 4728 2891 4799 σωζόμενα
2938 4727 3096 4798 ἔχων.
3154 4729 3262 4781 Kal
3301 4730 3351 4780 ei
3398 4728 3538 4792 ὅλως
3583 4732 3679 4783 οὑκ

2101 4823 2438 4877 ἐναντιοῦται
2469 4822 2547 4893 τῷ
2570 4821 2877 4893 βουλομένῳ
2914 4821 2982 4875 τά
3020 4821 3124 4875 ἴδια
3159 4821 3370 4886 σώζειν,
3404 4824 3497 4875 καὶ
3523 4826 3679 4894 χάριν

2098 4916 2442 4986 ὁμολογήσει.
2503 4917 2565 4969 El
2620 4916 2675 4970 δὲ
2731 4915 2890 4988 χάριν
2941 4916 3193 4987 ὁμολογεῖ
3252 4916 3469 4987 πρῶτον
3517 4916 3677 4969 αὑτόν

2096 5008 2294 5073 σώζει,
2342 5002 2405 5061 οὗ
2456 5010 2506 5061 οί
2543 5008 2864 5079 σωζόμενοι,
2916 5008 3002 5060 ἵνα
3052 5007 3198 5079 δείξῃ
3235 5007 3320 5060 ἐπ’
3367 5008 3534 5060 αὑτὸν
3586 5026 3679 5062 σω-

2096 5100 2322 5169 ζόμενον
2350 5099 2448 5168 τὴν
2476 5097 2640 5151 αὑτοῦ
2678 5096 3008 5167 ἀγαθότητα.
3052 5098 3160 5151 Kal
3192 5098 3253 5150 οὑ
3287 5099 3414 5160 τοὺς
3449 5101 3678 5169 μικροὺς

2096 5191 2294 5262 μᾶλλον
2334 5191 2581 5262 βούλεται
2616 5193 2830 5256 σώζειν,
2864 5192 2957 5243 καὶ
2991 5191 3085 5261 ὲᾷν
3118 5189 3207 5243 τὸν
3249 5191 3573 5259 ἀναγκαῖον,
3624 5191 3679 5253 ἐξ

2091 5276 2262 5356 οὗπερ
2305 5285 2354 5336 οἱ
2393 5284 2687 5353 σωζόμενοι
2731 5282 3041 5351 γεγόνασιν.
3087 5280 3157 5332 Ἢ
3195 5280 3371 5343 ἄλλως
3410 5280 3596 5341 πάλιν,
3632 5281 3677 5330 εί

2094 5378 2192 5451 μὲν
2227 5378 2473 5449 βούλεται
2524 5378 2688 5430 αὑτὸν
2737 5375 2811 5447 μὴ
2856 5374 3073 5439 σώζειν,
3123 5376 3248 5437 τοὺς
3285 5373 3341 5426 δὲ
3386 5374 3479 5425 ὑπ’
3514 5372 3677 5426 αὑτοῦ

2100 5470 2283 5537 σώζει,
2322 5472 2428 5543 ἄρα
2458 5470 2519 5523 οὑ
2546 5470 2750 5523 τέλειον
2780 5465 3174 5539 ἀπεργάζεται,
3212 5466 3329 5519 οὐδὲ
3363 5464 3587 5519 δύναται
3620 5463 3677 5516 τὸ

2677 5657 2697 5688 ⁸
2747 5655 2854 5711 lsa.
2907 5670 3042 5720 sui,
3093 5655 3156 5721 3;
3193 5650 3378 5706 Matth.
3434 5665 3537 5719 xu,
3585 5650 3673 5708 20.
