3850 6204
179 245 275 302 ίδῗ

881 242 1253 300 ADVERSUS
1290 243 1636 301 HASIlESES
1674 243 1799 298 LIB.
1833 243 1896 296 II.
1938 241 2100 297 ΤΟΜ.
2143 240 2205 294 ll.
2245 269 2312 279 —-—
2354 236 2627 294 HERES.
2661 237 2844 292 LXVI.

3305 234 3407 293 I38

173 359 372 428 ἀγαθὸν
403 358 735 429 ἐργάσασθαι
767 359 824 411 ἐν
870 358 1166 428 τελειότητι
1191 375 1202 385 ’
1233 361 1280 412 εί
1311 359 1368 411 δὲ
1394 359 1482 411 διὰ
1509 358 1570 410 τὸ
1599 353 1736 410 εἶναι

1852 370 1948 424 quo
1971 356 2022 408 hi
2057 353 2150 422 qui
2183 359 2474 406 servantur
2491 351 2771 422 propagati
2802 358 2947 404 sunt.
2978 349 3184 407 Deinde
3209 353 3255 408 si
3281 368 3407 409 cum

171 449 332 503 αὑτὸν
359 450 574 518 φύσεως
621 449 696 519 μὴ
740 446 1072 519 σωζομένης,
1119 447 1281 500 αὑτὸν
1325 448 1423 517 μὲν
1463 445 1736 510 ἀδυνάτως

169 540 278 610 ἔχει
315 537 527 604 σώζειν,
555 540 682 601 τοὺς
710 538 766 591 δὲ
792 539 884 591 ὑπ’
911 537 1074 590 αὐτοῦ
1109 537 1506 607 γεγενημένους
1549 533 1738 599 σώζει,

171 625 348 698 πολλῷ
401 628 598 700 μᾶλλον
629 629 678 681 οί
723 628 781 694 ἐξ
812 627 974 680 αὑτοῦ
1018 627 1371 698 γεγενημένοι
1426 627 1739 698 σαϐρότεροι

171 719 332 773 αὐτοῦ
364 705 705 790 ὑπάρχουσί,
740 719 834 771 καὶ
877 719 1153 781 ἀδυνάτως
1189 717 1368 786 έχουσι
1402 719 1533 788 πρὸς
1571 735 1741 787 σωτη-

170 811 311 880 ρίαν.
335 811 447 862 Καὶ
469 809 642 872 ἄλλως
660 810 738 872 δὲ,
764 811 811 862 εί
842 809 964 879 μὲν,
995 809 1101 862 ίδιά
1121 826 1241 861 τινα
1267 809 1340 878 μὴ
1364 808 1498 878 ἔχων
1525 807 1736 869 σώζειν,

169 903 242 962 εἰς
282 900 348 952 τὰ
388 900 642 968 ἀλλότρια
676 896 837 970 ἦλθεν
873 899 1181 963 ἐπιδείξεως
1215 899 1395 971 χάριν,
1437 898 1534 968 τὴν
1576 898 1737 951 αὑτοῦ

168 994 422 1064 βοήθειαν
447 994 640 1059 δεῖξαι,
671 994 838 1064 πολλὴ
862 997 895 1065 ή
927 995 1150 1066 ἀπορία,
1174 997 1206 1066 ἡ
1239 994 1312 1066 μὴ
1336 995 1606 1065 δυναμένη
1635 994 1739 1047 ἴδια

167 1085 386 1151 σώζειν,
425 1087 519 1139 καὶ
546 1089 626 1150 είς
670 1086 740 1140 τά
768 1086 1027 1158 ἀλλότρια
1057 1087 1434 1158 ὲπιδημοῦσα,
1468 1089 1616 1152 ὅπως
1657 1090 1741 1140 ἐν-

168 1177 410 1248 δείξηται
457 1178 518 1232 τὸ
560 1178 738 1250 ἔργον,
777 1178 805 1230 ὃ
849 1180 905 1230 ὲν
945 1182 1057 1242 τοῖς
1090 1179 1240 1243 ἰδίοις
1271 1179 1547 1243 ἀδυνάτως
1585 1179 1741 1249 ἔσχεν

167 1267 562 1334 ἐπιδείξασθαι.
591 1269 701 1321 Καὶ
730 1267 830 1339 ἤδη
857 1268 1103 1321 διέπεσεν
1135 1270 1164 1321 6
1198 1269 1324 1339 περὶ
1361 1268 1453 1320 τοῦ
1492 1269 1742 1338 Σωτῆρος

169 1362 263 1413 καὶ
308 1359 401 1412 τοῦ
432 1359 692 1430 ἄρχοντος
730 1361 822 1413 τοῦ
866 1360 1060 1423 αἰῶνος
1091 1359 1281 1412 τούτου
1321 1360 1425 1412 ὑπὸ
1452 1359 1547 1412 τοῦ
1577 1360 1735 1430 Μάνη

167 1450 462 1522 εἰρημένος
482 1450 658 1518 λόγος.
691 1451 799 1504 Καὶ
819 1449 933 1504 ἐστι
963 1451 1040 1520 τῷ
1065 1450 1180 1503 ὄντι
1207 1453 1236 1503 6
1262 1450 1392 1514 Θεὸς
1424 1449 1516 1502 τοῦ
1550 1451 1742 1513 αἰῶνος

166 1544 362 1596 τούτου
391 1543 452 1594 οὐ
478 1541 608 1604 Θεὸς
633 1541 1078 1614 παρηλλαγμένος
1105 1543 1255 1612 παρά
1277 1544 1365 1596 τὸν
1386 1541 1514 1596 ὄντα
1547 1541 1742 1604 ἄλλως,

1843 443 1980 496 alios
2024 441 2235 506 liberet,
2277 439 2508 495 liberare
2541 441 2896 494 nihilominus
2929 442 3061 496 nolit
3102 443 3274 511 illum,
3308 447 3411 500 im-

1841 532 2141 604 perfectum
2175 531 2433 603 quiddam
2469 540 2570 594 est,
2604 533 2749 602 quod
2782 535 3027 598 molitur,
3060 551 3160 590 nec
3194 537 3416 593 absolu-

1839 632 1955 678 tum
1996 626 2194 678 bonum
2229 630 2488 694 prmstare
2528 639 2688 694 posse
2736 624 2964 678 videtur.
3019 623 3137 679 Jam
3179 643 3307 681 vero
3342 629 3412 692 si,

1843 718 1985 786 quod
2028 715 2296 785 ejusmodi
2327 724 2534 769 natura}
2563 732 2668 769 non
2701 717 2793 780 sit,
2824 732 2945 785 quas
2977 720 3182 772 servari
3218 721 3410 787 possit,

1842 808 2070 864 salutem
2119 805 2245 860 huic
2279 804 2469 858 atl‘erre
2514 816 2765 874 nequeat,
2813 822 2977 876 quam
3025 808 3094 862 ab
3125 825 3189 864 co
3217 810 3413 880 genitis

1843 899 2167 968 imper-titur,
2201 911 2332 950 sane
2362 896 2452 965 qui
2485 895 2552 947 ab
2583 897 2673 951 illo
2703 899 2807 950 orti
2835 907 2962 952 sunt
2993 899 3149 970 longe
3175 901 3412 956 deterio-

1842 1005 1930 1045 res
1963 1005 2085 1044 esse
2117 989 2336 1050 debent,
2371 996 2427 1042 ut
2455 1003 2522 1042 ne
2553 988 2782 1044 salutem
2813 990 3028 1058 quidem
3061 993 3286 1062 adipisci
3312 994 3418 1064 ipsi

1843 1082 2073 1152 possint.
2099 1081 2180 1136 Ad
2206 1081 2320 1135 haec
2342 1095 2410 1146 st,
2438 1096 2561 1136 cum
2592 1080 2794 1134 nullam
2814 1083 3078 1150 privatam
3109 1087 3416 1154 possessio-

1842 1189 1964 1230 nem
1995 1174 2210 1239 habeat,
2238 1188 2399 1242 quam
2430 1172 2691 1236 vindicet,
2723 1173 2790 1226 ad
2814 1174 3043 1229 alienam
3071 1182 3326 1245 accessit,
3356 1187 3414 1232 ut

1842 1265 2081 1335 seipsum
2133 1273 2185 1319 et
2213 1279 2368 1334 opem
2392 1271 2690 1319 ostentaret
2713 1279 2888 1330 suam,
2913 1264 3230 1337 perplexum’
3255 1269 3415 1339 quid-

1841 1357 1967 1412 dam
1993 1366 2047 1412 et
2079 1357 2414 1426 implicatum
2438 1355 2689 1423 ctiicitur,
2727 1366 2787 1411 ut
2811 1374 2931 1428 quae
2963 1360 3132 1416 virtus
3163 1377 3251 1417 res
3284 1379 3415 1418 suas

1842 1465 2062 1504 servare
2094 1457 2348 1519 nequeat.
2383 1449 2448 1502 ad
2481 1450 2686 1504 alienas
2716 1465 2773 1503 se
2803 1451 3070 1516 conferat,
3106 1465 3164 1508 ut
3194 1455 3325 1510 illud
3359 1457 3414 1509 in

1843 1538 2181 1609 iis'prazstet.
2223 1538 2367 1607 quod
2415 1537 2469 1591 in
2505 1538 2742 1608 prOpriis
2783 1555 3038 1595 exercere
3074 1557 3180 1596 non
3213 1546 3412 1613 potuit.

165 1633 290 1685 οὐδὲ
327 1633 690 1696 ὲνυπόστατος
721 1633 852 1696 Θεὸς
893 1633 1069 1696 ἄλλος,
1110 1632 1183 1703 μὴ
1211 1631 1453 1702 γένοιτοί
1483 1631 1613 1695 Θεὸς
1635 1633 1743 1702 γὰρ

1852 1628 1958 1684 Hoc
2005 1630 2169 1700 igitur
2215 1629 2376 1684 modo
2427 1629 2534 1683 ruit
2582 1630 2760 1685 omnis
2799 1631 2888 1685 illa
2938 1631 3006 1687 de
3048 1631 3330 1692 Salvatore
3352 1652 3418 1693 ac

164 1726 201 1778 ὁ
231 1725 454 1778 πάντων
482 1725 779 1796 Δεσπότης,
807 1725 837 1776 ὁ
875 1727 966 1778 τὸν
997 1701 1199 1795 κόσμον
1234 1725 1485 1795 ποιήσας,
1521 1719 1601 1787 εἷς
1627 1701 1742 1777 ἐστι

1852 1724 2030 1777 saeculi
2080 1722 2243 1792 hujus
2286 1721 2528 1791 principe
2581 1721 2860 1777 Manichaei
2908 1705 3193 1780 sententia.
3245 1727 3323 1781 Ac
3370 1745 3418 1784 st

166 1815 324 1880 Θεὸς,
357 1819 386 1870 6
412 1816 615 1884 Πατὴρ
641 1816 747 1870 τοῦ
779 1817 999 1884 Κυρίου
1027 1815 1194 1884 ἡμῶν
1228 1817 1430 1883 Ἰησοῦ
1459 1816 1739 1883 Χριστοῦ,

166 1908 264 1960 καὶ
284 1907 543 1961 οὐδέποτε
571 1907 854 1960 διαλείπει.

1849 1816 1993 1886 quod
2052 1831 2137 1869 res
2182 1822 2265 1869 est
2314 1814 2467 1868 fateri
2498 1815 2770 1877 volumus,
2820 1816 2980 1871 istius
3031 1819 3214 1873 saeculi
3276 1818 3419 1878 Deus

1851 1923 1959 1962 non
1995 1907 2135 1960 alius
2176 1912 2281 1970 est,
2331 1919 2361 1957 a
2400 1920 2530 1959 vero
2560 1903 2669 1959 Deo
2698 1906 2967 1970 diversus,
3018 1925 3117 1964 nec
3149 1913 3256 1966 ulla
3286 1916 3418 1970 sub-

167 2002 376 2056 stantia
398 2004 658 2073 praaditus
714 2004 874 2058 alius.
929 2002 1206 2074 Siquidem
1239 2003 1499 2059 Dominus
1560 2005 1804 2058 omnium
1839 2001 2013 2066 Deus,
2069 2015 2130 2054 ac
2178 2001 2366 2054 mundi
2413 2000 2663 2054 conditor
2706 2000 2846 2058 Deus
2897 2020 3040 2060 unus
3097 2017 3211 2072 est,
3257 2009 3422 2065 Pater

173 2096 389 2152 Domini
440 2096 608 2150 nostri
651 2094 780 2150 Jesu
832 2094 1090 2162 Christi‘,

234 2187 360 2242 38'.
404 2189 540 2259 Περὶ
573 2182 633 2241 οὗ
659 2187 715 2240 δὲ
757 2190 784 2240 6
840 2188 1158 2261 ἶΑπόστολος
1193 2189 1370 2257 λέγει,
1403 2190 1462 2242 ὃν
1493 2189 1747 2262 ᾑρέτισαν

168 2281 260 2334 τὸν
292 2280 430 2333 Θεὸν
460 2279 664 2332 ἑαυτῶν
697 2273 834 2334 εἶναι
860 2283 908 2332 οἱ
943 2280 1179 2344 ἄπιστοι,
1211 2280 1271 2332 οὐ
1307 2281 1463 2350 μόνον
1486 2281 1628 2349 λέγω
1652 2281 1748 2334 ἕνα

170 2373 305 2425 Θεὸν
335 2368 476 2426 εἶναι
507 2371 602 2425 τοῦ
639 2371 834 2434 αἰῶνος
866 2371 1076 2437 τούτου,
1112 2372 1186 2442 μὴ
1219 2373 1453 2441 γένοιτοὲ
1492 2373 1628 2427 ἀλλὰ
1657 2375 1748 2426 καὶ

172 2464 425 2526 πολλοὺς,
463 2457 545 2525 οἷς
585 2463 810 2524 ἑαυτοὺς
847 2463 1117 2528 ὑπέταξαν
1154 2466 1203 2517 οἱ
1241 2465 1479 2528 ἄπιστοι,
1515 2465 1606 2518 καὶ
1635 2467 1753 2518 ὲτυ-

172 2552 470 2626 φλὼθησαν
500 2553 596 2623 τὴν
619 2553 855 2607 διάνοιαν
875 2569 888 2582 ·
911 2553 988 2616 ὡς
1021 2555 1114 2607 καὶ
1140 2557 1197 2606 ἐν
1229 2554 1373 2626 ἄλλῳ
1402 2555 1552 2626 τόπῳ
1579 2554 1743 2623 λέγει·

174 2639 286 2701 Ἦν
314 2649 348 2699 ό
392 2645 539 2708 Θεὸς
570 2648 606 2713 ή
647 2645 865 2707 κοιλία,
893 2644 992 2698 καί
1024 2645 1062 2710 ἠ
1091 2643 1240 2709 δόξα
1271 2646 1340 2698 ἐν
1379 2645 1452 2714 τῇ
1488 2647 1750 2715 αἰσχύνῃ

173 2737 396 2791 αὐτῶν·
425 2737 519 2789 καὶ
540 2738 568 2788 6
598 2735 803 2807 Κύριος
830 2737 886 2788 ὲν
913 2733 990 2804 τῷ
1011 2735 1342 2805 Εὑαγγελίῳο
1380 2736 1460 2788 Οὐ
1488 2734 1751 2789 δύνασθε

175 2829 316 2883 δυσί
353 2828 580 2895 κυρίοις
620 2826 968 2906 δουλεύείν,
1005 2835 1187 2896 φησιν.
1220 2821 1352 2878 Εἶτα
1390 2824 1527 2895 μετὰ
1561 2824 1747 2888 πολλὰ,

155 2915 263 2972 ’ἵνα
291 2916 444 2986 δείξῃ
490 2917 631 2978 τίνες
664 2916 806 2968 εἰσὶν
853 2917 902 2968 οἱ
936 2914 1028 2968 δύο
1071 2913 1270 2986 κύριοι,
1308 2914 1490 2984 φησίν·
1533 2916 1615 2967 Οὐ
1649 2913 1750 2966 δύ-

177 3012 366 3063 νασθε
407 3008 532 3072 Θεῷ
577 3006 888 3060 δουλεύειν
921 3006 1018 3059 καὶ
1048 3004 1370 3075 μαμμωνᾷ.
1416 3005 1556 3075 Ἀρα
1594 2999 1686 3056 οὖν
1722 3005 1749 3057 6

176 3098 308 3160 Θεὸς
330 3097 488 3158 Θεὸς,
521 3096 614 3147 καὶ
654 3095 960 3164 μαμμωνᾶς
989 3093 1119 3155 Θεὸς
1141 3093 1234 3145 τοῦ
1262 3092 1486 3161 κόσμου.
1515 3091 1614 3144 Διά
1641 3090 1750 3161 γὰρ

176 3189 270 3243 τοῦ
329 3187 614 3257 μαμμωνᾶ
659 3185 754 3237 καὶ
789 3183 889 3253 τῆς
933 3183 1137 3246 κοιλίας
1179 3183 1285 3236 τῶν
1337 3182 1429 3234 δύο
1476 3181 1679 3234 τούτων
1716 3183 1749 3252 ή

180 3281 405 3348 πλείστη
460 3277 621 3346 φύσις
660 3276 766 3328 τῶν
818 3273 1117 3346 ἀνθρώπων
1161 3272 1460 3342 τυφλώττει
1503 3270 1750 3334 δελεαζο-

177 3374 340 3444 μένη,
375 3371 476 3441 οὐχ
502 3370 606 3421 ὑπὸ
634 3367 767 3420 Θεοῦ
795 3366 1030 3420 λαϐοῦσα
1061 3367 1160 3438 τὴν
1187 3366 1478 3436 πρόφασιν,
1507 3363 1640 3418 ἀλλὰ
1665 3362 1752 3416 διὰ

177 3462 277 3533 τῆς
303 3461 442 3522 ἰδίας
477 3457 908 3527 κακομηχανίας,
937 3456 1009 3518 ὡς
1039 3456 1267 3518 ἕκαστος
1299 3455 1621 3526 ὀρεγόμενος
1659 3454 1752 3506 ἐπὶ

176 3558 246 3625 τῇ
270 3551 500 3622 ἀπιστίᾳ
525 3551 715 3602 ἑαυτὸν
764 3548 1127 3619 παραδίδωσιν
1168 3547 1476 3618 ὑποχείριον
1509 3547 1747 3600 πάντων.

181 3644 343 3698 Ὅθεν
364 3645 460 3697 καὶ
478 3646 506 3695 6
537 3641 853 3703 Ἀπόστολος
870 3640 1046 3708 λέγει’
1088 3637 1233 3698 Ῥίζα
1255 3638 1496 3691 πάντων
1518 3636 1635 3690 τῶν
1653 3653 1753 3690 κα-

177 3736 536 3804 κῶνέστινὴ
559 3732 931 3803 φιλαργυρία.
953 3729 1158 3785 Καὶδιὰ
1183 3730 1335 3783 τοῦτι
1361 3731 1627 3800 ἐπαρᾶται
1649 3746 1747 3782 κα⁶

179 3831 250 3900 τῇ
281 3823 828 3900 προλήψειθεοποιίας
851 3823 1044 3890 λέγων’
1066 3819 1513 3888 Τὰβρώματατῇ
1532 3821 1750 3886 κοιλίᾳ,

178 3919 281 3973 καὶ
300 3920 338 3986 ἡ
361 3918 563 3972 κοιλία
579 3915 702 3981 τοῖς
716 3913 1052 3983 βρώμασιν.
1082 3913 1145 3966 '0
1169 3911 1236 3965 δὲ
1253 3911 1396 3977 Θεὸς
1410 3911 1508 3965 καὶ
1528 3913 1754 3979 ταύτην

178 4012 279 4064 καὶ
303 4009 490 4063 ταῦτα
515 4006 876 4076 καταργήσει
895 4023 908 4037 ο
931 4004 1280 4076 ἐπαρώμενος
1303 4005 1538 4076 γαστρὸς
1565 4004 1752 4058 ἐπιθυ-

181 4103 350 4173 μίαις.
388 4103 450 4154 ⁸0
478 4100 616 4165 Θεὸς
645 4098 824 4151 τοίνυν
851 4097 958 4152 τοῦ
977 4096 1192 4162 αἰῶνος
1207 4098 1422 4150 τούτου
1455 4097 1755 4165 ἐτύφλωσε

179 4195 254 4247 τὰ
277 4193 542 4262 νοήματα
565 4190 680 4244 τῶν
700 4191 988 4245 ἀπίστων·
1011 4187 1086 4251 ὡς
1116 4187 1209 4240 καὶ
1249 4189 1308 4239 ὲν
1336 4186 1412 4257 τῷ
1441 4187 1754 4257 Εὑαγγελίῳ

178 4284 490 4353 εὑρίσκεται
512 4284 541 4335 6
563 4281 920 4352 γραμματεὺς
937 4277 1148 4349 πρῶτος
1165 4278 1258 4330 καὶ¹
1284 4277 1531 4349 δεύτερος
1551 4278 1724 4346 λέγων
1737 4296 1751 4310 ο

1148 2099 1242 2167 qui
1298 2112 1577 2167 nunquam
1627 2113 1751 2153 esse
1784 2097 2014 2153 desinet.

1922 2185 2104 2240 LXIX.
2140 2185 2310 2252 Quem
2343 2201 2470 2240 vero
2495 2199 2885 2243 commemorat
2911 2190 3226 2262 Apostolus,
3251 2197 3422 2252 ultro-

1852 2296 1956 2349 que
2002 2279 2069 2333 ab
2141 2278 2448 2333 inﬁdelibus
2490 2279 2800 2349 adoptatum
2840 2283 3182 2354 ascitumque
3212 2297 3422 2358 narrat,

1853 2387 1961 2426 non
1997 2386 2163 2425 unum
2193 2370 2360 2425 illuuL
2401 2371 2686 2440 solumque
2715 2373 2898 2426 saeculi
2922 2373 3082 2444 hujus
3109 2392 3230 2432 esse
3253 2378 3422 2435 Deum

1851 2464 1996 2526 dico,
2031 2463 2124 2518 sed
2155 2462 2360 2531 plures,
2393 2463 2592 2532 quibus
2627 2477 2686 2517 se
2713 2463 2956 2520 inﬁdeles
2987 2467 3338 2538 subjecerint,
3369 2480 3424 2528 et

1853 2554 2050 2610 animis
2109 2555 2369 2610 obcaecati
2418 2555 2547 2609 sint.
2613 2553 3079 2620 Quemadmodum
3135 2561 3244 2616 alio
3303 2563 3424 2620 loco

1854 2645 1986 2699 dicit
2014 2664 2025 2698 :
2069 2645 2308 2710 Quorum
2355 2645 2496 2699 Deus
2528 2656 2702 2699 venter
2737 2657 2835 2709 est,
2869 2658 2919 2701 et
2953 2650 3125 2718 gloria
3154 2654 3208 2706 in
3236 2655 3425 2724 confu-

1853 2741 1996 2794 sione
2027 2741 2312 2808 ipsorum’.
2372 2740 2507 2794 Item
2544 2741 2598 2794 in
2630 2739 2922 2810 Evangelia
2952 2745 3214 2802 Dominus
3241 2765 3252 2800 :
3297 2748 3424 2804 Non

1851 2830 2064 2898 potestis
2083 2828 2284 2882 duobus
2308 2828 2534 2882 dominis
2556 2831 2797 2890 servireﬂ
2819 2830 3021 2888 Deinde
3046 2835 3233 2890 multis
3255 2835 3402 2892 inter

1847 2920 2029 2988 jectis,
2062 2927 2117 2973 ut
2150 2919 2368 2990 quinam
2396 2919 2502 2974 duo
2526 2919 2601 2973 illi
2624 2921 2824 2976 domini
2849 2931 3034 2978 essent
3063 2926 3375 2982 ostenderet
3405 2948 3418 2983 :

1854 3009 1978 3062 Non
2040 3011 2278 3077 potestis,
2323 3011 2518 3079 inquit,
2566 3012 2758 3066 servire
2796 3013 2912 3068 Deo‘
2946 3024 2997 3068 et
3052 3020 3420 3076 mammona".

1854 3098 2215 3165 Quamobrem
2255 3107 2309 3154 et
2337 3099 2480 3154 Deus
2510 3115 2635 3156 vere
2667 3100 2808 3157 Deus
2847 3111 2948 3170 est,
2991 3113 3045 3160 et
3084 3114 3423 3165 mammonas

1853 3192 2018 3261 hujus
2052 3191 2240 3246 mundi
2273 3191 2434 3247 Deus.
2489 3191 2624 3246 Nam
2655 3193 2963 3260 amborum,
2996 3195 3100 3252 hoc
3131 3208 3215 3253 est
3247 3215 3422 3256 mam-

1854 3299 2028 3338 monte
2075 3299 2140 3338 ac
2186 3283 2414 3350 ventris,
2447 3283 2699 3339 illecehra
2744 3285 2967 3354 pellecta
3016 3290 3248 3343 maxima
3292 3307 3420 3361 pars

1854 3375 2161 3429 mortalium
2194 3381 2530 3440 excmcatur;
2587 3374 2744 3443 cujus
2774 3375 2992 3444 quidem
3029 3379 3244 3448 culpam
3278 3381 3421 3438 Deus

1854 3463 2077 3517 minime
2119 3464 2374 3526 sustinet,
2414 3463 2509 3518 sed
2552 3465 2760 3533 privato
2806 3466 3021 3521 illorum
3076 3469 3418 3540 improbitas,

1853 3567 1952 3620 pro
1977 3567 2041 3606 eo
2073 3567 2137 3606 ac
2164 3554 2395 3622 quisque
2426 3553 2721 3621 cupiditate
2766 3554 2963 3610 ductus
2995 3573 3089 3626 per
3127 3561 3417 3616 intidclitao

1855 3650 1960 3696 tem
1988 3641 2290 3712 subjectum
2327 3643 2492 3714 690
2517 3659 2577 3700 se
2605 3645 2859 3700 omnibus
2885 3647 3286 3717 obnoxiumque
3314 3659 3422 3706 tra-

1854 3731 2076 3786 diderit.
2111 3731 2250 3787 Ilinc
2273 3734 2406 3787 illud
2423 3735 2666 3804 Apostoli
2693 3735 2932 3791 dictum:
2963 3738 3138 3792 Radix
3161 3743 3422 3798 ntalorum

1856 3824 2087 3878 omnium
2127 3834 2204 3878 est
2233 3827 2461 3880 avaritia
2479 3828 2522 3882 ⁵.
2570 3825 2708 3881 Hinc
2741 3839 3123 3900 prtesumptam
3165 3832 3310 3885 illam
3357 3847 3421 3888 ac

1853 3915 2198 3986 depravatam
2229 3915 2487 3972 falsorum
2519 3917 2745 3973 deorum
2773 3920 3082 3988 opinionem
3107 3933 3424 3979 exsecratur

1855 4006 1940 4061 his
1967 4008 2182 4062 verbis:
2222 4007 2360 4072 Esca
2390 4011 2554 4063 ventri
2595 4021 2645 4063 et
2682 4019 2857 4064 venter
2878 4014 3033 4066 escis.
3067 4013 3210 4068 Deus
3245 4025 3420 4069 autem

1851 4105 1903 4150 et
1925 4097 2060 4150 hunc
2091 4109 2140 4151 et
2168 4099 2294 4152 illas
2322 4098 2606 4154 destruet‘.
2651 4099 2860 4165 Quibus
2890 4103 3071 4158 verbis
3104 4107 3307 4158 ventris
3331 4122 3422 4160 cu-

1855 4188 2112 4257 piditates
2134 4190 2222 4243 ille
2243 4190 2542 4246 detestatus
2563 4201 2664 4246 est.
2694 4192 2833 4246 Deus
2859 4193 3039 4262 itaque
3059 4194 3240 4247 δασυίί
3264 4195 3421 4263 hujus

1853 4281 2134 4333 exca’cavit
2176 4291 2371 4334 mentes
2411 4280 2704 4348 inﬁdelium
2723 4283 2764 4335 '.
2825 4282 2944 4347 Quo
2992 4282 3124 4338 illud
3163 4268 3420 4353 pertinet,

184 4375 227 4428 Τ
230 4377 252 4427 ί
307 4376 567 4442 ποιήσας
611 4371 764 4439 ζωὴν
801 4370 1039 4424 αἰώνιον
1074 4369 1541 4439 κληρονομήσω;
1587 4372 1644 4422 '0
1695 4369 1747 4422 δὲ

1857 4369 1999 4439 quod
2027 4371 2078 4422 in
2105 4369 2392 4440 Evangelia
2417 4371 2664 4442 legimus,
2683 4371 2914 4440 primum
2938 4373 3089 4427 illum
3114 4381 3167 4429 et
3187 4375 3419 4430 alterum

182 4469 290 4538 ἔφη
311 4485 324 4499 ο
369 4460 509 4536 Τίμα
543 4464 652 4518 τὸν
683 4463 909 4531 πατέρα
951 4463 1050 4516 καὶ
1087 4462 1203 4527 τὴν
1234 4460 1463 4530 μητέρα
1504 4459 1654 4514 κατὰ
1685 4460 1749 4512 τὸ

181 4559 604 4628 τετραμμένον.
641 4555 715 4608 Οὐ
761 4555 869 4625 γὰρ
927 4548 994 4624 ἦν
1031 4552 1286 4622 ἀλλότρια
1313 4550 1381 4605 τὰ
1420 4550 1513 4603 τοῦ
1564 4551 1750 4620 νόμου.

191 4649 465 4712 Ὡσαύτως
489 4649 518 4700 6
543 4646 742 4717 Κύριος
770 4645 1009 4698 διδάσκει
1040 4643 1186 4712 ζωῆς
1227 4641 1585 4712 κληρονομίας
1617 4637 1753 4693 εἶναι

177 4741 285 4812 τὴν
339 4737 737 4810 παραφυλὸικὴν
779 4735 874 4788 τοῦ
922 4735 1108 4804 νόμου.
1160 4730 1292 4788 Εἶτά
1347 4749 1510 4803 φησιο
1565 4732 1755 4785 Ταῦτα

180 4833 386 4889 πάντα
429 4831 688 4895 ἐποίησα
733 4830 802 4882 ἐκ
844 4828 1125 4894 νεότητός
1164 4844 1310 4895 μου.
1369 4825 1475 4876 Καὶ
1515 4823 1754 4886 ἀκούσας

178 4928 380 4997 ἐχάρη,
405 4925 488 4977 ἵνα
511 4923 659 4993 δείξῃ
678 4921 776 4983 τὰς
801 4918 1019 4982 ἐντολὰς
1043 4917 1137 4970 τοῦ
1165 4917 1329 4987 νόμου
1353 4916 1451 4968 οὐκ
1473 4913 1754 4983 ἀλλοτρίας

180 5019 285 5088 τῆς
314 5016 475 5069 αὑτοῦ
501 5015 750 5085 Θεότητος
773 5010 1144 5082 ὑπαρχούσας.
1181 5009 1278 5062 Διά
1306 5007 1413 5078 γὰρ
1443 5005 1535 5060 τοῦ
1559 5008 1752 5069 εἰπεῖν,

178 5117 264 5168 δτι
300 5114 491 5183 ἐχάρη,
537 5109 931 5179 συγκατάθεσιν
961 5106 1252 5176 ἐποιήσατο
1288 5102 1533 5165 Παλαιᾶς
1563 5100 1754 5170 ΔιαΘή-

181 5224 287 5276 κης
318 5206 452 5274 πρὸς
483 5204 626 5257 Νέαν
660 5199 953 5272 Διαθήκην.
988 5196 1146 5250 Ἀλλά
1180 5212 1310 5265 φησι
1330 5210 1342 5221 '
1387 5195 1447 5246 Τί
1475 5193 1560 5246 ἔτι
1589 5194 1756 5246 ὑστε-

174 5297 299 5366 ρῶ;
332 5297 440 5350 Καὶ
480 5297 611 5366 ερησὶ
645 5293 781 5364 πρὸς
808 5290 1000 5344 αὐτόν·
1045 5290 1113 5341 Ei
1153 5287 1345 5351 θέλεις
1386 5286 1612 5349 τέλειος
1659 5300 1752 5352 τε-

182 5389 428 5450 νὲσθαι,
471 5386 754 5451 πώλησον
798 5381 870 5434 τὰ
922 5375 1268 5446 ὑπάρχοντά
1314 5393 1441 5438 σοι,
1499 5373 1596 5427 καὶ
1650 5373 1755 5440 δὸς

283 5548 334 5598 ’l
380 5549 495 5600 Cor.
535 5563 570 5610 I,
611 5546 666 5599 5.
741 5545 760 5574 ’
787 5542 998 5612 Philipp

185 5631 264 5686 ιν,
297 5619 356 5672 4.
429 5619 447 5648 ⁸
487 5608 670 5676 Matth.
710 5629 821 5676 xu,
857 5608 1044 5666 Ιϐ-ῖὶυ.
1119 5611 1138 5641 ⁸
1173 5608 1309 5665 ibtd.
1343 5608 1433 5662 20.

553 5709 823 5769 Punct.
853 5706 970 5766 Gn.
1021 5701 1212 5764 XLII.

1859 4462 2067 4515 dixisse
2098 4462 2332 4516 scribam
2358 4482 2370 4516 :
2407 4462 2546 4528 Quid
2568 4463 2810 4531 faciendo
2840 4465 3002 4518 vitam
3030 4475 3279 4520 veternum
3303 4485 3420 4521 con~

1854 4555 2090 4621 sequar?
2142 4551 2381 4615 llonora,
2428 4552 2624 4621 inquit,
2666 4562 2869 4621 patrem
2907 4562 2956 4607 et
3004 4562 3248 4616 matrem,
3287 4555 3424 4609 sicut

1855 4643 2106 4710 scriptum
2147 4644 2280 4697 est”.
2343 4641 2460 4697 Non
2501 4643 2642 4697 enim
2676 4644 2850 4697 aliena
2895 4643 3028 4713 legis
3065 4651 3224 4698 erant
3256 4646 3324 4700 ab
3357 4630 3421 4702 eo

1855 4734 2139 4800 mandata;
2189 4733 2521 4804 perindeque
2561 4733 2821 4788 Dominus
2851 4735 2998 4788 illius
3041 4735 3424 4793 observatione

1856 4826 1975 4880 vitae
1999 4826 2239 4880 caelestis
2263 4824 2630 4880 haereditatem
2661 4825 2892 4880 obtineri
2927 4827 3130 4880 docuit.
3181 4826 3424 4895 Subjccit

1855 4916 1921 4971 ad
1959 4917 2073 4971 haec
2098 4917 2318 4986 juvenis
2347 4915 2511 4970 :llwc
2543 4916 2722 4971 omnia
2752 4918 2949 4971 servavi
2977 4919 3041 4970 ab
3070 4918 3425 4972 adolescentia

1855 5007 2022 5064 mea”.
2059 5007 2178 5073 Quo
2206 5007 2392 5062 audito
2419 5006 2666 5063 Christus
2697 5008 2917 5078 gavisus
2947 5016 3052 5072 est,
3089 5017 3147 5061 ut
3168 5008 3424 5063 ostende-

1855 5109 1936 5155 ret
1969 5115 1998 5152 a
2025 5100 2308 5155 divinitate
2348 5116 2445 5156 sua
2491 5114 2830 5169 nequaquam
2865 5107 3129 5168 praecepta
3167 5100 3298 5168 legis
3326 5099 3422 5154 abs

1857 5193 2097 5246 horrere.
2150 5191 2285 5246 Cum
2329 5192 2470 5247 enim
2521 5191 2741 5262 gavisus
2785 5205 2905 5245 esse
2949 5190 3167 5254 dicitur,
3209 5187 3422 5243 Veteris

1855 5283 2188 5339 Testamenti
2218 5299 2340 5338 cum
2367 5283 2514 5338 Novo
2542 5283 2960 5338 consensionem
2989 5296 3062 5336 ac
3076 5282 3425 5336 concordiam

1857 5374 2107 5428 astruxit.
2134 5374 2369 5429 Instante
2393 5389 2520 5428 vero
2553 5374 2897 5428 adolescente
2955 5381 3029 5440 et,
3091 5372 3230 5440 Quid
3254 5375 3428 5431 adhue

1006 5555 1128 5602 .lll,
1155 5541 1239 5593 19.
1315 5539 1336 5569 ³
1373 5537 1561 5591 Matth.
1596 5553 1668 5601 v1,
1705 5535 1794 5590 2i.
1883 5539 1902 5567 ⁸
1943 5536 2071 5592 ibid.
2114 5537 2172 5591 ⁵1
2205 5537 2343 5592 Tim.
2376 5553 2451 5602 vt,
2483 5537 2566 5591 I0.
2642 5537 2662 5568 ⁸
2691 5537 2707 5591 Ι
2736 5536 2854 5593 Cor.
2898 5555 2971 5600 Vl,
3013 5536 3079 5593 15
3175 5539 3194 5567 ’
3219 5537 3260 5592 II
3288 5533 3424 5595 Cor.

3031 5697 3070 5758 5
