3856 6302
371 274 474 363 139
1742 275 1799 338 s.
1833 268 2185 336 'EPIPHANII
2355 338 2364 348 κ
3529 255 3648 326 uo

371 423 499 478 mihi
537 419 722 474 deest?
763 417 1161 486 interrogante,
1207 408 1473 463 Dominus
1515 394 1826 476 respondit:
1890 403 1948 459 Si

2079 398 2327 468 πτωχοῖς,
2355 397 2453 452 καὶ
2476 395 2624 451 λάϐε
2643 393 2762 464 ξτόν
2781 391 3044 462 σταυρόν
3078 393 3195 446 ὀνου
3214 407 3228 423 ·
3260 391 3356 446 καὶ
3383 391 3649 446 ἀκολού-

370 516 448 571 ris
473 513 733 583 perfectus
754 524 888 573 esse,
909 481 1069 562 vende
1087 518 1206 575 qua:
1231 501 1412 565 habes,
1434 508 1482 554 et
1513 499 1584 553 da
1610 497 1948 568 pauperibus,

2079 497 2140 546 let
2164 509 2295 562 μοι·
2347 491 2443 544 καὶ
2484 489 2643 554 ἔξεις
2680 485 2990 555 θησαυρὸν
3037 485 3106 537 ἐν
3149 481 3402 552 οὐρανῷ.
3453 483 3516 535 ’0
3569 481 3648 535 δὲ

368 619 418 663 et
451 620 598 661 sume
637 616 843 656 crucem
887 607 1069 662 tuam,
1126 605 1174 651 et
1220 609 1430 664 sequere
1471 607 1588 654 me;
1634 600 1683 644 et
1741 589 1953 643 habebis

2079 582 2290 651 ίπῆιιθε
2319 581 2730 649 λυπούμενοςο
2767 574 2848 646 ἦν
2886 577 2997 644 τὰρ
3037 575 3333 638 πλούσιος
3375 573 3641 641 σφόδρα.

372 662 678 752 thesaurum
719 693 774 746 in
807 690 959 746 calo.
1014 690 1084 742 At
1114 687 1203 742 ille
1237 662 1407 740 tristis
1449 684 1616 744 abiit;
1661 689 1775 736 erat
1812 682 1950 734 enim

2079 672 2186 728 Εἶτα
2207 675 2246 726 ’ὁ
2286 672 2490 743 Κύριος
2538 669 2640 739 ἔφη
2665 683 2677 696 ·
2711 665 3142 733 Εὐκοπώτερον
3181 664 3312 717 ἐστι
3360 662 3650 730 κάμηλον

371 788 662 844 admodum
693 784 834 840 dives
860 783 898 836 ¹.
945 780 1060 835 Sub
1095 781 1208 833 haec
1238 779 1535 832 Dominus:
1578 775 1817 828 Facilius
1853 783 1951 834 est,

2079 767 2153 820 >‘u‘e
2190 761 2516 834 τρυμαλιᾶς
2530 759 2788 831 pago/80c
2815 757 3142 821 εἰσελθεῖν,
3170 756 3208 825 ἢ
3242 755 3546 808 πλούσιον
3573 753 3650 806 ἐν

372 880 571 952 inquit,
621 876 881 930 camelum
929 888 1024 942 per
1070 871 1307 940 foramen
1353 884 1478 922 acus
1523 865 1748 937 ingredi,
1797 879 1954 934 quam

2079 857 2131 925 τῇ
2151 851 2438 924 βασιλείᾳ
2464 853 2582 908 τῶν
2604 852 2892 921 οὐρανῶν.

370 975 586 1028 divitem
615 971 670 1024 in
704 983 918 1038 regnum
948 962 1258 1018 cwlorum’.

444 1064 568 1120 Ideo
606 1063 752 1118 enim
787 1056 998 1129 ingredi
1040 1066 1341 1126 nequeunt,
1378 1051 1522 1123 quod
1563 1065 1593 1104 a
1635 1050 1737 1104 deo
1771 1050 1956 1110 saeculi

375 1158 541 1228 hujus
573 1152 833 1209 obcaecati
866 1149 1092 1211 fuerint,
1117 1154 1170 1202 et
1195 1159 1560 1199 mammonam
1593 1155 1692 1212 pro
1725 1140 1830 1195 Deo
1864 1140 1958 1193 ha-

377 1254 504 1304 bere
536 1244 894 1308 instituerint,
938 1257 1002 1294 ac
1035 1255 1094 1295 se
1121 1238 1358 1307 denique
1390 1235 1573 1290 saeculi
1607 1235 1708 1289 deo
1739 1240 1957 1302 sponte,

379 1344 482 1397 hoc
515 1349 600 1396 est
632 1336 894 1401 avaritiae,
923 1331 1280 1402 subjeCerint.
1325 1327 1405 1382 Ad
1435 1327 1578 1398 quod
1612 1327 1741 1380 illud
1779 1323 1962 1378 Salva-

381 1412 516 1489 toris
551 1437 795 1503 spectat:
861 1424 1122 1481 Attendite
1160 1441 1191 1475 a
1249 1421 1502 1490 fermento
1541 1418 1958 1478 Pharisworum,

380 1523 517 1583 quod
542 1530 617 1578 est
646 1517 990 1591 hypocrisis’.
1061 1513 1180 1568 Alio
1227 1528 1351 1567 vero
1383 1511 1521 1572 loco,
1561 1509 1698 1579 quod
1728 1517 1806 1562 est
1838 1523 1963 1560 ava-

381 1618 530 1670 ritia.
551 1612 721 1682 Cujus
751 1621 807 1666 ut
838 1609 1074 1663 fructum
1106 1619 1352 1676 opusque
1380 1600 1734 1672 significaret,
1772 1598 1959 1664 Duces,

384 1708 596 1776 inquit,
645 1703 771 1758 circi
815 1710 959 1755 sunt.
1008 1696 1190 1752 Caecus
1239 1705 1411 1747 autem
1455 1708 1646 1746 caecum
1692 1691 1738 1745 si
1777 1689 1959 1752 ducat,

2129 1033 2202 1086 Οὺ
2251 1031 2472 1084 δύναται
2512 1027 2621 1099 γὰρ
2652 1026 2945 1091 εἰσελθεῖν,
2974 1026 3053 1078 δτι
3097 1021 3486 1094 ἐτυφλώθησαν
3534 1021 3652 1073 ὑπὸ

2058 1125 2151 1179 τοῦ
2215 1123 2336 1177 θεοῦ
2389 1121 2481 1175 τοῦ
2527 1121 2742 1184 αἰῶνος,
2788 1117 3127 1190 ἡγησάμενοι
3181 1115 3274 1168 τὸν
3325 1114 3653 1185 μαμμωνᾶν

2061 1217 2267 1272 ἑαυτῶν
2299 1215 2459 1277 Θεὸν,
2501 1214 2594 1267 καὶ
2637 1213 2863 1274 ἑαυτοὺς
2897 1209 3240 1280 ὑποχειρίους
3278 1204 3652 1275 πεποιηκότες

2060 1308 2139 1378 τῷ
2179 1305 2285 1376 θεῷ
2311 1302 2404 1358 τοῦ
2431 1302 2627 1365 αἰῶνος
2658 1302 2868 1363 τούτου,
2899 1298 3145 1351 τουτέστι
3177 1298 3242 1365 τῇ
3271 1293 3609 1365 φιλαργυρίᾳ
3631 1307 3649 1322 ο

2063 1387 2348 1467 ικλέγεν
2403 1397 2734 1464 Προσέχετε
2783 1392 2900 1447 ἀπὸ
2941 1390 3053 1458 τῆς
3093 1389 3274 1466 (dum:
3317 1387 3427 1457 τῆς
3461 1389 3651 1453 Φαρι-

2063 1491 2282 1552 σαίων,
2313 1489 2445 1557 ἣτις
2478 1488 2645 1542 ἐστὶν
2677 1487 2995 1554 ὑπόκρισις
3015 1501 3027 1514 ο
3057 1483 3150 1537 καὶ
3183 1483 3240 1535 ἐν
3278 1480 3420 1550 ἄλλῳ
3450 1479 3612 1548 τόπῳ
3633 1494 3649 1508 ο

2066 1585 2198 1652 ἣτις
2245 1581 2376 1635 ἐστὶ
2419 1578 2796 1650 φιλαργυρία.
2842 1577 2951 1629 Καὶ
2993 1576 3080 1628 ἵνα
3135 1572 3282 1646 δείξῃ
3331 1571 3537 1642 ταύτης
3589 1570 3656 1622 τὸ

2065 1675 2411 1746 ἀποτέλεσμα
2446 1672 2539 1726 καὶ
2576 1671 2636 1724 τὸ
2672 1670 2851 1741 ἔργον,
2881 1667 3060 1736 λέγει’
3113 1664 3350 1735 Ὀδηγνοί
3380 1666 3499 1717 εισι
3545 1677 3656 1716 τυ-

387 1753 540 1854 σηξίιο
575 1796 628 1850 in
673 1793 876 1862 foveam
909 1787 1095 1845 cadent
1116 1787 1155 1839 ³.
1208 1783 1362 1852 Quod
1411 1782 1660 1838 videlicet
1701 1796 1800 1836 sua
1843 1781 1964 1836 illos

2079 1768 2230 1835 ρλοί.
2266 1761 2500 1835 Τυφλύς
2533 1762 2602 1816 δὲ
2637 1760 2870 1830 τυφλὸν
2904 1753 3169 1827 ὁδηγῶν,
3194 1756 3525 1826 ἀμφότεροι
3559 1757 3660 1820 εις

385 1888 676 1946 excaecarit
707 1885 956 1948 avaritia,
987 1881 1080 1952 qui
1111 1886 1195 1935 est
1231 1877 1393 1947 hujus
1428 1874 1611 1930 saeculi
1650 1876 1786 1929 deus
1809 1914 1823 1935 ,
1868 1887 1965 1927 ne-

387 1999 495 2056 que
525 1981 596 2037 ob
628 1993 748 2036 eam
785 1976 1085 2032 caecitatem
1120 1971 1174 2026 in
1220 1984 1411 2026 eorum
1445 1966 1702 2021 cordibus
1737 1979 1967 2034 evange-

389 2054 531 2128 licus
556 2070 648 2125 llle
673 2065 930 2139 splendor
954 2061 1210 2117 illuxerit.
1239 2059 1415 2127 Atque
1439 2057 1553 2110 haec
1581 2056 1697 2125 ipsa
1726 2054 1969 2124 pecuniae

393 2161 670 2232 cupiditas
727 2174 834 2212 non
868 2154 1028 2209 modo
1051 2149 1244 2206 ludam
1275 2149 1588 2212 excaecavit,
1615 2145 1710 2201 sed
1739 2154 1791 2199 et
1821 2143 1966 2197 Ana-

393 2257 498 2310 niae
528 2266 717 2308 necem
747 2247 950 2309 attulit,
981 2254 1034 2300 et
1066 2244 1352 2313 plerosque
1379 2240 1517 2293 alios
1549 2237 1831 2293 exstinxit.
1871 2235 1970 2289 Hic

395 2355 501 2408 est,
533 2344 778 2411 inquam,
813 2339 976 2406 hujus
1005 2335 1191 2390 surculi
1234 2333 1390 2396 deus,
1412 2345 1572 2400 quem
1607 2343 1706 2399 pro
1741 2327 1846 2382 Deo
1866 2327 1970 2383 sibi

396 2436 720 2504 ad0ptantes
742 2430 1014 2492 homines,
1039 2441 1160 2482 cum
1184 2424 1232 2478 ei
1258 2419 1580 2477 honorando
1604 2418 1969 2480 studuissent,

396 2529 691 2584 Dominum
723 2527 1205 2590 contempserunt:
1241 2516 1388 2587 quod
1419 2515 1504 2568 his
1536 2513 1651 2582 ipse
1681 2510 1862 2567 verbis
1892 2510 1974 2563 in-

397 2618 574 2672 dicat:
616 2611 789 2667 Unum
817 2608 1177 2676 amplectetur,
1214 2605 1438 2658 alterum
1463 2610 1775 2656 contemnet.
1809 2599 1970 2671 691

402 2709 525 2764 Non
573 2705 788 2777 potestis
833 2701 938 2756 Deo
987 2699 1179 2755 servire
1216 2705 1264 2751 et
1313 2695 1687 2749 mammonw'.
1739 2690 1976 2747 Videsne

399 2813 564 2869 quam
622 2796 826 2850 diserte
878 2789 1272 2859 perspicueque
1329 2800 1418 2840 res
1477 2791 1591 2839 tota
1634 2783 1978 2838 declaretur?

399 2891 532 2946 Nam
555 2886 739 2943 nullus
762 2884 898 2939 alter
921 2883 1062 2936 Deus
1083 2886 1186 2945 est,
1211 2894 1312 2933 nec
1337 2877 1391 2931 in
1414 2879 1578 2940 coelo,
1605 2889 1704 2931 nec
1729 2877 1783 2929 in
1806 2884 1975 2941 terra,

2061 1858 2334 1922 βόθυνον
2357 1853 2781 1925 ἐμπεσοῦνται.
2824 1850 3041 1921 Ἐπειδὴ
3074 1847 3183 1920 γὰρ
3215 1845 3522 1916 ἐτύφλωσεν
3551 1846 3658 1897 αὐ-

2067 1949 2193 2012 τοὺς
2234 1948 2267 2016 ἡ
2302 1945 2657 2016 φιλαργυρία,
2705 1945 2734 1996 ὁ
2765 1941 2886 2006 Θεὸς
2916 1940 3026 2011 τοῦι
3058 1939 3252 2002 αἰῶνος
3293 1937 3504 2001 τούτου,
3553 1935 3658 1989 καὶ

2069 2039 2130 2090 οὐ
2173 2036 2522 2107 κατηύγασεν
2560 2037 2588 2087 ὁ
2621 2032 2897 2104 φωτισμὸς
2926 2031 3020 2084 τοῦ
3063 2028 3392 2097 Εύαγγελίου
3423 2029 3480 2081 ἐν
3528 2030 3659 2090 ταῖς

2071 2129 2319 2201 καρδίαις
2352 2127 2531 2182 αὐτῶν
2552 2167 2565 2191 ,
2601 2126 2688 2180 διά
2718 2126 2778 2179 τὸ
2821 2123 3194 2193 τετυφλῶσθαι
3223 2122 3351 2193 περὶ
3393 2121 3492 2192 τὴν
3525 2121 3658 2190 φιλε-

2071 2220 2358 2292 αργυρίαν.
2404 2216 2551 2287 Αὕτη
2593 2216 2702 2287 γὰρ
2730 2217 2820 2269 τὸν
2873 2214 3072 2269 Ἰούδαν
3112 2212 3449 2282 ἐτύφλωσεν·
3509 2210 3658 2282 αὕτη

2074 2309 2168 2362 καὶ
2217 2310 2342 2372 τοὺς
2377 2308 2504 2378 περ)¹
2554 2306 2801 2360 Ἀνανίαν
2847 2305 3199 2358 ἀπέκτεινεν·
3243 2302 3381 2374 αὕτη
3424 2302 3660 2365 πολλοὺς

2075 2401 2377 2471 ἡφάνησεν.
2421 2391 2590 2462 Οὗτός
2631 2401 2778 2452 ἐστιν
2815 2399 2842 2451 ὁ
2885 2397 3007 2460 θεὸς
3043 2395 3137 2449 τοῦ
3185 2394 3404 2462 αἰῶνος,
3423 2394 3658 2448 τούτου·

2074 2494 2132 2548 ὃν
2177 2494 2538 2565 αἱρησάμενοι
2581 2490 2714 2544 Θεὸν
2760 2491 2808 2543 οί
2859 2488 3134 2562 ἄνθρωποι
3185 2487 3511 2540 ἐπελάϐοντο
3557 2487 3664 2558 τῆς

2077 2587 2211 2659 πρὸς
2247 2586 2409 2639 αὑτὸν
2438 2584 2625 2655 τιμῆς,
2653 2583 2747 2637 καὶ⁵
2776 2579 3186 2653 κατεφρόνησαν
3209 2578 3304 2633 τοῦ
3326 2578 3557 2650 Κυρίου,
3579 2579 3664 2640 ὡς

2075 2677 2256 2746 λέγει’
2305 2674 2414 2729 Τοῦ
2457 2675 2571 2744 μὲν
2602 2673 2740 2739 ἐνὸς
2787 2671 3128 2736 ἀνθέξεται,
3177 2669 3284 2724 τοῦ
3331 2671 3401 2723 δὲ
3449 2669 3665 2738 ἐτέρου

2077 2767 2539 2838 καταφρονήσει.
2585 2767 2668 2819 Οὐ
2709 2765 2976 2818 δύνασθε
3009 2762 3131 2828 Θεῷ
3169 2761 3512 2828 δουλεύειν,
3559 2760 3666 2815 καὶ

2072 2857 2384 2931 μαμμωνᾷ.
2424 2857 2532 2913 Καὶ
2571 2858 2702 2928 ὁρᾷς
2743 2853 2920 2928 ῥητῶς
2959 2856 3052 2909 καὶ
3093 2855 3279 2924 σαφῶς
3329 2855 3387 2907 τὸ
3425 2856 3667 2926 πρᾶγμα

401 2992 502 3034 nec
541 2975 667 3032 ullis
699 2972 820 3027 aliis
867 2972 924 3025 in
959 2971 1114 3031 locis,
1164 2976 1361 3037 praeter
1401 2983 1568 3022 unum
1618 2966 1858 3028 Patrem,
1911 2980 1971 3020 ex

2079 2949 2544 3024 ἑρμηνευόμενον;
2608 2946 2796 3010 Οὐδεὶς
2847 2946 2955 3016 γὰρ
3002 2945 3080 2998 Evr.
3127 2944 3314 3016 ἕτερος
3361 2943 3512 3008 Θεὸς,
3559 2946 3668 3000 οὐκ

402 3084 510 3137 quo
560 3066 780 3129 omnia;
835 3070 890 3118 et
934 3076 1100 3115 unum
1154 3060 1440 3114 Dominum
1494 3067 1745 3115 nostrum
1789 3055 1971 3111 Iesum

2080 3047 2137 3098 ἐν
2165 3043 2399 3115 οὐρανῷ,
2428 3041 2526 3094 οὐκ
2555 3041 2613 3093 ἐν
2641 3041 2706 3110 τῇ
2739 3041 2832 3109 γῇ,
2859 3039 2958 3091 οὐκ
2996 3039 3054 3090 ἐν
3081 3039 3217 3091 πᾶσι
3256 3037 3494 3108 χωρίοις,
3523 3036 3668 3091 ἀλλὰ

403 3159 706 3219 Christum,
735 3169 828 3223 per
855 3167 1014 3222 quem
1041 3151 1254 3215 omnia;
1280 3157 1334 3204 et
1363 3165 1530 3202 unum
1554 3147 1818 3217 Spiritum
1849 3161 1971 3201 san-

2080 3131 2158 3200 εῖς
2189 3135 2400 3207 Πατὴρ,
2431 3133 2489 3197 ἐξ
2518 3127 2577 3186 οὗ
2606 3131 2674 3184 τὰ
2704 3131 2911 3192 πάντα,
2956 3130 3048 3182 καὶ
3090 3123 3169 3192 εἷς
3201 3129 3405 3201 Κύριος
3453 3130 3668 3200 Ἰησοῦς

405 3258 575 3314 ctum,
607 3248 662 3301 in
693 3259 803 3315 quo
832 3241 1016 3296 omnia
1045 3258 1060 3308 ;
1100 3255 1222 3312 qua:
1247 3248 1332 3295 cst
1352 3241 1681 3309 sempiterna
1714 3236 1979 3305 Trinitas,

404 3351 460 3399 ot
493 3356 600 3397 una
637 3336 916 3408 divinitas,
938 3334 1024 3389 cui
1047 3347 1146 3388 nec
1173 3333 1432 3388 accedere
1465 3331 1744 3402 quidpiam
1778 3337 1979 3400 potest,

407 3449 509 3492 nec
529 3429 814 3489 decedere.

479 3607 645 3666 LXX.
683 3605 789 3664 Sed
821 3605 932 3676 jam
965 3603 1032 3659 ad
1073 3602 1178 3656 alia
1209 3608 1576 3662 transeamus,
1620 3607 1782 3668 atque
1819 3595 1985 3664 hujus

411 3703 619 3766 bestiae,
649 3707 703 3756 et
729 3696 964 3763 inimici,
985 3704 1147 3766 atque
1173 3691 1499 3749 insecutoris
1523 3690 1748 3760 laqueos
1779 3689 1984 3744 discer-

413 3807 626 3863 pamus,
657 3805 690 3846 ο
713 3786 1023 3845 charissimi
1051 3788 1065 3840 i
1110 3784 1246 3838 adeo
1280 3792 1338 3837 ut
1375 3797 1497 3853 qua
1521 3783 1590 3837 ab
1619 3782 1711 3836 illo
1739 3779 1987 3834 affectata

412 3881 706 3937 verborum
753 3875 993 3931 novitate
1025 3873 1303 3942 disputata
1333 3879 1462 3925 sunt
1490 3869 1557 3924 ad
1588 3869 1833 3925 veritatis
1867 3883 1986 3923 ser-

415 3985 632 4026 monem
643 3967 1064 4027 transferamus,
1080 3964 1134 4018 in
1153 3977 1338 4018 eorum
1358 3961 1610 4032 gratiam,
1633 3959 1726 4030 qui
1741 3959 1988 4015 veritatis

415 4061 813 4135 cognoscenda:
835 4059 1107 4114 desiderio
1131 4063 1404 4116 tenentur,
1435 4062 1595 4122 atque
1615 4051 1684 4106 ab
1700 4050 1864 4121 impia
1879 4051 1990 4104 hzu-

415 4168 610 4210 reseon
642 4153 886 4207 omnium
929 4148 1175 4205 doctrina
1221 4146 1462 4202 animum
1499 4150 1742 4199 avertere
1776 4141 1987 4195 volunt.

2085 3226 2338 3300 Χριστὸς,
2371 3224 2437 3279 δι’
2465 3217 2524 3278 οὗ
2554 3222 2623 3277 τά
2651 3222 2861 3286 πάντα,
2898 3222 2991 3275 καὶ
3027 3220 3086 3274 ἓν
3117 3221 3338 3292 Πνεῦμα
3369 3221 3430 3274 τὸ
3481 3221 3668 3288 ἆγιον,

2085 3321 2142 3372 ἐν
2164 3311 2208 3387 ᾧ
2235 3318 2303 3372 τὰ
2335 3317 2532 3372 πάντα’
2563 3315 2651 3370 ἀεὶ
2676 3309 2812 3369 οὖσα
2848 3312 3094 3385 ἠΤριὰς,
3134 3313 3232 3384 μία
3265 3315 3297 3383 ἡ
3329 3313 3538 3384 θεότης.
3571 3316 3672 3367 καὶ

2090 3410 2356 3481 μηδέποτε
2407 3405 2725 3477 προσθήκην
2764 3404 3148 3476 λαμϐάνουσα,
3203 3403 3327 3458 οὔτε
3375 3405 3672 3477 ἀφαίρεσιν

2087 3501 2428 3573 ἐνδεχομένη.

2159 3594 2235 3647 0'.
2268 3594 2464 3664 Ἴωμεν
2487 3591 2542 3644 δέ
2569 3592 2654 3661 ἐφ’
2683 3590 2846 3663 ἕτερα
2879 3590 3062 3655 πάλιν,
3108 3589 3200 3645 καὶ
3227 3589 3293 3642 τά
3316 3589 3505 3643 δίκτυα
3536 3590 3670 3642 τού-

2088 3701 2180 3738 του
2207 3682 2300 3736 τοῦ
2333 3683 2498 3753 θηρὸς
2541 3681 2633 3735 καὶ
2662 3681 2856 3752 ἐχθροῦ
2900 3681 2993 3734 καὶ
3026 3679 3309 3752 ἐκδικητοῦ
3353 3681 3674 3733 διασπασώο

2093 3775 2252 3848 μεθα,
2277 3774 2571 3844 ἀγαπητοὶ,
2600 3774 2691 3827 ἐπὶ
2722 3773 2820 3845 τὴν
2845 3772 3046 3844 φράσιν
3080 3773 3178 3842 τῆς
3204 3771 3458 3842 ἀληθείας
3479 3771 3548 3825 τὰ
3575 3773 3673 3826 ὑπ’

2091 3866 2256 3922 αὑτοῦ
2293 3865 2746 3936 ξενολεκτούμενα
2785 3864 3040 3936 φέροντες
3073 3867 3184 3928 τοῖς
3219 3863 3563 3936 βουλομένοις
3600 3867 3675 3918 τά

2090 3959 2190 4030 τῆς
2223 3958 2478 4030 ἀληθείας
2499 3955 2856 4027 καταμαθεῖν,
2884 3956 2977 4010 καὶ
3004 3954 3405 4027 ἀποτρέπεσθαι
3431 3955 3525 4009 τὸν
3543 3957 3674 4009 νοῦν

2091 4052 2200 4106 ἀπὸ
2246 4048 2732 4110 κακοδιδασκαλίας
2767 4046 2946 4118 πάσης
2982 4046 3266 4118 αἱρέσεως.
3333 4045 3675 4117 Ἐπιλαμδά-

2092 4163 2242 4198 νεται
2261 4143 2368 4213 γάρ
2392 4142 2484 4195 τοῦ
2514 4141 2676 4212 νόμου
2707 4139 2867 4193 πάλιν
2890 4139 2984 4193 καὶ
3005 4139 3111 4193 τῶν
3137 4139 3450 4212 προφητῶν,
3477 4140 3677 4211 ἐχθρὸς

415 4246 597 4318 Pergit
622 4243 788 4316 igitur
817 4243 991 4314 legem
1016 4256 1078 4295 ac
1104 4239 1395 4311 prophetas
1426 4235 1798 4307 perstringens
1829 4235 1971 4287 homt

2093 4235 2167 4288 ὢν
2199 4236 2297 4306 τῆς
2342 4231 2600 4303 ἀληθείας
2641 4231 2735 4285 καὶ
2775 4231 2868 4284 τοῦ
2901 4230 3058 4299 ἁγίου
3107 4230 3454 4301 Πνεύματος,
3485 4230 3581 4284 τοῦ
3615 4233 3677 4284 ἐν

415 4348 525 4392 tam
555 4335 824 4400 veritatis,
850 4349 1012 4406 quam
1049 4329 1293 4402 Spiritus
1328 4327 1527 4392 sancti,
1565 4326 1660 4396 qui
1689 4325 1745 4379 in
1780 4324 1898 4394 lege
1929 4337 1971 4375 at

2094 4327 2243 4398 νόμῳ
2273 4327 2367 4380 καὶ
2401 4327 2458 4379 ἐν
2485 4325 2796 4394 προφήταις
2825 4321 3202 4394 λελαληκότος.
3239 4323 3347 4377 Καί
3372 4340 3538 4394 φησι,
3571 4341 3675 4393 χαι

418 4425 696 4498 prophetis
743 4426 957 4479 locutus
1005 4431 1110 4486 est,
1163 4421 1451 4484 inimicus;
1515 4426 1680 4487 atque
1729 4416 1971 4470 adversus

2095 4421 2263 4482 λάσας
2289 4417 2558 4487 γλῶσσαν,
2584 4415 2660 4479 ὡς
2684 4416 2778 4469 καὶ
2805 4415 2914 4477 ἀεὶ,
2946 4415 3085 4467 κατά
3109 4413 3202 4467 τοῦ
3231 4414 3366 4467 Θεοῦ
3392 4415 3482 4468 τοῦ
3510 4417 3674 4487 ποιὴ-

417 4490 662 4574 omnium
694 4515 1032 4570 conditorem
1060 4515 1250 4578 Deum,
1275 4514 1369 4582 qui
1401 4513 1454 4566 in
1481 4513 1598 4581 lege
1621 4525 1683 4564 ac
1714 4509 1971 4579 prophetis

2099 4526 2290 4572 σαντος
2327 4509 2398 4561 τά
2445 4508 2654 4572 πάντα,
2696 4507 3029 4578 λαλήσαντός
3072 4522 3130 4558 τε
3183 4508 3240 4560 ἐν
3289 4508 3437 4580 νόμῳ
3480 4507 3574 4562 καὶ
3617 4512 3677 4564 ἐν

419 4614 636 4666 locutus
664 4618 768 4671 est,
798 4606 1156 4673 eamdemque
1183 4604 1396 4658 Domini
1428 4603 1605 4658 nostri
1628 4601 1754 4656 Jesu
1787 4601 1971 4657 Christ

2097 4601 2438 4672 προφήταις,
2482 4597 2696 4668 Πατρὸς
2729 4597 2882 4661 ὄντος
2923 4596 3017 4651 τοῦ
3053 4597 3257 4669 Κυρίου
3301 4599 3454 4670 ὑμῶν
3499 4601 3677 4670 Ἰησοῦ

418 4703 661 4763 Patrem,
706 4715 772 4754 ea:
800 4700 900 4770 qdo
928 4699 1097 4753 omnis
1130 4697 1420 4764 paternitas
1445 4697 1499 4750 in
1538 4695 1665 4750 calo
1695 4703 1742 4748 et
1770 4694 1824 4747 in
1852 4703 1971 4747 tem

2097 4690 2333 4762 Χριστοῦ
2355 4731 2369 4756 ,
2401 4689 2470 4754 ἐξ
2508 4685 2580 4746 οὗ
2612 4689 2781 4744 πᾶσα
2822 4690 3038 4759 πατριὰ
3079 4691 3148 4745 ἐν
3175 4690 3409 4759 οὐρανῷ
3449 4692 3546 4747 κιεέ
3577 4695 3681 4748 ἐπὶ

419 4794 727 4848 nominatur
743 4791 786 4855 ⁸,
817 4791 1000 4844 laxata
1029 4787 1302 4843 effrenata:
1322 4789 1518 4860 linguae
1547 4787 1846 4858 petulantia
1877 4801 1971 4841 om

2097 4785 2212 4856 γῆς
2235 4782 2595 4854 ὀνομάζεταισ
2623 4781 2716 4837 καί
2739 4800 2904 4854 φησιν
2921 4800 2936 4814 ο
2968 4783 3060 4848 Ἐξ
3087 4783 3250 4837 αὐτοῦ
3275 4783 3559 4855 ἐπιθυμία,
3585 4787 3683 4840 καὶ

420 4887 508 4942 nis
541 4884 692 4938 illmn
717 4881 1032 4953 cupiditatis
1058 4888 1357 4943 auctorem,
1385 4894 1449 4934 ac
1473 4878 1725 4941 caedium,
1759 4877 1971 4946 reliquo

2097 4879 2158 4944 ἐξ
2196 4876 2361 4931 αὐτοῦ
2408 4876 2576 4946 φόνοι,
2625 4875 2718 4930 καὶ
2755 4875 2823 4929 τὰ
2862 4874 2998 4928 ἄλλα
3030 4875 3227 4929 πάντα.
3277 4876 3683 4947 Παρεκελεύετο

421 4989 653 5045 rumque
689 4972 994 5028 facinorum
1029 4971 1308 5026 exstitisse
1337 4970 1529 5036 docet;
1576 4969 1778 5039 quippe
1819 4969 1911 5039 qui
1939 4984 1970 5023 e

2100 4971 2209 5041 γὰρ
2256 4969 2351 5023 καὶ
2390 4967 2578 5038 ἱμάτια
2610 4964 2930 5037 ἀφαρπάξαι
2963 4964 3070 5018 τῶν
3116 4966 3457 5034 Αἰγυπτίων,
3491 4967 3683 5034 θυσίας

421 5077 602 5123 vestes
623 5063 896 5137 Egyptiis
929 5063 1142 5134 eripere
1170 5062 1458 5133 jusserit',
1485 5069 1541 5117 et
1571 5077 1696 5116 cum
1727 5061 1971 5116 sacriﬁci:

2101 5064 2157 5117 δὲ
2184 5059 2332 5131 σύτῷ
2360 5057 2762 5132 προσφέρεσθαι
2781 5097 2795 5120 ,
2827 5057 2920 5110 καὶ
2943 5057 3011 5111 τὰ
3045 5057 3191 5112 ἄλλα
3208 5059 3382 5112 πάντα
3413 5060 3511 5113 ὅσα
3535 5078 3677 5132 παρ»

426 5160 643 5214 sibimet
659 5158 880 5223 offerre,
906 5165 1016 5210 tum
1035 5171 1374 5226 quaecunque
1398 5155 1503 5208 alia
1528 5154 1660 5224 legis
1678 5153 1971 5224 praescripti

2105 5157 2215 5226 ἐχει
2266 5153 2443 5224 νόμος.
2480 5151 2728 5204 Φονεύειν
2776 5151 2834 5204 δὲ
2869 5150 2961 5203 τὸν
2999 5150 3311 5219 φονεύοντα,
3358 5151 3432 5216 ὡς
3486 5154 3684 5223 μηκέτι

426 5252 776 5305 mandantur.
829 5249 973 5317 Quin
1005 5257 1058 5305 et
1095 5247 1423 5303 homicidam
1459 5246 1788 5312 interficere,
1823 5261 1971 5315 neque

2105 5247 2391 5320 ἀρκεῖσθαι
2421 5243 2500 5316 τῷ
2534 5243 2733 5315 πρώτῳ
2771 5242 2937 5312 φόνῳ,
2962 5242 3096 5297 ἀλλά
3125 5244 3219 5297 καὶ
3243 5243 3496 5314 δεύτερον
3521 5245 3688 5314 ἐργά-

428 5343 597 5411 priori
637 5342 786 5397 caede
835 5349 1123 5398 contentos
1155 5343 1405 5403 alteram,
1449 5338 1604 5410 quasi
1645 5339 1711 5393 ad
1762 5339 1971 5409 prioren

2108 5337 2316 5404 ζεσθαι,
2354 5335 2515 5407 δῆθεν
2544 5335 2884 5398 ἐκδικοῦντος
2912 5335 3076 5389 αὑτοῦ
3114 5336 3204 5388 τὸν
3243 5337 3459 5406 πρῶτον
3503 5338 3685 5406 φόνον,

429 5433 850 5498 vindicandam,
904 5444 1238 5506 perpetrare.
1295 5432 1436 5486 Tum
1480 5448 1610 5487 vero
1664 5432 1969 5502 cupiditate

2109 5427 2395 5501 ἐμϐάλλειν
2422 5444 2480 5480 τε
2509 5425 2804 5497 ἐπιθυμίας
2830 5429 2908 5489 εἰς
2948 5424 3047 5488 τὰς
3072 5425 3307 5490 διανοίας
3343 5426 3450 5479 τῶν
3477 5424 3689 5497 ἀνθρώ⁴

500 5635 518 5667 ⁸
561 5631 750 5687 Matth.
795 5648 904 5694 xix,
944 5630 1143 5694 Ἠλὶ.
1223 5630 1392 5685 ’ibid.
1434 5631 1523 5684 21.
1603 5631 1622 5661 ³
1649 5629 1776 5682 Luc.
1815 5629 1971 5693 xn,l.

434 5705 658 5762 ’Exod.
714 5718 789 5765 xi,
843 5703 901 5754 2.

2113 5627 2304 5681 Matth.
2338 5641 2426 5690 xv,
2472 5627 2554 5680 14.
2621 5625 2657 5668 ι’
2692 5623 2884 5680 Matth.
2931 5642 3003 5690 vt,
3028 5625 3118 5681 24.
3199 5627 3440 5698 ‘Ephes.
3472 5643 3553 5687 ut.
3598 5627 3683 5682 15.
