3850 6204
189 252 281 317 Ml

922 250 1290 326 novansus
1326 249 1675 323 ’nEnEsss
1707 259 1837 317 LIB.
1878 261 1944 316 ιι.
1985 260 2149 319 ron.
2193 259 2347 318 n.—
2385 261 2662 320 imzass.
2699 264 2884 326 LXVI.

3347 263 3453 329 ut

186 393 316 441 πων,
340 378 434 432 καὶ
457 377 811 451 διηγούμενος
830 387 1104 452 γυναικῶν
1123 388 1139 420 ³
1172 388 1266 442 καὶ
1293 388 1401 442 τῶν
1422 386 1595 442 ἄλλων
1623 383 1760 456 πρα-

1869 377 2152 437 hominum
2181 382 2379 438 animis
2410 381 2612 452 injicit,
2649 396 2713 440 ac
2747 383 2833 445 de.
2855 385 3184 442 mulieribus
3209 389 3451 444 caeteris-

181 469 423 542 γμὰτων.
441 470 756 542 Ἐχεθὺμως
778 465 858 537 δέ,
883 477 1070 546 φησὶν,
1087 476 1244 547 ὀλίγα
1261 475 1388 548 περὶ
1411 475 1505 530 τοῦ
1527 472 1766 547 Χριστοῦ

182 564 606 635 προεφήτευσεν,
647 557 735 618 ἵνα
776 566 864 621 διὰ
904 568 1014 622 τῶν
1037 569 1244 638 ,ὀλίγων
1273 570 1635 641 πἰστοποιήσῃ
1674 585 1768 620 πι-

179 653 562 725 θανολογήσας.
586 655 697 708 Καὶ
725 655 898 710 ταῦτα
922 651 991 729 ἦν
1017 659 1086 712 τὰ
1119 661 1344 731 ῥήματα
1367 659 1462 714 τοῦ
1487 657 1764 730 τολμηροῦ

181 745 371 816 Μάνη,
406 745 464 809 ,ἃ
519 745 661 799 κατὰ
703 746 795 799 τοῦ
849 748 979 802 ἰδίου
1025 751 1295 804 Δεσπότου
1342 749 1767 821 ἁθυρογλώττως

179 836 496 906 φθέγγεται.
530 835 884 909 Κατανοήσας
913 840 972 893 δέ
1010 857 1094 904 τις
1130 840 1231 894 ῐδοι
1270 839 1439 913 μηδὲν
1481 842 1667 914 ἕτερον
1707 843 1764 894 ἐν

175 928 348 1000 τούτῳ
377 929 706 1000 φαινόμενον
733 925 848 984 ἀλλ’
928 933 1314 1003 φρενίτιῶντος
1341 933 1495 1004 ἔργα.
1532 917 1630 996 Ὦς
1657 933 1766 1004 γὰρ

173 1019 201 1071 ὁ
226 1019 326 1088 τὴν
341 1020 583 1088 φρενῖτιν
604 1017 763 1088 ἔχων,
792 1019 1064 1092 μάχαιραν
1094 1020 1218 1074 καθ’
1240 1022 1435 1076 ἑαυτοῦ
1462 1021 1761 1086 ὁπλίζεται,

175 1110 267 1163 καὶ
312 1110 406 1163 διὰ
447 1111 546 1182 τὴν
575 1109 871 1181 ἐπιληψίαν
907 1111 1006 1176 τὰς
1043 1113 1235 1167 ἑαυτοῦ
1280 1115 1488 1186 σάρκας
1528 1114 1760 1185 τέμνων,

174 1201 386 1271 νομίζει
427 1201 655 1274 ἐχθροὺς
677 1203 983 1273 ἀμύνασθαι
1001 1247 1015 1272 ,
1040 1206 1133 1259 καί
1155 1206 1255 1260 οὐκ
1284 1202 1424 1259 οἶδεν
1452 1221 1465 1235 ·
1501 1205 1642 1260 οὕτω
1670 1207 1764 1260 καὶ

173 1285 324 1357 οὗτος
352 1293 476 1347 καθ’
499 1296 692 1348 ἑαυτοῦ
715 1295 1041 1361 διοπλίζεται
1055 1339 1068 1362 ,
1098 1300 1172 1370 μὴ
1194 1297 1328 1353 νοῶν
1349 1298 1446 1361 τὰς
1477 1297 1670 1363 λέξεις,
1695 1296 1761 1363 ἃς

174 1386 293 1442 καθ’
329 1387 526 1440 ἐαυτοῦ
555 1387 857 1456 ἐφέλκεται.
893 1391 956 1444 Ei
987 1391 1099 1463 γὰρ
1127 1391 1187 1455 ἐξ
1218 1391 1383 1445 αὑτοῦ
1414 1393 1447 1463 ἡ
1474 1391 1757 1464 ἐπιθυμία,

174 1475 268 1531 καὶ
321 1477 620 1547 ἐπιθυμίας
669 1479 915 1549 ἐνεργεῖ,
964 1481 1081 1544 πῶς
1130 1481 1241 1534 ἄνω
1287 1482 1381 1535 καὶ
1431 1481 1581 1535 κάτω
1617 1482 1760 1536 κατὰ

171 1565 470 1636 ἐπιθυμίας
501 1567 702 1640 γράφει
729 1571 758 1623 ὁ
792 1569 889 1641 τὴν
923 1571 1218 1642 ἐπιθυμίαν
1249 1572 1568 1643 ἐμϐάλλων;
1605 1575 1633 1627 ὁ
1675 1573 1760 1626 λέ-

173 1670 288 1725 γων
308 1678 322 1689 ·
352 1655 449 1723 Μὴ
483 1657 867 1727 ἐπιθυμήσῃς
897 1659 969 1714 τὰ
999 1661 1111 1715 τοῦ
1159 1664 1446 1730 πλησίον,
1467 1663 1624 1732 μηδὲ
1649 1663 1758 1717 τὸν

1867 488 1974 545 que
1999 474 2121 544 ejus
2152 475 2370 545 generis
2397 471 2665 544 disputat.
2717 473 2931 532 Callide
2959 489 3109 543 vero,
3146 477 3344 548 inquit,
3384 479 3452 535 de

1866 564 2086 621 Christo
2115 579 2289 636 pauca
2325 566 2600 636 praedixit,
2631 567 2710 622 uti
2740 569 2934 638 paucis
2959 569 3067 626 illis
3093 571 3324 640 quaesito
3347 563 3451 627 sibi

1868 655 2056 711 colore
2097 656 2261 713 ﬁdem
2311 656 2535 711 faceret.
2588 654 2686 713 Hie
2729 667 2858 715 sunt
2894 661 3170 715 temerarii
3216 661 3450 716 hominis

1864 758 2050 809 voces,
2097 760 2236 815 quas
2268 745 2322 800 in
2357 745 2646 800 Dominum
2685 763 2846 804 suum
2881 749 3196 818 procaciter
3235 749 3448 805 ell‘udit.

1864 833 2012 900 Quas
2052 835 2098 891 si
2139 835 2265 906 quis
2306 837 2630 908 diligentius
2660 840 3051 908 con’sidera‘rit,
3091 842 3226 897 nihil
3261 843 3318 896 in
3364 843 3465 898 his

1864 925 2012 981 aliud
2031 933 2398 998 praeterquam
2419 928 2725 998 phrenetici
2746 931 2992 987 "hominis
3015 931 3161 986 facta
3185 944 3451 1004 apparere

1863 1027 2178 1090 cognoscet.
2204 1017 2280 1074 Ut
2306 1021 2454 1075 enim
2480 1020 2787 1091 phrenitide
2819 1022 3100 1087 laborans.
3133 1025 3178 1080 si
3212 1025 3446 1096 gladium

1862 1117 2056 1164 nactus
2107 1107 2299 1175 fuerit,
2344 1118 2540 1164 contra
2596 1109 2838 1180 seipsum
2893 1121 3173 1182 armatur,
3227 1129 3291 1169 ac
3339 1129 3449 1185 prae

1863 1198 2101 1253 amentia
2137 1215 2270 1254 suas
2307 1201 2422 1270 ipse
2454 1215 2653 1256 carnes
2697 1203 2998 1260 concidens
3033 1204 3225 1260 ulcisci
3261 1219 3320 1260 se
3353 1205 3450 1259 lio-

1862 1297 1975 1346 stes
2003 1291 2302 1357 existimat,
2333 1299 2389 1348 et
2417 1293 2548 1364 quid
2578 1301 2702 1361 agat
2731 1295 2944 1364 ignorat
2992 1314 3005 1351 :
3034 1297 3115 1352 sic
3143 1297 3246 1352 iste
3275 1299 3331 1352 in
3358 1312 3450 1356 se-

1860 1383 2037 1452 ipsum
2068 1397 2220 1437 arma
2246 1385 2536 1448 convertit,
2561 1384 2692 1439 dum
2721 1399 2886 1442 voces
2909 1386 3053 1452 illas,
3085 1401 3223 1456 quas
3244 1396 3446 1444 contra

1859 1489 1919 1530 se
1968 1475 2200 1545 profert,
2257 1491 2366 1530 non
2421 1476 2698 1547 intelligit.
2764 1476 2982 1533 Etenim
3036 1479 3082 1535 si
3128 1480 3443 1549 cupiditatis

1859 1575 2054 1622 auctor
2101 1567 2190 1622 ille
2228 1566 2446 1623 Veteris
2493 1567 2833 1626 Testamenti
2879 1569 3022 1626 Deus
3047 1579 3169 1636 .est,
3217 1585 3282 1626 ac
3323 1583 3444 1641 quae

1861 1666 1989 1713 sunt
2011 1659 2331 1729 cupiditatis
2359 1659 2576 1730 propria
2605 1661 2849 1725 molitur,
2878 1671 2976 1717 cUr
3003 1661 3206 1732 ubique
3229 1663 3445 1732 cupidi-
3469 1679 3488 1696 δ

170 1748 334 1812 βοῦν
361 1749 572 1815 αὑτοῦ,
605 1751 760 1819 μηδὲ
789 1751 858 1806 τὸ
887 1742 1204 1825 ὑποζύγιον
1231 1756 1440 1823 αὐτοῦ,
1470 1757 1626 1826 μηδὲ
1647 1757 1760 1825 τὴν

1864 1752 2026 1823 tatem
2050 1746 2378 1814 proscribit?
2403 1749 2495 1818 qui
2520 1748 2739 1818 quidetn
2773 1749 2920 1807 istud
2945 1753 3295 1822 praeceperit:
3319 1750 3444 1807 Non

172 1839 513 1907 παιδίσκην
543 1842 730 1897 αὐτοῦ
751 1884 766 1907 ,
795 1843 952 1913 μηδὲ
996 1847 1101 1899 τὸν
1137 1847 1324 1917 ἀγρὸν
1354 1850 1540 1904 αὐτοῦ
1559 1891 1574 1916 ,
1602 1851 1762 1921 μηδὲ

173 1927 291 1998 τὴν
320 1931 576 1999 γυναῖκα
610 1933 820 1996 αὐτοῦ.
859 1935 1016 2004 μηδὲ
1051 1934 1172 1991 ὅσα
1204 1938 1337 1992 ἐστὶ
1368 1939 1449 2006 τῷ
1492 1943 1762 2009 πλησίον

169 2034 292 2076 σου
312 2037 326 2051 °
355 2024 405 2075 εί
434 2023 650 2094 ἀναιρεῖ
673 2023 774 2095 τὴν
810 2025 1106 2098 ἐπιθυμίαν
1127 2069 1140 2094 ,
1171 2030 1272 2084 οὐκ
1310 2031 1471 2096 αὐτὸς
1509 2031 1608 2102 τῆς
1641 2033 1760 2085 ἐπι-

172 2112 378 2183 θυμίας
404 2115 521 2167 ἐστὶ
554 2114 809 2186 χορηγός.

238 2288 370 2341 οΑο.
400 2286 527 2352 Πῶς
564 2285 679 2356 οὖν,
720 2291 884 2362 φησὶν
906 2331 920 2359 ,
964 2293 1267 2349 ἐνετείλατο
1304 2296 1594 2352 σκυλεῦσαι
1633 2301 1757 2364 τοὺς

172 2378 529 2447 Δίγυπτίους,
560 2381 620 2433 ἐν
649 2380 726 2454 τῷ
751 2383 952 2447 ἐξιέναι
985 2385 1181 2450 αὐτοὺς
1208 2389 1273 2442 ἐκ
1304 2389 1407 2460 γῆς
1439 2390 1754 2459 Δίγύπτους

173 2469 313 2523 Ναί·
347 2469 558 2535 δίκαιος
582 2472 692 2543 γάρ
713 2474 834 2527 ἐστι
869 2475 1082 2547 κριτὴς,
1122 2475 1198 2540 ὡς
1240 2478 1336 2530 καὶ
1365 2480 1466 2550 ἤδη
1501 2481 1758 2548 πολλάκις

172 2561 375 2631 εἰρηκει
425 2562 553 2633 περὶ
583 2563 794 2618 τούτου.
839 2566 949 2618 Καὶ
980 2566 1072 2619 ἵνα
1116 2567 1296 2640 δείξῃ,
1327 2570 1410 2622 ὅτι
1455 2571 1556 2625 οὐκ
1599 2573 1760 2638 αὑτὸς

172 2651 407 2705 ἐνδεῖται
440 2653 674 2720 θυσιιῖιν,
700 2657 864 2725 φησίν
893 2657 951 2710 ἐν
980 2657 1058 2729 τῷ
1094 2660 1345 2732 προφήτῃ
1365 2676 1379 2690 ·
1414 2660 1513 2730 Μὴ
1542 2666 1760 2731 θυσίας

173 2745 632 2815 προσηνέγκατέ
661 2766 784 2817 μοι,
817 2744 982 2816 οἶκος
1017 2750 1277 2820 Ἰσραὴλ,
1304 2753 1759 2822 τεσσαράκοντα

173 2839 310 2908 5m;
338 2845 504 2910 λέγει
544 2843 772 2911 Κύριος.
819 2844 937 2898 Τίνι
969 2839 1062 2899 οὖν
1093 2841 1235 2917 ἦσαν
1275 2850 1332 2901 αί
1381 2850 1758 2921 προσφερόμε-

173 2944 298 2993 vat;
336 2932 498 3002 Αὐτῷ
534 2925 631 3004 μέν
684 2933 824 2986 κατὰ
870 2935 968 3006 τὴν
1009 2935 1246 2991 διάνοιαν
1287 2937 1394 2990 τῶν
1427 2939 1759 3011 προσφερόν-

173 3032 284 3075 των
311 3035 328 3049 '
370 3022 536 3087 αὐτὸς
573 3023 630 3077 δέ
672 3025 769 3095 οὐχ
798 3025 985 3079 ἐνεκεν
1021 3026 1114 3080 τοῦ
1141 3025 1406 3082 ἐνδεῖσθαι
1457 3031 1758 3101 προστέτα·

1862 1837 2193 1906 concupisces
2208 1855 2289 1892 res
2311 1841 2540 1907 proximi
2561 1841 2657 1904 tui,
2679 1857 2840 1910 neque
2856 1841 3051 1909 bovem,
3067 1857 3228 1914 neque
3239 1843 3444 1912 jumend

1863 1936 1996 1992 tam,
2041 1943 2132 1982 nec
2165 1930 2438 1994 ancillam,
2475 1930 2639 2001 692
2683 1948 2774 1986 nec
2810 1948 3022 2002 agrum,
3072 1950 3170 1988 nec
3197 1949 3439 1996 uxorem.

1863 2032 1954 2070 nec
2001 2017 2114 2071 alia
2157 2036 2276 2089 quin
2314 2021 2548 2088 proximi
2598 2021 2678 2075 tui
2715 2031 2837 2076 sunt
2857 2025 2898 2075 ².
2946 2023 3051 2090 Qui
3089 2023 3440 2094 cupiditatem

1861 2120 2080 2163 omnem
2130 2117 2406 2180 amputat,
2462 2125 2568 2167 non
2619 2126 2739 2166 eam
2787 2112 3214 2168 subministrare
3254 2113 3443 2170 dicens

1860 2196 1964 2252 dus
2005 2207 2108 2253 est.

1930 2287 2120 2346 LXX].
2153 2291 2265 2347 Cur
2286 2290 2690 2363 igitur,-Judaeis
2713 2308 2777 2349 ex
2795 2283 3032 2365 Egypto
3059 2287 3440 2363 migrantibus,

1861 2382 2102 2457 spoliare
2127 2382 2284 2454 jubet
2318 2381 2679 2454 Egyptios’?
2719 2383 2984 2438 Nimirum
3021 2385 3203 2455 justus
3238 2386 3328 2442 ille
3351 2387 3442 2456 ju-

1861 2475 1966 2532 dex
1990 2479 2095 2538 est,
2128 2473 2587 2543 quemadmodum
2614 2475 2683 2529 de
2714 2473 2807 2530 illo
2835 2489 2978 2545 saepe
3009 2475 3142 2530 dixi.
3176 2477 3354 2547 Atque
3380 2483 3445 2533 ut

1863 2567 2118 2626 ostendat
2149 2564 2288 2619 nihil
2317 2579 2377 2620 se
2404 2562 2694 2620 sacriﬁciis
2741 2563 3006 2635 indigere,
3034 2565 3114 2621 sic
3147 2566 3292 2634 apud
3320 2581 3442 2635 pro.

1860 2663 2080 2733 phetam
2131 2657 2409 2728 loquitpr:
2473 2655 2620 2710 Nam
2661 2658 2932 2727 sacrificia
2977 2658 3242 2712 obtulistis
3288 2659 3439 2723 mihi,

1859 2752 2048 2807 domus
2086 2747 2284 2814 Israel,
2327 2747 2688 2818 quadraginta
2724 2748 2921 2803 annis?
2953 2746 3083 2801 dicit
3119 2746 3377 2802 Dominus
3396 2748 3438 2799 ⁸.

1861 2843 2092 2898 Cuinam
2125 2840 2291 2910 igitur
2321 2838 2505 2892 oblata
2534 2839 2626 2893 illa
2657 2837 2823 2895 sunt?
2862 2837 3066 2909 Opinor
3097 2838 3198 2904 illi,
3232 2845 3294 2892 ut
3324 2841 3444 2909 qui-

1860 2910 1985 2989 dem
2017 2930 2112 3002 qui
2149 2929 2448 2985 oﬁ‘erebant
2476 2931 2758 3000 putabant.
2801 2930 2871 2985 At
2899 2931 3036 3000 ipse,
3061 2946 3170 2987 non
3196 2932 3341 3003 quod
3371 2932 3441 2986 iis

1862 3032 2069 3097 egeret,
2094 3023 2188 3080 sed
2212 3032 2321 3078 uta
2350 3023 2734 3092 multiplicium
2755 3023 2982 3079 deorum
3007 3024 3155 3078 cultu
3181 3025 3248 3078 ad
3273 3024 3439 3079 unius

171 3117 286 3183 χέν,
324 3113 443 3166 ἀλλ’
473 3115 561 3168 ἵνα
593 3093 845 3188 συνεθίσῃ
875 3117 990 3193 ,ἀπὸ
1031 3118 1319 3184 πολυθετας
1351 3110 1448 3173 ἕνα
1483 3093 1614 3176 όεδν
1641 3122 1760 3196 ἐπι-

1864 3093 1990 3172 illos
2014 3115 2107 3170 Dei
2163 3115 2532 3185 cognitionem
2568 3114 2862 3170 translatos
2907 3115 3295 3178 assuefaceret,
3323 3115 3456 3171 ﬁeri'

169 3204 485 3272 γινώσκειν.
529 3207 744 3280 Ἐπειδὴ
779 3209 887 3282 γὰρ
927 3209 1071 3282 ἐώρα
1113 3205 1302 3274 θυσίας
1337 3213 1759 3285 ἐπιτελουμένας

168 3299 283 3361 τοῖς
338 3296 486 3362 θεοῖς
521 3299 628 3352 τῶν
686 3301 1035 3368 Αἰγυπτίων,
1081 3295 1167 3357 ἵνα
1209 3302 1282 3375 μὴ
1333 3304 1421 3358 διὰ
1470 3301 1760 3361 πολυθέων

167 3387 456 3456 τραπέντα
494 3388 676 3442 αὐτῶν
709 3390 779 3444 τὰ
810 3393 1056 3462 νοήματα
1086 3391 1452 3464 καταλείψωσι
1477 3393 1569 3450 τὸν
1600 3396 1759 3467 μόνον

169 3477 266 3531 ἕνα
306 3479 462 3532 Θεόν.
517 3481 649 3533 Ὅτε
687 3481 744 3534 δὲ
789 3485 1119 3555 συναγήοχεν
1162 3485 1341 3538 αὐτῶν
1383 3487 1480 3559 τὴν
1523 3487 1762 3545 διάνοιαν

167 3571 284 3624 ἀπὸ
307 3571 604 3635 πολυθεῒας
631 3571 719 3625 διὰ
745 3573 941 3626 πολλοῦ
979 3576 1196 3644 χρόνου,
1232 3576 1627 3642 ἁποσυνεθίσας
1659 3577 1758 3632 a6-

167 3666 300 3727 τοὺς
328 3664 433 3734 τῆς
455 3663 713 3735 τοιαύτης
745 3658 1076 3730 ὑποθέσεως,
1121 3667 1348 3738 ἄρχεται
1383 3670 1762 3740 παρακόπτειν

166 3753 204 3807 δ.
226 3756 306 3826 μὴ
334 3754 498 3826 ἧθελε
515 3771 530 3783 ·
559 3756 652 3809 καὶ
681 3755 868 3824 ἔλεγεν
885 3773 898 3786 '
933 3757 1063 3810 Ἵνα
1089 3759 1145 3810 τί
1162 3776 1264 3827 μοι
1287 3760 1538 3813 λίϐανον
1559 3761 1628 3814 ἐκ
1650 3759 1761 3815 Σα-

167 3844 244 3900 ϐᾶ
270 3844 512 3914 φέρετε,
548 3846 648 3900 καί
675 3846 1015 3916 κινάμωμον
1053 3848 1123 3900 ἑκ
1161 3839 1274 3919 γῆς
1299 3851 1630 3918 μακρόθενς
1663 3851 1758 3920 Μὴ

163 3936 437 4006 pth-opai
489 3936 633 4005 κρέα
673 3939 934 4005 ταύρων,
980 3937 1018 4007 ἢ
1069 3925 1213 4008 αἷμα
1248 3939 1478 4010 τράγων
1520 3943 1759 4010 «(quam

172 4027 372 4081 Ταῦτα
402 4027 512 4097 γὰρ
551 4029 662 4081 οὐκ
703 4023 1038 4095 ἐξεζήτησα
1077 4029 1146 4082 ἐκ
1185 4029 1302 4083 τῶν
1333 4030 1547 4099 χειρῶν
1572 4029 1758 4101 ὑμῶν,

164 4116 336 4170 ἀλλὰ
361 4115 564 4170 ποιεῖν
589 4116 739 4184 πρὸς
773 4115 881 4170 τὸν
907 4119 1176 4184 πλησίον
1202 4117 1618 4188 δικαιοσύνην,
1661 4119 1761 4173 καί

1863 3207 1968 3263 ista
1995 3205 2292 3260 mandavit.
2325 3203 2461 3260 Cum
2489 3204 2636 3260 enim
2661 3203 3042 3275 Egyptiorum
3073 3206 3298 3260 numina
3324 3206 3440 3276 pla-

1860 3297 1976 3353 cari
2008 3295 2298 3352 sacriﬁciis
2326 3303 2597 3357 cerneret,
2625 3295 2750 3350 ideo
2784 3295 2887 3350 ista
2915 3295 3171 3364 providit,
3200 3311 3268 3351 ne
3292 3296 3445 3366 ejus-

1863 3389 2012 3444 modi
2043 3387 2272 3443 deorum
2306 3385 2697 3455 superstitione
2730 3383 3038 3456 depravatis
3072 3385 3286 3440 illorum
3320 3386 3441 3440 ani-

1861 3481 1989 3547 mis,
2019 3480 2090 3534 ab
2118 3491 2228 3532 uno
2256 3477 2485 3547 soloque
2513 3475 2620 3531 Deo
2649 3475 3039 3531 desciscerent.
3074 3475 3437 3547 Posteaquam

1862 3578 2044 3625 autem
2072 3567 2387 3622 eorumdem
2422 3575 2629 3622 mentes
2660 3566 2898 3638 plurium
2927 3567 2996 3622 ab
3023 3567 3248 3621 deorum
3284 3569 3440 3623 cultu

1862 3668 2150 3720 revocatas
2179 3660 2339 3731 longo
2365 3659 2652 3713 intervallo
2670 3658 3014 3713 conﬁrmavit
3031 3675 3061 3725 -;_
3083 3666 3195 3712 tum
3221 3658 3443 3714 demum

1863 3751 1933 3806 ab
1976 3752 2128 3809 hisce
2185 3752 2308 3806 illos
2350 3751 2618 3806 institutis
2669 3749 2996 3806 desuescere
3042 3751 3231 3807 volens
3278 3751 3446 3822 carpit

1861 3853 1949 3908 ea,
1983 3857 2106 3914 quae
2133 3841 2316 3896 minus
2345 3840 2454 3896 sibi
2484 3841 2795 3910 placebant,
2825 3840 3135 3909 praecidere.
3159 3840 3340 3907 Quare
3369 3842 3446 3895 ita

1862 3935 2080 3990 locutus
2110 3940 2223 3989 est:
2266 3931 2406 3996 Quid
2436 3931 2564 3985 mihi
2595 3932 2714 3986 thus
2745 3948 2773 3986 e
2808 3931 2952 3987 Saba
2981 3932 3220 4002 defertis,
3249 3941 3298 3987 et
3323 3935 3442 3988 cin-

1865 4039 2172 4081 namomum
2210 4040 2238 4078 e
2277 4034 2420 4078 terra
2447 4022 2733 4095 longinqua
2748 4021 2812 4078 θῒ
2831 4023 3086 4095 Nunquid
3116 4027 3444 4081 manducabo

1864 4135 2051 4172 carnes
2086 4127 2382 4181 taurorum,
2416 4125 2508 4170 aut
2537 4117 2848 4187 sanguinem
2882 4117 3147 4171 hircorum
3175 4119 3368 4186 potabo
3387 4120 3444 4174 ’ἲ

166 4202 470 4274 ἀλήθειαν
492 4206 752 4260 ἕκαστον
779 4207 928 4275 πρὸς
963 4207 1070 4261 τὸν
1095 4207 1366 4278 ἀδελφὸν
1396 4205 1604 4266 αὐτοῦ.
1655 4213 1760 4266 Καὶ

1866 4209 2047 4281 Neque
2085 4210 2227 4264 enim
2267 4210 2378 4264 huc
2413 4209 2660 4279 requisivi
2698 4224 2763 4262 ex
2800 4208 3042 4263 manibus
3084 4211 3300 4275 vestris,
3353 4212 3446 4266 sed

165 4298 328 4370 δρᾷς,
364 4298 472 4359 ὅτι,
507 4297 804 4367 προϊόντων
833 4298 941 4352 τῶν
984 4301 1210 4370 χρόνων,
1258 4303 1290 4372 ὴ
1330 4301 1629 4366 ὑπόστασις
1662 4303 1760 4374 τῆς

1867 4301 2042 4370 facere
2075 4316 2200 4371 erga
2227 4301 2530 4369 proximum
2557 4313 2712 4353 suum
2737 4292 3032 4370 justitiam,
3073 4310 3123 4354 et
3169 4302 3444 4356 veritatem

165 4389 468 4460 δυνάμεως
495 4388 604 4442 τῶν
631 4389 790 4444 θείων
815 4389 1279 4445 ἀποκαλύπτεταιδ
1310 4392 1385 4456 ὡς
1405 4393 1570 4457 αὐτὸς
1604 4394 1760 4449 πάλιν

1870 4398 2286 4463 unumquemque
2349 4391 2405 4445 in
2460 4390 2681 4460 fratrem
2744 4403 2898 4444 suum
2928 4391 2970 4446 ⁷.
3041 4389 3445 4450 Animadvertis

163 4479 322 4548 λέγει
356 4479 440 4550 τῷ
481 4480 768 4551 Σαμουήλ·
805 4480 1005 4552 Χρίσον
1061 4482 1150 4535 τὸν
1188 4483 1358 4536 Σαοὺλ
1397 4486 1477 4545 είς
1518 4483 1762 4553 βασιλέα·

165 4571 412 4642 ὕστερον
476 4571 534 4624 δὲ
564 4573 761 4634 αὐτοὺς
790 4571 1003 4644 ἐλέγχει
1022 4571 1218 4642 λέγων⁹
1256 4574 1563 4643 Ἐχρίσατε
1581 4567 1760 4639 βασι-

1869 4573 2008 4627 νίιιω
2069 4573 2290 4628 virtutis
2355 4587 2477 4628 sese
2530 4571 2680 4627 velut
2741 4572 3142 4628 ﬁrmamentum
3213 4575 3441 4644 aperiat.

160 4663 281 4717 ,ιέα
309 4666 389 4717 οὐ
430 4662 504 4716 δι’
526 4663 692 4733 ἐμοῦ,
727 4664 826 4718 καί
865 4665 1183 4735 ἄρχοντας,
1228 4665 1326 4720 καὶ
1365 4666 1478 4736 ἐγὼ
1514 4670 1626 4721 οὐκ
1668 4669 1760 4721 ἐν·

1871 4662 2026 4719 Unde
2079 4679 2203 4719 cum
2254 4663 2497 4718 Samueli
2549 4663 2910 4719 mandasset:
2978 4662 3130 4735 Unge
3189 4665 3319 4720 Saul
3390 4667 3446 4722 in

163 4753 502 4822 ετειλὰμην
540 4754 701 4824 ὑμῖν.
765 4753 902 4808 Ἀλλ’
941 4757 1128 4828 ἐπειδὴ
1179 4758 1448 4829 ἐζήτησαν
1499 4759 1656 4811 τοῦτο
1708 4762 1760 4812 αἱ

1869 4755 2122 4826 regem':
2168 4762 2355 4824 postea
2386 4765 2566 4809 tamen
2598 4753 2816 4811 Iudaeos
2846 4754 3125 4825 increpat:
3185 4754 3446 4823 Unxistis,

162 4843 408 4898 διάνοιαι
447 4845 642 4909 αὐτῶν,
674 4847 1168 4919 παραμυθούμενος
1185 4852 1212 4901 ὁ
1234 4849 1365 4913 Θεὸς
1390 4850 1640 4921 Σαμουὴλ
1670 4848 1760 4903 τὸν

1867 4848 2064 4918 inquit,
2113 4862 2280 4917 regem
2318 4863 2421 4901 non
2453 4859 2544 4916 per
2575 4863 2683 4914 me,
2737 4857 2787 4902 et
2817 4849 3099 4917 principes,
3142 4858 3191 4903 et
3221 4865 3315 4919 ego
3344 4867 3448 4904 non

165 4937 470 5005 προφήτην
516 4934 700 5004 ἔλεγεν
723 4951 737 4965 ’
784 4941 866 4991 Οὐ
917 4938 994 4991 σὲ
1019 4939 1412 5001 (ἐπεϐάλοντο,
1458 4942 1595 4994 ἀλλ’
1635 4939 1760 5008 ἐμὲ,

1864 4939 2087 5008 praecepi
2115 4937 2322 4994 vobis’.
2356 4937 2460 4994 Sed
2490 4940 2752 5008 quoniam
2784 4955 2849 4994 ex
2881 4941 3188 4994 animorum
3223 4957 3448 4996 suorum

165 5023 319 5092 λέγει
367 5023 593 5094 Κύριος.
637 5025 816 5096 Πλὴν
857 5027 1072 5098 χρῒσον
1120 5029 1324 5096 αὐτοῖς
1363 5029 1468 5083 τὸν
1525 5030 1717 5086 Σαοὺλ
1746 5071 1760 5092 .

1868 5032 1973 5087 hoc
2002 5030 2226 5086 libidine
2251 5031 2607 5100 postularant,
2633 5032 2775 5088 Deus
2804 5032 3110 5087 Samuelem
3133 5035 3448 5098 consolans,

163 5120 304 5171 υἱὸν
335 5119 480 5185 Κῖς·
512 5119 702 5191 ὥσπερ
723 5120 956 5186 παιδίοις
993 5125 1207 5195 μικροῖς
1234 5121 1676 5194 προσφερόμενον
1704 5125 1760 5177 τὸ

1875 5122 1997 5178 Νοη
2025 5130 2092 5186 te,
2136 5123 2334 5193 inquit,
2363 5124 2678 5194 rejecerunt,
2716 5123 2806 5178 sed
2841 5139 2940 5188 me,
2984 5123 3117 5178 dicit
3148 5123 3448 5192 Dominus;

164 5209 353 5274 Θείον,
387 5212 478 5266 ἵνα
509 5212 752 5284 βαστάσῃ
777 5214 876 5286 τὴν
903 5216 1186 5271 ἀσθένειαν
1216 5217 1324 5271 τῶν
1355 5217 1726 5272 ἀσθενούντων
1747 5257 1760 5280 ,

1872 5223 2229 5269 verumtamen
2260 5231 2393 5285 unge
2422 5215 2532 5269 illis
2568 5213 2703 5269 Saul
2731 5215 2902 5283 [ilium
2936 5212 3026 5268 Cis
3047 5215 3111 5271 ⁸ο.
3141 5214 3257 5282 Qua
3288 5216 3343 5270 in
3390 5232 3450 5272 re

166 5303 264 5355 καὶ
289 5304 664 5375 ἁναθωπεύσῃ
692 5305 753 5358 τὸ
776 5305 978 5377 βρέφος
1008 5306 1116 5362 ἀπὸ
1143 5311 1242 5380 τῆς
1269 5309 1430 5363 αὑτοῦ
1461 5291 1760 5372 ἀσθενείας.

1875 5302 2100 5374 perinde
2129 5318 2189 5358 se
2218 5302 2364 5360 Deus
2395 5317 2522 5374 erga
2554 5305 2678 5360 illos
2709 5319 2773 5358 ac
2800 5305 3059 5374 puerulos
3095 5307 3253 5378 gerit,
3280 5318 3339 5363 ut
3369 5309 3447 5362 in-

165 5389 305 5448 Είτα
342 5396 497 5465 λέγει
525 5397 588 5450 τὸ
623 5397 958 5454 τελειότατον
979 5417 995 5432 ·
1033 5402 1226 5455 Θυσία
1266 5402 1344 5468 τῷ
1379 5401 1500 5466 Θεῷ
1532 5402 1760 5470 πνεῦμα

1874 5397 2157 5451 ﬁrmorum
2192 5395 2619 5453 imbecillitatem
2650 5395 2941 5466 sustineat,
2983 5412 3047 5453 ac
3077 5400 3158 5455 sic
3189 5408 3447 5475 tanquam

1871 4484 2055 4553 itaque
2122 4481 2582 4552 quemadmodum
2642 4495 2934 4552 progressu
3005 4490 3311 4553 temporum
3363 4483 3447 4538 di-

280 5599 297 5627 ¹
361 5595 530 5671 Forte
595 5600 724 5671 περὶ
784 5616 907 5666 γον.
979 5596 1043 5630 γ’
1107 5598 1282 5671 Eamd1
1343 5618 1434 5668 xx,
1502 5601 1586 5656 l7.
1695 5603 1715 5633 ³

1864 5605 1946 5660 od.
2011 5621 2090 5669 XI,
2153 5607 2206 5660 2.
2321 5606 2342 5638 ⁸
2393 5606 2560 5662 Amos
2656 5623 2709 5668 ν,
2776 5607 2866 5663 25.
2975 5611 2995 5642 ⁸
3048 5609 3159 5666 Jer.
3227 5628 3300 5671 νι.
3358 5613 3430 5666 ao

185 5669 210 5698 '
235 5666 398 5724 Psal.
431 5683 582 5733 nix,
624 5666 710 5722 l5.
787 5671 806 5699 '
843 5671 1009 5725 Amos
1035 5687 1085 5737 ν,
1125 5670 1228 5741 25;
1267 5666 1368 5726 lsa.
1423 5666 1463 5738 ι,
1513 5673 1577 5725 12
1604 5681 1723 5744 sqq.

1889 5675 2020 5745 Reg.
2065 5666 2143 5744 ι’τ,
2178 5676 2264 5732 lii.
2342 5677 2361 5708 ⁹
2395 5675 2524 5732 Osc.
2566 5666 2763 5744 vnn-4.
2841 5680 2885 5712 ¹⁰
2924 5678 3102 5753 lReg.
3137 5666 3444 5754 vm,15qq.~
