3856 6298
380 356 482 410 li?
1789 349 1844 403 S.
1882 341 1983 399 EPI

2089 339 2220 396 AN“
3523 333 3546 386 ί
3563 333 3634 389 Η

379 470 640 526 infantem
669 467 723 524 in
757 469 843 524 illa
869 483 964 522 sua
992 468 1355 523 teueritmline
1377 466 1726 537 permulceat.
1755 465 1947 519 Postea
1978 513 1983 522 .

2089 452 2586 524 ὐντετριμμένονέ
2650 448 2901 518 καρδίαν
2958 446 3471 517 συντετριμμένην
3527 446 3634 499 καὶ

381 578 527 623 vero,
555 561 697 630 quod
743 576 1012 614 summum
1049 575 1111 614 ac
1143 559 1603 630 perfectissimum
1635 564 1717 611 est
1747 569 1946 626 propo-

2089 547 2565 616 εταπεινωμένην
2608 547 2639 598 ό
2687 543 2830 608 Θεὸς
2870 543 2981 597 οὐκ
3029 537 3429 604 ἐξουδενώσει
3450 555 3464 568 ·
3507 537 3636 601 καὶ,

379 657 500 712 uit:
566 654 906 724 Sacriﬁcium
961 652 1067 706 Deo
1120 629 1334 720 spiritus
1384 647 1802 706 contribulatus;
1855 660 1947 697 cor

2089 643 2291 696 θύσατε
2323 637 2404 704 τῷ
2448 635 2568 700 Θεῷ
2605 635 2827 690 θυσίαν
2867 632 3152 700 αἰνέσεως
3175 648 3190 663 ο
3231 631 3328 685 καὶ
3370 631 3474 684 ὅσα
3512 629 3634 683 ἐστι

379 749 658 800 contritum
683 755 730 797 et
762 743 1096 801 Immiliatnm
1127 740 1259 793 Deus
1291 756 1392 794 non
1425 738 1668 806 despiciet
1697 737 1734 790 ¹.
1787 731 1948 788 Item:

2089 733 2186 804 περὶ
2212 732 2400 786 τούτου
2435 731 2635 798 λέγειν.

380 837 664 890 Ιηιιηοιηιε
699 835 809 900 Deo
845 833 1165 900 sacriﬁcium
1200 829 1372 883 laudis
1397 831 1416 858 ²
1458 848 1472 882 :
1513 836 1564 881 et
1611 823 1948 896 qutncu‘nque
1987 822 2091 876 alia
2127 823 2194 877 de
2221 838 2283 878 ea
2320 838 2380 877 re
2412 829 2644 892 possunt
2673 819 2876 875 aﬂ'erri.

452 928 659 982 LXXII.
697 927 899 982 Deinde
959 925 1041 978 vel
1076 923 1260 977 Manes
1289 922 1403 990 ipse
1436 921 1747 979 conlitetur,
1781 915 1949 970 Deum

2127 914 2244 971 OB'.
2288 909 2422 968 Εἶτά
2459 929 2622 984 φησιν
2668 915 2696 966 6
2741 910 2902 975 αὐτὸς
2935 910 3126 980 Μάνης
3151 926 3164 938 ⁸
3213 907 3470 980 Ἠθέλησε
3507 913 3642 980 περὶ

383 1021 531 1076 illum
554 1020 621 1074 de
643 1019 859 1076 Christo
883 1017 1212 1070 mentionem
1243 1014 1420 1068 facere
1443 1012 1698 1066 voluisse.
1721 1010 1952 1079 Magnus

2089 1006 2294 1080 ἱριστοῢ
2322 1006 2479 1075 λόγον
2501 1004 2778 1059 ἐκθέσθαι.
2818 1003 2875 1056 '0
2897 1000 3136 1072 λαλήσας
3169 1000 3274 1070 γὰρ
3302 1001 3359 1053 ὲν
3383 1000 3461 1070 τῷ
3485 999 3644 1070 νόμῳ

383 1115 526 1170 enim
558 1126 744 1168 revera
782 1110 869 1165 ille
909 1109 1033 1171 fuit,
1083 1107 1177 1178 qui
1219 1106 1274 1159 in
1310 1105 1427 1176 lege
1474 1105 1690 1157 locutus
1722 1109 1828 1164 est,
1860 1099 1953 1169 qui

2089 1099 2232 1168 ιέγας
2263 1097 2500 1168 ἀληθῶς,
2533 1098 2561 1150 6
2589 1093 2878 1166 ἐκθέμενος
2905 1091 2998 1145 καὶ
3033 1090 3165 1162 περὶ
3193 1090 3300 1143 τῶν
3333 1089 3643 1161 μελλόντων

385 1205 572 1259 futura
603 1212 728 1257 ante
762 1198 1008 1270 prteviuit
1069 1212 1132 1252 ac
1173 1195 1440 1265 praedixit.
1501 1192 1635 1246 Nam
1683 1191 1726 1245 si
1774 1189 1954 1243 futura

2089 1191 2362 1245 ἰνώσκων.
2415 1191 2478 1242 Εἰ
2515 1188 2624 1259 γὰρ
2660 1182 2768 1241 οἶδε
2805 1186 2878 1239 τὰ
2924 1184 3206 1256 μέλλοντα,
3255 1183 3355 1236 οὐκ
3406 1181 3643 1253 ἄμοιρός

384 1298 537 1354 novit
561 1337 575 1360 ,
617 1295 780 1366 693
810 1289 1164 1363 praescientia:
1200 1302 1396 1358 expers
1432 1301 1539 1340 non
1579 1283 1700 1348 fuit,
1745 1281 1958 1350 eritque

2094 1300 2177 1336 στι
2205 1280 2584 1355 προγνώσεως,
2604 1278 2738 1333 ἀλλὰ
2764 1277 2899 1340 Θεός
2927 1280 3041 1330 ἐστι
3071 1275 3140 1329 τὰ
3169 1275 3430 1345 μέλλοντα
3453 1273 3643 1335 εἰδώς.

385 1391 554 1448 Deus.
581 1365 674 1457 qui
703 1385 1010 1448 futurorum
1037 1379 1347 1450 cognitione
1377 1375 1632 1448 praeditus
1649 1380 1749 1428 est.
1785 1369 1957 1425 Porro

2091 1376 2312 1446 Εγραψε
2345 1375 2400 1428 δὲ
2424 1372 2596 1439 αὐτὰ,
2634 1373 2720 1426 ἵνα
2749 1371 2993 1439 γένηται.
3034 1368 3096 1433 Εἰ
3129 1367 3185 1421 δὲ
3229 1366 3447 1420 ἐναντία
3489 1365 3647 1435 αὐτῷ

387 1483 511 1536 ideo
543 1480 633 1533 illa
667 1476 912 1545 scripsit,
961 1482 1019 1528 ut
1065 1469 1358 1542 aliquando
1393 1468 1804 1537 contingerent:
1839 1477 1958 1532 qua‘

2089 1468 2339 1538 »πῆρχεν,
2369 1465 2575 1536 ἔγραφε
2626 1464 2722 1534 μὲν
2767 1462 2896 1532 περὶ
2943 1460 3141 1524 αὐτῶν,
3186 1458 3338 1511 ἔλυσε
3387 1457 3444 1511 δὲ
3473 1458 3646 1518 αὐτὰ,

388 1578 437 1632 si
480 1573 753 1629 contraria
778 1569 889 1646 ipsi
909 1567 1128 1629 forent,
1179 1563 1258 1618 sic
1289 1563 1357 1616 de
1386 1562 1494 1615 illis
1539 1558 1702 1614 scribi
1758 1555 1963 1610 voluis-

2089 1578 2151 1613 να
2191 1560 2264 1630 μὴ
2298 1559 2482 1621 αὐτοῖς
2529 1554 2860 1625 πεισθῶμεν.
2923 1553 3112 1607 Ὁπότε
3147 1551 3203 1604 δὲ
3257 1550 3540 1619 συνίστησι
3572 1550 3648 1600 τὰ

391 1676 495 1732 set,
530 1673 587 1719 ut
612 1640 878 1718 everteret
906 1675 969 1714 ac
999 1658 1326 1718 deslrueret,
1361 1668 1429 1708 ne
1455 1650 1773 1721 persuaderi
1802 1645 1961 1701 nobis

2089 1651 2330 1705 ιέλλοντα
2359 1653 2437 1714 εἰς
2468 1649 2699 1720 Χριστὸν
2730 1645 3084 1707 τελειοῦσθαι,
3127 1643 3260 1696 αὐτὸ
3299 1641 3408 1711 ἄρα
3433 1640 3554 1692 ἐστὶ
3583 1640 3650 1691 τὸ

392 1765 638 1832 possent.
697 1754 852 1808 Nunc
911 1766 1035 1806 cum
1091 1764 1152 1803 ea
1191 1744 1534 1802 commendet
1576 1744 1690 1811 ipsa
1738 1753 1859 1810 qua:
1905 1739 1962 1791 in

2089 1742 2292 1814 Ῑνεῦμα
2321 1741 2382 1795 τὸ
2408 1741 2644 1812 λαλῆσαν
2677 1742 2735 1793 ὲν
2765 1739 2932 1810 νόμῳ.
2965 1737 3058 1790 καὶ
3090 1737 3146 1789 ὲν
3184 1734 3520 1806 προφήταις,
3547 1733 3650 1784 καὶ

391 1817 614 1906 διιτίειο
646 1842 973 1918 perficienda
996 1848 1172 1906 erant,
1191 1852 1300 1892 non
1331 1835 1552 1901 dubium
1579 1841 1682 1896 est,
1714 1828 1966 1885 eumdem

2089 1855 2127 1890 ιν
2166 1833 2482 1904 Εὑαγγελῐῳ
2504 1850 2516 1863 ·
2563 1833 2662 1902 μία
2696 1833 2803 1904 γάρ
2837 1831 2982 1884 ἐστιν
3027 1829 3060 1898 ἡ
3101 1824 3422 1897 συμφωνία.
3452 1823 3532 1886 ὡς
3556 1822 3652 1875 διὰ

394 1949 548 2002 illum
575 1957 698 2000 esse
723 1941 987 2010 Spiritum
1019 1934 1110 2004 qui
1134 1935 1186 1987 in
1209 1933 1344 2002 lege,
1379 1945 1441 1983 ac
1467 1927 1766 1999 prophetis.
1792 1925 1967 1977 Evan-

393 2037 643 2110 gelioque
690 2028 840 2085 adeo'
871 2029 942 2082 sit
989 2027 1229 2087 locutus,
1263 2017 1702 2091 quandoquidem
1750 2029 1855 2068 una
1885 2019 1969 2068 est

393 2101 638 2181 omnium
669 2118 983 2176 concordia.
1017 2113 1172 2180 Quod
1204 2127 1234 2164 a
1266 2110 1448 2179 Moyse
1476 2120 1694 2176 quoque
1723 2101 1964 2157 declam-

397 2231 510 2274 tum
538 2227 623 2271 est
649 2235 662 2270 :
702 2211 1037 2279 Prophetam,
1069 2205 1166 2268 ait,
1190 2219 1217 2255 e
1240 2199 1496 2271 fratribus
1527 2196 1711 2250 vestris
1738 2193 1969 2247 suscita-

398 2312 470 2365 bit
500 2305 814 2361 Dominus’.
850 2301 960 2353 lmo
979 2305 1032 2354 et
1052 2293 1482 2361 Dominusipse:
1520 2286 1745 2357 Moyses,
1771 2282 1968 2353 inquit,

399 2403 463 2457 de
506 2418 586 2455 me
632 2395 905 2465 scripsit‘.
959 2389 1062 2457 Qui
1109 2385 1329 2457 quidem
1381 2381 1597 2450 Moyses
1643 2379 1715 2431 ita
1766 2375 1967 2445 pergit:

403 2493 586 2551 Omnis
622 2489 800 2543 anima
820 2500 935 2553 qua:
968 2497 1070 2535 non
1092 2475 1322 2530 audierit
1347 2471 1652 2540 prophetam
1676 2470 1850 2531 illum,
1880 2479 1972 2520 ea:—

404 2581 776 2640 terminabitur
793 2579 836 2630 ³.
866 2577 1000 2628 Item
1024 2569 1321 2626 Dominus:
1354 2565 1409 2620 Si
1433 2563 1635 2632 Moysi:
1657 2559 1848 2614 litteris
1871 2574 1975 2611 non

403 2672 617 2728 creditis
644 2710 660 2734 ,
727 2663 984 2738 quomodo
1037 2674 1302 2714 sermones
1352 2671 1490 2710 meos
1537 2651 1763 2707 audietis
1803 2650 1864 2703 ⁸⁸1
1895 2647 1974 2704 lta

402 2763 608 2818 veritas
640 2758 789 2814 omni
824 2771 888 2810 ex
944 2761 1095 2824 parte
1140 2747 1420 2820 splendida
1464 2760 1527 2798 ac
1596 2757 1747 2812 rugae
1779 2755 1976 2808 expers

405 2860 649 2927 apparet.

475 2923 709 2998 LXXIII.
760 2937 972 2992 Atenim
1014 2932 1345 2988 Manichacus
1375 2926 1784 2983 Testamentum
1845 2923 1978 2996 legis

405 3035 599 3091 mortis
630 3046 754 3088 esse
789 3033 1176 3085 testamentum
1227 3020 1456 3087 asserit,
1487 3017 1633 3088 quod
1681 3015 1978 3085 Apostolus

406 3125 640 3180 alserit:
678 3118 830 3186 Quod
880 3118 928 3170 si
959 3121 1328 3170 testamentum
1377 3110 1560 3164 mortis
1604 3109 1657 3162 in
1680 3106 1868 3161 litteris
1896 3109 1980 3158 in-

407 3215 668 3282 sculptum
715 3206 974 3277 lapidibus
999 3243 1014 3267 ,
1053 3204 1343 3274 gloriosum
1378 3200 1480 3269 fuit
1514 3201 1556 3252 τ.
1588 3197 1699 3251 Nec
1750 3211 1815 3250 eo
1845 3210 1948 3250 con

408 3308 556 3362 tenta
592 3296 874 3364 Scriptura
900 3333 916 3355 ,
957 3291 1087 3344 illud
1137 3292 1358 3358 insuper
1403 3287 1634 3358 adjecit:
1673 3283 1785 3338 Lex
1836 3283 1979 3352 iusto

409 3407 511 3444 non
539 3399 614 3442 est
644 3387 816 3455 posita
846 3425 861 3447 ,
896 3383 985 3437 sed
1013 3383 1311 3450 patricidis,
1339 3395 1386 3434 et
1413 3377 1708 3432 matricidis
1728 3415 1742 3439 ,
1785 3385 1832 3430 et
1862 3391 1981 3444 per-

406 3483 542 3549 iuris
569 3520 583 3544 ,
619 3489 666 3532 et
701 3480 748 3533 si
772 3479 896 3547 quid
930 3476 1077 3529 aliud
1118 3473 1446 3528 contrarium
1482 3480 1559 3524 est
1591 3485 1736 3523 sana:
1783 3467 1983 3521 doctri-

409 3586 490 3624 na’
525 3572 563 3624 ".
595 3569 730 3622 Cum
777 3566 942 3636 igitur
995 3566 1080 3618 lex
1130 3562 1281 3632 justo
1322 3561 1496 3631 posita
1550 3575 1658 3613 non
1715 3558 1821 3621 sit,
1853 3571 1983 3610 num

410 3661 708 3717 sceleratus
746 3667 907 3726 atque
940 3657 1095 3710 exlex
1125 3651 1392 3708 dicendus
1417 3651 1539 3706 est?
1584 3649 1802 3705 Minime
1835 3663 1980 3702 vero.

412 3746 518 3803 Sed
549 3746 806 3816 quoniam
830 3744 1012 3813 justus
1045 3757 1165 3811 qua:
1190 3742 1307 3811 lege
1348 3739 1663 3810 prmscripta
1697 3745 1856 3802 sunt,
1906 3735 1986 3789 fa-

411 3855 534 3894 cere
583 3836 905 3901 antevertit,
936 3835 1200 3889 adversus
1231 3818 1402 3886 hunc.
1435 3846 1542 3886 non
1581 3838 1665 3887 est
1691 3830 1986 3884 constituta

410 3931 515 3994 lex,
544 3929 636 4000 qui
665 3929 834 3998 legem
867 3924 1212 3988 observavit;
1243 3923 1337 3978 sed
1376 3921 1638 3976 adversus
1663 3935 1759 3975 eos
1793 3918 1988 3973 decer-

411 4023 558 4077 nitur
591 4059 604 4084 ,
660 4019 754 4089 qui
814 4017 1038 4074 sceleris
1073 4013 1279 4086 aliquid
1326 4013 1746 4075 commiserint,
1793 4010 1861 4065 ad
1893 4027 1988 4066 eos

409 4113 733 4184 judicandos
763 4151 777 4175 ,
813 4110 905 4180 qui
963 4115 1156 4164 contra
1208 4107 1379 4178 legem
1421 4105 1780 4176 peccaverint.
1812 4102 1989 4172 Atque

409 4206 512 4260 hoc
546 4203 705 4258 modo
737 4218 852 4258 sese
871 4200 1273 4257 Testamentum
1306 4195 1474 4254 Vetus
1507 4194 1732 4250 habuit:
1767 4193 1910 4265 quod
1936 4197 1988 4248 e't

411 4294 739 4351 homicidam
775 4293 1005 4349 interﬁci
1033 4333 1048 4358 ,
1083 4301 1138 4347 et
1191 4291 1495 4346 adulterum
1537 4287 1762 4358 perinde
1816 4294 1990 4340 morte

411 4391 682 4449 damnari,
718 4403 781 4440 ac
803 4387 936 4456 legis
969 4385 1289 4440 violatorem
1320 4381 1590 4452 lapidibus
1636 4378 1795 4434 obrui
1849 4392 1988 4447 prae-

2067 1926 2347 1988 Μωῦσέως
2386 1924 2563 1994 λέγει·
2597 1921 2917 1991 Προφήτην
2942 1918 3084 1988 ὑμῖν
3105 1918 3172 1971 ὲκ
3217 1917 3336 1971 τῶν
3361 1912 3653 1984 ἀδελφῶν

2067 2014 2235 2084 ὑμῶν
2270 2014 2461 2084 ἐγερεῖ
2503 2014 2736 2081 Κύριος.
2790 2011 2900 2064 Καὶ
2944 2009 3105 2062 πάλιν
3142 2010 3172 2061 6
3224 2006 3427 2076 Κύριος
3462 2005 3646 2073 λέγει·

2069 2102 2330 2171 Μωϋσῆς
2365 2104 2495 2170 περὶ
2523 2103 2669 2172 ἐμοῦ
2709 2101 2990 2171 ἔγραψεν.
3041 2100 3097 2153 '0
3119 2099 3175 2152 δὲ
3199 2096 3436 2167 Μωῦσῆς
3475 2112 3615 2166 φησι
3635 2114 3648 2125 υ

2069 2195 2244 2250 Πᾶσα
2265 2194 2458 2263 ψυχὴ,
2502 2195 2632 2262 ἥτις
2666 2196 2776 2247 οὐκ
2815 2193 3137 2246 ἀκούσεται
3188 2188 3294 2242 τοῦ
3336 2187 3654 2256 προφήτου

2069 2286 2328 2349 ἐκείνου,
2368 2284 2939 2354 ἐξολοθρευθήσεται
2960 2300 2971 2312 ·
3024 2282 3120 2334 καὶ
3147 2279 3306 2337 πάλιν
3334 2282 3363 2333 6
3398 2280 3606 2350 Κύριος
3635 2294 3649 2306 ·

2073 2379 2144 2430 Et
2172 2377 2294 2443 τοῖς
2323 2376 2618 2440 Μωυσέως
2651 2374 2991 2444 πφάμμασιν
3029 2375 3101 2426 οὐ
3138 2372 3477 2436 πιστεύετε,
3520 2369 3654 2435 πῶς

2075 2466 2153 2520 ἂν
2185 2466 2325 2531 τοὺς
2360 2465 2539 2536 ἐμοὺς
2570 2466 2790 2534 λόγους
2814 2465 3138 2528 discedere;
3168 2464 3279 2516 Καὶ
3308 2460 3655 2532 πανταχόθεν

2077 2557 2327 2625 φαίνεται
2355 2557 2631 2628 ἡὰλήθεια
2666 2557 2896 2627 φωτεινή
2927 2573 3009 2619 τις
3039 2549 3194 2620 οὖσα,
3229 2553 3322 2606 καὶ¹
3347 2551 3424 2624 μὴ
3448 2551 3654 2622 ἔχουσα

2079 2651 2286 2722 ῥυτίδα.

2149 2905 2266 2958 ΟΓ¹.
2303 2903 2542 2958 Θανάτου
2584 2903 2640 2956 δὲ
2667 2901 2826 2954 πάλιν
2861 2899 3100 2972 ὁρίζεται
3136 2900 3234 2970 τὴν
3254 2899 3524 2969 Διαθὴκην
3555 2899 3656 2951 τοῦ

2080 2994 2265 3066 νόμου,
2298 2994 2383 3048 διὰ
2415 2994 2476 3047 τὸ
2513 2993 2791 3065 εἰρηκέναι
2820 2992 2909 3044 τὸν
2953 2992 3303 3045 Ἀπόστολον·
3340 2994 3407 3045 Ei
3437 2990 3504 3044 δὲ
3529 2991 3657 3045 δια·

2082 3087 2236 3154 θήκη
2264 3085 2373 3140 τοῦ
2409 3083 2668 3139 θανάτου
2705 3085 2775 3137 ἐν
2805 3084 3159 3154 γράμμασιν,
3198 3083 3658 3153 ἐντετυπωμένη

2007 3168 2048 3222 (ἶ
2081 3180 2290 3245 λίθοις,
2319 3176 2571 3247 ἐγενήθη
2595 3177 2666 3230 ἐν
2701 3176 2870 3245 δόξῃ.
2903 3176 3013 3229 Καὶ
3034 3177 3093 3229 οὐ
3129 3176 3286 3245 μόνον
3314 3175 3470 3228 τοῦτο
3500 3170 3661 3228 εἶπεν

2084 3272 2117 3342 ἡ
2152 3269 2269 3324 θεία
2305 3270 2343 3321 Γ
2351 3268 2494 3342 ραφὴ
2518 3310 2532 3335 ,
2582 3267 2696 3322 ἀλλ’
2739 3269 2842 3332 ὅτι,
2871 3268 2933 3319 '0
2972 3269 3154 3336 νόμος
3193 3265 3398 3332 δικαίῳ
3429 3267 3501 3319 οὺ
3533 3265 3659 3318 xei-

2083 3378 2208 3423 ται,
2264 3361 2424 3414 ἀλλὰ
2471 3359 2890 3428 πατραλοίαις,
2943 3357 3040 3410 καὶ
3083 3356 3505 3426 μητρολοίαις,
3556 3357 3660 3409 καὶ

2083 3453 2414 3520 ἐπιόρκοις,
2451 3452 2547 3506 καὶ
2571 3451 2627 3505 εἴ
2655 3469 2706 3505 τι
2735 3452 3051 3505 ἀντίκειται
3077 3447 3152 3516 τῇ
3185 3449 3540 3518 ὑγιαινούσῃ
3573 3446 3667 3499 δι·-

2084 3544 2406 3611 δασκανῑίᾳ.
2476 3545 2622 3596 Ἐπεὶ
2674 3540 2765 3597 οὖν
2814 3543 2842 3594 6
2892 3542 3054 3611 νόμος
3099 3541 3292 3610 δικαίῳ
3341 3540 3400 3592 οὐ
3457 3543 3662 3603 κεῖται,

2089 3639 2402 3709 παράνομος
2431 3632 2539 3708 ἆρά
2577 3637 2723 3688 ἐστιν
2769 3635 2797 3685 6
2825 3633 3063 3696 δίκαιος;
3094 3630 3184 3702 Μὴ
3217 3631 3425 3700 γένοιτο
3459 3633 3471 3683 l
3518 3631 3663 3684 Ἀλλ’

2087 3729 2272 3800 ἐπειδὴ
2306 3729 2603 3800 προέλαϐεν
2629 3731 2657 3781 6
2682 3729 2886 3789 δίκαιος
2904 3726 2973 3779 τὰ
2992 3727 3083 3779 τοῦ
3111 3725 3275 3794 νόμου
3294 3724 3526 3784 τελέσαι,
3559 3725 3663 3777 οὐκ

2088 3821 2202 3874 ἔστι
2229 3820 2390 3892 νόμος
2421 3821 2559 3875 κατὰ
2581 3820 2785 3874 δικαίου
2816 3819 2908 3873 τοῦ
2940 3822 3300 3890 πεποιηκότος
3332 3822 3423 3875 τὸν
3459 3823 3626 3892 νόμον
3649 3841 3661 3853 ο

2087 3915 2260 3965 κεῖται
2312 3912 2367 3964 δὲ
2410 3911 2549 3965 κατὰ
2581 3911 2686 3964 τῶν
2713 3913 3067 3982 ὴνομηκότων
3087 3952 3101 3975 ,
3135 3913 3367 3977 δικάζων
3399 3914 3524 3976 τοὺς
3559 3931 3634 3966 πα
3653 3944 3666 3954 -

2090 4005 2523 4075 ρανομήσαντας.
2572 4003 2756 4067 Οὕτως
2805 3999 2896 4056 οὖν
2939 4007 2972 4074 ὴ
3014 4003 3275 4077 Διαθήκη.
3328 4005 3519 4074 Ἔλεγε
3554 4007 3665 4078 γὰρ

2087 4097 2177 4149 τὸν
2204 4096 2370 4164 φονέα
2395 4095 2732 4165 φονεύεσθαι,
2768 4097 2860 4147 καὶ
2889 4097 2978 4148 τὸν
3013 4097 3195 4166 μοιχὸν
3223 4097 3664 4160 ἀποκτείνεσθαι.

2090 4190 2183 4242 καὶ
2217 4189 2306 4242 τὸν
2358 4189 2821 4259 παρανομήσαντα
2859 4187 3267 4243 λιθοὸολεῖσθαι.
3323 4190 3568 4257 Ἐγένετο
3607 4191 3666 4244 δὲ

2089 4282 2147 4334 ἐν
2190 4281 2336 4352 δόξῃ.
2375 4279 2594 4349 Μεγάλη
2647 4279 2754 4348 γὰρ
2789 4280 3000 4346 ἐγένετο
3031 4282 3064 4350 ὴ
3117 4279 3321 4349 ταύτης
3351 4281 3496 4346 δόξα.
3544 4283 3669 4334 Πε-

2093 4373 2417 4445 ριεκράτησε
2447 4373 2554 4444 γὰρ
2589 4371 2685 4442 τῆς
2729 4371 2886 4440 δόξης
2929 4370 3037 4422 τῶν
3081 4370 3382 4442 ἀνθρώπων
3425 4371 3534 4425 ἀπὸ
3566 4373 3669 4442 τῆς

411 4490 650 4550 ceperat.
673 4480 813 4533 Idem
847 4492 1009 4546 porro
1039 4476 1381 4546 splendorem
1427 4488 1490 4526 ac
1516 4472 1745 4541 gloriam
1777 4469 1983 4532 habuit,

2093 4467 2227 4537 πρὸς
2262 4464 2521 4534 ἀλλήλους
2551 4463 2763 4526 ἀδικίας
2784 4503 2797 4525 ,
2835 4465 2891 4514 ὲν
2927 4462 3062 4531 φωτὶ
3094 4461 3284 4514 στύλου
3329 4461 3438 4532 πῦρ
3465 4480 3670 4516 τυπου-

411 4585 463 4627 et
508 4572 725 4642 quidem
785 4584 890 4621 non
945 4568 1292 4621 mediocrem.
1347 4563 1588 4621 Gloriam
1641 4563 1785 4614 enim
1848 4559 1988 4613 inter

415 4662 661 4715 homines
724 4659 795 4713 ob
848 4665 1065 4712 mutuas
1119 4655 1332 4710 illorum
1383 4652 1613 4721 injurias
1669 4651 1985 4721 promeruit.

413 4752 568 4822 Quod
625 4752 778 4820 ignea
824 4751 878 4802 in
910 4748 1162 4803 columna
1203 4746 1500 4807 traditum,
1549 4752 1604 4798 et
1636 4741 1988 4796 informatum

413 4854 494 4899 est
521 4883 536 4909 ,
572 4842 716 4895 tubis
769 4838 1060 4893 vehemens
1092 4835 1350 4906 quiddam
1404 4833 1843 4901 horrendumque
1869 4847 1990 4902 per-

413 4933 824 5005 strepentihus;
850 4929 904 4982 in
937 4926 1290 4983 tabernaculo
1321 4925 1639 4987 testimonii,
1672 4925 1990 4993 reliquaque

413 5026 561 5082 omni
579 5024 748 5096 gloria
773 5062 786 5085 ,
829 5037 948 5092 qua:
975 5019 1248 5090 praecipua
1285 5025 1400 5072 tum
1439 5017 1664 5072 exstitit.
1694 5015 1992 5085 Oportebat

412 5120 554 5174 enim
602 5117 793 5188 praeire
823 5120 1204 5169 testamentum
1231 5111 1422 5165 mortis
1445 5150 1462 5175 ,
1495 5119 1554 5164 ut
1589 5125 1712 5163 cum
1765 5109 1991 5176 peccatis

413 5226 638 5266 essemus
678 5208 910 5269 mortui,
954 5205 1183 5276 justitiw
1232 5205 1514 5257 viveremus
1559 5204 1598 5253 ν.
1636 5199 1754 5268 Qua
1778 5200 1992 5256 ratione

413 5303 664 5358 Christus
688 5301 1026 5374 inﬁrmitates
1058 5306 1268 5352 nostras
1302 5295 1616 5364 portavit”,
1659 5294 1992 5363 morbosque

414 5396 685 5466 suscepit:
715 5409 835 5465 qua:
863 5393 1043 5448 omnia
1073 5389 1291 5461 corpori
1318 5405 1418 5444 suo
1446 5386 1698 5456 imposita
1741 5387 1792 5440 in
1822 5400 1988 5439 cruce

415 5486 692 5549 sustinuit,
742 5494 801 5538 ut
847 5484 1084 5553 primum
1133 5498 1254 5552 qua:
1289 5481 1354 5533 ad
1409 5485 1635 5538 mortem
1692 5478 1984 5546 pertinent,

491 5673 503 5701 '
548 5671 687 5724 Psa‘.
746 5684 794 5726 ι..
829 5667 909 5720 l9.
985 5668 1004 5695 '
1040 5664 1180 5716 I‘sul.
1226 5678 1369 5719 xux.
1404 5655 1485 5714 Η.
1565 5661 1585 5689 ³
1617 5660 1768 5713 Deut.
1797 5677 1951 5720 xvm,
1983 5661 2066 5714 l5.

2096 4558 2230 4626 μένη
2251 4597 2264 4618 ,
2297 4557 2353 4610 ἐν
2395 4554 2648 4622 σάλπιγξι
2681 4553 2937 4624 φοϐεραῐς
2974 4553 3232 4622 ἡκούσαις
3282 4552 3445 4621 μέγα.
3481 4553 3576 4606 καὶ
3610 4555 3671 4606 ἐν
3745 4545 3749 4547 λ

2095 4648 2264 4716 σκηνῇ
2294 4644 2388 4698 τοῦ
2424 4644 2721 4715 μαρτυρίου
2744 4684 2756 4705 ,
2793 4644 2886 4697 καὶ
2919 4645 2976 4696 ἐν
3006 4642 3213 4713 μεγάλῃ
3253 4643 3372 4695 τότε
3399 4643 3669 4713 γενομένῃ

2091 4740 2239 4812 δόξῃ.
2274 4738 2419 4791 Ἔδει
2445 4737 2554 4810 γὰρ
2591 4738 2851 4808 προάγειν
2886 4737 2982 4807 τὴν
3009 4734 3271 4806 διαθήκην
3296 4734 3388 4787 τοῦ
3412 4734 3670 4798 θανάτου,

2094 4832 2180 4884 ἴνα
2215 4829 2431 4900 πρῶτον
2468 4831 2747 4892 θανόντες
2779 4828 2851 4896 τῇ
2887 4827 3141 4897 ἁμαρτίᾳ
3180 4825 3451 4895 ζήσωμεν
3481 4825 3556 4893 τῇ
3586 4824 3675 4880 δι-

2096 4923 2392 4990 καιοσύνῃ
2413 4937 2426 4950 ·
2454 4920 2529 4983 ὡς
2566 4920 2799 4990 Χριστὸς
2838 4920 2944 4986 τὰς
2990 4918 3309 4981 ἀσθενείας
3345 4916 3514 4985 ἡμῶν
3540 4917 3672 4972 ἐϐόα

2097 5028 2308 5078 στασε,
2341 5013 2434 5067 καὶ
2459 5013 2556 5076 τὰς
2587 5012 2774 5075 νόσους
2799 5011 3078 5072 ἀνέλαϐεν,
3111 5009 3340 5078 ἐνέγκας
3365 5009 3541 5062 πάντα
3583 5010 3677 5061 ἐπὶ

2097 5108 2174 5178 τῷ
2208 5106 2419 5178 σώματι
2456 5109 2513 5160 ὲν
2545 5105 2624 5175 τῷ
2650 5103 2898 5174 σταυρῷ,
2932 5104 3018 5156 ἵνα
3047 5101 3274 5174 πρῶτον,
3295 5099 3363 5153 τὰ
3389 5093 3484 5152 τοῦ
3519 5099 3677 5154 θανά-

2096 5217 2223 5265 του,
2262 5198 2452 5252 έπειτα
2479 5198 2540 5250 τὸ
2578 5198 2675 5267 τῆς
2709 5195 2851 5266 ζωῆς
2895 5196 2954 5247 ὲν
2987 5195 3136 5265 αὐτῷ
3178 5193 3244 5246 δι’
3276 5194 3422 5264 ἡμᾶς
3452 5193 3676 5262 πληρω-

2099 5291 2339 5362 θήσεται.
2374 5289 2483 5342 Καὶ
2526 5287 2612 5341 διὰ
2637 5286 2794 5340 τοῦτο
2827 5284 3040 5357 πρῶτον
3068 5283 3435 5354 ἀποθνήσκει,
3465 5281 3551 5334 ἵνα
3582 5298 3676 5333 συ-

2098 5385 2268 5455 στήσῃ
2295 5383 2394 5454 τὴν
2426 5382 2520 5434 τοῦ
2554 5381 2780 5436 θανάτου
2811 5378 3107 5449 διαθήκηνο
3145 5377 3335 5430 ἔπειτα
3371 5378 3432 5428 ὲκ
3466 5375 3677 5444 νεκρῶν

2097 5475 2432 5546 ἐγήγερται,
2468 5475 2553 5527 ἵνα
2591 5472 2698 5527 ἀπὸ
2723 5471 2881 5541 δόξης
2915 5472 2993 5535 εἰς
3026 5469 3182 5537 δόξαν
3208 5508 3222 5531 ,
3252 5465 3516 5532 καθάπερ
3560 5467 3675 5518 ἀει-ἒ

2145 5659 2337 5712 διιοειιι.
2369 5655 2526 5714 ι’.46.
2604 5658 2622 5688 ⁵
2655 5656 2808 5710 Deut.
2849 5669 3006 5717 nul,
3054 5650 3136 5706 l9.
3216 5651 3233 5680 “-
3270 5647 3431 5702 Joan.
3475 5663 3526 5707 ν.
3585 5644 3666 5699 lii.

422 5743 438 5772 '
486 5744 524 5796 ll
559 5741 685 5796 Cor.
724 5756 801 5800 tu,
843 5739 893 5790 7.
971 5737 990 5767 ‘
1033 5734 1217 5788 l'l‘im.
1261 5750 1297 5798 ι,
1330 5735 1378 5786 ‘J.
1460 5733 1478 5760 ³
1518 5730 1710 5788 lPetr.
1740 5748 1799 5798 ιι,
1841 5732 1910 5786 2i
2006 5732 2047 5762 "’
2082 5733 2183 5785 lsa.
2226 5745 2343 5792 LIII,
2389 5729 2420 5781 4
