  <div class='ocr_page' id='page_1' title='image "/cluster/home/n/w/nwhite01/storage/ocr_20150623/42/hvd.32044011752995/072.png"; bbox 0 0 3850 6204; ppageno 0'>
   <div class='ocr_carea' id='block_1_1' title="bbox 193 295 296 352">
    <p class='ocr_par' dir='ltr' id='par_1_1' title="bbox 193 295 296 352">
     <span class='ocr_line' id='line_1_1' title="bbox 193 295 296 352; baseline 0 -1"><span class='ocrx_word' id='word_1_1' title='bbox 193 295 296 352; x_wconf 64' lang='lat'><strong>“5</strong></span> 
     </span>
    </p>
   </div>
   <div class='ocr_carea' id='block_1_2' title="bbox 819 298 2722 360">
    <p class='ocr_par' dir='ltr' id='par_1_2' title="bbox 819 298 2722 360">
     <span class='ocr_line' id='line_1_2' title="bbox 819 298 2722 360; baseline 0.003 -8"><span class='ocrx_word' id='word_1_2' title='bbox 819 298 1182 356; x_wconf 80' lang='lat' dir='ltr'><strong>ADVERSUS</strong></span> <span class='ocrx_word' id='word_1_3' title='bbox 1217 299 1555 358; x_wconf 69' lang='lat' dir='ltr'><strong>IIA&#39;ZRESES</strong></span> <span class='ocrx_word' id='word_1_4' title='bbox 1593 303 1716 358; x_wconf 79' lang='lat' dir='ltr'><strong>LIB.</strong></span> <span class='ocrx_word' id='word_1_5' title='bbox 1761 305 1825 358; x_wconf 91' lang='grc' dir='ltr'><strong>ΙΙ.</strong></span> <span class='ocrx_word' id='word_1_6' title='bbox 1866 303 2026 360; x_wconf 86' lang='grc' dir='ltr'><strong>ΤΟΜ.</strong></span> <span class='ocrx_word' id='word_1_7' title='bbox 2065 303 2130 358; x_wconf 85' lang='lat' dir='ltr'><strong>ll.</strong></span> <span class='ocrx_word' id='word_1_8' title='bbox 2169 303 2508 360; x_wconf 58' lang='lat' dir='ltr'><strong>—lleBES.</strong></span> <span class='ocrx_word' id='word_1_9' title='bbox 2543 305 2722 360; x_wconf 74' lang='lat' dir='ltr'><strong>LXVI.</strong></span> 
     </span>
    </p>
   </div>
   <div class='ocr_carea' id='block_1_3' title="bbox 3341 308 3444 365">
    <p class='ocr_par' dir='ltr' id='par_1_3' title="bbox 3341 308 3444 365">
     <span class='ocr_line' id='line_1_3' title="bbox 3341 308 3444 365; baseline 0.029 -3"><span class='ocrx_word' id='word_1_10' title='bbox 3341 308 3444 365; x_wconf 68' lang='grc'><strong>146</strong></span> 
     </span>
    </p>
   </div>
   <div class='ocr_carea' id='block_1_4' title="bbox 197 413 1764 492">
    <p class='ocr_par' dir='ltr' id='par_1_4' title="bbox 197 413 1756 492">
     <span class='ocr_line' id='line_1_4' title="bbox 197 413 1756 492; baseline 0.007 -29"><span class='ocrx_word' id='word_1_11' title='bbox 197 413 411 478; x_wconf 72' lang='grc' dir='ltr'>Κυρίου</span> <span class='ocrx_word' id='word_1_12' title='bbox 459 414 816 482; x_wconf 80' lang='grc' dir='ltr'>πνεύματος.</span> <span class='ocrx_word' id='word_1_13' title='bbox 882 415 968 469; x_wconf 85' lang='grc' dir='ltr'>Ἑν</span> <span class='ocrx_word' id='word_1_14' title='bbox 1003 417 1110 488; x_wconf 72' lang='grc' dir='ltr'><strong>γάρ</strong></span> <span class='ocrx_word' id='word_1_15' title='bbox 1156 418 1234 488; x_wconf 83' lang='grc' dir='ltr'>τῷ</span> <span class='ocrx_word' id='word_1_16' title='bbox 1273 420 1492 491; x_wconf 83' lang='grc' dir='ltr'>σταυρῷ</span> <span class='ocrx_word' id='word_1_17' title='bbox 1529 421 1756 492; x_wconf 83' lang='grc' dir='ltr'>ἐθριάμ-</span> 
     </span>
    </p>
   </div>
   <div class='ocr_carea' id='block_1_5' title="bbox 1873 413 3440 492">
    <p class='ocr_par' dir='ltr' id='par_1_5' title="bbox 1873 422 3440 492">
     <span class='ocr_line' id='line_1_5' title="bbox 1873 422 3440 492; baseline 0.004 -18"><span class='ocrx_word' id='word_1_18' title='bbox 1873 432 1974 474; x_wconf 79' lang='grc' dir='ltr'>ιιιιιι</span> <span class='ocrx_word' id='word_1_19' title='bbox 2023 437 2148 475; x_wconf 79' lang='lat' dir='ltr'><strong>vero</strong></span> <span class='ocrx_word' id='word_1_20' title='bbox 2178 437 2296 490; x_wconf 63' lang='lat' dir='ltr'><strong>qua:</strong></span> <span class='ocrx_word' id='word_1_21' title='bbox 2328 431 2457 475; x_wconf 85' lang='lat' dir='ltr'><strong>sunt</strong></span> <span class='ocrx_word' id='word_1_22' title='bbox 2507 422 2630 476; x_wconf 65' lang='lat' dir='ltr'><strong>vitae</strong></span> <span class='ocrx_word' id='word_1_23' title='bbox 2685 425 2902 492; x_wconf 81' lang='lat' dir='ltr'><strong>propria</strong></span> <span class='ocrx_word' id='word_1_24' title='bbox 2945 423 2998 476; x_wconf 75' lang='grc' dir='ltr'><strong>ιιι</strong></span> <span class='ocrx_word' id='word_1_25' title='bbox 3033 424 3220 480; x_wconf 80' lang='lat' dir='ltr'><strong>eadem</strong></span> <span class='ocrx_word' id='word_1_26' title='bbox 3253 435 3440 480; x_wconf 77' lang='lat' dir='ltr'><strong>nostra</strong></span> 
     </span>
    </p>
   </div>
   <div class='ocr_carea' id='block_1_6' title="bbox 193 503 1754 586">
    <p class='ocr_par' dir='ltr' id='par_1_6' title="bbox 193 503 1754 586">
     <span class='ocr_line' id='line_1_6' title="bbox 193 503 1754 586; baseline 0.005 -29"><span class='ocrx_word' id='word_1_27' title='bbox 193 503 382 557; x_wconf 78' lang='grc' dir='ltr'>ὃευσεν</span> <span class='ocrx_word' id='word_1_28' title='bbox 410 503 580 574; x_wconf 78' lang='grc' dir='ltr'>ἀρχάς</span> <span class='ocrx_word' id='word_1_29' title='bbox 606 505 699 558; x_wconf 76' lang='grc' dir='ltr'><strong>καὶ</strong></span> <span class='ocrx_word' id='word_1_30' title='bbox 724 505 966 572; x_wconf 74' lang='grc' dir='ltr'>ἐξουσίας</span> <span class='ocrx_word' id='word_1_31' title='bbox 987 527 1000 538; x_wconf 89' lang='grc'>·</span> <span class='ocrx_word' id='word_1_32' title='bbox 1034 511 1092 562; x_wconf 82' lang='grc' dir='ltr'><strong>έν</strong></span> <span class='ocrx_word' id='word_1_33' title='bbox 1117 509 1196 580; x_wconf 82' lang='grc' dir='ltr'>τῷ</span> <span class='ocrx_word' id='word_1_34' title='bbox 1224 511 1436 582; x_wconf 80' lang='grc' dir='ltr'><strong>Θανάτῳ</strong></span> <span class='ocrx_word' id='word_1_35' title='bbox 1473 513 1754 586; x_wconf 81' lang='grc' dir='ltr'>κατέκρινε</span> 
     </span>
    </p>
   </div>
   <div class='ocr_carea' id='block_1_7' title="bbox 187 597 1748 674">
    <p class='ocr_par' dir='ltr' id='par_1_7' title="bbox 187 597 1748 674">
     <span class='ocr_line' id='line_1_7' title="bbox 187 597 1748 674; baseline 0.009 -29"><span class='ocrx_word' id='word_1_36' title='bbox 187 599 286 667; x_wconf 75' lang='grc' dir='ltr'>τὴν</span> <span class='ocrx_word' id='word_1_37' title='bbox 325 597 596 666; x_wconf 72' lang='grc' dir='ltr'><strong>ἁμαρτίαν</strong></span> <span class='ocrx_word' id='word_1_38' title='bbox 625 614 662 650; x_wconf 73' lang='grc' dir='ltr'>ο,</span> <span class='ocrx_word' id='word_1_39' title='bbox 701 598 757 650; x_wconf 79' lang='grc' dir='ltr'><strong>ἐν</strong></span> <span class='ocrx_word' id='word_1_40' title='bbox 788 597 866 668; x_wconf 84' lang='grc' dir='ltr'><strong>τῷ</strong></span> <span class='ocrx_word' id='word_1_41' title='bbox 911 599 1144 668; x_wconf 82' lang='grc' dir='ltr'>ταφῆναι</span> <span class='ocrx_word' id='word_1_42' title='bbox 1187 601 1348 671; x_wconf 66' lang='grc' dir='ltr'>ἔθαψε</span> <span class='ocrx_word' id='word_1_43' title='bbox 1378 605 1474 672; x_wconf 82' lang='grc' dir='ltr'>τὴν</span> <span class='ocrx_word' id='word_1_44' title='bbox 1503 605 1748 674; x_wconf 84' lang='grc' dir='ltr'>ἀνομίαν.</span> 
     </span>
    </p>
   </div>
   <div class='ocr_carea' id='block_1_8' title="bbox 188 688 1754 768">
    <p class='ocr_par' dir='ltr' id='par_1_8' title="bbox 188 688 1754 768">
     <span class='ocr_line' id='line_1_8' title="bbox 188 688 1754 768; baseline 0.006 -27"><span class='ocrx_word' id='word_1_45' title='bbox 188 693 244 742; x_wconf 82' lang='grc' dir='ltr'>ἐν</span> <span class='ocrx_word' id='word_1_46' title='bbox 277 688 358 759; x_wconf 84' lang='grc' dir='ltr'><strong>τῷ</strong></span> <span class='ocrx_word' id='word_1_47' title='bbox 389 688 688 758; x_wconf 82' lang='grc' dir='ltr'>γεύσασθαι</span> <span class='ocrx_word' id='word_1_48' title='bbox 719 689 948 744; x_wconf 85' lang='grc' dir='ltr'>Θανάτου</span> <span class='ocrx_word' id='word_1_49' title='bbox 979 693 1276 746; x_wconf 79' lang='grc' dir='ltr'>κατέκλασε</span> <span class='ocrx_word' id='word_1_50' title='bbox 1311 695 1371 747; x_wconf 78' lang='grc' dir='ltr'>τὺ</span> <span class='ocrx_word' id='word_1_51' title='bbox 1411 695 1629 768; x_wconf 82' lang='grc' dir='ltr'>κέντρον</span> <span class='ocrx_word' id='word_1_52' title='bbox 1663 697 1754 751; x_wconf 78' lang='grc' dir='ltr'><strong>τοῦ</strong></span> 
     </span>
    </p>
   </div>
   <div class='ocr_carea' id='block_1_9' title="bbox 187 781 1756 856">
    <p class='ocr_par' dir='ltr' id='par_1_9' title="bbox 187 781 1756 856">
     <span class='ocr_line' id='line_1_9' title="bbox 187 781 1756 856; baseline 0.005 -24"><span class='ocrx_word' id='word_1_53' title='bbox 187 781 454 834; x_wconf 85' lang='grc' dir='ltr'>θανάτου·</span> <span class='ocrx_word' id='word_1_54' title='bbox 507 783 564 832; x_wconf 83' lang='grc' dir='ltr'>ὲν</span> <span class='ocrx_word' id='word_1_55' title='bbox 595 781 672 850; x_wconf 82' lang='grc' dir='ltr'>τῷ</span> <span class='ocrx_word' id='word_1_56' title='bbox 717 783 997 836; x_wconf 82' lang='grc' dir='ltr'>κατελθεῖν</span> <span class='ocrx_word' id='word_1_57' title='bbox 1047 787 1126 847; x_wconf 82' lang='grc' dir='ltr'><strong>είς</strong></span> <span class='ocrx_word' id='word_1_58' title='bbox 1155 785 1246 837; x_wconf 76' lang='grc' dir='ltr'><strong>τὸν</strong></span> <span class='ocrx_word' id='word_1_59' title='bbox 1297 785 1428 856; x_wconf 78' lang='grc' dir='ltr'>ᾅδην</span> <span class='ocrx_word' id='word_1_60' title='bbox 1467 787 1756 840; x_wconf 80' lang='grc' dir='ltr'>ἑσκύλευσε</span> 
     </span>
    </p>
   </div>
   <div class='ocr_carea' id='block_1_10' title="bbox 183 871 1754 948">
    <p class='ocr_par' dir='ltr' id='par_1_10' title="bbox 183 871 1754 948">
     <span class='ocr_line' id='line_1_10' title="bbox 183 871 1754 948; baseline 0.002 -23"><span class='ocrx_word' id='word_1_61' title='bbox 183 873 278 926; x_wconf 75' lang='grc' dir='ltr'><strong>τὸν</strong></span> <span class='ocrx_word' id='word_1_62' title='bbox 333 873 506 944; x_wconf 56' lang='grc' dir='ltr'>ᾢην,</span> <span class='ocrx_word' id='word_1_63' title='bbox 559 871 714 926; x_wconf 76' lang='grc' dir='ltr'>ἔλυσε</span> <span class='ocrx_word' id='word_1_64' title='bbox 769 876 892 936; x_wconf 81' lang='grc' dir='ltr'>τοὺς</span> <span class='ocrx_word' id='word_1_65' title='bbox 945 875 1348 944; x_wconf 84' lang='grc' dir='ltr'>πεπεδημένους</span> <span class='ocrx_word' id='word_1_66' title='bbox 1407 877 1465 928; x_wconf 84' lang='grc' dir='ltr'>ὲν</span> <span class='ocrx_word' id='word_1_67' title='bbox 1517 876 1754 948; x_wconf 72' lang='grc' dir='ltr'>ἀνδρεία,</span> 
     </span>
    </p>
   </div>
   <div class='ocr_carea' id='block_1_11' title="bbox 184 963 1756 1036">
    <p class='ocr_par' dir='ltr' id='par_1_11' title="bbox 184 963 1756 1036">
     <span class='ocr_line' id='line_1_11' title="bbox 184 963 1756 1036; baseline 0.001 -20"><span class='ocrx_word' id='word_1_68' title='bbox 184 963 348 1017; x_wconf 72' lang='grc' dir='ltr'>ἔλαϐε</span> <span class='ocrx_word' id='word_1_69' title='bbox 397 965 456 1016; x_wconf 83' lang='grc' dir='ltr'><strong>τὸ</strong></span> <span class='ocrx_word' id='word_1_70' title='bbox 505 963 762 1034; x_wconf 84' lang='grc' dir='ltr'>τρόπαιον</span> <span class='ocrx_word' id='word_1_71' title='bbox 795 963 887 1016; x_wconf 87' lang='grc' dir='ltr'><strong>τοῦ</strong></span> <span class='ocrx_word' id='word_1_72' title='bbox 921 964 1152 1036; x_wconf 90' lang='grc' dir='ltr'>σταυροῦ</span> <span class='ocrx_word' id='word_1_73' title='bbox 1185 964 1324 1018; x_wconf 79' lang='grc' dir='ltr'>κατὰ</span> <span class='ocrx_word' id='word_1_74' title='bbox 1353 965 1444 1018; x_wconf 90' lang='grc' dir='ltr'><strong>τοῦ</strong></span> <span class='ocrx_word' id='word_1_75' title='bbox 1489 965 1756 1018; x_wconf 86' lang='grc' dir='ltr'>διαϐόλου.</span> 
     </span>
    </p>
   </div>
   <div class='ocr_carea' id='block_1_12' title="bbox 185 1053 1760 1127">
    <p class='ocr_par' dir='ltr' id='par_1_12' title="bbox 185 1053 1760 1127">
     <span class='ocr_line' id='line_1_12' title="bbox 185 1053 1760 1127; baseline 0.003 -22"><span class='ocrx_word' id='word_1_76' title='bbox 185 1055 300 1106; x_wconf 75' lang='grc' dir='ltr'>Καὶ</span> <span class='ocrx_word' id='word_1_77' title='bbox 330 1055 430 1124; x_wconf 82' lang='grc' dir='ltr'>ὅρα</span> <span class='ocrx_word' id='word_1_78' title='bbox 454 1054 566 1118; x_wconf 83' lang='grc' dir='ltr'><strong>πῶς</strong></span> <span class='ocrx_word' id='word_1_79' title='bbox 598 1057 630 1124; x_wconf 84' lang='grc' dir='ltr'>ὴ</span> <span class='ocrx_word' id='word_1_80' title='bbox 685 1053 808 1120; x_wconf 80' lang='grc' dir='ltr'>δόξα</span> <span class='ocrx_word' id='word_1_81' title='bbox 855 1053 992 1125; x_wconf 80' lang='grc' dir='ltr'>αῦτη</span> <span class='ocrx_word' id='word_1_82' title='bbox 1045 1054 1150 1106; x_wconf 76' lang='grc' dir='ltr'><strong>ἀπὸ</strong></span> <span class='ocrx_word' id='word_1_83' title='bbox 1187 1056 1464 1118; x_wconf 82' lang='grc' dir='ltr'>Μωῦσέως</span> <span class='ocrx_word' id='word_1_84' title='bbox 1497 1057 1622 1127; x_wconf 80' lang='grc' dir='ltr'>ἄχρι</span> <span class='ocrx_word' id='word_1_85' title='bbox 1665 1057 1760 1110; x_wconf 85' lang='grc' dir='ltr'><strong>τοῦ</strong></span> 
     </span>
    </p>
   </div>
   <div class='ocr_carea' id='block_1_13' title="bbox 185 1143 1760 1215">
    <p class='ocr_par' dir='ltr' id='par_1_13' title="bbox 185 1143 1760 1215">
     <span class='ocr_line' id='line_1_13' title="bbox 185 1143 1760 1215; baseline 0.001 -19"><span class='ocrx_word' id='word_1_86' title='bbox 185 1145 395 1214; x_wconf 77' lang='grc' dir='ltr'>Κυρίου</span> <span class='ocrx_word' id='word_1_87' title='bbox 419 1160 431 1173; x_wconf 92' lang='grc'><strong>·</strong></span> <span class='ocrx_word' id='word_1_88' title='bbox 464 1145 612 1214; x_wconf 72' lang='grc' dir='ltr'><strong>πόσῳ</strong></span> <span class='ocrx_word' id='word_1_89' title='bbox 639 1161 701 1212; x_wconf 90' lang='grc' dir='ltr'><strong>γε</strong></span> <span class='ocrx_word' id='word_1_90' title='bbox 731 1143 925 1212; x_wconf 79' lang='grc' dir='ltr'>μᾶλλον</span> <span class='ocrx_word' id='word_1_91' title='bbox 965 1146 996 1214; x_wconf 82' lang='grc' dir='ltr'>ἡ</span> <span class='ocrx_word' id='word_1_92' title='bbox 1043 1143 1269 1215; x_wconf 81' lang='grc' dir='ltr'><strong>διαθήκη</strong></span> <span class='ocrx_word' id='word_1_93' title='bbox 1305 1145 1404 1214; x_wconf 86' lang='grc' dir='ltr'><strong>τῆς</strong></span> <span class='ocrx_word' id='word_1_94' title='bbox 1437 1143 1581 1215; x_wconf 77' lang='grc' dir='ltr'>ζωῆς</span> <span class='ocrx_word' id='word_1_95' title='bbox 1611 1146 1760 1198; x_wconf 81' lang='grc' dir='ltr'>ἔσται</span> 
     </span>
    </p>
   </div>
   <div class='ocr_carea' id='block_1_14' title="bbox 185 1231 1762 1306">
    <p class='ocr_par' dir='ltr' id='par_1_14' title="bbox 185 1231 1762 1306">
     <span class='ocr_line' id='line_1_14' title="bbox 185 1231 1762 1306; baseline 0.004 -23"><span class='ocrx_word' id='word_1_96' title='bbox 185 1233 244 1283; x_wconf 76' lang='grc' dir='ltr'><strong>ἐν</strong></span> <span class='ocrx_word' id='word_1_97' title='bbox 279 1231 438 1306; x_wconf 83' lang='grc' dir='ltr'>δόξῃ,</span> <span class='ocrx_word' id='word_1_98' title='bbox 477 1232 624 1284; x_wconf 89' lang='grc' dir='ltr'>λίθου</span> <span class='ocrx_word' id='word_1_99' title='bbox 660 1233 1158 1302; x_wconf 81' lang='grc' dir='ltr'>ἀποκεκυλισμένου</span> <span class='ocrx_word' id='word_1_100' title='bbox 1179 1275 1193 1294; x_wconf 88' lang='grc'><strong>,</strong></span> <span class='ocrx_word' id='word_1_101' title='bbox 1242 1233 1456 1302; x_wconf 83' lang='grc' dir='ltr'>πετρῶν</span> <span class='ocrx_word' id='word_1_102' title='bbox 1491 1235 1762 1306; x_wconf 74' lang='grc' dir='ltr'>ῥηγνυμέ-</span> 
     </span>
    </p>
   </div>
   <div class='ocr_carea' id='block_1_15' title="bbox 183 1323 1760 1396">
    <p class='ocr_par' dir='ltr' id='par_1_15' title="bbox 183 1323 1760 1396">
     <span class='ocr_line' id='line_1_15' title="bbox 183 1323 1760 1396; baseline 0.003 -22"><span class='ocrx_word' id='word_1_103' title='bbox 183 1341 318 1386; x_wconf 88' lang='grc' dir='ltr'>νων,</span> <span class='ocrx_word' id='word_1_104' title='bbox 355 1325 648 1394; x_wconf 79' lang='grc' dir='ltr'>μνημάτων</span> <span class='ocrx_word' id='word_1_105' title='bbox 683 1324 1056 1394; x_wconf 84' lang='grc' dir='ltr'>ἀνοιχθέντων,</span> <span class='ocrx_word' id='word_1_106' title='bbox 1087 1323 1331 1392; x_wconf 85' lang='grc' dir='ltr'>ἀγγέλων</span> <span class='ocrx_word' id='word_1_107' title='bbox 1365 1325 1760 1396; x_wconf 76' lang='grc' dir='ltr'>ἐξαστραπτόν-</span> 
     </span>
    </p>
   </div>
   <div class='ocr_carea' id='block_1_16' title="bbox 183 1411 1758 1482">
    <p class='ocr_par' dir='ltr' id='par_1_16' title="bbox 183 1411 1758 1482">
     <span class='ocr_line' id='line_1_16' title="bbox 183 1411 1758 1482; baseline 0.001 -19"><span class='ocrx_word' id='word_1_108' title='bbox 183 1429 318 1476; x_wconf 88' lang='grc' dir='ltr'>των,</span> <span class='ocrx_word' id='word_1_109' title='bbox 349 1411 624 1480; x_wconf 85' lang='grc' dir='ltr'>γυναικῶν</span> <span class='ocrx_word' id='word_1_110' title='bbox 653 1411 1169 1480; x_wconf 74' lang='grc' dir='ltr'>εὐαγγελιζομένων,</span> <span class='ocrx_word' id='word_1_111' title='bbox 1201 1414 1422 1482; x_wconf 81' lang='grc' dir='ltr'>εἰρήνης</span> <span class='ocrx_word' id='word_1_112' title='bbox 1460 1413 1758 1482; x_wconf 85' lang='grc' dir='ltr'>διδομένης,</span> 
     </span>
    </p>
   </div>
   <div class='ocr_carea' id='block_1_17' title="bbox 183 1503 1760 1574">
    <p class='ocr_par' dir='ltr' id='par_1_17' title="bbox 183 1503 1760 1574">
     <span class='ocr_line' id='line_1_17' title="bbox 183 1503 1760 1574; baseline 0.002 -18"><span class='ocrx_word' id='word_1_113' title='bbox 183 1505 506 1572; x_wconf 80' lang='grc' dir='ltr'>Πνεῦματος</span> <span class='ocrx_word' id='word_1_114' title='bbox 553 1505 680 1572; x_wconf 84' lang='grc' dir='ltr'>παρ’</span> <span class='ocrx_word' id='word_1_115' title='bbox 725 1503 887 1556; x_wconf 77' lang='grc' dir='ltr'>αὑτοῦ</span> <span class='ocrx_word' id='word_1_116' title='bbox 939 1505 1048 1565; x_wconf 83' lang='grc' dir='ltr'>τοῖς</span> <span class='ocrx_word' id='word_1_117' title='bbox 1104 1503 1419 1568; x_wconf 79' lang='grc' dir='ltr'>ἀποστόλοις</span> <span class='ocrx_word' id='word_1_118' title='bbox 1467 1504 1760 1574; x_wconf 83' lang='grc' dir='ltr'>διδομένου,</span> 
     </span>
    </p>
   </div>
   <div class='ocr_carea' id='block_1_18' title="bbox 179 1592 1762 1664">
    <p class='ocr_par' dir='ltr' id='par_1_18' title="bbox 179 1592 1762 1664">
     <span class='ocr_line' id='line_1_18' title="bbox 179 1592 1762 1664; baseline 0.003 -21"><span class='ocrx_word' id='word_1_119' title='bbox 179 1592 434 1663; x_wconf 81' lang='grc' dir='ltr'>οὐρανῶν</span> <span class='ocrx_word' id='word_1_120' title='bbox 495 1592 766 1662; x_wconf 76' lang='grc' dir='ltr'>βασιλείας</span> <span class='ocrx_word' id='word_1_121' title='bbox 820 1594 1325 1664; x_wconf 83' lang='grc' dir='ltr'>καταγγελλομένης</span> <span class='ocrx_word' id='word_1_122' title='bbox 1358 1635 1371 1652; x_wconf 87' lang='grc'><strong>.</strong></span> <span class='ocrx_word' id='word_1_123' title='bbox 1433 1595 1762 1663; x_wconf 83' lang='grc' dir='ltr'>Εὐαγγελίου</span> 
     </span>
    </p>
   </div>
   <div class='ocr_carea' id='block_1_19' title="bbox 181 1682 1760 1754">
    <p class='ocr_par' dir='ltr' id='par_1_19' title="bbox 181 1682 1760 1754">
     <span class='ocr_line' id='line_1_19' title="bbox 181 1682 1760 1754; baseline 0.004 -21"><span class='ocrx_word' id='word_1_124' title='bbox 181 1682 524 1749; x_wconf 78' lang='grc' dir='ltr'>φωτίσαντος</span> <span class='ocrx_word' id='word_1_125' title='bbox 567 1685 665 1752; x_wconf 82' lang='grc' dir='ltr'>τὴν</span> <span class='ocrx_word' id='word_1_126' title='bbox 711 1683 1074 1754; x_wconf 88' lang='grc' dir='ltr'>οἰκουμένην;</span> <span class='ocrx_word' id='word_1_127' title='bbox 1144 1685 1206 1736; x_wconf 86' lang='lat'><strong>&#39;0</strong></span> <span class='ocrx_word' id='word_1_128' title='bbox 1251 1685 1510 1752; x_wconf 73' lang='grc' dir='ltr'>καταϐὰς</span> <span class='ocrx_word' id='word_1_129' title='bbox 1559 1687 1760 1752; x_wconf 76' lang='grc' dir='ltr'>αὐτὸς,</span> 
     </span>
    </p>
   </div>
   <div class='ocr_carea' id='block_1_20' title="bbox 1860 514 3439 580">
    <p class='ocr_par' dir='ltr' id='par_1_20' title="bbox 1860 514 3439 580">
     <span class='ocr_line' id='line_1_20' title="bbox 1860 514 3439 580; baseline 0.003 -14"><span class='ocrx_word' id='word_1_130' title='bbox 1860 529 2023 566; x_wconf 87' lang='lat' dir='ltr'><strong>causa</strong></span> <span class='ocrx_word' id='word_1_131' title='bbox 2073 514 2492 580; x_wconf 85' lang='lat' dir='ltr'><strong>complerentur.</strong></span> <span class='ocrx_word' id='word_1_132' title='bbox 2560 515 2731 576; x_wconf 83' lang='lat' dir='ltr'><strong>Quam</strong></span> <span class='ocrx_word' id='word_1_133' title='bbox 2791 515 2862 567; x_wconf 89' lang='lat' dir='ltr'><strong>ob</strong></span> <span class='ocrx_word' id='word_1_134' title='bbox 2930 529 3152 568; x_wconf 87' lang='lat' dir='ltr'><strong>oausam</strong></span> <span class='ocrx_word' id='word_1_135' title='bbox 3209 517 3439 571; x_wconf 86' lang='lat' dir='ltr'><strong>moritur</strong></span> 
     </span>
    </p>
   </div>
   <div class='ocr_carea' id='block_1_21' title="bbox 1857 604 3437 678">
    <p class='ocr_par' dir='ltr' id='par_1_21' title="bbox 1857 604 3437 678">
     <span class='ocr_line' id='line_1_21' title="bbox 1857 604 3437 678; baseline 0.001 -22"><span class='ocrx_word' id='word_1_136' title='bbox 1857 604 2053 673; x_wconf 88' lang='lat' dir='ltr'><strong>primo,</strong></span> <span class='ocrx_word' id='word_1_137' title='bbox 2089 611 2148 656; x_wconf 92' lang='lat' dir='ltr'><strong>ut</strong></span> <span class='ocrx_word' id='word_1_138' title='bbox 2175 605 2364 656; x_wconf 82' lang='lat' dir='ltr'><strong>mortis</strong></span> <span class='ocrx_word' id='word_1_139' title='bbox 2397 610 2772 658; x_wconf 89' lang='lat' dir='ltr'><strong>testamentum</strong></span> <span class='ocrx_word' id='word_1_140' title='bbox 2807 605 3232 660; x_wconf 74' lang='lat' dir='ltr'><strong>cor-umendaret.</strong></span> <span class='ocrx_word' id='word_1_141' title='bbox 3271 607 3437 678; x_wconf 57' lang='lat'><strong>695</strong></span> 
     </span>
    </p>
   </div>
   <div class='ocr_carea' id='block_1_22' title="bbox 1858 689 3438 764">
    <p class='ocr_par' dir='ltr' id='par_1_22' title="bbox 1858 689 3438 764">
     <span class='ocr_line' id='line_1_22' title="bbox 1858 689 3438 764; baseline 0.006 -22"><span class='ocrx_word' id='word_1_142' title='bbox 1858 689 2065 747; x_wconf 78' lang='lat' dir='ltr'><strong>Deinde</strong></span> <span class='ocrx_word' id='word_1_143' title='bbox 2098 707 2128 745; x_wconf 88' lang='lat' dir='ltr'><strong>a</strong></span> <span class='ocrx_word' id='word_1_144' title='bbox 2158 693 2392 746; x_wconf 91' lang='lat' dir='ltr'><strong>mortuis</strong></span> <span class='ocrx_word' id='word_1_145' title='bbox 2441 693 2716 748; x_wconf 74' lang='lat' dir='ltr'><strong>excitatus</strong></span> <span class='ocrx_word' id='word_1_146' title='bbox 2743 703 2824 747; x_wconf 87' lang='lat' dir='ltr'><strong>est</strong></span> <span class='ocrx_word' id='word_1_147' title='bbox 2851 737 2865 758; x_wconf 92' lang='lat'><strong>,</strong></span> <span class='ocrx_word' id='word_1_148' title='bbox 2896 703 2953 746; x_wconf 91' lang='lat' dir='ltr'><strong>ttt</strong></span> <span class='ocrx_word' id='word_1_149' title='bbox 3001 711 3028 747; x_wconf 89' lang='lat' dir='ltr'><strong>a</strong></span> <span class='ocrx_word' id='word_1_150' title='bbox 3066 696 3237 764; x_wconf 77' lang='lat' dir='ltr'><strong>gloria</strong></span> <span class='ocrx_word' id='word_1_151' title='bbox 3271 708 3438 754; x_wconf 82' lang='lat' dir='ltr'><strong>trans-</strong></span> 
     </span>
    </p>
   </div>
   <div class='ocr_carea' id='block_1_23' title="bbox 1861 781 3440 854">
    <p class='ocr_par' dir='ltr' id='par_1_23' title="bbox 1861 781 3440 854">
     <span class='ocr_line' id='line_1_23' title="bbox 1861 781 3440 854; baseline 0.003 -19"><span class='ocrx_word' id='word_1_152' title='bbox 1861 783 1963 837; x_wconf 88' lang='lat' dir='ltr'><strong>iret</strong></span> <span class='ocrx_word' id='word_1_153' title='bbox 2017 781 2084 836; x_wconf 88' lang='lat' dir='ltr'><strong>ad</strong></span> <span class='ocrx_word' id='word_1_154' title='bbox 2115 782 2360 854; x_wconf 81' lang='lat' dir='ltr'><strong>gloriam,</strong></span> <span class='ocrx_word' id='word_1_155' title='bbox 2393 793 2642 852; x_wconf 85' lang='lat' dir='ltr'><strong>tanquam</strong></span> <span class='ocrx_word' id='word_1_156' title='bbox 2691 802 2723 836; x_wconf 81' lang='grc' dir='ltr'><strong>α</strong></span> <span class='ocrx_word' id='word_1_157' title='bbox 2753 785 2968 839; x_wconf 82' lang='lat' dir='ltr'><strong>Domini</strong></span> <span class='ocrx_word' id='word_1_158' title='bbox 2998 789 3190 854; x_wconf 78' lang='lat' dir='ltr'><strong>spiritu</strong></span> <span class='ocrx_word' id='word_1_159' title='bbox 3224 790 3265 838; x_wconf 77' lang='grc'><strong>⁸.</strong></span> <span class='ocrx_word' id='word_1_160' title='bbox 3305 787 3440 842; x_wconf 87' lang='lat' dir='ltr'><strong>Nam</strong></span> 
     </span>
    </p>
   </div>
   <div class='ocr_carea' id='block_1_24' title="bbox 1863 867 3442 941">
    <p class='ocr_par' dir='ltr' id='par_1_24' title="bbox 1863 867 3442 941">
     <span class='ocr_line' id='line_1_24' title="bbox 1863 867 3442 941; baseline 0.006 -21"><span class='ocrx_word' id='word_1_161' title='bbox 1863 867 1916 921; x_wconf 92' lang='lat' dir='ltr'><strong>in</strong></span> <span class='ocrx_word' id='word_1_162' title='bbox 1945 883 2106 924; x_wconf 89' lang='lat' dir='ltr'><strong>cruce</strong></span> <span class='ocrx_word' id='word_1_163' title='bbox 2149 869 2482 939; x_wconf 81' lang='lat' dir='ltr'><strong>principatus</strong></span> <span class='ocrx_word' id='word_1_164' title='bbox 2535 887 2597 924; x_wconf 88' lang='lat' dir='ltr'><strong>ac</strong></span> <span class='ocrx_word' id='word_1_165' title='bbox 2651 881 2947 941; x_wconf 84' lang='lat' dir='ltr'><strong>potestates</strong></span> <span class='ocrx_word' id='word_1_166' title='bbox 2979 875 3126 929; x_wconf 87' lang='lat' dir='ltr'><strong>velut</strong></span> <span class='ocrx_word' id='word_1_167' title='bbox 3159 877 3211 929; x_wconf 91' lang='lat' dir='ltr'><strong>in</strong></span> <span class='ocrx_word' id='word_1_168' title='bbox 3249 878 3442 930; x_wconf 90' lang='lat' dir='ltr'><strong>trium-</strong></span> 
     </span>
    </p>
   </div>
   <div class='ocr_carea' id='block_1_25' title="bbox 1864 961 3441 1036">
    <p class='ocr_par' dir='ltr' id='par_1_25' title="bbox 1864 961 3441 1036">
     <span class='ocr_line' id='line_1_25' title="bbox 1864 961 3441 1036; baseline 0.006 -24"><span class='ocrx_word' id='word_1_169' title='bbox 1864 961 1970 1029; x_wconf 87' lang='lat' dir='ltr'><strong>pho</strong></span> <span class='ocrx_word' id='word_1_170' title='bbox 1997 961 2235 1016; x_wconf 74' lang='lat' dir='ltr'><strong>traduxit</strong></span> <span class='ocrx_word' id='word_1_171' title='bbox 2270 963 2315 1014; x_wconf 84' lang='grc'>³.</span> <span class='ocrx_word' id='word_1_172' title='bbox 2345 963 2402 1016; x_wconf 89' lang='lat' dir='ltr'><strong>In</strong></span> <span class='ocrx_word' id='word_1_173' title='bbox 2435 973 2612 1018; x_wconf 89' lang='lat' dir='ltr'><strong>morte</strong></span> <span class='ocrx_word' id='word_1_174' title='bbox 2658 981 2787 1020; x_wconf 86' lang='lat' dir='ltr'><strong>vero</strong></span> <span class='ocrx_word' id='word_1_175' title='bbox 2823 979 3101 1036; x_wconf 89' lang='lat' dir='ltr'><strong>peccatum</strong></span> <span class='ocrx_word' id='word_1_176' title='bbox 3139 969 3441 1031; x_wconf 82' lang='lat' dir='ltr'><strong>damnavit,</strong></span> 
     </span>
    </p>
   </div>
   <div class='ocr_carea' id='block_1_26' title="bbox 1865 1054 3442 1131">
    <p class='ocr_par' dir='ltr' id='par_1_26' title="bbox 1865 1054 3442 1131">
     <span class='ocr_line' id='line_1_26' title="bbox 1865 1054 3442 1131; baseline 0.004 -23"><span class='ocrx_word' id='word_1_177' title='bbox 1865 1055 1922 1108; x_wconf 92' lang='lat' dir='ltr'><strong>in</strong></span> <span class='ocrx_word' id='word_1_178' title='bbox 1975 1054 2252 1123; x_wconf 78' lang='lat' dir='ltr'><strong>sepultura</strong></span> <span class='ocrx_word' id='word_1_179' title='bbox 2311 1055 2651 1124; x_wconf 84' lang='lat' dir='ltr'><strong>iniquitatem</strong></span> <span class='ocrx_word' id='word_1_180' title='bbox 2685 1060 2939 1127; x_wconf 89' lang='lat' dir='ltr'><strong>sepeliit,</strong></span> <span class='ocrx_word' id='word_1_181' title='bbox 2993 1061 3048 1114; x_wconf 91' lang='lat' dir='ltr'><strong>in</strong></span> <span class='ocrx_word' id='word_1_182' title='bbox 3105 1061 3442 1131; x_wconf 77' lang='lat' dir='ltr'><strong>degustanda</strong></span> 
     </span>
    </p>
   </div>
   <div class='ocr_carea' id='block_1_27' title="bbox 1863 1144 3438 1217">
    <p class='ocr_par' dir='ltr' id='par_1_27' title="bbox 1863 1144 3438 1217">
     <span class='ocr_line' id='line_1_27' title="bbox 1863 1144 3438 1217; baseline 0.004 -23"><span class='ocrx_word' id='word_1_183' title='bbox 1863 1151 2038 1198; x_wconf 88' lang='lat' dir='ltr'><strong>morte</strong></span> <span class='ocrx_word' id='word_1_184' title='bbox 2082 1144 2360 1198; x_wconf 90' lang='lat' dir='ltr'><strong>stimulum</strong></span> <span class='ocrx_word' id='word_1_185' title='bbox 2415 1146 2603 1201; x_wconf 90' lang='lat' dir='ltr'><strong>mortis</strong></span> <span class='ocrx_word' id='word_1_186' title='bbox 2644 1145 2861 1217; x_wconf 78' lang='lat' dir='ltr'><strong>infregit</strong></span> <span class='ocrx_word' id='word_1_187' title='bbox 2917 1147 2958 1210; x_wconf 67' lang='grc'>⁸,</span> <span class='ocrx_word' id='word_1_188' title='bbox 2999 1149 3050 1202; x_wconf 85' lang='grc' dir='ltr'>ἰιι</span> <span class='ocrx_word' id='word_1_189' title='bbox 3107 1165 3207 1204; x_wconf 83' lang='lat' dir='ltr'><strong>suo</strong></span> <span class='ocrx_word' id='word_1_190' title='bbox 3253 1149 3344 1204; x_wconf 91' lang='lat' dir='ltr'><strong>illo</strong></span> <span class='ocrx_word' id='word_1_191' title='bbox 3375 1151 3438 1202; x_wconf 83' lang='lat' dir='ltr'><strong>ad</strong></span> 
     </span>
    </p>
   </div>
   <div class='ocr_carea' id='block_1_28' title="bbox 1868 1231 3442 1304">
    <p class='ocr_par' dir='ltr' id='par_1_28' title="bbox 1868 1231 3442 1304">
     <span class='ocr_line' id='line_1_28' title="bbox 1868 1231 3442 1304; baseline 0.005 -18"><span class='ocrx_word' id='word_1_192' title='bbox 1868 1231 2079 1288; x_wconf 82' lang='lat' dir='ltr'><strong>inferos</strong></span> <span class='ocrx_word' id='word_1_193' title='bbox 2134 1233 2400 1288; x_wconf 88' lang='lat' dir='ltr'><strong>descensu</strong></span> <span class='ocrx_word' id='word_1_194' title='bbox 2451 1235 2623 1304; x_wconf 88' lang='lat' dir='ltr'><strong>spolia</strong></span> <span class='ocrx_word' id='word_1_195' title='bbox 2663 1235 2896 1290; x_wconf 79' lang='lat' dir='ltr'><strong>detraxit</strong></span> <span class='ocrx_word' id='word_1_196' title='bbox 2953 1239 3172 1302; x_wconf 89' lang='lat' dir='ltr'><strong>inferis,</strong></span> <span class='ocrx_word' id='word_1_197' title='bbox 3229 1242 3442 1295; x_wconf 86' lang='lat' dir='ltr'><strong>vinctos</strong></span> 
     </span>
    </p>
   </div>
   <div class='ocr_carea' id='block_1_29' title="bbox 1867 1321 3441 1388">
    <p class='ocr_par' dir='ltr' id='par_1_29' title="bbox 1867 1321 3441 1388">
     <span class='ocr_line' id='line_1_29' title="bbox 1867 1321 3441 1388; baseline 0.006 -13"><span class='ocrx_word' id='word_1_198' title='bbox 1867 1321 2181 1377; x_wconf 86' lang='lat' dir='ltr'><strong>fortitudine</strong></span> <span class='ocrx_word' id='word_1_199' title='bbox 2233 1340 2330 1378; x_wconf 90' lang='lat' dir='ltr'><strong>sua</strong></span> <span class='ocrx_word' id='word_1_200' title='bbox 2389 1323 2674 1388; x_wconf 86' lang='lat' dir='ltr'><strong>liberavit,</strong></span> <span class='ocrx_word' id='word_1_201' title='bbox 2728 1327 2988 1382; x_wconf 86' lang='lat' dir='ltr'><strong>adversus</strong></span> <span class='ocrx_word' id='word_1_202' title='bbox 3025 1329 3298 1384; x_wconf 86' lang='lat' dir='ltr'><strong>diabolum</strong></span> <span class='ocrx_word' id='word_1_203' title='bbox 3331 1341 3441 1385; x_wconf 87' lang='lat' dir='ltr'><strong>tro-</strong></span> 
     </span>
    </p>
   </div>
   <div class='ocr_carea' id='block_1_30' title="bbox 1864 1413 3440 1489">
    <p class='ocr_par' dir='ltr' id='par_1_30' title="bbox 1864 1413 3440 1489">
     <span class='ocr_line' id='line_1_30' title="bbox 1864 1413 3440 1489; baseline 0.004 -23"><span class='ocrx_word' id='word_1_204' title='bbox 1864 1427 2039 1481; x_wconf 65' lang='lat' dir='ltr'><strong>paeum</strong></span> <span class='ocrx_word' id='word_1_205' title='bbox 2113 1413 2294 1467; x_wconf 89' lang='lat' dir='ltr'><strong>crucis</strong></span> <span class='ocrx_word' id='word_1_206' title='bbox 2324 1413 2550 1482; x_wconf 72' lang='lat' dir='ltr'><strong>accepit.</strong></span> <span class='ocrx_word' id='word_1_207' title='bbox 2583 1413 2718 1469; x_wconf 81' lang='lat' dir='ltr'><strong>Vide</strong></span> <span class='ocrx_word' id='word_1_208' title='bbox 2769 1424 2828 1468; x_wconf 92' lang='grc' dir='ltr'><strong>ιιι</strong></span> <span class='ocrx_word' id='word_1_209' title='bbox 2877 1433 2904 1470; x_wconf 87' lang='lat' dir='ltr'><strong>a</strong></span> <span class='ocrx_word' id='word_1_210' title='bbox 2947 1417 3130 1489; x_wconf 79' lang='lat' dir='ltr'><strong>Moyse</strong></span> <span class='ocrx_word' id='word_1_211' title='bbox 3183 1421 3250 1474; x_wconf 92' lang='lat' dir='ltr'><strong>ad</strong></span> <span class='ocrx_word' id='word_1_212' title='bbox 3284 1421 3440 1474; x_wconf 83' lang='lat' dir='ltr'><strong>Citri-</strong></span> 
     </span>
    </p>
   </div>
   <div class='ocr_carea' id='block_1_31' title="bbox 1867 1503 3434 1583">
    <p class='ocr_par' dir='ltr' id='par_1_31' title="bbox 1867 1503 3434 1583">
     <span class='ocr_line' id='line_1_31' title="bbox 1867 1503 3434 1583; baseline 0.004 -25"><span class='ocrx_word' id='word_1_213' title='bbox 1867 1513 2006 1558; x_wconf 90' lang='lat' dir='ltr'><strong>stum</strong></span> <span class='ocrx_word' id='word_1_214' title='bbox 2045 1504 2216 1574; x_wconf 80' lang='lat' dir='ltr'><strong>gloria</strong></span> <span class='ocrx_word' id='word_1_215' title='bbox 2257 1503 2594 1574; x_wconf 71' lang='lat' dir='ltr'><strong>perstiterit,</strong></span> <span class='ocrx_word' id='word_1_216' title='bbox 2629 1517 2832 1576; x_wconf 84' lang='lat' dir='ltr'><strong>quanto</strong></span> <span class='ocrx_word' id='word_1_217' title='bbox 2862 1525 2990 1580; x_wconf 83' lang='lat' dir='ltr'><strong>ergo</strong></span> <span class='ocrx_word' id='word_1_218' title='bbox 3035 1513 3292 1580; x_wconf 80' lang='lat' dir='ltr'><strong>majorem</strong></span> <span class='ocrx_word' id='word_1_219' title='bbox 3325 1516 3434 1583; x_wconf 82' lang='lat' dir='ltr'><strong>glo-</strong></span> 
     </span>
    </p>
   </div>
   <div class='ocr_carea' id='block_1_32' title="bbox 1865 1595 3438 1673">
    <p class='ocr_par' dir='ltr' id='par_1_32' title="bbox 1865 1595 3438 1673">
     <span class='ocr_line' id='line_1_32' title="bbox 1865 1595 3438 1673; baseline 0.008 -27"><span class='ocrx_word' id='word_1_220' title='bbox 1865 1595 2000 1647; x_wconf 87' lang='lat' dir='ltr'><strong>riam</strong></span> <span class='ocrx_word' id='word_1_221' title='bbox 2059 1595 2180 1649; x_wconf 72' lang='lat' dir='ltr'><strong>vita:</strong></span> <span class='ocrx_word' id='word_1_222' title='bbox 2239 1604 2622 1651; x_wconf 82' lang='lat' dir='ltr'><strong>testamentum</strong></span> <span class='ocrx_word' id='word_1_223' title='bbox 2675 1599 2978 1664; x_wconf 59' lang='lat' dir='ltr'><strong>obtinebit,</strong></span> <span class='ocrx_word' id='word_1_224' title='bbox 3033 1617 3155 1656; x_wconf 92' lang='lat' dir='ltr'><strong>cum</strong></span> <span class='ocrx_word' id='word_1_225' title='bbox 3199 1611 3250 1656; x_wconf 86' lang='lat' dir='ltr'><strong>et</strong></span> <span class='ocrx_word' id='word_1_226' title='bbox 3306 1605 3438 1673; x_wconf 79' lang='lat' dir='ltr'><strong>lapis</strong></span> 
     </span>
    </p>
   </div>
   <div class='ocr_carea' id='block_1_33' title="bbox 1869 1685 3440 1758">
    <p class='ocr_par' dir='ltr' id='par_1_33' title="bbox 1869 1685 3440 1758">
     <span class='ocr_line' id='line_1_33' title="bbox 1869 1685 3440 1758; baseline 0.008 -22"><span class='ocrx_word' id='word_1_227' title='bbox 1869 1685 2178 1749; x_wconf 71' lang='lat' dir='ltr'><strong>revolvitur,</strong></span> <span class='ocrx_word' id='word_1_228' title='bbox 2223 1695 2273 1739; x_wconf 90' lang='lat' dir='ltr'><strong>et</strong></span> <span class='ocrx_word' id='word_1_229' title='bbox 2315 1701 2445 1740; x_wconf 74' lang='lat' dir='ltr'><strong>saxa</strong></span> <span class='ocrx_word' id='word_1_230' title='bbox 2489 1686 2844 1758; x_wconf 83' lang='lat' dir='ltr'><strong>franguntur,</strong></span> <span class='ocrx_word' id='word_1_231' title='bbox 2895 1701 2947 1744; x_wconf 88' lang='lat' dir='ltr'><strong>et</strong></span> <span class='ocrx_word' id='word_1_232' title='bbox 2999 1694 3330 1748; x_wconf 71' lang='lat' dir='ltr'><strong>monimenta</strong></span> <span class='ocrx_word' id='word_1_233' title='bbox 3358 1713 3440 1750; x_wconf 85' lang='lat' dir='ltr'><strong>re-</strong></span> 
     </span>
    </p>
   </div>
   <div class='ocr_carea' id='block_1_34' title="bbox 181 1757 1764 1850">
    <p class='ocr_par' dir='ltr' id='par_1_34' title="bbox 181 1773 1762 1843">
     <span class='ocr_line' id='line_1_34' title="bbox 181 1773 1762 1843; baseline 0.004 -19"><span class='ocrx_word' id='word_1_234' title='bbox 181 1773 284 1825; x_wconf 76' lang='grc' dir='ltr'>καῑ</span> <span class='ocrx_word' id='word_1_235' title='bbox 324 1777 358 1826; x_wconf 81' lang='grc' dir='ltr'><em>ὀ</em></span> <span class='ocrx_word' id='word_1_236' title='bbox 393 1773 616 1839; x_wconf 80' lang='grc' dir='ltr'>ἀναϐὰς</span> <span class='ocrx_word' id='word_1_237' title='bbox 663 1774 862 1828; x_wconf 78' lang='grc' dir='ltr'>ἐπάνω</span> <span class='ocrx_word' id='word_1_238' title='bbox 891 1773 1132 1828; x_wconf 79' lang='grc' dir='ltr'>πάντων</span> <span class='ocrx_word' id='word_1_239' title='bbox 1165 1775 1282 1828; x_wconf 85' lang='grc' dir='ltr'><strong>τῶν</strong></span> <span class='ocrx_word' id='word_1_240' title='bbox 1323 1775 1627 1843; x_wconf 76' lang='grc' dir='ltr'>οὐρανῶν,</span> <span class='ocrx_word' id='word_1_241' title='bbox 1664 1778 1762 1830; x_wconf 80' lang='grc' dir='ltr'>καὶ</span> 
     </span>
    </p>
   </div>
   <div class='ocr_carea' id='block_1_35' title="bbox 1873 1757 3440 1850">
    <p class='ocr_par' dir='ltr' id='par_1_35' title="bbox 1873 1778 3440 1850">
     <span class='ocr_line' id='line_1_35' title="bbox 1873 1778 3440 1850; baseline 0.005 -18"><span class='ocrx_word' id='word_1_242' title='bbox 1873 1784 2158 1837; x_wconf 84' lang='lat' dir='ltr'><strong>serantur.</strong></span> <span class='ocrx_word' id='word_1_243' title='bbox 2221 1785 2274 1831; x_wconf 89' lang='lat' dir='ltr'><strong>et</strong></span> <span class='ocrx_word' id='word_1_244' title='bbox 2329 1779 2502 1848; x_wconf 75' lang='lat' dir='ltr'><strong>angeli</strong></span> <span class='ocrx_word' id='word_1_245' title='bbox 2552 1778 2782 1850; x_wconf 78' lang='lat' dir='ltr'><strong>fulguris</strong></span> <span class='ocrx_word' id='word_1_246' title='bbox 2842 1782 3014 1836; x_wconf 86' lang='lat' dir='ltr'><strong>instar</strong></span> <span class='ocrx_word' id='word_1_247' title='bbox 3052 1786 3328 1848; x_wconf 83' lang='lat' dir='ltr'><strong>emicant,</strong></span> <span class='ocrx_word' id='word_1_248' title='bbox 3387 1795 3440 1840; x_wconf 83' lang='lat' dir='ltr'><strong>et</strong></span> 
     </span>
    </p>
   </div>
   <div class='ocr_carea' id='block_1_36' title="bbox 181 1863 1758 1938">
    <p class='ocr_par' dir='ltr' id='par_1_36' title="bbox 181 1863 1758 1938">
     <span class='ocr_line' id='line_1_36' title="bbox 181 1863 1758 1938; baseline 0.003 -22"><span class='ocrx_word' id='word_1_249' title='bbox 181 1863 576 1933; x_wconf 79' lang='grc' dir='ltr'>καθεζόμενος</span> <span class='ocrx_word' id='word_1_250' title='bbox 611 1865 681 1916; x_wconf 86' lang='grc' dir='ltr'>ἐν</span> <span class='ocrx_word' id='word_1_251' title='bbox 721 1863 889 1931; x_wconf 81' lang='grc' dir='ltr'>δεξιᾷ</span> <span class='ocrx_word' id='word_1_252' title='bbox 915 1867 1020 1920; x_wconf 85' lang='grc' dir='ltr'><strong>τοῦ</strong></span> <span class='ocrx_word' id='word_1_253' title='bbox 1049 1867 1296 1934; x_wconf 84' lang='grc' dir='ltr'>Πατρός.</span> <span class='ocrx_word' id='word_1_254' title='bbox 1330 1867 1442 1918; x_wconf 79' lang='grc' dir='ltr'><strong>Οὐκ</strong></span> <span class='ocrx_word' id='word_1_255' title='bbox 1487 1863 1553 1938; x_wconf 86' lang='grc' dir='ltr'>ἦν</span> <span class='ocrx_word' id='word_1_256' title='bbox 1595 1867 1758 1920; x_wconf 86' lang='grc' dir='ltr'>θανα-</span> 
     </span>
    </p>
   </div>
   <div class='ocr_carea' id='block_1_37' title="bbox 179 1955 1760 2028">
    <p class='ocr_par' dir='ltr' id='par_1_37' title="bbox 179 1955 1760 2028">
     <span class='ocr_line' id='line_1_37' title="bbox 179 1955 1760 2028; baseline 0.003 -21"><span class='ocrx_word' id='word_1_257' title='bbox 179 1955 406 2018; x_wconf 82' lang='grc' dir='ltr'>τοποιὺς</span> <span class='ocrx_word' id='word_1_258' title='bbox 429 1957 462 2025; x_wconf 78' lang='grc' dir='ltr'><strong>ἠ</strong></span> <span class='ocrx_word' id='word_1_259' title='bbox 490 1955 720 2026; x_wconf 84' lang='grc' dir='ltr'>διαθήκη</span> <span class='ocrx_word' id='word_1_260' title='bbox 744 1995 758 2018; x_wconf 93' lang='grc'><strong>,</strong></span> <span class='ocrx_word' id='word_1_261' title='bbox 791 1957 924 2008; x_wconf 85' lang='grc' dir='ltr'>ἀλλὰ</span> <span class='ocrx_word' id='word_1_262' title='bbox 953 1956 1094 2009; x_wconf 77' lang='grc' dir='ltr'>κατὰ</span> <span class='ocrx_word' id='word_1_263' title='bbox 1113 1979 1120 1984; x_wconf 93' lang='grc'><strong>·</strong></span> <span class='ocrx_word' id='word_1_264' title='bbox 1139 1957 1232 2010; x_wconf 89' lang='grc' dir='ltr'><strong>τοῦ</strong></span> <span class='ocrx_word' id='word_1_265' title='bbox 1259 1956 1484 2010; x_wconf 81' lang='grc' dir='ltr'>θανάτου</span> <span class='ocrx_word' id='word_1_266' title='bbox 1513 1960 1544 2028; x_wconf 83' lang='grc' dir='ltr'>ἡ</span> <span class='ocrx_word' id='word_1_267' title='bbox 1573 1957 1760 2026; x_wconf 62' lang='grc' dir='ltr'>διαθήα</span> 
     </span>
    </p>
   </div>
   <div class='ocr_carea' id='block_1_38' title="bbox 181 2045 1756 2118">
    <p class='ocr_par' dir='ltr' id='par_1_38' title="bbox 181 2045 1756 2118">
     <span class='ocr_line' id='line_1_38' title="bbox 181 2045 1756 2118; baseline 0.002 -19"><span class='ocrx_word' id='word_1_268' title='bbox 181 2065 278 2118; x_wconf 80' lang='grc' dir='ltr'><strong>κη.</strong></span> <span class='ocrx_word' id='word_1_269' title='bbox 321 2047 412 2099; x_wconf 81' lang='grc' dir='ltr'>Ἐν</span> <span class='ocrx_word' id='word_1_270' title='bbox 433 2047 557 2118; x_wconf 70' lang='grc' dir='ltr'>δόξῃ</span> <span class='ocrx_word' id='word_1_271' title='bbox 587 2047 694 2116; x_wconf 79' lang='grc' dir='ltr'><strong>δὲή</strong></span> <span class='ocrx_word' id='word_1_272' title='bbox 726 2045 820 2100; x_wconf 86' lang='grc' dir='ltr'><strong>τοῦ</strong></span> <span class='ocrx_word' id='word_1_273' title='bbox 860 2046 1088 2100; x_wconf 87' lang='grc' dir='ltr'>θανάτου</span> <span class='ocrx_word' id='word_1_274' title='bbox 1113 2087 1128 2112; x_wconf 90' lang='grc'><strong>,</strong></span> <span class='ocrx_word' id='word_1_275' title='bbox 1165 2049 1252 2101; x_wconf 83' lang='grc' dir='ltr'>ἴνα</span> <span class='ocrx_word' id='word_1_276' title='bbox 1283 2051 1315 2118; x_wconf 82' lang='grc' dir='ltr'>ἠ</span> <span class='ocrx_word' id='word_1_277' title='bbox 1347 2047 1756 2117; x_wconf 83' lang='grc' dir='ltr'>ὑπερϐάλλουσα</span> 
     </span>
    </p>
   </div>
   <div class='ocr_carea' id='block_1_39' title="bbox 181 2133 1119 2206">
    <p class='ocr_par' dir='ltr' id='par_1_39' title="bbox 181 2133 1119 2206">
     <span class='ocr_line' id='line_1_39' title="bbox 181 2133 1119 2206; baseline 0 -18"><span class='ocrx_word' id='word_1_278' title='bbox 181 2135 314 2199; x_wconf 80' lang='grc' dir='ltr'>δόξα</span> <span class='ocrx_word' id='word_1_279' title='bbox 336 2135 478 2189; x_wconf 74' lang='grc' dir='ltr'>κατὰ</span> <span class='ocrx_word' id='word_1_280' title='bbox 505 2133 598 2188; x_wconf 85' lang='grc' dir='ltr'><strong>τοῦ</strong></span> <span class='ocrx_word' id='word_1_281' title='bbox 626 2136 853 2190; x_wconf 88' lang='grc' dir='ltr'>θανάτου</span> <span class='ocrx_word' id='word_1_282' title='bbox 880 2137 1119 2206; x_wconf 85' lang='grc' dir='ltr'>γένηται.</span> 
     </span>
    </p>
   </div>
   <div class='ocr_carea' id='block_1_40' title="bbox 1871 1871 3438 1943">
    <p class='ocr_par' dir='ltr' id='par_1_40' title="bbox 1871 1871 3438 1943">
     <span class='ocr_line' id='line_1_40' title="bbox 1871 1871 3438 1943; baseline 0.006 -23"><span class='ocrx_word' id='word_1_283' title='bbox 1871 1871 2130 1924; x_wconf 78' lang='lat' dir='ltr'><strong>mulieres</strong></span> <span class='ocrx_word' id='word_1_284' title='bbox 2183 1871 2530 1940; x_wconf 81' lang='lat' dir='ltr'><strong>Evangelium</strong></span> <span class='ocrx_word' id='word_1_285' title='bbox 2569 1873 2902 1940; x_wconf 46' lang='lat' dir='ltr'><strong>pradicant,</strong></span> <span class='ocrx_word' id='word_1_286' title='bbox 2957 1891 3057 1943; x_wconf 60' lang='lat' dir='ltr'><strong>pas</strong></span> <span class='ocrx_word' id='word_1_287' title='bbox 3103 1876 3438 1938; x_wconf 77' lang='lat' dir='ltr'><strong>conceditur,</strong></span> 
     </span>
    </p>
   </div>
   <div class='ocr_carea' id='block_1_41' title="bbox 1870 1959 3440 2036">
    <p class='ocr_par' dir='ltr' id='par_1_41' title="bbox 1870 1959 3440 2036">
     <span class='ocr_line' id='line_1_41' title="bbox 1870 1959 3440 2036; baseline 0.008 -25"><span class='ocrx_word' id='word_1_288' title='bbox 1870 1959 2106 2030; x_wconf 88' lang='lat' dir='ltr'><strong>Spiritus</strong></span> <span class='ocrx_word' id='word_1_289' title='bbox 2137 1963 2398 2032; x_wconf 83' lang='lat' dir='ltr'><strong>apostolis</strong></span> <span class='ocrx_word' id='word_1_290' title='bbox 2427 1965 2490 2014; x_wconf 88' lang='lat' dir='ltr'><strong>ah</strong></span> <span class='ocrx_word' id='word_1_291' title='bbox 2525 1963 2614 2018; x_wconf 93' lang='lat' dir='ltr'><strong>illo</strong></span> <span class='ocrx_word' id='word_1_292' title='bbox 2647 1965 2922 2028; x_wconf 86' lang='lat' dir='ltr'><strong>tribuitur,</strong></span> <span class='ocrx_word' id='word_1_293' title='bbox 2961 1981 3184 2036; x_wconf 82' lang='lat' dir='ltr'><strong>regnum</strong></span> <span class='ocrx_word' id='word_1_294' title='bbox 3221 1969 3440 2024; x_wconf 61' lang='lat' dir='ltr'><strong>caeleste</strong></span> 
     </span>
    </p>
   </div>
   <div class='ocr_carea' id='block_1_42' title="bbox 1864 2051 3439 2126">
    <p class='ocr_par' dir='ltr' id='par_1_42' title="bbox 1864 2051 3439 2126">
     <span class='ocr_line' id='line_1_42' title="bbox 1864 2051 3439 2126; baseline 0.005 -22"><span class='ocrx_word' id='word_1_295' title='bbox 1864 2051 2254 2114; x_wconf 82' lang='lat' dir='ltr'><strong>denuntiatur,</strong></span> <span class='ocrx_word' id='word_1_296' title='bbox 2313 2055 2461 2108; x_wconf 89' lang='lat' dir='ltr'><strong>orbis</strong></span> <span class='ocrx_word' id='word_1_297' title='bbox 2503 2063 2768 2108; x_wconf 89' lang='lat' dir='ltr'><strong>terrarum</strong></span> <span class='ocrx_word' id='word_1_298' title='bbox 2826 2055 3115 2126; x_wconf 79' lang='lat' dir='ltr'><strong>Evangelia</strong></span> <span class='ocrx_word' id='word_1_299' title='bbox 3153 2059 3439 2112; x_wconf 85' lang='lat' dir='ltr'><strong>collustra-</strong></span> 
     </span>
    </p>
   </div>
   <div class='ocr_carea' id='block_1_43' title="bbox 1862 2141 3442 2218">
    <p class='ocr_par' dir='ltr' id='par_1_43' title="bbox 1862 2141 3442 2218">
     <span class='ocr_line' id='line_1_43' title="bbox 1862 2141 3442 2218; baseline 0.005 -24"><span class='ocrx_word' id='word_1_300' title='bbox 1862 2142 1992 2194; x_wconf 85' lang='lat' dir='ltr'><strong>tur?</strong></span> <span class='ocrx_word' id='word_1_301' title='bbox 2023 2141 2302 2197; x_wconf 80' lang='lat' dir='ltr'><strong>Postremo</strong></span> <span class='ocrx_word' id='word_1_302' title='bbox 2327 2186 2340 2208; x_wconf 93' lang='lat'><strong>,</strong></span> <span class='ocrx_word' id='word_1_303' title='bbox 2377 2143 2480 2208; x_wconf 86' lang='lat' dir='ltr'><strong>Qui</strong></span> <span class='ocrx_word' id='word_1_304' title='bbox 2508 2145 2795 2208; x_wconf 83' lang='lat' dir='ltr'><strong>descendit,</strong></span> <span class='ocrx_word' id='word_1_305' title='bbox 2831 2147 2938 2215; x_wconf 88' lang='lat' dir='ltr'><strong>ipse</strong></span> <span class='ocrx_word' id='word_1_306' title='bbox 2961 2157 3036 2200; x_wconf 87' lang='lat' dir='ltr'><strong>est</strong></span> <span class='ocrx_word' id='word_1_307' title='bbox 3081 2151 3170 2218; x_wconf 85' lang='lat' dir='ltr'><strong>qui</strong></span> <span class='ocrx_word' id='word_1_308' title='bbox 3205 2149 3442 2210; x_wconf 74' lang='lat' dir='ltr'><strong>ascendit</strong></span> 
     </span>
    </p>
   </div>
   <div class='ocr_carea' id='block_1_44' title="bbox 183 2231 3439 2304">
    <p class='ocr_par' dir='ltr' id='par_1_44' title="bbox 183 2231 3439 2304">
     <span class='ocr_line' id='line_1_44' title="bbox 183 2231 3439 2304; baseline 0.005 -19"><span class='ocrx_word' id='word_1_309' title='bbox 183 2248 346 2300; x_wconf 79' lang='lat' dir='ltr'><strong>super</strong></span> <span class='ocrx_word' id='word_1_310' title='bbox 374 2248 554 2285; x_wconf 84' lang='lat' dir='ltr'><strong>omnes</strong></span> <span class='ocrx_word' id='word_1_311' title='bbox 617 2237 806 2296; x_wconf 73' lang='lat' dir='ltr'><strong>cmlos,</strong></span> <span class='ocrx_word' id='word_1_312' title='bbox 837 2243 886 2284; x_wconf 85' lang='lat' dir='ltr'><strong>et</strong></span> <span class='ocrx_word' id='word_1_313' title='bbox 923 2231 1064 2286; x_wconf 80' lang='lat' dir='ltr'><strong>sedet</strong></span> <span class='ocrx_word' id='word_1_314' title='bbox 1106 2231 1174 2285; x_wconf 82' lang='lat' dir='ltr'><strong>ad</strong></span> <span class='ocrx_word' id='word_1_315' title='bbox 1225 2233 1490 2285; x_wconf 74' lang='lat' dir='ltr'><strong>dexteram</strong></span> <span class='ocrx_word' id='word_1_316' title='bbox 1523 2232 1703 2288; x_wconf 79' lang='lat' dir='ltr'><strong>Patris</strong></span> <span class='ocrx_word' id='word_1_317' title='bbox 1738 2236 1780 2287; x_wconf 85' lang='grc'>⁵.</span> <span class='ocrx_word' id='word_1_318' title='bbox 1837 2233 1954 2290; x_wconf 82' lang='grc' dir='ltr'>Νοιι</span> <span class='ocrx_word' id='word_1_319' title='bbox 1991 2237 2090 2291; x_wconf 88' lang='lat' dir='ltr'><strong>fuit</strong></span> <span class='ocrx_word' id='word_1_320' title='bbox 2141 2239 2482 2292; x_wconf 84' lang='lat' dir='ltr'><strong>mortiferum</strong></span> <span class='ocrx_word' id='word_1_321' title='bbox 2537 2247 2960 2304; x_wconf 85' lang='lat' dir='ltr'><strong>testamentum,</strong></span> <span class='ocrx_word' id='word_1_322' title='bbox 3033 2243 3122 2295; x_wconf 87' lang='lat' dir='ltr'><strong>sed</strong></span> <span class='ocrx_word' id='word_1_323' title='bbox 3175 2243 3439 2300; x_wconf 86' lang='lat' dir='ltr'><strong>adversus</strong></span> 
     </span>
    </p>
   </div>
   <div class='ocr_carea' id='block_1_45' title="bbox 183 2321 3438 2398">
    <p class='ocr_par' dir='ltr' id='par_1_45' title="bbox 183 2321 3438 2398">
     <span class='ocr_line' id='line_1_45' title="bbox 183 2321 3438 2398; baseline 0.005 -26"><span class='ocrx_word' id='word_1_324' title='bbox 183 2329 418 2374; x_wconf 86' lang='lat' dir='ltr'><strong>mortem</strong></span> <span class='ocrx_word' id='word_1_325' title='bbox 469 2321 842 2374; x_wconf 89' lang='lat' dir='ltr'><strong>constitutum.</strong></span> <span class='ocrx_word' id='word_1_326' title='bbox 883 2321 1019 2376; x_wconf 87' lang='lat' dir='ltr'><strong>Illud</strong></span> <span class='ocrx_word' id='word_1_327' title='bbox 1053 2336 1214 2392; x_wconf 89' lang='lat' dir='ltr'><strong>porro</strong></span> <span class='ocrx_word' id='word_1_328' title='bbox 1260 2323 1404 2392; x_wconf 79' lang='lat' dir='ltr'><strong>quod</strong></span> <span class='ocrx_word' id='word_1_329' title='bbox 1472 2325 1664 2378; x_wconf 89' lang='lat' dir='ltr'><strong>mortis</strong></span> <span class='ocrx_word' id='word_1_330' title='bbox 1699 2323 1943 2388; x_wconf 89' lang='lat' dir='ltr'><strong>dicitur,</strong></span> <span class='ocrx_word' id='word_1_331' title='bbox 2001 2327 2228 2398; x_wconf 78' lang='lat' dir='ltr'><strong>gloriam</strong></span> <span class='ocrx_word' id='word_1_332' title='bbox 2289 2327 2516 2392; x_wconf 89' lang='lat' dir='ltr'><strong>habuit,</strong></span> <span class='ocrx_word' id='word_1_333' title='bbox 2581 2329 2751 2398; x_wconf 87' lang='lat' dir='ltr'><strong>major</strong></span> <span class='ocrx_word' id='word_1_334' title='bbox 2805 2339 2862 2382; x_wconf 90' lang='lat' dir='ltr'><strong>ut</strong></span> <span class='ocrx_word' id='word_1_335' title='bbox 2899 2331 3159 2386; x_wconf 86' lang='lat' dir='ltr'><strong>adversus</strong></span> <span class='ocrx_word' id='word_1_336' title='bbox 3212 2339 3438 2388; x_wconf 85' lang='lat' dir='ltr'><strong>mortem</strong></span> 
     </span>
    </p>
   </div>
   <div class='ocr_carea' id='block_1_46' title="bbox 183 2416 812 2484">
    <p class='ocr_par' dir='ltr' id='par_1_46' title="bbox 183 2416 812 2484">
     <span class='ocr_line' id='line_1_46' title="bbox 183 2416 812 2484; baseline 0.003 -15"><span class='ocrx_word' id='word_1_337' title='bbox 183 2416 361 2484; x_wconf 77' lang='lat' dir='ltr'><strong>gloria</strong></span> <span class='ocrx_word' id='word_1_338' title='bbox 389 2425 812 2484; x_wconf 84' lang='lat' dir='ltr'><strong>compararetur.</strong></span> 
     </span>
    </p>
   </div>
   <div class='ocr_carea' id='block_1_47' title="bbox 255 2507 1762 2582">
    <p class='ocr_par' dir='ltr' id='par_1_47' title="bbox 255 2507 1762 2582">
     <span class='ocr_line' id='line_1_47' title="bbox 255 2507 1762 2582; baseline 0.003 -19"><span class='ocrx_word' id='word_1_339' title='bbox 255 2510 378 2564; x_wconf 74' lang='lat' dir='ltr'><strong>OA&#39;.</strong></span> <span class='ocrx_word' id='word_1_340' title='bbox 411 2507 540 2563; x_wconf 74' lang='grc' dir='ltr'>Εἶτα</span> <span class='ocrx_word' id='word_1_341' title='bbox 566 2511 724 2564; x_wconf 83' lang='grc' dir='ltr'>πάλιν</span> <span class='ocrx_word' id='word_1_342' title='bbox 758 2511 904 2580; x_wconf 82' lang='grc' dir='ltr'>λέγει</span> <span class='ocrx_word' id='word_1_343' title='bbox 933 2514 960 2564; x_wconf 79' lang='grc' dir='ltr'>ὁ</span> <span class='ocrx_word' id='word_1_344' title='bbox 987 2512 1146 2576; x_wconf 79' lang='grc' dir='ltr'>αὐτὸς</span> <span class='ocrx_word' id='word_1_345' title='bbox 1173 2511 1363 2582; x_wconf 87' lang='grc' dir='ltr'>Μάνης</span> <span class='ocrx_word' id='word_1_346' title='bbox 1390 2529 1404 2543; x_wconf 91' lang='grc'><strong>·</strong></span> <span class='ocrx_word' id='word_1_347' title='bbox 1440 2515 1512 2566; x_wconf 81' lang='grc' dir='ltr'><strong>Οὐ</strong></span> <span class='ocrx_word' id='word_1_348' title='bbox 1541 2513 1762 2567; x_wconf 82' lang='grc' dir='ltr'>δύναται</span> 
     </span>
    </p>
   </div>
   <div class='ocr_carea' id='block_1_48' title="bbox 185 2597 1757 2674">
    <p class='ocr_par' dir='ltr' id='par_1_48' title="bbox 185 2597 1757 2674">
     <span class='ocr_line' id='line_1_48' title="bbox 185 2597 1757 2674; baseline 0.002 -20"><span class='ocrx_word' id='word_1_349' title='bbox 185 2601 308 2665; x_wconf 64' lang='grc' dir='ltr'>ἰνὸς</span> <span class='ocrx_word' id='word_1_350' title='bbox 335 2601 676 2655; x_wconf 81' lang='grc' dir='ltr'>διδασκαλίου</span> <span class='ocrx_word' id='word_1_351' title='bbox 726 2597 866 2654; x_wconf 80' lang='grc' dir='ltr'>εἶναι</span> <span class='ocrx_word' id='word_1_352' title='bbox 909 2601 1120 2655; x_wconf 82' lang='grc' dir='ltr'>Παλαιὰ</span> <span class='ocrx_word' id='word_1_353' title='bbox 1158 2603 1250 2654; x_wconf 81' lang='grc' dir='ltr'><strong>καὶ</strong></span> <span class='ocrx_word' id='word_1_354' title='bbox 1285 2601 1458 2673; x_wconf 80' lang='grc' dir='ltr'>Καινὴ</span> <span class='ocrx_word' id='word_1_355' title='bbox 1494 2603 1757 2674; x_wconf 85' lang='grc' dir='ltr'>Διαθήκη.</span> 
     </span>
    </p>
   </div>
   <div class='ocr_carea' id='block_1_49' title="bbox 197 2693 1758 2766">
    <p class='ocr_par' dir='ltr' id='par_1_49' title="bbox 197 2693 1758 2766">
     <span class='ocr_line' id='line_1_49' title="bbox 197 2693 1758 2766; baseline 0.001 -19"><span class='ocrx_word' id='word_1_356' title='bbox 197 2695 264 2747; x_wconf 81' lang='grc' dir='ltr'><strong>Ἠ</strong></span> <span class='ocrx_word' id='word_1_357' title='bbox 295 2693 396 2764; x_wconf 75' lang='grc' dir='ltr'>μὲν</span> <span class='ocrx_word' id='word_1_358' title='bbox 438 2695 546 2764; x_wconf 77' lang='grc' dir='ltr'><strong>γάρ</strong></span> <span class='ocrx_word' id='word_1_359' title='bbox 609 2693 929 2748; x_wconf 79' lang='grc' dir='ltr'>παλαιοῦται</span> <span class='ocrx_word' id='word_1_360' title='bbox 978 2695 1188 2766; x_wconf 84' lang='grc' dir='ltr'>ἡμέραν</span> <span class='ocrx_word' id='word_1_361' title='bbox 1231 2693 1290 2758; x_wconf 72' lang='grc' dir='ltr'>ἐξ</span> <span class='ocrx_word' id='word_1_362' title='bbox 1325 2694 1566 2766; x_wconf 84' lang='grc' dir='ltr'>ἡμέρας·</span> <span class='ocrx_word' id='word_1_363' title='bbox 1611 2697 1643 2764; x_wconf 83' lang='grc' dir='ltr'>ἡ</span> <span class='ocrx_word' id='word_1_364' title='bbox 1703 2695 1758 2748; x_wconf 82' lang='grc' dir='ltr'>δὲ</span> 
     </span>
    </p>
   </div>
   <div class='ocr_carea' id='block_1_50' title="bbox 187 2782 1758 2854">
    <p class='ocr_par' dir='ltr' id='par_1_50' title="bbox 187 2782 1758 2854">
     <span class='ocr_line' id='line_1_50' title="bbox 187 2782 1758 2854; baseline -0.002 -15"><span class='ocrx_word' id='word_1_365' title='bbox 187 2783 630 2846; x_wconf 75' lang='grc' dir='ltr'>ἀνακαινίζεται</span> <span class='ocrx_word' id='word_1_366' title='bbox 672 2783 904 2854; x_wconf 65' lang='grc' dir='ltr'>ἡμέραν</span> <span class='ocrx_word' id='word_1_367' title='bbox 933 2786 1060 2838; x_wconf 78' lang='grc' dir='ltr'>καθ’</span> <span class='ocrx_word' id='word_1_368' title='bbox 1091 2783 1319 2854; x_wconf 77' lang='grc' dir='ltr'>ἡμέραν</span> <span class='ocrx_word' id='word_1_369' title='bbox 1344 2800 1358 2814; x_wconf 88' lang='grc'><strong>·</strong></span> <span class='ocrx_word' id='word_1_370' title='bbox 1393 2783 1516 2837; x_wconf 84' lang='grc' dir='ltr'><strong>πᾶν</strong></span> <span class='ocrx_word' id='word_1_371' title='bbox 1546 2782 1656 2852; x_wconf 74' lang='grc' dir='ltr'>γὰρ</span> <span class='ocrx_word' id='word_1_372' title='bbox 1693 2784 1758 2836; x_wconf 82' lang='grc' dir='ltr'>τὸ</span> 
     </span>
    </p>
   </div>
   <div class='ocr_carea' id='block_1_51' title="bbox 189 2873 1758 2944">
    <p class='ocr_par' dir='ltr' id='par_1_51' title="bbox 189 2873 1758 2944">
     <span class='ocr_line' id='line_1_51' title="bbox 189 2873 1758 2944; baseline 0 -16"><span class='ocrx_word' id='word_1_373' title='bbox 189 2875 638 2943; x_wconf 70' lang='grc' dir='ltr'>παλαιούμενον</span> <span class='ocrx_word' id='word_1_374' title='bbox 673 2875 774 2928; x_wconf 78' lang='grc' dir='ltr'>καὶ</span> <span class='ocrx_word' id='word_1_375' title='bbox 826 2873 1134 2944; x_wconf 73' lang='grc' dir='ltr'>γηράσκον</span> <span class='ocrx_word' id='word_1_376' title='bbox 1177 2873 1356 2944; x_wconf 70' lang='grc' dir='ltr'>ἐγγὺς</span> <span class='ocrx_word' id='word_1_377' title='bbox 1415 2873 1758 2942; x_wconf 65' lang='grc' dir='ltr'>ἀφανισμοῦ</span> 
     </span>
    </p>
   </div>
   <div class='ocr_carea' id='block_1_52' title="bbox 187 2963 1762 3035">
    <p class='ocr_par' dir='ltr' id='par_1_52' title="bbox 187 2963 1762 3035">
     <span class='ocr_line' id='line_1_52' title="bbox 187 2963 1762 3035; baseline -0.002 -18"><span class='ocrx_word' id='word_1_378' title='bbox 187 2966 434 3034; x_wconf 74' lang='grc' dir='ltr'>γίνεται.</span> <span class='ocrx_word' id='word_1_379' title='bbox 482 2965 639 3018; x_wconf 82' lang='grc' dir='ltr'>Ἀλλά</span> <span class='ocrx_word' id='word_1_380' title='bbox 671 2965 846 3035; x_wconf 81' lang='grc' dir='ltr'>ἐκείνη</span> <span class='ocrx_word' id='word_1_381' title='bbox 889 2964 1046 3018; x_wconf 80' lang='grc' dir='ltr'>ἄλλου</span> <span class='ocrx_word' id='word_1_382' title='bbox 1077 2963 1212 3017; x_wconf 88' lang='grc' dir='ltr'>Θεοῦ</span> <span class='ocrx_word' id='word_1_383' title='bbox 1269 2965 1363 3018; x_wconf 75' lang='grc' dir='ltr'><strong>καὶ</strong></span> <span class='ocrx_word' id='word_1_384' title='bbox 1407 2963 1562 3018; x_wconf 82' lang='grc' dir='ltr'>ἄλλου</span> <span class='ocrx_word' id='word_1_385' title='bbox 1619 2963 1762 3016; x_wconf 88' lang='grc' dir='ltr'>διδα-</span> 
     </span>
    </p>
   </div>
   <div class='ocr_carea' id='block_1_53' title="bbox 191 3055 1758 3128">
    <p class='ocr_par' dir='ltr' id='par_1_53' title="bbox 191 3055 1758 3128">
     <span class='ocr_line' id='line_1_53' title="bbox 191 3055 1758 3128; baseline 0 -20"><span class='ocrx_word' id='word_1_386' title='bbox 191 3057 392 3109; x_wconf 82' lang='grc' dir='ltr'>σκάλου</span> <span class='ocrx_word' id='word_1_387' title='bbox 413 3074 426 3086; x_wconf 92' lang='grc'>·</span> <span class='ocrx_word' id='word_1_388' title='bbox 471 3059 565 3112; x_wconf 73' lang='grc' dir='ltr'><strong>καὶ</strong></span> <span class='ocrx_word' id='word_1_389' title='bbox 603 3057 738 3128; x_wconf 78' lang='grc' dir='ltr'>αὓτη</span> <span class='ocrx_word' id='word_1_390' title='bbox 779 3057 964 3128; x_wconf 78' lang='grc' dir='ltr'>ἐτέρου</span> <span class='ocrx_word' id='word_1_391' title='bbox 995 3055 1128 3109; x_wconf 82' lang='grc' dir='ltr'>Θεοῦ</span> <span class='ocrx_word' id='word_1_392' title='bbox 1159 3056 1250 3109; x_wconf 72' lang='grc' dir='ltr'>καὶ</span> <span class='ocrx_word' id='word_1_393' title='bbox 1295 3056 1479 3127; x_wconf 81' lang='grc' dir='ltr'>ἐτέρου</span> <span class='ocrx_word' id='word_1_394' title='bbox 1505 3055 1758 3109; x_wconf 81' lang='grc' dir='ltr'>διδασκά-</span> 
     </span>
    </p>
   </div>
   <div class='ocr_carea' id='block_1_54' title="bbox 1945 2513 3440 2586">
    <p class='ocr_par' dir='ltr' id='par_1_54' title="bbox 1945 2513 3440 2586">
     <span class='ocr_line' id='line_1_54' title="bbox 1945 2513 3440 2586; baseline 0.003 -19"><span class='ocrx_word' id='word_1_395' title='bbox 1945 2513 2174 2568; x_wconf 77' lang='lat' dir='ltr'><strong>LXXIV.</strong></span> <span class='ocrx_word' id='word_1_396' title='bbox 2213 2513 2322 2570; x_wconf 89' lang='lat' dir='ltr'><strong>Sed</strong></span> <span class='ocrx_word' id='word_1_397' title='bbox 2359 2515 2548 2584; x_wconf 90' lang='lat' dir='ltr'><strong>objicit</strong></span> <span class='ocrx_word' id='word_1_398' title='bbox 2597 2513 2964 2570; x_wconf 79' lang='lat' dir='ltr'><strong>Manichacus:</strong></span> <span class='ocrx_word' id='word_1_399' title='bbox 3001 2514 3116 2570; x_wconf 88' lang='lat' dir='ltr'><strong>Non</strong></span> <span class='ocrx_word' id='word_1_400' title='bbox 3149 2531 3307 2586; x_wconf 88' lang='lat' dir='ltr'><strong>posse</strong></span> <span class='ocrx_word' id='word_1_401' title='bbox 3335 2513 3440 2571; x_wconf 84' lang='lat' dir='ltr'><strong>Ve-</strong></span> 
     </span>
    </p>
   </div>
   <div class='ocr_carea' id='block_1_55' title="bbox 1873 2605 3438 2662">
    <p class='ocr_par' dir='ltr' id='par_1_55' title="bbox 1873 2605 3438 2662">
     <span class='ocr_line' id='line_1_55' title="bbox 1873 2605 3438 2662; baseline 0.001 -3"><span class='ocrx_word' id='word_1_402' title='bbox 1873 2613 1961 2660; x_wconf 91' lang='lat' dir='ltr'><strong>tus</strong></span> <span class='ocrx_word' id='word_1_403' title='bbox 2013 2621 2074 2659; x_wconf 88' lang='lat' dir='ltr'><strong>ac</strong></span> <span class='ocrx_word' id='word_1_404' title='bbox 2115 2605 2321 2660; x_wconf 84' lang='lat' dir='ltr'><strong>Novum</strong></span> <span class='ocrx_word' id='word_1_405' title='bbox 2357 2605 2762 2660; x_wconf 88' lang='lat' dir='ltr'><strong>Testamentum</strong></span> <span class='ocrx_word' id='word_1_406' title='bbox 2811 2607 2878 2660; x_wconf 88' lang='lat' dir='ltr'><strong>ab</strong></span> <span class='ocrx_word' id='word_1_407' title='bbox 2923 2606 3112 2662; x_wconf 89' lang='lat' dir='ltr'><strong>eodem</strong></span> <span class='ocrx_word' id='word_1_408' title='bbox 3163 2623 3286 2662; x_wconf 90' lang='lat' dir='ltr'><strong>esse</strong></span> <span class='ocrx_word' id='word_1_409' title='bbox 3323 2623 3438 2660; x_wconf 86' lang='lat' dir='ltr'><strong>ma-</strong></span> 
     </span>
    </p>
   </div>
   <div class='ocr_carea' id='block_1_56' title="bbox 1867 2693 3440 2766">
    <p class='ocr_par' dir='ltr' id='par_1_56' title="bbox 1867 2693 3440 2766">
     <span class='ocr_line' id='line_1_56' title="bbox 1867 2693 3440 2766; baseline 0.002 -21"><span class='ocrx_word' id='word_1_410' title='bbox 1867 2693 2038 2764; x_wconf 77' lang='lat' dir='ltr'><strong>gistro</strong></span> <span class='ocrx_word' id='word_1_411' title='bbox 2083 2693 2406 2765; x_wconf 85' lang='lat' dir='ltr'><strong>profectum,</strong></span> <span class='ocrx_word' id='word_1_412' title='bbox 2455 2695 2724 2766; x_wconf 82' lang='lat' dir='ltr'><strong>siquidem</strong></span> <span class='ocrx_word' id='word_1_413' title='bbox 2779 2693 2945 2750; x_wconf 83' lang='lat' dir='ltr'><strong>Vetus</strong></span> <span class='ocrx_word' id='word_1_414' title='bbox 2985 2697 3051 2750; x_wconf 91' lang='lat' dir='ltr'><strong>de</strong></span> <span class='ocrx_word' id='word_1_415' title='bbox 3081 2696 3168 2750; x_wconf 92' lang='lat' dir='ltr'><strong>die</strong></span> <span class='ocrx_word' id='word_1_416' title='bbox 3213 2697 3267 2749; x_wconf 91' lang='lat' dir='ltr'><strong>in</strong></span> <span class='ocrx_word' id='word_1_417' title='bbox 3297 2697 3440 2750; x_wconf 88' lang='lat' dir='ltr'><strong>diem</strong></span> 
     </span>
    </p>
   </div>
   <div class='ocr_carea' id='block_1_57' title="bbox 1867 2783 3436 2846">
    <p class='ocr_par' dir='ltr' id='par_1_57' title="bbox 1867 2783 3436 2846">
     <span class='ocr_line' id='line_1_57' title="bbox 1867 2783 3436 2846; baseline 0.003 -11"><span class='ocrx_word' id='word_1_418' title='bbox 1867 2783 2222 2846; x_wconf 86' lang='lat' dir='ltr'><strong>inveteratur;</strong></span> <span class='ocrx_word' id='word_1_419' title='bbox 2282 2786 2511 2839; x_wconf 89' lang='lat' dir='ltr'><strong>alterum</strong></span> <span class='ocrx_word' id='word_1_420' title='bbox 2573 2801 2688 2838; x_wconf 83' lang='lat' dir='ltr'><strong>vero</strong></span> <span class='ocrx_word' id='word_1_421' title='bbox 2765 2786 2818 2837; x_wconf 87' lang='lat' dir='ltr'><strong>in</strong></span> <span class='ocrx_word' id='word_1_422' title='bbox 2883 2785 2992 2840; x_wconf 86' lang='lat' dir='ltr'><strong>dies</strong></span> <span class='ocrx_word' id='word_1_423' title='bbox 3061 2787 3344 2839; x_wconf 78' lang='lat' dir='ltr'><strong>innovatur</strong></span> <span class='ocrx_word' id='word_1_424' title='bbox 3397 2785 3436 2840; x_wconf 87' lang='grc'>⁸.</span> 
     </span>
    </p>
   </div>
   <div class='ocr_carea' id='block_1_58' title="bbox 1872 2875 3436 2945">
    <p class='ocr_par' dir='ltr' id='par_1_58' title="bbox 1872 2875 3436 2945">
     <span class='ocr_line' id='line_1_58' title="bbox 1872 2875 3436 2945; baseline 0.002 -18"><span class='ocrx_word' id='word_1_425' title='bbox 1872 2875 2137 2945; x_wconf 82' lang='lat' dir='ltr'><strong>Quidquid</strong></span> <span class='ocrx_word' id='word_1_426' title='bbox 2164 2876 2302 2930; x_wconf 89' lang='lat' dir='ltr'><strong>enim</strong></span> <span class='ocrx_word' id='word_1_427' title='bbox 2331 2877 2665 2938; x_wconf 86' lang='lat' dir='ltr'><strong>inveteratur,</strong></span> <span class='ocrx_word' id='word_1_428' title='bbox 2693 2893 2754 2928; x_wconf 86' lang='lat' dir='ltr'><strong>ac</strong></span> <span class='ocrx_word' id='word_1_429' title='bbox 2780 2878 3022 2938; x_wconf 81' lang='lat' dir='ltr'><strong>senescit,</strong></span> <span class='ocrx_word' id='word_1_430' title='bbox 3053 2878 3291 2930; x_wconf 76' lang='lat' dir='ltr'><strong>interimi</strong></span> <span class='ocrx_word' id='word_1_431' title='bbox 3313 2893 3436 2945; x_wconf 82' lang='lat' dir='ltr'><strong>pro-</strong></span> 
     </span>
    </p>
   </div>
   <div class='ocr_carea' id='block_1_59' title="bbox 1869 2965 3438 3036">
    <p class='ocr_par' dir='ltr' id='par_1_59' title="bbox 1869 2965 3438 3036">
     <span class='ocr_line' id='line_1_59' title="bbox 1869 2965 3438 3036; baseline 0.001 -18"><span class='ocrx_word' id='word_1_432' title='bbox 1869 2966 2070 3018; x_wconf 73' lang='lat' dir='ltr'><strong>ximum</strong></span> <span class='ocrx_word' id='word_1_433' title='bbox 2105 2968 2250 3020; x_wconf 85' lang='lat' dir='ltr'><strong>est&quot;.</strong></span> <span class='ocrx_word' id='word_1_434' title='bbox 2285 2965 2463 3031; x_wconf 85' lang='lat' dir='ltr'><strong>Quare</strong></span> <span class='ocrx_word' id='word_1_435' title='bbox 2496 2973 2781 3036; x_wconf 89' lang='lat' dir='ltr'><strong>superest,</strong></span> <span class='ocrx_word' id='word_1_436' title='bbox 2820 2974 2880 3019; x_wconf 92' lang='lat' dir='ltr'><strong>ut</strong></span> <span class='ocrx_word' id='word_1_437' title='bbox 2934 2967 3062 3021; x_wconf 91' lang='lat' dir='ltr'><strong>illud</strong></span> <span class='ocrx_word' id='word_1_438' title='bbox 3095 2967 3316 3022; x_wconf 88' lang='lat' dir='ltr'><strong>alterius</strong></span> <span class='ocrx_word' id='word_1_439' title='bbox 3349 2967 3438 3023; x_wconf 85' lang='lat' dir='ltr'><strong>Dei</strong></span> 
     </span>
    </p>
   </div>
   <div class='ocr_carea' id='block_1_60' title="bbox 1870 3056 3440 3127">
    <p class='ocr_par' dir='ltr' id='par_1_60' title="bbox 1870 3056 3440 3127">
     <span class='ocr_line' id='line_1_60' title="bbox 1870 3056 3440 3127; baseline 0.002 -18"><span class='ocrx_word' id='word_1_440' title='bbox 1870 3071 1932 3110; x_wconf 87' lang='lat' dir='ltr'><strong>ac</strong></span> <span class='ocrx_word' id='word_1_441' title='bbox 1963 3057 2208 3127; x_wconf 78' lang='lat' dir='ltr'><strong>magistri</strong></span> <span class='ocrx_word' id='word_1_442' title='bbox 2237 3097 2251 3117; x_wconf 87' lang='lat'><strong>,</strong></span> <span class='ocrx_word' id='word_1_443' title='bbox 2289 3057 2391 3111; x_wconf 89' lang='lat' dir='ltr'><strong>hoc</strong></span> <span class='ocrx_word' id='word_1_444' title='bbox 2425 3057 2649 3112; x_wconf 89' lang='lat' dir='ltr'><strong>alterius</strong></span> <span class='ocrx_word' id='word_1_445' title='bbox 2706 3071 2826 3112; x_wconf 88' lang='lat' dir='ltr'><strong>esse</strong></span> <span class='ocrx_word' id='word_1_446' title='bbox 2862 3056 3095 3111; x_wconf 88' lang='lat' dir='ltr'><strong>dicatur.</strong></span> <span class='ocrx_word' id='word_1_447' title='bbox 3145 3057 3340 3112; x_wconf 85' lang='lat' dir='ltr'><strong>Verum</strong></span> <span class='ocrx_word' id='word_1_448' title='bbox 3395 3060 3440 3113; x_wconf 92' lang='lat' dir='ltr'><strong>si</strong></span> 
     </span>
    </p>
   </div>
   <div class='ocr_carea' id='block_1_61' title="bbox 187 3137 1764 3220">
    <p class='ocr_par' dir='ltr' id='par_1_61' title="bbox 187 3143 1757 3220">
     <span class='ocr_line' id='line_1_61' title="bbox 187 3143 1757 3220; baseline -0.001 -20"><span class='ocrx_word' id='word_1_449' title='bbox 187 3151 302 3204; x_wconf 84' lang='grc' dir='ltr'>λου,</span> <span class='ocrx_word' id='word_1_450' title='bbox 337 3149 448 3202; x_wconf 80' lang='grc' dir='ltr'>Καὶ</span> <span class='ocrx_word' id='word_1_451' title='bbox 481 3150 531 3200; x_wconf 83' lang='grc' dir='ltr'>εἰ</span> <span class='ocrx_word' id='word_1_452' title='bbox 563 3149 662 3220; x_wconf 84' lang='grc' dir='ltr'>μὲν</span> <span class='ocrx_word' id='word_1_453' title='bbox 701 3143 813 3220; x_wconf 81' lang='grc' dir='ltr'>εἶχε</span> <span class='ocrx_word' id='word_1_454' title='bbox 859 3147 1025 3214; x_wconf 81' lang='grc' dir='ltr'>δεῖξαι</span> <span class='ocrx_word' id='word_1_455' title='bbox 1057 3147 1150 3200; x_wconf 79' lang='grc' dir='ltr'><strong>δύο</strong></span> <span class='ocrx_word' id='word_1_456' title='bbox 1184 3147 1451 3218; x_wconf 85' lang='grc' dir='ltr'>Διαθήκας</span> <span class='ocrx_word' id='word_1_457' title='bbox 1499 3147 1757 3211; x_wconf 79' lang='grc' dir='ltr'>Παλαιὰς,</span> 
     </span>
    </p>
   </div>
   <div class='ocr_carea' id='block_1_62' title="bbox 1873 3137 3436 3220">
    <p class='ocr_par' dir='ltr' id='par_1_62' title="bbox 1873 3145 3436 3217">
     <span class='ocr_line' id='line_1_62' title="bbox 1873 3145 3436 3217; baseline 0.002 -18"><span class='ocrx_word' id='word_1_458' title='bbox 1873 3145 2062 3200; x_wconf 86' lang='lat' dir='ltr'><strong>Vetera</strong></span> <span class='ocrx_word' id='word_1_459' title='bbox 2088 3147 2198 3201; x_wconf 92' lang='lat' dir='ltr'><strong>duo</strong></span> <span class='ocrx_word' id='word_1_460' title='bbox 2225 3145 2570 3202; x_wconf 88' lang='lat' dir='ltr'><strong>Testamenta</strong></span> <span class='ocrx_word' id='word_1_461' title='bbox 2600 3147 2972 3202; x_wconf 90' lang='lat' dir='ltr'><strong>demonstrare</strong></span> <span class='ocrx_word' id='word_1_462' title='bbox 3011 3155 3214 3216; x_wconf 89' lang='lat' dir='ltr'><strong>posset,</strong></span> <span class='ocrx_word' id='word_1_463' title='bbox 3247 3149 3436 3217; x_wconf 45' lang='lat' dir='ltr'><strong>proba.</strong></span> 
     </span>
    </p>
   </div>
   <div class='ocr_carea' id='block_1_63' title="bbox 186 3235 1762 3312">
    <p class='ocr_par' dir='ltr' id='par_1_63' title="bbox 186 3235 1762 3312">
     <span class='ocr_line' id='line_1_63' title="bbox 186 3235 1762 3312; baseline -0.002 -20"><span class='ocrx_word' id='word_1_464' title='bbox 186 3239 420 3309; x_wconf 70' lang='grc' dir='ltr'>ἠδύνατο</span> <span class='ocrx_word' id='word_1_465' title='bbox 452 3241 582 3312; x_wconf 83' lang='grc' dir='ltr'>παρ’</span> <span class='ocrx_word' id='word_1_466' title='bbox 609 3239 755 3310; x_wconf 83' lang='grc' dir='ltr'>αὐτῷ</span> <span class='ocrx_word' id='word_1_467' title='bbox 789 3239 1008 3292; x_wconf 82' lang='grc' dir='ltr'>πιθανὸν</span> <span class='ocrx_word' id='word_1_468' title='bbox 1058 3235 1196 3291; x_wconf 76' lang='grc' dir='ltr'>εἶναι</span> <span class='ocrx_word' id='word_1_469' title='bbox 1236 3239 1296 3291; x_wconf 77' lang='grc' dir='ltr'>τὸ</span> <span class='ocrx_word' id='word_1_470' title='bbox 1327 3239 1617 3309; x_wconf 85' lang='grc' dir='ltr'>λεγόμενον</span> <span class='ocrx_word' id='word_1_471' title='bbox 1641 3279 1656 3300; x_wconf 93' lang='grc'><strong>,</strong></span> <span class='ocrx_word' id='word_1_472' title='bbox 1687 3237 1762 3298; x_wconf 85' lang='grc' dir='ltr'><strong>ὡς</strong></span> 
     </span>
    </p>
   </div>
   <div class='ocr_carea' id='block_1_64' title="bbox 185 3329 1764 3400">
    <p class='ocr_par' dir='ltr' id='par_1_64' title="bbox 185 3329 1764 3400">
     <span class='ocr_line' id='line_1_64' title="bbox 185 3329 1764 3400; baseline -0.002 -16"><span class='ocrx_word' id='word_1_473' title='bbox 185 3331 282 3384; x_wconf 72' lang='grc' dir='ltr'>δύο</span> <span class='ocrx_word' id='word_1_474' title='bbox 320 3332 490 3384; x_wconf 79' lang='grc' dir='ltr'>ὅντων</span> <span class='ocrx_word' id='word_1_475' title='bbox 523 3331 628 3383; x_wconf 85' lang='grc' dir='ltr'>τῶν</span> <span class='ocrx_word' id='word_1_476' title='bbox 655 3331 775 3384; x_wconf 84' lang='grc' dir='ltr'>τότε</span> <span class='ocrx_word' id='word_1_477' title='bbox 805 3329 1132 3400; x_wconf 85' lang='grc' dir='ltr'>διαθεμένων</span> <span class='ocrx_word' id='word_1_478' title='bbox 1156 3346 1170 3360; x_wconf 76' lang='grc'><strong><em>⁸</em></strong></span> <span class='ocrx_word' id='word_1_479' title='bbox 1211 3329 1469 3392; x_wconf 78' lang='grc' dir='ltr'>ὡσαύτως</span> <span class='ocrx_word' id='word_1_480' title='bbox 1503 3329 1559 3383; x_wconf 82' lang='grc' dir='ltr'>δὲ</span> <span class='ocrx_word' id='word_1_481' title='bbox 1586 3331 1635 3381; x_wconf 82' lang='grc' dir='ltr'>εἰ</span> <span class='ocrx_word' id='word_1_482' title='bbox 1671 3329 1764 3382; x_wconf 85' lang='grc' dir='ltr'>δύο</span> 
     </span>
    </p>
   </div>
   <div class='ocr_carea' id='block_1_65' title="bbox 187 3415 1764 3492">
    <p class='ocr_par' dir='ltr' id='par_1_65' title="bbox 187 3415 1764 3492">
     <span class='ocr_line' id='line_1_65' title="bbox 187 3415 1764 3492; baseline -0.003 -17"><span class='ocrx_word' id='word_1_483' title='bbox 187 3421 402 3484; x_wconf 78' lang='grc' dir='ltr'>Καινάς</span> <span class='ocrx_word' id='word_1_484' title='bbox 445 3421 716 3491; x_wconf 79' lang='grc' dir='ltr'>Διαθήκας</span> <span class='ocrx_word' id='word_1_485' title='bbox 740 3416 850 3492; x_wconf 80' lang='grc' dir='ltr'>εἴχε</span> <span class='ocrx_word' id='word_1_486' title='bbox 879 3421 1064 3486; x_wconf 81' lang='grc' dir='ltr'>δεῖξαι,</span> <span class='ocrx_word' id='word_1_487' title='bbox 1089 3415 1156 3490; x_wconf 84' lang='grc' dir='ltr'><strong>ῆν</strong></span> <span class='ocrx_word' id='word_1_488' title='bbox 1184 3420 1261 3482; x_wconf 82' lang='grc' dir='ltr'><strong>είς</strong></span> <span class='ocrx_word' id='word_1_489' title='bbox 1290 3419 1386 3489; x_wconf 83' lang='grc' dir='ltr'><strong>τὴν</strong></span> <span class='ocrx_word' id='word_1_490' title='bbox 1415 3419 1648 3472; x_wconf 86' lang='grc' dir='ltr'>διάνοιαν</span> <span class='ocrx_word' id='word_1_491' title='bbox 1669 3419 1764 3472; x_wconf 87' lang='grc' dir='ltr'>λα-</span> 
     </span>
    </p>
   </div>
   <div class='ocr_carea' id='block_1_66' title="bbox 189 3508 1768 3583">
    <p class='ocr_par' dir='ltr' id='par_1_66' title="bbox 189 3508 1768 3583">
     <span class='ocr_line' id='line_1_66' title="bbox 189 3508 1768 3583; baseline -0.003 -19"><span class='ocrx_word' id='word_1_492' title='bbox 189 3513 310 3566; x_wconf 85' lang='grc' dir='ltr'>ϐεῖν</span> <span class='ocrx_word' id='word_1_493' title='bbox 343 3513 405 3566; x_wconf 80' lang='grc' dir='ltr'><strong>τὸ</strong></span> <span class='ocrx_word' id='word_1_494' title='bbox 435 3510 856 3583; x_wconf 83' lang='grc' dir='ltr'>προειρημένον·</span> <span class='ocrx_word' id='word_1_495' title='bbox 889 3511 935 3563; x_wconf 84' lang='grc' dir='ltr'><strong>εί</strong></span> <span class='ocrx_word' id='word_1_496' title='bbox 975 3511 1030 3562; x_wconf 83' lang='grc' dir='ltr'><strong>δὲ</strong></span> <span class='ocrx_word' id='word_1_497' title='bbox 1061 3513 1094 3582; x_wconf 85' lang='grc' dir='ltr'><strong>ή</strong></span> <span class='ocrx_word' id='word_1_498' title='bbox 1128 3509 1226 3580; x_wconf 86' lang='grc' dir='ltr'><strong>μὲν</strong></span> <span class='ocrx_word' id='word_1_499' title='bbox 1255 3508 1468 3562; x_wconf 84' lang='grc' dir='ltr'>Παλαιὰ</span> <span class='ocrx_word' id='word_1_500' title='bbox 1490 3508 1636 3570; x_wconf 76' lang='grc' dir='ltr'>ἐνὸς,</span> <span class='ocrx_word' id='word_1_501' title='bbox 1673 3509 1768 3560; x_wconf 74' lang='grc' dir='ltr'><strong>καὶ</strong></span> 
     </span>
    </p>
   </div>
   <div class='ocr_carea' id='block_1_67' title="bbox 187 3599 1768 3676">
    <p class='ocr_par' dir='ltr' id='par_1_67' title="bbox 187 3599 1768 3676">
     <span class='ocr_line' id='line_1_67' title="bbox 187 3599 1768 3676; baseline -0.003 -18"><span class='ocrx_word' id='word_1_502' title='bbox 187 3609 222 3674; x_wconf 76' lang='grc' dir='ltr'><strong>η</strong></span> <span class='ocrx_word' id='word_1_503' title='bbox 255 3606 440 3676; x_wconf 78' lang='grc' dir='ltr'>Καινὴ</span> <span class='ocrx_word' id='word_1_504' title='bbox 490 3603 586 3656; x_wconf 87' lang='grc' dir='ltr'><strong>τοῦ</strong></span> <span class='ocrx_word' id='word_1_505' title='bbox 635 3603 794 3657; x_wconf 78' lang='grc' dir='ltr'>ἄλλου</span> <span class='ocrx_word' id='word_1_506' title='bbox 819 3642 832 3663; x_wconf 91' lang='grc'><strong>,</strong></span> <span class='ocrx_word' id='word_1_507' title='bbox 873 3601 967 3654; x_wconf 86' lang='grc' dir='ltr'><strong>τοῦ</strong></span> <span class='ocrx_word' id='word_1_508' title='bbox 1021 3603 1076 3654; x_wconf 81' lang='grc' dir='ltr'>δὲ</span> <span class='ocrx_word' id='word_1_509' title='bbox 1110 3599 1276 3655; x_wconf 89' lang='grc' dir='ltr'>καλοῦ</span> <span class='ocrx_word' id='word_1_510' title='bbox 1310 3599 1444 3654; x_wconf 81' lang='grc' dir='ltr'>Θεοῦ</span> <span class='ocrx_word' id='word_1_511' title='bbox 1485 3599 1596 3672; x_wconf 81' lang='grc' dir='ltr'>[εί]</span> <span class='ocrx_word' id='word_1_512' title='bbox 1621 3601 1768 3654; x_wconf 74' lang='grc' dir='ltr'>ἐστιν</span> 
     </span>
    </p>
   </div>
   <div class='ocr_carea' id='block_1_68' title="bbox 189 3691 1766 3766">
    <p class='ocr_par' dir='ltr' id='par_1_68' title="bbox 189 3691 1766 3766">
     <span class='ocr_line' id='line_1_68' title="bbox 189 3691 1766 3766; baseline -0.003 -19"><span class='ocrx_word' id='word_1_513' title='bbox 189 3699 224 3766; x_wconf 77' lang='grc' dir='ltr'><strong>ἡ</strong></span> <span class='ocrx_word' id='word_1_514' title='bbox 261 3694 442 3764; x_wconf 80' lang='grc' dir='ltr'>Καινὴ</span> <span class='ocrx_word' id='word_1_515' title='bbox 469 3693 708 3766; x_wconf 86' lang='grc' dir='ltr'>Διαθήκη</span> <span class='ocrx_word' id='word_1_516' title='bbox 731 3733 746 3756; x_wconf 95' lang='grc'><strong>,</strong></span> <span class='ocrx_word' id='word_1_517' title='bbox 779 3691 1015 3764; x_wconf 88' lang='grc' dir='ltr'>πονηροῦ</span> <span class='ocrx_word' id='word_1_518' title='bbox 1049 3693 1105 3746; x_wconf 84' lang='grc' dir='ltr'>δὲ</span> <span class='ocrx_word' id='word_1_519' title='bbox 1135 3695 1168 3763; x_wconf 85' lang='grc' dir='ltr'>ἠ</span> <span class='ocrx_word' id='word_1_520' title='bbox 1195 3692 1408 3746; x_wconf 86' lang='grc' dir='ltr'>Παλαιά</span> <span class='ocrx_word' id='word_1_521' title='bbox 1429 3733 1443 3754; x_wconf 87' lang='grc'><strong>,</strong></span> <span class='ocrx_word' id='word_1_522' title='bbox 1476 3691 1582 3763; x_wconf 76' lang='grc' dir='ltr'>ἄρα</span> <span class='ocrx_word' id='word_1_523' title='bbox 1611 3693 1656 3743; x_wconf 83' lang='grc' dir='ltr'><strong>εί</strong></span> <span class='ocrx_word' id='word_1_524' title='bbox 1694 3691 1766 3762; x_wconf 83' lang='grc' dir='ltr'>μὴ</span> 
     </span>
    </p>
   </div>
   <div class='ocr_carea' id='block_1_69' title="bbox 192 3782 1769 3854">
    <p class='ocr_par' dir='ltr' id='par_1_69' title="bbox 192 3782 1769 3854">
     <span class='ocr_line' id='line_1_69' title="bbox 192 3782 1769 3854; baseline -0.004 -15"><span class='ocrx_word' id='word_1_525' title='bbox 192 3784 334 3840; x_wconf 68' lang='grc' dir='ltr'>εἶδεν</span> <span class='ocrx_word' id='word_1_526' title='bbox 387 3787 418 3837; x_wconf 83' lang='grc' dir='ltr'><strong>ὀ</strong></span> <span class='ocrx_word' id='word_1_527' title='bbox 464 3785 664 3853; x_wconf 77' lang='grc' dir='ltr'>ἀγαθὸς</span> <span class='ocrx_word' id='word_1_528' title='bbox 709 3783 840 3848; x_wconf 76' lang='grc' dir='ltr'>Θεὸς</span> <span class='ocrx_word' id='word_1_529' title='bbox 883 3785 975 3837; x_wconf 81' lang='grc' dir='ltr'><strong>τὸν</strong></span> <span class='ocrx_word' id='word_1_530' title='bbox 1011 3785 1242 3854; x_wconf 84' lang='grc' dir='ltr'>πονηρὸν</span> <span class='ocrx_word' id='word_1_531' title='bbox 1287 3783 1634 3852; x_wconf 80' lang='grc' dir='ltr'>διαθέμενον,</span> <span class='ocrx_word' id='word_1_532' title='bbox 1671 3782 1769 3834; x_wconf 80' lang='grc' dir='ltr'><strong>οὐκ</strong></span> 
     </span>
    </p>
   </div>
   <div class='ocr_carea' id='block_1_70' title="bbox 193 3871 1770 3948">
    <p class='ocr_par' dir='ltr' id='par_1_70' title="bbox 193 3871 1770 3948">
     <span class='ocr_line' id='line_1_70' title="bbox 193 3871 1770 3948; baseline -0.004 -20"><span class='ocrx_word' id='word_1_533' title='bbox 193 3877 310 3948; x_wconf 68' lang='grc' dir='ltr'>ᾔδει</span> <span class='ocrx_word' id='word_1_534' title='bbox 336 3918 350 3940; x_wconf 87' lang='grc'><strong>,</strong></span> <span class='ocrx_word' id='word_1_535' title='bbox 375 3875 458 3927; x_wconf 84' lang='grc' dir='ltr'>ὅτι</span> <span class='ocrx_word' id='word_1_536' title='bbox 491 3875 594 3945; x_wconf 83' lang='grc' dir='ltr'><strong>χρὴ</strong></span> <span class='ocrx_word' id='word_1_537' title='bbox 625 3873 898 3928; x_wconf 84' lang='grc' dir='ltr'>διαθέσθαι</span> <span class='ocrx_word' id='word_1_538' title='bbox 928 3873 1213 3944; x_wconf 85' lang='grc' dir='ltr'>διαθήκην.</span> <span class='ocrx_word' id='word_1_539' title='bbox 1253 3873 1362 3924; x_wconf 80' lang='grc' dir='ltr'><strong>Καὶ</strong></span> <span class='ocrx_word' id='word_1_540' title='bbox 1390 3871 1540 3924; x_wconf 75' lang='grc' dir='ltr'>ἔσται</span> <span class='ocrx_word' id='word_1_541' title='bbox 1573 3871 1770 3940; x_wconf 78' lang='grc' dir='ltr'>μᾶλλον</span> 
     </span>
    </p>
   </div>
   <div class='ocr_carea' id='block_1_71' title="bbox 196 3961 1764 4039">
    <p class='ocr_par' dir='ltr' id='par_1_71' title="bbox 196 3961 1764 4039">
     <span class='ocr_line' id='line_1_71' title="bbox 196 3961 1764 4039; baseline -0.004 -19"><span class='ocrx_word' id='word_1_542' title='bbox 196 3969 334 4039; x_wconf 84' lang='grc' dir='ltr'>παρ’</span> <span class='ocrx_word' id='word_1_543' title='bbox 345 3965 513 4020; x_wconf 84' lang='grc' dir='ltr'>αὐτοῦ</span> <span class='ocrx_word' id='word_1_544' title='bbox 539 3965 826 4034; x_wconf 86' lang='grc' dir='ltr'>λαμϐάνων</span> <span class='ocrx_word' id='word_1_545' title='bbox 856 3967 954 4035; x_wconf 80' lang='grc' dir='ltr'>τὴν</span> <span class='ocrx_word' id='word_1_546' title='bbox 985 3965 1257 4036; x_wconf 83' lang='grc' dir='ltr'>πρόφασιν</span> <span class='ocrx_word' id='word_1_547' title='bbox 1285 3963 1380 4032; x_wconf 84' lang='grc' dir='ltr'><strong>τῆς</strong></span> <span class='ocrx_word' id='word_1_548' title='bbox 1400 3961 1764 4024; x_wconf 85' lang='grc' dir='ltr'>διδασκαλίας,</span> 
     </span>
    </p>
   </div>
   <div class='ocr_carea' id='block_1_72' title="bbox 155 4049 1770 4128">
    <p class='ocr_par' dir='ltr' id='par_1_72' title="bbox 155 4049 1770 4128">
     <span class='ocr_line' id='line_1_72' title="bbox 155 4049 1770 4128; baseline -0.006 -17"><span class='ocrx_word' id='word_1_549' title='bbox 155 4118 162 4122; x_wconf 97' lang='lat'><strong>_</strong></span> <span class='ocrx_word' id='word_1_550' title='bbox 195 4059 290 4111; x_wconf 77' lang='grc' dir='ltr'><strong>καὶ</strong></span> <span class='ocrx_word' id='word_1_551' title='bbox 321 4057 550 4128; x_wconf 79' lang='grc' dir='ltr'>ἄπειρος</span> <span class='ocrx_word' id='word_1_552' title='bbox 579 4053 654 4107; x_wconf 81' lang='grc' dir='ltr'><strong>ὢν</strong></span> <span class='ocrx_word' id='word_1_553' title='bbox 683 4057 738 4108; x_wconf 83' lang='grc' dir='ltr'>ὲν</span> <span class='ocrx_word' id='word_1_554' title='bbox 762 4057 874 4117; x_wconf 85' lang='grc' dir='ltr'>τοῖς</span> <span class='ocrx_word' id='word_1_555' title='bbox 899 4055 1233 4125; x_wconf 85' lang='grc' dir='ltr'>πράγμασιν.</span> <span class='ocrx_word' id='word_1_556' title='bbox 1271 4053 1332 4105; x_wconf 83' lang='lat' dir='ltr'><strong>Ei</strong></span> <span class='ocrx_word' id='word_1_557' title='bbox 1367 4051 1474 4120; x_wconf 77' lang='grc' dir='ltr'>γὰρ</span> <span class='ocrx_word' id='word_1_558' title='bbox 1505 4051 1578 4122; x_wconf 83' lang='grc' dir='ltr'>μὴ</span> <span class='ocrx_word' id='word_1_559' title='bbox 1607 4049 1770 4122; x_wconf 78' lang='grc' dir='ltr'>ἑώρα-</span> 
     </span>
    </p>
   </div>
   <div class='ocr_carea' id='block_1_73' title="bbox 195 4141 1769 4215">
    <p class='ocr_par' dir='ltr' id='par_1_73' title="bbox 195 4141 1769 4215">
     <span class='ocr_line' id='line_1_73' title="bbox 195 4141 1769 4215; baseline -0.006 -14"><span class='ocrx_word' id='word_1_560' title='bbox 195 4166 313 4214; x_wconf 82' lang='grc' dir='ltr'>κεν,</span> <span class='ocrx_word' id='word_1_561' title='bbox 337 4149 442 4200; x_wconf 82' lang='grc' dir='ltr'><strong>οὐκ</strong></span> <span class='ocrx_word' id='word_1_562' title='bbox 465 4147 532 4199; x_wconf 76' lang='grc' dir='ltr'>ἂν</span> <span class='ocrx_word' id='word_1_563' title='bbox 555 4147 879 4215; x_wconf 73' lang='grc' dir='ltr'>ἐμιμήσατο.</span> <span class='ocrx_word' id='word_1_564' title='bbox 909 4145 1018 4197; x_wconf 78' lang='lat' dir='ltr'><strong>Kal</strong></span> <span class='ocrx_word' id='word_1_565' title='bbox 1047 4143 1151 4196; x_wconf 74' lang='grc' dir='ltr'>ἔδει</span> <span class='ocrx_word' id='word_1_566' title='bbox 1178 4141 1374 4213; x_wconf 80' lang='grc' dir='ltr'>μᾶλλον</span> <span class='ocrx_word' id='word_1_567' title='bbox 1399 4143 1496 4214; x_wconf 77' lang='grc' dir='ltr'>τὴν</span> <span class='ocrx_word' id='word_1_568' title='bbox 1525 4141 1769 4195; x_wconf 74' lang='grc' dir='ltr'>Παλαιὰν</span> 
     </span>
    </p>
   </div>
   <div class='ocr_carea' id='block_1_74' title="bbox 197 4233 1772 4310">
    <p class='ocr_par' dir='ltr' id='par_1_74' title="bbox 197 4233 1772 4310">
     <span class='ocr_line' id='line_1_74' title="bbox 197 4233 1772 4310; baseline -0.006 -16"><span class='ocrx_word' id='word_1_569' title='bbox 197 4241 479 4310; x_wconf 79' lang='grc' dir='ltr'>Διαθήκην</span> <span class='ocrx_word' id='word_1_570' title='bbox 515 4233 648 4291; x_wconf 72' lang='grc' dir='ltr'>εἶναι</span> <span class='ocrx_word' id='word_1_571' title='bbox 675 4236 769 4289; x_wconf 87' lang='grc' dir='ltr'><strong>τοῦ</strong></span> <span class='ocrx_word' id='word_1_572' title='bbox 803 4235 1029 4304; x_wconf 84' lang='grc' dir='ltr'>ἀγαθοῦ,</span> <span class='ocrx_word' id='word_1_573' title='bbox 1055 4237 1141 4289; x_wconf 79' lang='grc' dir='ltr'>ἵνα</span> <span class='ocrx_word' id='word_1_574' title='bbox 1165 4235 1264 4288; x_wconf 81' lang='grc' dir='ltr'><strong>κᾶν</strong></span> <span class='ocrx_word' id='word_1_575' title='bbox 1285 4237 1313 4288; x_wconf 85' lang='grc' dir='ltr'>ὁ</span> <span class='ocrx_word' id='word_1_576' title='bbox 1347 4234 1580 4306; x_wconf 83' lang='grc' dir='ltr'>πονηρὸς</span> <span class='ocrx_word' id='word_1_577' title='bbox 1610 4249 1772 4304; x_wconf 88' lang='grc' dir='ltr'>μιμη-</span> 
     </span>
    </p>
   </div>
   <div class='ocr_carea' id='block_1_75' title="bbox 197 4325 1772 4402">
    <p class='ocr_par' dir='ltr' id='par_1_75' title="bbox 197 4325 1772 4402">
     <span class='ocr_line' id='line_1_75' title="bbox 197 4325 1772 4402; baseline -0.007 -16"><span class='ocrx_word' id='word_1_578' title='bbox 197 4333 288 4394; x_wconf 55' lang='lat' dir='ltr'><strong>is;</strong></span> <span class='ocrx_word' id='word_1_579' title='bbox 313 4329 528 4402; x_wconf 77' lang='grc' dir='ltr'>ἀκούσῃ</span> <span class='ocrx_word' id='word_1_580' title='bbox 556 4329 696 4400; x_wconf 67' lang='grc' dir='ltr'>ἢπερ</span> <span class='ocrx_word' id='word_1_581' title='bbox 728 4329 755 4379; x_wconf 86' lang='grc' dir='ltr'>ὁ</span> <span class='ocrx_word' id='word_1_582' title='bbox 799 4327 874 4380; x_wconf 83' lang='grc' dir='ltr'>ὢν</span> <span class='ocrx_word' id='word_1_583' title='bbox 907 4328 1156 4399; x_wconf 82' lang='grc' dir='ltr'>ἀληθινὸς</span> <span class='ocrx_word' id='word_1_584' title='bbox 1193 4327 1323 4390; x_wconf 83' lang='grc' dir='ltr'>Θεός</span> <span class='ocrx_word' id='word_1_585' title='bbox 1351 4343 1362 4356; x_wconf 88' lang='grc'><strong>·</strong></span> <span class='ocrx_word' id='word_1_586' title='bbox 1403 4325 1550 4394; x_wconf 83' lang='grc' dir='ltr'>λέγει</span> <span class='ocrx_word' id='word_1_587' title='bbox 1599 4325 1705 4395; x_wconf 83' lang='grc' dir='ltr'><strong>γὰρ</strong></span> <span class='ocrx_word' id='word_1_588' title='bbox 1745 4325 1772 4376; x_wconf 86' lang='grc' dir='ltr'>ὁ</span> 
     </span>
    </p>
   </div>
   <div class='ocr_carea' id='block_1_76' title="bbox 199 4417 1772 4496">
    <p class='ocr_par' dir='ltr' id='par_1_76' title="bbox 199 4417 1772 4496">
     <span class='ocr_line' id='line_1_76' title="bbox 199 4417 1772 4496; baseline -0.004 -19"><span class='ocrx_word' id='word_1_589' title='bbox 199 4425 408 4496; x_wconf 77' lang='grc' dir='ltr'>Κύριος</span> <span class='ocrx_word' id='word_1_590' title='bbox 441 4425 500 4474; x_wconf 84' lang='grc' dir='ltr'>ὲν</span> <span class='ocrx_word' id='word_1_591' title='bbox 537 4421 614 4492; x_wconf 84' lang='grc' dir='ltr'>τῷ</span> <span class='ocrx_word' id='word_1_592' title='bbox 653 4421 1000 4491; x_wconf 77' lang='grc' dir='ltr'>Εὐαγγελίῳ·</span> <span class='ocrx_word' id='word_1_593' title='bbox 1052 4423 1114 4473; x_wconf 89' lang='grc' dir='ltr'><strong>Ὃ</strong></span> <span class='ocrx_word' id='word_1_594' title='bbox 1156 4419 1264 4474; x_wconf 83' lang='grc' dir='ltr'><strong>ἐὰν</strong></span> <span class='ocrx_word' id='word_1_595' title='bbox 1297 4419 1499 4487; x_wconf 71' lang='grc' dir='ltr'>βλέπῃ</span> <span class='ocrx_word' id='word_1_596' title='bbox 1551 4421 1582 4472; x_wconf 84' lang='grc' dir='ltr'><em>ό</em></span> <span class='ocrx_word' id='word_1_597' title='bbox 1641 4417 1772 4483; x_wconf 78' lang='grc' dir='ltr'><strong>Υἱὸς</strong></span> 
     </span>
    </p>
   </div>
   <div class='ocr_carea' id='block_1_77' title="bbox 1865 3237 3440 3314">
    <p class='ocr_par' dir='ltr' id='par_1_77' title="bbox 1865 3237 3440 3314">
     <span class='ocr_line' id='line_1_77' title="bbox 1865 3237 3440 3314; baseline 0.002 -25"><span class='ocrx_word' id='word_1_598' title='bbox 1865 3237 1972 3292; x_wconf 90' lang='lat' dir='ltr'><strong>bile</strong></span> <span class='ocrx_word' id='word_1_599' title='bbox 2002 3238 2247 3292; x_wconf 84' lang='lat' dir='ltr'><strong>nonnihil</strong></span> <span class='ocrx_word' id='word_1_600' title='bbox 2279 3238 2444 3314; x_wconf 73' lang='lat' dir='ltr'><strong>videri</strong></span> <span class='ocrx_word' id='word_1_601' title='bbox 2495 3247 2707 3306; x_wconf 91' lang='lat' dir='ltr'><strong>posset,</strong></span> <span class='ocrx_word' id='word_1_602' title='bbox 2737 3237 2882 3307; x_wconf 89' lang='lat' dir='ltr'><strong>quod</strong></span> <span class='ocrx_word' id='word_1_603' title='bbox 2937 3239 3004 3292; x_wconf 92' lang='lat' dir='ltr'><strong>de</strong></span> <span class='ocrx_word' id='word_1_604' title='bbox 3031 3237 3231 3308; x_wconf 89' lang='lat' dir='ltr'><strong>duplici</strong></span> <span class='ocrx_word' id='word_1_605' title='bbox 3278 3243 3440 3292; x_wconf 78' lang='lat' dir='ltr'><strong>testa-</strong></span> 
     </span>
    </p>
   </div>
   <div class='ocr_carea' id='block_1_78' title="bbox 1868 3327 3442 3397">
    <p class='ocr_par' dir='ltr' id='par_1_78' title="bbox 1868 3327 3442 3397">
     <span class='ocr_line' id='line_1_78' title="bbox 1868 3327 3442 3397; baseline 0.002 -18"><span class='ocrx_word' id='word_1_606' title='bbox 1868 3333 1984 3382; x_wconf 88' lang='lat' dir='ltr'><strong>tore</strong></span> <span class='ocrx_word' id='word_1_607' title='bbox 2022 3329 2278 3397; x_wconf 86' lang='lat' dir='ltr'><strong>disputat.</strong></span> <span class='ocrx_word' id='word_1_608' title='bbox 2311 3327 2387 3382; x_wconf 90' lang='lat' dir='ltr'><strong>Ita</strong></span> <span class='ocrx_word' id='word_1_609' title='bbox 2417 3329 2580 3383; x_wconf 87' lang='lat' dir='ltr'><strong>etiam</strong></span> <span class='ocrx_word' id='word_1_610' title='bbox 2641 3329 2686 3383; x_wconf 89' lang='lat' dir='ltr'><strong>si</strong></span> <span class='ocrx_word' id='word_1_611' title='bbox 2738 3327 2887 3384; x_wconf 86' lang='lat' dir='ltr'><strong>Nova</strong></span> <span class='ocrx_word' id='word_1_612' title='bbox 2939 3327 3047 3382; x_wconf 88' lang='lat' dir='ltr'><strong>duo</strong></span> <span class='ocrx_word' id='word_1_613' title='bbox 3093 3327 3442 3383; x_wconf 85' lang='lat' dir='ltr'><strong>Testamenta</strong></span> 
     </span>
    </p>
   </div>
   <div class='ocr_carea' id='block_1_79' title="bbox 1869 3417 3441 3490">
    <p class='ocr_par' dir='ltr' id='par_1_79' title="bbox 1869 3417 3441 3490">
     <span class='ocr_line' id='line_1_79' title="bbox 1869 3417 3441 3490; baseline 0 -18"><span class='ocrx_word' id='word_1_614' title='bbox 1869 3417 2028 3473; x_wconf 74' lang='lat' dir='ltr'><strong>nobis</strong></span> <span class='ocrx_word' id='word_1_615' title='bbox 2080 3419 2433 3485; x_wconf 88' lang='lat' dir='ltr'><strong>ostenderet,</strong></span> <span class='ocrx_word' id='word_1_616' title='bbox 2467 3427 2746 3490; x_wconf 89' lang='lat' dir='ltr'><strong>utcunque</strong></span> <span class='ocrx_word' id='word_1_617' title='bbox 2797 3419 2942 3488; x_wconf 89' lang='lat' dir='ltr'><strong>quod</strong></span> <span class='ocrx_word' id='word_1_618' title='bbox 2975 3429 3158 3472; x_wconf 87' lang='lat' dir='ltr'><strong>narrat</strong></span> <span class='ocrx_word' id='word_1_619' title='bbox 3215 3419 3441 3488; x_wconf 76' lang='lat' dir='ltr'><strong>intelligi</strong></span> 
     </span>
    </p>
   </div>
   <div class='ocr_carea' id='block_1_80' title="bbox 1871 3509 3444 3582">
    <p class='ocr_par' dir='ltr' id='par_1_80' title="bbox 1871 3509 3444 3582">
     <span class='ocr_line' id='line_1_80' title="bbox 1871 3509 3444 3582; baseline -0.003 -17"><span class='ocrx_word' id='word_1_620' title='bbox 1871 3519 2076 3582; x_wconf 89' lang='lat' dir='ltr'><strong>posset.</strong></span> <span class='ocrx_word' id='word_1_621' title='bbox 2131 3511 2236 3566; x_wconf 88' lang='lat' dir='ltr'><strong>Sed</strong></span> <span class='ocrx_word' id='word_1_622' title='bbox 2287 3529 2408 3566; x_wconf 91' lang='lat' dir='ltr'><strong>cum</strong></span> <span class='ocrx_word' id='word_1_623' title='bbox 2459 3511 2627 3568; x_wconf 83' lang='lat' dir='ltr'><strong>Vetus</strong></span> <span class='ocrx_word' id='word_1_624' title='bbox 2685 3513 2901 3581; x_wconf 88' lang='lat' dir='ltr'><strong>quidem</strong></span> <span class='ocrx_word' id='word_1_625' title='bbox 2948 3511 3199 3574; x_wconf 65' lang='lat' dir='ltr'><strong>alterius,</strong></span> <span class='ocrx_word' id='word_1_626' title='bbox 3235 3509 3444 3564; x_wconf 82' lang='lat' dir='ltr'><strong>Novum</strong></span> 
     </span>
    </p>
   </div>
   <div class='ocr_carea' id='block_1_81' title="bbox 1867 3599 3444 3668">
    <p class='ocr_par' dir='ltr' id='par_1_81' title="bbox 1867 3599 3444 3668">
     <span class='ocr_line' id='line_1_81' title="bbox 1867 3599 3444 3668; baseline -0.002 -12"><span class='ocrx_word' id='word_1_627' title='bbox 1867 3602 2274 3659; x_wconf 88' lang='lat' dir='ltr'><strong>Testamentum</strong></span> <span class='ocrx_word' id='word_1_628' title='bbox 2312 3603 2536 3658; x_wconf 90' lang='lat' dir='ltr'><strong>alterius</strong></span> <span class='ocrx_word' id='word_1_629' title='bbox 2564 3607 2654 3668; x_wconf 90' lang='lat' dir='ltr'><strong>sit,</strong></span> <span class='ocrx_word' id='word_1_630' title='bbox 2683 3603 2788 3658; x_wconf 87' lang='lat' dir='ltr'><strong>hoc</strong></span> <span class='ocrx_word' id='word_1_631' title='bbox 2816 3603 2862 3658; x_wconf 92' lang='lat' dir='ltr'><strong>si</strong></span> <span class='ocrx_word' id='word_1_632' title='bbox 2889 3603 3032 3656; x_wconf 91' lang='lat' dir='ltr'><strong>bono</strong></span> <span class='ocrx_word' id='word_1_633' title='bbox 3061 3603 3167 3656; x_wconf 90' lang='lat' dir='ltr'><strong>Deo</strong></span> <span class='ocrx_word' id='word_1_634' title='bbox 3203 3599 3444 3654; x_wconf 87' lang='lat' dir='ltr'><strong>tribuere</strong></span> 
     </span>
    </p>
   </div>
   <div class='ocr_carea' id='block_1_82' title="bbox 1871 3691 3442 3762">
    <p class='ocr_par' dir='ltr' id='par_1_82' title="bbox 1871 3691 3442 3762">
     <span class='ocr_line' id='line_1_82' title="bbox 1871 3691 3442 3762; baseline -0.002 -16"><span class='ocrx_word' id='word_1_635' title='bbox 1871 3694 2100 3748; x_wconf 80' lang='lat' dir='ltr'><strong>velimus</strong></span> <span class='ocrx_word' id='word_1_636' title='bbox 2127 3734 2142 3757; x_wconf 89' lang='lat'><strong>,</strong></span> <span class='ocrx_word' id='word_1_637' title='bbox 2179 3694 2310 3748; x_wconf 89' lang='lat' dir='ltr'><strong>illud</strong></span> <span class='ocrx_word' id='word_1_638' title='bbox 2367 3709 2496 3749; x_wconf 83' lang='lat' dir='ltr'><strong>vero</strong></span> <span class='ocrx_word' id='word_1_639' title='bbox 2541 3693 2684 3748; x_wconf 91' lang='lat' dir='ltr'><strong>malo</strong></span> <span class='ocrx_word' id='word_1_640' title='bbox 2711 3735 2725 3758; x_wconf 82' lang='lat'><strong>.</strong></span> <span class='ocrx_word' id='word_1_641' title='bbox 2762 3707 3108 3762; x_wconf 79' lang='lat' dir='ltr'><strong>consequens</strong></span> <span class='ocrx_word' id='word_1_642' title='bbox 3161 3691 3294 3744; x_wconf 89' lang='lat' dir='ltr'><strong>illud</strong></span> <span class='ocrx_word' id='word_1_643' title='bbox 3336 3697 3442 3754; x_wconf 84' lang='lat' dir='ltr'><strong>est,</strong></span> 
     </span>
    </p>
   </div>
   <div class='ocr_carea' id='block_1_83' title="bbox 1869 3785 3444 3851">
    <p class='ocr_par' dir='ltr' id='par_1_83' title="bbox 1869 3785 3444 3851">
     <span class='ocr_line' id='line_1_83' title="bbox 1869 3785 3444 3851; baseline -0.003 -13"><span class='ocrx_word' id='word_1_644' title='bbox 1869 3785 2072 3839; x_wconf 88' lang='lat' dir='ltr'><strong>bonum</strong></span> <span class='ocrx_word' id='word_1_645' title='bbox 2109 3785 2300 3851; x_wconf 90' lang='lat' dir='ltr'><strong>Deum,</strong></span> <span class='ocrx_word' id='word_1_646' title='bbox 2334 3785 2440 3841; x_wconf 91' lang='lat' dir='ltr'><strong>nisi</strong></span> <span class='ocrx_word' id='word_1_647' title='bbox 2469 3785 2746 3842; x_wconf 83' lang='lat' dir='ltr'><strong>conditum</strong></span> <span class='ocrx_word' id='word_1_648' title='bbox 2792 3799 2822 3838; x_wconf 90' lang='lat' dir='ltr'><strong>a</strong></span> <span class='ocrx_word' id='word_1_649' title='bbox 2855 3785 2996 3839; x_wconf 91' lang='lat' dir='ltr'><strong>malo</strong></span> <span class='ocrx_word' id='word_1_650' title='bbox 3059 3789 3444 3838; x_wconf 84' lang='lat' dir='ltr'><strong>testamentum</strong></span> 
     </span>
    </p>
   </div>
   <div class='ocr_carea' id='block_1_84' title="bbox 1872 3875 3444 3946">
    <p class='ocr_par' dir='ltr' id='par_1_84' title="bbox 1872 3875 3444 3946">
     <span class='ocr_line' id='line_1_84' title="bbox 1872 3875 3444 3946; baseline -0.002 -17"><span class='ocrx_word' id='word_1_651' title='bbox 1872 3875 2161 3941; x_wconf 87' lang='lat' dir='ltr'><strong>scivisset,</strong></span> <span class='ocrx_word' id='word_1_652' title='bbox 2217 3889 2248 3929; x_wconf 90' lang='lat' dir='ltr'><strong>a</strong></span> <span class='ocrx_word' id='word_1_653' title='bbox 2309 3891 2367 3931; x_wconf 92' lang='lat' dir='ltr'><strong>se</strong></span> <span class='ocrx_word' id='word_1_654' title='bbox 2419 3891 2634 3946; x_wconf 92' lang='lat' dir='ltr'><strong>quoque</strong></span> <span class='ocrx_word' id='word_1_655' title='bbox 2681 3875 3026 3931; x_wconf 85' lang='lat' dir='ltr'><strong>condendam</strong></span> <span class='ocrx_word' id='word_1_656' title='bbox 3068 3875 3444 3944; x_wconf 80' lang='lat' dir='ltr'><strong>ignoraturum</strong></span> 
     </span>
    </p>
   </div>
   <div class='ocr_carea' id='block_1_85' title="bbox 1875 3962 3448 4035">
    <p class='ocr_par' dir='ltr' id='par_1_85' title="bbox 1875 3962 3448 4035">
     <span class='ocr_line' id='line_1_85' title="bbox 1875 3962 3448 4035; baseline -0.001 -17"><span class='ocrx_word' id='word_1_657' title='bbox 1875 3965 2063 4022; x_wconf 88' lang='lat' dir='ltr'><strong>fuisse.</strong></span> <span class='ocrx_word' id='word_1_658' title='bbox 2117 3964 2297 4032; x_wconf 83' lang='lat' dir='ltr'><strong>Quare</strong></span> <span class='ocrx_word' id='word_1_659' title='bbox 2357 3967 2618 4021; x_wconf 72' lang='lat' dir='ltr'><strong>doctrinae</strong></span> <span class='ocrx_word' id='word_1_660' title='bbox 2658 3981 2768 4020; x_wconf 67' lang='lat' dir='ltr'><strong>suae</strong></span> <span class='ocrx_word' id='word_1_661' title='bbox 2819 3963 3160 4035; x_wconf 73' lang='lat' dir='ltr'><strong>divulganda:</strong></span> <span class='ocrx_word' id='word_1_662' title='bbox 3196 3962 3448 4018; x_wconf 86' lang='lat' dir='ltr'><strong>occasio-</strong></span> 
     </span>
    </p>
   </div>
   <div class='ocr_carea' id='block_1_86' title="bbox 1873 4053 3446 4125">
    <p class='ocr_par' dir='ltr' id='par_1_86' title="bbox 1873 4053 3446 4125">
     <span class='ocr_line' id='line_1_86' title="bbox 1873 4053 3446 4125; baseline -0.003 -15"><span class='ocrx_word' id='word_1_663' title='bbox 1873 4073 1996 4111; x_wconf 90' lang='lat' dir='ltr'><strong>nem</strong></span> <span class='ocrx_word' id='word_1_664' title='bbox 2030 4057 2096 4112; x_wconf 89' lang='lat' dir='ltr'><strong>ab</strong></span> <span class='ocrx_word' id='word_1_665' title='bbox 2127 4059 2218 4111; x_wconf 91' lang='lat' dir='ltr'><strong>illo</strong></span> <span class='ocrx_word' id='word_1_666' title='bbox 2247 4067 2438 4112; x_wconf 91' lang='lat' dir='ltr'><strong>nactus</strong></span> <span class='ocrx_word' id='word_1_667' title='bbox 2460 4097 2474 4120; x_wconf 86' lang='lat'><strong>,</strong></span> <span class='ocrx_word' id='word_1_668' title='bbox 2513 4073 2577 4111; x_wconf 89' lang='lat' dir='ltr'><strong>ac</strong></span> <span class='ocrx_word' id='word_1_669' title='bbox 2609 4073 2787 4111; x_wconf 86' lang='lat' dir='ltr'><strong>rerum</strong></span> <span class='ocrx_word' id='word_1_670' title='bbox 2814 4055 3178 4125; x_wconf 79' lang='lat' dir='ltr'><strong>gerendarum</strong></span> <span class='ocrx_word' id='word_1_671' title='bbox 3227 4053 3446 4122; x_wconf 84' lang='lat' dir='ltr'><strong>imperi-</strong></span> 
     </span>
    </p>
   </div>
   <div class='ocr_carea' id='block_1_87' title="bbox 1873 4143 3445 4206">
    <p class='ocr_par' dir='ltr' id='par_1_87' title="bbox 1873 4143 3445 4206">
     <span class='ocr_line' id='line_1_87' title="bbox 1873 4143 3445 4206; baseline -0.003 -6"><span class='ocrx_word' id='word_1_672' title='bbox 1873 4155 1962 4202; x_wconf 74' lang='lat' dir='ltr'><strong>tus</strong></span> <span class='ocrx_word' id='word_1_673' title='bbox 1979 4163 2101 4202; x_wconf 90' lang='lat' dir='ltr'><strong>esse</strong></span> <span class='ocrx_word' id='word_1_674' title='bbox 2125 4149 2417 4204; x_wconf 85' lang='lat' dir='ltr'><strong>videbitur.</strong></span> <span class='ocrx_word' id='word_1_675' title='bbox 2443 4149 2561 4203; x_wconf 84' lang='lat' dir='ltr'><strong>Nisi</strong></span> <span class='ocrx_word' id='word_1_676' title='bbox 2582 4150 2726 4203; x_wconf 88' lang='lat' dir='ltr'><strong>enim</strong></span> <span class='ocrx_word' id='word_1_677' title='bbox 2759 4147 2872 4200; x_wconf 83' lang='lat' dir='ltr'><strong>ﬁeri</strong></span> <span class='ocrx_word' id='word_1_678' title='bbox 2901 4147 2966 4198; x_wconf 88' lang='lat' dir='ltr'><strong>ah</strong></span> <span class='ocrx_word' id='word_1_679' title='bbox 2991 4146 3164 4198; x_wconf 88' lang='lat' dir='ltr'><strong>altero</strong></span> <span class='ocrx_word' id='word_1_680' title='bbox 3197 4143 3445 4206; x_wconf 86' lang='lat' dir='ltr'><strong>vidisset,</strong></span> 
     </span>
    </p>
   </div>
   <div class='ocr_carea' id='block_1_88' title="bbox 1873 4233 3440 4308">
    <p class='ocr_par' dir='ltr' id='par_1_88' title="bbox 1873 4233 3440 4308">
     <span class='ocr_line' id='line_1_88' title="bbox 1873 4233 3440 4308; baseline -0.004 -16"><span class='ocrx_word' id='word_1_681' title='bbox 1873 4253 2152 4308; x_wconf 89' lang='lat' dir='ltr'><strong>nunquam</strong></span> <span class='ocrx_word' id='word_1_682' title='bbox 2182 4247 2320 4295; x_wconf 90' lang='lat' dir='ltr'><strong>esset</strong></span> <span class='ocrx_word' id='word_1_683' title='bbox 2365 4241 2622 4292; x_wconf 87' lang='lat' dir='ltr'><strong>imitatus.</strong></span> <span class='ocrx_word' id='word_1_684' title='bbox 2672 4239 2748 4302; x_wconf 84' lang='lat' dir='ltr'><strong>Ac</strong></span> <span class='ocrx_word' id='word_1_685' title='bbox 2789 4237 2932 4290; x_wconf 88' lang='lat' dir='ltr'><strong>bono</strong></span> <span class='ocrx_word' id='word_1_686' title='bbox 2965 4235 3073 4290; x_wconf 87' lang='lat' dir='ltr'><strong>Deo</strong></span> <span class='ocrx_word' id='word_1_687' title='bbox 3117 4233 3440 4288; x_wconf 83' lang='lat' dir='ltr'><strong>Testamen-</strong></span> 
     </span>
    </p>
   </div>
   <div class='ocr_carea' id='block_1_89' title="bbox 1875 4326 3448 4399">
    <p class='ocr_par' dir='ltr' id='par_1_89' title="bbox 1875 4326 3448 4399">
     <span class='ocr_line' id='line_1_89' title="bbox 1875 4326 3448 4399; baseline -0.001 -19"><span class='ocrx_word' id='word_1_688' title='bbox 1875 4339 1988 4382; x_wconf 88' lang='lat' dir='ltr'><strong>tum</strong></span> <span class='ocrx_word' id='word_1_689' title='bbox 2015 4327 2182 4384; x_wconf 71' lang='lat' dir='ltr'><strong>V’etus</strong></span> <span class='ocrx_word' id='word_1_690' title='bbox 2212 4329 2388 4398; x_wconf 80' lang='lat' dir='ltr'><strong>afﬁngi</strong></span> <span class='ocrx_word' id='word_1_691' title='bbox 2421 4328 2591 4399; x_wconf 76' lang='lat' dir='ltr'><strong>magis</strong></span> <span class='ocrx_word' id='word_1_692' title='bbox 2631 4327 2948 4397; x_wconf 79' lang='lat' dir='ltr'><strong>Oportebat,</strong></span> <span class='ocrx_word' id='word_1_693' title='bbox 2985 4337 3044 4380; x_wconf 92' lang='lat' dir='ltr'><strong>ut</strong></span> <span class='ocrx_word' id='word_1_694' title='bbox 3083 4326 3258 4380; x_wconf 87' lang='lat' dir='ltr'><strong>malus</strong></span> <span class='ocrx_word' id='word_1_695' title='bbox 3308 4327 3448 4379; x_wconf 89' lang='lat' dir='ltr'><strong>alter</strong></span> 
     </span>
    </p>
   </div>
   <div class='ocr_carea' id='block_1_90' title="bbox 1881 4417 3446 4490">
    <p class='ocr_par' dir='ltr' id='par_1_90' title="bbox 1881 4417 3446 4490">
     <span class='ocr_line' id='line_1_90' title="bbox 1881 4417 3446 4490; baseline -0.004 -16"><span class='ocrx_word' id='word_1_696' title='bbox 1881 4419 2059 4490; x_wconf 89' lang='lat' dir='ltr'><strong>potius</strong></span> <span class='ocrx_word' id='word_1_697' title='bbox 2086 4417 2367 4474; x_wconf 76' lang='lat' dir='ltr'><strong>aunulator</strong></span> <span class='ocrx_word' id='word_1_698' title='bbox 2395 4419 2775 4489; x_wconf 87' lang='lat' dir='ltr'><strong>appellaretur,</strong></span> <span class='ocrx_word' id='word_1_699' title='bbox 2808 4433 2968 4486; x_wconf 88' lang='lat' dir='ltr'><strong>quam</strong></span> <span class='ocrx_word' id='word_1_700' title='bbox 3007 4433 3168 4472; x_wconf 84' lang='lat' dir='ltr'><strong>verus</strong></span> <span class='ocrx_word' id='word_1_701' title='bbox 3231 4429 3446 4486; x_wconf 77' lang='lat' dir='ltr'><strong>germa-</strong></span> 
     </span>
    </p>
   </div>
   <div class='ocr_carea' id='block_1_91' title="bbox 108 4495 1764 4590">
    <p class='ocr_par' dir='ltr' id='par_1_91' title="bbox 108 4495 1764 4590">
     <span class='ocr_line' id='line_1_91' title="bbox 108 4495 1764 4590; baseline -0.005 -21"><span class='ocrx_word' id='word_1_702' title='bbox 108 4555 116 4560; x_wconf 69' lang='lat'><strong>.</strong></span> <span class='ocrx_word' id='word_1_703' title='bbox 199 4495 402 4590; x_wconf 73' lang='grc' dir='ltr'><strong>[πρὸς]</strong></span> <span class='ocrx_word' id='word_1_704' title='bbox 449 4513 557 4568; x_wconf 86' lang='grc' dir='ltr'>τὸν</span> <span class='ocrx_word' id='word_1_705' title='bbox 595 4512 824 4582; x_wconf 80' lang='grc' dir='ltr'>Πατέρα</span> <span class='ocrx_word' id='word_1_706' title='bbox 873 4512 1194 4576; x_wconf 78' lang='grc' dir='ltr'>ποιοῦντα,</span> <span class='ocrx_word' id='word_1_707' title='bbox 1244 4511 1395 4564; x_wconf 84' lang='grc' dir='ltr'>οὕτω</span> <span class='ocrx_word' id='word_1_708' title='bbox 1445 4509 1543 4562; x_wconf 80' lang='grc' dir='ltr'>καὶ</span> <span class='ocrx_word' id='word_1_709' title='bbox 1594 4509 1764 4574; x_wconf 77' lang='grc' dir='ltr'>αὐτὸς</span> 
     </span>
    </p>
   </div>
   <div class='ocr_carea' id='block_1_92' title="bbox 1873 4495 3446 4590">
    <p class='ocr_par' dir='ltr' id='par_1_92' title="bbox 1881 4505 3446 4580">
     <span class='ocr_line' id='line_1_92' title="bbox 1881 4505 3446 4580; baseline -0.003 -17"><span class='ocrx_word' id='word_1_710' title='bbox 1881 4526 2093 4580; x_wconf 86' lang='lat' dir='ltr'><strong>nusque</strong></span> <span class='ocrx_word' id='word_1_711' title='bbox 2135 4511 2294 4565; x_wconf 88' lang='lat' dir='ltr'><strong>Deus.</strong></span> <span class='ocrx_word' id='word_1_712' title='bbox 2343 4509 2602 4565; x_wconf 83' lang='lat' dir='ltr'><strong>Dominus</strong></span> <span class='ocrx_word' id='word_1_713' title='bbox 2651 4510 2794 4562; x_wconf 90' lang='lat' dir='ltr'><strong>enim</strong></span> <span class='ocrx_word' id='word_1_714' title='bbox 2836 4511 2887 4562; x_wconf 89' lang='lat' dir='ltr'><strong>in</strong></span> <span class='ocrx_word' id='word_1_715' title='bbox 2937 4505 3224 4578; x_wconf 79' lang='lat' dir='ltr'><strong>Evangelio</strong></span> <span class='ocrx_word' id='word_1_716' title='bbox 3270 4505 3446 4560; x_wconf 90' lang='lat' dir='ltr'><strong>dicit:</strong></span> 
     </span>
    </p>
   </div>
   <div class='ocr_carea' id='block_1_93' title="bbox 199 4597 1772 4674">
    <p class='ocr_par' dir='ltr' id='par_1_93' title="bbox 199 4597 1772 4674">
     <span class='ocr_line' id='line_1_93' title="bbox 199 4597 1772 4674; baseline -0.007 -13"><span class='ocrx_word' id='word_1_717' title='bbox 199 4605 426 4674; x_wconf 79' lang='grc' dir='ltr'>ὁμοίως</span> <span class='ocrx_word' id='word_1_718' title='bbox 453 4603 611 4658; x_wconf 78' lang='grc' dir='ltr'>ποιεῖ</span> <span class='ocrx_word' id='word_1_719' title='bbox 647 4621 660 4632; x_wconf 89' lang='grc'><strong>·</strong></span> <span class='ocrx_word' id='word_1_720' title='bbox 694 4605 788 4656; x_wconf 73' lang='grc' dir='ltr'>καὶ</span> <span class='ocrx_word' id='word_1_721' title='bbox 817 4605 902 4656; x_wconf 75' lang='grc' dir='ltr'><strong>ἵνα</strong></span> <span class='ocrx_word' id='word_1_722' title='bbox 929 4602 1003 4673; x_wconf 82' lang='grc' dir='ltr'>μὴ</span> <span class='ocrx_word' id='word_1_723' title='bbox 1039 4601 1156 4672; x_wconf 79' lang='grc' dir='ltr'>ἥξει</span> <span class='ocrx_word' id='word_1_724' title='bbox 1183 4604 1200 4633; x_wconf 82' lang='grc'>¹</span> <span class='ocrx_word' id='word_1_725' title='bbox 1227 4600 1304 4671; x_wconf 85' lang='grc' dir='ltr'>τῷ</span> <span class='ocrx_word' id='word_1_726' title='bbox 1331 4597 1772 4670; x_wconf 88' lang='grc' dir='ltr'>συμϐουλεύοντι,</span> 
     </span>
    </p>
   </div>
   <div class='ocr_carea' id='block_1_94' title="bbox 200 4689 1776 4766">
    <p class='ocr_par' dir='ltr' id='par_1_94' title="bbox 200 4689 1776 4766">
     <span class='ocr_line' id='line_1_94' title="bbox 200 4689 1776 4766; baseline -0.005 -16"><span class='ocrx_word' id='word_1_727' title='bbox 200 4699 282 4760; x_wconf 79' lang='grc' dir='ltr'><strong>είς</strong></span> <span class='ocrx_word' id='word_1_728' title='bbox 310 4697 374 4750; x_wconf 77' lang='grc' dir='ltr'><strong>τὸ</strong></span> <span class='ocrx_word' id='word_1_729' title='bbox 407 4695 484 4766; x_wconf 76' lang='grc' dir='ltr'>μὴ</span> <span class='ocrx_word' id='word_1_730' title='bbox 507 4693 814 4764; x_wconf 83' lang='grc' dir='ltr'>καυχᾶσθαι</span> <span class='ocrx_word' id='word_1_731' title='bbox 835 4694 924 4746; x_wconf 82' lang='grc' dir='ltr'><strong>τὸν</strong></span> <span class='ocrx_word' id='word_1_732' title='bbox 952 4693 1213 4758; x_wconf 83' lang='grc' dir='ltr'>διάϐολον,</span> <span class='ocrx_word' id='word_1_733' title='bbox 1245 4693 1338 4745; x_wconf 77' lang='grc' dir='ltr'><strong>καὶ</strong></span> <span class='ocrx_word' id='word_1_734' title='bbox 1359 4691 1538 4758; x_wconf 84' lang='grc' dir='ltr'>λέγειν</span> <span class='ocrx_word' id='word_1_735' title='bbox 1563 4689 1651 4743; x_wconf 76' lang='grc' dir='ltr'>διὰ</span> <span class='ocrx_word' id='word_1_736' title='bbox 1676 4690 1776 4758; x_wconf 87' lang='grc' dir='ltr'><strong>τῆς</strong></span> 
     </span>
    </p>
   </div>
   <div class='ocr_carea' id='block_1_95' title="bbox 209 4775 1778 4858">
    <p class='ocr_par' dir='ltr' id='par_1_95' title="bbox 209 4775 1778 4858">
     <span class='ocr_line' id='line_1_95' title="bbox 209 4775 1778 4858; baseline -0.008 -18"><span class='ocrx_word' id='word_1_737' title='bbox 209 4785 546 4858; x_wconf 82' lang='grc' dir='ltr'>συμϐουλίας</span> <span class='ocrx_word' id='word_1_738' title='bbox 596 4782 760 4837; x_wconf 78' lang='grc' dir='ltr'>αὑτοῦ</span> <span class='ocrx_word' id='word_1_739' title='bbox 807 4799 858 4834; x_wconf 90' lang='grc' dir='ltr'><strong>τι</strong></span> <span class='ocrx_word' id='word_1_740' title='bbox 892 4782 982 4834; x_wconf 80' lang='grc' dir='ltr'><strong>τὸν</strong></span> <span class='ocrx_word' id='word_1_741' title='bbox 1015 4781 1242 4850; x_wconf 78' lang='grc' dir='ltr'>Σωτῆρα</span> <span class='ocrx_word' id='word_1_742' title='bbox 1281 4779 1668 4849; x_wconf 85' lang='grc' dir='ltr'>πεποιηκέναι·</span> <span class='ocrx_word' id='word_1_743' title='bbox 1703 4775 1778 4838; x_wconf 82' lang='grc' dir='ltr'>ὥς</span> 
     </span>
    </p>
   </div>
   <div class='ocr_carea' id='block_1_96' title="bbox 204 4869 1778 4952">
    <p class='ocr_par' dir='ltr' id='par_1_96' title="bbox 204 4869 1778 4952">
     <span class='ocr_line' id='line_1_96' title="bbox 204 4869 1778 4952; baseline -0.007 -20"><span class='ocrx_word' id='word_1_744' title='bbox 204 4897 340 4952; x_wconf 81' lang='grc' dir='ltr'>φησι</span> <span class='ocrx_word' id='word_1_745' title='bbox 375 4877 516 4948; x_wconf 73' lang='grc' dir='ltr'>πρὸς</span> <span class='ocrx_word' id='word_1_746' title='bbox 549 4875 738 4928; x_wconf 76' lang='grc' dir='ltr'>αὐτόν’</span> <span class='ocrx_word' id='word_1_747' title='bbox 783 4873 928 4928; x_wconf 78' lang='grc' dir='ltr'><strong>Εἰπὲ</strong></span> <span class='ocrx_word' id='word_1_748' title='bbox 953 4874 1052 4926; x_wconf 79' lang='grc' dir='ltr'>ἵνα</span> <span class='ocrx_word' id='word_1_749' title='bbox 1080 4875 1134 4926; x_wconf 76' lang='grc' dir='ltr'>οἱ</span> <span class='ocrx_word' id='word_1_750' title='bbox 1179 4873 1334 4926; x_wconf 75' lang='grc' dir='ltr'>λίθοι</span> <span class='ocrx_word' id='word_1_751' title='bbox 1367 4871 1530 4940; x_wconf 76' lang='grc' dir='ltr'>ἄρτοι</span> <span class='ocrx_word' id='word_1_752' title='bbox 1563 4869 1778 4938; x_wconf 64' lang='grc' dir='ltr'>γένων-</span> 
     </span>
    </p>
   </div>
   <div class='ocr_carea' id='block_1_97' title="bbox 205 4957 1781 5035">
    <p class='ocr_par' dir='ltr' id='par_1_97' title="bbox 205 4957 1781 5035">
     <span class='ocr_line' id='line_1_97' title="bbox 205 4957 1781 5035; baseline -0.011 -9"><span class='ocrx_word' id='word_1_753' title='bbox 205 4989 318 5025; x_wconf 81' lang='grc' dir='ltr'>ται.</span> <span class='ocrx_word' id='word_1_754' title='bbox 357 4969 422 5021; x_wconf 87' lang='lat'><strong>&#39;0</strong></span> <span class='ocrx_word' id='word_1_755' title='bbox 451 4967 506 5019; x_wconf 83' lang='grc' dir='ltr'>δὲ</span> <span class='ocrx_word' id='word_1_756' title='bbox 538 4968 636 5020; x_wconf 80' lang='grc' dir='ltr'><strong>οὐκ</strong></span> <span class='ocrx_word' id='word_1_757' title='bbox 677 4966 927 5035; x_wconf 84' lang='grc' dir='ltr'>ἀνέχεται</span> <span class='ocrx_word' id='word_1_758' title='bbox 950 5005 965 5030; x_wconf 90' lang='grc'><strong>,</strong></span> <span class='ocrx_word' id='word_1_759' title='bbox 999 4965 1086 5016; x_wconf 84' lang='grc' dir='ltr'><strong>ἵνα</strong></span> <span class='ocrx_word' id='word_1_760' title='bbox 1118 4964 1192 5034; x_wconf 88' lang='grc' dir='ltr'>μὴ</span> <span class='ocrx_word' id='word_1_761' title='bbox 1231 4962 1415 5034; x_wconf 85' lang='grc' dir='ltr'>μαθὼν</span> <span class='ocrx_word' id='word_1_762' title='bbox 1448 4957 1781 5030; x_wconf 85' lang='grc' dir='ltr'>ὑποληφθείη</span> 
     </span>
    </p>
   </div>
   <div class='ocr_carea' id='block_1_98' title="bbox 211 5048 1784 5129">
    <p class='ocr_par' dir='ltr' id='par_1_98' title="bbox 211 5048 1784 5129">
     <span class='ocr_line' id='line_1_98' title="bbox 211 5048 1784 5129; baseline -0.008 -16"><span class='ocrx_word' id='word_1_763' title='bbox 211 5059 362 5129; x_wconf 71' lang='grc' dir='ltr'>παρὰ</span> <span class='ocrx_word' id='word_1_764' title='bbox 405 5057 500 5110; x_wconf 86' lang='grc' dir='ltr'><strong>τοῦ</strong></span> <span class='ocrx_word' id='word_1_765' title='bbox 529 5056 773 5110; x_wconf 78' lang='grc' dir='ltr'>διαϐόλου</span> <span class='ocrx_word' id='word_1_766' title='bbox 823 5053 1110 5124; x_wconf 76' lang='grc' dir='ltr'>λαμϐάνων</span> <span class='ocrx_word' id='word_1_767' title='bbox 1144 5055 1240 5123; x_wconf 81' lang='grc' dir='ltr'><strong>τὴν</strong></span> <span class='ocrx_word' id='word_1_768' title='bbox 1288 5049 1638 5123; x_wconf 83' lang='grc' dir='ltr'>συμϐουλίαν.</span> <span class='ocrx_word' id='word_1_769' title='bbox 1675 5048 1784 5102; x_wconf 80' lang='lat' dir='ltr'><strong>Kal</strong></span> 
     </span>
    </p>
   </div>
   <div class='ocr_carea' id='block_1_99' title="bbox 209 5143 1784 5224">
    <p class='ocr_par' dir='ltr' id='par_1_99' title="bbox 209 5143 1784 5224">
     <span class='ocr_line' id='line_1_99' title="bbox 209 5143 1784 5224; baseline -0.008 -18"><span class='ocrx_word' id='word_1_770' title='bbox 209 5156 339 5224; x_wconf 74' lang='grc' dir='ltr'>ὁρᾷς</span> <span class='ocrx_word' id='word_1_771' title='bbox 364 5192 380 5216; x_wconf 95' lang='grc'><strong>,</strong></span> <span class='ocrx_word' id='word_1_772' title='bbox 416 5151 498 5203; x_wconf 78' lang='grc' dir='ltr'>ὅτι</span> <span class='ocrx_word' id='word_1_773' title='bbox 538 5150 632 5212; x_wconf 70' lang='grc' dir='ltr'><strong>τὰς</strong></span> <span class='ocrx_word' id='word_1_774' title='bbox 665 5148 756 5201; x_wconf 79' lang='grc' dir='ltr'><strong>δύο</strong></span> <span class='ocrx_word' id='word_1_775' title='bbox 792 5147 1064 5216; x_wconf 80' lang='grc' dir='ltr'>Διαθῆκας</span> <span class='ocrx_word' id='word_1_776' title='bbox 1095 5143 1212 5209; x_wconf 80' lang='grc' dir='ltr'>ἐνὸς</span> <span class='ocrx_word' id='word_1_777' title='bbox 1254 5146 1402 5213; x_wconf 87' lang='grc' dir='ltr'>λέγει</span> <span class='ocrx_word' id='word_1_778' title='bbox 1439 5143 1611 5206; x_wconf 85' lang='grc' dir='ltr'>Θεοῦ;</span> <span class='ocrx_word' id='word_1_779' title='bbox 1652 5143 1784 5211; x_wconf 60' lang='grc' dir='ltr'>Φησὶ</span> 
     </span>
    </p>
   </div>
   <div class='ocr_carea' id='block_1_100' title="bbox 211 5233 1784 5316">
    <p class='ocr_par' dir='ltr' id='par_1_100' title="bbox 211 5233 1784 5316">
     <span class='ocr_line' id='line_1_100' title="bbox 211 5233 1784 5316; baseline -0.009 -17"><span class='ocrx_word' id='word_1_780' title='bbox 211 5245 318 5316; x_wconf 81' lang='grc' dir='ltr'><strong>γάρ</strong></span> <span class='ocrx_word' id='word_1_781' title='bbox 342 5247 372 5297; x_wconf 82' lang='grc' dir='ltr'><strong>ὁ</strong></span> <span class='ocrx_word' id='word_1_782' title='bbox 401 5239 718 5302; x_wconf 78' lang='grc' dir='ltr'>Ἀπύστολος</span> <span class='ocrx_word' id='word_1_783' title='bbox 740 5256 753 5269; x_wconf 91' lang='grc'>·</span> <span class='ocrx_word' id='word_1_784' title='bbox 795 5239 856 5292; x_wconf 84' lang='grc' dir='ltr'><em>Ἡ</em></span> <span class='ocrx_word' id='word_1_785' title='bbox 881 5237 1074 5304; x_wconf 75' lang='grc' dir='ltr'>πρώτη</span> <span class='ocrx_word' id='word_1_786' title='bbox 1103 5235 1356 5304; x_wconf 79' lang='grc' dir='ltr'>Διαθήκη</span> <span class='ocrx_word' id='word_1_787' title='bbox 1392 5235 1458 5288; x_wconf 80' lang='grc' dir='ltr'>ἐκ</span> <span class='ocrx_word' id='word_1_788' title='bbox 1479 5233 1586 5288; x_wconf 88' lang='grc' dir='ltr'><strong>τοῦ</strong></span> <span class='ocrx_word' id='word_1_789' title='bbox 1609 5233 1784 5301; x_wconf 80' lang='grc' dir='ltr'>ὄρους</span> 
     </span>
    </p>
   </div>
   <div class='ocr_carea' id='block_1_101' title="bbox 213 5325 1785 5399">
    <p class='ocr_par' dir='ltr' id='par_1_101' title="bbox 213 5325 1785 5399">
     <span class='ocr_line' id='line_1_101' title="bbox 213 5325 1785 5399; baseline -0.01 -8"><span class='ocrx_word' id='word_1_790' title='bbox 213 5337 356 5392; x_wconf 80' lang='grc' dir='ltr'><strong>Σινᾶ</strong></span> <span class='ocrx_word' id='word_1_791' title='bbox 393 5333 603 5399; x_wconf 80' lang='grc' dir='ltr'>ἐδόθη,</span> <span class='ocrx_word' id='word_1_792' title='bbox 637 5333 723 5396; x_wconf 81' lang='grc' dir='ltr'>εὶς</span> <span class='ocrx_word' id='word_1_793' title='bbox 741 5329 1025 5383; x_wconf 80' lang='grc' dir='ltr'>δουλείαν</span> <span class='ocrx_word' id='word_1_794' title='bbox 1061 5325 1352 5397; x_wconf 78' lang='grc' dir='ltr'>γεννῶσα.</span> <span class='ocrx_word' id='word_1_795' title='bbox 1395 5325 1464 5380; x_wconf 84' lang='grc' dir='ltr'><strong>Τὸ</strong></span> <span class='ocrx_word' id='word_1_796' title='bbox 1501 5325 1610 5396; x_wconf 57' lang='lat' dir='ltr'><strong>712p</strong></span> <span class='ocrx_word' id='word_1_797' title='bbox 1649 5325 1785 5391; x_wconf 87' lang='grc' dir='ltr'>ὅρος</span> 
     </span>
    </p>
   </div>
   <div class='ocr_carea' id='block_1_102' title="bbox 213 5419 1778 5492">
    <p class='ocr_par' dir='ltr' id='par_1_102' title="bbox 213 5419 1778 5492">
     <span class='ocr_line' id='line_1_102' title="bbox 213 5419 1778 5492; baseline -0.01 -9"><span class='ocrx_word' id='word_1_798' title='bbox 213 5426 362 5484; x_wconf 87' lang='grc' dir='ltr'><strong>Σινᾶ</strong></span> <span class='ocrx_word' id='word_1_799' title='bbox 383 5427 558 5480; x_wconf 81' lang='grc' dir='ltr'>ἐστιν</span> <span class='ocrx_word' id='word_1_800' title='bbox 577 5425 648 5478; x_wconf 87' lang='grc' dir='ltr'>ἐν</span> <span class='ocrx_word' id='word_1_801' title='bbox 673 5422 746 5492; x_wconf 78' lang='grc' dir='ltr'>τῇ</span> <span class='ocrx_word' id='word_1_802' title='bbox 769 5421 1016 5490; x_wconf 80' lang='grc' dir='ltr'>Ἀραϐίᾳ.</span> <span class='ocrx_word' id='word_1_803' title='bbox 1044 5421 1105 5473; x_wconf 84' lang='grc' dir='ltr'><strong>Εἰ</strong></span> <span class='ocrx_word' id='word_1_804' title='bbox 1133 5421 1238 5490; x_wconf 82' lang='grc' dir='ltr'><strong>γὰρ</strong></span> <span class='ocrx_word' id='word_1_805' title='bbox 1259 5419 1352 5472; x_wconf 84' lang='grc' dir='ltr'><strong>δύο</strong></span> <span class='ocrx_word' id='word_1_806' title='bbox 1381 5419 1484 5470; x_wconf 82' lang='grc' dir='ltr'><strong>είσί</strong></span> <span class='ocrx_word' id='word_1_807' title='bbox 1507 5419 1778 5486; x_wconf 84' lang='grc' dir='ltr'>γυναῖκες,</span> 
     </span>
    </p>
   </div>
   <div class='ocr_carea' id='block_1_103' title="bbox 213 5505 1775 5584">
    <p class='ocr_par' dir='ltr' id='par_1_103' title="bbox 213 5505 1775 5584">
     <span class='ocr_line' id='line_1_103' title="bbox 213 5505 1775 5584; baseline -0.009 -12"><span class='ocrx_word' id='word_1_808' title='bbox 213 5517 350 5573; x_wconf 76' lang='grc' dir='ltr'>ἀλλὰ</span> <span class='ocrx_word' id='word_1_809' title='bbox 396 5509 478 5578; x_wconf 78' lang='grc' dir='ltr'><strong>εἷς</strong></span> <span class='ocrx_word' id='word_1_810' title='bbox 513 5515 542 5568; x_wconf 88' lang='grc' dir='ltr'><strong>ὁ</strong></span> <span class='ocrx_word' id='word_1_811' title='bbox 583 5513 756 5584; x_wconf 82' lang='grc' dir='ltr'>ἀνὴρ·</span> <span class='ocrx_word' id='word_1_812' title='bbox 793 5511 934 5564; x_wconf 74' lang='grc' dir='ltr'>οὕτω</span> <span class='ocrx_word' id='word_1_813' title='bbox 981 5512 1028 5563; x_wconf 83' lang='grc' dir='ltr'><strong>εί</strong></span> <span class='ocrx_word' id='word_1_814' title='bbox 1062 5511 1156 5562; x_wconf 74' lang='grc' dir='ltr'>καὶ</span> <span class='ocrx_word' id='word_1_815' title='bbox 1200 5507 1292 5562; x_wconf 78' lang='grc' dir='ltr'><strong>δύο</strong></span> <span class='ocrx_word' id='word_1_816' title='bbox 1341 5507 1447 5560; x_wconf 77' lang='grc' dir='ltr'>εἰσὶ</span> <span class='ocrx_word' id='word_1_817' title='bbox 1493 5505 1775 5577; x_wconf 83' lang='grc' dir='ltr'>Διαθῆκαι,</span> 
     </span>
    </p>
   </div>
   <div class='ocr_carea' id='block_1_104' title="bbox 1879 4597 3446 4672">
    <p class='ocr_par' dir='ltr' id='par_1_104' title="bbox 1879 4597 3446 4672">
     <span class='ocr_line' id='line_1_104' title="bbox 1879 4597 3446 4672; baseline -0.005 -16"><span class='ocrx_word' id='word_1_818' title='bbox 1879 4599 2042 4672; x_wconf 80' lang='lat'><strong>695</strong></span> <span class='ocrx_word' id='word_1_819' title='bbox 2097 4601 2361 4670; x_wconf 81' lang='lat' dir='ltr'><strong>Quidquid</strong></span> <span class='ocrx_word' id='word_1_820' title='bbox 2421 4599 2609 4654; x_wconf 81' lang='lat' dir='ltr'><strong>viderit</strong></span> <span class='ocrx_word' id='word_1_821' title='bbox 2660 4597 2834 4652; x_wconf 85' lang='lat' dir='ltr'><strong>Filius</strong></span> <span class='ocrx_word' id='word_1_822' title='bbox 2887 4597 3104 4652; x_wconf 79' lang='lat' dir='ltr'><strong>Patrem</strong></span> <span class='ocrx_word' id='word_1_823' title='bbox 3147 4597 3446 4665; x_wconf 74' lang='lat' dir='ltr'><strong>facientem,</strong></span> 
     </span>
    </p>
   </div>
   <div class='ocr_carea' id='block_1_105' title="bbox 1882 4687 3450 4760">
    <p class='ocr_par' dir='ltr' id='par_1_105' title="bbox 1882 4687 3450 4760">
     <span class='ocr_line' id='line_1_105' title="bbox 1882 4687 3450 4760; baseline -0.003 -14"><span class='ocrx_word' id='word_1_824' title='bbox 1882 4694 2017 4747; x_wconf 90' lang='lat' dir='ltr'><strong>idem</strong></span> <span class='ocrx_word' id='word_1_825' title='bbox 2054 4703 2102 4748; x_wconf 86' lang='lat' dir='ltr'><strong>et</strong></span> <span class='ocrx_word' id='word_1_826' title='bbox 2138 4695 2243 4760; x_wconf 82' lang='lat' dir='ltr'><strong>ipse</strong></span> <span class='ocrx_word' id='word_1_827' title='bbox 2270 4691 2512 4744; x_wconf 86' lang='lat' dir='ltr'><strong>similiter</strong></span> <span class='ocrx_word' id='word_1_828' title='bbox 2535 4691 2664 4760; x_wconf 75' lang='lat' dir='ltr'><strong>facit</strong></span> <span class='ocrx_word' id='word_1_829' title='bbox 2695 4691 2738 4742; x_wconf 83' lang='grc'>⁸.</span> <span class='ocrx_word' id='word_1_830' title='bbox 2775 4687 2911 4743; x_wconf 85' lang='lat' dir='ltr'><strong>Tum</strong></span> <span class='ocrx_word' id='word_1_831' title='bbox 2967 4689 3190 4758; x_wconf 87' lang='lat' dir='ltr'><strong>insuper</strong></span> <span class='ocrx_word' id='word_1_832' title='bbox 3221 4703 3287 4740; x_wconf 89' lang='lat' dir='ltr'><strong>ne</strong></span> <span class='ocrx_word' id='word_1_833' title='bbox 3319 4700 3450 4742; x_wconf 87' lang='lat' dir='ltr'><strong>con-</strong></span> 
     </span>
    </p>
   </div>
   <div class='ocr_carea' id='block_1_106' title="bbox 1885 4777 3452 4856">
    <p class='ocr_par' dir='ltr' id='par_1_106' title="bbox 1885 4777 3452 4856">
     <span class='ocr_line' id='line_1_106' title="bbox 1885 4777 3452 4856; baseline -0.007 -17"><span class='ocrx_word' id='word_1_834' title='bbox 1885 4785 2084 4839; x_wconf 90' lang='lat' dir='ltr'><strong>sulenti</strong></span> <span class='ocrx_word' id='word_1_835' title='bbox 2143 4783 2224 4856; x_wconf 84' lang='lat' dir='ltr'><strong>illi</strong></span> <span class='ocrx_word' id='word_1_836' title='bbox 2273 4781 2506 4836; x_wconf 82' lang='lat' dir='ltr'><strong>cessisse</strong></span> <span class='ocrx_word' id='word_1_837' title='bbox 2559 4780 2875 4840; x_wconf 87' lang='lat' dir='ltr'><strong>videretur,</strong></span> <span class='ocrx_word' id='word_1_838' title='bbox 2925 4794 3060 4833; x_wconf 84' lang='lat' dir='ltr'><strong>neve</strong></span> <span class='ocrx_word' id='word_1_839' title='bbox 3113 4777 3334 4848; x_wconf 81' lang='lat' dir='ltr'><strong>gloriari</strong></span> <span class='ocrx_word' id='word_1_840' title='bbox 3388 4789 3452 4828; x_wconf 88' lang='lat' dir='ltr'><strong>ac</strong></span> 
     </span>
    </p>
   </div>
   <div class='ocr_carea' id='block_1_107' title="bbox 1880 4863 3450 4944">
    <p class='ocr_par' dir='ltr' id='par_1_107' title="bbox 1880 4863 3450 4944">
     <span class='ocr_line' id='line_1_107' title="bbox 1880 4863 3450 4944; baseline -0.007 -17"><span class='ocrx_word' id='word_1_841' title='bbox 1880 4874 2091 4944; x_wconf 85' lang='lat' dir='ltr'><strong>jactare</strong></span> <span class='ocrx_word' id='word_1_842' title='bbox 2130 4871 2377 4925; x_wconf 73' lang='lat' dir='ltr'><strong>diabolus</strong></span> <span class='ocrx_word' id='word_1_843' title='bbox 2409 4879 2610 4938; x_wconf 88' lang='lat' dir='ltr'><strong>posset,</strong></span> <span class='ocrx_word' id='word_1_844' title='bbox 2657 4883 2757 4924; x_wconf 90' lang='lat' dir='ltr'><strong>suo</strong></span> <span class='ocrx_word' id='word_1_845' title='bbox 2781 4868 2983 4938; x_wconf 88' lang='lat' dir='ltr'><strong>aliquid</strong></span> <span class='ocrx_word' id='word_1_846' title='bbox 3015 4867 3248 4921; x_wconf 87' lang='lat' dir='ltr'><strong>consilio</strong></span> <span class='ocrx_word' id='word_1_847' title='bbox 3279 4881 3306 4918; x_wconf 70' lang='grc' dir='ltr'>τι</span> <span class='ocrx_word' id='word_1_848' title='bbox 3331 4863 3450 4918; x_wconf 84' lang='lat' dir='ltr'><strong>Sal—</strong></span> 
     </span>
    </p>
   </div>
   <div class='ocr_carea' id='block_1_108' title="bbox 1891 4951 3452 5026">
    <p class='ocr_par' dir='ltr' id='par_1_108' title="bbox 1891 4951 3452 5026">
     <span class='ocr_line' id='line_1_108' title="bbox 1891 4951 3452 5026; baseline -0.005 -16"><span class='ocrx_word' id='word_1_849' title='bbox 1891 4967 2076 5013; x_wconf 84' lang='lat' dir='ltr'><strong>vatore</strong></span> <span class='ocrx_word' id='word_1_850' title='bbox 2110 4967 2344 5026; x_wconf 74' lang='lat' dir='ltr'><strong>gestum.</strong></span> <span class='ocrx_word' id='word_1_851' title='bbox 2385 4970 2507 5008; x_wconf 88' lang='lat' dir='ltr'><strong>cum</strong></span> <span class='ocrx_word' id='word_1_852' title='bbox 2533 4955 2605 5008; x_wconf 87' lang='lat' dir='ltr'><strong>ita</strong></span> <span class='ocrx_word' id='word_1_853' title='bbox 2639 4955 2892 5010; x_wconf 89' lang='lat' dir='ltr'><strong>suaderet</strong></span> <span class='ocrx_word' id='word_1_854' title='bbox 2933 4953 3074 5022; x_wconf 76' lang='lat' dir='ltr'><strong>ipsi:</strong></span> <span class='ocrx_word' id='word_1_855' title='bbox 3103 4951 3202 5006; x_wconf 85' lang='lat' dir='ltr'><strong>Dic</strong></span> <span class='ocrx_word' id='word_1_856' title='bbox 3231 4963 3286 5004; x_wconf 84' lang='lat' dir='ltr'><strong>ut</strong></span> <span class='ocrx_word' id='word_1_857' title='bbox 3321 4952 3452 5018; x_wconf 83' lang='lat' dir='ltr'><strong>tapi-</strong></span> 
     </span>
    </p>
   </div>
   <div class='ocr_carea' id='block_1_109' title="bbox 1890 5037 3450 5115">
    <p class='ocr_par' dir='ltr' id='par_1_109' title="bbox 1890 5037 3450 5115">
     <span class='ocr_line' id='line_1_109' title="bbox 1890 5037 3450 5115; baseline -0.008 -15"><span class='ocrx_word' id='word_1_858' title='bbox 1890 5048 1980 5102; x_wconf 87' lang='lat' dir='ltr'><strong>des</strong></span> <span class='ocrx_word' id='word_1_859' title='bbox 2011 5063 2168 5115; x_wconf 86' lang='lat' dir='ltr'><strong>panes</strong></span> <span class='ocrx_word' id='word_1_860' title='bbox 2197 5047 2328 5114; x_wconf 79' lang='lat' dir='ltr'><strong>ﬁant</strong></span> <span class='ocrx_word' id='word_1_861' title='bbox 2365 5045 2408 5106; x_wconf 78' lang='lat'><strong>’,</strong></span> <span class='ocrx_word' id='word_1_862' title='bbox 2441 5043 2742 5112; x_wconf 82' lang='lat' dir='ltr'><strong>repudiavit</strong></span> <span class='ocrx_word' id='word_1_863' title='bbox 2779 5041 2994 5110; x_wconf 90' lang='lat' dir='ltr'><strong>penitus</strong></span> <span class='ocrx_word' id='word_1_864' title='bbox 3019 5078 3034 5101; x_wconf 90' lang='lat'><strong>,</strong></span> <span class='ocrx_word' id='word_1_865' title='bbox 3087 5054 3153 5091; x_wconf 90' lang='lat' dir='ltr'><strong>ne</strong></span> <span class='ocrx_word' id='word_1_866' title='bbox 3194 5037 3450 5090; x_wconf 75' lang='lat' dir='ltr'><strong>didicisse</strong></span> 
     </span>
    </p>
   </div>
   <div class='ocr_carea' id='block_1_110' title="bbox 1891 5125 3448 5208">
    <p class='ocr_par' dir='ltr' id='par_1_110' title="bbox 1891 5125 3448 5208">
     <span class='ocr_line' id='line_1_110' title="bbox 1891 5125 3448 5208; baseline -0.01 -17"><span class='ocrx_word' id='word_1_867' title='bbox 1891 5137 2090 5208; x_wconf 88' lang='lat' dir='ltr'><strong>aliquid</strong></span> <span class='ocrx_word' id='word_1_868' title='bbox 2123 5153 2152 5190; x_wconf 90' lang='lat' dir='ltr'><strong>a</strong></span> <span class='ocrx_word' id='word_1_869' title='bbox 2179 5135 2395 5190; x_wconf 88' lang='lat' dir='ltr'><strong>diabolo</strong></span> <span class='ocrx_word' id='word_1_870' title='bbox 2417 5172 2433 5196; x_wconf 82' lang='lat'><strong>,</strong></span> <span class='ocrx_word' id='word_1_871' title='bbox 2465 5133 2693 5202; x_wconf 79' lang='lat' dir='ltr'><strong>ejusque</strong></span> <span class='ocrx_word' id='word_1_872' title='bbox 2719 5129 2948 5184; x_wconf 86' lang='lat' dir='ltr'><strong>consilio</strong></span> <span class='ocrx_word' id='word_1_873' title='bbox 2991 5143 3123 5182; x_wconf 88' lang='lat' dir='ltr'><strong>usus</strong></span> <span class='ocrx_word' id='word_1_874' title='bbox 3147 5143 3265 5180; x_wconf 86' lang='lat' dir='ltr'><strong>esse</strong></span> <span class='ocrx_word' id='word_1_875' title='bbox 3301 5125 3448 5178; x_wconf 88' lang='lat' dir='ltr'><strong>vide-</strong></span> 
     </span>
    </p>
   </div>
   <div class='ocr_carea' id='block_1_111' title="bbox 1890 5215 3452 5294">
    <p class='ocr_par' dir='ltr' id='par_1_111' title="bbox 1890 5215 3452 5294">
     <span class='ocr_line' id='line_1_111' title="bbox 1890 5215 3452 5294; baseline -0.011 -10"><span class='ocrx_word' id='word_1_876' title='bbox 1890 5239 2060 5285; x_wconf 88' lang='lat' dir='ltr'><strong>retur.</strong></span> <span class='ocrx_word' id='word_1_877' title='bbox 2095 5229 2246 5294; x_wconf 78' lang='lat' dir='ltr'><strong>Quod</strong></span> <span class='ocrx_word' id='word_1_878' title='bbox 2279 5235 2458 5282; x_wconf 88' lang='lat' dir='ltr'><strong>autem</strong></span> <span class='ocrx_word' id='word_1_879' title='bbox 2489 5225 2832 5280; x_wconf 87' lang='lat' dir='ltr'><strong>Testamenta</strong></span> <span class='ocrx_word' id='word_1_880' title='bbox 2862 5221 2970 5275; x_wconf 90' lang='lat' dir='ltr'><strong>duo</strong></span> <span class='ocrx_word' id='word_1_881' title='bbox 3002 5217 3096 5274; x_wconf 86' lang='lat' dir='ltr'><strong>Dei</strong></span> <span class='ocrx_word' id='word_1_882' title='bbox 3135 5233 3256 5272; x_wconf 88' lang='lat' dir='ltr'><strong>esse</strong></span> <span class='ocrx_word' id='word_1_883' title='bbox 3289 5215 3452 5270; x_wconf 88' lang='lat' dir='ltr'><strong>unius</strong></span> 
     </span>
    </p>
   </div>
   <div class='ocr_carea' id='block_1_112' title="bbox 1893 5307 3456 5388">
    <p class='ocr_par' dir='ltr' id='par_1_112' title="bbox 1893 5307 3456 5388">
     <span class='ocr_line' id='line_1_112' title="bbox 1893 5307 3456 5388; baseline -0.01 -13"><span class='ocrx_word' id='word_1_884' title='bbox 1893 5321 2139 5384; x_wconf 80' lang='lat' dir='ltr'><strong>allirmct,</strong></span> <span class='ocrx_word' id='word_1_885' title='bbox 2170 5335 2236 5374; x_wconf 82' lang='lat' dir='ltr'><strong>ex</strong></span> <span class='ocrx_word' id='word_1_886' title='bbox 2263 5335 2327 5374; x_wconf 88' lang='lat' dir='ltr'><strong>eo</strong></span> <span class='ocrx_word' id='word_1_887' title='bbox 2361 5329 2513 5388; x_wconf 87' lang='lat' dir='ltr'><strong>potes</strong></span> <span class='ocrx_word' id='word_1_888' title='bbox 2536 5313 2986 5368; x_wconf 75' lang='lat' dir='ltr'><strong>animadvertere.</strong></span> <span class='ocrx_word' id='word_1_889' title='bbox 3025 5310 3118 5364; x_wconf 89' lang='lat' dir='ltr'><strong>Sic</strong></span> <span class='ocrx_word' id='word_1_890' title='bbox 3143 5309 3286 5363; x_wconf 88' lang='lat' dir='ltr'><strong>enim</strong></span> <span class='ocrx_word' id='word_1_891' title='bbox 3317 5307 3456 5374; x_wconf 78' lang='lat' dir='ltr'><strong>Apo-</strong></span> 
     </span>
    </p>
   </div>
   <div class='ocr_carea' id='block_1_113' title="bbox 1893 5399 3455 5467">
    <p class='ocr_par' dir='ltr' id='par_1_113' title="bbox 1893 5399 3455 5467">
     <span class='ocr_line' id='line_1_113' title="bbox 1893 5399 3455 5467; baseline -0.011 0"><span class='ocrx_word' id='word_1_892' title='bbox 1893 5413 2094 5467; x_wconf 89' lang='lat' dir='ltr'><strong>stolus:</strong></span> <span class='ocrx_word' id='word_1_893' title='bbox 2151 5409 2311 5464; x_wconf 87' lang='lat' dir='ltr'><strong>Prius</strong></span> <span class='ocrx_word' id='word_1_894' title='bbox 2348 5409 2740 5463; x_wconf 77' lang='lat' dir='ltr'><strong>Testamentum</strong></span> <span class='ocrx_word' id='word_1_895' title='bbox 2788 5419 2854 5458; x_wconf 70' lang='lat' dir='ltr'><strong>ex</strong></span> <span class='ocrx_word' id='word_1_896' title='bbox 2883 5409 3055 5456; x_wconf 86' lang='lat' dir='ltr'><strong>monte</strong></span> <span class='ocrx_word' id='word_1_897' title='bbox 3087 5399 3218 5456; x_wconf 88' lang='lat' dir='ltr'><strong>Sina</strong></span> <span class='ocrx_word' id='word_1_898' title='bbox 3273 5399 3455 5453; x_wconf 81' lang='lat' dir='ltr'><strong>datum</strong></span> 
     </span>
    </p>
   </div>
   <div class='ocr_carea' id='block_1_114' title="bbox 1891 5491 3458 5572">
    <p class='ocr_par' dir='ltr' id='par_1_114' title="bbox 1891 5491 3458 5572">
     <span class='ocr_line' id='line_1_114' title="bbox 1891 5491 3458 5572; baseline -0.01 -14"><span class='ocrx_word' id='word_1_899' title='bbox 1891 5515 1968 5558; x_wconf 87' lang='lat' dir='ltr'><strong>est</strong></span> <span class='ocrx_word' id='word_1_900' title='bbox 1998 5544 2012 5566; x_wconf 94' lang='lat'><strong>,</strong></span> <span class='ocrx_word' id='word_1_901' title='bbox 2048 5501 2183 5572; x_wconf 83' lang='lat' dir='ltr'><strong>quod</strong></span> <span class='ocrx_word' id='word_1_902' title='bbox 2223 5503 2290 5554; x_wconf 84' lang='lat' dir='ltr'><strong>ad</strong></span> <span class='ocrx_word' id='word_1_903' title='bbox 2341 5499 2636 5552; x_wconf 85' lang='lat' dir='ltr'><strong>servitutem</strong></span> <span class='ocrx_word' id='word_1_904' title='bbox 2687 5503 2917 5566; x_wconf 79' lang='lat' dir='ltr'><strong>generat.</strong></span> <span class='ocrx_word' id='word_1_905' title='bbox 2972 5491 3100 5546; x_wconf 86' lang='lat' dir='ltr'><strong>Sina</strong></span> <span class='ocrx_word' id='word_1_906' title='bbox 3135 5492 3270 5544; x_wconf 81' lang='lat' dir='ltr'><strong>enim</strong></span> <span class='ocrx_word' id='word_1_907' title='bbox 3311 5505 3458 5544; x_wconf 76' lang='lat' dir='ltr'><strong>mam</strong></span> 
     </span>
    </p>
   </div>
   <div class='ocr_carea' id='block_1_115' title="bbox 287 5589 1764 5702">
    <p class='ocr_par' dir='ltr' id='par_1_115' title="bbox 287 5619 1732 5702">
     <span class='ocr_line' id='line_1_115' title="bbox 287 5619 1732 5702; baseline -0.004 -18"><span class='ocrx_word' id='word_1_908' title='bbox 287 5625 312 5702; x_wconf 57' lang='grc' dir='ltr'>ζ</span> <span class='ocrx_word' id='word_1_909' title='bbox 347 5631 478 5702; x_wconf 63' lang='lat'><strong>[.93.</strong></span> <span class='ocrx_word' id='word_1_910' title='bbox 514 5627 684 5702; x_wconf 58' lang='lat' dir='ltr'><strong>ei&#39;an._</strong></span> <span class='ocrx_word' id='word_1_911' title='bbox 730 5629 749 5658; x_wconf 70' lang='grc' dir='ltr'><strong>ί</strong></span> <span class='ocrx_word' id='word_1_912' title='bbox 785 5625 824 5702; x_wconf 69' lang='lat' dir='ltr'><strong>tt</strong></span> <span class='ocrx_word' id='word_1_913' title='bbox 841 5625 976 5702; x_wconf 84' lang='lat' dir='ltr'><strong>_Cor.</strong></span> <span class='ocrx_word' id='word_1_914' title='bbox 1006 5638 1086 5688; x_wconf 88' lang='grc' dir='ltr'>ιιι,</span> <span class='ocrx_word' id='word_1_915' title='bbox 1111 5621 1198 5702; x_wconf 75' lang='lat' dir='ltr'><strong>t_§.</strong></span> <span class='ocrx_word' id='word_1_916' title='bbox 1277 5621 1526 5702; x_wconf 64' lang='lat' dir='ltr'><strong>ngloss.</strong></span> <span class='ocrx_word' id='word_1_917' title='bbox 1561 5634 1620 5682; x_wconf 84' lang='lat' dir='ltr'><strong>II.</strong></span> <span class='ocrx_word' id='word_1_918' title='bbox 1647 5619 1732 5702; x_wconf 57' lang='lat' dir='ltr'><strong>L5.</strong></span> 
     </span>
    </p>
   </div>
   <div class='ocr_carea' id='block_1_116' title="bbox 1873 5589 3458 5702">
    <p class='ocr_par' dir='ltr' id='par_1_116' title="bbox 1873 5589 3458 5686">
     <span class='ocr_line' id='line_1_116' title="bbox 1873 5589 3458 5686; baseline -0.006 -15"><span class='ocrx_word' id='word_1_919' title='bbox 1873 5616 2028 5674; x_wconf 87' lang='lat' dir='ltr'><strong>lCor.</strong></span> <span class='ocrx_word' id='word_1_920' title='bbox 2067 5609 2278 5686; x_wconf 48' lang='grc' dir='ltr'>μίμεο,</span> <span class='ocrx_word' id='word_1_921' title='bbox 2357 5617 2377 5648; x_wconf 81' lang='grc' dir='ltr'><strong>ι</strong></span> <span class='ocrx_word' id='word_1_922' title='bbox 2415 5615 2612 5686; x_wconf 88' lang='lat' dir='ltr'><strong>Ephes.</strong></span> <span class='ocrx_word' id='word_1_923' title='bbox 2675 5628 2750 5678; x_wconf 75' lang='lat' dir='ltr'><strong>IV,</strong></span> <span class='ocrx_word' id='word_1_924' title='bbox 2803 5611 2854 5666; x_wconf 83' lang='lat'><strong>9.</strong></span> <span class='ocrx_word' id='word_1_925' title='bbox 2934 5611 2952 5642; x_wconf 80' lang='grc' dir='ltr'><strong><em>ο</em></strong></span> <span class='ocrx_word' id='word_1_926' title='bbox 2991 5589 3034 5666; x_wconf 85' lang='lat' dir='ltr'><strong>ti</strong></span> <span class='ocrx_word' id='word_1_927' title='bbox 3066 5611 3194 5666; x_wconf 86' lang='lat' dir='ltr'><strong>Cor.</strong></span> <span class='ocrx_word' id='word_1_928' title='bbox 3237 5625 3308 5674; x_wconf 81' lang='grc' dir='ltr'><strong>ιν,</strong></span> <span class='ocrx_word' id='word_1_929' title='bbox 3368 5605 3458 5662; x_wconf 74' lang='grc' dir='ltr'><strong>ιθ.</strong></span> 
     </span>
    </p>
   </div>
   <div class='ocr_carea' id='block_1_117' title="bbox 219 5685 1717 5763">
    <p class='ocr_par' dir='ltr' id='par_1_117' title="bbox 219 5685 1717 5763">
     <span class='ocr_line' id='line_1_117' title="bbox 219 5685 1717 5763; baseline -0.007 -9"><span class='ocrx_word' id='word_1_930' title='bbox 219 5685 456 5755; x_wconf 63' lang='lat' dir='ltr'><strong>&#39;llehr.v</strong></span> <span class='ocrx_word' id='word_1_931' title='bbox 473 5685 708 5763; x_wconf 65' lang='grc' dir='ltr'>νιιιξἹὸ.</span> <span class='ocrx_word' id='word_1_932' title='bbox 785 5697 804 5725; x_wconf 81' lang='grc'><strong><em>⁸</em></strong></span> <span class='ocrx_word' id='word_1_933' title='bbox 836 5693 994 5750; x_wconf 83' lang='lat' dir='ltr'><strong>Joan.</strong></span> <span class='ocrx_word' id='word_1_934' title='bbox 1021 5685 1081 5758; x_wconf 29' lang='lat' dir='ltr'><strong>v,’</strong></span> <span class='ocrx_word' id='word_1_935' title='bbox 1117 5693 1198 5750; x_wconf 83' lang='lat' dir='ltr'><strong>l9.</strong></span> <span class='ocrx_word' id='word_1_936' title='bbox 1233 5725 1238 5728; x_wconf 97' lang='lat'><strong><em>-</em></strong></span> <span class='ocrx_word' id='word_1_937' title='bbox 1277 5691 1296 5722; x_wconf 85' lang='lat'><strong>&#39;</strong></span> <span class='ocrx_word' id='word_1_938' title='bbox 1336 5689 1522 5745; x_wconf 82' lang='lat' dir='ltr'><strong>Matth.</strong></span> <span class='ocrx_word' id='word_1_939' title='bbox 1557 5705 1632 5756; x_wconf 82' lang='lat' dir='ltr'><strong>tv,</strong></span> <span class='ocrx_word' id='word_1_940' title='bbox 1663 5688 1717 5744; x_wconf 84' lang='grc'><strong>’5.</strong></span> 
     </span>
    </p>
   </div>
  </div>
