3850 6204
418 315 522 370 HT
1788 320 1846 376 S.
1888 321 2016 378 EPll

2123 325 2231 380 .Nﬂ'
3579 318 3603 371 1
3616 315 3679 368 68

416 445 492 491 est
524 439 576 490 in
604 435 805 491 Arabia
827 436 865 490 ‘.
894 434 1027 491 Nam
1060 440 1276 496 tametsi
1307 438 1428 496 dua:
1459 442 1569 498 sint
1600 460 1817 509 uxores,
1854 462 1998 503 unus

2123 450 2236 502 ιλλά
2270 444 2351 513 εἷς
2386 450 2415 501 6
2447 447 2607 513 Θεὸς,
2652 447 2681 499 6
2723 444 2821 509 τάς
2854 442 2947 496 δύο
2978 441 3222 513 θέμενος.
3271 438 3381 491 Καὶ
3409 435 3499 489 διὰ
3525 432 3683 486 τοῦτο

418 538 600 583 tamen
633 530 715 582 vir
747 536 851 583 est.
889 528 965 583 Ita
990 529 1116 584 licet
1152 530 1260 587 duo
1284 531 1631 590 Testamenta
1671 538 1809 602 sint,
1846 553 1992 595 unus

2125 544 2154 595 ὑ
2204 541 2299 595 δύο
2330 541 2566 610 κέκληκε
2618 536 2826 600 Καινὰς
2852 576 2867 598 ,
2907 534 3029 588 οὐδὲ
3066 531 3159 585 δύο
3210 528 3455 591 Παλαιάς
3478 568 3493 590 ,
3550 524 3681 578 ἀλλὰ

418 619 689 673 duntaxat
735 620 1021 675 amborum
1059 622 1314 678 conditor
1358 633 1441 680 est
1471 626 1634 683 Deus.
1668 626 1750 683 0b
1784 628 1838 683 id
1883 644 1992 685 non

2123 631 2225 686 ιίαν
2256 630 2519 695 Παλαιάν,
2548 628 2643 682 καὶ
2674 627 2799 699 μίαν
2825 624 3051 695 καινήν.
3087 621 3197 676 Καί
3227 636 3391 690 φησι·
3423 615 3681 683 Διαθήκη

421 722 512 765 aut
536 711 645 765 duo
675 709 844 776 Nova,
873 720 966 766 aut
992 712 1101 766 duo
1119 712 1311 769 Vetera
1335 718 1669 786 nominavit;
1700 719 1794 773 sed
1827 736 1995 773 unum

2123 722 2163 775 re
2213 723 2313 776 ἐπὶ
2368 721 2605 790 νεκροῖς
2644 720 2860 785 βεϐαία
2911 716 3064 770 ἐστι.
3101 713 3197 767 Διὸ
3248 711 3347 765 καὶ
3402 710 3436 775 ἡ
3482 707 3682 775 πρώτη

422 801 615 869 Vetus,
642 803 874 858 alterum
900 803 1140 858 Novum.
1188 804 1364 876 Atque
1402 808 1534 862 illud
1565 817 1861 877 praterea:
1894 810 1995 865 Te-

423 904 743 947 stamentum
770 912 886 949 vero
915 897 969 949 in
1001 897 1224 951 mortuis
1256 898 1469 965 ﬁrmum
1506 908 1603 955 est.
1640 900 1816 966 Quare
1838 918 2000 971 neque

423 983 653 1048 primum
676 984 797 1037 sine
810 985 1064 1056 sanguine
1096 986 1295 1055 [actum
1320 997 1417 1041 est.
1446 989 1654 1058 Accepit
1684 991 1823 1044 enim
1845 989 2000 1061 Moy-

425 1090 505 1126 ses
536 1075 845 1144 sanguinem
880 1077 1177 1141 hircorum,
1208 1095 1366 1149 eoque
1393 1079 1586 1134 librum
1649 1090 1698 1135 et
1751 1084 2000 1151 populum

426 1166 648 1233 aspersit
680 1183 697 1219 :
733 1168 962 1237 idecque
1014 1176 1067 1224 et
1107 1171 1410 1227 secundum
1440 1170 1852 1228 Testamentum
1895 1172 2001 1229 Do-

426 1256 560 1310 mini
588 1266 759 1313 morte
787 1260 1055 1314 sancitum
1084 1266 1229 1327 est‘,
1290 1279 1412 1317 cum
1436 1264 1595 1319 ambo
1619 1280 1831 1320 summa
1865 1269 2004 1321 inter

424 1360 485 1398 se
520 1348 887 1404 consensione
926 1352 1262 1421 conspirent.
1306 1352 1377 1407 Ut
1424 1346 1568 1408 enim
1608 1353 1801 1411 Vetere
1826 1355 2003 1426 prodi-

426 1445 539 1490 tum
559 1446 640 1491 est
662 1456 674 1491 :
702 1437 824 1493 Non
848 1439 1048 1508 deﬁciet
1066 1443 1304 1510 princeps
1324 1460 1351 1497 e
1365 1442 1397 1497 J
1405 1443 1533 1507 uda,
1554 1461 1713 1513 neque
1726 1446 1835 1499 dux
1850 1445 1912 1498 de
1927 1446 2005 1515 [e-

425 1525 660 1579 moribus
710 1528 847 1597 ejus,
873 1529 1033 1593 donec
1085 1532 1255 1593 veniat
1290 1532 1374 1597 cui
1414 1534 1695 1600 repositum
1733 1545 1810 1588 est
1840 1536 1893 1599 ³;
1933 1537 2007 1589 ita

427 1616 677 1674 Novum:
710 1620 851 1675 Deus
879 1632 993 1691 erat
1026 1623 1076 1676 in
1110 1621 1324 1677 Christo
1356 1623 1611 1683 mundum
1640 1626 1743 1680 sibi
1776 1628 2006 1691 reconci-

430 1710 589 1775 lians,
622 1728 712 1765 nec
745 1714 1011 1782 imputem
1050 1714 1158 1769 illis
1209 1725 1421 1784 peccata
1453 1717 1495 1770 ⁸.
1528 1716 1693 1772 Plura
1723 1718 1790 1774 de
1835 1735 1897 1773 ea
1947 1732 2008 1772 re

429 1803 539 1857 dici
572 1812 818 1872 possent,
850 1820 971 1875 qua:
997 1805 1278 1861 brevitatis
1305 1822 1470 1861 causa
1508 1818 1790 1877 praetereo.

504 1892 712 1957 LXXV.
749 1896 1015 1951 Caeterum
1042 1896 1373 1953 Manichacus
1406 1913 1528 1952 cum
1555 1898 1725 1954 aridis
1754 1907 1807 1953 et
1832 1897 2007 1954 ell'etis

432 1986 722 2043 arboribus
756 1988 924 2058 legem
971 2003 1034 2043 ac
1073 1988 1369 2065 prophetas
1407 1998 1726 2059 comparat,
1762 1990 1866 2045 hac
1920 2005 2011 2059 po-

433 2076 707 2133 tissimum
745 2081 1013 2136 sententia
1049 2082 1222 2135 fretus
1252 2102 1265 2135 :
1324 2081 1434 2137 Lex
1461 2091 1511 2136 et
1548 2082 1811 2152 propheta:
1849 2098 2011 2151 usque

436 2170 505 2223 ad
538 2170 801 2227 Joannem
834 2174 894 2240 ⁸;
931 2190 1042 2251 quo
1088 2175 1221 2229 nihil
1285 2172 1462 2229 aﬂerri
1516 2182 1693 2249 potest
1751 2174 2007 2245 ineptius.

436 2261 573 2327 Quis
612 2264 755 2318 enim
784 2266 998 2335 ignorat
1025 2266 1115 2321 ubi
1150 2266 1200 2320 id
1243 2265 1383 2337 quod
1416 2280 1444 2317 a
1476 2264 1756 2334 prophetis
1785 2265 2009 2319 nuntia-

436 2354 597 2408 batur
632 2356 911 2425 impletum
965 2366 1088 2424 est,
1144 2357 1375 2413 desiisse
1430 2356 1769 2426 prophetas?
1808 2354 1910 2422 Qui
1963 2357 2007 2412 si

439 2445 699 2516 deinceps
733 2449 1088 2518 prodeuntem
1113 2465 1178 2505 ex
1206 2449 1375 2505 Maria
1402 2450 1681 2507 Christum
1704 2449 2009 2520 praedican-

439 2545 523 2591 tes
574 2522 888 2601 venissent,
926 2529 1164 2593 nonddm
1205 2540 1493 2596 advenisse
1524 2539 1676 2594 illum
1708 2545 2007 2609 oporteret.

441 2625 735 2697 Ejusmodi
763 2628 907 2682 enim
954 2628 1068 2685 fere
1098 2628 1228 2684 illud
1262 2638 1346 2686 est
1380 2650 1392 2683 :
1421 2629 1887 2697 Quemadmodum
1918 2645 2013 2686 rex

440 2723 496 2774 in
534 2721 771 2791 aliquam
831 2721 1163 2792 provinciam
1211 2724 1394 2778 iturus
1434 2729 1726 2779 metatores
1766 2729 1892 2778 ante
1955 2735 2015 2777 se

441 2824 507 2865 ac
557 2813 780 2871 nuntios
813 2813 1138 2883 praamittit;
1189 2828 1253 2868 ac
1304 2830 1414 2884 quo
1451 2813 1812 2885 propinquior
1865 2812 2017 2868 illius

440 2902 704 2963 adventus
734 2915 837 2971 est,
864 2921 930 2962 eo
954 2908 1140 2977 plures
1163 2908 1283 2977 ejus
1314 2922 1597 2977 praecones
1618 2948 1631 2972 ,
1670 2922 1733 2961 ac
1760 2920 2017 2977 praecur-

442 3009 599 3052 sores
626 2997 976 3061 antecedunt.
1005 2997 1302 3069 Postquam
1338 3008 1515 3053 autem
1548 2998 1801 3068 princeps
1826 2998 2014 3051 urbem

444 3086 727 3154 ingressus
780 3087 980 3154 fuerit,
1016 3090 1147 3161 quid
1183 3090 1419 3160 amplius
1471 3090 1814 3160 praeconibus
1853 3088 2021 3159 696

2097 814 2244 868 ἄνευ
2282 815 2534 884 αἵματος
2560 815 2673 866 οὐκ
2700 810 2976 880 -ἐτένετο.
3016 807 3230 860 Ἔλαϐε
3270 804 3381 873 γὰρ
3418 796 3686 865 Μωῦσῆς

2099 909 2165 959 τὸ
2201 901 2344 975 αἷμα
2386 902 2505 958 τῶν
2543 903 2809 973 τράγων,
2859 900 2959 955 καί
3003 897 3360 968 ἐρῤάντισεν
3415 891 3569 947 αὐτό
3621 888 3685 941 τὸ

2094 998 2343 1062 βιϐλίον
2372 996 2470 1050 καί
2513 996 2620 1049 τὸν
2656 994 2841 1048 λαόν.
2886 991 2985 1047 Διά
3020 990 3179 1043 τοῦτο
3223 987 3319 1043 καὶ
3373 986 3411 1057 ἡ
3454 980 3685 1050 δευτέρα

2101 1090 2195 1141 ἐπὶ
2238 1087 2315 1158 τῷ
2349 1087 2563 1158 Θανάτῳ
2590 1084 2685 1139 τοῦ
2720 1083 2969 1155 Σωτῆρος
3020 1080 3176 1149 ἐδόθη
3209 1077 3487 1147 Διαθήκη·
3524 1072 3685 1126 ὁπότε

2107 1180 2345 1252 μάλιστα
2383 1180 2439 1232 αἱ
2475 1177 2781 1249 ἀμφότεραι
2816 1172 3073 1244 ἀλλήλαις
3108 1168 3459 1240 συνᾴδουσιν,
3513 1164 3550 1234 ἡ
3592 1162 3687 1232 μὲν

2104 1273 2375 1341 λέγουσα·
2422 1272 2543 1323 Οὐκ
2586 1267 2856 1335 ἐκλείψει
2906 1264 3109 1333 ἄρχων
3154 1261 3221 1325 ἐξ
3273 1258 3502 1320 Ἰούδα,
3550 1253 3688 1308 οὐδὲ

2105 1366 2440 1434 ἡγούμενος
2464 1362 2533 1414 ἐκ
2563 1358 2683 1413 τῶν
2710 1356 2919 1428 μηρῶν
2945 1354 3156 1419 αὑτοῦ,
3186 1354 3297 1419 ἕως
3326 1350 3403 1406 ἂν
3437 1349 3589 1416 ἔλθη
3614 1346 3645 1400 ὃ
3666 1346 3687 1377 ⁸

2107 1456 2434 1509 ἀπόκειται.
2481 1452 2547 1504 Ἦ
2576 1451 2632 1503 δὲ
2659 1448 2906 1518 δευτέρα,
2937 1448 3017 1501 int.
3054 1445 3197 1511 Θεὸς
3223 1440 3303 1513 ἦν
3333 1443 3404 1496 ἐν
3432 1435 3684 1508 Χριστῷ,

2109 1546 2343 1615 κόσμον
2398 1540 2844 1597 καταλλάσσων
2893 1536 3084 1602 ἑαυτῷ
3109 1577 3123 1600 ,
3166 1534 3251 1606 μὴ
3308 1529 3689 1602 λογιζόμενος

2112 1636 2346 1702 ἑαυτοῖς
2392 1635 2465 1689 τὰ
2510 1632 2969 1701 παραπτώματα.
3031 1628 3140 1681 Καὶ
3183 1623 3355 1679 πολλά
3405 1622 3526 1675 ἔστι
3568 1619 3689 1691 περὶ

2111 1730 2299 1784 τούτου
2344 1727 2552 1796 λέγειν·
2588 1723 2675 1777 διά
2709 1722 2763 1774 δὲ
2807 1723 2904 1792 τὴν
2958 1717 3251 1789 συντομίαν
3284 1713 3686 1786 ὑπερϐήσομαι.

2181 1904 2299 1965 OE’.
2349 1900 2599 1970 Δένδρεσι
2647 1896 2705 1950 δὲ
2754 1894 3157 1967 ὲξηραμμένοις
3196 1891 3290 1943 καὶ
3326 1884 3691 1958 γεγηρακόσιν

2110 1992 2395 2056 ἀπεικάζει
2425 1991 2585 2044 πάλιν
2610 1988 2775 2059 νόμον
2806 1987 2897 2041 καὶ
2927 1986 3211 2057 προφήτας
3235 2024 3251 2047 ,
3281 1980 3441 2051 δῆθεν
3463 1976 3575 2032 ἀπὸ
3601 1976 3688 2029 τοῦ

2114 2084 2277 2158 ῥητοῦ
2319 2077 2380 2138 οὗ
2412 2084 2629 2155 εῐρηκεν
2654 2098 2668 2110 ·
2714 2080 2777 2143 Ὀ
2805 2077 2991 2147 νόμος
3034 2074 3132 2129 καί
3175 2076 3227 2127 οἱ
3257 2069 3561 2140 προφῆται
3585 2067 3691 2133 ἕως

2126 2178 2426 2232 Ἰωάννου.
2460 2176 2572 2229 Καὶ
2608 2173 2765 2226 οὐδὲν
2792 2170 2979 2224 τούτου
3006 2166 3380 2240 ἠλιθιώτερον.
3429 2162 3550 2214 Τίνι
3587 2159 3694 2231 γάρ

2112 2272 2171 2325 οὺ
2209 2269 2375 2338 σαφὲς
2419 2266 2695 2337 ὑπάρχει,
2736 2264 2816 2316 ὅτι
2838 2302 2853 2325 ,
2896 2258 3276 2331 πληρωθέντος
3313 2252 3407 2308 τοῦ
3452 2252 3558 2306 ὑπὸ
3589 2252 3693 2305 τῶν

2114 2358 2410 2433 προφητῶν
2439 2350 2947 2423 καταγγελλομένου
2971 2391 2987 2416 ,
3017 2344 3374 2414 ὲτελέσθησαν
3399 2345 3450 2396 οἱ
3479 2340 3690 2411 προφῆ-

2113 2470 2238 2519 ται;
2282 2452 2347 2505 El
2374 2449 2483 2520 γάρ
2532 2447 2613 2500 ἔτι
2660 2444 2937 2515 προφῆται
2969 2442 3199 2512 ἦρχοντο
3233 2434 3694 2503 καταγγέλλοντες

2114 2542 2348 2617 Χριστὸν
2376 2540 2667 2612 ἐρχόμενον
2696 2534 2807 2589 ἀπὸ
2838 2532 3057 2603 Μαρίας
3081 2572 3096 2597 ,
3128 2529 3279 2582 οΰπω
3304 2526 3539 2599 Χριστὸς
3605 2525 3696 2617 ἐπί-

2114 2614 2404 2707 εδήμησεν.
2435 2632 2618 2685 Ἐοικε
2672 2628 2780 2699 γὰρ
2840 2623 3098 2687 ὑπόθεσις
3142 2618 3281 2692 α’ύτη
3320 2617 3547 2687 τοιούτῳ
3593 2614 3693 2707 τινὶ

2117 2704 2403 2801 πράγματι
2426 2741 2439 2755 ο
2486 2724 2573 2787 Ὣς
2614 2720 2886 2792 βασιλεὺς,
2922 2714 3129 2789 μέλλων
3159 2710 3456 2781 ἀποδημεῖν
3485 2709 3564 2770 είς

2121 2840 2219 2894 ραν
2240 2863 2255 2887 ,
2298 2817 2616 2891 προπέμπει
2645 2814 2874 2869 ἐνώπιον
2938 2807 3103 2863 αὐτοῦ
3142 2807 3226 2876 ἐφ’
3260 2806 3459 2866 ἵππους
3510 2802 3535 2832 ⁹
3566 2815 3697 2894 προ-

2117 2891 2462 2983 ετοιμαστάς,
2481 2905 3029 2980 προκαταγγέλτορας
3050 2918 3063 2932 ⁸
3095 2900 3190 2955 καὶ
3220 2900 3342 2952 ὅσον
3366 2898 3399 2967 ὴ
3424 2891 3697 2965 παρουσία

2120 3004 2309 3074 φθάνει
2345 3000 2440 3055 τοῦ
2473 2999 2758 3072 βασιλέως,
2788 2996 3029 3065 τοσούτῳ
3056 2992 3273 3054 πλείους
3302 2989 3351 3042 οἱ
3372 2988 3472 3058 τῆς
3501 3002 3697 3057 παρου-

2124 3096 2245 3160 σίας
2267 3095 2506 3166 κήρυκες
2536 3088 3035 3162 προλαμϐάνοντες,
3065 3084 3160 3139 καὶ
3182 3085 3239 3136 ὲν
3267 3084 3386 3145 ταῖς
3417 3079 3601 3132 πόλεσι
3632 3075 3699 3129 τὰ

446 3192 587 3248 opus
620 3187 742 3243 est,
793 3187 886 3234 aut
914 3182 1211 3237 veredariis
1236 3224 1251 3249 ,
1291 3182 1611 3251 exterisque
1645 3182 1788 3253 regis
1816 3181 2016 3235 adven-

2123 3187 2219 3257 τῆς
2248 3183 2546 3257 παρουσίας
2574 3180 3001 3249 διαγγέλλοντες.
3048 3174 3217 3229 Ἐπάν
3244 3174 3301 3227 δὲ
3334 3171 3516 3241 φθάσῃ
3544 3172 3572 3223 6
3603 3168 3698 3238 βα-

446 3280 537 3327 tus
580 3272 921 3340 przenuntiis,
972 3288 1095 3327 cum
1131 3275 1241 3342 jam
1277 3274 1393 3345 ipse
1417 3277 1558 3329 intra
1597 3275 1797 3328 mmnia
1842 3287 2024 3328 verse-

448 3359 575 3415 tur?
624 3358 827 3415 Eodem
898 3362 1060 3417 modo
1106 3362 1190 3429 lea;
1249 3372 1298 3417 et
1335 3364 1598 3433 propheta:
1649 3363 1718 3417 ad
1765 3361 2025 3417 Joannem

447 3466 609 3519 usque
661 3451 1037 3520 perstiterunt.
1100 3450 1399 3524 Postquam
1451 3462 1632 3509 autem
1669 3451 1909 3508 Joannes
1969 3451 2023 3505 in

448 3540 667 3597 deserto
696 3541 1040 3612 praedicavit,
1085 3551 1139 3598 et
1177 3556 1376 3613 agnum
1422 3543 1573 3598 illum
1599 3558 1721 3599 esse
1754 3541 1848 3597 Dei
1880 3556 2029 3597 mon-

448 3633 679 3697 stravit,
736 3633 827 3703 qui
879 3634 1019 3687 tollit
1064 3644 1278 3704 peccata
1324 3635 1507 3689 mundi
1530 3637 1574 3700 ⁸,
1626 3635 1761 3690 nihil
1790 3634 2027 3705 amplius

449 3723 747 3793 prOphetas
779 3724 919 3781 mitti
952 3740 1178 3782 necesse
1213 3734 1337 3793 est,
1367 3728 1461 3797 qui
1497 3726 1654 3783 nobis
1705 3726 1906 3782 Christi
1959 3740 2025 3781 ex

451 3813 677 3885 Virgine
724 3824 903 3887 ortum
934 3817 1336 3889 adventumque
1364 3819 1702 3873 denuntient.
1739 3816 1879 3876 Olim
1911 3816 2028 3887 qui-

451 3909 585 3977 dem~
610 3908 910 3969 necessarii
936 3909 1023 3973 illi
1045 3908 1284 3976 fuerunt,
1332 3912 1425 3983 qui
1454 3910 1703 3966 eumdem
1746 3910 1897 3965 illum
1939 3908 2029 3964 ad-

451 3999 638 4063 venire
660 3999 993 4062 nuntiarent,
1028 4010 1086 4056 ut
1115 4000 1380 4058 adventus
1429 4001 1549 4070 ejus
1581 4000 1685 4057 hoc
1724 4001 1845 4071 ipso
1896 3998 2028 4056 ﬁdes

453 4098 829 4156 astrueretur,
868 4091 1011 4161 quod
1064 4099 1189 4149 ante
1238 4090 1574 4162 signiﬁcatus
1626 4090 1821 4146 fuerat.
1860 4089 2031 4145 Porro

452 4182 908 4253 quemadmodum
954 4183 999 4239 si
1041 4184 1177 4254 quis,
1219 4183 1567 4256 paedagogum
1598 4183 1814 4249 habeat,
1859 4183 2031 4253 (recte

451 4276 599 4330 enim
633 4275 737 4330 hac
767 4275 1126 4331 similitudine
1164 4276 1371 4331 utimur
1393 4319 1407 4342 ,
1456 4291 1581 4330 cum
1609 4275 1907 4346 Apostolus
1945 4274 2029 4338 di-

452 4375 576 4419 cat:
615 4365 944 4437 I’wdagogus
988 4375 1166 4420 uoster
1212 4367 1316 4435 fuit
1372 4366 1456 4420 lea:
1494 4367 1549 4431 in
1583 4365 1797 4420 Domini
1837 4364 2031 4419 adven‘

456 4466 565 4509 tum
596 4455 664 4526 ⁷,)
725 4466 1013 4527 postquam
1040 4456 1374 4521 adoleverit,
1412 4464 1467 4511 et
1501 4465 1886 4527 pmeptorem
1940 4454 2032 4521 ha-

2128 3278 2307 3340 σιλεὺς
2349 3275 2609 3330 εἰσελθεῖν
2636 3275 2715 3337 είς
2761 3270 2860 3342 τὴν
2888 3268 3041 3323 πόλιν
3065 3306 3082 3332 ,
3105 3267 3185 3331 τίς
3230 3265 3308 3319 ἔτι
3339 3263 3497 3336 χρεία
3528 3259 3700 3334 κηρύ-

2126 3386 2274 3435 κων;
2307 3368 2403 3431 Τίς
2460 3366 2539 3419 ἔτι
2586 3364 2745 3436 χρεία
2788 3362 2872 3431 ἐφ’
2908 3362 3129 3423 iam,
3170 3358 3205 3428 ἢ
3246 3354 3353 3409 τῶν
3386 3354 3561 3413 ἄλλων
3592 3349 3704 3403 τῶν

2126 3456 2711 3532 προκαταγγελλόντων
2762 3452 2863 3523 τὴν
2917 3450 3011 3504 τοῦ
3067 3446 3326 3519 βασιλέως
3373 3440 3702 3514 παρουσίαν,

2125 3552 2288 3605 ὁπότε
2328 3550 2487 3612 αὐτὸς
2527 3550 2554 3602 6
2586 3545 2837 3617 βασιλεὺς
2873 3543 3019 3598 ἔνδον
3048 3540 3319 3611 ὑπάρχει;
3358 3534 3519 3589 Οὕτω
3541 3534 3636 3586 καὶ
3671 3534 3705 3585 ό

2126 3644 2309 3712 νόμος
2341 3640 2508 3694 καίοι
2536 3636 2833 3707 προφῆται
2853 3633 3028 3705 ἄχρις
3069 3630 3368 3687 Ἰωάννου.
3396 3620 3705 3697 [Ἰωάννου]

2127 3733 2184 3787 δὲ
2204 3731 2539 3804 κηρύξαντος
2560 3730 2743 3800 φωνὴν
2768 3728 2825 3780 ὲν
2850 3729 2918 3798 τῇ
2941 3725 3133 3795 ἐρήμῳ
3157 3762 3171 3787 ,
3192 3722 3284 3775 xui.
3301 3718 3572 3784 δείξαντος
3596 3717 3706 3779 ,ὅτι

2129 3819 2281 3888 οὗτός
2320 3825 2466 3876 ἐστιν
2497 3824 2525 3874 6
2558 3820 2727 3893 ἀμνὸς
2758 3819 2852 3873 τοῦ
2886 3817 3053 3884 Θεοῦ,
3102 3818 3135 3869 ό
3166 3813 3352 3882 αἴρων
3378 3809 3494 3878 τὴν
3521 3808 3705 3877 ἀμαρ-

2129 3915 2266 3976 τίαν
2308 3912 2413 3968 τοῦ
2459 3912 2731 3980 κόσμου,
2766 3908 2949 3962 οὐκέτι
3004 3902 3299 3977 προφητῶν
3352 3901 3467 3953 ἐστι
3527 3897 3704 3968 χρεία,

2130 4006 2278 4071 ὅπως
2318 4003 2544 4067 ἔλθωσι,
2579 4004 2670 4059 καὶ
2708 4000 3016 4072 κηρύξωσιν
3044 4001 3176 4069 ἡμῖν
3206 3994 3304 4067 τὴν
3332 3991 3426 4046 τοῦ
3468 3989 3707 4062 Χριστοῦ

2130 4096 2239 4151 ἀπὸ
2272 4095 2550 4166 Παρθένου
2580 4092 2901 4165 παρουσίαν.
2938 4090 3112 4162 Χρεία
3142 4088 3199 4141 δὲ
3244 4085 3351 4139 τῶν
3394 4098 3709 4153 προκαταγ-

2131 4188 2425 4258 γειλάντων
2463 4186 2627 4240 αὑτοῦ
2667 4184 2763 4255 τὴν
2791 4182 3091 4253 παρουσίαν
3126 4180 3256 4249 πρὸς
3291 4175 3581 4247 βεϐαίωσιν
3615 4172 3710 4243 τῆς

2132 4280 2296 4349 αὑτοῦ
2350 4278 2649 4349 παρουσίας
2680 4316 2694 4340 ,
2728 4278 2810 4329 ὅτι
2857 4271 3322 4345 προκατήγγελτο.
3387 4269 3471 4331 Ὠς
3508 4265 3620 4336 γὰρ
3664 4264 3715 4317 εῐ

2131 4388 2214 4434 τις
2245 4368 2589 4437 παιδαγωγὸν
2623 4367 2733 4439 ἔχοι
2764 4364 3036 4438 (καθάπερ
3074 4365 3167 4417 καί
3200 4364 3230 4415 6
3274 4359 3596 4423 Ἀπόστολος
3629 4358 3710 4411 λέ-

2133 4479 2251 4531 γει,
2301 4461 2382 4514 ὅτι
2416 4457 2793 4529 Παιδαγωγός
2838 4456 3005 4526 ἡμῶν
3052 4454 3298 4524 γέγονεν
3324 4455 3357 4504 ό
3408 4451 3597 4520 νόμος
3628 4451 3711 4513 είς

455 4544 674 4607 buerit,
726 4559 836 4598 non
890 4545 1115 4599 omnino
1157 4545 1507 4615 paedagogum
1558 4546 1704 4609 velut
1744 4546 2016 4600 inimicum

2135 4528 2250 4621 τὴν
2297 4551 2405 4606 τοῦ
2467 4528 2703 4618 Κυρίουγ
2744 4546 3159 4617 παρουσίαν),
3222 4545 3361 4599 ἐπὰν
3414 4544 3471 4597 δὲ
3531 4542 3713 4613 φθάσῃ

454 4635 700 4705 respuit:
753 4636 839 4703 ita
872 4646 926 4691 et
958 4652 1061 4691 nos
1116 4652 1212 4706 per
1274 4637 1449 4707 legem
1522 4650 1585 4690 ac
1635 4636 1927 4707 prOphetas
1963 4636 2031 4690 ad

455 4727 807 4797 praeceptoris
840 4726 1129 4781 adventum
1170 4743 1342 4798 usque
1396 4727 1685 4797 perducti,
1740 4727 1832 4781 ubi
1885 4727 2077 4782 bunc‘

457 4821 607 4877 nacti
630 4836 823 4876 sumus
844 4860 859 4883 ,
897 4820 1249 4895 padagogum
1276 4836 1399 4875 cum
1432 4820 1729 4890 ignominia
1762 4836 1869 4876 non
1901 4821 2031 4890 reji-
2065 4829 2077 4843 ‘

457 4913 658 4976 cimus,
688 4912 780 4967 sed
816 4914 865 4968 ei
899 4912 1127 4981 gratiam
1159 4913 1339 4982 potius
1369 4912 1651 4977 habemus,
1678 4912 1823 4983 quod
1856 4912 2035 4972 infan-

457 5005 593 5059 tiam
626 5011 884 5069 nostram,
920 5018 1017 5073 per
1054 5002 1194 5056 viam
1242 5002 1518 5057 deducens
1566 5003 1633 5057 ad
1681 5002 2034 5073 perfectiores

457 5111 561 5173 no§
589 5094 907 5165 disciplinas
961 5095 1313 5165 promoverit.
1370 5092 1501 5149 Item
1554 5095 1700 5159 velut
1734 5095 1781 5150 si
1818 5096 2034 5171 quisin

462 5188 571 5241 alto
622 5189 756 5241 mari
811 5188 1208 5257 navigaturus,
1250 5192 1563 5256 comparata
1623 5186 1831 5255 majore
1884 5190 2034 5252 navi,

462 5275 657 5343 exiguo
680 5276 857 5329 lembo
885 5275 1127 5328 vicinum
1166 5274 1335 5329 littori
1390 5273 1565 5328 alum
1587 5314 1601 5338 ,
1642 5274 1699 5327 in
1729 5290 1839 5345 quo
1866 5276 2041 5345 major

464 5366 555 5419 illa
577 5367 730 5421 navis
756 5366 1017 5432 ﬂuctuat,
1067 5366 1345 5436 trajecerit
1372 5405 1387 5429 ,
1442 5373 1496 5420 ct
1541 5365 1608 5420 ad
1647 5380 1768 5422 eam
1810 5366 2040 5423 minoris

466 5460 629 5528 hujus
662 5460 925 5515 beneﬁcio
965 5461 1307 5531 pervenerit,
1346 5459 1435 5515 ubi
1478 5459 1738 5537 majorem
1778 5459 2016 5514 attinerit

541 5642 554 5670 ¹
597 5640 717 5694 Gal.
744 5655 817 5704 tv,
854 5640 945 5695 ει.
1023 5644 1042 5673 ’
1082 5642 1243 5697 Hebr.
1277 5660 1353 5702 Ix.
1392 5644 1458 5696 ΓΙ
1498 5644 1578 5697 l9.

467 5708 535 5783 ξίζτ
632 5712 651 5743 ⁷
682 5708 798 5767 Gal.
825 5711 1009 5778 11526.
1086 5712 1107 5742 ⁸
1144 5712 1269 5766 Cor.
1304 5706 1367 5780 ᾧ.
1445 5715 1465 5744 ³
1494 5711 1936 5782 Leg.écp£1:mug.

1679 5643 1697 5672 ³
1732 5642 1868 5697 Gen.
1906 5656 2051 5709 κως,
2094 5642 2158 5695 10
2253 5643 2273 5672 ⁸
2324 5640 2366 5695 ll
2405 5642 2530 5698 Cor.
2573 5660 2623 5708 v,
2673 5643 2759 5697 19.

2099 4650 2107 4661 '
2137 4641 2352 4713 ἡλικίας
2381 4640 2662 4710 γενέσθαι,
2690 4639 2786 4694 καλ⁸
2814 4637 3109 4691 καταλάϐοι
3141 4636 3232 4689 τὸν
3269 4634 3592 4690 διδάσκαλον
3617 4675 3635 4698 ,
3656 4634 3713 4687 οὐ

2138 4734 2356 4797 πάντως
2424 4730 2786 4785 ἀποϐάλλεται
2846 4729 2940 4782 τὸν
2986 4727 3330 4795 παιδαγωγὸν
3383 4726 3457 4789 ὡς
3524 4726 3715 4797 ἐχθρὸν

2139 4825 2453 4896 ὑπάρχοντα
2475 4840 2489 4855 ·
2529 4822 2672 4875 οὕτω
2711 4821 2805 4875 καὶ⁵
2841 4823 3001 4891 ἡμεῖς
3033 4817 3502 4890 καθωδηγήθημεν
3544 4819 3609 4870 ὲν
3638 4816 3718 4869 νό-

2143 4933 2228 4991 μῳ
2257 4914 2351 4966 καὶ
2396 4914 2455 4966 ὲν
2487 4912 2793 4983 προφήταις
2826 4910 2931 4972 ἕως
2959 4909 3058 4978 τῆς
3096 4906 3399 4978 παρουσίας
3431 4904 3527 4959 τοῦ
3574 4904 3719 4959 διδα-

2143 5006 2365 5070 σκάλου.
2395 5004 2660 5075 Εὐρόντες
2689 5003 2747 5056 δὲ
2774 5002 2864 5055 τὸν
2893 4999 3209 5055 διδάσκαλον
3244 4999 3346 5052 οὐκ
3380 4998 3719 5069 ἀτιμάζομεν

2141 5101 2230 5154 τὸν
2262 5096 2627 5166 παιδαγωγὸν,
2667 5094 2804 5149 ἀλλά
2832 5094 2929 5147 καὶ
2960 5092 3117 5164 χάριν
3149 5090 3298 5161 αὐτῷ
3328 5089 3718 5161 ὁμολογοῦμεν,

2142 5190 2222 5242 ὅτι
2251 5189 2348 5260 τὴν
2375 5188 2531 5259 ἡμῶν
2556 5187 2857 5257 νηπιότητα
2890 5185 3264 5255 καθοδηγήσας
3296 5184 3377 5245 εἰς
3411 5182 3481 5239 τά
3512 5182 3720 5236 ἐντελέ-

2146 5296 2313 5349 στερα
2339 5279 2487 5349 ἡμᾶς
2524 5276 2819 5348 μαθήματα
2850 5274 3260 5347 προεπέμψατο.
3310 5274 3381 5325 Ἦ
3412 5272 3601 5337 καθὼς
3631 5272 3721 5326 ὲάν

2142 5388 2227 5433 τις
2250 5409 2264 5433 ,
2319 5370 2526 5440 μέλλων
2573 5369 2725 5422 πλεῖν
2765 5369 2827 5421 ὲν
2862 5368 3139 5440 θαλάσσῃ,
3186 5365 3298 5436 ἔχοι
3349 5365 3599 5439 μεγάλην
3632 5364 3721 5433 τὴν

2146 5458 2279 5513 ναῦν
2326 5461 2383 5512 ὲν
2422 5459 2631 5530 ἀκατίῳ
2658 5459 2713 5512 δὲ
2744 5458 2924 5530 μικρῷ
2954 5456 3171 5512 ἐπέλθοι
3199 5456 3260 5510 τὸ
3292 5456 3452 5521 σάλος
3478 5456 3544 5510 τδ
3577 5455 3722 5525 παρά

2838 5644 2857 5672 ⁸
2904 5641 3035 5696 Luc.
3096 5656 3205 5706 ινι,
3252 5638 3333 5692 ιϐ.
3416 5635 3626 5692 'Joan.
3683 5648 3721 5701 ι,
