3850 6204
211 335 312 391 H9

861 333 1230 392 ADVERSUS
1266 332 1612 390 IIJSRESES
1647 330 1776 388 LIB.
1820 331 1880 386 Il.
1927 330 2090 388 TOM.
2135 329 2197 385 II.
2222 365 2289 374 -—
2331 331 2604 391 IIAERES.
2642 335 2822 393 LXVI;

3355 331 3462 392 150

206 446 304 517 τὴν
357 445 528 518 ὄχθην
563 447 661 519 τῆς
697 447 1000 520 θαλάσσης,
1047 451 1140 505 καὶ
1178 449 1428 522 διενέγκῃ
1458 448 1521 502 τὸ
1561 445 1779 502 ἀκάτιον

1889 461 1997 500 non
2033 447 2217 502 statim
2274 447 2510 502 lembum
2565 449 2618 502 in
2653 447 2981 519 profundum
3017 448 3304 518 deprimit,
3361 447 3460 506 sed

205 543 285 605 είς
317 541 418 611 τὴν
455 540 700 610 μεγάλην
741 541 875 596 ναῦν
916 541 1009 594 τὸν
1043 541 1360 613 ἄνθρωπον,
1405 540 1465 592 οὐ
1500 538 1719 600 πάντως
1756 538 1786 590 6

203 631 492 703 ἅνθρωπος
526 632 732 702 βυθίζει
759 633 820 686 τὸ
855 633 1080 686 ἀκάτιον
1104 673 1120 696 ,
1159 632 1346 703 ἐπειδὴ
1386 625 1510 700 εὗρε
1551 627 1649 700 τὴν
1691 645 1786 698 με·

212 722 378 794 τάλην
407 723 574 788 ναῦν,
609 724 745 778 ἀλλὰ
786 725 924 794 μετὰ
951 724 1044 778 τοῦ
1081 725 1241 796 χάριν
1274 723 1416 794 ἔχειν
1443 720 1522 792 τῷ
1553 719 1783 789 ἀκατίῳ,

203 815 616 886 ωταλαμὸάνει
671 817 732 868 τὸ
780 816 1094 889 μειζότερον
1141 818 1240 888 τῆς
1296 813 1462 869 αὑτοῦ
1515 811 1787 884 σωτηρίας

207 907 420 959 πλοξονο
458 907 492 979 ἢ
533 909 625 961 καὶ
675 907 876 979 ἑτέρως
907 909 994 962 ἵνα
1039 910 1282 980 εἴπωμεν
1302 947 1318 972 ,
1348 909 1424 972 ὡς
1458 907 1553 960 ὲάν
1577 923 1660 970 τις
1689 906 1784 958 ὲκ·-

201 997 378 1069 δληθῇ
410 992 516 1052 ὑπὸ
549 999 754 1074 μητρὸς
774 1001 1112 1072 γεννησάσης
1131 1043 1146 1064 ,
1177 999 1404 1069 ληφθεὶς
1435 999 1491 1052 δὲ
1521 997 1625 1052 ὑπό
1640 1015 1785 1063 τινος

204 1087 298 1140 τοῦ
328 1090 582 1160 τυχόντος
601 1131 617 1156 ,
642 1090 737 1144 καὶ
761 1091 1100 1162 άνατραφείη
1121 1091 1316 1162 χρόνῳ,
1351 1089 1665 1160 εἰσύστερον
1691 1091 1786 1144 άν-

200 1179 499 1251 δρωθέντος
526 1180 691 1235 αὑτοῦ
721 1182 926 1253 ἐπιγνῷ
956 1184 1047 1236 τὸν
1080 1183 1210 1237 ἴδιον
1241 1182 1408 1238 αὐτοῦ
1453 1183 1668 1254 πατέρα
1693 1181 1784 1235 τὸν

208 1273 357 1325 κατὰ
407 1272 569 1340 φύσιν
594 1315 609 1336 ,
644 1274 756 1344 ἔχοι
782 1275 840 1328 δὲ
863 1277 896 1328 6
925 1273 1164 1339 τοιοῦτος
1179 1274 1395 1332 σύνεσιν
1413 1315 1428 1335 .
1461 1275 1534 1345 μὴ
1557 1312 1572 1337 ,
1596 1271 1784 1343 ἐπειδὴ

197 1364 424 1432 ἐπέγνω
448 1365 538 1418 τὸν
573 1365 1006 1438 ὲαυτοῦπατέρα
1028 1409 1043 1430 ,
1095 1367 1188 1421 καὶ
1218 1366 1648 1438 ἐπιλαμϐάνεται
1683 1364 1786 1435 τῆς

202 1455 346 1518 ἰδίας
367 1457 728 1528 κληρονομίας
752 1499 767 1523 ,
804 1459 958 1531 παρὰ
982 1459 1140 1513 τοῦτο
1164 1457 1417 1529 ἀτιμάζει
1448 1457 1538 1512 τὸν
1561 1456 1787 1526 ἀναθρέ-

196 1547 422 1615 ψαντα;
473 1549 532 1601 οὐ
580 1549 759 1621 πολλῷ
803 1550 1002 1621 μᾶλλον
1050 1551 1209 1623 χάριν
1255 1551 1380 1622 ἔσχε
1429 1550 1508 1622 τῷ
1555 1548 1785 1620 ἀναθρέ-

197 1639 367 1706 ψαντι
393 1681 408 1703 ,
448 1641 528 1692 ὅτι
555 1642 655 1695 οὐκ
681 1642 861 1695 εἴασεν
891 1642 1054 1696 αὑτὸν
1085 1645 1165 1707 είς
1209 1643 1436 1696 θάνατον
1470 1639 1778 1714 παραδοθῆ-

1883 537 1958 592 ita
1987 538 2265 608 grandiori
2319 538 2535 608 navigio
2562 539 2794 593 salutem
2840 553 2994 594 suam
3035 540 3367 600 committit,
3400 547 3461 593 ut

1882 629 2086 698 exiguo
2118 629 2195 683 illi
2232 629 2410 684 lembo
2435 629 2666 700 gratiam
2707 629 3012 685 habendam
3047 639 3219 700 putet.
3251 630 3460 684 Addam

1883 731 1936 776 et
1968 721 2116 775 aliud
2169 722 2500 792 exemplum.
2552 721 2706 778 Sicut
2755 723 3041 793 expositus
3106 738 3135 776 a
3197 723 3462 792 genitrice

1883 812 2190 881 quispiam,
2233 811 2276 866 si
2310 811 2380 865 ab
2409 811 2594 881 aliquo
2623 811 2762 867 forte
2790 813 3040 868 sublatus
3085 819 3140 866 et
3195 813 3462 868 educatus

1885 903 2071 968 fuerit,
2113 911 2474 974 posteaquam
2515 903 2817 959 adoleverit
2865 920 2930 958 ac
2963 905 3267 960 naturalem
3300 919 3462 959 suum

1884 1003 2164 1067 parentem
2199 995 2500 1066 agnoverit,
2532 995 2600 1060 is,
2638 997 2684 1050 si
2715 995 3020 1066 prudentia:
3061 995 3463 1065 aliquantulum

1886 1087 2102 1148 habeat,
2138 1101 2270 1141 num
2295 1085 2386 1140 ubi
2425 1095 2706 1156 parentem
2739 1086 3022 1158 agnoverit
3069 1096 3125 1142 et
3184 1087 3466 1143 haeredita-

1884 1186 1992 1233 tem
2031 1192 2188 1233 suam
2219 1175 2455 1242 adierit,
2506 1177 2710 1231 idcirco
2752 1179 3039 1233 nutritium
3080 1179 3231 1233 illum
3275 1193 3466 1250 asper-

1882 1268 2142 1324 nabitur?
2197 1275 2290 1322 aut
2328 1283 2436 1322 non
2492 1268 2544 1324 ei
2602 1269 2785 1338 potius
2837 1269 3282 1340 gratificabitur,
3317 1269 3462 1341 quod

1883 1361 2004 1432 eius
2055 1358 2320 1415 beneﬁcio
2357 1359 2524 1413 letum
2579 1360 2857 1416 evaserit?
2911 1359 3144 1417 Perinde
3191 1361 3363 1432 igitur
3409 1369 3465 1417 et

1884 1467 1985 1507 nos
2048 1450 2158 1505 Deo
2204 1449 2431 1520 gratiam
2478 1450 2743 1506 habemus
2770 1493 2784 1517 ,
2819 1452 3057 1520 primum
3091 1453 3237 1523 quod
3289 1454 3461 1521 legem

1885 1544 2043 1598 nobis
2073 1557 2136 1596 ac
2174 1543 2468 1613 prophetas
2498 1541 2741 1604 dederit.
2786 1553 2898 1598 tum
2926 1545 3091 1598 etiam
3129 1544 3273 1598 ouod
3313 1543 3463 1598 Novo

1887 1650 1991 1688 nos
2015 1631 2137 1686 Filii
2169 1636 2254 1686 sui
2285 1631 2635 1688 Testamento
2662 1633 2919 1704 dignatus
2946 1634 3037 1689 sit.

198 1750 329 1795 vat;
359 1734 502 1788 οὕτω
531 1736 624 1788 καὶ
663 1737 823 1806 ἡμεῖς
861 1737 1022 1808 χάριν
1059 1737 1254 1808 ἔχομεν
1279 1735 1398 1807 Θεῷ
1427 1735 1503 1807 τῷ
1560 1735 1826 1793 δεδωκότι,
1855 1732 2018 1802 νόμον
2055 1728 2150 1782 καὶ
2188 1729 2473 1799 προφήτας
2499 1767 2514 1790 ,
2571 1729 2665 1782 καὶ
2707 1729 2867 1800 χάριν
2904 1729 3099 1801 ἔχομεν
3151 1731 3299 1801 αὐτῷ
3332 1747 3461 1786 κατ-

203 1824 498 1890 ιξιώσαντι
525 1827 673 1896 ἡμᾶς
713 1827 810 1899 τῆς
859 1827 956 1880 τοῦ
987 1827 1118 1881 Υἱοῦ
1163 1828 1328 1882 αὑτοῦ
1366 1827 1578 1898 Καινῆς
1623 1826 1914 1897 Διαθήκης-

269 1922 414 1987 oq'.
442 1922 576 1992 Φησὶ
609 1922 662 1974 δὲ
687 1924 716 1975 6
751 1923 911 1986 αὐτὸς
952 1924 1176 1996 Μάνης,
1219 1919 1356 1978 εἶναι
1384 1925 1532 1995 ἡμᾶς
1569 1923 1779 1994 μορφὰς

1958 1913 2189 1968 LXXVI.
2227 1914 2368 1968 Idem
2407 1913 2738 1970 Manichzcus
2776 1915 3085 1986 principum
3133 1933 3235 1972 nos
3285 1919 3466 1988 imagi-

199 2014 480 2084 άρχόντων
501 2055 516 2078 ,
552 2017 645 2068 καὶ
669 2015 775 2070 ὑπὸ
799 2015 907 2068 τῶν
938 2017 1214 2087 ἀρχόντων
1238 2018 1523 2087 γεγονότας
1550 2058 1564 2081 ,
1601 2018 1783 2080 αὐτοῖς

199 2105 252 2158 δὲ
287 2109 371 2167 εἰς
431 2108 771 2180 κατάϐρωμα
812 2109 1343 2182 καταᾶεϐλημένους.
1381 2110 1555 2182 Πολλὴ
1589 2109 1645 2164 δὲ
1689 2112 1782 2164 ἀνσ

198 2200 325 2252 asia
371 2200 385 2230 ⁸
427 2201 486 2252 ὲν
533 2204 646 2264 τοῖς
679 2201 942 2266 τοιούτοις
971 2201 1168 2271 λόγοις.
1224 2203 1470 2274 Ὀρῶμεν
1524 2203 1633 2274 γὰρ
1684 2203 1782 2274 οὐχ

198 2293 372 2355 οὕτως
420 2294 488 2347 τὰ
527 2295 827 2366 πράγματα
883 2295 1266 2366 συμϐαίνοντα.
1304 2298 1421 2351 Πᾶν
1454 2297 1563 2368 γὰρ
1602 2295 1780 2350 ὁτιοῦν

196 2386 291 2436 ἐπὶ
322 2387 422 2455 τῆς
469 2387 612 2456 γῆς,
663 2389 764 2442 κάν
796 2406 856 2441 τε
910 2388 1253 2460 φαυλοτέρων
1300 2389 1392 2443 καὶ
1431 2389 1782 2462 άγριωτέρων

197 2473 406 2544 θηρίων
437 2476 695 2547 ὑπάρχοι,
729 2478 790 2530 ού
822 2480 886 2548 τῇ
928 2478 1034 2549 ἰδίᾳ
1069 2482 1248 2551 μορφῇ
1277 2479 1569 2551 ἐπέρχεται
1593 2519 1608 2544 ,
1643 2479 1783 2534 ἀλλὰ

200 2567 316 2627 ταῖς
361 2565 571 2630 ἄλλαις.
614 2569 732 2631 Ὦς,
783 2564 896 2621 οἷον
928 2572 1136 2633 εἰπεῖν,
1182 2570 1394 2636 λέοντες
1429 2571 1650 2638 λέοντας
1681 2573 1782 2625 οὐκ

193 2655 443 2710 ἐσθίουσι
492 2658 580 2711 διὰ
624 2659 684 2711 τὸ
745 2660 875 2713 ἴδιον
923 2661 1221 2731 ὲκτύπωμα
1270 2662 1362 2714 καὶ
1412 2662 1727 2733 όμόστοιχον
1762 2678 1777 2692 °

195 2747 333 2799 ἀλλὰ
359 2788 374 2812 ,
414 2746 577 2818 λιμοῦ
619 2749 856 2819 μεγάλου
904 2750 1183 2815 πιέζοντος
1219 2752 1277 2804 ὲν
1314 2754 1427 2816 τοῖς
1458 2753 1610 2823 ὄρεσι
1655 2753 1780 2816 τοὺς

193 2838 404 2908 θῆρας,
443 2839 538 2892 καὶ
580 2839 672 2892 ἐπὶ
707 2840 889 2911 πολλῷ
943 2843 1118 2913 χρόνῳ
1169 2843 1347 2896 αὐτῶν
1383 2842 1458 2914 μὴ
1504 2844 1783 2916 εὑρισκόν-

193 2941 303 2976 των
338 2925 460 2994 ἦτοι
506 2925 596 2978 διά
636 2927 788 2996 χιόνα
813 2967 826 2990 ,
856 2928 888 2999 ἢ
919 2929 984 2982 δι’
1009 2931 1202 3002 ἑτέραν
1233 2931 1442 2987 ἔνδειαν
1463 2973 1477 2995 ,
1513 2933 1779 3005 ἀναστρέ-

194 3031 390 3082 φουσιν
425 3017 485 3068 ὲν
513 3018 625 3080 τοῖς
657 3018 879 3086 φωλεοῖς
919 3021 1012 3073 καὶ
1041 3025 1311 3093 χηραμοῖς
1344 3023 1522 3076 αὐτῶν
1569 3023 1782 3088 λέοντες

193 3105 315 3175 ἅμα
366 3106 632 3178 σκύμνοις
683 3111 1018 3182 ὑπάρχοντες
1046 3151 1061 3177 ,
1101 3115 1194 3166 καὶ
1240 3114 1358 3186 ἆμα
1391 3115 1658 3181 λεαίναιςο
1690 3117 1782 3170 καὶ

191 3198 294 3250 οὐκ
328 3199 624 3270 ἐπέρχεται
661 3201 768 3274 θὴρ
796 3203 1000 3275 θηρίῳ,
1036 3205 1096 3258 οὐ
1130 3205 1293 3270 λύκος
1324 3206 1504 3279 λύκῳ,
1533 3209 1582 3260 εἰ
1623 3209 1697 3279 μή
1728 3225 1780 3262 τι

1885 2023 1982 2063 nes
2009 2023 2134 2063 esse
2159 2047 2173 2071 ,
2206 2014 2260 2061 et
2286 2021 2316 2060 a
2349 2005 2688 2076 principibus
2733 2008 3030 2078 productos
3060 2009 3311 2074 allirmat,
3342 2014 3465 2082 qui-

1885 2097 1987 2153 bus
2045 2099 2109 2150 ad
2154 2096 2412 2166 pabulum
2450 2096 2624 2152 simus
2651 2099 2908 2168 expositi.
2960 2099 3114 2166 Quod
3152 2117 3284 2157 sane
3313 2103 3464 2158 dictu

1881 2191 2046 2262 697
2088 2206 2250 2261 quam
2302 2190 2527 2261 impium
2563 2199 2667 2247 est.
2703 2191 2888 2264 Longe
2924 2195 3068 2248 enim
3110 2196 3267 2251 aliter
3289 2196 3467 2251 omni-

1883 2282 1987 2337 bus
2039 2282 2094 2338 in
2126 2281 2292 2336 rebus
2341 2281 2590 2337 accidere
2619 2284 2917 2339 cernimus.
2972 2284 3038 2338 Et
3096 2301 3223 2342 vero
3272 2304 3340 2343 ex
3379 2287 3468 2347 his

1883 2374 2141 2429 omnibus
2171 2389 2290 2444 quae
2322 2374 2376 2428 in
2409 2381 2554 2429 terra
2599 2383 2759 2438 sunt,
2795 2376 2919 2432 licet
2947 2378 3213 2447 pessimas
3244 2395 3307 2435 ac
3335 2395 3466 2436 cru-

1883 2464 2196 2519 delissimas
2247 2479 2495 2535 quasque
2544 2463 2690 2519 feras
2737 2466 3054 2522 consideres
3083 2508 3096 2532 ,
3155 2467 3302 2522 llllII:l
3357 2479 3464 2535 est,

1884 2571 2007 2624 qua:
2042 2556 2096 2609 in
2133 2555 2221 2610 sui
2249 2556 2481 2610 similem
2516 2556 2733 2622 saaviat,
2765 2556 2859 2612 sed
2895 2557 2947 2612 in
2988 2559 3215 2614 alterius
3248 2562 3466 2631 generis

1884 2645 2169 2702 duntaxat.
2213 2645 2454 2718 Exempli
2487 2663 2654 2704 causa
2695 2649 2906 2704 leonem
2939 2651 3029 2705 leo
3052 2692 3068 2717 ,
3104 2661 3328 2723 propter
3355 2653 3467 2709 for-

1887 2753 1986 2794 ma:
2039 2751 2103 2792 ac
2149 2747 2360 2792 natura:
2408 2737 2822 2794 similitudinem
2852 2780 2867 2804 ,
2925 2757 3032 2800 non
3074 2743 3332 2809 devorat;
3369 2745 3467 2801 sed

1885 2830 2010 2884 licet
2043 2830 2235 2899 ingens
2264 2828 2435 2885 fames
2465 2831 2518 2884 in
2553 2831 2834 2886 montibus
2885 2832 3028 2889 feras
3068 2834 3190 2889 illas
3229 2845 3421 2906 urgeat
3447 2876 3461 2900 ,

1885 2919 2022 2975 adeo
2049 2932 2108 2974 ut
2135 2928 2355 2991 pr0pter
2388 2921 2562 2984 nives,
2591 2931 2686 2976 aut
2714 2921 2950 2994 inopiam
2978 2925 3240 2996 aliquam,
3272 2927 3468 2997 praeda:

1885 3011 2022 3066 nihil
2053 3013 2212 3082 longo
2246 3023 2488 3083 tempore
2538 3006 2850 3080 inveniant,
2887 3017 2942 3071 in
2975 3018 3162 3073 lustris
3193 3026 3373 3075 tamen
3403 3036 3468 3076 ac

1888 3102 2127 3159 latibulis
2160 3104 2278 3159 suis
2310 3120 2435 3160 cum
2465 3107 2663 3162 catulis
2714 3123 2779 3162 ac
2807 3108 2989 3165 lemnis
3018 3121 3464 3179 commorantur;

1886 3209 1988 3248 nec
2037 3195 2146 3249 ulla
2195 3196 2420 3251 omnino
2451 3197 2626 3253 bestia
2678 3199 2732 3253 in
2785 3201 2870 3255 sui
2925 3201 3158 3257 similem
3203 3203 3464 3270 incurrit,

195 3291 262 3342 ἂν
316 3293 399 3354 εἰς
432 3293 632 3361 μανίαν
660 3294 802 3348 ἔλθοι
840 3296 902 3348 τὸ
938 3296 1076 3361 ζῶον
1098 3339 1114 3362 ,
1157 3297 1252 3351 καὶ
1287 3298 1563 3369 λυσσῆσαν
1600 3300 1779 3369 ἀγνοεῖ

1889 3287 2037 3342 velut
2070 3288 2232 3359 lupus
2263 3289 2316 3344 in
2348 3290 2534 3362 lupum
2559 3331 2575 3355 ,
2629 3293 2736 3348 nisi
2789 3293 2931 3378 forte
2990 3297 3043 3349 in
3091 3297 3294 3353 rabiem
3335 3313 3468 3354 con-

193 3381 223 3433 δ
255 3385 511 3454 πράττει.
563 3386 624 3438 Ei
668 3387 846 3441 τοίνυν
873 3387 1032 3447 λύκος
1059 3389 1224 3442 λύκον
1249 3391 1349 3443 οὐκ
1372 3391 1542 3445 ἐσθίει
1565 3391 1653 3446 διὰ
1684 3393 1782 3464 τὴν

188 3475 515 3545 ὁμόστοιχον
550 3479 787 3551 μορφὴν,
824 3481 940 3544 πῶς
971 3481 1224 3536 δύνανται
1269 3484 1319 3536 οί
1350 3483 1611 3555 ἄρχοντες
1636 3485 1782 3555 ἡμᾶς

191 3565 439 3626 ἐσθίειν.
497 3571 547 3621 εί
595 3570 694 3641 τῆς
733 3571 904 3641 αὐτῆς
942 3573 1294 3644 ύπάρχομεν,
1351 3575 1446 3627 καὶ
1485 3577 1544 3630 οὐ
1584 3577 1783 3647 μᾶλλον

187 3656 569 3723 θωπεύουσιν,
623 3662 713 3716 ἵνα
757 3663 980 3728 δόξωσιν
1026 3666 1126 3729 τὰς
1170 3666 1305 3731 ίδίας
1343 3667 1523 3724 αὐτῶν
1571 3671 1780 3741 μορφάς

189 3753 648 3822 περιποιεῖσθαις
721 3756 828 3809 Καὶ
909 3759 1242 3830 πανταχόθεν
1309 3761 1620 3834 ἐλέγχονται
1688 3764 1781 3818 τοῦ

186 3841 438 3915 ἀγύρτου
473 3846 523 3898 ol
553 3845 720 3915 λόγοι.

256 3999 388 4056 OZ'.
425 3996 562 4055 Εἶτα
599 4003 766 4057 πάλιν
789 4004 908 4059 ἀπὸ·
927 4006 1021 4060 τοῦ
1051 4007 1384 4078 Εὐαγγελίου
1413 4009 1780 4083 ἐπιλαμϐάνε-

184 4111 300 4156 ται,
335 4095 419 4147 δτι
453 4096 528 4147 Οὐ
565 4096 763 4161 πάντες
802 4098 1040 4170 χωροῦσι
1074 4100 1174 4171 τὴν
1199 4100 1366 4155 αὑτοῦ
1405 4102 1777 4170 διδασκαλίαν,

185 4179 308 4232 ἀλλ’
348 4175 434 4244 οἷς
459 4181 691 4239 δέδοται.
730 4185 839 4238 Καὶ
869 4186 969 4240 οὐκ
994 4182 1064 4258 ἦν
1089 4189 1117 4241 6
1147 4189 1304 4259 λόγος
1348 4191 1478 4264 περὶ
1526 4193 1780 4249 διδασκα-

184 4269 310 4334 λίας
346 4271 586 4326 ἐνταῦθα
611 4274 688 4345 τῷ
712 4277 944 4350 Σωτῆρι,
978 4279 1114 4334 ἀλλὰ
1149 4282 1278 4353 περὶ
1306 4283 1598 4355 εὐνούχων.
1626 4287 1688 4340 Εί
1721 4287 1779 4341 δὲ

185 4363 319 4433 περὶ
349 4363 453 4434 τῆς
478 4366 646 4419 αὐτοῦ
679 4367 1028 4435 διδασκαλίας
1060 4372 1358 4445 πληροῦται
1389 4375 1472 4443 τὸ,
1512 4379 1596 4432 Οὐ
1629 4377 1770 4433 πάν-

183 4469 285 4520 τες
336 4456 661 4524 χωροῦσιν,
701 4460 936 4516 ἐνταῦθα
984 4462 1062 4533 τῷ
1114 4465 1352 4537 Σωτῆρι,
1404 4467 1533 4539 ἄρα,
1579 4469 1674 4523 ἐὰν
1714 4471 1788 4524 οὐ,

181 4547 510 4618 χωρήσωσι,
579 4551 720 4603 κατὰ
770 4552 870 4624 τὴν
920 4553 1058 4608 ίδίαν
1108 4557 1333 4629 γνώμην
1374 4559 1436 4612 οὐ
1484 4560 1772 4631 χωροῦσιν.

1883 3378 2047 3432 citata
2085 3379 2218 3450 quid
2249 3388 2371 3452 agat
2403 3383 2632 3439 nesciat.
2666 3383 2848 3451 Quare
2885 3401 3008 3441 cum
3053 3403 3120 3442 ne
3154 3388 3316 3460 lupus
3343 3391 3468 3461 qui-

1883 3467 2004 3523 dem
2029 3469 2214 3540 lupum
2245 3471 2469 3530 devoret
2493 3513 2508 3538 ,
2557 3475 2628 3530 ob
2665 3475 2848 3548 figura:
2890 3479 3310 3548 cognationem,
3337 3499 3468 3554 quo-

1885 3560 2046 3616 modo
2076 3563 2356 3635 principes
2385 3565 2650 3621 devorare
2682 3583 2782 3624 nos
2830 3578 3102 3639 possunt,
3145 3572 3349 3642 quibus
3375 3591 3467 3631 su-

1884 3668 2006 3708 mus
2037 3655 2225 3711 forma:
2257 3657 2614 3714 similitudine
2654 3661 2973 3730 conjuncti?
3009 3663 3122 3717 Cur
3148 3678 3256 3719 non
3283 3667 3466 3736 potius

1883 3744 2240 3802 blandiuntur
2273 3749 2463 3815 nobis,
2505 3765 2615 3820 quo
2645 3766 2776 3806 suas
2803 3752 3047 3822 ipsorum
3095 3751 3297 3824 elligies
3325 3758 3465 3812 tueri

1882 3838 2282 3910 complectique
2327 3842 2618 3898 videantur
2637 3844 2672 3897 ’ἐν
2707 3843 2798 3900 Sic
2830 3844 3145 3914 impostoris
3176 3846 3326 3904 illius
3371 3865 3466 3904 un-

1881 3928 2047 4000 dique
2073 3931 2392 3988 confutatur
2421 3936 2620 3991 oratio.

1954 4020 2212 4077 LXXVII.
2238 4025 2343 4080 Sed
2374 4025 2504 4081 illud
2533 4044 2595 4081 ex
2618 4027 2911 4100 Evangelio
2943 4033 3171 4101 profert,
3214 4050 3320 4088 non
3347 4049 3465 4088 om-

1883 4127 1980 4167 nes
2004 4113 2310 4171 doctrinam
2339 4133 2493 4172 suam
2516 4122 2846 4190 capere,sed
2875 4123 3073 4192 quibus
3103 4125 3290 4179 datum
3319 4131 3404 4181 est
3418 4125 3459 4177 ³.

1881 4207 2045 4275 Atqui
2077 4207 2224 4261 nulla
2251 4209 2338 4262 hic
2372 4225 2402 4263 a
2433 4209 2718 4267 Salvatore
2742 4214 2810 4269 de
2835 4215 3085 4270 doctrina
3110 4219 3340 4282 mentio,
3368 4218 3463 4273 sed

1881 4297 1949 4353 de
1999 4300 2269 4356 eunuchis
2308 4301 2576 4356 duntaxat
2634 4305 2964 4360 instituitur.
3009 4307 3209 4363 Verum
3263 4317 3319 4363 ut
3360 4308 3464 4364 hoc

1881 4387 2094 4454 demus,
2125 4391 2193 4446 ad
2224 4392 2398 4462 ipsius
2421 4393 2727 4450 doctrinam
2756 4397 2963 4453 dictum
2995 4399 3128 4454 illud
3164 4409 3415 4471 spectare
3446 4421 3460 4457 :

1886 4477 2007 4531 Non
2040 4497 2218 4534 omnes
2245 4483 2461 4551 capiunt
2481 4483 2534 4538 ⁸ε
2566 4485 2732 4555 igitur
2760 4489 2804 4543 si
2839 4505 2946 4543 non
2972 4489 3214 4560 capiunt,
3239 4507 3303 4545 ex
3337 4508 3466 4561 pro-

1885 4567 1999 4634 pria
2025 4568 2191 4623 animi
2229 4572 2498 4626 sententia
2532 4588 2640 4626 non
2671 4575 2918 4644 capiunt.
2947 4576 3131 4644 Quare
3167 4580 3327 4636 laude
3366 4591 3474 4636 aut.

195 4634 507 4691 Ἐπαινετοὶ
545 4635 639 4692 οὖν
667 4641 784 4711 ἦτοι
810 4643 1001 4713 ψεκτοὶ
1031 4639 1178 4701 οὗτοι
1217 4649 1312 4703 ἐπὶ
1340 4649 1402 4703 τὸ
1431 4650 1776 4718 αὐτεξούσιον

1884 4658 2151 4728 v—ituperio
2177 4661 2326 4730 digni
2352 4679 2419 4717 ex
2441 4634 2879 4722 voluntatis-sua:
2909 4669 3160 4724 libertate
3184 4671 3460 4741 dicentur;

181 4725 571 4797 κληθήσονταιο
605 4731 700 4784 καὶ
723 4733 905 4788 οὐκέτι
926 4736 1067 4790 κατὰ
1089 4738 1251 4806 φύσιν
1263 4739 1489 4795 ἔσταιτὸ
1505 4741 1654 4814 χώρη
1664 4761 1768 4815 μα·

179 4817 305 4869 ἐπεὶ
339 4817 406 4870 ἂν
433 4818 742 4892 ὠφελήσειε
772 4825 872 4896 τὴν
903 4827 1052 4899 αὐτῷ
1095 4833 1478 4901 καταγγέλλων
1511 4835 1770 4899 διδασκα-

178 4905 333 4972 λίαν;
375 4908 634 4976 Ἐξέπεσε
686 4913 742 4967 δὲ
788 4919 1122 4989 πανταχόθεν
1157 4922 1321 4980 αὑτοῦ
1349 4925 1399 4978 ό.
1419 4925 1574 4995 λόγος
1605 4947 1615 4958 ·
1646 4929 1770 4984 οὔτε

177 4999 288 5069 γὰρ
310 4999 663 5057 διδασκαλίαν
689 5006 718 5056 6
750 5007 942 5081 Σωτὴρ
977 5010 1068 5065 τὸν
1095 5012 1252 5082 λόγον
1267 5017 1607 5089 ἀπεφήνατο,
1633 5021 1770 5076 ἀλλὰ

176 5089 243 5141 δι’
310 5092 690 5166 εὐνουχισμόν.
758 5100 876 5154 Κάν
912 5119 971 5155 τε
1001 5103 1354 5162 διδασκαλίαν
1390 5109 1556 5176 εἴποι,
1584 5111 1767 5166 οὐκέτι

180 5180 508 5250 σταθήσεται
556 5187 653 5240 τοῦ
691 5190 851 5263 Μάνη
895 5191 1072 5262 λόγος.
1120 5197 1260 5269 Φησὶ
1299 5197 1355 5252 δὲ
1399 5201 1428 5253 ό
1463 5201 1627 5266 αὐτὸς
1649 5205 1770 5258 Md-

178 5286 311 5342 νης·
347 5275 486 5347 Ἤδη
511 5279 532 5309 ¹
566 5279 694 5344 τοὺς
734 5283 1054 5355 ἡμετέρους.
1102 5287 1216 5357 (56)
1260 5289 1374 5344 Καὶ
1398 5289 1510 5361 γὰρ
1549 5293 1622 5348 τὰ
1657 5295 1771 5365 ἐμὰ

178 5369 445 5432 πρόϐατα
492 5372 770 5440 γινώσκει
788 5393 884 5444 με,
939 5378 1038 5434 καὶ
1084 5381 1356 5450 γινώσκω
1387 5383 1466 5438 τὰ
1477 5385 1591 5455 ἐμὰ
1622 5389 1769 5456 πρό-

1881 4763 2060 4827 neque
2088 4765 2152 4804 ex
2185 4759 2385 4807 natura
2405 4755 2682 4824 capacitas
2718 4757 2810 4811 illa
2843 4754 3076 4828 petenda
3105 4760 3299 4829 fuerit;
3325 4763 3460 4818 alio-

1879 4841 1972 4909 qui
2005 4840 2136 4911 quid
2173 4843 2522 4912 praedicanda
2564 4845 2816 4903 doctrina
2859 4866 2958 4906 sua
2992 4853 3320 4924 proliceret"?
3357 4853 3464 4910 Ve-

1877 4947 2000 4986 rum
2033 4932 2168 4986 nihil
2197 4935 2423 4990 omnino
2453 4937 2610 5003 dicit,
2639 4941 3085 5012 quandoquidem
3119 4931 3228 4998 non
3260 4946 3334 5000 ad
3361 4946 3460 5001 do-

1877 5023 2245 5090 ctrinam,sed
2275 5029 2630 5100 adspadones
2662 5029 2967 5090 Salvatoris
2987 5034 3089 5090 ille
3119 5051 3302 5090 sermo
3338 5053 3462 5107 per—

1875 5115 2033 5169 tinet.
2081 5117 2162 5171 Ac
2193 5122 2412 5178 tametsi
2443 5122 2510 5177 de
2549 5123 2799 5178 doctrina
2850 5127 3187 5196 loqueretur,
3227 5144 3334 5182 non
3379 5136 3446 5182 ta-

1878 5221 2004 5262 men
2051 5215 2199 5264 stare
2245 5220 2431 5281 posset
2483 5213 2767 5270 Manichaei
2793 5218 2967 5272 ratio.
2999 5219 3216 5273 Atenim
3280 5219 3422 5275 Mani

1876 5301 2102 5356 chaaus:
2137 5301 2373 5358 Noverat
2393 5307 2654 5378 ."iuquit,
2704 5317 2944 5366 nostros.
2983 5309 3113 5366 Oves
3147 5314 3285 5365 enim
3329 5330 3456 5367 male

1876 5404 2194 5463 cognoscunt
2227 5411 2328 5463 me,
2374 5406 2423 5451 et
2449 5414 2702 5468 cognosco
2721 5416 2846 5454 oves
2888 5418 3030 5457 meas
3052 5403 3093 5457 ⁸.
3121 5402 3226 5459 Sed
3257 5404 3458 5478 ubiqt'e

250 5541 266 5572 ¹
299 5548 428 5608 For.
455 5554 629 5608 ἄνοια.
711 5560 730 5588 ²
756 5556 816 5611 C.
846 5557 980 5628 ᾔδει.
1044 5561 1065 5592 ³
1107 5561 1296 5616 Matth.
1335 5581 1448 5630 xu,
1489 5567 1574 5621 ll.
1653 5571 1674 5600 ⁸
1710 5570 1779 5624 ibi

1917 5571 1939 5604 ⁵
1963 5570 2127 5630 Joan.
2153 5591 2212 5640 ι,
2241 5576 2345 5632 14.-

251 5731 370 5805 (3.6)
410 5739 566 5808 Φησὶ
592 5739 660 5796 δὲ
691 5741 874 5811 αὐτὸς
898 5744 1125 5814 Μάνης·
1143 5703 1451 5820 ’Ήδηγῗοικ
1480 5747 1628 5827 ᾔδειν
1651 5750 1774 5817 τοὺς

1884 5755 2101 5829 ετέρους
2121 5766 2228 5826 ,ιιι
2253 5759 2537 5834 sequentia
2577 5761 2959 5834 persuadent...
