3850 6204
419 349 513 407 {SI

1792 343 1848 399 Β.
1894 343 2232 401 ΕῘἾΡΠΑΝΙΙ

3557 350 3665 405 152

417 465 698 521 mentitur.
727 461 858 516 Nam
887 477 1011 516 cum
1045 477 1109 517 ex
1143 476 1330 516 eorum
1360 476 1609 525 numero,
1634 461 1727 528 qui
1763 469 1876 515 tum
1908 460 1983 513 illi

2101 465 2250 517 ἴατα.
2304 464 2388 516 Ἑν
2420 465 2588 518 ἆπασι
2627 465 2683 519 δέ
2734 464 3004 536 ψεύδεται.
3048 467 3371 537 Βουλόμενος
3403 467 3513 537 γὰρ
3558 466 3664 520 θω-

418 556 775 627 disputationi
832 560 1129 624 prasentes
1178 553 1439 617 aderant,
1478 551 1787 622 quempiam
1828 552 1989 606 vellet

419 662 519 718 per
564 646 940 710 ambitionem,
993 658 1056 697 ac
1086 643 1379 698 blanditias
1415 657 1627 712 rapere,
1676 641 1987 697 istiusmodi

420 737 649 793 vocibus
693 745 776 791 est
827 751 996 793 usus.
1046 750 1109 788 ac
1158 736 1305 789 velut
1352 750 1534 789 escam
1574 742 1630 789 et
1674 734 1985 788 illecebram

416 830 679 900 aspersit,
715 836 773 880 ut
814 827 917 880 hac
945 827 1021 879 illi
1053 826 1367 881 adulatione
1391 825 1458 878 ad
1493 826 1613 894 ejus
1648 841 1707 880 se
1755 825 1988 879 societa-

418 931 526 973 tem
560 926 917 989 aggregarent
937 956 951 979 ,
983 923 1041 969 ut
1071 932 1192 969 cum
1240 915 1482 984 adjuncti
1513 922 1727 977 essent,
1766 914 1987 983 gloriari

416 1026 481 1065 ac
507 1011 719 1081 jactare
742 1017 924 1078 posset
948 1023 1006 1063 se
1039 1008 1180 1072 illos,
1208 1014 1498 1077 antequam
1533 1007 1597 1060 ad
1634 1020 1692 1061 se
1717 1007 1985 1066 venirent,

419 1103 672 1171 cognitos
728 1100 1004 1154 habuisse.
1066 1097 1171 1153 Sed
1219 1098 1362 1152 idem
1399 1098 1475 1151 illi
1508 1098 1771 1167 contigit,
1822 1097 1991 1167 693

417 1194 562 1262 quod
588 1192 824 1261 Apollini
849 1192 960 1244 vati
990 1210 1002 1245 :
1036 1190 1152 1260 qui,
1202 1198 1260 1262 ut
1290 1198 1375 1245 est
1401 1192 1455 1243 in
1482 1188 1796 1244 Graecorum
1834 1190 1989 1243 fabu-

420 1260 491 1337 lis
528 1260 651 1337 cum
694 1281 817 1335 aliis
846 1279 1031 1334 futura
1066 1260 1406 1349 przedieeret,
1439 1278 1543 1333 sibi
1578 1278 1681 1347 ipsi
1712 1293 1818 1331 non
1850 1292 1991 1347 prae-

422 1373 587 1442 sagiit
612 1412 627 1436 ,
661 1372 755 1426 sed
796 1387 897 1426 suo
927 1371 1101 1440 ipsius
1127 1370 1352 1425 oraculo
1383 1369 1666 1425 fraudatus
1704 1377 1819 1431 est,
1862 1383 1987 1422 cum

418 1466 629 1521 scilicet
662 1464 915 1533 Daphnes
944 1477 1130 1517 amore
1168 1462 1405 1531 ﬂagrans
1435 1462 1505 1515 ob
1533 1461 1653 1530 ejus
1683 1462 1987 1517 castitatem

418 1570 644 1624 compos
682 1570 803 1609 esse
851 1569 960 1607 non
996 1552 1190 1622 potuit.
1245 1552 1321 1605 Ita
1369 1551 1701 1605 Manicbaaus
1754 1566 1878 1604 cum
1930 1566 1989 1604 se

420 1661 552 1701 suos
584 1662 747 1700 nosse
773 1646 1187 1707 vaticinaretur,
1216 1658 1280 1697 ac
1310 1642 1549 1697 Marcelli
1579 1642 1835 1711 captandi
1862 1656 1985 1711 gra-

2091 558 2219 628 πεία
2252 557 2495 626 ἁρπάσαι
2521 556 2715 628 ψυχὴν,
2750 558 2891 611 κατὰ
2920 558 3027 611 τῶν
3057 559 3178 611 τότε
3200 559 3480 627 παρόντων
3510 560 3569 611 ὲν
3594 564 3664 630 τῇ

2092 651 2384 721 συζητήσει
2411 650 2598 705 τοῦτον
2630 651 2811 715 ἐξεῖπε
2857 653 2949 705 τὸν
2984 652 3161 720 λόγον,
3199 654 3548 722 ὑποσπείρων
3574 652 3665 703 δὲ-

2088 741 2243 811 λεαρ,
2277 741 2353 803 ὡς
2376 742 2568 804 εἰπεῖν,
2604 741 2689 794 ἵνα
2714 742 2802 794 διὰ
2827 743 2927 811 τῆς
2950 743 3237 806 κολακείας
3262 744 3485 807 δόξωσιν
3514 744 3666 813 αὑτῷ

2091 831 2487 886 συνάπτεσθαι’
2523 833 2630 896 ἴνα,
2673 834 2803 885 ὅταν
2848 833 3210 901 συναφθῶσιν,
3250 834 3481 904 ἄρξηται
3529 851 3660 903 κομι

2092 925 2285 987 πάζειν
2338 926 2429 978 καὶ
2483 925 2682 993 λέγειν,
2739 926 2936 978 εἰδέναι
3009 925 3205 989 αὐτοὺς
3255 927 3384 994 πρὶν
3449 926 3482 995 ἢ
3562 927 3664 995 τὴν

2090 1016 2272 1085 ἄφιξιν
2302 1016 2436 1087 πρὸς
2461 1016 2622 1070 αὑτὸν
2643 1018 2993 1086 ποιήσωνται.
3016 1015 3211 1083 Γέγονε
3236 1015 3292 1068 δέ
3325 1016 3513 1077 αὐτοῦ,
3541 1016 3616 1079 ὡς
3636 1020 3665 1069 ό

2090 1108 2199 1160 τῶν
2246 1106 2510 1175 Ἐλλήνων
2542 1105 2709 1176 μῦθος
2730 1105 2870 1159 κατὰ
2896 1105 2986 1158 τὸν
3020 1105 3331 1157 Ἀπόλλωνα
3347 1106 3440 1159 τὸν
3463 1107 3659 1175 μάντιν

2093 1198 2489 1269 μαντευόμενον
2520 1200 2633 1259 τοῖς
2684 1197 2882 1264 ἄλλοις,
2927 1197 3102 1267 ἐαυτῷ
3148 1197 3204 1249 δέ
3256 1198 3331 1267 μὴ
3366 1198 3665 1266 δυνάμενον

2095 1288 2487 1359 μαντεύεσθαι,
2553 1287 2689 1342 ἀλλά
2743 1289 3135 1342 ἐκπεπτωκότα
3186 1288 3348 1341 αὑτὸν
3396 1287 3493 1340 τοῦ
3531 1306 3666 1357 μαν-

2090 1382 2257 1443 τείου,
2292 1382 2497 1453 ἐρῶντα
2527 1383 2625 1452 τῆς
2653 1382 2889 1450 Δάφνης,
2926 1381 3020 1432 καὶ
3064 1380 3460 1433 ἐκπεπτωκότα
3496 1379 3667 1449 αὑτῆς

2089 1474 2176 1526 διὰ
2202 1473 2570 1543 σωφροσύνην.
2600 1472 2753 1524 Οὕτω
2771 1473 2865 1524 καὶ
2884 1466 3038 1533 οὗτος
3064 1472 3093 1523 6
3118 1470 3307 1540 Μάνης
3335 1470 3668 1539 ἐμαντεύετο

2094 1565 2193 1635 μὲν
2221 1564 2417 1615 εἰδέναι
2443 1564 2567 1625 τοὺς
2600 1562 2779 1624 ίδίους,
2803 1561 2959 1629 φύσει
2990 1560 3046 1612 δὲ
3071 1559 3159 1612 διὰ
3190 1559 3507 1629 Μάρκελλον
3531 1554 3667 1629 ἧκεν

2092 1656 2401 1727 ὑποχείριον
2440 1655 2600 1707 αὑτὸν
2648 1654 2963 1725 ληψόμενος.
3001 1654 3256 1705 Διέπεσεν
3288 1652 3343 1703 δέ
3392 1651 3453 1703 τὸ
3500 1652 3666 1704 αὑτοῦ

422 1739 496 1791 tia
530 1738 788 1801 venisset,
812 1752 913 1791 sua
943 1736 1096 1790 illum
1128 1736 1393 1789 frustrata
1422 1734 1686 1788 divinatio
1714 1740 1820 1787 est.
1853 1731 1985 1783 Nam

2101 1750 2363 1818 μαντεῖον.
2417 1746 2549 1799 Οῠτε
2578 1746 2684 1815 γὰρ
2735 1745 2881 1815 αὑτῷ
2913 1744 3228 1814 Μάρκελλος
3258 1744 3507 1812 ἐπείσθη,
3547 1743 3668 1794 οὐδέ

417 1844 597 1898 neque
650 1827 924 1891 Marcello,
976 1843 1153 1897 neque
1196 1828 1353 1881 alteri
1402 1828 1657 1895 cuiquam
1710 1841 1804 1895 per
1857 1826 1989 1878 illud

419 1933 635 1990 tempus
665 1922 916 1991 dogmata
946 1936 1044 1977 sua
1071 1922 1305 1990 probare
1336 1920 1530 1989 potuit.
1846 1904 1849 1909 ’

488 2004 769 2067 LXXVIII.
809 2012 1111 2079 Ptaaterea,
1144 2010 1335 2075 Nemo,
1398 2010 1575 2080 inquit
1629 2010 1739 2072 ille,
1790 2008 1992 2078 priscis

419 2105 762 2175 temporibus
791 2105 1027 2159 salutem
1059 2104 1287 2173 adeptus
1317 2112 1422 2167 est,
1471 2102 1577 2156 nisi
1609 2102 1677 2155 ab
1724 2116 1869 2155 anno
1899 2102 1994 2155 de-

419 2197 564 2251 cimo
583 2196 774 2266 quinto
796 2195 999 2250 Tiberii
1022 2195 1256 2249 Caesaris
1275 2196 1342 2249 ad
1367 2202 1577 2248 aetatem
1614 2208 1786 2263 usque
1810 2207 1989 2257 suam,

421 2304 543 2359 quae
582 2290 635 2342 in
669 2288 833 2343 Probi
868 2295 922 2343 et
973 2276 1346 2343 antecessoris
1386 2286 1666 2341 Aureliani
1704 2284 1991 2354 imperium

422 2384 636 2445 incidit,
663 2382 768 2436 sub
800 2380 1002 2451 quibus
1032 2378 1365 2433 Manicbteus
1394 2378 1549 2431 vixit.
1578 2377 1635 2431 In
1657 2390 1767 2444 quo
1802 2388 1992 2427 rursus

418 2474 797 2545 explodendus
837 2472 1009 2536 venit,
1052 2486 1179 2525 eum
1230 2471 1298 2524 de
1347 2468 1533 2523 multis
1581 2468 1710 2523 olim
1761 2466 1991 2521 salutem

420 2569 691 2623 assecutis
726 2576 835 2620 tam
872 2564 1147 2634 Evangelii
1184 2578 1348 2633 quam
1378 2561 1751 2631 apostolorum
1790 2559 1992 2626 scripta

420 2657 787 2719 meminerint,
822 2656 930 2709 imo
958 2662 1010 2708 et
1044 2654 1307 2708 Dominus
1346 2654 1460 2722 ipse
1497 2669 1511 2705 :
1546 2650 1871 2720 Requirelur.
1905 2650 1990 2704 in-

418 2749 577 2822 quit,
626 2746 690 2801 ab
724 2746 822 2799 hac
854 2747 1185 2816 generatione
1214 2745 1430 2814 sanguis
1470 2744 1639 2796 omnis
1664 2744 1869 2810 justus,
1903 2741 1994 2810 qui

419 2840 618 2910 aliusue
648 2848 725 2893 est
760 2855 792 2891 a
820 2838 1073 2906 sanguine
1121 2834 1251 2889 Abel
1282 2836 1419 2901 justi
1448 2877 1460 2898 ,
1491 2849 1653 2903 usque
1683 2831 1752 2885 ad
1782 2831 1993 2901 sangui-

419 2946 538 2986 nem
570 2928 850 2984 Zacharia:
870 2971 885 2995 ,
914 2929 1003 2997 qui
1029 2928 1227 2995 effusus
1260 2935 1336 2981 est
1366 2926 1502 2978 inter
1533 2925 1778 2993 templum
1820 2932 1868 2975 et
1912 2924 1993 2975 aI-

420 3032 533 3076 tare
569 3021 890 3075 ‘.Potuitne
936 3020 1119 3086 justus
1168 3018 1323 3081 Abel,
1376 3025 1469 3069 aut
1518 3015 1819 3068 Zacharias
1846 3027 1989 3075 esse,

2091 1856 2175 1901 τις
2199 1839 2384 1909 ἕτερος
2408 1837 2526 1889 κατ’
2553 1839 2725 1889 ἐκεῖνο
2748 1835 2942 1907 καιροῦ
2968 1835 3075 1888 τῶν
3100 1838 3219 1888 τότε
3254 1835 3350 1888 ἀνθ
3361 1836 3582 1906 ρώπων.

2162 2012 2285 2068 OH'.
2317 2010 2451 2066 Εἶτα
2482 2013 2615 2083 ἔφη,
2646 2014 2727 2065 ὅτι
2759 2012 2839 2064 Τὰ
2872 2012 3073 2065 παλαιὰ
3112 2013 3203 2084 ἐτη
3245 2013 3420 2075 οὐδεὶς
3466 2012 3668 2083 ἐσώθη,

2091 2107 2225 2161 ἀλλά
2254 2108 2361 2160 ἀπὸ
2393 2105 2487 2159 τοῦ
2538 2104 3019 2158 πεντεκαιδεκάτου
3052 2104 3201 2168 ἔτους
3245 2105 3500 2175 Τιϐερίου
3536 2106 3671 2158 Καί-

2094 2216 2257 2269 σαρος
2311 2198 2437 2267 ἄχρι
2495 2196 2600 2249 τῶν
2646 2196 2822 2249 αὐτῶν
2849 2196 2868 2225 ⁸
2899 2196 3124 2265 χρόνων.
3169 2195 3377 2265 Πρόϐος
3422 2196 3480 2247 δέ
3526 2192 3593 2265 ἦν
3641 2197 3672 2248 6

2092 2294 2211 2344 κατ’
2258 2292 2432 2343 ἐκεῖνο
2470 2288 2664 2358 καιροῦ
2698 2288 2966 2357 βασιλεὺς,
3010 2288 3103 2341 καὶ
3134 2285 3467 2357 Αὑρηλιανδς
3504 2290 3533 2339 6
3565 2286 3673 2357 πρὸ

2092 2382 2273 2445 αὑτοῦ,
2292 2382 2379 2434 ὅτε
2400 2373 2550 2442 οὗτος
2567 2381 2594 2431 6
2610 2380 2797 2450 Μάνης
2818 2380 3083 2450 ἐνεδήμει.
3105 2378 3212 2431 Καὶ
3244 2381 3300 2430 ἐν
3316 2377 3491 2446 τούτῳ
3511 2377 3673 2429 πάλιν

2093 2473 2370 2540 ἐλέγχεται
2409 2472 2583 2541 πάντη
2616 2470 2709 2523 τοῦ
2747 2469 3075 2538 Εὑαγγελίου
3131 2468 3399 2537 λέγοντος,
3432 2471 3529 2521 καὶ
3564 2468 3674 2520 τῶν

2091 2563 2459 2619 ἀποστολικῶν
2494 2564 2753 2633 ῥημάτιον
2799 2564 2927 2631 περὶ
2978 2563 3083 2615 τῶν
3136 2563 3234 2632 ήδη
3269 2563 3533 2633 πρότερον
3586 2578 3674 2613 σε-

2094 2655 2404 2724 σωσμένων.
2458 2652 2729 2715 Ὡσαύτως
2756 2654 2783 2705 6
2806 2652 3010 2723 Κύριος
3055 2651 3231 2718 λέγει·
3258 2650 3674 2719 Ζητηθήσεται

2090 2746 2207 2801 ἀπὸ
2240 2744 2347 2811 τῆς
2407 2742 2615 2813 γενεᾶς
2658 2745 2878 2809 ταύτης
2908 2742 3030 2795 πᾶν
3054 2736 3196 2810 αἷμα
3226 2742 3462 2795 δικαίου
3492 2742 3674 2809 ἐκχυ-

2090 2842 2345 2907 νόμενον
2380 2837 2477 2891 ἐπὶ
2517 2836 2626 2904 τῆς
2659 2835 2790 2905 γῆς,
2821 2835 2939 2888 ἀπὸ
2978 2836 3224 2905 αἵματος
3257 2836 3426 2888 Ἅϐελ
3455 2834 3563 2887 τοῦ
3591 2834 3680 2885 δι-

2091 2930 2285 2995 καίου,
2309 2928 2520 2997 μέχρις
2549 2928 2793 2995 αἵματος
2818 2928 3113 2994 Ζαχαρίου
3142 2926 3247 2980 τοῦ
3266 2925 3680 2994 ἐκκεχυμένον

2091 3022 2397 3092 ἀναμέσον
2428 3020 2534 3073 τοῦ
2564 3020 2712 3074 ναοῦ
2751 3019 2848 3072 καὶ
2871 3018 2976 3072 τοῦ
3015 3018 3473 3084 θυσιαστηρίου.
3504 3016 3678 3068 Πόθεν

421 3115 530 3169 nisi
576 3114 694 3181 jam
731 3123 841 3165 tum
880 3112 1029 3165 salus
1076 3108 1382 3176 comparari
1417 3107 1721 3176 potuisset,
1762 3118 1992 3171 eamque

2101 3112 2192 3171 οὖν
2214 3116 2420 3177 δίκαιος
2444 3112 2629 3179 Ἀϐελ,
2657 3112 2820 3166 πόθεν
2857 3111 3151 3181 Ζαχαρίας,
3185 3112 3231 3161 εἰ
3260 3109 3333 3180 μὴ
3366 3111 3449 3162 ὅτι
3475 3104 3546 3178 ἧν
3576 3108 3677 3178 ἠδη

422 3204 560 3275 Iegis
587 3216 652 3256 ac
674 3201 1059 3270 prophetarum
1084 3196 1350 3253 beneﬁcio
1373 3194 1673 3250 tribueret?
1698 3192 1993 3262 Propterea

423 3299 688 3363 scriptum
735 3300 817 3347 est
860 3310 872 3344 :
915 3289 1165 3359 Regnavit
1214 3304 1355 3341 mors
1399 3286 1462 3339 ab
1498 3286 1671 3339 Adam
1722 3298 1884 3353 usque
1926 3282 1993 3335 ad

423 3387 660 3456 Magum
675 3386 717 3449 ‘,
750 3393 807 3437 ut
832 3382 1102 3451 intelligas
1126 3394 1432 3453 repressam
1466 3378 1519 3430 in
1548 3376 1732 3445 Moyse
1763 3383 1993 3429 mortem

421 3494 569 3541 esse,
606 3492 715 3531 non
754 3475 978 3531 omnino
1011 3473 1351 3531 restinctam.
1396 3467 1759 3537 Exspectabat
1795 3466 1998 3535 quippe

421 3577 922 3629 wnsummatorem
952 3567 1194 3621 omnium
1218 3562 1611 3627 Jesum,donec
1636 3576 1735 3631 pro
1762 3561 1999 3614 humano

423 3677 545 3718 sese
577 3675 777 3731 genere
823 3669 1017 3728 sponte
1063 3657 1334 3716 traderet,
1368 3662 1533 3723 atque
1576 3660 1629 3706 et
1675 3649 2000 3705 immortalis

424 3753 607 3809 obiret
653 3760 885 3806 mortem
914 3790 929 3815 ,
980 3758 1036 3804 et
1085 3749 1176 3817 qui
1225 3744 1610 3814 comprehendi
1663 3760 1770 3797 non
1828 3750 2001 3812 potest

425 3843 818 3913 comprehendi
841 3857 900 3898 se
935 3841 1295 3911 permitteret,
1327 3846 1380 3893 et
1408 3836 1518 3891 vita
1550 3843 1806 3905 suscepta
1839 3848 2002 3887 carne

427 3944 743 4007 pateretur,
772 3949 836 3988 ae
865 3933 1102 4001 denique
1139 3946 1234 4000 per
1268 3939 1499 3983 mortem
1535 3943 1683 3993 eum,
1716 3928 1809 3996 qui
1840 3923 2002 3978 morti

428 4025 842 4091 dominabatur,
895 4022 1221 4093 infringeret
1265 4020 1478 4091 peccati
1518 4033 1646 4072 eum
1683 4024 1856 4071 morte
1904 4014 2004 4067 sti-

430 4118 661 4172 mulum.
704 4114 825 4182 Quo
853 4123 1096 4183 tempore
1131 4112 1263 4166 illud
1292 4112 1577 4180 impletum
1611 4117 1692 4164 est
1724 4124 1736 4159 :
1775 4106 1874 4159 Ubi
1902 4115 2001 4169 est,

432 4224 593 4274 mors,
622 4206 872 4260 stimulus
900 4215 1021 4258 tuus
1044 4205 1068 4258 Ζ)
1089 4203 1177 4256 ubi
1202 4212 1297 4269 est,
1325 4204 1548 4271 inferne,
1581 4199 1801 4254 victoria
1824 4208 1915 4250 tua
1947 4198 2005 4251 3?

429 4299 545 4353 Illic
579 4298 727 4353 enim
757 4313 904 4351 mors
937 4304 1021 4351 est
1065 4310 1257 4350 eversa
1302 4294 1695 4363 proﬂigataque
1762 4289 2001 4360 penitus,

430 4403 554 4459 quas
598 4402 722 4441 eum
766 4402 991 4455 regnum
1041 4385 1109 4439 ad
1140 4392 1387 4453 tempora
1434 4383 1597 4437 Mosis
1645 4381 2002 4440 obtinuisset,

2099 3210 2361 3281 σωτηρία,
2408 3206 2501 3261 καὶ
2525 3207 2606 3258 ὅτι
2639 3205 2839 3258 ἔσωσεν
2874 3204 2974 3273 ήδη
3006 3202 3091 3254 διὰ
3122 3202 3284 3271 νόμου
3318 3201 3412 3253 καὶ
3457 3216 3680 3269 προφη-

2094 3301 2201 3354 τῶν
2223 3316 2236 3364 ;
2270 3298 2404 3369 Φησί
2421 3315 2433 3328 ·
2467 3297 2891 3350 Ἐϐασίλευσεν
2907 3297 2938 3347 ό
2959 3293 3211 3357 θάνατος
3229 3290 3347 3346 ἀπὸ
3381 3291 3567 3359 Ἀδὰμ
3585 3288 3681 3359 μέ-

2096 3408 2193 3459 χρι
2239 3386 2563 3453 Μωῢσέως·
2601 3388 2745 3448 ὅπως
2776 3384 2937 3453 γνῷς,
2960 3384 3041 3436 ὅτι
3091 3385 3148 3436 ἐν
3177 3384 3399 3435 Μωῦσεί
3432 3383 3681 3451 ἀνεκόπη

2097 3484 2125 3533 6
2158 3481 2403 3541 θάνατος,
2427 3479 2487 3533 οὑ
2528 3477 2870 3532 παντάπασιν
2909 3474 3245 3543 ἀφανισθείς.
3293 3472 3683 3541 Ἀπεξεδέχετο

2098 3575 2205 3643 γὰρ
2232 3573 2321 3626 τὸν
2346 3571 2632 3640 τελειωτὴν
2658 3570 2873 3623 πάντων
2918 3566 3143 3638 Ἰησοῦν,
3186 3567 3270 3618 ἵνα
3294 3563 3471 3636 [ὅταν]
3515 3563 3682 3615 αὑτὸν

2101 3664 2363 3733 παραδῴη
2384 3664 2522 3733 ὑπὲρ
2550 3662 2648 3731 τῆς
2673 3659 3109 3730 άνθρωπότητος,
3135 3660 3162 3709 6
3188 3657 3455 3715 ἀθάνατος
3478 3652 3680 3715 θανὼν,

2099 3760 2127 3809 6
2156 3754 2464 3825 ἁκράτητος
2486 3752 2755 3823 κρατητὸς
2782 3751 3091 3819 γενόμενος,
3121 3750 3153 3817 ή
3188 3748 3297 3817 ζωὴ
3329 3750 3387 3799 ἐν
3422 3747 3593 3816 σαρκὶ
3623 3745 3684 3797 τὸ

2101 3846 2291 3899 παθεῖν
2318 3845 2621 3913 ὑπομένων,
2659 3843 2750 3896 καὶ
2780 3841 2953 3908 κλάσῃ
2983 3840 3068 3893 διὰ
3101 3839 3194 3891 τοῦ
3225 3838 3478 3899 θανάτου,
3508 3837 3603 3888 τὸν
3624 3835 3686 3887 τὸ

2103 3936 2301 4005 κράτος
2335 3934 2526 4003 ἔχοντα
2545 3931 2636 3984 τοῦ
2663 3930 2916 3990 θανάτου,
2946 3929 3006 3980 τὸ
3030 3928 3248 3995 κέντρον
3279 3926 3375 3995 τῆς
3407 3924 3685 3994 ἁμαρτίας

2104 4028 2195 4081 καὶ
2223 4027 2314 4079 τὸν
2347 4024 2591 4079 θάνατον.
2627 4023 2755 4076 Ὅτε
2793 4022 2977 4075 λοιπὸν
3014 4019 3342 4090 ἐπληροῦτο’
3385 4018 3510 4071 Ποῦ
3539 4020 3680 4078 σοὺ,

2103 4117 2377 4181 θάνατος,
2395 4116 2461 4168 τὸ
2479 4113 2756 4182 κέντρον;
2775 4113 2889 4166 ποῦ
2905 4128 3039 4176 σου,
3059 4111 3192 4178 ᾷδη,
3218 4109 3282 4163 τὸ
3306 4109 3506 4173 νῑκσςς
3537 4108 3688 4160 Ἐκεῖ

2106 4210 2204 4280 μὲν
2238 4208 2347 4279 γάρ
2377 4209 2435 4261 ἐν
2468 4209 2692 4261 Μωῡσεί
2715 4207 2991 4277 ἀνετράπη
3014 4203 3319 4273 ἐπισχεθεὶς
3366 4203 3393 4253 6
3426 4199 3683 4261 θάνατος,

2106 4300 2427 4371 βασιλεύσας
2472 4299 2599 4370 ἄχρι
2634 4298 2930 4360 Μωὺσέως.
2965 4298 3074 4349 Καὶ
3116 4294 3330 4365 πρῶτον
3359 4293 3459 4361 μὲν
3485 4292 3684 4343 δίκαιοι

2101 4390 2241 4464 ἦσαν
2257 4395 2303 4446 oi
2333 4410 2398 4445 πε
2408 4393 2459 4464 pl.
2479 4390 2642 4444 Ἅϐελ
2662 4392 2757 4444 καὶ
2771 4388 2955 4458 Ἑνὼχ,
2977 4391 3005 4441 6
3028 4386 3338 4458 μετατεθεὶς
3352 4384 3445 4437 τοῦ
3463 4384 3538 4453 μὴ
3557 4384 3684 4435 ἰδεῖν

432 4477 537 4534 sub
571 4477 666 4530 illo
695 4475 933 4530 cohibita
967 4475 1165 4528 Iuerat.
1200 4472 1473 4542 Imprimis
1500 4486 1633 4540 ergo
1664 4469 1849 4537 justus
1868 4468 1997 4521 Abel

2109 4483 2355 4547 θάνατον,
2394 4483 2487 4535 καὶ
2514 4482 2611 4551 οὑχ
2641 4482 2942 4551 εὑρίσκετο.
2974 4478 3131 4530 Ἀλλὰ
3160 4476 3312 4529 οὔπω
3330 4474 3684 4543 όέγγραπτος

431 4568 686 4632 exstitit,
716 4574 770 4621 et
811 4566 996 4619 Enoch
1024 4607 1039 4631 ,
1079 4565 1172 4634 qui
1206 4566 1506 4618 translatus
1552 4568 1637 4615 est
1689 4576 1756 4614 ne
1799 4558 2008 4611 videret

433 4668 704 4721 mortem,
754 4674 855 4712 nec
902 4659 1156 4712 inventus
1190 4666 1273 4711 est
1294 4657 1333 4708 ⁵.
1376 4654 1615 4708 Necdum
1665 4651 1871 4720 scripta
1922 4650 2007 4701 lex

434 4751 781 4824 promulgata
826 4748 1034 4813 fuerat,
1077 4748 1171 4803 sed
1202 4746 1471 4801 naturalis
1503 4745 1886 4798 tantummodo
1928 4741 2005 4794 vi-

433 4843 617 4915 gebat,
661 4855 787 4910 quas
810 4841 1079 4909 cujusque
1118 4837 1299 4892 animo
1335 4838 1500 4890 inﬁxa
1566 4851 1630 4889 ac
1658 4850 1753 4903 per
1792 4833 2010 4902 generis

433 4933 848 4991 successionem
878 4945 907 4983 a
944 4930 1259 4999 parentibus
1286 4928 1341 4981 in
1377 4928 1515 4981 lilios
1546 4933 1843 4994 propagata
1885 4926 2007 4978 fue-

433 5035 539 5081 rat.
575 5023 942 5092 Posteaquam
972 5036 1101 5077 vero
1131 5021 1303 5090 palam
1337 5019 1618 5089 proposita
1648 5016 1733 5071 lex
1770 5022 1873 5079 est,
1906 5014 2009 5068 fuit

433 5121 523 5174 bic
548 5116 699 5173 velut
728 5116 950 5185 quidam
976 5112 1210 5185 gladius,
1236 5127 1343 5181 quo
1368 5110 1574 5179 peccati
1604 5109 1686 5162 vis
1706 5115 1790 5163 est
1819 5122 1879 5161 ae
1912 5121 2008 5175 po-

432 5210 607 5265 tentia
634 5207 803 5279 699
825 5207 1021 5262 divisa.
1039 5204 1164 5270 Sed,
1185 5204 1477 5259 accedente
1492 5202 1791 5268 Salvatore,
1819 5205 2010 5259 stimu-

436 5300 521 5354 lus
567 5301 759 5353 mortis
788 5298 1106 5351 confractus
1132 5305 1235 5351 est.
1271 5298 1447 5367 Atque
1481 5297 1574 5350 illo
1603 5296 1839 5365 denique
1868 5307 2005 5351 tem-

435 5406 570 5462 pore
604 5406 753 5446 mors
785 5392 838 5444 in
865 5391 1148 5445 victoriam
1176 5392 1369 5445 iterum
1393 5389 2002 5445 absorbebiturtVides

438 5480 899 5549 quemadmodum
946 5481 1083 5535 Deus
1138 5482 1385 5534 homines
1434 5480 1501 5533 ad
1544 5479 1773 5533 salutem
1826 5480 1995 5533 variis

440 5572 619 5633 modis
652 5571 987 5641 perduxerit.
1008 5572 1076 5624 At
1102 5571 1337 5641 perfecta
1370 5573 1519 5628 salus
1555 5578 1606 5631 in
1630 5572 1842 5649 Christo
1860 5573 1990 5628 Iesu

514 5690 529 5717 '
563 5686 752 5739 Matth.
792 5700 945 5749 χχιιι,
974 5687 1062 5739 '56.
1140 5690 1159 5717 ²
1207 5688 1359 5741 Rom.
1396 5706 1444 5752 ν,
1494 5689 1572 5742 II.
1652 5688 1856 5741 ’lCnr.
1899 5687 2106 5753 ιιν,55;

447 5758 469 5789 ⁸
490 5758 618 5813 Cor.
654 5755 840 5811 αὑτοῦ.

2110 4572 2294 4640 νόμος,
2321 4569 2457 4621 ἀλλὰ
2489 4569 2673 4622 ὁκατὰ
2694 4568 2852 4635 φύσιν
2881 4569 2944 4619 ἐκ
2969 4566 3206 4627 διανοίας
3232 4564 3323 4616 καὶ
3351 4564 3413 4615 ἐκ
3441 4561 3686 4631 παραδό⁴

2115 4678 2250 4724 σεως
2278 4660 2420 4714 κατά
2469 4659 2716 4729 διαδοχὴν
2750 4656 2999 4727 πατέρων
3042 4656 3177 4726 πρὸς
3204 4655 3327 4716 τοὺς
3351 4653 3519 4715 υἱούς.
3555 4654 3689 4705 Ὅτε

2111 4754 2166 4809 δὲ
2188 4754 2472 4827 τηλαυγῶς
2494 4750 2710 4819 ἐξετέθη
2740 4751 2768 4801 6
2793 4749 2974 4817 νόμος,
3000 4747 3236 4815 ἐγένετο,
3257 4745 3331 4807 ὼς
3362 4746 3558 4803 εἰπεῖν,
3589 4745 3692 4813 μά-

2113 4863 2278 4917 χαιρα
2308 4844 2597 4913 διχάζουσα
2627 4841 2725 4909 τὴν
2764 4838 2991 4908 δύναμιν
3014 4837 3114 4905 τῆς
3144 4834 3435 4905 ἁμαρτίας.
3467 4834 3601 4884 Ὅτε
3637 4832 3695 4886 δὲ

2112 4940 2140 4989 6
2168 4935 2356 5005 Σωτὴρ
2399 4930 2747 5003 παρεγένετο,
2790 4927 3076 4999 συνετρίϐη
3104 4926 3165 4978 τὸ
3208 4926 3430 4994 κέντρον
3462 4922 3559 4974 τοῦ
3592 4923 3690 4975 0a-

2113 5027 2291 5079 νάτου.
2328 5025 2436 5076 Καὶ
2466 5023 2628 5077 πάλιν
2645 5020 3085 5090 καταποθήσεται
3113 5020 3140 5069 6
3170 5017 3399 5077 θάνατος
3431 5016 3511 5076 εἰς
3540 5016 3692 5074 νῖκος

2112 5118 2250 5170 τότε.
2293 5117 2403 5170 Καὶ
2443 5117 2543 5187 ὅρα
2590 5114 2706 5177 πῶς
2735 5112 2938 5176 ἔσωζεν
2975 5112 3003 5161 6
3036 5109 3167 5169 Θεὸς
3192 5106 3280 5159 διὰ
3320 5104 3533 5159 πολλῶν
3563 5104 3693 5173 τρό-

2113 5226 2250 5261 πων.
2284 5207 2357 5261 T6
2398 5208 2455 5261 δέ
2477 5207 2677 5260 τέλειον
2714 5205 2813 5273 τῆς
2849 5200 3119 5270 σωτηρίας
3153 5200 3209 5250 ἐν
3249 5196 3470 5269 Χριστῷ
3512 5192 3691 5263 Ἰησοῦ

2114 5301 2193 5372 τῷ
2229 5302 2417 5371 Κυρίῳ
2471 5299 2626 5371 ἡμῶν
2669 5296 2978 5368 γεγένηται,
3015 5294 3107 5347 καὶ
3142 5294 3451 5361 γενήσεται,
3485 5290 3562 5351 ὡς
3596 5287 3693 5340 καὶ

2115 5393 2176 5445 τὸ
2197 5391 2523 5458 Εὑαγγέλιον
2549 5391 2764 5460 φάσκει,
2796 5389 2877 5441 ὅτι
2914 5388 3013 5441 Ἐκ
3042 5384 3146 5437 τοῦ
3168 5380 3560 5448 πληρώματος
3586 5380 3693 5431 αὺ-

2116 5484 2221 5536 τοῦ
2259 5482 2428 5550 ἡμεῖς
2465 5482 2682 5546 πάντες
2722 5481 3031 5549 ἐλάϐομεν.
3082 5478 3192 5530 Καὶ
3231 5477 3401 5535 ποῖον,
3442 5474 3597 5540 φησι.
3632 5469 3695 5524 τέ)

2117 5574 2425 5645 πλήρωμας
2472 5574 2587 5627 ἀλλ’
2621 5576 2654 5627 ό
2691 5575 2873 5642 νόμος
2925 5571 3019 5624 διὰ
3068 5565 3362 5628 Μωῦσέως
3409 5562 3624 5628 ἐδόθη’
3653 5563 3692 5623 ἡ

2163 5690 2283 5743 Osc.
2332 5708 2447 5751 χιιι,
2483 5691 2563 5743 Μ.
2645 5688 2823 5743 ‘ch.
2891 5705 2937 5739 v.
2978 5685 3064 5739 ει.
3144 5685 3163 5714 ⁸
3206 5683 3223 5734 Ι
3282 5680 3412 5733 Cor.
3452 5693 3543 5740 xv,
3587 5676 3677 5731 55.
