3850 6204
147 329 242 384 155
763 325 1130 384 ADVERSUS
1166 329 1508 386 HERESES
1547 331 1674 386 LIB.
1716 333 1720 386 ζ

1828 330 1962 386 τοιι.
2003 330 2140 386 ιι.-
2183 333 2455 390 umens.
2491 324 2682 392 LXVI.‘
3275 343 3378 397 tat

143 439 306 506 χάρις
327 438 424 491 καὶ
459 438 498 506 ἡ
523 437 772 504 ἀλήθεια
793 439 889 495 διὰ
930 442 1124 507 Ἰησοῦ
1144 442 1398 512 ἐγένετο.
1444 444 1588 498 Ἐκεῖ
1613 444 1711 515 μὲν

1828 443 2046 501 Domino
2095 453 2287 501 nostro
2345 448 2612 517 contigit,
2677 451 3066 520 contingetque
3117 463 3376 523 perpetuo

141 529 308 600 ἐδόθη,
343 523 446 583 ὦδε
501 531 734 598 ἐγένετο.
787 531 848 584 Ei
903 534 965 585 ἐκ
1007 533 1372 604 πληρώματος
1403 537 1432 588 6
1456 535 1638 606 νόμος,
1671 539 1702 610 ἡ

1828 537 2040 605 perinde
2067 545 2232 606 atque
2249 539 2300 593 in
2324 537 2618 609 Evangelio
2643 541 2904 610 scriptum
2938 549 3049 596 est:
3069 543 3144 596 De
3157 543 3380 612 plenitu-

141 621 294 691 χάρις
343 622 438 674 καὶ
469 623 504 691 ἡ
539 621 764 692 ἀλήθεια
805 623 900 674 τοῦ
937 623 1131 692 Ἰησοῦ,
1169 624 1380 677 Παλαιὰ
1417 625 1510 677 καὶ
1533 625 1707 694 Καινὴ

1828 627 1934 681 fine
1962 627 2074 696 ejus
2115 646 2208 682 nos
2237 647 2414 706 omnes
2447 633 2796 700 accepimus'.
2842 633 3101 700 Quaenam
3141 652 3268 690 vero
3301 647 3385 692 cst

139 707 372 780 Διαθήκη
399 711 454 761 ἐν
479 709 556 778 τῷ
584 710 730 780 νόμῳ
765 711 856 763 καὶ
883 713 1064 782 χάριτι
1104 713 1198 766 καὶ
1222 713 1471 784 ἀληθείᾳ.

1833 717 1901 772 lla
1923 719 2230 788 plenitudo?
2245 719 2373 786 Lex,
2395 723 2590 791 inquit,
2608 738 2698 792 per
2711 723 2945 794 Moysen:
2967 727 3092 780 data
3105 729 3386 798 est,gratia

139 807 182 850 et
215 799 409 855 ueritas
429 817 520 869 per
545 799 726 854 Iesum
749 801 894 870 facta
917 805 1052 857 est’.
1115 805 1232 859 lllic
1255 821 1420 876 porro
1445 806 1570 861 data
1601 815 1706 872 est,
1737 807 1827 862 hic
1856 810 2022 864 facta.
2053 812 2207 876 Quod
2231 814 2281 868 si
2320 815 2492 868 exilia
2523 816 2856 886 plenitudine
2890 818 3130 873 derivata
3161 820 3244 873 lex
3279 827 3384 876 est.

139 891 304 960 gratia
330 897 385 945 et
417 893 617 946 veritas
653 891 780 948 Jesu
804 895 1083 960 tribuitur,
1113 896 1398 952 tamVetus
1429 912 1592 967 quam
1619 897 1828 954 Novum
1853 899 2260 957 Testamentum
2288 905 2399 974 lege
2428 914 2480 959 et
2504 909 2675 977 gratia
2699 923 2762 961 ac
2810 908 3038 963 veritate
3053 911 3386 965 continetur.

203 985 326 1040 08'.
358 985 552 1058 Ἐτέρᾳ
575 987 633 1039 δὲ
661 987 820 1042 πάλιν
833 988 972 1054 λέξει
1004 991 1265 1061 κέχρηται
1285 994 1313 1045 6
1341 992 1501 1055 αὐτὸς
1521 992 1713 1064 Μάνης

143 1073 381 1141 φάσκων,
412 1075 491 1128 ὅτι
532 1077 582 1127 Ὀ
605 1077 860 1144 Χριστὸς
891 1077 1261 1150 ἐξηγόρασεν
1285 1079 1441 1148 ’ἡμᾶς
1461 1081 1578 1135 ἀπὸ
1602 1080 1713 1148 τῆς

139 1163 398 1232 κατάρας
419 1167 524 1220 τοῦ
541 1169 750 1238 νόμου,
771 1170 1086 1238 γενόμενος
1107 1170 1258 1238 ὑπὲρ
1273 1169 1442 1240 ἡμῶν
1463 1170 1707 1239 κατάρα.

141 1259 356 1326 Λεγέτω
383 1259 564 1312 τοίνυν
589 1259 759 1324 ποίοις
795 1261 1076 1333 ἀργυρίοις
1107 1265 1140 1332 ἠ
1178 1263 1448 1333 άγορασία
1479 1263 1710 1333 γεγένη-

141 1369 221 1402 ται
241 1367 255 1379 ⁸
293 1353 448 1404 ποῖον
481 1351 544 1404 τὸ
579 1353 795 1423 τίμημα
836 1353 864 1406 ὃ
897 1354 1123 1416 δέδοται,
1157 1354 1242 1406 ἵνα
1272 1355 1420 1424 ἡμᾶς
1440 1353 1707 1424 ἀγοράσῃ.

139 1439 210 1494 Οὐ
239 1441 353 1511 γάρ
379 1436 554 1504 εἶπεν,
585 1441 614 1494 ό
644 1442 935 1513 ἠγόρασεν,
969 1443 1084 1496 ἀλλ’
1117 1444 1510 1514 ἐξηγόρασεν.
1555 1443 1715 1496 ’Δλλά

141 1533 230 1600 τήν
257 1533 357 1600 μὲν
391 1532 692 1603 ἀγορασίαν
735 1534 1039 1600 ἐπίσταται,
1066 1535 1126 1588 τὸ
1157 1535 1213 1588 δὲ
1254 1535 1470 1606 τίμημα
1509 1537 1710 1603 ἀγνοεῖ.

151 1622 208 1674 Ἦ
241 1621 304 1672 δὲ
344 1622 575 1693 ἀλήθεια
601 1625 670 1678 τὰ
721 1625 1004 1695 ἀμφότερα
1048 1625 1318 1696 ὁμολογεῖ.
1385 1626 1715 1698 Ἐξηγόρασε

1889 995 2126 1052 LXXIX.
2179 997 2319 1064 Quin
2377 1009 2431 1054 et
2477 1001 2608 1056 illud
2659 1001 2987 1057 Manichmus
3023 1019 3055 1058 e
3089 1003 3390 1074 Scripturis

1818 1088 2050 1143 arcessit
2073 1105 2086 1139 ε
2121 1089 2362 1144 Christus
2387 1093 2604 1145 redemit
2629 1110 2721 1147 nos
2750 1110 2782 1146 a
2806 1095 3084 1147 maledicto
3111 1094 3256 1164 legis,
3289 1093 3378 1162 [a-

1817 1185 1930 1230 ctus
1979 1193 2074 1246 pro
2119 1181 2264 1234 nobis
2313 1181 2648 1235 maledictum
2672 1183 2715 1237 ³.
2771 1181 2926 1238 Dicat
2961 1184 3136 1254 igitur
3173 1185 3376 1254 quibus

1815 1268 2055 1322 nummis
2087 1269 2227 1323 facta
2264 1269 2354 1322 illa
2393 1271 2466 1324 sit
2501 1272 2737 1340 emptio,
2771 1270 2984 1341 quodve
3019 1273 3250 1342 pretium
3287 1287 3386 1341 pro

1817 1359 1977 1413 nobis
2007 1375 2298 1428 repensum
2328 1361 2509 1416 fuerit.
2536 1360 2652 1414 Non
2684 1362 2828 1416 enim
2875 1361 3048 1424 dixit,
3083 1361 3237 1424 emit,
3268 1362 3383 1426 scd,

1817 1449 2055 1503 redemit.
2091 1449 2291 1506 Verum
2323 1467 2444 1505 eum
2494 1453 2826 1521 emplionem
2863 1452 3108 1516 noverit,
3151 1452 3387 1522 pretium

1821 1549 2002 1594 tamen
2045 1543 2282 1612 ignorat.
2319 1541 2623 1612 Utrumque
2665 1559 2829 1612 porro
2859 1543 3062 1597 veritas
3097 1543 3215 1612 ipsa
3250 1558 3386 1597 con-

1823 1632 2025 1687 ﬁtetur.
2055 1632 2218 1687 Plane
2250 1634 2450 1703 quippe
2479 1649 2581 1687 nos
2613 1633 2866 1697 redemit,
2899 1647 2963 1686 ac
2992 1648 3086 1702 pro
3119 1633 3277 1687 nobis
3307 1631 3388 1686 fa-

141 1711 244 1783 γάρ
265 1714 439 1783 ἡμᾶς,
479 1716 573 1766 καὶ
607 1715 879 1786 ἠγόρασεν
925 1715 1140 1786 άληθῶς
1177 1717 1286 1770 ἀπὸ
1333 1718 1580 1788 κατάρας
1622 1715 1716 1768 τοῦ

1828 1733 1941 1780 ctus
1975 1725 2344 1788 maledictum,
2377 1741 2406 1777 a
2439 1725 2572 1794 legis
2603 1740 2704 1778 nos
2753 1725 3041 1777 maledicto
3069 1725 3242 1792 pretio
3266 1724 3386 1776 vin-

143 1803 328 1872 νόμου,
363 1805 652 1873 γενόμενος
681 1807 818 1877 ὑπὲρ
854 1807 1010 1876 ἡμῶν
1037 1809 1269 1877 κατάρα.
1295 1809 1405 1860 Καὶ
1446 1808 1562 1869 πῶς
1586 1807 1713 1877 ἠγό-

145 1913 308 1966 ρασεν
331 1897 680 1968 ἠμάς,εὐθὺς
697 1899 948 1969 ἐπιφέρει
971 1903 998 1952 6
1026 1900 1342 1963 διδάσκαλος
1368 1902 1467 1969 τῆς
1493 1901 1721 1969 Ἐκκλη-

145 1987 284 2050 σίας,
319 1988 566 2055 φάσκων,
605 1989 685 2041 ὅτι
719 1988 862 2057 Τιμῇ
897 1989 1286 2059 ἠγοράσθητε,
1321 1993 1490 2060 τιμίῳ
1520 1993 1720 2060 αἵματι

151 2077 374 2145 Ἀμνοῦ
409 2079 669 2148 ἀμώμου,
704 2081 798 2133 καὶ
824 2082 1090 2135 ἀσπίλου
1131 2084 1411 2150 Χριστοῦ.
1447 2083 1509 2135 Ei
1545 2084 1720 2136 τοίνυν

143 2167 214 2229 τῷ
243 2167 444 2238 αἵματι
469 2169 828 2240 ἠγοράσθητε,
859 2171 956 2240 οὐχ
979 2171 1242 2243 ὑπάρχεις
1273 2173 1380 2224 τῶν
1407 2174 1720 2244 ἠγορασμέ-

145 2279 264 2325 νων,
327 2255 376 2314 ὦ
422 2261 602 2332 Μάνη,
655 2263 840 2332 ἐπειδή
889 2261 950 2316 τὸ
993 2259 1132 2334 αἷμα
1162 2266 1416 2335 ἀρνῆσαι.
1457 2266 1627 2318 Πόθεν
1664 2265 1720 2318 δὲ

144 2354 288 2424 ἡμᾶς
337 2353 606 2424 ἠγόρασε;
657 2354 802 2422 λέγε.
867 2355 1208 2426 Ἀλλοτρίους
1256 2357 1416 2420 ὄντας
1443 2358 1718 2428 ὠνήσατος

143 2439 282 2517 Ἀρα
307 2445 588 2514 ἠπόρησεν
617 2447 645 2498 6
670 2445 932 2516 πρότερον
972 2447 1126 2517 ἡμῶν
1151 2447 1440 2516 δεσπότης,
1473 2449 1566 2500 καὶ
1606 2451 1724 2500 ἑπι-

144 2535 395 2605 δεόμενος
419 2534 512 2588 τοῦ
542 2535 698 2606 ἡμῶν
733 2537 1061 2606 τιμήματος,
1101 2537 1276 2590 λαϐὼν
1307 2538 1537 2592 ἀπέδοτο
1577 2540 1723 2608 ἡμᾶς

143 2626 402 2698 Χριστῷς
449 2627 560 2680 Καὶ
612 2629 660 2679 εἰ
692 2627 1037 2698 ἀπεδόθημεν
1075 2627 1320 2699 Χριστῷ,
1349 2630 1528 2682 οὐκέτι
1558 2629 1723 2699 ἐσμὲν

143 2719 230 2772 τοῦ
293 2718 584 2790 προτέρου.
634 2720 700 2772 Et
757 2719 934 2772 τοίνυν
981 2721 1009 2770 ό
1051 2720 1314 2791 πρότερος
1341 2721 1524 2774 οὐκέτι
1577 2723 1725 2791 ἡμᾶς

145 2809 430 2879 κέκτηται,
467 2809 576 2880 ἄρα
599 2809 700 2880 τῆς
719 2810 882 2862 αὐτοῦ
906 2811 1218 2882 περιουσίας
1253 2809 1356 2874 ἔξω
1379 2811 1612 2879 ἐγένετο,
1631 2811 1725 2864 καὶ

147 2902 202 2952 ὲν
251 2903 372 2962 τοῖς
441 2900 586 2963 ίδίοις
637 2901 822 2964 τόποις
855 2903 954 2954 οὑκ
997 2902 1110 2972 ἔχει
1150 2902 1418 2968 ἐξουσίαν.
1459 2902 1583 2965 Πῶς
1633 2897 1726 2955 οὖν

149 2995 450 3061 ἐνεργεῖται
479 2993 538 3046 ὲν
567 2995 680 3054 τοῖς
708 2993 848 3054 υἱοῖς
891 2994 990 3062 τῆς
1023 2993 1324 3058 ἀπειθείας,
1363 2994 1506 3046 κατὰ
1536 2995 1596 3047 τὸ
1626 3010 1723 3061 γε-

147 3086 496 3155 γραμμὲνονς
541 3084 680 3136 Ἀλλ’
706 3084 828 3136 οὔτε
852 3083 968 3148 πῶς
987 3086 1276 3156 ἠγόρασεν,
1294 3085 1417 3138 οὔτε
1454 3085 1570 3148 πῶς
1595 3087 1723 3154 ἠγο-

151 3175 460 3247 ράσθημεν,
489 3174 615 3228 οὔτε
637 3176 756 3238 πῶς
787 3177 1000 3247 κατάρα
1030 3177 1170 3248 ὑπὲρ
1199 3177 1354 3246 ἡμῶν
1381 3177 1588 3245 γέγονε,
1619 3180 1729 3232 νοεῖ

145 3269 174 3321 6
191 3270 336 3321 κατὰ
361 3269 538 3321 πάντα
569 3269 1006 3337 μανε¹ις,ὰνοίξας
1029 3269 1192 3322 αὑτοῦ
1217 3269 1278 3322 τὸ
1295 3270 1489 3339 στόμα,
1527 3271 1614 3323 καὶ
1653 3269 1728 3340 μὴ

143 3357 440 3426 δυνάμενος
493 3359 621 3428 περὶ
653 3351 728 3410 ὧν
761 3357 906 3426 λέγει
953 3358 1413 3413 διαϐεϐαιοῦσθαι.
1456 3360 1586 3412 Ἰδοὺ
1619 3359 1728 3430 γάρ

144 3449 340 3512 αὐτοὺς
369 3448 584 3518 ὁρῶμεν
607 3447 863 3516 λέγοντας
893 3450 950 3501 ὲν
985 3451 1052 3519 τῇ
1083 3449 1474 3520 παλιγγενεσία
1505 3451 1604 3519 τῆς
1633 3451 1730 3504 αὑ-

143 3541 234 3594 τοῦ
266 3542 594 3612 παρουσίας,
631 3541 728 3594 καὶ
749 3541 1048 3610 κράζοντας
1074 3558 1086 3570 ·
1128 3542 1230 3594 Ἐν
1253 3540 1334 3605 τῷ
1363 3541 1454 3606 σῷ
1487 3543 1730 3609 ὀνόματι

145 3631 468 3701 ἐφάγομεν,
527 3633 624 3686 καὶ
662 3633 731 3684 ἐν
767 3631 847 3696 τῷ
881 3630 970 3696 σῷ
1022 3633 1264 3701 ὀνόματι
1315 3633 1588 3700 δαιμόνια
1629 3631 1728 3695 ἐξ·

143 3723 460 3792 εὸιὶλομεν.
519 3723 632 3776 Καὶ
687 3724 804 3792 ἐρεῖ
858 3723 992 3792 πρὸς
1023 3723 1238 3785 αὐτοὺς,
1281 3721 1591 3777 Ἀπέλθετε
1627 3722 1726 3776 ἀπ’

143 3813 312 3882 ἐμοῦ,
363 3811 794 3880 κατηραμένοι·
821 3813 984 3866 οὔπω
1025 3811 1220 3881 ἔγνων
1258 3812 1434 3882 ὑμᾶς.
1473 3813 1596 3876 Πῶς
1631 3809 1723 3864 οὖν

142 3905 308 3956 αὑτὸν
333 3903 678 3976 ὁμολογοῦσι,
725 3905 819 3956 καὶ
861 3903 1022 3967 αὐτὸς
1061 3905 1258 3966 αὐτοὺς
1297 3905 1639 3974 καταρᾶται,
1663 3905 1728 3956 Τί

141 3994 196 4048 δὲ
227 3990 298 4064 ἦν
343 3998 378 4066 ἠ
426 3993 640 4065 κατάρα
674 3993 766 4047 τοῦ
791 3995 980 4064 νόμου,
1017 3994 1152 4047 ἀλλὰ
1185 3993 1398 4064 κατάρα
1435 3993 1529 4046 τοῦ
1565 3994 1726 4064 νόμου

143 4086 380 4156 σταυρὸς
401 4086 492 4138 διὰ
513 4087 612 4149 τὰς
643 4085 950 4156 άμαρτίας;
992 4085 1118 4137 Ἐάν
1155 4085 1264 4155 γάρ
1299 4102 1380 4147 τις
1409 4084 1724 4154 καταληφθῇ

143 4179 200 4228 ὲν
215 4176 652 4248 παραπτώματι,
685 4176 868 4241 ἔλεγεν
894 4179 922 4229 6
939 4176 1122 4246 νόμος,
1140 4180 1246 4230 Καὶ
1265 4174 1600 4244 κρεμάσητε
1619 4177 1726 4228 αὺ-

140 4268 248 4322 τὸν
277 4271 384 4322 ἐπὶ
415 4270 631 4334 ξύλου,
665 4273 736 4324 οὐ
759 4270 846 4338 μὴ
893 4269 1100 4338 δύνῃιό
1130 4269 1302 4337 ἣλιος
1331 4271 1422 4322 ἐπ’
1446 4267 1604 4336 αὐτῴ
1629 4268 1728 4321 ἐπὶ

143 4358 222 4423 τῷ
241 4361 587 4429 θνησιμαίῳ
607 4359 814 4426 αὑτοῦ,
847 4359 1007 4414 ἀλλὰ
1030 4361 1386 4426 καθελόντες
1425 4361 1728 4414 καθελεῒτέ
1757 4388 1804 4448 D

141 4465 204 4504 τε
229 4451 447 4516 αὑτὸν,
485 4451 585 4504 καὶ
622 4450 922 4519 θάψαντες
968 4449 1187 4518 addere
1239 4451 1428 4504 αὐτὸν
1469 4449 1584 4519 πρὸ
1619 4450 1726 4504 δύ-

141 4558 298 4607 σεως
328 4541 442 4595 τοῦ
471 4543 650 4608 ἡλίου
675 4559 688 4571 ·
728 4542 816 4594 ὅτι
846 4541 1273 4610 ὲπικατὰρατος
1303 4541 1422 4608 πᾶς
1456 4546 1489 4596 ό
1519 4543 1731 4612 κρεμά-

135 4647 324 4699 μενος
351 4630 452 4684 ἐπὶ
477 4629 584 4683 τοῦ
619 4630 832 4694 ξύλου.
877 4631 1027 4684 Ἐπεὶ
1051 4627 1144 4682 οὖν
1173 4630 1263 4682 διὰ
1297 4630 1393 4699 τὴν
1425 4631 1730 4703 σταύρωσιν

141 4720 426 4790 ἡκατάρα
459 4718 878 4790 προσετέτακτο,
909 4717 1078 4771 ἐλθὼν
1109 4719 1164 4770 δὲ
1190 4717 1352 4780 αὐτὸς
1409 4717 1508 4781 τὰς
1549 4719 1731 4788 ἁμαρ-

141 4811 260 4874 τίας
305 4811 477 4882 ἠμῶν
515 4811 812 4880 ἀνήνεγκεν
838 4810 931 4862 ἐπὶ
962 4809 1141 4876 ξύλου,
1175 4810 1312 4879 ὑπὲρ
1341 4810 1496 4879 ἡμῶν
1537 4810 1728 4862 ἑαυτὸν

139 4902 418 4966 δεδωκὼς,
462 4901 526 4954 τὸ
575 4897 710 4972 αἷμα
767 4901 930 4954 αὐτοῦ
972 4902 1117 4972 ἡμᾶς
1165 4901 1437 4974 ἠγόρασε,
1477 4903 1537 4954 τὸ
1569 4901 1728 4972 σῶμα

141 4995 306 5049 αὑτοῦ
350 4995 516 5066 ἡμῶν
541 4993 639 5057 τὰς
679 4993 924 5064 κατάρας
965 4992 1140 5056 ἔλυσε,
1173 4993 1419 5046 τουτέστι
1447 4994 1614 5057 λύσας
1631 4995 1729 5057 τὰς

142 5089 428 5158 ἁμαρτίας
482 5086 572 5140 διὰ
620 5087 718 5158 τῆς
767 5085 862 5138 τοῦ
917 5086 1148 5156 σταυροῦ
1188 5086 1473 5158 μετανοίας
1503 5088 1596 5140 καὶ
1631 5087 1730 5156 τῆς

141 5180 304 5233 αὐτοῦ
371 5180 698 5252 παρουσίας.
765 5177 902 5232 Οὔτε
961 5173 1054 5234 οὗν
1099 5181 1127 5231 6
1187 5179 1349 5250 νόμος
1383 5180 1622 5250 κατάρα,
1653 5180 1726 5249 μὴ

140 5275 356 5335 γένοιτο
387 5271 402 5324 !
447 5269 572 5323 οὗτε
606 5269 668 5322 τὸ
730 5270 1078 5338 ΕὑοιγγέλιονΔ
1101 5269 1264 5324 ἔλαϐε
1303 5271 1402 5340 τὴν
1431 5270 1724 5339 ’κατάραν,

141 5361 266 5416 οὔτε
321 5365 354 5416 6
399 5363 635 5432 Κύριοςο
673 5361 802 5414 ἀλλὰ
845 5361 1052 5436 διάθτῆς
1086 5361 1410 5433 προφάσεως
1443 5360 1536 5414 τοῦ
1565 5357 1727 5414 αὐτοῦ

145 5452 384 5507 θανάτου
415 5453 634 5504 λέλυται
662 5453 691 5506 6
719 5451 948 5516 θάνατος
984 5453 1014 5506 ὁ
1041 5451 1184 5508 κατὰ
1206 5452 1306 5522 τῆς
1335 5452 1626 5522 ἁμαρτίας.

1821 1815 2049 1869 dicavit.
2081 1814 2350 1868 Caeterum
2381 1829 2618 1883 quonam
2669 1813 2830 1867 modo
2865 1813 3243 1877 vindicaverit,
3280 1820 3390 1867 sta-

1821 1904 1920 1956 tim
1969 1902 2250 1959 Ecclesito
2283 1904 2544 1973 magister
2581 1902 2823 1972 subiicit
2853 1921 2864 1957 :
2913 1903 3092 1956 Pretio
3115 1944 3129 1968 ,
3175 1903 3386 1973 inquit,

1819 1995 1977 2064 empti
2006 1995 2131 2048 estis
2151 2035 2164 2058 ,
2207 1994 2437 2064 pretioso
2468 1995 2718 2063 sanguine
2747 1991 2882 2062 Agni
2913 1992 3246 2046 immaculati
3267 2032 3282 2056 ,
3332 2001 3384 2046 et

1821 2087 2221 2140 incontaminati
2249 2083 2447 2137 Christi
2463 2084 2504 2138 δ.
2525 2083 2884 2148 Quamobrem
2905 2083 2949 2136 si
2972 2081 3234 2152 sanguine
3255 2079 3375 2134 red-

1821 2179 1988 2248 empti
2045 2193 2267 2240 sumus,
2301 2189 2642 2245 nequaquam
2675 2175 2816 2228 inter
2855 2173 3188 2243 redemptus,
3213 2169 3391 2224 Mani-

1822 2269 2006 2334 chzne,
2042 2266 2413 2320 numerandus
2444 2281 2503 2320 es
2529 2306 2542 2328 ,
2581 2279 2706 2318 cum
2753 2263 3074 2334 sanguinem
3127 2264 3386 2332 abneges.

1824 2357 2108 2412 Undenam
2143 2372 2272 2412 vero
2305 2371 2406 2411 nos
2442 2355 2708 2410 redemit?
2746 2356 2870 2420 die,
2912 2353 3093 2410 sodes.
3144 2354 3229 2407 An
3268 2369 3393 2408 cum

1822 2449 1986 2502 alieni
2037 2448 2181 2517 juris
2209 2461 2460 2501 essemus
2494 2445 2822 2515 acquisivit?
2856 2444 2992 2498 Num
3031 2457 3160 2498 vero
3197 2441 3266 2495 ad
3309 2443 3394 2495 in-

1823 2541 2002 2610 opiam
2053 2547 2108 2594 et
2157 2539 2462 2608 angustiam
2513 2537 2663 2606 prior
2713 2543 2901 2590 noster
2952 2533 3216 2589 dominus
3274 2533 3396 2587 red-

1823 2643 2002 2696 actus,
2034 2645 2098 2684 ac
2129 2630 2304 2699 pretio
2335 2635 2526 2682 nostro
2557 2626 2806 2693 indigens
2839 2624 3060 2680 Christo
3087 2639 3190 2679 nos
3215 2622 3397 2678 vendi-

1825 2723 1942 2776 dit?
1971 2721 2138 2792 lgitur
2168 2722 2214 2776 si
2254 2720 2478 2774 Christo
2507 2719 2717 2773 venditi
2749 2733 2943 2772 sumus
2968 2757 2983 2782 ,
3021 2733 3128 2771 non
3162 2713 3399 2784 ampliu

1823 2815 1880 2868 in
1910 2814 2110 2882 prioris
2145 2813 2421 2880 mancipio
2453 2819 2665 2866 sumus.
2697 2807 2852 2874 Quod
2894 2809 2938 2862 si
2979 2806 3258 2875 possidere
3297 2818 3398 2858 nos

1825 2905 1918 2960 ille
1944 2903 2130 2984 desiit,
2167 2904 2372 2957 ditione
2401 2917 2500 2957 sua
2529 2902 2778 2970 deiectus
2803 2909 2908 2964 est,
2941 2914 3042 2952 nec
3075 2898 3128 2950 in
3157 2895 3398 2967 propriis

1829 2997 2050 3052 sedibus
2091 2996 2185 3064 jus
2227 2995 2400 3048 ullum
2441 2993 2670 3047 obtinet.
2726 2992 2970 3056 Quonam
3020 2989 3188 3058 igitur
3233 2987 3398 3041 modo

1828 3095 2086 3159 operatur
2107 3088 2162 3141 in
2185 3086 2312 3141 ﬁliis
2337 3084 2738 3148 inobedientim,
2773 3083 2916 3137 sicut
2945 3081 3207 3148 scriptum
3240 3079 3356 3133 est“
3375 3078 3402 3132 i

1832 3178 1938 3234 Sed
1991 3177 2251 3232 nimirum
2295 3190 2472 3244 neque
2501 3173 2776 3244 quomodo
2825 3185 2927 3226 nos
2967 3167 3226 3223 Christus
3273 3167 3400 3222 red-

1827 3270 2039 3334 emerit,
2065 3267 2438 3335 redemptique
2469 3266 2570 3334 ipsi
2603 3263 2889 3324 fuerimus,
2928 3275 3104 3330 neque
3126 3259 3402 3330 quomodo

1827 3359 2176 3414 maledictum
2207 3373 2306 3426 pro
2337 3357 2498 3410 nobis
2532 3354 2806 3409 exstiterit
2835 3393 2849 3416 ,
2887 3352 3131 3408 furiosus
3161 3353 3251 3406 ille
3283 3349 3400 3404 Ma-

1830 3449 2076 3503 nicbmus
2125 3446 2414 3516 intelligit,
2450 3445 2544 3514 qui
2575 3449 2764 3511 aperto
2792 3457 2888 3496 ore
2919 3441 3090 3492 multa
3123 3437 3402 3503 effutiens,

1829 3555 1950 3610 quae
1979 3539 2114 3593 dicit
2157 3537 2390 3608 probare
2447 3549 2554 3589 non
2591 3540 2794 3604 potest.
2833 3531 2970 3585 Ecce
3016 3531 3160 3584 enim
3215 3533 3270 3580 in
3311 3543 3400 3582 se-

1829 3631 2009 3685 cundo
2041 3630 2190 3684 illius
2235 3628 2471 3681 adventu
2517 3639 2582 3678 ac
2645 3623 2994 3677 restitutione
3031 3618 3216 3672 mundi
3252 3617 3398 3672 voci-

1833 3723 2068 3778 ferantes
2111 3711 2236 3774 illos
2263 3721 2516 3774 videmus
2547 3736 2561 3770 :
2607 3715 2672 3768 In
2703 3715 2908 3766 nomine
2941 3721 3028 3764 tuo
3058 3709 3399 3772 comedimus,

1828 3825 1876 3869 et
1905 3817 1958 3868 in
1991 3814 2197 3868 nomine
2231 3821 2318 3865 tuo
2347 3809 2507 3879 700
2539 3808 2802 3862 dwmom’a
2838 3806 3084 3874 ejecimus
3110 3805 3152 3856 °.
3189 3803 3402 3867 Quibus

1829 3909 1921 3962 ille
1942 3905 2293 3976 respondebit
2325 3919 2339 3954 :
2369 3899 2632 3956 Discedite
2659 3917 2688 3952 a
2713 3914 2812 3961 me,
2847 3895 3150 3950 maledicti"
3181 3913 3192 3948 :
3230 3893 3402 3947 nescio

1831 4016 1916 4052 vos
1937 3999 1982 4052 ⁸.
2025 3997 2137 4051 Cur
2168 4012 2293 4050 cum
2334 4009 2456 4050 eum
2497 3994 2882 4054 conﬁteantur,
2918 3990 3038 4058 ipse
3069 3997 3249 4040 tamen
3277 3985 3402 4040 illos

1829 4089 2188 4145 exsecratur?
2238 4087 2380 4153 Quid
2431 4095 2612 4140 autem
2667 4082 2814 4137 aliud
2867 4081 3215 4135 maledictum
3267 4078 3402 4147 legis

1830 4191 1934 4244 est,
1981 4187 2181 4250 praeter
2213 4193 2432 4232 crucem
2455 4217 2468 4240 ,
2505 4191 2627 4245 quae
2667 4182 2886 4244 propter
2915 4179 3140 4240 peccata
3172 4167 3400 4222 maledi-

1831 4279 1980 4323 ctum
2013 4268 2148 4338 legis
2177 4275 2262 4322 est
2290 4265 2470 4319 facta?
2501 4264 2712 4319 Etenim
2745 4264 2792 4317 si
2827 4263 2951 4331 quis
2979 4261 3030 4312 in
3065 4259 3267 4312 delicto
3299 4255 3400 4311 de-

1831 4360 2138 4430 prehensus
2165 4365 2332 4422 esset,
2383 4357 2449 4410 de
2482 4371 2547 4410 eo
2589 4356 2671 4409 lex
2708 4355 2810 4407 ista
2858 4352 3086 4421 jubebat
3117 4367 3131 4403 :
3168 4348 3402 4417 Suspen-

1830 4452 1964 4505 detis
1987 4451 2138 4504 illum
2167 4451 2222 4503 in
2245 4450 2409 4518 ligno.
2446 4447 2569 4502 Non
2592 4447 2789 4500 occidet
2813 4447 2892 4500 sol
2910 4461 3064 4514 super
3088 4445 3202 4503 illo,
3233 4453 3282 4497 et
3309 4459 3400 4496 su-

1828 4559 1918 4614 per
1940 4542 2188 4595 cadavere
2225 4541 2361 4610 eius,
2413 4541 2503 4593 sed
2541 4537 2838 4606 deponendo
2871 4537 3135 4605 deponetis
3173 4551 3310 4596 eum,
3350 4541 3399 4587 et

1829 4636 2129 4704 sepelientes
2163 4635 2420 4703 sepelietis
2462 4644 2583 4686 ante
2631 4633 2760 4687 solis
2814 4649 3060 4686 occasum
3087 4672 3099 4696 ,
3151 4631 3398 4700 question:

1829 4729 2138 4782 maledictus
2173 4729 2340 4781 omnis
2377 4727 2467 4797 qui
2499 4726 2684 4795 pendet
2711 4728 2766 4779 iu
2808 4725 3004 4794 ligno’.
3051 4707 3239 4794 Itaque
3276 4737 3410 4776 cum

1833 4821 1906 4874 ob
1955 4820 2138 4874 crucis
2199 4820 2524 4890 supplicium
2570 4818 2874 4872 constituta
2934 4817 3005 4870 sit
3064 4815 3404 4881 maledictio,

1833 4909 2084 4964 Christus
2112 4923 2276 4977 porro
2298 4908 2526 4962 veniens
2559 4908 2611 4961 in
2637 4921 2801 4962 cruce
2831 4911 3052 4976 peccata
3076 4911 3264 4958 nostra
3286 4917 3403 4958 sus.

1835 5001 2044 5066 tulerit,
2109 5015 2173 5053 ac
2225 5000 2579 5068 semetipsum
2633 5007 2822 5052 nostra
2875 5011 3040 5051 causa
3091 4993 3406 5060 tradiderit,

1835 5091 1953 5160 ejus
1982 5105 2085 5144 nos
2119 5089 2344 5160 sanguis
2391 5089 2642 5152 redemit,
2689 5088 2976 5158 ipsiusque
3003 5100 3205 5155 corpus
3244 5099 3402 5139 exse-

1835 5181 2114 5236 crationes
2147 5189 2368 5235 nostras
2397 5179 2676 5245 discussit,
2721 5193 2845 5232 cum
2885 5177 3097 5231 scilicet
3130 5176 3404 5245 poeniten-

1836 5271 1910 5324 tia
1966 5271 2152 5326 crucis
2217 5273 2559 5340 adventuque
2591 5287 2694 5325 suo
2725 5276 2950 5338 peccata
2985 5275 3174 5320 nostra
3205 5266 3403 5321 dissol-

1835 5360 2222 5427 vit.Quocirea
2257 5379 2436 5432 neque
2457 5365 2543 5418 lex
2575 5361 2924 5414 maledictum
2955 5359 3080 5423 fuit,
3109 5375 3208 5412 nec
3227 5358 3401 5411 Evan-

1837 5451 2036 5518 gelium
2087 5453 2440 5508 maledictum
2497 5453 2760 5521 suscepit.
2795 5465 2898 5505 nec
2961 5450 3226 5504 Dominus
3282 5448 3402 5519 ipse

149 5555 461 5615 postremo,
519 5543 616 5600 sed
675 5545 869 5622 mortis
918 5544 1068 5598 illius
1125 5545 1393 5600 beneﬁcio
1461 5543 1725 5599 adversus
1761 5551 1982 5612 peccata
2011 5545 2308 5598 constituta
2343 5545 2536 5598 mortis
2569 5551 2656 5599 est
2684 5558 2844 5612 poena
2874 5541 3109 5598 sublata.

217 5665 236 5694 ¹
263 5662 438 5716 Joan.
473 5675 516 5726 ι,
553 5661 638 5715 16.
741 5662 762 5692 ³
801 5659 928 5715 ibid.
965 5662 1050 5728 17.
1143 5663 1164 5693 ³
1202 5661 1319 5716 Gal.
1359 5679 1440 5724 Ill,
1483 5664 1565 5718 i5.

148 5733 170 5766 τ
195 5731 398 5788 Matth.
435 5747 566 5810 xxv,
605 5730 694 5788 41.
771 5729 946 5786 ‘Luc.
988 5747 1108 5798 xm,
1149 5731 1235 5785 27.

1679 5661 1744 5714 ⁴Ι
1785 5661 2117 5726 Petr.t,18,
2162 5663 2246 5717 19.

1329 5733 1350 5765 ⁸
1389 5733 1544 5788 Deut.
1577 5750 1691 5798 ut,
1727 5730 1816 5798 22,
1849 5731 1936 5785 25.

2354 5665 2373 5695 ⁵
2407 5663 2601 5734 Ephcs.
2631 5679 2690 5716 ιι.
2722 5664 2776 5716 2.
2896 5664 2914 5693 θ
2955 5661 3142 5716 Matth.
3173 5675 3271 5730 vit,
3303 5658 3397 5714 ΞΕ·
