3850 6204
441 295 551 350 455

439 522 507 575 tis
541 522 692 575 erat‘
714 564 730 589 ,
755 522 821 577 de
861 540 927 579 eo
956 525 1112 594 plura
1140 533 1297 579 antea
1336 524 1599 589 diximus,
1632 522 1795 593 idque
1832 530 2017 577 osten-

1851 291 1909 346 S.
1951 281 2291 343 ΕΡΙΡΗΛΝΙΙ

508 430 666 498 Quod
723 446 851 486 vero
900 431 1031 485 illud
1064 431 1252 503 objicit
1290 449 1303 486 :
1342 431 1452 487 Lex
1497 432 1817 491 ministratio
1868 425 2060 486 mor-1

2184 399 2318 456 Εἶτά
2353 415 2516 472 φησιν
2550 436 2564 461 ,
2617 396 2698 449 ὅτι
2764 396 2819 447 '0
2869 396 3052 463 νόμος
3114 396 3390 445 διακονία
3453 396 3533 458 ἠν
3607 406 3665 441 το

2120 494 2401 550 θανάτου.
2440 490 2579 559 Ἤδη
2615 488 2744 560 περὶ
2777 485 2968 545 τούτου
3004 482 3174 537 πολλὰ
3215 483 3467 550 εἴπομεν,
3507 480 3591 531 ὅτι
3616 480 3707 530 οὐκ

3612 268 3702 323 156

2764 395 2819 447 ’0
2869 394 3052 463 νόμος
3114 390 3390 445 διακονία
3453 384 3533 458 ἦν
3607 389 3703 444 τοῦ

440 568 505 575 --ν
542 568 651 575 -.η
714 568 730 589 ,
758 568 821 577 _-
864 568 925 579 ,ν
956 568 1112 594 Γ-.-
1140 568 1297 579 ......,_
1338 568 1599 589 -.u....-.,,
1633 568 1795 593 ...νη
1835 568 1988 577 νυ--.

440 613 657 678 dimus,
732 630 1105 685 nequaquam_
1140 615 1314 685 legem
1389 615 1585 670 mortis
1641 614 2020 669 administram

2170 587 2283 649 ὒτὸς
2308 581 2374 655 ἦν
2401 582 2645 643 διάκονος
2673 579 2925 633 θανάτου.
2958 574 3097 629 Ούτε
3124 574 3233 645 γὰρ
3256 573 3411 640 ἔλεγε
3446 568 3707 685 φονξύειν,

450 704 644 759 fuisse.
677 704 793 759 Non
828 707 972 760 enim
1012 706 1212 761 caedem
1256 706 1637 776 praecipiebat,
1675 707 1784 760 imo
1814 720 1844 759 e
1890 720 2023 758 con-

444 795 615 848 trario
646 812 659 846 :
698 795 820 849 Non
851 797 1049 850 occides
1070 798 1111 851 ¹.
1146 796 1347 851 Verum
1377 797 1522 865 quod
1559 796 1887 850 homicidam
1926 796 2026 849 in—

448 886 624 940 terﬁci
670 886 916 955 jubebat,
966 898 1025 941 ut
1060 890 1223 944 unius
1268 889 1505 943 hominis
1550 904 1685 943 nece
1731 886 2027 957 parricidia

451 978 900 1047 prohiberentur,
928 987 982 1032 et
1012 981 1175 1034 unius
1210 980 1465 1049 exemplo
1495 979 1745 1034 deterriti
1786 979 2030 1048 plerique

452 1068 853 1137 improbitatem
887 1084 1040 1123 suam
1071 1079 1413 1135 coercerent,
1440 1086 1541 1125 nec
1566 1072 1801 1140 amplius
1829 1072 2029 1126 cardem

431 1168 870 1237 perpetrarent,
920 1161 990 1213 ob
1044 1162 1095 1215 id
1146 1162 1515 1216 ministerium
1566 1163 1759 1217 mortis
1802 1178 1923 1217 esse
1952 1161 2034 1215 di-

459 1252 622 1311 citur,
676 1268 779 1305 non
818 1252 961 1321 quod
1003 1254 1195 1309 mortis
1238 1254 1560 1308 administra
1598 1255 1703 1318 sit,
1740 1255 1835 1309 sed
1888 1256 2033 1324 quod

462 1339 749 1407 parricidae
785 1349 1012 1395 mortem
1069 1342 1359 1412 inﬂigeret,
1398 1360 1466 1398 ne
1506 1346 1693 1414 plures
1722 1361 1786 1399 eo
1820 1361 1879 1399 se
1918 1360 2037 1401 sce-

461 1430 573 1484 lere
623 1432 857 1500 amplius
910 1432 1342 1503 obstringerent.
1381 1435 1577 1491 Posma
1612 1452 1740 1491 vero
1788 1434 2039 1489 Salvator

462 1520 762 1585 accedens,
816 1536 939 1575 cum
997 1524 1330 1595 paedagogus
1394 1525 1645 1580 homines
1696 1526 2037 1596 castigasset,

464 1610 660 1664 bonam
688 1613 953 1682 temporis
983 1624 1191 1684 partem
1224 1617 1278 1668 in
1312 1617 1591 1672 tradendis
1622 1618 2040 1686 perfectioribus

463 1700 808 1759 documentis
837 1705 1155 1775 insumpsit,
1190 1724 1539 1776 summopere
1573 1726 1695 1764 cum
1723 1710 1873 1764 hisce
1909 1710 2042 1779 legis

2124 676 2238 730 ἀλλ’
2274 674 2524 728 ἐκέλευσε
2574 669 2783 738 λέγων·
2832 667 2930 736 Μὴ
2991 667 3323 737 φονεύσῃς.
3389 660 3613 729 Ἐπειδὴ
3662 660 3711 713 δὲ

2127 766 2383 834 ἐφόνευσε
2447 764 2537 813 τὸν
2583 758 2901 828 φονεύοντα,
2935 757 3021 811 ἵνα
3052 753 3315 826 ἀναιρεθῇ
3357 750 3450 805 διὰ
3477 749 3574 802 τοῦ
3600 748 3710 811 ἐνὸς

2128 856 2222 909 τοῦ
2276 852 2625 923 φονευθέντος
2655 852 2688 921 ἡ
2720 848 2814 903 τοῦ
2862 848 3021 917 φόνου
3055 848 3331 917 ἐνέργεια,
3376 843 3472 895 καὶ
3521 842 3590 893 δι’
3623 841 3710 892 ἕνα

2132 947 2486 1019 φοϐηθέντες,
2542 942 2729 997 πολλοὶ
2792 943 3108 1011 κατάσχωσι
3170 940 3272 1009 τὴν
3336 936 3557 990 ἀδικίαν
3624 932 3709 991 τοῦ

2136 1038 2331 1109 μηκέτι
2375 1034 2651 1105 φονεύειν,
2685 1034 2719 1102 ὴ
2741 1031 2985 1085 διακονία
3016 1026 3085 1101 ἦν
3109 1028 3359 1082 θανάτου·
3391 1025 3493 1095 οὐχ
3511 1024 3599 1076 ἴνα
3630 1022 3714 1085 θά-

2133 1157 2288 1195 νατον
2318 1138 2633 1207 διακονήσῃ,
2669 1133 2782 1188 ἀλλ’
2814 1134 2901 1187 ἴνα
2931 1133 3159 1186 Θάνατον
3190 1129 3268 1200 τῷ
3302 1128 3712 1199 φονευτῇὲργά-

2138 1249 2315 1301 σηται,
2360 1231 2444 1281 ἵνα
2489 1226 2681 1297 μηκέτι
2713 1224 2963 1293 φονευταὶ
2994 1222 3177 1276 πολλοὶ
3203 1221 3473 1289 γίνωνται.
3523 1218 3715 1273 Ἐλθὼν

2136 1326 2192 1379 δὲ
2221 1326 2248 1376 ὁ
2288 1322 2498 1392 Σωτὴρ,
2562 1319 2747 1389 ἐπειδὴ
2778 1317 2960 1371 λοιπὸν
2993 1314 3362 1384 ἐσωφρόνισεν
3396 1313 3424 1364 ό
3444 1310 3713 1379 παιδαγω·

2138 1419 2252 1487 γός,
2303 1416 2363 1469 τὸ
2413 1415 2658 1467 πλεῖστον
2706 1412 2799 1465 τοῦ
2830 1411 3019 1481 χρόνου
3050 1409 3119 1460 τὰ
3162 1407 3521 1476 έντελέστερα
3555 1403 3715 1474 μαθή-

2145 1528 2289 1583 ματα
2342 1509 2555 1570 δεικνὺς
2603 1504 2739 1577 μετὰ
2767 1504 2869 1573 τῆς
2916 1500 3236 1572 συμφωνίας
3268 1498 3362 1551 τοῦ
3389 1498 3584 1567 νόμου,
3608 1497 3715 1560 τού,

2142 1605 2199 1655 Μ
2206 1601 2237 1668 ὴ
2258 1602 2585 1670 φονεύσῃς,
2600 1597 2696 1665 Μὴ
2726 1594 2981 1663 κλέψῃς,
2999 1593 3095 1660 Μὴ
3119 1588 3718 1661 ψευδομαρτυρήσῃς,

2145 1692 2270 1760 ἔφη,
2300 1692 2383 1743 ὅτι
2418 1690 2499 1754 Τῷ
2518 1686 2829 1757 ῤαίζοντί
2862 1701 2935 1739 σε
2968 1687 3059 1747 είς
3084 1682 3199 1750 τὴν
3236 1681 3446 1744 δεξιὰν
3474 1680 3723 1749 σιαγόνα

466 1796 745 1851 mandatis
768 1799 1121 1853 consentiens
1151 1814 1165 1851 :
1202 1798 1322 1852 Non
1344 1800 1570 1865 occides,
1604 1800 1724 1854 Non
1758 1801 2042 1869 (umbem,

2170 1784 2418 1853 ι’τρέψ-ον
2449 1781 2609 1847 αὺτῷ
2654 1781 2753 1835 καὶ
2798 1779 2912 1846 τὴν
2941 1778 3142 1844 ἄλλην
3163 1793 3175 1806 ·
3208 1777 3293 1829 ἵνα
3312 1774 3461 1844 ζωῆς
3508 1772 3722 1869 γένηται

468 1884 591 1940 Non
622 1889 818 1956 falsum
852 1891 1207 1943 testimonium
1244 1890 1381 1945 dices
1406 1892 1426 1922 ³
1452 1911 1465 1957 ;
1491 1892 1562 1943 ita
1592 1893 1708 1961 ipse
1743 1893 2000 1963 prazcepit
2028 1911 2039 1945 :

466 1978 662 2047 Siquis
691 1979 933 2035 dextram
965 1981 1060 2036 tibi
1096 1985 1371 2036 maxillam
1403 1983 1667 2049 ceciderit,
1696 1984 1867 2052 praebe
1887 1984 1967 2038 illi
1996 1994 2044 2038 et

467 2069 691 2123 alteram
714 2072 735 2103 ⁸
767 2088 779 2123 :
813 2082 872 2126 ut
908 2074 1210 2143 parricidio
1244 2075 1466 2145 penitus
1492 2077 1764 2131 exstincto
1796 2078 1919 2130 vita:
1950 2077 2047 2130 ad»

468 2159 802 2215 ministratio
842 2164 1182 2218 succederet.
1215 2164 1385 2232 Cujus
1430 2166 1575 2218 enim
1605 2166 1827 2218 maxilla
1853 2181 2048 2233 percu-

470 2249 628 2314 titur,
671 2251 718 2307 is
750 2253 815 2307 ad
848 2254 1048 2308 caadem
1107 2256 1429 2325 patrandam
1466 2271 1575 2311 non
1613 2262 1905 2325 provocat,
1952 2257 2047 2311 sed

473 2340 714 2396 intentas
759 2342 1045 2396 homicidte
1079 2360 1274 2398 manus
1305 2344 1488 2407 solvit,
1526 2344 1654 2397 dum
1690 2344 1836 2399 illius
1865 2350 2049 2415 nequi-

2154 1878 2188 1946 ἡ
2235 1874 2507 1938 διακονία,
2536 1870 2928 1941 ἀναιρουμένου
2962 1868 3275 1922 παντάπασι
3308 1865 3404 1918 τοῦ
3439 1864 3629 1933 φόνου.
3672 1862 3723 1914 '0

2151 1966 2261 2035 γὰρ
2295 1965 2627 2034 τυπτόμενος
2656 1962 2751 2031 τὴν
2787 1959 3009 2028 σιαγόνα
3044 1957 3395 2030 παροξυσμὸν
3437 1956 3541 2008 οὐκ
3574 1953 3727 2025 ὲργᾶ-

2152 2059 2301 2122 ζεται
2330 2057 2509 2126 φόνου,
2546 2054 2679 2109 ἀλλὰ
2735 2055 2852 2108 λύει
2892 2054 2989 2123 τὴν
3037 2055 3192 2124 χεῖρα
3219 2049 3313 2103 τοῦ
3354 2045 3639 2117 φονευτοῦ,
3666 2047 3727 2115 τῇ

2150 2148 2618 2219 ταπεινοφροσύνῃ
2665 2146 2925 2200 Θωπεύων
2958 2145 3056 2213 τὴν
3093 2146 3149 2196 ὲν
3177 2139 3325 2210 αὐτῷ
3369 2138 3592 2192 κακίαν.
3628 2136 3730 2189 Καὶ

2152 2239 2321 2302 οὕτως
2380 2238 2555 2293 πάντα
2614 2239 2894 2307 συμφωνεῖ
2945 2233 3159 2289 Παλαιὰ
3221 2231 3316 2285 καὶ
3376 2228 3560 2297 Καινὴ
3612 2230 3730 2279 Δια-

2157 2329 2318 2401 Θήκη.

474 2433 607 2488 tiam
654 2436 737 2489 sui
794 2438 967 2506 ipsius
1021 2439 1326 2507 abjectione
1374 2438 1667 2493 demulcet.
1718 2440 1894 2509 Atque
1944 2441 2043 2497 hoc
2074 2446 2235 2502 modo
2266 2446 2435 2503 Vetus
2466 2463 2530 2502 ac
2564 2447 2773 2502 Novum
2807 2445 3214 2501 Testamentum
3279 2444 3383 2499 sibi
3446 2443 3501 2496 in
3569 2436 3733 2494 omni—

474 2531 578 2586 bus
608 2538 975 2586 consentanea
1012 2541 1159 2585 sunt.

548 2622 702 2691 701
739 2622 951 2677 LXXX.
979 2624 1183 2679 Przcter
1218 2625 1331 2679 haec
1365 2635 1593 2690 vero,ut
1623 2627 1761 2681 duas
1798 2643 2060 2696 personas

478 2714 808 2779 introducat,
846 2730 909 2769 ac
944 2733 1102 2770 suum
1137 2718 1286 2771 illum
1323 2729 1642 2773 naturarum
1672 2729 1726 2775 et
1758 2722 2062 2792 principio-

479 2823 600 2860 rum
641 2808 849 2877 origine
886 2810 1187 2863 carentium
1247 2824 1311 2863 ac
1344 2809 1589 2865 radicum
1618 2812 1887 2867 binarium
1919 2812 2065 2867 aﬂir-

479 2907 611 2964 met,
653 2899 905 2971 idemque
938 2900 989 2953 in
1026 2902 1192 2955 rebus
1226 2902 1361 2970 ipsis
1400 2902 1695 2956 divortium
1726 2890 2059 2958 constituat:

479 2991 597 3045 hinc
647 2992 813 3054 enim,
852 3001 911 3046 ut
953 3002 1107 3046 antea
1141 2992 1403 3058 diximus,
1453 3010 1709 3063 separare
1742 2994 2056 3049 contendit:

2232 2631 2314 2683 Il'.
2356 2625 2488 2683 Εἶτα
2537 2629 2699 2683 πάλιν
2729 2627 3183 2698 ἐπιλαμϐάνεται,
3220 2625 3305 2677 ἵνα
3340 2625 3738 2694 παρεισενέγκῃ

2162 2721 2255 2775 δύο
2288 2721 2594 2792 προσώπων
2622 2722 2844 2791 ἀγωγὴν
2869 2719 3006 2791 πρὸς
3037 2716 3297 2777 σύστασιν
3318 2716 3418 2785 τῆς
3436 2716 3569 2787 παρ’
3601 2715 3741 2785 αὑτῷ

2164 2811 2467 2881 λεγομένης
2494 2812 2703 2873 δυάδος,
2729 2812 2837 2862 τῶν
2863 2827 2922 2861 τε
2962 2809 3055 2861 δύο
3081 2807 3316 2876 φύσεων,
3346 2807 3533 2875 ἀρχῶν
3562 2824 3623 2858 τε
3655 2808 3741 2859 ἀν-

2167 2903 2347 2973 άρχων
2396 2904 2489 2956 καὶ
2535 2903 2717 2973 ῥιζῶν,
2753 2896 2827 2956 ὧν
2866 2901 2967 2971 ἢδη
2998 2902 3259 2971 πρότερον
3308 2901 3643 2970 εἰρήκαμεν,
3681 2900 3743 2951 τὰ

2169 2996 2329 3065 ὅμοια
2361 2995 2677 3065 βουλόμενος
2709 2994 2888 3062 λέγειν
2926 2993 3019 3045 ἐπὶ
3049 2991 3308 3063 διαιρέσει
3335 2990 3444 3043 τῶν
3482 2991 3741 3061 πραγμάο

480 3091 544 3137 ιιι
568 3083 670 3138 hoc
703 3084 866 3154 igitur
882 3084 1218 3153 comprobet,
1248 3085 1487 3153 objicere
1518 3085 1650 3139 illud
1681 3101 1788 3140 non
1824 3095 2060 3140 veretur.

2171 3104 2304 3139 των·
2334 3086 2559 3158 διαιρεῖν
2587 3085 2758 3148 οὓτως
2789 3085 3022 3154 τολμῶν,
3058 3085 3158 3136 οὐκ
3188 3083 3423 3135 αἰδεῖται
3447 3082 3647 3150 λέγων,
3674 3083 3748 3134 ὅτι

486 3173 678 3240 Vetus,
742 3176 939 3244 inquit,
1000 3174 1409 3229 Testamentum
1460 3176 1532 3229 ita
1572 3178 1813 3245 loquitur
1850 3195 1863 3229 :
1895 3177 2069 3229 Meum

483 3272 563 3319 est
593 3281 804 3329 aurum,
835 3281 1002 3319 meum
1031 3274 1108 3318 est
1144 3246 1461 3334 argentumi’
1493 3308 1507 3331 ,
1560 3266 1770 3321 Novum
1829 3275 2021 3322 contra
2055 3288 2066 3321 :

488 3358 641 3411 Beati
672 3373 923 3427 pauperes
954 3360 1169 3433 spiritu,
1200 3359 1446 3427 quoniam
1468 3360 1703 3424 ipsorum
1731 3367 1811 3411 cst
1858 3376 2072 3429 regnum

490 3450 737 3503 caelorum
775 3453 816 3506 ⁸.
854 3451 964 3505 Nec
1021 3452 1153 3505 illud
1195 3451 1362 3515 videt,
1402 3451 1565 3504 etiam
1616 3451 1669 3503 in
1714 3448 1907 3504 Vetere
1941 3450 2073 3504 illud

490 3556 612 3593 esse
643 3542 848 3593 dictum
891 3560 902 3593 ε
939 3541 1091 3594 Dices
1113 3550 1159 3593 et
1210 3556 1409 3607 pauper
1441 3549 1782 3593 occurrerunt
1814 3540 2073 3603 invicem;

488 3632 750 3685 Dominus
779 3642 953 3685 autem
983 3634 1162 3687 ambos
1194 3633 1314 3701 fecit
1346 3634 1390 3685 ".
1412 3632 1510 3686 Cui
1549 3639 1601 3686 et
1630 3630 1840 3687 Novum
1882 3630 2074 3687 Testa-

492 3735 735 3777 mentum
760 3726 1105 3795 astipulatur,
1128 3727 1180 3779 in
1203 3741 1308 3795 quo
1343 3740 1737 3792 nonnunquam
1768 3724 1862 3793 qui
1899 3724 2075 3793 reipsa

494 3831 761 3884 pauperes
818 3826 968 3880 sunt,
1003 3816 1189 3871 felices
1222 3815 1629 3885 praedicantur;
1676 3815 1812 3868 alias
1840 3815 1933 3883 qui
1968 3815 2079 3883 spi-

496 3908 604 3960 ritu
639 3923 905 3977 pauperes
941 3919 1089 3969 sunt,
1133 3924 1241 3977 quo
1281 3908 1537 3961 nimirum
1572 3906 1791 3974 utrique
1842 3906 1927 3961 vis
1979 3921 2078 3960 sua

497 4008 797 4063 constaret,
846 4008 1005 4069 atque
1036 4008 1092 4052 ut
1132 3999 1322 4053 Petrus
1358 4014 1479 4053 cum
1508 3996 1790 4052 sodalibus
1837 3997 1953 4052 suis
1990 4012 2080 4052 ve-

499 4106 612 4143 ram
646 4092 911 4144 bonorum
936 4091 1175 4160 inopiam
1218 4089 1515 4160 praedicare
1549 4088 1831 4158 gloriando
1872 4100 2072 4157 posset,

497 4181 801 4252 Argentum,
834 4182 1029 4251 inquit,
1066 4191 1113 4235 et
1139 4197 1328 4234 aurum
1362 4197 1465 4233 non
1502 4190 1576 4233 est
1600 4181 1727 4232 milii
1756 4180 1933 4251 :quod
1986 4198 2081 4234 au-

500 4282 597 4325 tem
632 4273 818 4338 Italico,
843 4273 939 4326 hoc
966 4274 1060 4326 tibi
1090 4274 1176 4327 do.
1207 4272 1268 4327 In
1288 4270 1636 4326 nomineJcsu
1670 4271 1870 4327 Christi
1904 4288 2079 4343 surge,

498 4374 545 4415 et
593 4365 809 4417 ambula
840 4365 884 4418 ⁸.
914 4364 979 4417 Ut
1010 4366 1155 4434 quod
1213 4374 1433 4433 egentes
1493 4380 1556 4418 ac
1618 4380 1885 4435 pauperes
1941 4366 2083 4419 beati

2197 3180 2259 3232 Ἦ
2288 3179 2499 3233 Παλαιὰ
2522 3174 2703 3230 εἶπεν·
2755 3178 2926 3246 Ἐμὸν
2961 3176 3025 3228 τὸ
3057 3176 3335 3244 χρυσίον,
3376 3175 3476 3227 καὶ
3514 3174 3666 3243 ἐμὸν
3691 3174 3749 3227 τὸ

2177 3273 2477 3339 ἀργύριον,
2514 3273 2546 3341 ἡ
2613 3271 2670 3323 δὲ
2709 3270 2884 3339 Καινὴ
2924 3268 3164 3339 Διαθήκη
3218 3266 3395 3335 λέγει·
3466 3265 3751 3333 Μακάριοι

2180 3363 2233 3413 οἱ
2269 3359 2491 3427 πτωχοὶ
2518 3359 2831 3427 πνεύματι,
2862 3356 2949 3408 ὅτι
2975 3354 3174 3409 αὐτῶν
3196 3354 3369 3408 ἐστιν
3398 3356 3437 3421 ἡ
3462 3355 3753 3419 ,ϐασιλεία

2180 3449 2297 3502 τῶν
2349 3446 2641 3516 οὐρανῶν.
2684 3442 2842 3499 Ἀλλὰ
2880 3447 2979 3499 οὐκ
3023 3444 3184 3509 οἶδεν,
3222 3447 3304 3499 ὅτι
3338 3447 3433 3498 καὶ
3472 3447 3505 3516 ἡ
3545 3445 3753 3499 Παλαιά

2182 3544 2342 3597 πάλιν
2390 3543 2567 3611 λέγει·
2612 3541 2913 3607 Πλούσιος
2968 3541 3067 3594 καὶ
3120 3540 3309 3607 πένης
3352 3540 3754 3608 συνήντησαν

2182 3634 2495 3700 ἀλλήλοις-⁸
2526 3636 2557 3687 ό
2587 3633 2654 3685 δὲ
2678 3634 2894 3699 Κύριος
2920 3631 3061 3698 τοὺς
3087 3632 3459 3701 ἀμφοτέρους
3484 3632 3752 3698 ἐποίησε.

2184 3728 2293 3778 Καὶ
2336 3728 2368 3795 ὴ
2404 3724 2581 3795 Καινὴ
2618 3723 2859 3795 Διαοήκη
2890 3725 2951 3777 τὸ
2988 3724 3118 3778 αὐτὸ
3170 3727 3481 3794 συμφωνεῖ,
3520 3725 3753 3795 μακαρί-

2185 3820 2351 3884 ζουσα
2395 3823 2489 3891 μὲν
2536 3819 2662 3882 τοὺς
2706 3820 2975 3888 πτωχοὺς,
3006 3818 3191 3872 ἄλλοτε
3235 3818 3360 3881 τοὺς
3406 3819 3663 3887 πτωχοὺς
3688 3814 3756 3883 τῷ

2186 3914 2477 3982 πνεύματι,
2515 3914 2601 3965 ἵνα
2627 3913 2693 3965 τὰ
2722 3911 3004 3982 ἀμφότερα
3034 3908 3288 3981 ἐξισχύσῃ
3310 3926 3325 3941 ·
3369 3911 3455 3962 ἵνα
3494 3910 3594 3962 καὶ
3641 3926 3758 3961 καυ-

2187 4006 2419 4074 χώμενοι
2454 4005 2501 4055 οί
2542 4002 2668 4075 περὶ
2700 4001 2905 4071 Πέτρον
2944 3999 3157 4065 δείξωσι
3199 3998 3295 4069 τὴν
3324 3997 3591 4067 ἀληθινὴν
3619 4015 3755 4050 πτω-

2188 4096 2360 4166 χείαν,
2414 4095 2494 4146 ὅτι
2551 4093 2857 4161 Ἀργύριον
2893 4090 2989 4143 καὶ
3040 4091 3299 4158 χρυσίον
3342 4093 3456 4158 οὐχ
3507 4092 3759 4159 ὑπάρχει

2183 4204 2318 4256 μοι’
2359 4186 2389 4238 ὃ
2420 4186 2646 4254 δέἒχω,
2680 4182 2855 4237 τοῦτό
2888 4200 2987 4239 σοι
3016 4183 3222 4253 δίδωμι
3244 4200 3257 4213 ι
3294 4183 3362 4235 ὲν
3401 4182 3482 4248 τῷ
3521 4184 3760 4252 ὀνόματι

2203 4277 2404 4345 Ἰησοῦ
2434 4276 2691 4344 Χριστοῦ
2722 4276 2977 4339 ἀνάστα,
3021 4276 3117 4328 καὶ
3153 4273 3458 4343 περιπάτει
3480 4292 3491 4301 ·
3540 4274 3635 4327 ἵνα
3667 4273 3758 4342 φύ-

2194 4387 2274 4422 σει
2308 4370 2397 4422 τὸν
2440 4368 2783 4438 μακαρισμὸν
2835 4368 2940 4419 τῶν
2988 4366 3219 4436 πτωχῶν
3252 4366 3469 4437 σημάνῃ
3500 4366 3581 4437 μὴ
3621 4366 3759 4420 ἀντία

501 4470 623 4509 esse
650 4456 928 4521 dicuntur,
974 4473 1099 4509 cum
1142 4472 1208 4510 eo
1246 4472 1353 4509 non
1392 4466 1679 4527 repugnet,
1707 4457 1852 4526 quod
1896 4455 2060 4511 eadcn

2190 4459 2341 4511 θετον
2370 4458 2681 4529 ὑπάρχοντα
2704 4457 2839 4527 πρὸς
2870 4456 2963 4510 τὸν
3002 4455 3348 4526 μακαρισμὸν
3394 4455 3504 4509 τῶν
3536 4453 3764 4526 πτωχῶν

505 4545 596 4597 illa
626 4547 817 4614 spiritu
848 4548 1184 4616 pauperibus
1224 4546 1460 4603 beatitas
1498 4548 1795 4614 tribuitur;
1826 4548 1918 4616 qui
1961 4562 2083 4600 cum

508 4637 771 4689 nonnulla
815 4636 939 4705 jure
989 4637 1338 4705 possideant,
1401 4654 1669 4707 pauperes
1734 4638 2087 4692 nihilominus

509 4727 676 4780 animi
708 4729 1081 4781 moderatione
1115 4740 1169 4783 et
1202 4729 1507 4783 humilitate
1535 4729 1794 4783 dicuntur
1822 4747 1835 4783 :
1863 4729 1929 4783 de
1962 4729 2085 4799 qui-

508 4820 612 4874 bus
651 4820 764 4873 hazc
792 4820 1111 4889 accipienda
1145 4828 1273 4876 sunt
1311 4839 1323 4874 :
1364 4821 1605 4885 Esurivi,
1642 4831 1691 4875 et
1718 4821 1938 4875 dedistis
1960 4822 2089 4874 mihi

510 4909 866 4975 manducare;
921 4911 1083 4975 sitivi,
1133 4920 1181 4964 et
1240 4920 1421 4978 potum
1464 4911 1591 4964 mihi
1619 4910 1838 4965 dedistis
1875 4913 1919 4965 θ.
1949 4910 2087 4964 Tum

515 5002 649 5056 illud
678 5002 890 5071 adjicit,
953 5019 1017 5058 ex
1050 5003 1134 5058 his
1180 5020 1300 5074 qua}
1333 5005 1437 5060 sibi
1472 5003 1831 5073 suppetebant
1860 5004 1984 5059 illos
2015 5002 2093 5058 fe-

512 5097 674 5149 cisse.
715 5092 980 5161 Vides,ut
1006 5094 1057 5148 in
1088 5093 1281 5150 Vetere
1306 5111 1369 5149 ac
1399 5094 1550 5150 Novo
1581 5094 1933 5150 Testamento
1951 5110 2093 5149 unus

514 5136 674 5149 νην.
733 5136 903 5161 ..μνη
1106 5136 1281 5150 ,πων
1306 5136 1369 5149 ..ν
1399 5136 1550 5150 ..ων
1594 5136 1931 5150 .ν.,......ν...ν
1953 5136 2093 5149 ...ων

456 5136 489 5275 ί)
515 5185 768 5255 idemque
822 5186 1063 5256 Spiritus
1121 5202 1420 5258 pauperem
1455 5187 1794 5258 divitemque
1824 5186 2095 5259 designet,

454 5282 463 5351 ἶ
518 5284 681 5347 atque
728 5287 786 5331 ut
834 5280 994 5335 ambo
1025 5296 1055 5333 a
1093 5279 1382 5336 Salvatore
1430 5281 1928 5336 commendentur?
1960 5280 2096 5334 Cum

452 5356 457 5365 ’
522 5371 668 5424 enim
700 5371 753 5425 in
797 5375 1241 5445 gazophylacium
1270 5375 1579 5431 intenderet
1603 5376 1671 5440 ιθ,
1707 5373 2092 5430 animadvertit

524 5477 621 5517 eos
652 5464 743 5533 qui
780 5467 974 5536 stipem
1000 5467 1054 5520 in
1084 5468 1536 5540 gazophylacium
1573 5469 1963 5533 immitterent;
1996 5481 2095 5521 nec

600 5644 618 5676 ί
659 5640 701 5695 ll
726 5642 854 5698 Cor.
896 5659 976 5710 ιιι,
1011 5645 1061 5698 7.
1140 5645 1159 5674 ²
1201 5645 1370 5702 Exod.
1414 5664 1503 5711 xx,
1542 5647 1608 5699 l5
1647 5666 1660 5715 ;
1704 5646 1858 5701 Deut.
1889 5662 1941 5709 v,
1980 5645 2061 5699 i7.

529 5728 583 5785 v,
634 5715 688 5770 5.
765 5715 783 5747 ⁷
816 5715 974 5769 Prov.
1016 5716 1231 5780 un,2.
1310 5718 1331 5748 ⁸
1362 5717 1481 5771 Act.
1524 5731 1607 5784 ιιι,
1634 5717 1687 5771 (ἱ.

2193 4551 2331 4605 κατὰ
2365 4550 2613 4620 πνεῦμα·
2649 4550 2844 4611 οἵτινες
2874 4548 2973 4619 μέν
2998 4549 3105 4604 εἰσι
3134 4546 3462 4618 κεκτημένοι
3489 4548 3621 4600 τινὰ
3639 4545 3767 4617 μετὰ

2192 4641 2557 4711 δικαιοσύνης,
2588 4642 2792 4710 πτωχοὶ
2810 4640 2865 4692 δέ
2898 4642 3003 4693 είσι
3034 4638 3621 4709 ταπεινοφρονοῖΝτεςο
3651 4638 3769 4709 περὶ

2191 4727 2266 4789 ὧν
2304 4734 2487 4801 ἔλεγεν
2509 4751 2521 4763 ·
2553 4733 2902 4798 Ἐπείνασα,
2932 4732 3029 4785 καὶ
3082 4730 3340 4784 ἐδώκατέ
3373 4748 3473 4800 μοι
3524 4731 3768 4801 φαγεῖν·

2190 4826 2477 4896 ἐδίψησα,
2528 4824 2627 4880 καὶ
2674 4823 2993 4878 ἐποτίσατέ
3036 4842 3141 4893 με,
3194 4823 3289 4876 καὶ
3327 4822 3394 4876 τὰ
3447 4822 3599 4893 ἑξῆς.
3649 4818 3771 4876 Εἶτα

2197 4920 2396 4992 φράξει
2423 4918 2618 4987 λέγων,
2648 4918 2731 4971 ὅτι
2759 4912 2902 4971 οὗτοι
2925 4917 3185 4987 ἐποίησαν
3209 4918 3271 4969 ὲκ
3297 4916 3405 4968 τῶν
3422 4916 3774 4987 ὑπαρχόντων

2200 5014 2401 5076 αὐτοῖς.
2436 5011 2547 5065 Kal.
2575 5010 2800 5081 θεωρεῖς
2834 5009 2892 5061 ἓν
2930 5010 3025 5063 καὶ
3062 5010 3123 5062 τὸ
3160 5008 3295 5061 αὐτὸ
3316 5006 3543 5077 Πνεῦμα
3579 5008 3640 5059 ἐν
3674 5007 3773 5059 Πα-

2200 5104 2363 5175 λαιᾷ,
2429 5102 2644 5172 πτωχὸν
2690 5099 2933 5154 δεικνύον
2969 5099 3061 5152 καὶ
3094 5096 3392 5167 πλούσιον,
3435 5094 3551 5165 ἅμα
3599 5095 3695 5147 καὶ
3727 5095 3779 5145 ἐν

2203 5198 2377 5267 Καινῇ
2409 5194 2683 5266 Διαθήκῃ;
2712 5193 2773 5246 τὸ
2802 5192 2935 5247 αὐτὸ
2958 5191 3032 5255 ὡς
3073 5190 3169 5244 καὶ
3196 5190 3225 5241 ό
3255 5188 3445 5259 Σωτὴρ
3475 5187 3694 5241 ἐπαινεῖ
3718 5183 3778 5235 τὸ

2202 5289 2510 5360 ἀμφότερα.
2567 5286 2862 5358 Προσέχων
2915 5284 3023 5355 γὰρ
3093 5281 3173 5353 τῷ
3229 5277 3656 5349 γαζοφυλακίῳ,
3709 5275 3777 5327 ita

2199 5382 2325 5444 τοὺς
2356 5380 2649 5451 βάλλοντας
2691 5379 2771 5441 είς
2813 5376 2905 5430 τὸν
2967 5374 3281 5447 κορϐωνᾶνο
3325 5372 3421 5425 καὶ
3451 5370 3549 5423 οὐκ
3575 5365 3777 5437 ἀπηγόο

2206 5482 2365 5536 ρευσε
2412 5464 2685 5518 πλουσίων
2717 5462 2785 5517 τὰ
2822 5462 3055 5533 δόματα,
3086 5459 3313 5531 ἐπῄνεσε
3348 5456 3405 5509 δὲ
3442 5457 3535 5509 καὶ
3582 5454 3688 5523 τὴν
3718 5451 3778 5503 τὸ

2162 5644 2182 5675 ³
2212 5644 2341 5699 ibid.
2373 5660 2525 5715 sqq.”
2570 5643 2592 5674 ⁸
2629 5642 2819 5697 Matth.
2844 5656 2904 5715 _v_,
2928 5639 3017 5695 39.
3095 5640 3113 5673 ⁵
3148 5638 3282 5711 Agg.
3313 5650 3375 5703 ιι,
3406 5637 3461 5693 9.
3528 5637 3548 5669 ⁸
3580 5633 3777 5689 Μειιιιι.

1793 5717 1813 5748 ο
1844 5716 2031 5769 Matth.
2066 5732 2191 5782 xxv,
2215 5715 2303 5771 35.
2385 5712 2433 5746 “
2458 5712 2651 5769 'Marc.
2687 5728 2789 5782 xu,
2830 5712 2892 5773 41
2924 5726 3051 5786 sqq.
