3850 6204
130 303 229 360 15¹Ι

769 309 1134 369 ADVERSUS
1170 313 1514 372 HERESES
1551 317 1680 370 LIB.
1723 316 1792 372 ll.
1835 315 1998 373 TOM.
2042 316 2084 371 Il
2114 348 2181 356 —
2222 313 2493 370 ΙΙΑΞΒΕΒ.
2537 315 2719 369 LXVI.

3290 313 3396 370 158

133 421 226 476 δύο
257 424 431 481 λεπτά
459 427 782 500 βεωηκυῖαν
807 432 1005 504 χήραν,
1052 433 1142 486 διὰ
1173 436 1270 506 τὴν
1309 439 1712 508 προειρημένην

1826 437 2047 492 divitum
2102 449 2331 490 munera
2393 434 2694 504 prohibuit,
2747 433 2842 487 sed
2903 439 2959 486 et
3003 431 3219 485 viduam
3245 431 3392 486 illam

131 514 427 584 πτωχείαν,
460 517 548 572 ἵνα
577 518 838 591 πληρωθῇ
877 521 938 574 τὸ
963 525 1378 594 γεγραμμένον*
1405 527 1710 594 Πλούσιος

130 606 228 661 καὶ
271 606 462 676 πένης
501 610 902 680 συνήντησαν
951 615 1279 682 ἀλλήλοις’
1315 621 1348 671 ό
1393 617 1461 670 δὲ
1501 619 1712 686 Κύριος

129 696 276 762 τοὺς
302 698 676 768 ἀμφοτέρους
713 703 985 771 ἐποίησε.
1011 707 1122 759 Καὶ
1149 707 1231 759 ὅτι
1263 708 1361 778 μὲν
1412 708 1582 761 ταῦτα
1620 707 1711 760 οῦ-

129 804 237 850 τως
284 787 420 858 ἔχει,
459 792 556 843 καὶ
584 793 666 845 ὅτι
707 793 770 846 τὸ
802 795 935 848 αὑτό
963 798 1079 850 ἐστι
1121 797 1344 869 πνεῦμα
1379 799 1620 862 Παλαιᾶς
1651 816 1709 852 τε

131 879 224 932 καὶ
281 880 491 951 Καινῆς
531 883 826 956 Διαθήκης,
867 887 968 958 ὅρα
1011 889 1102 941 τὸν
1139 889 1457 944 Ἀπόστολον
1485 891 1711 960 λέγοντα

130 969 258 1038 περὶ
293 971 535 1041 ἀρχαίων
564 975 862 1045 προφητῶν
883 993 898 1006 °
930 978 1257 1047 Ἐπιλείψει
1281 998 1383 1048 μοι
1417 985 1450 1034 ὁ
1491 982 1710 1049 χρόνος

129 1060 500 1131 διηγουμένῳ
515 1066 646 1134 περὶ
662 1068 1153 1138 Γεδεὼν,Βαρὰκ,
1169 1071 1451 1140 Σαμψὼν,
1469 1074 1706 1142 Ἰεφθαὲ,

129 1151 330 1217 Δαϐὶδ,
355 1155 452 1208 καὶ
481 1156 712 1212 λοιπῶν
752 1159 1092 1228 προφητῶν,
1126 1164 1343 1230 οἵτινες
1385 1164 1711 1232 περιῆλθον

128 1241 196 1294 ἐν
209 1247 538 1311 μηλωταῖς,
563 1248 634 1301 ἐν
661 1242 904 1318 αἰγείοις
927 1251 1180 1320 δέρμασι
1213 1256 1709 1324 κακουχούμενοι,

129 1337 696 1405 στενοχωρούμενοι,
729 1342 1087 1408 θλιϐόμενοι,
1114 1336 1203 1394 ὦν
1243 1345 1355 1396 οὐκ
1376 1341 1454 1414 ἦν
1477 1344 1648 1411 ἄξιος
1677 1347 1709 1398 ό

129 1422 382 1490 κόσμος.
408 1425 737 1498 Εὑρήκαμεν
749 1429 858 1501 γάρ
871 1431 1100 1484 Ἡσαΐαν
1112 1433 1461 1504 ἐνδεδυμένον
1483 1436 1706 1501 σάκκον,

130 1511 222 1564 καὶ
281 1513 472 1568 Ἠλίαν
515 1516 796 1582 ὡσαύτως.
848 1521 959 1574 Καὶ
989 1521 1122 1592 ὁρᾷς
1156 1523 1271 1585 πῶς
1309 1525 1706 1596 μακαρίζονται

131 1605 184 1654 ὲν
201 1602 435 1676 ’Παλαιᾷ
452 1608 542 1660 καὶ
571 1609 745 1680 Καινῇ
765 1611 1004 1684 Διαθήκη
1021 1614 1068 1665 οί
1089 1615 1292 1685 πτωχοὶ
1315 1615 1380 1667 δι’
1397 1616 1697 1682 εὐσέϐειαν,

131 1698 222 1749 καὶ
256 1701 655 1770 μακαρίζονται
691 1703 934 1758 πλούσιοι
961 1705 1049 1759 διὰ
1073 1707 1438 1780 δικαιοσύνην.

197 1872 332 1928 UA'.
369 1870 505 1928 Εἶτα
527 1875 688 1929 πάλιν
714 1876 860 1946 λέγει
895 1881 923 1932 6
950 1878 1112 1944 αὐτὸς
1139 1882 1332 1952 Μάνης
1351 1898 1366 1915 ν
1411 1882 1475 1935 Ἦ
1500 1883 1712 1937 Παλαιὰ

132 1965 402 2037 Διαθήκη,
429 1969 581 2037 φησὶ,
618 1969 827 2022 κελεύει
875 1971 1220 2036 σαϐϐατίζειν
1248 1991 1261 2005 ο
1289 1973 1384 2026 καὶ
1420 1975 1472 2027 εῐ
1498 1992 1584 2038 τις
1612 1976 1712 2030 οὐκ

131 2055 483 2122 ἐσαὸὅάτισε,
531 2057 698 2122 λίθοις
737 2061 1215 2128 κατελιθοὸολείτο,
1247 2064 1322 2127 ὡς
1356 2066 1448 2118 καὶ
1494 2065 1712 2137 φορτίον

134 2147 306 2212 ξύλων
330 2165 416 2212 τις
445 2149 701 2215 συλλέξας
734 2151 1030 2223 παρεδόθη.
1072 2153 1136 2206 Ἦ
1161 2155 1217 2207 δὲ
1249 2156 1424 2226 Καινὴ
1447 2157 1709 2229 Διαθήκη.

132 2239 412 2293 τουτέστιν
444 2242 472 2294 6
495 2241 697 2314 Κύριος
711 2243 782 2295 ’ὲν
814 2242 892 2313 τῷ
930 2244 1244 2316 Εὑαγγελίῳ
1277 2246 1411 2317 ἔφη,
1447 2249 1528 2300 ὅτι
1567 2249 1715 2317 Ἐγὼ

132 2331 466 2401 ἐργάζομαι,
508 2333 606 2387 καὶ
633 2338 665 2387 ὀ
695 2335 898 2404 Πατήρ
927 2353 1046 2406 μου
1070 2337 1388 2406 ἐργάζεται.
1423 2339 1532 2391 Καὶ
1555 2340 1612 2392 ὲν
1637 2339 1714 2411 τῷ

132 2424 399 2494 Σαϐϐάτῳ
446 2425 648 2479 ἔτιλλον
704 2427 942 2498 στάχυας
985 2431 1033 2482 oi
1070 2429 1343 2500 μαθηταί·
1390 2430 1482 2483 καὶ
1530 2432 1586 2483 ὲν
1637 2430 1715 2501 τῷ

134 2517 397 2588 Σαὸὄάτῳ
431 2519 785 2591 ἐθεράπευσε.
811 2521 921 2575 Καὶ
945 2523 1005 2575 οὐ
1035 2523 1193 2593 μόνον
1224 2523 1403 2589 τοῦτο,
1431 2523 1566 2577 ἀλλὰ
1598 2524 1712 2576 καί’

137 2605 314 2676 Ἃρον
357 2610 471 2663 τὸν
514 2610 842 2678 κρὰδόατόν
883 2629 1019 2679 σου,
1071 2614 1170 2667 καὶ
1226 2615 1418 2684 ὕπαγε
1469 2619 1558 2680 εἰς
1613 2615 1716 2670 τόν

133 2700 299 2754 οἶκόν
341 2715 489 2767 σου,
525 2701 699 2771 ἔλεγε.
740 2705 850 2757 Καὶ⁵
892 2704 936 2758 ὣ
987 2705 1184 2775 πολλῆς
1215 2708 1514 2773 ἁγνωσίαςί
1552 2707 1715 2762 Οὐδὲν

139 2791 234 2861 γὰρ
267 2793 584 2864 χειρότερον
618 2795 715 2866 τῆς
744 2797 1020 2868 ἀπειρίας.
1054 2798 1292 2862 Πολλοὺς
1321 2799 1430 2871 γὰρ
1477 2800 1716 2868 ἐτύφλω-

137 2900 219 2936 σεν
261 2886 296 2955 ἡ
349 2885 616 2953 ἀγνωσία.
653 2887 788 2940 Πότε
838 2889 946 2960 γὰρ
997 2889 1058 2941 τὸ
1094 2891 1372 2944 Σάϐϐατον
1412 2893 1503 2944 ἐπὶ
1535 2892 1714 2963 ἀγαθῇ

133 2973 408 3043 προφάσει
448 2975 510 3028 οὐ
553 2975 798 3044 λέλυται;
836 2978 970 3030 Πότε
1022 2979 1077 3032 δὲ
1118 2981 1218 3032 οὐκ
1263 2981 1559 3051 ὲδεσμεύθη
1610 2982 1719 3036 ἀπὸ

135 3067 400 3137 πονηρίας
432 3067 492 3120 οὗ
537 3069 696 3138 μόνον
727 3068 788 3122 τὸ
823 3070 1129 3135 Σάϐϐατον,
1152 3071 1286 3125 ἀλλὰ
1321 3074 1468 3126 πᾶσα
1498 3073 1713 3144 ἠμέρα;
1745 3123 1751 3129 .

146 3159 352 3228 Ἰησοῦς
381 3159 493 3232 γάρ
520 3163 548 3214 6
579 3161 675 3214 τοῦ
705 3162 882 3234 Ναυῆ,
910 3165 938 3216 6
971 3163 1215 3235 διάδοχος
1253 3166 1556 3231 Μωῦσέως,
1588 3169 1616 3219 6
1663 3169 1721 3220 ὲν

135 3254 447 3322 προφήταις
485 3255 992 3326 κατηριθμημένος,
1028 3259 1056 3312 6
1088 3257 1342 3322 ἐκλεκτὸς
1384 3258 1537 3329 παρὰ
1579 3259 1716 3331 Θεῷ,

132 3344 160 3396 6
193 3344 259 3397 δι’
290 3345 462 3415 εὐχῆς
491 3346 780 3418 κατασχὼν
813 3349 904 3401 τὸν
932 3347 1082 3418 ἥλιον
1113 3350 1210 3402 καὶ
1239 3337 1336 3421 τὴν
1367 3350 1616 3422 σελήνην,
1645 3350 1720 3414 ὡς

133 3433 232 3503 ἔφη
251 3451 265 3462 ·
295 3434 508 3502 Στήτω
533 3439 564 3490 ό
599 3435 770 3504 ἥλιος
807 3439 959 3493 κατὰ
984 3439 1255 3507 Γαϐαὼν,
1282 3440 1378 3494 καὶ
1413 3441 1452 3508 ἠ
1481 3441 1716 3510 σελήνη

132 3527 279 3579 κατὰ
323 3523 606 3597 φάραγγα
649 3528 834 3595 Ἰἁλω,
858 3531 1021 3596 εὐθὺς
1061 3532 1374 3604 εὑρίσκεται
1408 3534 1471 3587 τὸ
1497 3535 1713 3588 Σάϐϐα-

133 3634 219 3668 τον
250 3617 400 3670 λύων
449 3619 544 3670 ἐπὶ
582 3619 940 3694 ἀγαθοεργίᾳ.
1003 3623 1128 3676 Ἐπὶ
1164 3623 1303 3678 ἑπτὰ
1351 3625 1565 3696 ἡμέρας
1609 3627 1718 3700 γὰρ

133 3711 322 3764 κυκλοῖ
352 3711 424 3765 τὰ
462 3713 618 3784 τείχη
660 3715 873 3786 Ἱεριχῶ
899 3718 927 3768 6
962 3715 1196 3787 Ἰησοῢς⁹
1231 3717 1314 3771 ὅτι
1341 3719 1442 3771 οὐκ
1465 3718 1591 3788 ἐξῆν
1626 3719 1721 3789 βασ-

132 3803 294 3868 δίζειν
317 3805 376 3858 ὲν
399 3804 668 3860 σάϐϐασιν
691 3806 831 3878 ὑπὲρ
851 3807 910 3860 τὸ
936 3808 1131 3879 μέτρον
1148 3808 1256 3862 τῶν
1273 3807 1334 3874 ἒξ
1356 3809 1582 3862 σταδίων
1600 3811 1714 3880 (37)

133 3896 236 3949 τῶν
267 3896 619 3968 ὡρισμένων.
656 3899 728 3952 Τὸ
761 3898 818 3951 δὲ
845 3900 1177 3971 περίμετρον
1201 3903 1301 3972 τῆς
1344 3901 1556 3974 Ἰεριχῶ
1584 3903 1724 3975 ὑπὲρ

139 3989 384 4053 σταδίους
415 3991 590 4043 εἴκοσι
622 3992 902 4061 τυγχάνει.
949 3993 1073 4046 Ἐπὶ
1107 3992 1249 4046 ἑπτὰ
1289 3993 1343 4046 δὲ
1373 3993 1586 4064 ἡμέρας
1630 4011 1726 4048 κυ-

138 4081 464 4134 κλωσάντων
489 4080 690 4145 αὐτῶν,
718 4083 934 4146 πάντως
962 4085 1331 4150 ὅτιὺπέπιπτε
1357 4087 1417 4139 τὸ
1448 4088 1724 4142 Σάϐϐατόν

137 4175 192 4225 ὲν
219 4175 321 4244 μιᾷ
352 4172 465 4226 τῶν
494 4173 742 4244 ἡμερῶν.
774 4171 882 4230 Ἦν
910 4175 966 4229 δὲ
1009 4175 1170 4230 τοῦτο
1204 4178 1537 4248 πρόσταγμα
1563 4179 1721 4243 Θεοῦ,

210 4350 225 4378 ¹
268 4347 442 4405 Hebr.
480 4363 564 4414 ιι,
588 4348 658 4404 52
688 4364 812 4421 sqq.

206 4531 323 4601 (57)

143 4615 260 4671 [nus
290 4599 460 4671 epist.
491 4601 558 4654 I5
587 4599 665 4671 ad
685 4600 992 4671 Atqasiam,
1020 4616 1116 4668 qu.
1155 4599 1246 4671 10,
1286 4601 1390 4654 iter
1424 4599 1646 4654 Sabbati
1670 4599 1736 4655 ex

143 4669 503 4726 Hebraeorum
548 4669 844 4723 traditione
870 4670 1084 4740 duobus
1126 4669 1324 4740 pedum
1362 4671 1604 4725 millibus
1643 4671 1738 4726 de-

143 4743 275 4795 tinit.
314 4741 534 4798 Hebraei
572 4755 703 4809 vero
749 4740 997 4809 magistri
1051 4739 1162 4794 duo
1213 4741 1525 4795 cubitorum
1564 4741 1733 4796 millia

144 4812 516 4874 constituunt,
549 4808 694 4880 quod
722 4817 781 4880 et
801 4808 1008 4880 certius
1032 4810 1274 4880 videtur.
1301 4809 1437 4864 Nam
1474 4812 1546 4864 ita
1569 4809 1733 4866 docet

146 4879 284 4938 Elias
313 4883 370 4936 in
399 4879 584 4935 Thisbi
617 4879 886 4934 vocabulo
915 4887 1083 4940 cmn.
1107 4879 1278 4949 Cujus
1336 4880 1540 4934 moduli
1594 4881 1728 4936 deti-

147 4953 277 5021 nitio
329 4968 400 5007 ex
466 4966 591 5020 cap.
642 4949 962 5021 Exodqux,
999 4950 1105 5021 _I_2,
1149 4959 1211 5021 et
1258 4951 1606 5021 potissimum
1661 4967 1726 5006 ex

145 5017 305 5077 Iosue
335 5038 424 5086 Ill,
462 5017 607 5076 eoin.
639 5019 694 5082 4,
722 5019 948 5088 petitur.
999 5017 1101 5074 Ubi
1145 5017 1289 5075 inter
1320 5021 1518 5074 Arcam
1549 5028 1603 5074 et
1631 5037 1728 5090 po-

148 5092 329 5160 pulant
365 5092 596 5146 totidem
626 5090 938 5160 cubitorum
971 5090 1318 5145 intervallum
1363 5105 1487 5146 esse
1535 5092 1728 5160 prosci-

150 5158 310 5231 pitur.
344 5161 420 5216 Ut
449 5159 722 5231 nimirum
741 5174 825 5231 eo_
845 5158 1069 5231 sabbati
1109 5161 1197 5231 die
1231 5161 1418 5216 liceret
1443 5158 1724 5231 accedere,

159 5228 212 5286 ut
257 5233 659 5302 interpretatur
692 5229 758 5284 Β.
795 5228 1072 5285 Selomoh.
1122 5229 1245 5302 71am
1297 5231 1516 5286 cubitus
1538 5247 1605 5289 ex
1636 5229 1727 5284 Vi-

159 5304 332 5356 truvio
383 5299 478 5357 lib.
538 5315 622 5366 ιιι,
668 5315 790 5370 cap.
845 5301 898 5366 1,
952 5299 1276 5370 sesquipede
1334 5308 1580 5367 constat;
1611 5303 1728 5357 sive

155 5373 342 5441 palmis
362 5390 418 5428 Vt
453 5373 558 5426 hoc
601 5382 686 5427 est
716 5369 902 5439 digitis
957 5369 1129 5436 xm;
1167 5369 1475 5426 Herodotus
1517 5373 1570 5425 in
1618 5371 1736 5427 Clio

157 5443 394 5496 stadium
428 5459 482 5496 vi
541 5457 665 5497 esse
720 5441 973 5512 iugerum
1006 5442 1222 5507 scribit,
1265 5441 1326 5512 id
1365 5448 1449 5496 est
1485 5441 1724 5512 ὀργυιῷν

157 5519 407 5578 centum;
442 5512 673 5582 ὀργυιάν
706 5511 908 5582 pedum
942 5525 1016 5574 vt,
1043 5511 1158 5566 sive
1191 5511 1622 5582 cubitorum’iv.
1657 5511 1733 5566 Ex

157 5595 258 5649 quo
273 5579 593 5650 sequiturin
609 5579 788 5637 stadio
812 5579 976 5650 pedes
1003 5596 1126 5636 esse
1138 5597 1222 5643 nc,
1251 5581 1562 5636 cubitoscn.
1582 5581 1736 5638 Unde

159 5652 716 5715 ueubitorum,sive
729 5651 925 5720 pedum
948 5665 1064 5706 ιιιιιι
1095 5652 1288 5706 stadiis
1316 5668 1348 5706 v
1378 5652 1730 5720 respondent:

161 5730 424 5792 quantum
456 5725 598 5778 inter
619 5720 996 5793 Hierosolyma
1017 5730 1072 5778 et
1089 5720 1545 5779 Oliveti'montem
1564 5723 1733 5779 inter-

887 4352 908 4383 ¹
937 4347 1098 4404 Num.
1133 4366 1250 4416 xm,
1271 4350 1360 4405 '52.
1440 4352 1460 4382 ⁸
1483 4351 1644 4408 Joan.
1679 4369 1718 4418 v,

1826 4354 1846 4407 ’.
1925 4351 1949 4383 ⁸
1980 4350 2115 4406 Luc.
2150 4365 2226 4411 VI,
2261 4349 2311 4403 1.
2388 4350 2410 4379 ⁵
2441 4347 2603 4402 Joan.
2635 4363 2691 4410 ν,
2719 4347 2772 4401 8.

1815 528 2169 588 collaudavit,
2197 542 2318 597 quze
2340 525 2548 579 minuta
2568 524 2920 594 duojecerat,
2953 523 3025 577 ob
3056 522 3201 575 illam
3229 538 3396 592 quam

1812 619 2051 675 diximus
2113 626 2514 689 paupertatem,
2551 624 2605 672 et
2637 623 2696 669 ut
2741 615 3062 682 impleretur
3086 612 3232 681 quod
3255 614 3395 667 scri-

1813 721 1964 781 ptum
1991 719 2112 766 est:
2147 709 2300 762 Dives
2329 717 2377 762 et
2409 723 2610 775 pauper
2639 713 2986 758 occurrerunt
3021 704 3261 768 invicem,
3296 702 3402 756 Do-

1814 800 1984 852 minus
2012 809 2187 852 autem
2223 796 2404 850 ambos
2437 795 2582 864 fecit.
2624 795 2803 863 Atque
2850 802 2909 847 ut
2937 793 3215 862 intelligas
3243 808 3402 847 cum-

1811 888 1932 944 dem
1959 904 2082 944 esse
2108 887 2313 942 Veteris
2343 901 2406 939 ac
2441 884 2574 939 Novi
2599 883 2934 938 Testamenti
2972 881 3250 951 spiritum,
3276 880 3402 936 vide

1809 979 1937 1049 quid
1977 979 2268 1048 Apostolus
2317 976 2384 1030 de
2427 975 2701 1030 veteribus
2763 974 3041 1043 prophetis
3090 972 3396 1043 scripserit:

1813 1069 2026 1136 Deﬁciet
2079 1084 2158 1121 me
2211 1077 2435 1136 tempus,
2496 1067 2696 1135 inquit,
2725 1074 3033 1117 narrantem
3063 1065 3126 1116 de
3169 1062 3398 1127 Gedeon,

1815 1160 2011 1223 Barac,
2045 1159 2296 1221 Samson,
2327 1157 2533 1225 Iephte,
2565 1156 2758 1220 David,
2788 1172 2850 1208 ac
2877 1155 3080 1208 cazteris
3112 1153 3399 1222 prophetis,

1809 1250 1898 1319 qui
1947 1248 2264 1300 circuierunt
2309 1263 2364 1299 ιιι
2429 1245 2675 1310 metatis,
2733 1246 2787 1297 in
2840 1242 3062 1312 pellibus
3116 1242 3347 1310 caprinis
3381 1282 3399 1306 ,

1811 1340 2008 1410 amicti,
2065 1339 2377 1409 augustiati,
2431 1337 2624 1401 vexati,
2667 1321 2857 1405 quibus
2889 1336 3079 1404 dignus
3133 1352 3236 1388 non
3285 1343 3400 1388 erat

1811 1432 2042 1485 mundus
2078 1433 2120 1484 ¹.
2157 1430 2434 1500 Siquidem
2470 1439 2522 1483 et
2550 1429 2745 1482 Isaiam
2802 1435 2855 1482 et
2899 1427 3058 1497 702
3093 1425 3262 1480 Eliam
3281 1426 3400 1480 cili-

1810 1525 1956 1576 cium
1992 1521 2238 1576 induisse
2291 1520 2544 1590 legimus.
2600 1518 3006 1572 Animadvertis
3044 1517 3280 1586 denique
3316 1515 3395 1569 uti

1811 1621 1924 1666 tam
1949 1615 2004 1668 in
2027 1611 2226 1667 Vetere
2261 1627 2419 1682 quam
2476 1613 2531 1664 in
2559 1610 2712 1665 Novo
2746 1609 3095 1665 Testamento
3121 1616 3174 1663 et
3197 1623 3400 1678 paupe-

1814 1722 1904 1762 res
1932 1705 2152 1775 pietatis
2175 1719 2238 1759 ac
2267 1704 2566 1774 religionis,
2607 1710 2662 1758 et
2703 1701 2902 1756 divites
2925 1701 3154 1771 justitiae
3179 1699 3401 1755 nomine

1747 1779 1787 1834 Β
1819 1797 1963 1852 beati
1996 1811 2118 1851 esse
2143 1795 2420 1850 dicantur.

1889 1887 2123 1943 LXXXI.
2157 1885 2396 1942 Rursum
2447 1901 2579 1941 vero
2611 1884 2944 1939 Manichmus
2979 1884 3169 1949 instat,
3209 1889 3262 1936 et
3294 1882 3398 1938 ob-

1815 1982 1938 2053 jicit
1988 1995 2003 2032 :
2056 1978 2228 2035 Vetus
2273 1977 2685 2034 Testamentum
2748 1975 3047 2030 Sabbatum
3115 1974 3399 2030 observari

1817 2073 2031 2143 jubere.
2060 2069 2216 2136 Quod
2247 2069 2292 2124 si
2324 2069 2448 2138 quis
2482 2083 2590 2122 non
2626 2067 2864 2128 fecisset,
2900 2064 3173 2134 lapidibus
3204 2065 3400 2118 obrue—

1821 2167 1988 2221 batur
2013 2182 2028 2232 ;
2058 2179 2169 2234 quo
2199 2161 2472 2233 supplicio
2509 2161 2597 2214 ille
2627 2168 2710 2214 est
2738 2159 2962 2213 allectus
2995 2159 3084 2227 qui
3127 2157 3399 2227 lignorum

1821 2257 2147 2313 fasciculum
2206 2255 2587 2324 collegerat‘.
2628 2252 2830 2307 Contra
2890 2251 2944 2304 in
2999 2249 3151 2303 Novo
3206 2247 3400 2303 Testa-

1822 2356 2026 2413 mento,
2059 2347 2173 2400 sive
2204 2344 2496 2415 Evangelia
2519 2343 2781 2398 Dominus
2813 2343 2888 2395 ait
2927 2361 2940 2395 :
2973 2339 3079 2411 Ego
3114 2356 3319 2410 operor,
3352 2347 3403 2394 et

1825 2439 1988 2492 Pater
2012 2453 2153 2491 meus
2195 2446 2444 2505 operatur
2472 2436 2511 2487 ³.
2545 2437 2722 2504 Atque
2739 2435 2903 2488 etiam
2948 2431 3186 2486 Sabbato
3216 2431 3404 2501 spicas

1821 2531 2036 2585 vulserc
2080 2528 2337 2597 discipuli
2371 2531 2413 2581 ⁸.
2468 2526 2668 2579 Eodem
2754 2525 2995 2577 Sabbato
3059 2537 3166 2576 non
3228 2521 3404 2577 solum

1821 2637 1996 2692 aegros
2023 2619 2256 2685 curavit,
2282 2617 2378 2673 sed
2401 2629 2451 2672 et
2481 2618 2609 2671 illud
2640 2616 2892 2686 prmeepit
2923 2613 3101 2668 :Tolle
3122 2612 3402 2684 grabatum

1822 2724 1989 2777 tuum,
2041 2719 2088 2764 et
2130 2710 2257 2763 vade
2314 2710 2370 2761 in
2418 2707 2633 2760 domum
2665 2715 2812 2758 luant
2846 2705 2890 2757 '.
2938 2702 2981 2758 0
3029 2701 3402 2758 incredibilem

1824 2803 2100 2856 inscitiam
2129 2802 2143 2854 ί
2195 2799 2342 2852 Nihil
2389 2799 2532 2852 enim
2563 2796 2838 2867 imperitia
2881 2795 3122 2849 deterius
3144 2801 3248 2858 est,
3283 2807 3406 2862 quas

1823 2895 2090 2964 plurimos
2120 2889 2441 2946 obcaecavit.
2487 2889 2606 2956 Quo
2636 2887 2779 2942 enim
2820 2896 3062 2956 tempore
3106 2883 3403 2938 Sabbatunt

1824 2984 2123 3044 nonlicuit
2165 2983 2396 3037 honesta
2437 2981 2507 3036 de
2545 2995 2712 3036 causa
2752 2979 3094 3034 dissolvere?
3123 2977 3244 3044 Quo
3274 2990 3408 3030 vero

1827 3085 2092 3145 tempore,
2125 3073 2272 3142 quod
2305 3087 2369 3126 ac
2400 3072 2584 3127 scelus
2615 3085 2677 3125 ac
2706 3069 3007 3140 nequitiam
3040 3066 3258 3132 attinet,
3295 3081 3406 3121 non

1824 3179 1906 3222 est
1937 3167 2199 3236 religione
2222 3163 2608 3229 constrictum,
2638 3178 2748 3216 non
2783 3161 2947 3216 modo
2964 3159 3285 3225 Sabbatum,
3310 3158 3406 3214 sed

1823 3271 1875 3316 et
1905 3259 2163 3330 quaelibet
2187 3257 2348 3311 dies?
2372 3241 2644 3310 Jesusille
2685 3253 2832 3307 Nave
2863 3252 3009 3306 ﬁlius
3039 3250 3242 3321 Moysis
3283 3263 3410 3302 suc-

1823 3367 2038 3416 cessor,
2070 3349 2165 3419 qui
2200 3349 2344 3402 inter
2374 3347 2673 3416 prophetas
2706 3351 3047 3407 numeratur,
3085 3341 3178 3412 qui
3221 3356 3252 3395 a
3297 3339 3410 3396 Deo

1822 3442 2057 3497 dilectus
2092 3447 2199 3506 est,
2229 3439 2320 3508 qui
2350 3439 2484 3492 solis
2518 3452 2581 3490 ac
2613 3437 2756 3490 luna:
2780 3449 3003 3490 cursum
3032 3433 3281 3487 oratione
3308 3445 3408 3485 sua

1823 3542 2068 3590 moratus
2097 3543 2200 3595 est,
2218 3546 2340 3585 cum
2363 3531 2434 3583 ita
2457 3535 2774 3600 precaretur
2798 3544 2811 3580 :
2838 3525 2949 3582 Stet
2969 3525 3050 3579 sol
3078 3523 3146 3576 ad
3163 3521 3404 3589 Gabaon,

1821 3636 1869 3680 et
1897 3627 2025 3680 luna
2072 3625 2142 3679 ad
2175 3623 2460 3679 convallem
2493 3620 2618 3675 Jalo
2645 3622 2686 3687 ‘,
2750 3621 2839 3674 hie
2880 3619 3043 3690 igitur
3107 3616 3406 3671 Sabhatum

1825 3718 1952 3773 boni
1982 3718 2168 3788 operis
2203 3715 2492 3770 exercendi
2535 3728 2704 3768 causa
2750 3712 2985 3767 solvisse
3018 3710 3241 3780 legitur,
3282 3723 3408 3762 cum

1829 3822 2036 3881 septem
2081 3821 2226 3864 totos
2293 3809 2411 3863 dies
2443 3805 2823 3862 Ilierichuntis
2865 3804 3068 3859 mmnia
3113 3802 3408 3858 circumiit.

1828 3903 1947 3957 Non
2006 3903 2153 3957 enim
2205 3901 2461 3955 Sabbatis
2488 3900 2687 3954 licebat
2729 3899 2870 3952 ultra
2901 3896 3296 3967 praescriptum
3314 3909 3408 3949 sex

1833 3994 2133 4050 stadiorum
2181 3990 2401 4046 modum
2447 3989 2780 4044 ambulando
2823 4003 3069 4058 pergere.
3121 3986 3190 4038 At
3236 3983 3411 4039 llieri-

1832 4086 2055 4142 chuntis
2091 4085 2334 4140 ambitus
2367 4081 2561 4153 viginti
2599 4081 2794 4136 stadiis
2839 4078 3073 4148 amplior
3107 4085 3208 4131 est.
3232 4075 3413 4142 Quare

1831 4193 1956 4233 eum
1982 4184 2190 4246 septem
2217 4175 2412 4231 diebus
2444 4173 2633 4227 urbem
2661 4169 3044 4233 circumirent,
3079 4181 3304 4222 necesse
3326 4173 3412 4222 est

2852 4347 2872 4374 ⁶
2914 4345 3029 4402 Jos.
3062 4362 3115 4410 ι,
3144 4345 3229 4399 12.

376 4530 389 4549 ⁸
403 4530 563 4597 Υπὲρ
586 4528 656 4601 τό
673 4528 896 4601 μέτρον
920 4526 1038 4582 τῶν
1057 4527 1127 4592 ἐξ
1144 4529 1446 4601 σταδίωγε
1467 4529 1718 4601 Ηὶοιοιιγ·

1843 4532 2044 4586 vallum
2085 4527 2208 4592 fuit,
2255 4537 2314 4582 ut
2361 4526 2635 4601 Josephus
2681 4527 2773 4601 lib.
2802 4543 2904 4601 ⁸ιιιι,
2931 4541 3050 4601 cap.
3086 4523 3118 4579 6
3158 4532 3411 4601 testatur.

1842 4602 1966 4656 Ideo
1997 4603 2120 4654 Act.
2155 4614 2274 4669 cap.
2311 4615 2349 4659 ι,
2383 4595 2525 4652 coni.
2561 4598 2647 4662 12,
2686 4595 2908 4669 sabbati
2951 4597 3054 4650 iter
3089 4597 3410 4669 appellatur.

1836 4671 1994 4742 Apud
2027 4665 2384 4725 Columellam
2410 4669 2594 4742 paulo
2621 4667 2799 4742 major
2824 4680 2907 4742 est
2937 4675 3189 4742 mensura
3217 4665 3411 4730 stadii;

1837 4737 1961 4796 nam
1993 4743 2133 4795 libro
2159 4756 2212 4802 v,
2245 4755 2364 4809 cap.
2408 4737 2460 4804 7,
2493 4747 2672 4792 actum
2701 4737 2886 4791 deﬁnit
2915 4737 3111 4806 pedum
3141 4752 3262 4789 esse
3285 4751 3414 4809 cxx;

1829 4812 2088 4882 jugerum
2114 4825 2244 4882 vero
2275 4807 2413 4864 duos
2444 4820 2600 4864 actus
2647 4809 2950 4882 continere,
2985 4814 3040 4860 et
3067 4821 3190 4860 esse
3215 4807 3412 4874 pedum

1832 4877 1968 4948 cxi;
2008 4881 2399 4951 semijugerum
2439 4887 2619 4932 autem
2661 4895 2689 4931 a
2738 4877 2908 4951 Gallis
2964 4891 3269 4951 arepennem
3319 4890 3404 4928 vo-

1827 4945 1977 5018 cari;
2011 4945 2248 5005 stadium
2280 4950 2517 5018 denique
2544 4964 2740 5016 passus
2768 4948 3157 5018 haberecxxv,
3192 4945 3294 4998 hoc
3317 4952 3408 4998 est

1863 5015 1990 5076 edes
2020 5037 2214 5075 ncxxv.
2246 5015 2452 5084 Passus
2485 5015 2628 5072 enim
2668 5019 2850 5088 quinis
2891 5015 3120 5088 pedibus
3163 5021 3404 5088 constat.

1879 5092 1983 5146 nde
2017 5092 2160 5145 mille
2195 5107 2390 5159 passus
2430 5089 2600 5159 pedes
2625 5084 2825 5159 habent
2846 5102 2936 5140 vu.
2963 5084 3265 5159 Gregorius
3281 5096 3414 5136 vero

1827 5160 2176 5216 Turonensis
2197 5153 2294 5215 Iib.
2333 5176 2350 5216 ι
2386 5153 2552 5222 Ηῖδι,,
2579 5174 2701 5228 cap.
2738 5158 2792 5218 6,
2827 5153 3131 5223 arepennes
3174 5153 3267 5206 uni
3295 5160 3410 5228 sta-

1827 5231 1920 5287 dio
1957 5231 2222 5285 tribuitv.
2266 5231 2382 5297 Qua
2427 5223 2662 5284 ratione'
2688 5229 2741 5281 in
2783 5238 3110 5294 arepennem
3140 5223 3412 5297 maxim-

1841 5301 2066 5372 putandi
2097 5309 2226 5356 sunt
2263 5293 2456 5372 cubiti,
2493 5301 2606 5353 sive
2645 5297 2808 5366 pedes
2829 5293 2954 5372 csx,
2979 5299 3112 5372 quot
3140 5309 3170 5346 a
3197 5293 3411 5372 Colum.

1837 5361 2177 5440 tribuuntur.
2234 5371 2309 5424 Ita
2362 5369 2555 5440 quinta
2600 5361 2753 5440 parte
2781 5365 2957 5440 major
2983 5361 3087 5440 erit
3125 5361 3414 5433 arepennis

1837 5431 2097 5496 Herodoti
2135 5441 2344 5510 plethro
2371 5431 2394 5502 ,’
2416 5439 2559 5509 quod
2591 5431 2844 5507 iugerum
2870 5431 3134 5510 'plerique
3151 5431 3408 5510 _ver_t_unt.

1838 5511 1947 5567 Sed
1977 5512 2044 5565 de
2073 5503 2306 5582 πλέθρου
2357 5503 2619 5563 varietate
2652 5503 2881 5582 totaque
2892 5503 3006 5582 :hae
3037 5503 3295 5582 metiendi
3321 5517 3411 5556 ra-

1835 5582 1984 5636 tione
2036 5575 2286 5652 pluribus
2343 5596 2522 5651 agere,
2582 5594 2758 5648 neque
2788 5575 2905 5632 votii
2967 5575 3137 5636 nostri
3176 5581 3280 5636 est,
3311 5585 3415 5630 nec

1837 5653 2089 5706 instituti.
