3826 6206
440 259 544 313 163

1843 254 1904 314 S.
1945 254 2286 312 EPIPHANll

3617 268 3714 324 164

437 372 604 442 quod,
640 371 829 424 relicta
877 371 1098 443 regione
1137 389 1258 439 sua,
1325 389 1447 444 qua!
1491 375 1562 428 ob
1607 382 1800 429 aestum
1845 373 2025 428 minus

2135 372 2262 426 διότι
2304 377 2361 429 ἐν
2394 377 2531 449 αὐτῇ
2580 380 2890 450 κατῴκησε,
2927 380 3260 451 καταλείψας
3294 381 3386 436 τὸν
3419 383 3554 437 ῐδιον
3583 383 3712 454 κλῆ-

434 463 720 518 commoda
743 464 1054 530 videbatur,
1112 465 1224 520 illic
1263 467 1545 520 habitarit.
1583 466 1723 536 Ergo
1766 466 1821 520 in
1873 465 2019 520 Semi

438 555 793 624 possessione
827 555 1162 609 domicilium
1218 557 1518 623 collocatis,
1552 572 1672 627 qua:
1713 555 1876 610 hodie
1927 554 2022 609 Ju-

434 648 550 701 dtca
589 647 814 710 dicitur,
849 647 989 701 ﬁlios
1020 647 1156 702 istos
1207 649 1418 716 genuit,
1473 647 1871 711 Amorrhaaum,
1895 646 2024 700 Ger-

437 755 698 808 gesa'nm,
762 737 1139 803 Pherezaaum,
1191 737 1521 802 Jebusaeum,
1576 737 1816 803 Evmum,
1853 736 2024 790 Arru-

436 843 632 891 cteum,
683 826 1007 890 Chetttcum,
1057 829 1369 893 Asenaeum,
1420 828 1816 892 Samarrteutn,
1871 829 2023 882 Sido-

439 920 590 973 nium
663 925 716 973 et
756 917 1114 973 Philistaeum.
1155 917 1328 984 Quam
1382 919 1453 973 ob
1501 935 1722 973 causam
1763 917 2025 973 Dominus

439 1026 494 1065 tn
523 1011 637 1080 lege
665 1011 860 1075 veteri,
891 1017 950 1063 ιιι
981 1009 1297 1065 ostenderet
1328 1009 1380 1064 in
1405 1010 1772 1080 jurejurando
1809 1010 2024 1062 illorum

441 1101 654 1171 impleri
715 1110 979 1170 peccata:
1021 1100 1312 1164 Nondum,
1377 1102 1578 1172 inquit,
1631 1101 1846 1169 impleta
1906 1111 2026 1153 sunt

441 1193 868 1247 Amorrltazorum
902 1203 1116 1254 peccata
1150 1194 1189 1244 ¹.
1221 1191 1302 1246 0b
1329 1193 1380 1246 id
1403 1193 1456 1245 in
1488 1200 1670 1246 monte
1692 1193 1896 1246 diutius
1918 1193 2028 1244 ha:-

438 1295 650 1348 serunt,
677 1301 741 1340 ac
765 1301 948 1340 moras
971 1285 1338 1340 insolitudine
1367 1293 1673 1349 traxerunt,
1694 1285 1865 1338 donec
1888 1286 2029 1337 ultro

439 1377 655 1448 seipsos
683 1377 761 1430 illi
793 1378 1252 1440 condemnarent,
1282 1393 1344 1432 ac
1384 1377 1509 1431 ﬁliis
1541 1378 1686 1436 Sent,
1713 1391 1853 1446 quos
1889 1375 2028 1442 inju-

441 1469 518 1521 ria
533 1468 738 1538 pridem
763 1467 1282 1529 all'ecerant,bellunt
1303 1467 1461 1521 etiam
1497 1466 1783 1522 inferrent.
1820 1465 2031 1534 Quippe

441 1557 566 1614 Sem
583 1560 768 1630 genuit
793 1559 1109 1629 Arphaxad,
1148 1559 1436 1628 Arphaxad
1452 1559 1697 1621 Cainam,
1717 1559 1915 1613 Cainas
1934 1559 2033 1612 Sa-

443 1654 578 1720 lam,
614 1652 770 1709 Salas
813 1653 1009 1713 l‘leber.
1048 1653 1222 1707 lleber
1277 1652 1499 1717 Phalec,
1531 1651 1730 1707 Phalec
1778 1651 2026 1722 Rhagau,

2129 483 2244 536 ρον,
2275 466 2366 520 διὰ
2392 469 2452 522 τὸ
2494 469 2672 524 δοκεῖν
2703 468 2842 525 εἶναι
2875 474 3226 544 καυματινόν.
3262 475 3371 527 Καὶ
3396 475 3631 538 καθίσας
3658 478 3712 530 ἐν

2121 559 2188 628 τῇ
2217 561 2287 628 γῇ
2314 555 2408 611 τοῦ
2433 559 2571 630 Σὴμ,
2602 563 2668 632 τῇ
2694 559 2789 613 νῦν
2816 562 3125 634 καλουμένη
3167 563 3414 634 Ἰουδαίᾳ,
3443 564 3698 635 ἐγέννησε

2122 650 2246 712 τοὺς
2257 651 2404 714 υἱοὺς
2425 651 2666 715 τούτους·
2692 652 2783 706 τόν
2805 670 2862 706 τε
2885 653 3228 726 Ἀμορραίαν,
3253 655 3346 707 καὶ
3362 655 3428 706 Γε
3438 658 3709 724 ργεσαῖον,

2127 742 2223 796 καὶ
2265 744 2591 812 Φερεζαίον,
2629 745 2725 798 καὶ
2779 744 3130 807 Ἰεϐουσαῖον,
3188 746 3282 798 καὶ
3333 747 3566 807 Εύαῖον,
3619 748 3709 799 καὶ

2140 833 2477 905 Ἀρουκαῖον,
2507 836 2602 888 καὶ
2626 836 2909 898 Χετταῖον,
2941 837 3038 889 καὶ
3079 837 3372 896 Ἀσεναῖον,
3401 838 3498 890 καὶ
3525 839 3708 908 Σαμα-

2131 929 2280 996 ραῖον
2311 925 2354 987 ⁸,
2386 926 2479 978 καὶ
2519 925 2788 989 Σιδώνιον,
2821 927 2913 979 καὶ
2938 926 3261 981 Φιλισταῖον.
3301 927 3400 980 Διὰ
3429 927 3590 982 τοῦτο
3621 931 3708 982 καὶ

2126 1019 2155 1069 ὁ
2183 1015 2386 1087 Κύριος
2414 1015 2560 1085 λέγει
2595 1017 2652 1069 ὲν
2677 1015 2755 1087 τῷ
2788 1018 2958 1088 νόμῳ,
2989 1017 3223 1083 δεικνὺς,
3251 1019 3330 1071 ὅτι
3360 1021 3414 1072 αί
3447 1021 3707 1092 ἁμαρτίαι

2130 1107 2307 1160 αὐτῶν
2353 1109 2409 1159 ὲν
2455 1106 2533 1178 τῷ
2583 1109 2730 1178 ὅρκῳ
2775 1106 3139 1178 ἐπληροῦντο,
3192 1109 3267 1173 ὡς
3312 1110 3495 1179 λέγει·
3537 1114 3707 1166 Οὔπω

2129 1199 2571 1267 ἐπληρώθησαν
2616 1202 2675 1252 αἱ
2714 1201 2989 1269 ἁμαρτίαι
3032 1200 3152 1253 τῶν
3201 1201 3582 1270 Ἀμοῤῥαίων.
3615 1206 3706 1257 Διά

2133 1289 2292 1344 τοῦτο
2325 1291 2664 1363 παρέμειναν
2710 1293 2766 1344 ἐν
2818 1290 2895 1361 τῷ
2935 1291 3052 1363 δρει
3092 1293 3608 1363 χρονοτριὸούμενοι
3653 1297 3706 1348 ἐν

2132 1385 2198 1454 τῇ
2243 1383 2456 1453 ἐρήμῳ,
2492 1382 2597 1445 ἕως
2634 1381 2700 1435 ἂν
2739 1382 3237 1454 αύτοκατακρίτους
3279 1385 3506 1448 ἑαυτοὺς
3551 1388 3707 1456 ποιή-

2137 1489 2288 1537 σωσι,
2317 1473 2410 1525 καὶ
2436 1470 2704 1524 ὲπέλθωσι
2731 1471 2868 1542 πρὸς
2909 1471 3143 1542 πόλεμον
3168 1475 3280 1537 τοῖς
3309 1477 3444 1538 υἱοῖς
3468 1475 3566 1528 τοῦ
3594 1477 3712 1547 Σὴμ

2133 1567 2244 1627 τοῖς
2283 1564 2653 1635 ἠδικημένοις.
2707 1563 2826 1633 Σὴμ
2880 1562 2989 1634 γὰρ
3049 1565 3210 1634 γεννᾷ
3260 1566 3350 1618 τὸν
3411 1567 3709 1637 Ἀρφαξὰδ,

2147 1654 2420 1726 Ἀρφαξὰδ
2469 1655 2559 1706 τὸν
2605 1655 2812 1724 Κηννᾶ,
2861 1654 3050 1723 Κηννᾶ
3081 1653 3171 1704 τὸν
3211 1653 3374 1714 Σαλᾶ,
3422 1655 3576 1708 Σαλᾶ
3621 1658 3708 1709 τὸν

443 1743 668 1814 Rhagau
733 1742 967 1807 Seruch,
1034 1741 1247 1797 Seruch
1296 1741 1530 1808 Nachor,
1573 1741 1789 1796 Nachor
1824 1742 2024 1808 Thare,

2135 1723 2320 1814 Ἔϐερ,
2353 1744 2520 1814 Ἔϐερ
2549 1744 2637 1796 τὸν
2665 1723 2860 1806 diuisit,
2898 1742 3074 1796 Φαλὲκ
3105 1744 3194 1795 τὸν
3233 1745 3459 1814 Ῥαγὰὸ,
3502 1747 3707 1815 Ῥαγέιὸ

441 1834 621 1890 Thare
654 1835 950 1899 Abraham,
1005 1835 1276 1888 Abraham
1315 1834 1483 1897 Isaac,
1532 1833 1679 1888 Isaac
1723 1833 1912 1898 Jacoh,
1942 1833 2028 1888 Ja-

439 1927 545 1980 cob
583 1926 802 1991 Judam,
851 1925 1022 1980 Judas
1066 1925 1290 1993 Phares,
1335 1925 1542 1982 Phares
1584 1926 1800 1990 Esrom,
1832 1925 2024 1981 Esrom

441 2019 688 2079 Amram,
739 2019 961 2070 Amram
1005 2017 1330 2079 Aminadab,
1399 2017 1707 2071 Aminadab
1757 2016 2024 2072 Naasson.

443 2107 716 2160 Craterum
770 2104 1018 2160 Naasson
1058 2105 1211 2159 Judtr
1256 2107 1436 2160 tribus
1493 2108 1788 2175 principis,
1819 2117 1871 2161 et
1899 2107 2028 2162 Jesu

445 2197 590 2253 Nave
661 2199 752 2251 lilii
818 2207 1083 2268 tempore,
1118 2199 1211 2252 ﬁlii
1251 2197 1378 2253 Sent
1429 2200 1701 2268 regionem
1741 2217 1895 2255 suam
1922 2218 2026 2255 non

446 2289 608 2345 modo
627 2291 772 2342 ttttlla
802 2290 1125 2360 cujusquam
1157 2290 1379 2359 injuria,
1405 2291 1497 2345 sed
1521 2291 1836 2360 justissimo
1865 2295 2027 2347 etiam

447 2381 541 2436 Dei
579 2382 788 2451 judicio
836 2391 1181 2451 receperunt.
1217 2381 1384 2452 Igitur
1413 2372 1794 2438 lliérichuntis
1829 2385 2029 2439 mantia

445 2484 644 2545 Sponte
679 2491 775 2529 sua
808 2475 1052 2544 collapsa
1090 2482 1237 2530 sunt.
1287 2473 1514 2530 Justitia
1560 2477 1703 2530 enim
1747 2492 1938 2547 poenas
1963 2479 2031 2534 de

448 2567 718 2637 injustitia
777 2567 994 2637 repetit.
1064 2562 1301 2620 Proinde
1356 2577 1558 2637 septem
1608 2568 1802 2623 diebus
1846 2585 2031 2624 muros

446 2659 780 2722 ambicrunt,
825 2658 878 2711 in
915 2673 1055 2728 quos
1109 2657 1406 2712 Sabbatum
1461 2659 1670 2724 incidit,
1730 2677 1840 2731 quo
1875 2662 2031 2732 plena

455 2757 605 2804 esset
643 2747 1028 2818 cumulataque
1050 2746 1285 2816 justitia.

518 2925 609 2978 LX
625 2923 808 2977 XXlV.
846 2920 953 2978 Nec
981 2922 1112 2976 illud
1151 2921 1312 2975 modo
1369 2920 1608 2976 Sabbato
1637 2923 1884 2994 conligit.
1923 2926 2031 2979 Sed

2127 1836 2217 1888 τὸν
2251 1836 2476 1906 Σεροὺχ,
2525 1835 2730 1906 Σεροὺχ
2768 1835 2858 1888 τὸν
2888 1833 3113 1906 Ναχὼρ,
3138 1833 3336 1905 Ναχὼρ
3364 1838 3455 1890 τὸν
3497 1837 3706 1910 eam.

2127 1926 2316 1996 Θάρῤα
2350 1926 2438 1978 τὸν
2506 1924 2786 1996 Ἁϐραάμ,
2836 1925 3088 1996 Ἀϐραὰμ
3127 1925 3216 1978 τὸν
3277 1925 3480 1989 Ἰσαὰκ,
3525 1930 3706 1980 Ἰσαὰκ

2127 2017 2218 2069 τὸν
2275 2015 2488 2077 Ἰακὼϐ,
2534 2015 2728 2068 Ἰακὼὸ
2773 2015 2864 2068 τὸν
2910 2015 3112 2080 Ἰούδα,
3165 2014 3334 2068 Ἰούδα
3376 2017 3469 2069 τὸν
3509 2017 3705 2088 Φάρες,

2127 2109 2301 2178 Φάρες
2339 2108 2430 2160 τὸν
2483 2105 2724 2178 Ἐσρὼμ,
2779 2105 3000 2178 Ἐσρὼμ
3031 2107 3120 2160 τὸν
3161 2107 3358 2178 Ἀρὰμ,
3407 2108 3594 2179 Ἀρὰμ
3625 2109 3710 2160 τὸν

2143 2197 2459 2268 ’Δμιναδὰ6,
2524 2196 2820 2267 Ἀμιναδὰϐ
2875 2197 2967 2249 τὸν
3013 2196 3303 2251 Ναασσών.
3361 2197 3450 2250 Ἐν
3497 2198 3708 2268 χρόνοις

2131 2286 2399 2341 Ναασσὼν
2442 2285 2536 2340 τοῦ
2585 2287 2860 2357 φυλάρχου
2895 2285 2987 2338 τοῦ
3039 2285 3227 2349 Ἰούδα,
3275 2287 3367 2340 καὶ
3397 2290 3456 2340 ὲν
3496 2289 3707 2359 χρόνοις

2143 2375 2316 2450 Ἰησοῦ
2357 2376 2451 2431 τοῦ
2496 2378 2672 2448 Ναυῆ,
2718 2376 2907 2430 ἔλαϐον
2939 2378 2987 2429 oi
3020 2373 3125 2430 υἱοὶ
3157 2377 3250 2430 τοῦ
3301 2377 3419 2448 Σὴμ
3447 2379 3547 2446 τὴν
3582 2379 3708 2432 ιδίαν

2131 2472 2254 2542 γῆν,
2309 2470 2578 2542 μηδεμιᾶς
2613 2469 2823 2532 ἀδικίας
2855 2469 2912 2521 ὲν
2959 2467 3108 2539 μέσῳ
3149 2469 3521 2539 ὑπαρχούσης,
3575 2470 3705 2523 ἀλλὰ

2131 2563 2546 2634 δικαιοκρισίας.
2568 2563 2773 2616 Ἔπεσε
2793 2557 2884 2615 οὖν
2900 2563 2966 2616 τὰ
2992 2559 3144 2632 τείχη
3177 2560 3383 2631 Ἰεριχὼ
3405 2557 3705 2632 αὐτόματα.

2145 2653 2207 2706 Ἥ
2249 2653 2358 2723 γὰρ
2397 2651 2706 2721 δικαιοσύνη
2743 2651 2950 2704 ἐκδικεῖ
2993 2652 3091 2721 τὴν
3135 2651 3368 2705 ἀδικίαν.
3430 2649 3521 2703 Ἐν
3577 2652 3711 2704 ἑπτὰ

2134 2745 2372 2816 ἡμέραις
2427 2742 2821 2814 περιεκύκλουν
2878 2742 2944 2796 τὰ
2997 2743 3182 2814 τείχη,
3237 2743 3333 2796 καὶ
3385 2743 3601 2811 ἐγίνετο
3655 2746 3710 2796 τὸ

2135 2837 2440 2901 Σάϐϐατον,
2476 2837 2562 2888 ἴνα
2592 2833 2850 2905 πληρωθῇ
2883 2837 2916 2905 ἡ
2949 2834 3284 2904 δικαιοσύνη.

2206 2927 2327 2982 HA'.
2368 2927 2443 2981 Οὐ
2483 2927 2640 2997 μόνον
2665 2927 2722 2979 δὲ
2749 2925 2926 2988 τοῦτο,
2957 2925 3092 2978 ἀλλὰ
3132 2926 3271 2978 ἑπτὰ
3295 2925 3523 2995 λύχνους
3559 2925 3714 2996 ἔσχεν

448 3034 576 3070 cum
629 3015 926 3070 sanctuarii
976 3013 1363 3068 candelabrum
1429 3015 1480 3068 in
1535 3015 1887 3072 tabernaculo
1952 3025 2027 3072 te-

2135 3021 2168 3090 ἡ
2193 3020 2384 3090 λυχνία
2405 3017 2498 3071 τοῦ
2529 3019 2865 3088 ἁγιάσματος
2887 3018 2943 3069 ὲν
2971 3019 3036 3088 τῇ
3070 3020 3239 3088 σκηνῇ
3265 3015 3358 3070 τοῦ
3381 3017 3711 3089 μαρτυρίου,

448 3109 920 3178 ειὶωυηίἱερριοιη
947 3107 1199 3160 lucernas
1254 3107 1495 3169 haberet,
1551 3121 1740 3163 omnes
1769 3110 1872 3164 illa:
1899 3127 2033 3180 quo-

448 3203 582 3257 tidie
642 3202 844 3271 pariter
897 3199 1357 3260 accendebantur,
1397 3200 1659 3253 nec*u|lo
1708 3199 1796 3254 die
1849 3216 2033 3254 cessa-

452 3303 544 3349 bat
587 3308 774 3349 earum
838 3293 1057 3361 aliqua;
1111 3292 1202 3346 sed
1229 3289 1416 3345 eadem
1446 3292 1536 3345 lux
1566 3292 1796 3362 singulis
1827 3292 2020 3348 diebus

525 3453 541 3483 ⁸
577 3451 711 3507 Gen.
746 3450 946 3513 “,16.
1024 3453 1044 3482 ³
1067 3467 1157 3519 π).
1195 3449 1562 3520 Σαμαρταῖον.

528 3568 639 3639 (17)
683 3567 790 3639 Kal
821 3565 1243 3639 καθ’ἑκάστην
1286 3564 1532 3639 ᾐμέραν.
1587 3564 1720 3619 Illud
1757 3565 1886 3630 ἴσως
1920 3582 2029 3620 non

452 3636 804 3710 ἀπορητικῶς
829 3638 971 3710 sumi
1008 3645 1171 3710 puto,
1206 3636 1300 3710 sed
1323 3639 1471 3710 idem
1498 3653 1629 3710 esse
1657 3645 1820 3710 atque
1842 3653 2028 3706 aequa-

455 3705 600 3762 liter.
624 3705 805 3773 ’ρυοά
857 3708 931 3760 ait
983 3705 1101 3757 καθ’
1137 3707 1371 3776 ἑκάστην
1405 3706 1614 3776 ἡμέραν
1659 3705 1916 3776 lucernas
1941 3722 2032 3760 ar-

455 3781 618 3842 sisse,
651 3783 719 3832 de
745 3789 926 3839 nocte,
967 3791 1087 3844 qum
1115 3775 1455 3846 νυχθημέρου
1491 3791 1616 3845 pars
1660 3786 1764 3837 est,
1802 3775 2027 3830 dubium

454 3857 540 3905 est
566 3849 795 3903 nullum.
829 3846 936 3901 Sed
963 3855 1142 3900 utrum
1168 3847 1403 3900 interdiu
1427 3860 1641 3914 quoque
1658 3846 1896 3914 luxerint
1920 3861 2028 3900 non

453 3922 592 3973 adeo
622 3927 858 3972 constat.
894 3917 1161 3988 Lyranus,
1197 3923 1253 3988 et
1281 3912 1572 3988 Abulensis
1601 3917 1666 3968 ad
1697 3912 1838 3988 lib._l
1869 3915 2026 3986 Reg.,

459 3998 623 4042 noctu
657 3988 860 4057 diuque
904 3986 1108 4057 pariter
1149 3987 1354 4040 arsisse
1403 3986 1671 4057 scribunt,
1721 3986 1816 4057 scd
1862 3997 2025 4040 noctu

458 4055 786 4130 plurestde—
818 4055 919 4112 die
935 4057 1240 4130 pauciores,
1272 4057 1378 4110 hoc
1407 4064 1511 4119 est,
1546 4065 1603 4130 ut
1630 4055 1902 4124 Iosephus
1934 4071 2026 4130 as-

455 4127 614 4193 titerit,
677 4129 770 4182 lib.
821 4144 904 4192 ttt,
941 4143 1062 4196 cap.
1113 4129 1168 4190 9,
1226 4133 1480 4196 quatuor.
1545 4127 1786 4196 Quorum
1842 4127 2028 4195 opinio

455 4200 786 4256 auctoritate
811 4195 1108 4268 Scriptura:
1136 4195 1346 4250 nititur.
1363 4197 1424 4268 Si
1448 4197 1663 4264 quidem
1691 4195 1860 4250 Exodi
1897 4213 2024 4268 xxx,

453 4286 595 4324 cum.
632 4270 685 4331 8,
746 4278 853 4322 tam
911 4267 1069 4322 mane
1121 4267 1374 4336 componi
1427 4268 1681 4331 lucerna),
1750 4281 1913 4336 quam
1961 4267 2029 4320 ad

2140 3113 2235 3166 καὶ
2276 3109 2398 3164 καθ’
2452 3109 2688 3180 ἑκάστην
2725 3108 2938 3179 ἡμέραν
2981 3109 3030 3161 οί
3076 3109 3214 3162 ἑπτὰ
3260 3109 3440 3180 λύχνοι
3485 3107 3714 3180 ﬁrm-:11!)

2141 3203 2290 3265 ἴσως,
2329 3203 2421 3254 καὶ
2462 3201 2569 3254 οὐδ’
2597 3201 2733 3264 ὅλως
2759 3204 2816 3254 ὲν
2851 3204 2949 3271 μιᾷ
2982 3201 3164 3272 ἡμέρᾳ
3202 3202 3358 3271 ἡργει
3386 3197 3468 3265 εἷς
3498 3199 3710 3254 αὐτῶν·

2141 3294 2276 3348 ἀλλὰ
2305 3294 2426 3348 καθ’
2459 3294 2694 3364 ἑκάστην
2726 3293 2939 3365 ἡμέραν
2973 3293 3083 3364 (47)
3113 3294 3172 3346 τὸ
3202 3293 3332 3347 αύτό
3366 3294 3483 3362 φῶς
3510 3289 3600 3365 ἦν.
3641 3293 3713 3347 Οὐ

2140 3565 2246 3636 Sed
2279 3581 2372 3622 eos
2406 3569 2830 3623 commentarios
2889 3577 3012 3621 ante
3057 3567 3452 3621 correctionem
3494 3568 3711 3636 scrips't

2138 3635 2358 3690 Ribera.
2385 3638 2554 3693 Hodie
2580 3653 2710 3692 vero
2747 3653 2871 3690 cum
2905 3637 3164 3698 Hebraeis,
3199 3645 3250 3691 et
3277 3636 3504 3698 Graecis,
3535 3635 3709 3691 Latini

2139 3706 2358 3763 codices
2392 3709 2554 3762 verba
2575 3709 2686 3771 illa,
2719 3708 2933 3762 lucerna
2965 3708 3174 3760 Domini
3209 3717 3490 3776 antequam
3513 3710 3712 3762 exstin-

2135 3788 2402 3900 gueretur,
2447 3779 2607 3832 alteri
2659 3780 2913 3832 connnati
2960 3779 3228 3832 tribuunt.
3260 3776 3628 3848 Hieronymus
3660 3782 3710 3832 itt

2171 3847 2348 3900 'radit.
2393 3847 2554 3900 Hebr.
2594 3849 2737 3900 hunc
2770 3849 2947 3900 insum
3003 3849 3178 3900 locum
3231 3849 3542 3900 declarans.
3601 3850 3709 3900 hzcc

2171 3847 2348 3903 'radit.
2393 3847 2554 3902 Hebr.
2594 3849 2737 3903 hunc
2770 3849 3178 3918 ipsumdlocum
3231 3847 3542 3909 declarans,
3601 3850 3709 3900 lucc

2137 3919 2332 3973 scribit
2361 3937 2373 3972 :
2406 3918 2558 3981 Quod
2593 3936 2710 3972 vero
2743 3916 2818 3970 ait
2849 3932 2865 3970 :
2898 3937 2915 3967 ι
2951 3916 3018 3970 Et
3046 3928 3325 3986 antequam
3366 3919 3587 3972 lucerna
3623 3918 3710 3970 Dei

2132 3989 2553 4056 exstingueretur
2585 3991 2639 4042 in
2663 3989 2852 4056 templo
2884 3987 3116 4052 Domini,
3149 3988 3236 4040 ubi
3272 3999 3387 4041 erat
3428 4006 3557 4040 arca
3597 3987 3706 4048 Dei,

2135 4057 2352 4112 Samuel
2383 4058 2716 4121 dormiebat,
2754 4078 2771 4109 ι
2812 4070 3088 4127 antequam
3137 4060 3350 4112 lucerna
3387 4057 3480 4112 Dei
3513 4060 3710 4111 exstin-

2135 4139 2399 4197 gueretur,
2433 4128 2660 4198 intelligi
2675 4139 3182 4198 oportetmntequam
3204 4129 3297 4181 tua:
3324 4129 3520 4181 diurna
3541 4131 3705 4196 fieret,

2133 4200 2345 4268 quando
2373 4200 2555 4252 eadem
2585 4199 2966 4268 exstinguenda
2995 4209 3105 4252 erat
3132 4199 3365 4252 lucerna.
3400 4201 3492 4253 Sic
3518 4201 3707 4252 enimn

2140 4267 2364 4339 Domino
2406 4286 2496 4337 per
2540 4267 2991 4339 Moysen’jussnm
3021 4279 3164 4332 erat,
3191 4278 3246 4322 ut
3287 4269 3469 4323 eadem
3495 4271 3708 4322 lucerna

456 4352 741 4408 vesperum
777 4339 1035 4393 collocari
1075 4337 1351 4392 dicuntur.
1382 4337 1605 4402 Quando
1638 4346 1910 4409 componet
1947 4337 2028 4409 lu:
2066 4355 2106 4406 ι)
2137 4337 2329 4409 luceret
2355 4355 2514 4408 usque
2546 4337 2714 4394 mane.
2746 4337 2913 4409 Igitur
2947 4351 3108 4394 noctu
3153 4341 3412 4393 duntaxat
3446 4340 3708 4393 ardebant

457 4407 667 4471 cernas,
690 4409 926 4463 incendat
963 4409 1118 4472 illud,
1153 4418 1200 4462 et
1246 4411 1456 4475 quando
1504 4407 1781 4461 collocabit
1816 4424 1904 4460 eas
1959 4408 2026 4460 ad

458 4495 746 4547 vesperum,
783 4490 914 4541 etc.,
941 4480 1084 4547 quod
1127 4478 1352 4546 intelligi
1380 4493 1487 4531 non
1513 4489 1706 4546 potest,
1739 4480 1783 4532 si
1807 4493 2032 4547 uespere

457 4546 725 4604 duntaxat
775 4546 1000 4604 accendi
1064 4548 1318 4601 lucernas
1369 4548 1536 4600 moris
1596 4549 1777 4600 fuerit.
1830 4546 2029 4601 Verum

461 4629 628 4674 noctu
671 4617 937 4673 duntaxat
997 4619 1201 4672 luxisse
1253 4618 1540 4686 perspicue
1587 4618 1814 4670 docetur
1859 4615 2029 4671 Exodi

461 4705 613 4750 xxw,
671 4703 814 4743 com.
843 4691 935 4752 2|,
989 4689 1081 4742 ubi
1138 4687 1204 4742 de
1264 4689 1484 4740 lucerna
1517 4687 1588 4739 ita
1624 4688 2028 4755 praescribitur:

462 4759 531 4812 Et
565 4758 1033 4813 collocabunteam
1064 4757 1240 4810 Aaron
1256 4766 1305 4810 et
1335 4756 1662 4825 ﬁliiejus,ut
1694 4773 1855 4826 usque
1880 4773 2030 4810 mane

458 4832 630 4884 luceat
664 4846 841 4882 coram
875 4826 1305 4888 Domino:LXX.
1344 4830 1433 4895 ἀφ’
1465 4828 1703 4898 ἑσπέρας
1729 4827 1834 4889 ἕως
1860 4829 2024 4898 πρωῒ.

459 4901 700 4972 ldipsum
724 4909 776 4954 et
806 4916 871 4954 ex
918 4901 1013 4972 lib.
1044 4900 1063 4952 l
1098 4898 1229 4967 Reg.
1276 4913 1396 4968 cap.
1434 4913 1514 4972 nt,
1547 4914 1687 4951 com.
1722 4899 1776 4959 3,
1810 4898 2034 4972 deduci-

457 4969 568 5026 tur'.
613 4971 852 5024 Lucerna
905 4971 996 5024 Dei
1037 4979 1314 5039 antequam
1359 4970 1798 5039 castingueretur,
1836 4969 2028 5037 inquit,

456 5042 677 5096 Samuel
708 5041 1002 5095 dormiebat
1056 5042 1109 5093 in
1142 5037 1329 5106 tentplo
1371 5037 1604 5101 Domini,
1633 5039 1720 5092 ubi
1753 5047 1870 5092 erat
1905 5055 2030 5092 arca

459 5112 576 5167 Dei.
608 5112 709 5179 Qui
745 5113 896 5168 locus
927 5113 1054 5166 olim
1099 5112 1151 5164 in
1208 5109 1414 5164 Latinis
1442 5110 1727 5164 codicibus
1773 5109 2032 5164 tt’tendosc

457 5183 736 5254 legebatur
788 5183 889 5236 hoc
929 5181 1090 5237 modo
1123 5199 1135 5234 :
1169 5179 1278 5234 Nec
1305 5189 1508 5254 poterat
1553 5179 2031 5254 videre_lt_tcernam

460 5250 556 5306 Di'i
576 5268 856 5324 antequam
887 5251 1604 5324 exstingueretur,adversus
1625 5260 1687 5324 et
1710 5250 2028 5324 Hebraicam

463 5325 644 5383 tidetn,
669 5321 724 5378 et
757 5321 1078 5378 Grati-orum
1101 5322 1628 5391 interpretationem.
1653 5321 1809 5391 Quod
1840 5322 2028 5373 vitium

461 5393 592 5445 olim
617 5393 729 5460 jam
749 5395 1120 5450 subodoratus
1142 5390 1259 5448 erat
1286 5391 1554 5462 Lyranus,
1590 5403 1641 5445 et
1680 5408 1708 5444 a
1751 5390 2031 5462 Clemente

461 5464 732 5532 pontiﬁce
750 5465 1046 5518 novissima
1078 5461 1398 5517 recensione
1417 5464 1690 5517 sublatum
1718 5469 1822 5517 est.
1849 5461 2031 5527 Quare

463 5530 668 5586 l‘rustra
706 5530 903 5587 Ribcra
937 5543 1121 5587 noster
1147 5532 1345 5588 Hahae.
1393 5549 1453 5596 tt,
1499 5533 1570 5588 ita
1618 5533 1875 5586 obsoleta:
1906 5532 2031 5585 huic

464 5603 685 5673 lectioni
718 5604 1111 5672 patrocinatur,
1131 5605 1285 5672 quasi
1305 5614 1326 5662 Ἰ
1347 5604 1714 5673 c0pulativum
1731 5603 1783 5656 in
1806 5602 2030 5656 Ilcbrreo

464 5671 734 5727 redundet
769 5690 782 5726 :
818 5673 882 5726 Et
913 5690 1014 5726 non
1042 5671 1245 5741 poterat
1272 5671 1460 5739 videre,
1506 5683 1554 5728 et
1595 5674 1863 5727 lucernam
1914 5674 2023 5726 Dei.

2137 4408 2392 4471 lucernae,
2416 4423 2537 4478 qua:
2559 4411 2661 4464 sub
2717 4408 2998 4478 vesperam
3037 4411 3495 4470 accendebantur,
3552 4424 3708 4462 mane

2133 4481 2623 4550 componebantur.
2674 4478 2805 4544 Quae
2861 4480 2970 4534 duo
3017 4481 3305 4549 plurimum
3370 4481 3704 4548 discrepant.

2134 4547 2318 4610 Aliud,
2371 4552 2614 4611 inquam,
2647 4559 2733 4604 est
2775 4547 3036 4603 collocare
3087 4551 3349 4611 lucernas,
3385 4550 3534 4602 aliud
3561 4547 3709 4600 Scam-

2131 4633 2340 4684 ponere.
2367 4619 2526 4673 Prius
2549 4622 2679 4673 illud
2703 4630 2786 4674 cst
2811 4620 3136 4674 candelabro
3153 4622 3402 4674 lucernas
3428 4621 3710 4686 imponere

2133 4697 2186 4742 et
2219 4692 2540 4746 accendere.
2573 4691 2696 4745 Ideo
2723 4706 2842 4759 cap.
2877 4691 2969 4744 illo
3005 4707 3153 4744 xxvn
3204 4691 3396 4753 Exodi,
3433 4704 3580 4743 com.
3615 4689 3706 4750 21,

2134 4760 2224 4813 ubi
2270 4759 2458 4826 Latine
2505 4761 2586 4831 sic
2622 4761 2858 4831 legitur:
2890 4759 2957 4813 Et
2996 4761 3325 4814 collocabant
3356 4776 3472 4813 eam
3507 4761 3706 4820 Aaron,

2131 4842 2179 4911 et
2211 4831 2313 4899 ﬁlii
2349 4831 2484 4913 ejus,
2506 4829 2769 4912 Hebraice
2803 4832 3068 4913 scriptum
3094 4841 3185 4913 est
3213 4839 3378 4913 1am,
3407 4831 3704 4913 ordinabit,

2133 4901 2186 4952 in
2239 4903 2570 4956 candelabro
2619 4900 2933 4954 nimirum.‘
2965 4904 3032 4953 At
3089 4900 3274 4955 Grarc'e
3328 4902 3523 4953 καύσει
3579 4901 3711 4953 αὐτὸ

2130 4969 2407 5092 ὲνίόειὶοει
2437 4971 2639 5042 oleum)
2657 4971 2886 5092 Ἀαρὼν,
2916 4972 3011 5025 καὶ
3032 4973 3139 5025 υἱοὶ
3163 4971 3328 5025 αὐτοῦ
3356 4973 3449 5039 ἀφ’
3471 4971 3710 5051 ἑσπέρας

2163 5058 2237 5092 ως
2264 5043 2427 5092 πρωΐ.
2463 5041 2570 5092 Sed
2631 5045 2684 5092 in
2737 5044 2749 5092 i
2780 5044 2828 5092 Io
2887 5044 3025 5092 loco.
3085 5058 3244 5092 auem
3299 5043 3595 5092 Ahulensrs
3643 5055 3710 5092 et

2163 4989 2407 5026 Vlﬂellcel
2437 4989 2639 5042 meum)
2672 4989 2752 5024 Λα
2791 4989 2886 5036 ων,
2916 4989 3011 5025 και
3032 4989 3139 5025 υιοι
3163 4989 3328 5025 αυτου
3356 4989 3446 5039 αφ·
3471 4989 3710 5040 compa;

2163 5058 2237 5104 ως
2264 5043 2427 5113 πρωΐ.
2463 5041 2570 5098 Sed
2631 5045 2684 5113 in
2737 4989 2828 5113 illo
2887 5044 3025 5107 loco,
3085 5058 3244 5113 quem
3299 5043 3595 5095 Aliulensis
3643 5055 3710 5094 et

2131 5125 2251 5180 cap.
2275 5111 2417 5183 xxx,
2445 5127 2586 5183 com.
2620 5112 2674 5176 8,
2705 5111 2933 5183 profert,
2987 5127 3086 5182 pro
3130 5111 3322 5166 Latino
3365 5120 3712 5176 componendi

2133 5182 2422 5247 vocabulo,
2452 5181 2720 5238 Hebraice
2736 5191 2910 5241 27137.1
2929 5181 3073 5253 φίρά
3103 5193 3185 5238 est
3212 5191 3398 5251 aptare
3427 5196 3491 5253 ac
3519 5195 3712 5253 repur-

2132 5267 2282 5319 gare,
2309 5254 2391 5306 vel
2415 5254 2599 5323 potius
2621 5251 2960 5318 recondere,
2979 5252 3165 5308 Graece
3190 5252 3580 5312 ἐπισκευάσαι,
3610 5251 3712 5323 hoc

2130 5330 2214 5376 est
2269 5323 2322 5376 in
2371 5319 2491 5378 lo’co
2525 5339 2645 5387 suo,
2687 5339 2751 5376 ac
2779 5326 2959 5382 theca.
2989 5326 3073 5378 vel
3105 5325 3240 5379 cella
3294 5337 3581 5392 reponere.
3621 5319 3711 5373 Sic

2130 5406 2462 5462 componere
2517 5403 2793 5449 mortuum
2848 5397 2902 5448 in
2939 5396 3102 5456 lecto,
3137 5393 3280 5464 quod
3331 5391 3710 5464 nosidicimus

2131 5478 2371 5534 agencer.
2415 5464 2614 5520 Ibidem
2643 5480 2772 5519 vero
2805 5481 2903 5534 pro
2924 5481 2987 5520 eo
3004 5463 3404 5534 quod’Latinus
3439 5463 3712 5534 interpres

2131 5533 2312 5595 habet,
2342 5535 2553 5605 quando
2601 5531 2826 5589 collocat
2866 5552 2954 5591 eas
2995 5531 3064 5588 ad
3110 5551 3402 5605 vesperum,
3441 5531 3710 5586 llebraice

2131 5629 2236 5708 seri
2247 5635 2395 5708 ptum
2414 5612 2740 5708 .es'tnmlpgrt,
2772 5629 2874 5685 hoc
2887 5637 2971 5685 cst
3001 5628 3558 5708 attollereLimponer'e
3581 5640 3712 5708 ¹ςτιινι-

2129 5695 2379 5766 delubro,-
2414 5695 2553 5752 LXX
2612 5700 2888 5766 ἐξάπτειν,
2948 5703 3199 5759 accendre
3251 5698 3344 5754 Sic
3362 5695 3475 5752 'lib.
3525 5695 3704 5766 Hiq-
