3826 6206
109 285 206 342 165

761 277 1130 344 ADV'ERSUS
1160 274 1500 343 HERESES
1530 267 1663 337 Lm.
1704 279 1769 335 ιι.
1811 275 1974 338 Ton.
2013 273 2080 336 ιι.
2117 310 2190 326 -
2225 275 2503 339 amaris.
2544 282 2730 338 LXVI.

3251 276 3354 332 166

106 403 293 472 γέγονε
320 403 432 476 γὰρ
453 403 513 458 τὸ
533 405 809 461 Σάϐϐατον
829 405 940 478 (48)
968 408 1047 470 είς
1070 406 1406 473 ἀπόκλεισιν,
1436 403 1570 458 ἀλλὰ
1600 403 1679 466 εἰς

1789 401 2072 456 ardebat’.
2108 399 2318 457 Etenim
2360 400 2654 456 Sabbatum
2713 414 2822 454 non
2868 399 2934 454 ad
2975 396 3350 453 intercluden-

105 493 262 564 ἔργον
294 495 518 563 ἀγαθόν.
552 496 796 568 Μηδενὸς
821 496 878 549 δὲ
907 497 1044 559 ὅλως
1073 494 1439 568 ἐργαζομένου
1476 496 1533 546 ὲν
1558 493 1677 555 ταῖς

106 582 312 638 δώδεκα
339 585 558 653 φυλαῖς,
601 587 762 658 μόνον
814 587 875 640 τὸ
930 587 1316 658 θυσιαστήριον
1358 587 1458 639 οὐκ
1497 585 1677 654 ἦργει,

105 675 286 742 καθὼς
323 679 474 747 λέγει
502 681 532 732 6
571 678 775 751 Κύριος
812 681 869 732 ὲν
898 678 974 750 τῷ
1000 679 1320 750 Εὐαγγελίῳ
1342 696 1355 710 ’
1394 680 1458 731 Oi
1507 674 1680 744 ἱερεῖς

103 764 270 834 ὑμῶν
283 767 622 836 ,ϐεϐηλοῦσι
662 768 728 822 τὸ
759 768 1059 823 Σάϐϐατον
1088 770 1158 822 ἐν
1185 765 1265 833 τῷ
1294 765 1440 833 ναῷ,
1475 768 1574 820 καί
1597 767 1677 818 εὶ-

105 871 208 910 cur
261 859 538 914 ἀναίτιοι.
572 860 646 913 Τὸ
693 860 768 924 δὲ,
803 860 1090 932 βεϐηλοῦσι
1116 860 1176 912 τὸ
1213 859 1506 922 Σάϐϐατον,
1535 856 1678 910 τοῦτ’

103 947 216 1003 ἔστι
249 949 456 1004 λύουσι.
501 952 702 1006 Λύουσι
735 953 790 1006 δὲ
824 953 962 1018 πῶς,
1000 953 1114 1006 ἀλλ’
1144 953 1178 1026 ἢ
1215 952 1406 1005 θυσίαν
1443 947 1680 1022 προσφέ-

103 1057 295 1112 ροντες
317 1043 394 1112 τῷ
423 1041 562 1118 Θεῷ,
592 1037 679 1098 ἵνα
716 1043 790 1116 μὴ
818 1045 1036 1118 άργήσῃ
1063 1044 1122 1097 τὸ
1159 1042 1570 1113 θυσιαστήριον;
1602 1038 1677 1091 Οὐ

105 1131 268 1202 μόνον
298 1133 354 1184 δὲ
379 1115 555 1196 τοῦτο,
591 1133 725 1188 ἀλλὰ
752 1135 846 1187 καὶ
876 1115 1033 1204 ἥλιος
1064 1133 1341 1187 ἀνατέλλει
1379 1133 1472 1184 xui.
1509 1129 1676 1196 δύνει,

101 1217 192 1270 καὶ
223 1218 421 1290 σελήνη
454 1220 608 1285 αὔξει
636 1221 730 1274 καὶ
761 1221 957 1290 φθίνει,
989 1221 1084 1276 καὶ
1107 1223 1294 1292 ἄνεμοι
1316 1221 1554 1284 πνέουσι,
1584 1220 1678 1274 καὶ

101 1310 306 1380 καρποὶ
332 1309 709 1380 βλαστάνουσι,
739 1311 834 1364 καὶ
859 1313 1090 1384 μητέρες
1109 1311 1358 1380 γεννῶσι,
1383 1311 1476 1365 καὶ
1503 1311 1680 1364 πάντα

107 1401 319 1469 γίνεται
348 1404 406 1456 ὲν
435 1404 721 1476 Σαϐϐάτῳ.
754 1404 852 1457 Διὰ
882 1404 1038 1457 τοῦτο
1085 1403 1177 1456 καὶ
1205 1405 1234 1456 6
1276 1403 1480 1474 Κύριος
1512 1403 1678 1456 ἐλθὼν

101 1495 200 1547 οὐκ
231 1496 618 1549 ἐτεκτόνευσεν
649 1499 706 1550 ὲν
751 1495 1034 1566 Σαϐϐάτῳ,
1083 1497 1182 1548 οὐκ
1216 1494 1565 1566 ὲχάλκευσεν,
1617 1491 1678 1546 οῦ

101 1607 152 1642 τι
183 1590 408 1663 ἓτερον·
449 1592 586 1645 ἀλλὰ
611 1592 740 1655 Θεὸς
767 1591 842 1644 ὢν
875 1590 1010 1644 Θεοῦ
1038 1590 1195 1662 ἔργον
1227 1590 1538 1662 εἰργάσατο.
1571 1588 1680 1642 Καί

102 1699 268 1754 φησιο
303 1679 492 1752 Ἀρον
519 1685 626 1738 τὸν
659 1683 990 1752 κράϐϐατόν
1023 1699 1159 1747 σου,
1196 1684 1294 1738 καὶ
1335 1683 1674 1752 περιπάτει·

101 1750 186 1826 ἵνα
212 1774 329 1826 ἀπὸ
375 1750 469 1828 τοῦ
501 1750 860 1845 βαστάζοντος
908 1777 1048 1846 φανῇ
1083 1775 1142 1827 τὸ
1175 1773 1334 1845 ἔργον
1373 1750 1432 1827 τὸ
1466 1774 1680 1844 γινόμε-
1709 1750 1751 1804 Β

103 1883 210 1932 νον,
265 1866 354 1918 ἵνα
400 1867 602 1930 πάντες
634 1865 1024 1936 έπιγνώσονται
1071 1867 1162 1920 τὸν
1197 1867 1290 1919 ἀπ’
1337 1865 1566 1936 οὐρανοῦ
1596 1865 1680 1919 ex-

98 1956 259 2009 θόντα
295 1958 430 2029 πρὸς
467 1957 718 2028 βοήθειαν
753 1959 892 2022 υἱοῖς
919 1959 1028 2012 τῶν
1058 1957 1382 2031 ἀνθρώπων.
1417 1961 1526 2012 Καὶ
1570 1959 1680 2029 γὰρ

99 2045 170 2117 τῷ
203 2047 312 2118 μὲν
337 2049 453 2102 ὸντι
476 2046 606 2122 ἦλθε
628 2050 787 2105 λῦσαι
817 2053 877 2106 τὸ
904 2052 1182 2107 Σάὃὸατον
1201 2069 1218 2084 ο
1247 2054 1347 2107 οὐκ
1372 2053 1602 2122 ἠδύνατο
1623 2053 1680 2106 δὲ

101 2135 260 2191 λῦσαι
288 2139 442 2204 αὐτὸ,
472 2143 521 2193 εἰ
551 2141 828 2214 ἀλλότριον
857 2143 1021 2197 αὐτοῦ
1058 2143 1319 2214 ὑπῆρχεν.
1354 2144 1542 2208 Οὐδεὶς
1574 2143 1680 2214 γὰρ

101 2230 382 2301 ἀλλότριον
403 2232 518 2286 λύει
543 2233 722 2306 ἔργον,
753 2237 799 2289 εἰ
829 2237 958 2308 μήτι
980 2235 1046 2290 ἂν
1072 2237 1361 2307 ὲκλήπτωρ
1385 2235 1680 2306 ἀλλοτρίων

99 2324 124 2375 6
147 2323 400 2387 τοιοῦτος
437 2327 674 2396 γένηται,
704 2327 796 2380 καὶ
829 2327 1104 2399 ἀλλότριος
1131 2327 1425 2392 ἐπίσκοπος
1453 2329 1492 2392 ¹,
1526 2327 1680 2391 δίκας

101 2413 301 2467 ἑαυτοῦ
319 2415 806 2488 ὲξαγοραζόμενος.
827 2419 1047 2492 Ἐπειδὴ
1066 2419 1122 2472 δὲ
1144 2419 1272 2473 ἴδιον
1291 2419 1454 2472 αὐτοῦ
1470 2421 1680 2492 ὑπῆρχε

105 2505 160 2558 τὸ
185 2507 494 2573 Σάϐϐατον,
535 2509 622 2562 διὰ
665 2511 820 2564 τοῦτο
860 2511 1028 2580 λέγει,
1072 2513 1153 2565 ὅτι
1194 2513 1409 2581 Κύριός
1449 2514 1622 2567 ἐστιν
1650 2517 1682 2568 ό

121 2597 254 2664 Υἱὸς
285 2598 398 2652 τοῦ
430 2600 741 2670 ἀνθρώπου
769 2602 868 2655 καὶ
895 2603 999 2656 τοῦ
1029 2605 1351 2660 Σαϐϐάτου.
1377 2605 1486 2660 Καί
1516 2622 1679 2676 φησι·

109 2692 232 2758 Οὐχ
257 2693 294 2744 ό
315 2690 625 2759 ἅνθρωπος
644 2693 740 2748 διὰ
761 2694 826 2748 τὸ
859 2695 1165 2748 Σάϐϐατον
1182 2696 1685 2766 τεγένηται,ἀλλὰ

99 2781 162 2834 τὸ
199 2781 514 2837 Σάϐϐατον
557 2783 658 2838 διὰ
687 2785 794 2838 τὸν
818 2783 1150 2855 ἄνθρωπον.
1190 2787 1255 2838 Εἰ
1283 2786 1460 2841 τοίνυν
1495 2789 1684 2858 ἐποίη-

103 2890 189 2926 σεν
217 2875 248 2926 6
277 2873 416 2939 Θεὸς
447 2875 508 2928 τὸ
545 2877 820 2931 Σάϐϐατον
861 2877 948 2931 διὰ
979 2879 1070 2932 τὸν
1099 2878 1408 2950 ἄνθρωπον,
1438 2881 1532 2934 καὶ
1561 2898 1687 2952 προ-

101 2965 334 3038 ετίμησε
361 2967 454 3020 τὸν
485 2967 768 3040 ἄνθρωπον
802 2970 953 3042 παρὰ
985 2970 1047 3024 τὸ
1077 2971 1372 3040 Σάϐϐατον,
1408 2974 1496 3026 ἵνα
1527 2975 1555 3026 6
1587 2972 1681 3026 ἄν-

1777 491 1930 558 dum,
1963 491 2056 548 sed
2085 492 2150 546 ad
2191 493 2560 562 praestandum
2609 491 2814 545 bonum
2851 505 2989 559 opus
3043 495 3127 542 cst
3156 488 3342 542 consti.

1779 591 1976 639 tutum.
2008 584 2254 656 Cumque
2284 599 2445 640 nemo
2474 583 2690 655 penitus
2715 583 2769 636 in
2794 581 3080 635 duodecim
3104 579 3352 633 tribubus

1779 685 2040 746 operatus
2091 685 2258 742 esset,
2305 675 2481 730 solum
2511 675 2680 730 altare
2709 663 2990 743 nunquam
3025 669 3349 734 feriabatur,
3384 665 3394 696 '

1779 769 1916 823 utin
1957 768 2250 840 Evangelio
2277 777 2509 825 testatur
2549 767 2813 821 Dominus
2861 785 2874 820 ε
2911 763 3225 820 Sacerdotes
3276 780 3354 817 re-

1779 859 1880 912 stri
1895 859 2092 913 violant
2116 859 2275 930 705
2301 861 2356 912 in
2382 859 2569 928 templo
2594 857 2906 920 Sabbatam,
2933 873 2996 910 ac
3020 857 3130 910 sine
3146 865 3356 925 peccato
3455 861 3458 864 ’

1779 963 1904 1007 sunt
1947 953 1986 1010 ³.
2021 953 2318 1009 Profanare
2353 967 2481 1008 vero
2535 951 2677 1007 idem
2707 960 2810 1015 est,
2847 965 2910 1004 ac
2953 951 3186 1005 solvere.
3212 948 3356 1014 Quo-

1779 1043 1942 1098 modo
1995 1060 2124 1100 vero
2154 1046 2365 1101 solvere
2419 1045 2696 1108 dicuntur,
2729 1043 2836 1098 nisi
2866 1041 3010 1112 quod
3059 1041 3166 1096 Deo
3194 1040 3355 1095 sacri-

1791 1137 1974 1192 licium
2021 1135 2278 1201 oll'erunt,
2315 1154 2382 1193 ne
2403 1139 2574 1192 altare
2621 1136 2692 1192 sit
2718 1137 2954 1191 otiosum
2978 1135 3000 1174 ³)
3027 1133 3132 1188 Sed
3163 1141 3220 1186 ut
3252 1131 3355 1186 ista

1783 1237 2126 1298 praeteream,
2155 1229 2345 1284 eodem
2376 1229 2429 1282 in
2463 1227 2700 1282 Sabbato
2725 1227 2806 1282 sol
2831 1227 3008 1280 oritur
3043 1237 3096 1279 et
3127 1223 3354 1287 occidit,

1781 1319 1906 1372 luna
1967 1321 2232 1390 augescit,
2281 1334 2346 1374 ac
2383 1319 2670 1382 minuitur,
2723 1325 3010 1372 ventorum
3061 1315 3224 1370 ﬂatus
3273 1315 3356 1367 iu—

1779 1417 2002 1478 gruunt,
2026 1408 2240 1464 fructus
2258 1410 2548 1479 pullulant,
2575 1417 2777 1463 matres
2795 1409 3035 1479 pariunt,
3055 1416 3357 1476 caeteraque

1781 1499 1917 1555 ﬁunt
1945 1501 2149 1556 omnia.
2183 1500 2309 1556 ldeo
2335 1501 2558 1556 veniens
2589 1501 2706 1570 ipse
2755 1499 3017 1554 Dominus
3047 1515 3156 1554 non
3185 1498 3357 1554 fabri-

1781 1593 1884 1648 lem
1912 1594 1966 1648 in
1999 1593 2240 1648 Sabbato
2271 1601 2462 1658 artem,
2516 1609 2626 1648 non
2653 1592 2922 1654 :erariam,
2954 1599 3048 1644 aut
3093 1592 3254 1644 aliam
3303 1591 3356 1644 id

1781 1701 1954 1756 genus
1982 1685 2228 1740 exercuit
2252 1703 2267 1752 ;
2293 1684 2388 1740 sed
2415 1692 2603 1754 utpote
2626 1686 2764 1738 Deus
2798 1683 3044 1737 divinum
3077 1698 3215 1752 opus
3242 1697 3357 1734 mo-

1781 1777 1912 1833 litus
1944 1788 2046 1833 est.
2085 1777 2250 1844 Tolle,
2283 1777 2480 1846 inquit,
2503 1777 2783 1848 grabatum
2805 1785 2972 1840 tamn,
2996 1783 3043 1828 et
3070 1774 3284 1830 ambula
3313 1771 3356 1836 ⁸,

1782 1877 1840 1924 ιιι
1867 1885 1932 1926 ex
1963 1870 2084 1941 ipso
2102 1876 2350 1941 gestante
2372 1869 2440 1924 de
2485 1869 2733 1922 miraculi
2780 1868 3012 1922 veritate
3054 1873 3355 1926 constaret,

1779 1971 1834 2016 et
1863 1977 1986 2017 eum
2008 1977 2200 2016 omnes
2231 1970 2612 2032 agnoscerent,
2639 1961 2730 2030 qui
2786 1969 2838 2014 ,ιι
2887 1958 3126 2012 humano
3173 1957 3356 2027 generi

1783 2054 2116 2119 subveniret,
2169 2069 2200 2108 e
2241 2054 2381 2108 cmlo
2439 2052 2815 2108 descenderat.
2862 2049 2997 2103 Nam
3037 2065 3226 2104 revera
3257 2051 3352 2104 sol-

1781 2144 1943 2198 vendi
1977 2143 2198 2198 Sabbati
2236 2143 2410 2214 gratia
2437 2149 2661 2198 venerat
2687 2160 2700 2210 ;
2729 2143 2941 2196 solvere
2967 2155 3132 2210 porro
3162 2141 3208 2195 si
3235 2141 3358 2194 alie-

1783 2251 1912 2290 num
1937 2243 2103 2302 esset,
2141 2236 2364 2290 minime
2415 2234 2702 2304 potuisset.
2751 2231 2919 2287 Nemo
2946 2233 3091 2287 enim
3120 2231 3360 2285 alienum

1782 2343 1920 2398 opus
1953 2327 2206 2391 destruit,
2243 2327 2350 2382 nisi
2401 2327 2702 2381 alienorum
2733 2332 3046 2393 usurpator,
3079 2330 3132 2378 et
3171 2337 3358 2377 eorum

1784 2419 2104 2490 peregrinus
2134 2421 2432 2488 inspector,
2465 2419 2558 2488 qui
2584 2417 2691 2472 sibi
2719 2417 2840 2471 lites
2875 2423 3140 2470 arcessat.
3172 2413 3362 2483 Itaque

1784 2511 1930 2583 quod
1963 2513 2029 2566 ad
2069 2528 2190 2568 sese
2225 2512 2520 2582 pertineret
2582 2509 2904 2573 Sabbatum,
2956 2509 3079 2564 ideo
3103 2507 3362 2562 Dominus

1783 2613 1880 2672 est,
1907 2603 2101 2674 inquit,
2155 2597 2330 2657 Filius
2378 2603 2605 2658 hominis
2639 2605 2799 2657 etiam
2851 2600 3070 2656 Sabbati
3102 2601 3146 2653 ⁵.
3183 2601 3308 2653 Item
3347 2618 3358 2652 :

1787 2692 1910 2747 Non
1933 2703 2143 2763 propter
2170 2693 2459 2748 Sabbatum
2481 2694 2632 2748 Itonia
2670 2693 2843 2760 [actus
2900 2701 2976 2745 est
2997 2733 3011 2758 ,
3040 2689 3130 2745 sed
3160 2688 3361 2744 Subba-

1787 2797 1897 2840 tum
1949 2797 2163 2858 propter
2196 2787 2521 2840 hominem".
2566 2787 2747 2851 Quare
2793 2785 2837 2840 si
2882 2784 3180 2839 Sabbatum
3219 2781 3362 2836 Deus

1787 2879 2024 2934 hominis
2067 2895 2232 2934 causa
2287 2879 2554 2943 condidit,
2603 2880 2780 2949 pluris
2825 2877 3074 2933 eumdem
3119 2873 3362 2930 Sabbato

1787 2967 1938 3032 fecit,
1975 2969 2051 3022 uti
2099 2969 2337 3024 futuram
2401 2969 2548 3023 illam
2583 2969 2818 3039 quietem
2855 2967 3201 3038 intelligeret.
3235 2965 3362 3019 Haec

103 3057 321 3129 θρωπος
358 3058 601 3132 γινώσκῃ
643 3059 742 3133 τὴν
777 3062 1082 3116 ἀνάπαυσιν
1117 3064 1210 3116 καὶ
1239 3063 1346 3117 τῶν
1385 3063 1679 3136 μελλόντων

1789 3059 1930 3114 enim
1965 3060 2268 3114 caalestium
2297 3059 2480 3130 ﬁgura:
2502 3069 2650 3126 sunt,
2681 3075 2804 3112 cum
2835 3059 2922 3111 hic
2947 3073 3012 3113 ex
3043 3065 3196 3127 parte
3221 3058 3362 3110 dun-

105 3153 202 3223 τὴν
231 3151 575 3206 ἀνάπαυλαν.
617 3154 908 3208 Ἀντίτυπα
923 3155 1032 3228 γάρ
1057 3158 1173 3210 ἐστι
1195 3157 1364 3211 ταῦτα
1389 3157 1497 3210 τῶν
1518 3160 1682 3210 ἐπου-

107 3243 332 3312 ρανίων.
375 3242 644 3296 Ἐνταῦθα
669 3243 776 3313 γὰρ
800 3243 906 3297 ἀπὸ
937 3244 1155 3316 μέρους,
1186 3247 1368 3298 ἐκεῖνα
1395 3244 1500 3314 δὲή
1537 3247 1684 3298 πᾶσα

101 3333 406 3405 τελειότης.
441 3333 517 3386 Τὸ
543 3332 824 3388 Σάϐϐατον
849 3330 943 3389 οὖν
975 3336 1034 3389 τὸ
1062 3337 1119 3389 ὲν
1150 3338 1300 3406 νόμῳ
1322 3337 1426 3400 ἕως
1462 3338 1561 3408 τῆς
1588 3338 1686 3390 αὐ-

97 3425 192 3479 τοῦ
239 3425 584 3498 παρουσίαν
627 3425 789 3479 ἔλυσε
815 3427 873 3480 δὲ
914 3429 1090 3481 έκεῖνο
1129 3429 1190 3481 τὸ
1227 3429 1534 3494 Σάϐϐατον,
1590 3431 1686 3484 καὶ

99 3517 305 3572 ἔδωκεν
332 3519 464 3589 ἡμῖν
494 3519 556 3571 τὸ
603 3515 744 3589 μέγα
790 3518 1088 3581 Σάδδατον,
1129 3521 1267 3591 ὅπερ
1308 3521 1426 3574 ἐστὶ
1472 3523 1631 3585 αὐτὸς
1658 3525 1686 3576 ὁ

97 3607 331 3680 Κύριος,
367 3611 402 3680 ἡ
436 3608 741 3672 ἀνάπαυσις
772 3610 928 3680 ἡμῶν
975 3613 1069 3664 καὶ
1108 3611 1135 3662 ὁ
1164 3611 1559 3681 Σαϐϐατισμὸς.

167 3694 366 3758 Οὐδεὶς
393 3690 490 3749 οὖν
519 3695 707 3749 διοίσει
741 3695 985 3749 Παλαιὰν
1016 3697 1125 3750 ἀπὸ
1159 3697 1361 3770 Καινῆς
1388 3700 1684 3771 Διαθήκης,

98 3783 222 3838 οὗτε
253 3784 470 3856 Καινὴν
491 3785 600 3839 ἀπὸ
627 3785 890 3850 Παλαιᾶς.
919 3787 1034 3841 Μία
1059 3787 1166 3859 γάρ
1207 3789 1320 3841 ἐστι
1358 3789 1452 3841 καὶ
1485 3789 1517 3860 ἡ
1548 3789 1686 3859 αὐτὴ

102 3867 420 3946 συμφωνία.
465 3878 526 3930 ’0
557 3877 612 3930 δὲ
653 3877 871 3950 ἀμαθὴς
915 3879 1010 3932 καὶ¹
1053 3881 1298 3952 ἄπειρος,
1344 3879 1440 3934 ἐὰν
1479 3880 1564 3953 ἴδῃ
1595 3881 1688 3934 δύο

67 3968 453 4041 ιὰντλητῆρας
482 3968 593 4022 ἀπὸ
639 3971 765 4040 μιᾶς
799 3970 983 4041 πηγῆς
1012 3970 1371 4038 ἀντλοῦντας,
1406 3973 1598 4044 νομίσῃ
1631 3974 1688 4028 δὲ

101 4059 188 4114 διὰ
211 4061 318 4132 τὴν
343 4060 609 4132 διαφοράν
638 4061 746 4115 τῶν
771 4063 1122 4136 ἀντλητήρων
1155 4064 1386 4137 διάφορα
1423 4061 1562 4120 εἶναι
1593 4068 1688 4122 καὶ

98 4155 166 4208 τά
186 4153 368 4208 ὕδατα
389 4172 402 4185 ³
445 4155 656 4228 ἀκούσῃ
696 4155 752 4208 δὲ
785 4155 936 4227 παρὰ
958 4155 1067 4209 τῶν
1110 4157 1344 4210 συνετῶν
1385 4157 1644 4230 ἀλήθειαν
1669 4202 1683 4224 ,

101 4247 182 4298 ὅτι
203 4245 414 4298 Γεῦσαι
443 4245 553 4299 τῶν
579 4245 673 4299 δύο
703 4247 1078 4320 άντλητήρων,
1110 4249 1205 4302 καὶ
1229 4249 1324 4316 ἴδε,
1355 4251 1436 4304 ὅτι
1469 4251 1562 4306 δύο
1588 4253 1687 4324 μὲν

99 4337 146 4388 οἱ
179 4335 550 4406 ἀντλητῆρες,
590 4334 689 4405 μία
729 4335 846 4406 δὲή
891 4337 1042 4407 πηγὴ
1090 4337 1348 4410 ὑπάρχει.
1388 4338 1576 4403 Οὕτως
1606 4333 1687 4402 εἷς

1790 3162 1956 3218 taxat,
1986 3152 2168 3206 omnia
2201 3153 2440 3222 perfecta
2465 3153 2575 3207 illic
2603 3154 2964 3220 absolutaque
2999 3153 3131 3207 sint.
3163 3151 3360 3216 Quam-

1787 3247 1972 3301 obrem
2005 3245 2302 3300 Sabbatum
2356 3247 2490 3300 illud
2541 3247 2658 3316 lege
2685 3247 3059 3315 praescriptum
3091 3245 3156 3297 ad
3196 3245 3366 3313 ipsits

1787 3338 2080 3394 adventum
2107 3353 2279 3409 usque
2332 3339 2720 3407 perseveravit,
2783 3352 2890 3405 quo
2949 3337 3168 3390 demmn
3202 3336 3366 3388 abru—

1792 3436 1918 3497 gato
1949 3444 2202 3504 magnum
2241 3428 2398 3483 nobis
2430 3428 2726 3482 Sabbatum
2771 3428 2988 3490 obtulit,
3013 3429 3106 3496 qui
3136 3435 3219 3481 est
3252 3428 3367 3494 ipse

1792 3518 2073 3581 Dominus,
2127 3520 2347 3590 requies
2415 3517 2748 3590 Sabbatique
2798 3521 3106 3576 observatio
3149 3529 3364 3572 nostra.

1855 3695 2027 3751 Nemo
2057 3696 2240 3764 itaque
2265 3692 2436 3749 Vetus
2463 3695 2530 3748 ab
2557 3692 2706 3748 Novo
2737 3695 3114 3760 Testamento,
3146 3697 3232 3750 vel
3267 3697 3368 3750 hoc

1789 3787 1858 3842 ab
1895 3788 1986 3842 illo
2029 3785 2393 3858 separandum
2437 3787 2730 3840 existimet.
2775 3785 2869 3840 Est
2901 3788 3046 3840 enim
3081 3788 3366 3841 amborum

1789 3895 1896 3934 una
1922 3878 2220 3948 eademque
2247 3875 2560 3932 concordia.
2598 3875 2702 3932 Sed
2731 3878 2955 3948 perinde
2976 3895 3034 3933 se
3063 3895 3152 3933 res
3183 3879 3366 3944 habet,

1789 3987 1853 4026 ac
1902 3971 1950 4026 si
2002 3972 2287 4042 imperitus
2339 3971 2607 4042 quispiam
2688 3985 2751 4025 ac
2802 3972 2954 4026 rudis
2996 3973 3189 4028 situlas
3230 3974 3372 4029 duas

1788 4063 2103 4119 haurientes
2149 4064 2340 4119 eodem
2387 4079 2454 4119 ex
2507 4064 2654 4119 fonte
2703 4063 2896 4118 videat.
2939 4063 3076 4118 Tum
3119 4065 3264 4134 quod
3293 4081 3370 4120 ea:

1789 4158 2020 4213 diversae
2051 4157 2182 4220 sint,
2209 4155 2456 4212 diversas
2487 4158 2646 4211 etiam
2676 4172 2846 4227 aquas
2875 4173 2997 4212 esse
3037 4161 3368 4228 suspicetur.

1791 4247 1994 4302 Deinde
2035 4263 2165 4302 vero
2209 4263 2238 4301 a
2279 4249 2728 4318 prudentioribus
2759 4249 3039 4314 doceatur,
3072 4261 3126 4306 et
3165 4253 3236 4306 ita
3287 4254 3369 4306 lo-

1791 4350 2020 4412 quentes
2051 4339 2236 4393 audiat
2263 4359 2276 4394 :
2306 4339 2380 4394 Ex
2415 4349 2644 4412 utraque
2669 4341 2828 4397 situla
2857 4343 3107 4415 degusta,
3133 4359 3196 4398 ac
3220 4346 3372 4401 disce

99 4428 334 4501 Κύριος,
363 4424 447 4492 εἷς
482 4427 637 4491 Θεὸς,
671 4428 728 4480 ἓν
759 4427 984 4499 Πνεῦμα
1016 4429 1256 4500 λαλῆσαν
1293 4431 1352 4484 έν
1389 4431 1560 4503 νόμῳ,
1595 4433 1679 4485 καΊ

1793 4435 1931 4490 duas
1985 4435 2104 4489 illas
2153 4449 2275 4490 esse
2323 4433 2563 4504 quidem,
2605 4435 2698 4490 sed
2752 4437 2974 4490 unicum
3015 4437 3373 4494 nihilominus

43 4513 56 4523 ’
98 4520 154 4574 ἐν
192 4521 536 4594 προφήταις,
561 4521 654 4574 καὶ
694 4522 751 4575 έν
783 4521 1123 4594 Εὑαγγελίῳ.
1161 4523 1260 4576 Διὰ
1294 4522 1452 4578 τοῦτο
1487 4526 1596 4598 γάρ
1627 4526 1687 4580 οὐ

177 4679 196 4712 ³
251 4677 320 4733 F.
347 4679 922 4751 άλλοτριοεπίσκοπος.

99 4754 118 4786 ⁸
157 4751 302 4806 ibid.
337 4749 432 4802 27.

97 4883 168 4943 eo
188 4868 346 4943 loco,
379 4883 544 4938 quem
579 4867 910 4943 add‘uximus
937 4887 952 4925 :
985 4870 1229 4943 Lucerna
1265 4871 1378 4943 rDei
1401 4881 1682 4943 antequam

95 4941 550 5013 eritingueretur,
577 4939 632 4994 in
673 4940 804 5011 Reg.
839 4950 936 5013 gest
977 4941 1445 5013 κατασϐεσθῆναι,
1478 4939 1545 4997 ἱιι
1569 4943 1686 4998 edi-

99 5009 250 5083 tione
279 5008 472 5074 ’Sixti,
505 5008 1008 5083 ἐπισκευασθῆναι.
1069 5011 1148 5066 Ex
1207 5008 1687 5083 quibus‘apparet

101 5079 244 5155 idem
281 5095 409 5155 esse
433 5081 708 5137 collocare
741 5079 1014 5155 lucernas,
1045 5083 1190 5151 quod
1224 5079 1686 5155 ‘attollere'super

99 5149 504 5224 candelabrum
537 5158 592 5204 et
609 5153 906 5224 accendere
932 5149 1158 5224 :eou‘tra
1193 5169 1322 5208 vero
1355 5149 1686 5224 componere

101 5218 248 5272 idem
289 5229 616 5291 essentque
643 5223 944 5278 exstinctae
969 5222 1278 5286 detrahere,
1313 5233 1368 5278 et
1409 5218 1509 5278 suo
1561 5225 1684 5280 loco

103 5305 398 5365 reponere.
435 5289 606 5365 Erant
663 5293 810 5348 enim
865 5295 1190 5365 exemptiles
1247 5295 1518 5365 lucernae,
1567 5311 1688 5365 quae

101 5361 444 5416 candelabro
477 5363 580 5417 sub
627 5372 844 5418 noctem
887 5361 1178 5432 impositae,
1227 5363 1471 5420 diluculo
1502 5361 1689 5420 defue-

103 5438 320 5486 rentur.
357 5433 530 5488 Exod.
559 5449 685 5497 xxv,
719 5449 860 5488 com.
899 5433 1004 5488 57:
1035 5433 1224 5488 Facies
1263 5444 1311 5490 et
1339 5436 1577 5490 lucernas
1595 5451 1689 5501 vn,

101 5509 148 5556 et
195 5520 366 5574 pones
420 5520 511 5558 eas
553 5519 710 5574 super
738 5505 1148 5567 candelabrum;
1183 5505 1278 5560 lib.
1307 5505 1354 5559 II
1409 5505 1536 5559 Par.
1563 5521 1686 5575 cap.

103 5573 221 5638 ml,
253 5591 408 5630 vers.
439 5575 498 5627 ll
545 5594 558 5629 :
599 5575 795 5644 Estque
841 5576 980 5643 apud
1025 5593 1120 5630 nos
1165 5575 1542 5630 candelabrum
1592 5573 1692 5629 ait-

105 5657 250 5696 reum
297 5656 352 5697 et
405 5644 641 5716 lacerare
688 5647 823 5716 ejus,
876 5657 934 5699 ut
993 5646 1350 5716 accendantur
1385 5663 1583 5716 semper
1622 5647 1689 5699 ad

105 5727 396 5780 uesperam.
459 5715 514 5769 Si
577 5715 644 5770 ad
713 5715 992 5789 vesperam
1046 5715 1505 5782 accendebantur,
1547 5732 1676 5790 ergo

1018 4679 1231 4737 ’Exod.
1291 4699 1418 4750 xxv,
1470 4685 1534 4738 “5|
1602 4701 1726 4756 sqq.
1806 4687 1828 4719 ³
1867 4685 2058 4742 Matth.
2113 4703 2210 4742 xu.
2256 4687 2309 4745 5.

1794 4527 2020 4583 fontem.
2057 4527 2254 4583 Eodem
2301 4530 2464 4584 modo
2503 4534 2644 4585 unus
2673 4530 2936 4587 Dominus
2975 4541 3079 4596 est,
3121 4549 3373 4604 unusque

2389 4689 2412 4721 "
2443 4687 2610 4744 Marc.
2651 4705 2710 4756 ιι,
2769 4691 2822 4745 5.
2899 4692 2920 4724 ³
2953 4691 3120 4748 Marc.
3181 4710 3239 4761 Il,
3279 4695 3369 4750 28.

1795 4875 2032 4930 interdiu
2068 4884 2225 4929 erant
2256 4873 2564 4946 exstincta},
2595 4889 2702 4927 non
2723 4873 2885 4929 modo
2903 4884 3159 4946 quatuor,
3191 4885 3250 4930 ut
3289 4875 3374 4930 Jo-

1796 4950 2000 5016 sephus
2029 4946 2227 5016 credit,
2264 4943 2360 4999 sed
2397 4953 2854 5016 oinnesseptem.

1863 5013 2088 5086 (48)"00
2113 5015 2320 5086 γέγονε
2345 5013 2458 5086 γὰρ
2485 5015 2553 5068 τὸ
2577 5013 2900 5069 Σάϐϐατον.
2932 5013 3070 5086 lluic
3105 5014 3260 5070 aliine
3290 5023 3374 5070 est

1791 5081 2046 5158 quod'R.
2087 5081 2240 5141 Diosc
2275 5081 2380 5140 ben
2412 5081 2649 5138 Maimon
2679 5093 2833 5154 parte
2863 5101 2879 5138 ι
2916 5081 3073 5149 Jad.,
3111 5093 3270 5139 tract.
3306 5087 3374 5140 de

1792 5181 2037 5266 sabbato
2069 5195 2192 5266 cap.
2223 5177 2280 5241 2,
2319 5177 2428 5250 ςδ,
2460 5177 2654 5234 scribit
2683 5185 2899 5266 .1thth
2926 5185 3066 5266 prun
3101 5159 3259 5237 111135
3295 5189 3374 5238 nn

1788 5257 1960 5338 ώτιτε
2010 5255 2183 5332 m‘n'zn
2231 5281 2367 5334 mm
2403 5280 2604 5332 arma
2642 5253 2755 5330 n'n:
2792 5253 2967 5334 abavi
2998 5281 3151 5358 map:
3190 5277 3374 5330 mum

1793 5364 1950 5428 Ecce,
1985 5363 2183 5432 inquit,
2212 5363 2469 5428 didicisti,
2523 5363 2687 5433 legem
2726 5379 2992 5433 nunquam
3017 5363 3373 5433 omniaomn-

1793 5436 1959 5489 delem
1995 5431 2427 5488 et’inltumanam
2465 5431 2624 5498 ωδε,
2668 5432 2758 5487 sed
2791 5431 3190 5496 misericordite,
3227 5431 3371 5486 beni-

1793 5505 2009 5576 gnitatis
2057 5521 2120 5557 ac
2170 5507 2319 5576 pacis
2372 5504 2761 5574 plenissimam.
2825 5503 2902 5558 De
2942 5501 3184 5558 Sabhato
3241 5519 3374 5576 vero

1797 5573 2059 5646 loquitur,
2117 5575 2264 5644 quod
2321 5573 2650 5646 aegrotorum
2703 5589 2871 5646 causa
2909 5589 2972 5629 ac
3021 5581 3244 5646 propter
3277 5573 3374 5643 pia

1796 5643 2042 5720 quaedam
2075 5643 2393 5704 ministeria
2424 5645 2562 5703 solvi
2617 5660 2780 5717 posse
2819 5645 3068 5718 pluribus
3108 5643 3374 5700 declarat.
