3826 6206
432 251 537 306 167

1845 229 1904 283 S.
1953 223 2292 290 EPIPHANH

3586 220 3684 278 168

426 361 592 424 Deus,
625 372 765 410 unus
801 354 1060 426 Spiritus,
1096 352 1188 423 qui
1221 352 1274 405 in
1309 351 1452 420 iege,
1493 341 1771 417 prophetis
1828 338 2003 391 Evan-

2140 331 2200 385 ύο
2236 331 2471 385 Παλαιαὶ
2518 329 2815 402 Διαθῆκαι,
2849 329 2943 382 καὶ
2990 327 3112 380 οὔτε
3167 326 3258 380 δύο
3315 329 3517 382 Καιναὶ
3563 331 3686 382 Δια-

425 456 672 524 gelioque
702 452 918 505 locutus
946 456 1052 504 est.
1099 446 1262 516 706
1309 443 1389 498 0b
1436 441 1486 494 id
1531 454 1638 494 non
1673 438 1781 491 duo
1815 434 2010 488 Vetera

424 547 776 601 Testamenta
808 550 958 606 sunt,
992 555 1169 610 neque
1200 539 1309 592 duo
1336 534 1507 596 Nova,
1539 528 1799 600 quoniam
1834 537 2010 592 neque

427 646 719 692 testatores
751 635 860 688 duo
885 639 1032 698 sunt,
1060 629 1154 685 sed
1183 644 1324 683 unus
1358 620 1754 680 tantummodo,
1789 616 1881 686 qui
1908 631 2004 668 an-

428 731 642 798 tiquuto
677 726 868 781 Vetere
889 723 1105 777 “Novum
1139 722 1408 775 instaurat
1440 737 1451 770 :
1491 729 1589 768 nec
1621 713 1717 772 ita,
1755 717 1813 764 ut
1845 707 2012 763 Vetus

429 797 835 890 exstinguendo
873 817 1070 878 deleat,
1125 812 1219 867 sed
1264 811 1312 864 ei
1361 810 1519 862 linem
1561 806 1827 873 imponat,
1860 807 1914 854 et
1946 797 2013 852 ad

431 911 733 966 secundum
759 909 1031 960 bonorum
1068 903 1470 972 possessionem
1504 891 1821 947 transferat.

503 997 762 1056 LXXXV.
831 998 1008 1050 Alium
1055 1011 1086 1048 e
1133 992 1417 1061 Scriptura
1459 989 1633 1041 locum
1683 983 2014 1038 Manichzeus

432 1095 486 1146 in
519 1092 755 1145 medium
788 1087 963 1141 aﬂ‘ert.
999 1084 1111 1138 Hoc
1141 1087 1308 1142 enim,
1365 1077 1559 1148 inquit,
1605 1074 1823 1128 invenio
1853 1091 1868 1126 :
1901 1072 2015 1141 spi-

436 1185 596 1236 ritum
617 1183 734 1235 sine
750 1194 980 1249 corpore
997 1177 1229 1230 salutem
1255 1171 1520 1227 obtinere.
1541 1167 1695 1233 Quod
1725 1153 1904 1234 ipsum
1931 1164 2017 1216 his

432 1276 613 1330 verbis
631 1273 790 1326 docet
814 1269 1137 1339 Apostolus:
1163 1265 1390 1321 Omnino
1418 1261 1636 1314 auditur
1665 1260 1718 1311 in
1748 1257 1888 1310 vobis
1915 1256 2019 1324 {or-

435 1369 654 1427 nicatio.
679 1375 726 1419 et
745 1362 1002 1434 ejusmodi
1023 1358 1330 1430 fornicatio,
1349 1372 1466 1425 qua:
1483 1371 1544 1408 ne
1561 1354 1614 1406 in
1641 1351 1879 1421 gentibus
1903 1349 2019 1418 qni-

436 1460 550 1513 dem
584 1459 815 1511 cernitur
841 1472 857 1509 :
881 1454 1010 1507 adeo
1038 1462 1095 1505 ut
1126 1465 1342 1504 uxorem
1364 1446 1577 1518 quidam
1608 1445 1774 1512 patris
1807 1442 2015 1496 habeat.

439 1547 507 1601 Et
535 1566 624 1602 vos
654 1548 824 1614 inflati
849 1546 994 1606 estis,
1024 1553 1073 1596 et
1101 1557 1203 1595 non
1236 1540 1402 1608 magis
1422 1536 1653 1600 luxistis,
1673 1533 1966 1586 uttollatur
1993 1547 2020 1584 e

2113 427 2308 498 Οῆκαι·
2347 424 2534 495 ἐπειδὴ
2569 425 2666 477 οὐκ
2707 424 2813 475 είσ¹ι
2835 422 2926 476 δύο
2956 424 3005 476 οἱ
3044 422 3372 493 διαθέμενοι,
3405 421 3521 475 ἀλλ’
3555 417 3633 486 εἷς
3663 427 3690 476 6

2111 518 2208 589 τὴν
2242 516 2482 571 Παλαιὰν
2511 514 2666 587 [τῶν]
2697 514 2963 575 παλαιῶν,
2987 515 3082 567 καὶ
3104 513 3202 584 τὴν
3233 514 3442 584 Καινὴν
3467 514 3688 567 ἀνακαι-

2112 607 2303 671 νίζωνο
2345 606 2406 658 οὐ
2449 603 2548 676 τὴν
2598 603 2840 658 Παλαιὰν
2888 603 3181 674 καταργῶν
3225 605 3305 666 είς
3348 603 3685 672 ἀφανισμὸν,

2113 698 2248 752 ἀλλὰ
2275 697 2374 768 τὴν
2402 695 2646 749 Παλαιὰν
2670 693 3025 757 καταπαύων,
3057 695 3152 747 καὶ
3173 695 3238 765 τῇ
3261 694 3492 765 δευτέρᾳ
3529 711 3690 763 προσ-

2113 791 2392 862 τιθέμενος
2415 791 2730 862 περιουσίας
2757 789 3139 860 κληρονομίαν.

2187 966 2311 1019 IIE'.
2340 966 2538 1037 Ἄλλην
2561 965 2616 1018 δὲ
2647 965 2808 1020 πάλιν
2835 964 2976 1031 λέξιν
3005 969 3032 1020 6
3056 968 3217 1030 αὐτὸς
3245 968 3439 1038 Μάνης
3469 985 3690 1038 παρεισο

2118 1060 2307 1130 φέρει,
2359 1059 2558 1128 λέγων,
2603 1060 2685 1112 ὄτι
2735 1055 2865 1112 Οἶδα
2923 1060 3138 1130 πνεῦμα
3215 1061 3521 1131 σωζόμενον
3565 1062 3688 1113 ἄνευ

2120 1151 2391 1224 σώματος.
2425 1151 2596 1204 Τοῦτο
2645 1150 2775 1220 γὰρ,
2807 1153 2968 1220 φησὶ,
3011 1151 3252 1204 διδάσκει
3302 1154 3330 1204 6
3375 1152 3690 1217 Ἀπόστολος

2117 1246 2308 1314 λέγων,
2338 1246 2420 1298 ὄτι
2460 1245 2654 1310 Ὄλως
2705 1246 2986 1298 ἀκούεται
3015 1245 3084 1297 ἐν
3114 1245 3254 1314 ὑμῖν
3289 1247 3572 1314 πορνεία,
3597 1250 3688 1302 καί

2119 1344 2358 1410 τοιαύτη
2388 1342 2652 1410 πορνεία,
2673 1341 2802 1409 ἣτις
2823 1341 2965 1394 οὐδὲ
2993 1342 3062 1393 ἐν
3087 1341 3211 1406 τοῖς
3231 1341 3476 1396 ἔθνεσιν
3499 1360 3514 1374 ο
3543 1342 3691 1397 ὥστε

2119 1435 2371 1505 γυναῖκά
2395 1451 2529 1488 τινα
2549 1434 2656 1487 τοῦ
2681 1435 2902 1500 πατρὸς
2940 1434 3125 1502 ἔχειν.
3152 1436 3260 1488 Καὶ
3301 1434 3472 1503 ὑμεῖς
3507 1451 3690 1503 πεφυ-

2121 1528 2401 1597 σιωμένοι
2426 1527 2588 1591 ἐστὲ,
2631 1526 2726 1579 καὶ
2755 1527 2890 1594 οὐχὶ
2907 1525 3148 1595 μᾶλλον
3171 1526 3567 1593 ἐπενθήσατε,
3599 1528 3695 1579 ἵνα

433 1642 608 1696 medio
639 1640 794 1693 vestri
831 1638 920 1707 qui
961 1637 1055 1688 hoc
1107 1633 1314 1702 [acinus
1348 1629 1629 1682 commisit.
1675 1627 1782 1694 Ego
1811 1622 2017 1693 quidem

2136 1621 2269 1690 ipﬂﬁ
2300 1622 2368 1674 ἐκ
2395 1621 2590 1690 μέσου
2633 1619 2802 1688 ὑμῶν
2830 1622 2862 1672 ὀ
2904 1619 2967 1671 τὸ
3006 1619 3184 1688 ἔργον
3230 1620 3408 1672 τοῦτο
3443 1618 3688 1687 πράξας.

441 1733 630 1785 absens
667 1744 887 1797 corpore
936 1740 1165 1794 praesens
1198 1732 1371 1775 autem
1405 1720 1617 1787 spiritu,
1649 1715 1876 1780 iudicavi
1901 1731 2018 1767 eum

433 1823 527 1893 qui
563 1821 658 1874 hoc
686 1821 852 1874 scelus
877 1817 1157 1879 commisit,
1189 1809 1614 1867 convenientibus
1644 1808 1806 1868 vobis,
1840 1816 1887 1860 et
1919 1805 2020 1857 Do-

440 1917 604 1973 mino,
637 1929 755 1965 cum
798 1926 907 1962 meo
943 1909 1156 1976 spiritu,
1192 1904 1396 1957 tradere
1427 1900 1688 1970 ejusmodi
1719 1897 1939 1952 Salano:
1968 1897 2021 1949 in

439 2005 714 2056 interitum
747 2001 946 2062 carnis,
977 2005 1034 2049 ut
1064 1994 1281 2064 spiritus
1316 1992 1494 2046 salvus
1523 1992 1616 2058 ﬁat
1651 1991 1704 2043 in
1727 1989 1811 2041 die
1835 1987 2024 2040 Domi-

440 2098 496 2151 ni
521 2095 559 2147 ’.
587 2093 707 2147 Jam
734 2092 914 2146 carnis
947 2089 1202 2143 interitus
1243 2085 1376 2139 nihil
1409 2083 1558 2138 aliud
1591 2093 1694 2149 est,
1728 2097 1891 2151 quam
1924 2081 2023 2133 ab-

444 2188 624 2242 soluta
651 2185 796 2239 illius
829 2181 1139 2238 cxstinctio.
1167 2177 1453 2244 Quomodo
1485 2175 1647 2246 igitur
1675 2189 1800 2226 eum
1834 2172 1887 2225 in
1909 2171 2023 2224 dia-

445 2279 556 2336 boli
592 2284 861 2347 potestate
900 2290 1030 2328 caro
1067 2272 1315 2327 funditus
1355 2269 1735 2337 exstinguatur
1763 2263 2026 2331 solusque

445 2367 696 2426 serietur
727 2368 973 2438 spiritus,
1015 2379 1306 2434 corporum
1341 2376 1463 2415 esse
1493 2367 1672 2429 potest
1732 2356 2026 2425 carnisque

447 2459 813 2516 resurrectio?
873 2459 1022 2511 Adeo
1078 2471 1205 2510 vero
1259 2463 1342 2509 est
1387 2452 1583 2517 hebes,
1638 2460 1696 2503 ut
1749 2447 1878 2502 illud
1917 2463 2026 2500 non

447 2552 880 2608 videatzcarnis
927 2565 1090 2619 opera
1147 2546 1565 2600 fornicationem
1616 2558 1759 2601 esse.
1815 2539 2026 2594 adulte-

449 2645 616 2708 rium,
655 2659 719 2698 ac
756 2642 1060 2705 libidinem,
1089 2648 1142 2695 et
1177 2640 1227 2693 id
1261 2653 1431 2707 genus
1463 2637 1605 2702 alia;
1638 2650 1738 2687 nec
1771 2633 1838 2686 de
1864 2647 2029 2686 carne

448 2739 625 2802 illum,
653 2737 746 2791 sed
782 2737 849 2789 de
887 2737 1071 2787 carnis
1095 2732 1354 2801 operibus
1380 2729 1547 2798 loqui.
1575 2726 1708 2780 Nam
1749 2741 1872 2779 cum
1907 2733 2026 2778 stu-

451 2844 607 2900 prum
634 2828 832 2897 aliquis
857 2824 1170 2886 committit,
1200 2836 1329 2877 caro
1350 2820 1492 2876 istud
1526 2822 1878 2887 exsequitur;
1903 2831 2027 2870 cum

448 2932 632 2974 autem
689 2917 1104 2986 temperantiam
1157 2914 1260 2967 sibi
1313 2912 1667 2982 compararit,
1729 2910 1840 2978 jam
1900 2922 2030 2962 caro
2078 2934 2080 2936 -

2137 1713 2276 1784 Ἐγὼ
2300 1711 2435 1782 μὲν,
2475 1712 2644 1766 ἀπὼν
2683 1711 2763 1777 τῷ
2795 1711 3040 1781 σώματι,
3075 1710 3280 1778 παρὼν
3303 1711 3373 1764 δὲ
3399 1709 3481 1775 τῷ
3515 1711 3692 1763 πνεύ-

2117 1817 2278 1869 ματι,
2313 1800 2428 1869 ἤδη
2466 1801 2711 1868 κέκρικα
2737 1798 2846 1852 τὸν
2881 1800 2946 1852 τὸ
2980 1799 3158 1869 ἔργον
3195 1801 3372 1854 τοῦτο
3416 1817 3695 1868 κατεργα-

2124 1893 2421 1962 σάμενον,
2469 1895 2893 1949 συνελθόντων
2930 1892 3098 1962 ὑμῶν
3144 1895 3241 1946 καὶ
3295 1893 3403 1946 τοῦ
3455 1893 3693 1961 Κιζρίου,

2119 1986 2270 2054 μετὰ
2300 1978 2415 2039 ¹τοῦ
2461 1985 2608 2054 ἐμοῦ
2644 1987 3012 2055 πνεύματος,
3040 1985 3413 2054 παραδοῦναι
3442 1985 3550 2038 τὸν
3586 2003 3691 2038 τοι·

2125 2081 2307 2134 οῦτον
2343 2077 2422 2143 τῷ
2459 2077 2716 2146 Σατανᾷ,
2744 2081 2830 2144 εὶς
2863 2079 3110 2147 ὄλεθρον
3152 2077 3264 2145 τῆς
3318 2077 3571 2146 σαρκὸς,
3606 2078 3701 2131 ἵνα

2126 2165 2191 2217 τὸ
2233 2163 2468 2234 πνεῦμα
2500 2164 2666 2233 σωθῇ
2703 2166 2773 2218 ἐν
2811 2165 2884 2233 τῇ
2910 2165 3101 2234 ἡμέρᾳ
3130 2165 3235 2219 τοῦ
3274 2167 3519 2233 Κυρίου.
3547 2163 3699 2220 '01s-

2129 2256 2255 2326 Θρος
2283 2255 2339 2307 δὲ
2379 2255 2471 2307 ἐπὶ
2508 2256 2712 2326 σαρκὸς
2745 2258 2773 2309 ὁ
2816 2255 3161 2309 παντάπασίν
3197 2257 3345 2308 ἐστιν
3375 2256 3696 2324 ἀφανισμός.

2129 2348 2253 2410 Πῶς
2295 2343 2420 2410 οὖν,
2469 2347 2871 2418 ἀφανιζομένης
2921 2347 3022 2418 τῆς
3069 2348 3269 2419 σαρκὸς
3328 2350 3386 2399 ἐν
3429 2349 3573 2418 χειρὶ
3613 2347 3698 2400 τοῦ

2127 2440 2405 2504 διαϐόλου,
2444 2441 2537 2493 καὶ
2587 2439 2891 2509 σωζομένου
2932 2440 3025 2491 τοῦ
3060 2439 3390 2509 πνεύματος,
3427 2439 3509 2491 ἔτι
3558 2439 3702 2492 ἔσται

2129 2533 2422 2595 ἀνάστασις
2474 2532 2740 2601 σωμάτων
2795 2531 2827 2600 ἥ
2891 2530 3122 2601 σαρκός;
3179 2531 3287 2582 Καὶ
3335 2531 3435 2582 οὐκ
3486 2526 3628 2582 οἶδεν
3677 2533 3704 2583 6

2131 2626 2353 2696 ἄπειρος
2380 2623 2520 2676 κατὰ
2570 2623 2766 2686 πάντα,
2797 2624 2878 2676 ὅτι
2920 2624 2986 2676 τὰ
3033 2623 3170 2695 ἔργα
3196 2626 3296 2693 τῆς
3329 2623 3535 2692 σαρκὸς
3581 2639 3705 2692 πορ-

2131 2719 2268 2779 νεία,
2314 2718 2547 2788 μοιχεία,
2580 2716 2855 2783 ἀσέλγεια,
2895 2716 2987 2768 καὶ⁵
3029 2716 3098 2767 τὰ
3134 2714 3342 2778 τούτοις
3371 2715 3570 2784 ὃμοια·
3619 2715 3706 2766 καὶ

2132 2810 2191 2861 οὐ
2221 2810 2347 2878 περὶ
2391 2809 2558 2878 αὐτῆς
2611 2807 2708 2877 τῆς
2755 2807 2955 2878 σαρκὸς
2995 2806 3178 2875 λέγει,
3210 2806 3346 2860 ἀλλὰ
3379 2807 3489 2860 τῶν
3538 2807 3706 2878 ἔργων

2132 2901 2230 2969 τῆς
2263 2901 2481 2969 σαρκός.
2517 2901 2643 2952 Ὅτε
2693 2899 2790 2969 μὲν
2839 2898 3130 2970 ἐργάσεται
3179 2900 3459 2970 πορνείαν,
3494 2901 3530 2970 ἡ
3578 2897 3709 2968 σάρξ

450 3009 858 3081 quodammodo
887 3023 1010 3062 esse
1055 3021 1186 3059 caro
1217 3004 1438 3066 desinit,
1469 3013 1630 3072 atque
1675 3002 1728 3053 in
1779 3000 2030 3069 spiritum

2138 2993 2458 3064 ἐργάζεταιο
2497 2991 2590 3045 ἐὰν
2629 2991 2686 3044 δὲ
2727 2992 2996 3062 κτήσηται
3051 2990 3411 3061 ἐγκράτειαν,
3460 2990 3645 3043 οὐκέτι
3678 2991 3709 3058 ἡ

452 3098 792 3154 convertitur
824 3117 836 3149 :
872 3093 1332 3165 quemadmodum
1366 3089 1662 3165 Apostolus
1695 3087 1863 3141 refert
1891 3104 1903 3139 :
1933 3085 2036 3150 Qui

456 3192 606 3243 initio
637 3188 911 3256 conjunxit
953 3184 1159 3248 ambos,
1193 3183 1328 3236 dixit
1360 3199 1377 3235 :
1405 3159 1630 3250 Propter
1659 3179 1753 3232 hoc
1783 3178 2038 3245 relinquet

456 3286 612 3338 homo
643 3291 847 3351 patrem
883 3295 1059 3340 suum,
1099 3287 1146 3331 et
1176 3285 1395 3329 matrem
1446 3290 1620 3334 suam,
1671 3280 1720 3326 et
1753 3269 2038 3324 adluerebit

457 3377 616 3430 uxori
646 3391 780 3436 suw,
805 3383 862 3427 et
883 3383 1034 3426 erunt
1059 3371 1164 3422 duo
1195 3371 1248 3421 in
1282 3386 1489 3422 carnem
1518 3384 1676 3421 unam
1704 3369 1746 3421 ¹.
1780 3364 1928 3420 Sicut
1952 3361 2041 3431 qui

455 3468 692 3522 adhwret
719 3466 1002 3530 meretrici,
1031 3480 1192 3516 unum
1229 3477 1415 3530 corpus
1461 3469 1559 3525 est,
1603 3469 1651 3513 et
1681 3459 1772 3529 qui
1805 3456 2040 3510 adha'ret

461 3561 860 3627 Domino,unas
879 3557 1099 3626 spiritus
1119 3565 1199 3609 est
1225 3555 1265 3609 ³.
1292 3552 1477 3621 Itaque
1499 3552 1588 3622 qui
1613 3559 1863 3620 stuprum
1887 3559 2041 3601 com—

458 3651 794 3714 mittit,caro
807 3647 1054 3712 emcitnr,
1079 3661 1185 3698 non
1205 3659 1403 3712 corpus
1425 3641 1708 3704 duntaxat,
1733 3640 1824 3695 sed
1850 3649 1904 3694 et
1929 3655 2038 3693 ca:-

461 3750 580 3794 tera
600 3739 805 3800 omnia,
831 3737 1075 3804 adeoque
1100 3739 1278 3790 anima
1307 3738 1422 3804 ipsa
1454 3735 1508 3788 in
1541 3747 1756 3788 carnem
1779 3732 2042 3802 quodam-

463 3832 626 3887 modo
666 3839 927 3885 mutatur.
979 3830 1112 3882 Dum
1155 3829 1300 3882 enim
1359 3827 1426 3880 ad
1472 3826 1812 3880 meretricem
1864 3823 2044 3878 adhae-

465 3922 653 3983 rescit,
686 3935 816 3973 caro
843 3921 934 3985 lit;
982 3934 1216 3988 eumque
1245 3918 1482 3972 carnalis
1521 3918 1614 3980 sit,
1659 3913 1884 3969 omnino
1914 3928 2044 3967 caro

461 4013 687 4067 dicitur.
720 4013 786 4064 At
809 4011 903 4080 qui
935 4009 1164 4064 Domino
1198 4009 1460 4074 adhaeret,
1486 4016 1853 4076 tam.corpore
1877 4020 2042 4074 quam

465 4107 648 4159 animo
685 4121 826 4159 unus
881 4119 1004 4157 cum
1052 4118 1116 4157 eo
1167 4103 1393 4172 spiritus
1440 4110 1544 4166 est,
1581 4115 1644 4155 ac
1683 4099 1947 4170 quidquid
1989 4099 2045 4152 in

465 4197 686 4252 homine
741 4198 904 4263 inest,
954 4211 1094 4250 unus
1142 4195 1196 4248 in
1255 4193 1482 4249 Domino
1529 4192 1756 4263 spiritus
1793 4190 2043 4246 efﬁcitur.

465 4289 583 4356 Qua
627 4289 695 4344 de
744 4304 804 4342 re
843 4296 1090 4344 statuens
1140 4287 1279 4341 idem
1320 4286 1614 4356 Apostolus
1647 4303 1659 4339 :
1690 4285 1850 4355 707
1885 4284 2042 4346 Deus,

2142 3085 2276 3156 σάρξ
2307 3087 2474 3146 ἐστιν,
2504 3083 2639 3136 ἀλλὰ
2674 3084 2706 3153 ἡ
2749 3082 2886 3153 σὰρξ
2923 3081 3318 3152 μεταϐέϐληται
3346 3086 3426 3144 είς
3459 3081 3707 3151 πνεῦμαο

2139 3180 2214 3241 ὼς
2246 3179 2338 3229 καὶ
2365 3179 2394 3228 6
2433 3174 2755 3236 Ἀπόστολος
2784 3173 2958 3241 λέγει·
2991 3175 3072 3225 ὅτι
3105 3173 3168 3225 '0
3187 3171 3467 3241 ἀπαρχῆς
3510 3171 3713 3230 συζεύ-

2141 3269 2252 3334 ξας
2277 3267 2349 3320 τὰ
2378 3267 2681 3335 ἀμφότερα
2710 3261 2909 3317 εἶπεν
2948 3264 3092 3316 Ἀντί
3118 3264 3333 3316 τούτου
3366 3264 3712 3330 καταλείψει

2140 3357 2449 3424 ἄνθρωπος
2513 3355 2620 3408 τὸν
2666 3354 2890 3422 πατέρα
2949 3351 3134 3406 αὑτοῦ
3178 3352 3276 3406 καὶ
3321 3351 3438 3420 τὴν
3487 3352 3713 3421 μητέρα

2141 3450 2351 3511 αὐτοῦ,
2382 3451 2480 3502 καὶ
2518 3446 2963 3514 κολληθήσεται
3005 3443 3080 3511 τῇ
3108 3444 3343 3513 γυναικὶ
3374 3444 3591 3506 αὑτοῦ,
3622 3445 3711 3496 καὶ

2140 3545 2383 3599 ἔσονται
2414 3545 2467 3595 οἱ
2494 3540 2601 3595 δύο
2625 3543 2711 3605 εὶς
2732 3538 2929 3606 σάρκα
2962 3537 3108 3606 μίαν
3129 3549 3143 3563 ⁸
3169 3537 3250 3600 ὡς
3275 3539 3307 3589 ὁ
3333 3537 3715 3606 κολλώμενος

2142 3637 2215 3706 τῇ
2238 3637 2428 3704 πόρνῃ
2462 3634 2532 3688 ἓν
2567 3632 2736 3702 σῶμά
2767 3633 2956 3694 ἐστιν,
2996 3632 3028 3682 ό
3067 3628 3446 3699 κολλώμενος
3494 3624 3579 3695 τῷ
3605 3631 3714 3681 Ku-

2134 3729 2247 3796 ρίῳ
2294 3727 2363 3781 ἓν
2412 3724 2645 3795 πνεῦμά
2688 3725 2878 3778 ἐστιν.
2929 3728 3073 3796 ’Λρα
3115 3722 3208 3779 οὖν
3250 3726 3280 3776 6
3320 3723 3419 3792 τὴν
3464 3719 3716 3792 πορνείαν

2144 3819 2509 3892 ἐργαζόμενος
2539 3816 2673 3891 σάρξ
2697 3818 3022 3887 γεγένηται·
3053 3818 3114 3870 οὐ
3150 3818 3308 3886 μόνον
3338 3813 3474 3883 αὑτὴ
3498 3815 3536 3882 ἡ
3565 3809 3714 3881 σάρξ,

2144 3915 2282 3967 ἀλλὰ
2312 3914 2408 3965 καὶ
2441 3911 2640 3976 πάντα,
2670 3911 2766 3962 καὶ
2799 3909 2964 3979 ψυχὴ,
3004 3909 3097 3961 καὶ
3123 3910 3191 3960 τὰ
3222 3906 3356 3961 ἄλλα
3387 3904 3532 3973 σὰρξ
3577 3903 3713 3970 γίνε-
3762 3961 3770 3970 ι

2145 4024 2257 4059 ται.
2294 4003 2590 4070 Κολληθεὶς
2618 4001 2726 4072 γάρ
2759 4003 2823 4070 τῇ
2865 3999 3041 4072 πόρνῃ
3079 3997 3218 4068 σὰρξ
3251 3996 3490 4064 ἐγένετο,
3530 3995 3626 4047 καὶ
3649 3991 3716 4042 ὧν

2150 4097 2408 4169 σαρκικὸς
2463 4095 2596 4165 σὰρξ
2627 4094 2760 4156 ὅλως
2788 4091 3056 4145 καλεῖται.
3102 4091 3158 4142 '0
3186 4089 3241 4142 δὲ
3276 4087 3620 4157 κολλώμενος
3650 4084 3720 4153 τῷ

2147 4191 2338 4260 Κυρίῳ
2374 4189 2432 4242 ἓν
2467 4186 2681 4257 πνεῦμά
2734 4188 2848 4238 ἐστι
2871 4224 2884 4246 ,
2919 4183 3162 4236 τουτέστι
3197 4180 3356 4249 σῶμα
3398 4181 3491 4232 καὶ
3549 4177 3707 4247 ψυχὴ.

2222 4284 2234 4302 ς
2382 4299 2409 4310 _
2507 4298 2527 4310 ρ
2955 4275 2980 4287 ..
3175 4271 3245 4304 ,_
3335 4271 3355 4288 ..
3535 4269 3562 4279 ..

2150 4302 2244 4336 και
2273 4282 2470 4343 πάντα,
2506 4280 2558 4332 εἴ
2588 4280 2638 4330 τί
2669 4281 2813 4331 ἐστιν
2836 4279 2892 4329 ὲν
2913 4294 2990 4346 τῳ
3011 4273 3308 4343 ιάνθρωιλρ,
3334 4289 3392 4324 εν
3423 4287 3644 4339 πνευμα
3669 4269 3720 4319 ἐν

467 4383 665 4452 inquit,
688 4383 859 4450 posuit
887 4384 937 4434 in
962 4397 1175 4450 corpore
1197 4380 1372 4434 omnia
1397 4378 1630 4432 membra
1663 4378 1872 4446 singula
1888 4393 2031 4442 proul

2151 4374 2228 4444 τῷ
2255 4372 2462 4444 Κυρίῳ.
2482 4370 2591 4424 Καὶ
2618 4369 2746 4440 περὶ
2769 4367 2961 4420 τούτου
2984 4362 3285 4434 νομοθετῶν
3311 4362 3339 4412 6
3366 4359 3536 4422 αὐτὸς
3569 4357 3716 4411 Ἀπό-

469 4474 694 4527 υοίυίιι.
725 4471 860 4527 Vide
899 4481 959 4525 ut
993 4473 1242 4542 corporis
1271 4485 1488 4540 quoque
1523 4470 1859 4524 conditorem
1896 4468 2033 4521 allir-

471 4574 583 4620 met
613 4564 779 4618 Deum
825 4578 889 4616 ac
931 4563 1296 4617 membrorum
1344 4571 1658 4617 nostrorum
1707 4562 2044 4630 composito-

473 4673 612 4720 rem,
647 4655 742 4726 qui
773 4655 1040 4724 sapientia
1072 4668 1134 4707 ac
1162 4654 1405 4708 bonitate
1435 4668 1556 4717 sua,
1590 4652 1669 4707 uti
1699 4653 1892 4714 voluit,
1924 4653 2047 4706 uni-

474 4762 633 4802 versa
677 4747 980 4800 constituit.
1019 4743 1150 4798 Post
1184 4745 1297 4798 lucc
1328 4744 1634 4814 exemplum
1667 4744 1915 4812 corporis
1947 4759 2046 4796 no-

475 4837 574 4892 stri
606 4836 672 4890 ad
705 4835 907 4889 Christi
938 4850 1137 4902 corpus
1171 4833 1569 4887 accommodat.
1595 4817 2048 4896 Quemadmodum

472 4941 522 4983 et
556 4946 648 4982 nos
686 4943 872 4995 corpus
913 4926 1112 4980 Christi
1134 4942 1334 4988 sumus,
1364 4935 1412 4979 et
1438 4927 1670 4978 membra
1699 4923 1762 4978 de
1796 4924 2048 4985 membro,

470 5033 521 5078 et
553 5021 790 5075 Ecclesia
824 5019 941 5081 Dei,
977 5035 1092 5088 qua:
1123 5027 1198 5071 est
1238 5033 1424 5086 corpus
1457 5017 1716 5072 Christi“.
1747 5015 1981 5071 Proinde
2005 5017 2050 5072 si

472 5131 675 5186 corpus
702 5115 798 5169 Dei
827 5112 1070 5168 Ecclesia
1100 5111 1315 5182 spiritui
1343 5111 1652 5174 adhuzrens,
1692 5110 1795 5164 hoc
1832 5119 1918 5165 est
1951 5109 2053 5164 Do-

477 5207 806 5273 mino,unus
838 5215 923 5262 est
952 5207 1183 5276 spiritus
1203 5245 1217 5267 ,
1244 5205 1559 5275 quicunque
1589 5206 1657 5259 ab
1685 5203 1873 5258 eadem
1903 5203 2051 5259 exci-

477 5298 578 5360 dit,
608 5300 833 5368 perinde
866 5315 894 5352 a
931 5299 1125 5369 Spiritu
1157 5297 1496 5361 desciscens,
1543 5299 1724 5352 anima
1762 5299 1968 5368 pariter
1998 5307 2052 5352 et

479 5407 709 5463 corpore
739 5404 1107 5449 commutatur
1141 5397 1197 5449 in
1226 5410 1470 5460 carnem,
1497 5410 1559 5450 ac
1582 5394 1625 5449 si
1653 5393 1784 5465 quid
1816 5394 1962 5449 aliud
1999 5395 2050 5448 in

481 5483 602 5555 ipso
632 5488 958 5542 continetur.
1004 5487 1137 5542 Nam
1165 5488 1258 5559 qui
1295 5487 1406 5544 ﬁeri
1451 5495 1654 5558 posset,
1701 5503 1829 5557 pars
1859 5499 1914 5542 ut
1945 5505 2052 5542 una

2153 4466 2338 4528 στολός
2367 4478 2559 4535 φησιν·
2605 4463 2666 4515 '0
2691 4459 2835 4526 Θεὸς
2873 4459 3038 4514 ἔθετο
3065 4457 3133 4508 ἐν
3165 4453 3388 4522 σώματι
3424 4451 3630 4504 πάντα
3657 4450 3720 4501 τὰ

2145 4559 2322 4630 μέλη,
2356 4558 2617 4612 ἕκαστον
2650 4553 2842 4618 καθὼς
2869 4550 3152 4619 ἠθέλησε.
3184 4547 3293 4600 Καὶ
3323 4548 3425 4616 ὅρα
3453 4544 3580 4607 πῶς
3601 4545 3717 4611 ὀμο-

2151 4651 2302 4718 λογεῖ
2325 4649 2415 4702 τὸν
2449 4647 2580 4700 Θεὸν
2611 4644 2839 4713 ποιητὴν
2871 4641 2964 4694 τοῦ
3000 4638 3269 4708 σώματος,
3304 4636 3395 4689 καὶ
3429 4634 3602 4705 Θέτην
3625 4631 3722 4686 τῶν

2153 4745 2211 4797 ὲν
2239 4745 2370 4813 ἡμῖν
2421 4739 2618 4811 μελῶν,
2659 4737 2753 4790 καὶ
2801 4732 2982 4795 καθὼς
3009 4730 3238 4800 ἠθέλησε
3280 4731 3346 4798 τῇ
3397 4727 3508 4796 ἰδίᾳ
3573 4722 3723 4792 σοφία

2152 4836 2247 4889 καὶ
2276 4833 2592 4903 ἀγαθότητι.
2615 4831 2635 4859 ⁶
2663 4825 2802 4882 Εἶτα
2830 4825 3012 4888 πάλιν,
3057 4823 3176 4876 ἀντὶ
3208 4819 3302 4873 τοῦ
3343 4817 3721 4888 παραδείγμα-

2151 4945 2242 4990 τος
2272 4925 2364 4979 τοῦ
2401 4923 2668 4995 ἡμετέρου
2721 4921 2968 4990 σώματος
2994 4957 3008 4982 ,
3042 4914 3134 4968 τοῦ
3182 4911 3442 4984 Χριστοῦ.
3483 4912 3591 4974 Ὠς
3635 4905 3722 4961 καὶ

2151 5019 2324 5090 ἡμεῖς
2351 5016 2522 5087 σῶμα
2558 5013 2818 5084 Χριστοῦ
2844 5013 3050 5079 ἐσμεν,
3079 5007 3178 5060 καὶ
3208 5003 3364 5075 μέλη
3384 5003 3453 5054 ἐκ
3473 5003 3721 5071 μέλους,

2107 5154 2111 5158 -
2155 5112 2252 5167 καί
2282 5113 2320 5180 ή
2368 5107 2698 5176 Ἐκκλησία
2728 5105 2835 5159 τοῦ
2868 5101 3036 5165 Θεοῦ,
3068 5099 3198 5170 ἣτις
3223 5095 3358 5151 ἐστὶ
3389 5092 3570 5162 σῶμα
3610 5093 3724 5158 Χρι-

2157 5205 2329 5262 στοῦ.
2356 5205 2418 5258 Εἰ
2466 5202 2626 5271 σῶμα
2667 5198 2844 5251 τοίνυν
2873 5192 3008 5248 Θεοῦ
3045 5193 3079 5263 ἡ
3128 5187 3419 5258 Ἐκκλησία
3461 5181 3725 5249 κεκολλη-

2163 5300 2297 5370 μένη
2332 5295 2410 5366 τῷ
2457 5292 2748 5363 πνεύματι,
2779 5287 3023 5341 τουτέστι
3050 5283 3129 5352 τῷ
3161 5280 3373 5350 Κυρίῳ,
3416 5273 3478 5329 ἓν
3516 5272 3726 5343 πνεῦμά

2162 5396 2326 5454 ἐστιν,
2360 5393 2388 5442 6
2412 5390 2504 5442 ἀπ’
2540 5386 2709 5453 αὐτῆς
2739 5381 2917 5434 τοίνυν
2951 5375 3278 5448 ἁμαρτάνων
3301 5368 3616 5439 πνεύματος
3643 5368 3726 5416 ἐκ·

2163 5453 2341 5538 πεσὼν
2389 5479 2525 5552 σὰρξ
2559 5477 2847 5547 γεγένηται
2877 5471 3012 5532 ὅλως
3054 5467 3198 5537 ψυχῇ
3231 5464 3325 5518 καὶ
3363 5459 3601 5531 σώματι,
3641 5453 3727 5508 καὶ

558 5602 1014 5678 ξῑϐοιῃννηί-ὃ,
1092 5606 1330 5676 ῗΕρίιεε.
1385 5627 1438 5678 v,
1472 5611 1575 5676 5|;
1613 5607 1747 5662 Gen.
1813 5625 1872 5673 ll,
1928 5606 2019 5661 24.

2139 5608 2174 5671 _l
2202 5606 2329 5661 Cor.
2365 5619 2438 5657 vr.
2493 5601 2577 5654 16,
2634 5597 2717 5650 l7.
2797 5596 2816 5626 ⁸
2850 5591 3020 5646 lCor.
3082 5603 3181 5652 xu,
3247 5583 3334 5638 18.
3403 5581 3444 5663 7⁸-
3474 5572 3729 5634 ibid.27.

482 5675 506 5707 ⁸
538 5673 701 5731 Deest
725 5676 951 5748 aliquid.
