3856 6330
186 373 282 432 ιω

825 366 1198 428 aovensos
1235 360 1582 424 HEREBES
1620 366 1750 424 LIB.
1793 367 1858 425 n.
1900 362 2067 424 TOM.
2090 329 2175 449 μ’.
2211 395 2282 406 --
2321 361 2591 424 amnes.
2635 366 2821 423 LXVI.

3341 370 3444 432 ι’ιο

186 495 234 548 εἴ
273 491 352 554 τίς
378 493 394 522 ⁸
429 491 580 544 ἐστιν
631 488 688 544 ἐν
740 488 913 559 αὐτῷ.
956 488 1108 540 Ἐπεὶ
1146 485 1263 551 πῶς
1313 485 1539 541 ἐδύνατο
1590 487 1756 559 μέρος

1868 485 2078 543 Satanze
2127 484 2465 553 traderetur,
2517 503 2629 542 non
2674 487 2985 544 traderetur
3015 490 3224 545 altera?
3257 489 3446 564 Neque

187 577 540 652 παραδοθῆναι
567 577 650 649 τῷ
671 578 910 656 Σατανᾷ,
929 578 1024 632 καὶ
1053 577 1222 649 μέρος
1255 577 1331 648 μὴ
1353 576 1757 649 παραδοθῆναις

189 674 256 727 Οὐ
294 672 397 742 γὰρ
450 666 602 736 εἷπε,
651 670 1029 742 παραδοθῆναι
1071 671 1174 740 τὴν
1201 668 1383 740 σάρκα
1406 667 1486 740 τῷ
1524 668 1756 740 Σατανᾷ,

189 766 310 820 ἀλλὰ
335 761 709 834 καρσΰοῦναι
756 763 866 818 τὸν
907 762 1198 818 τοιοῦτον.
1245 763 1304 815 ὐ
1341 761 1399 815 δὲ
1430 761 1607 830 λέγων
1652 761 1762 816 τὸν

190 856 442 910 τοιοῦτον
471 854 738 926 ὁλοσχερῆ
779 852 1070 924 ἄνθρωπον
1113 851 1211 904 σὺν
1256 849 1404 921 ψυχῇ
1451 849 1548 904 καὶ
1597 848 1761 902 παντὶ

167 940 261 1020 ’τῷ
279 948 545 1021 ἀνθρώπῳ
582 946 991 1019 παραδέδωκεν.
1022 945 1088 998 Εἰ
1111 943 1169 996 δὲ
1197 943 1318 996 ὅλον
1349 942 1756 1014 παραδέδωκεν,

189 1040 296 1093 ὅλον
320 1038 496 1110 σάρκα
535 1038 894 1108 ἀπεφήνατο·
933 1035 995 1089 τὸ
1025 1034 1242 1106 πνεῦμα
1267 1034 1325 1089 δὲ
1355 1033 1546 1104 ἐδήλου
1589 1032 1760 1097 σώζε-

191 1131 302 1184 σθαι
344 1133 422 1194 εἰς
475 1131 578 1200 τὴν
613 1129 832 1200 ἡμέραν
873 1127 1119 1199 Κυρίου,
1164 1128 1253 1180 ἵνα
1306 1126 1381 1198 μὴ
1427 1125 1532 1178 ὑπὸ
1582 1124 1761 1178 αἰτίαν

190 1226 454 1297 γένηταιὴ
496 1222 798 1293 Ἐκκλησία
842 1221 940 1274 τοῦ
980 1221 1301 1291 σφάλματος
1335 1217 1430 1272 τοῦ
1467 1217 1762 1288 σφαλέντος

187 1315 482 1388 ἀνθρώπου,
517 1314 614 1366 καὶ
648 1310 889 1384 μολυνθῇ
918 1311 1013 1382 ὅλη
1065 1312 1100 1380 ή
1137 1309 1434 1380 Ἐκκλησία
1471 1307 1550 1379 τῷ
1578 1321 1760 1380 παρα-

189 1410 422 1480 πτώματι
444 1406 543 1461 τοῦ
579 1406 720 1470 ἑνὸς,
752 1404 937 1473 λέγει’
964 1400 1269 1472 Παράὃοτε
1294 1401 1402 1455 τὸν
1423 1398 1760 1470 σφαλέντα,

189 1503 275 1552 ἴνα
298 1501 360 1553 τὸ
389 1499 652 1568 πνεῦμα,
677 1496 960 1550 τουτέστιν
984 1494 1081 1566 ὃλη
1115 1496 1149 1564 ή
1188 1491 1506 1563 Ἐκκλησία,
1537 1483 1725 1558 σωθῇ.

241 1592 373 1661 HG".
389 1593 553 1647 Ἀλλά
574 1608 712 1664 φησι
728 1608 743 1621 ·
768 1590 1114 1661 Γέγραπται·
1133 1587 1291 1657 Σὰρξ
1306 1587 1406 1641 καὶ
1425 1583 1568 1655 αἷμα
1577 1585 1764 1649 βασιι

187 1687 343 1746 λείαν
356 1684 510 1739 Θεοῦ
521 1686 594 1738 οὐ
607 1679 1284 1752 κληρονομήσουσι.Καὶ
1297 1679 1508 1750 νομίζει
1521 1679 1578 1731 ὲν
1587 1675 1765 1746 τούτῳ

1863 594 1992 636 vero
2021 578 2162 635 dixit
2179 578 2477 650 Apostolus
2511 596 2525 634 :
2561 577 2803 635 Tradere
2823 593 3047 637 carnem
3084 580 3323 650 Satanae,
3348 588 3444 643 sed

1861 672 2074 727 tradere
2115 672 2398 742 ejusmodi.
2450 671 2523 726 At
2565 672 2662 744 qui
2693 672 2957 742 ejusmodi
2987 674 3144 742 dicit,
3173 677 3445 751 integrum

1861 763 2109 836 proiecto
2161 763 2466 828 hominem,
2521 764 2626 820 hoc
2674 773 2762 822 est
2810 774 2922 821 tam
2971 767 3237 835 animam,
3281 787 3446 842 quam

1861 870 2066 926 corpus
2101 855 2390 912 tradiderit
2417 873 2646 914 necesse
2682 864 2788 915 est.
2830 857 2936 925 Qui
2969 874 3092 915 cum
3126 870 3299 917 totum
3335 873 3451 918 tra-

1862 947 2086 1012 diderit,
2130 956 2302 1003 totum
2337 948 2594 1004 videlicet
2634 963 2858 1004 carnem
2895 965 3021 1005 esse
3049 951 3358 1022 signiﬁcat;
3393 963 3453 1008 at

1863 1037 2121 1107 spiritum
2150 1037 2208 1091 in
2237 1037 2381 1092 diem
2414 1035 2631 1093 Domini
2668 1039 2877 1094 servari
2906 1040 3268 1107 demonstrat,
3292 1051 3352 1096 ut
3381 1059 3451 1099 ne

1862 1127 2112 1183 Ecclesia
2141 1128 2514 1199 delinquentis
2553 1129 2792 1186 hominis
2835 1133 3045 1188 scelere
3074 1135 3450 1206 obstringere-

1863 1226 1977 1283 tur,
2016 1218 2292 1288 uniusque
2325 1217 2527 1276 delicto
2556 1228 2669 1275 tota
2708 1221 2828 1291 ipsa
2869 1223 3228 1292 pollueretur.
3266 1225 3449 1291 Quare

1864 1311 1939 1364 ita
1976 1310 2134 1380 jubet
2177 1311 2475 1382 Apostolus
2509 1331 2523 1368 :
2565 1309 2782 1368 Tradite
2815 1331 2935 1369 eum
2979 1316 3069 1386 qui
3107 1315 3352 1388 deliquit,
3388 1328 3446 1373 ut

1863 1401 2105 1468 spiritus,
2139 1400 2245 1456 hoc
2272 1409 2357 1458 est
2384 1401 2628 1458 Ecclesia
2655 1404 2936 1470 universa,
2966 1405 3149 1461 salvus
3167 1408 3236 1460 sit
3261 1409 3303 1459 ³.

1935 1573 2224 1633 LXXXVI.
2258 1578 2428 1650 Atqui
2461 1579 2731 1652 scriptum
2784 1593 2869 1638 est
2898 1581 3018 1653 (ait)
3045 1603 3059 1638 :
3085 1582 3227 1640 Caro
3259 1593 3310 1640 et
3329 1602 3450 1641 san-

1864 1671 1983 1743 guis
2018 1687 2234 1742 regnum
2265 1670 2367 1728 Dei
2403 1689 2508 1728 non
2546 1672 2885 1742 possidebunt
2906 1677 2948 1729 ³.
2997 1676 3117 1742 Qua
3147 1675 3451 1750 Scriptura

187 1777 347 1846 λέγειν
366 1793 437 1832 τι.
456 1767 570 1830 και
580 1773 778 1846 γὰρτῷ
793 1774 908 1828 ὄντι
923 1773 982 1826 οὐ
1005 1772 1228 1827 δύναται
1250 1769 1478 1843 πορνεία
1501 1768 1758 1840 κληρονο-

1868 1762 2144 1816 sententia
2169 1761 2422 1818 nonnihil
2445 1763 2660 1822 ellicere
2690 1781 2749 1822 se
2777 1775 2952 1838 putat.
2985 1766 3188 1824 Verum
3216 1768 3377 1839 longe
3399 1770 3449 1826 is

189 1872 295 1939 μεῖν
320 1868 604 1938 βασιλείαν
628 1865 898 1937 οὐρανῶν,
930 1864 1051 1918 οὐδὲ
1081 1863 1319 1936 μοιχεία,
1343 1862 1465 1916 οὐδὲ
1484 1859 1758 1928 ἀσέλγεια,

1869 1851 2112 1908 aberrat.
2145 1853 2367 1910 Certum
2405 1857 2554 1912 enim
2583 1865 2672 1914 est
2704 1873 2816 1914 non
2848 1874 3011 1929 posse
3048 1867 3300 1931 stuprum
3334 1875 3449 1918 cm-

184 1961 294 2014 ούδέ
331 1957 753 2029 είδωλολατρεία
776 1975 788 1988 ο
830 1956 1080 2010 τουτέστι
1111 1953 1251 2026 σὰρξ
1280 1955 1377 2008 καὶ
1406 1947 1569 2024 αἷμα.
1600 1951 1666 2005 Εἰ
1703 1950 1762 2004 δὲ

186 2055 301 2126 περὶ
327 2053 535 2123 σαρκὸς
565 2051 662 2104 καὶ
688 2043 918 2120 αίματος
938 2044 1098 2101 τοῦτο
1129 2046 1396 2116 νομίζεις,
1419 2039 1558 2106 εἶναι
1589 2043 1762 2115 αὐτὴν

185 2149 273 2218 τὴν
313 2147 528 2218 σάρκα,
580 2142 698 2208 πῶς
740 2143 822 2196 ἐτι
856 2139 1156 2214 πληροῦται
1189 2140 1252 2192 τὸ
1293 2137 1616 2210 εἰρημένον·
1650 2136 1759 2191 και

185 2237 308 2293 ὅσοι
322 2238 548 2291 ἔλαϐον
565 2233 777 2298 αὐτὸν,
792 2233 1017 2288 ἔδωκεν
1041 2231 1250 2296 αὐτοῖς
1271 2229 1565 2295 ἐξουσίαν
1581 2229 1762 2285 τέκνα

185 2330 325 2384 θεοῦ
344 2327 630 2399 γενέσθω
649 2341 664 2358 ⁸
693 2326 751 2381 οι
780 2327 894 2380 οὐκ
924 2324 994 2390 ἐξ
1026 2318 1309 2394 αἱμάτων,
1342 2320 1488 2376 οὐδὲ
1515 2321 1585 2374 ἐκ
1610 2335 1760 2389 σαρ-

185 2419 282 2485 κὸς
320 2416 767 2487 ἐγεννήθησαν,
806 2413 947 2469 ἀλλ’
996 2413 1066 2467 ἐκ
1102 2411 1287 2475 Θεοῦ;
1327 2410 1422 2473 Τίς
1471 2411 1532 2462 ὲν
1572 2409 1762 2480 κόσμῳ

188 2508 463 2580 γεγένηται
491 2507 624 2560 ἄνευ
653 2503 894 2576 σαρκός;
940 2501 1080 2556 ’Δλλ’
1118 2499 1309 2572 ἐπειδὴ
1349 2497 1760 2577 μετεϐλήθησαν

185 2600 233 2651 αἱ
259 2597 507 2668 γνῶμαιο
539 2596 602 2650 οὐ
631 2595 742 2666 γὰρ
790 2595 850 2648 αἱ
895 2594 1085 2662 φύσεις
1115 2591 1224 2647 τῶν
1263 2590 1620 2662 γεννωμένων
1646 2590 1760 2644 ἀπὸ

188 2689 423 2760 μητέρων
452 2688 549 2741 καὶ
605 2685 862 2756 πατέρων
895 2679 1098 2754 σαρκὸς
1124 2683 1220 2737 καὶ
1263 2682 1498 2753 αἵματος
1535 2681 1759 2752 ἐγεννή-

184 2781 342 2852 θησαν
370 2781 471 2851 τὴν
489 2777 753 2848 δευτέραν
778 2777 1032 2846 γέννησιν
1059 2773 1158 2846 τὴν
1178 2773 1287 2828 ἀπὸ
1311 2773 1408 2842 τῆς
1433 2770 1528 2825 τοῦ
1551 2769 1758 2842 Κυρίου

185 2873 480 2943 γεννήσεως
531 2869 620 2923 διὰ
653 2867 967 2938 πνεύματος
1014 2866 1112 2920 καὶ
1160 2865 1359 2937 πυρός·
1393 2863 1619 2917 ἔδωκεν
1654 2863 1760 2917 αὐ·

185 2963 294 3028 τοῖς
321 2962 620 3028 ἐξουσίαν
655 2959 842 3014 τέκνα
882 2959 1031 3014 Θεοῦ
1071 2956 1370 3029 γενέσθαι.
1415 2957 1502 3020 Ὡς
1540 2950 1632 3010 οὖν
1669 2955 1758 3009 ὲν-

182 3055 340 3109 ταύθα
371 3058 439 3109 ὲκ
478 3051 684 3125 σαρκὸς
727 3051 1102 3124 ἐγεννήθησαν
1145 3049 1241 3103 καὶ
1269 3047 1327 3113 ἐξ
1357 3048 1607 3118 αἵματος.
1649 3047 1760 3100 Καὶ

180 3149 235 3202 οὐ
261 3146 537 3218 λογίζεται
572 3147 638 3200 ἐκ
682 3141 886 3216 σαρκὸς
920 3143 1015 3197 καὶ
1052 3143 1345 3214 αἴματοςή
1389 3141 1643 3211 γέννησις
1671 3138 1759 3192 διὰ

180 3240 269 3310 τὴν
307 3214 618 3311 μεταϐολὴν
663 3214 763 3308 τῆς
812 3234 1177 3306 δικαιοσύνης.
1214 3233 1474 3302 Καίτοιγε
1506 3228 1564 3286 έν
1595 3230 1759 3304 σαρκὶ
1787 3214 1830 3272 c

182 3331 266 3386 καὶ
281 3332 496 3403 αἵματι,
514 3329 591 3392 ὡς
607 3328 784 3397 λέγει·
813 3329 909 3381 Ἑν
928 3325 1112 3396 σαρκὶ
1138 3326 1248 3396 γὰρ
1268 3323 1754 3394 περιπατοῦντες,

181 3425 244 3478 οὐ
283 3422 434 3477 κατὰ
467 3421 670 3490 σάρκα
715 3417 1179 3488 στρατευόμεθα.
1208 3417 1350 3488 "Aput
1375 3412 1467 3470 οὖν
1491 3415 1572 3470 ἔνι
1599 3413 1755 3486 σὰρξ,

178 3517 232 3570 οὐ
265 3515 409 3571 κατὰ
460 3515 643 3584 σάρκα
673 3512 1102 3585 στρατευομένη.
1135 3511 1246 3563 Καὶ
1272 3508 1360 3564 διὰ
1404 3507 1566 3562 τοῦτο
1609 3507 1757 3575 λέγει

180 3608 347 3680 σάρκα
374 3609 472 3662 καὶ
498 3601 642 3676 αἷμα
678 3604 754 3676 μὴ
784 3603 1141 3675 κληρονομεῖν
1173 3599 1454 3673 βασιλείαν
1478 3597 1754 3672 οὐρανῶν·

176 3699 231 3751 οὐ
256 3700 381 3769 περὶ
406 3697 509 3767 τῆς
534 3694 740 3766 σαρκὸς
768 3693 973 3764 ταύτης
999 3693 1098 3765 τῆς
1130 3690 1433 3763 καμούσης,
1471 3687 1571 3760 τῆς
1599 3689 1758 3758 ἁγια-

180 3791 415 3862 σθείσης,
447 3790 550 3859 τῆς
576 3788 656 3860 τῷ
683 3786 804 3858 Θεῴ
835 3785 1302 3858 εὑαρεστησάσης,
1331 3783 1468 3838 ἀλλὰ
1496 3783 1626 3854 περὶ
1657 3781 1758 3851 τῆς

177 3885 230 3936 ὲν
263 3881 563 3954 ἁμαρτίαις
595 3877 1001 3948 ἐξετασθείσης.
1035 3875 1188 3928 Ἐπεὶ
1223 3873 1340 3938 πῶς
1360 3873 1424 3928 ἂν
1454 3871 1756 3944 πληροῦται

175 3973 546 4048 τὺείρημένον
566 3989 581 4004 ⁸
614 3971 717 4026 Δεῖ
755 3969 864 4042 γὰρ
900 3968 966 4023 τὸ
997 3967 1263 4039 φθαρτὸν
1290 3965 1466 4020 τοῦτο
1500 3964 1759 4019 ἐνδύσα-

174 4068 309 4121 σθαι
341 4062 724 4134 ἁφθιιρσίαν,
776 4059 877 4114 καὶ
918 4059 984 4113 τὸ
1027 4056 1250 4127 θνητὸν
1282 4055 1458 4111 τοῦτο
1497 4054 1756 4110 ἐνδύσα-

173 4163 309 4214 σθαι
335 4157 718 4217 ἀθανασίαν;
748 4150 1193 4223 Τηλαυγέστερον
1224 4149 1281 4203 δὲ
1331 4147 1462 4220 περὶ
1503 4147 1693 4201 τούτου
1730 4147 1759 4199 ὁ

175 4251 334 4313 αὐτὸς
375 4245 704 4309 Ἀπόστολος
737 4244 1018 4316 σημαίνων
1040 4281 1055 4305 ,
1101 4241 1190 4296 ἵνα
1233 4241 1306 4312 μή
1361 4257 1502 4305 τινες
1548 4239 1757 4308 πλανη-

175 4343 329 4406 θῶσι,
362 4342 460 4395 καὶ
493 4340 616 4395 ἀντὶ
653 4337 760 4392 τῶν
803 4335 1022 4406 φαύλων
1059 4332 1235 4405 ἔργων
1258 4332 1354 4404 τὴν
1383 4329 1475 4384 τοῦ
1509 4329 1758 4402 σώματος

176 4436 370 4489 πλάσιν
399 4431 778 4488 ἀπελπίσωσιν
816 4431 882 4483 ὲκ
908 4432 1007 4501 τῆς
1031 4428 1403 4492 ἀναστάσεως,
1433 4426 1581 4495 λέγει
1605 4441 1618 4454 ο
1651 4427 1757 4479 Νε-

172 4530 444 4599 κρώσατε
478 4527 553 4579 τὰ
597 4523 758 4594 μέλη
793 4523 866 4578 τὰ
907 4521 1007 4576 ἐπὶ
1061 4520 1172 4590 τῆς
1221 4517 1371 4590 γῆς·
1430 4518 1591 4574 ἅτινά
1639 4520 1757 4572 ἐστι

172 4619 422 4693 πορνεία,
449 4617 685 4690 μοιχεία,
711 4614 991 4682 ἀσέλγεια,
1018 4614 1111 4667 καὶ
1135 4611 1203 4667 τὰ
1231 4608 1376 4682 ἑξῆς.
1456 4649 1471 4664 .
1553 4651 1567 4664 .
1645 4651 1660 4666 .
1739 4649 1754 4664 .

169 4805 308 4859 ἀλλὰ
335 4803 436 4856 καὶ
466 4803 595 4863 τοὺς
629 4799 895 4871 ὀφθέντας
930 4801 1044 4863 τοῖς
1091 4797 1418 4861 Γαλιλαίοις,
1446 4796 1542 4851 καὶ
1571 4795 1757 4864 λέγον-

169 4915 287 4961 τας,
327 4896 413 4949 ὅτι
470 4892 696 4948 Τοῦτον
748 4891 856 4945 τὸν
911 4889 1155 4958 Ἰησοῦν
1201 4887 1275 4942 ὃν
1319 4886 1614 4956 ἑωράκατε
1658 4887 1758 4956 ἀφ’

169 4988 338 5058 ὑμῶν
388 4985 970 5054 ἀναλαμϐανόμενον
991 5021 1006 5047 ,
1061 4981 1251 5045 οὕτως
1311 4980 1627 5034 ἐλεύσεται
1687 4979 1760 5033 ὃν

168 5085 394 5152 τρόπον
417 5076 608 5133 elders
632 5077 821 5130 αὑτὸν
842 5072 1438 5143 ἁναλαμϐανόμενον.
1488 5125 1492 5129 .

1791 4571 1834 4626 D

1869 1944 2008 1999 Ieste
2039 1958 2268 2015 regnum
2300 1946 2572 2016 obtinere,
2601 1964 2702 2006 nec
2732 1950 3090 2016 adulterium,
3124 1967 3302 2023 neque
3323 1953 3449 2008 libi-

1867 2035 2075 2102 dinem,
2103 2052 2207 2092 nec
2229 2037 2594 2094 idololatriam
2616 2058 2633 2096 :
2657 2056 2780 2112 quae
2811 2041 2995 2098 omnia
3024 2057 3124 2113 per
3150 2057 3374 2100 carnem
3392 2052 3449 2100 et

1867 2127 2191 2199 sanguinem
2239 2129 2596 2202 intelligenda
2643 2141 2794 2189 sunt.
2848 2131 2987 2188 Nam
3032 2135 3082 2190 si
3129 2132 3353 2192 carnem
3393 2147 3450 2192 ct

1867 2220 2195 2292 sanguinem
2220 2220 2303 2277 sic
2333 2222 2740 2294 interpretaris,
2765 2233 2827 2281 ut
2854 2226 2922 2282 ad
2953 2226 3233 2298 propriam
3263 2227 3449 2284 homi-

1869 2313 1956 2368 nis
1996 2326 2216 2369 camem
2256 2315 2549 2384 pertineat,
2603 2332 2842 2388 quonam
2889 2319 3054 2375 modo
3089 2335 3278 2376 verum
3314 2320 3449 2376 illud

1866 2421 1991 2461 esse
2019 2405 2245 2476 poterit:
2280 2406 2550 2480 Quotquot
2573 2419 2750 2464 autem
2777 2421 3079 2480 receperunt
3105 2412 3279 2475 illum,
3305 2411 3451 2468 dedit

1864 2498 1943 2552 eis
1973 2506 2290 2567 potestatem
2328 2499 2469 2569 ﬁlios
2502 2499 2600 2555 Dei
2637 2501 2775 2570 ﬁeri,
2807 2504 2899 2573 qui
2940 2520 3047 2560 non
3073 2521 3140 2560 ea:
3172 2505 3452 2576 sanguini-

1867 2588 1985 2652 bus,
2009 2605 2171 2660 neque
2201 2603 2266 2644 ea:
2292 2606 2451 2644 carne
2473 2590 2588 2644 nati
2613 2599 2759 2653 sunt,
2791 2590 2882 2646 sed
2914 2607 2980 2647 ex
3007 2592 3119 2649 Deo
3139 2594 3201 2651 ‘i
3224 2594 3361 2662 Quis
3390 2597 3449 2654 in

1864 2679 2074 2734 mundo
2105 2681 2224 2736 sine
2260 2695 2427 2736 carne
2455 2691 2618 2736 natus
2647 2683 2776 2736 est?
2817 2683 3017 2738 Verum
3053 2686 3311 2754 quoniam
3337 2703 3450 2745 non

1867 2775 2080 2824 naturae
2106 2769 2327 2840 quidem
2368 2771 2612 2838 illorum,
2641 2771 2736 2841 qui
2773 2785 2842 2827 ex
2882 2781 3168 2842 parentum
3197 2789 3367 2834 carne
3393 2785 3452 2835 et

1866 2861 2134 2932 sanguine
2151 2861 2434 2932 propagati
2457 2871 2608 2926 sunt,
2631 2861 2729 2918 sed
2756 2863 2924 2918 animi
2953 2867 3272 2921 commutati
3295 2877 3446 2936 sunt,

1865 2970 1932 3011 ac
1983 2954 2226 3011 secunda
2273 2955 2624 3026 generatione
2673 2971 2706 3011 a
2760 2954 2992 3021 Domino
3044 2971 3142 3028 per
3192 2959 3447 3030 spiritum

1865 3050 2157 3121 ignemque
2203 3047 2500 3121 procreati,
2547 3058 2862 3120 propterea,
2904 3049 3069 3117 dedit,
3101 3051 3298 3123 inquit,
3337 3054 3450 3111 illis

1863 3152 2175 3212 potestatem
2205 3143 2348 3213 ﬁlios
2376 3141 2474 3196 Dei
2506 3142 2647 3212 ﬁeri.
2694 3142 2788 3198 Sic
2825 3143 2992 3215 igitur
3031 3161 3096 3202 es
3127 3161 3292 3202 carne
3323 3148 3452 3205 istic

1863 3243 1920 3291 et
1947 3236 2218 3308 sanguine
2247 3235 2362 3292 nati
2406 3243 2556 3291 sunt.
2591 3235 2778 3308 Neque
2805 3242 2994 3292 tamen
3037 3237 3108 3293 ob
3148 3238 3451 3295 traductio-

1864 3342 1987 3383 nem
2034 3329 2182 3381 illam
2232 3328 2299 3382 ad
2340 3327 2636 3398 justitiam,
2684 3329 2912 3385 alterius
2949 3343 3016 3385 ex
3048 3345 3216 3386 carne
3239 3338 3294 3385 et
3323 3347 3452 3388 sano

1863 3420 2031 3491 guine
2082 3419 2319 3475 habetur
2367 3420 2740 3490 generationis
2797 3422 2962 3476 ratio.
3017 3421 3342 3494 Quanquam
3391 3425 3451 3481 in

1865 3527 2032 3568 carne
2062 3511 2444 3578 nihilominus,
2473 3520 2530 3566 et
2564 3512 2728 3582 708
2767 3513 3035 3584 sanguine
3072 3526 3447 3584 permaneant,

1866 3602 2016 3656 velut
2046 3601 2156 3657 alio
2188 3602 2310 3657 Ioco
2338 3601 2475 3664 dicit
2506 3620 2519 3655 :
2550 3599 2616 3655 In
2655 3616 2817 3655 carne
2857 3600 3188 3656 ambulantes
3227 3618 3330 3657 non
3366 3619 3450 3659 se-

1865 3699 2096 3750 cundum
2125 3711 2337 3750 carnem
2368 3696 2662 3750 militamus
2684 3696 2729 3749 ⁸.
2763 3694 3031 3762 Quocirca
3064 3695 3203 3752 inest
3227 3695 3448 3766 quidem

1865 3797 2033 3851 caro;
2070 3782 2166 3838 sed
2200 3798 2311 3838 non
2339 3783 2644 3839 secundum
2677 3799 2900 3847 carnem
2934 3784 3149 3840 militat.
3193 3784 3334 3841 Hinc
3363 3795 3450 3844 est

1865 3876 2012 3945 quod
2045 3875 2142 3940 ait,
2187 3889 2407 3930 carnem
2459 3884 2514 3930 et
2561 3877 2882 3947 sanguinem
2942 3876 3164 3933 cceleste
3218 3893 3450 3948 regnum

1866 3966 2092 4022 minime
2135 3967 2440 4038 possidere.
2482 3967 2588 4024 Ubi
2625 3982 2732 4024 non
2768 3969 2835 4023 de
2863 3983 2924 4023 ca
2971 3983 3138 4024 carne
3185 3969 3447 4040 loquitur,

1865 4076 1989 4131 quae
2036 4061 2322 4116 laboribus
2372 4061 2583 4124 attrita,
2624 4075 2748 4132 qua:
2777 4064 3071 4117 sanctitate
3102 4071 3448 4130 consecrata,

1865 4167 1988 4222 quae
2026 4150 2138 4208 Deo
2167 4151 2406 4222 denique
2439 4159 2593 4223 grata
2625 4153 2716 4217 sit,
2753 4150 2850 4208 sed
2879 4153 2947 4207 de
2971 4167 3055 4215 ea,
3089 4167 3210 4222 qua:
3240 4152 3295 4208 in
3321 4168 3452 4224 pec-

1867 4253 2119 4300 catorum
2155 4243 2418 4300 sordibus
2441 4242 2740 4302 detinetur.
2773 4241 2929 4309 Quod
2959 4243 3064 4297 nisi
3092 4243 3166 4297 ita
3198 4253 3302 4306 est,
3325 4245 3449 4314 qui.

1866 4353 1993 4392 nam
2037 4337 2172 4393 illud
2215 4336 2430 4407 impleri
2465 4337 2710 4407 poterit:
2744 4333 2964 4405 Oportet
3007 4336 3150 4390 enim
3181 4336 3448 4404 corrupti-

1867 4429 1968 4483 bile
2001 4429 2099 4484 hoc
2131 4427 2350 4484 induere
2376 4428 2848 4498 incorruptionem,
2889 4436 2940 4482 et
2983 4427 3207 4483 mortale
3237 4427 3335 4486 ltoc
3363 4429 3450 4481 in-

1864 4522 2024 4577 duere
2057 4522 2597 4578 immortalitatem‘?
2640 4521 2795 4588 Quod
2848 4521 3054 4578 clarius
3103 4520 3245 4578 idem
3298 4521 3448 4593 Apoo

1863 4615 2040 4672 stolus
2085 4614 2426 4686 significans.
2478 4630 2548 4671 ne
2585 4615 2679 4686 qui
2713 4613 2946 4670 forsitan
2978 4621 3256 4682 errarent,
3285 4623 3450 4684 atque

1737 4742 1753 4756 .
1866 4709 1941 4763 ob
1975 4708 2185 4764 scelera
2217 4707 2287 4763 de
2316 4706 2641 4766 formatione
2669 4707 2920 4777 corporis
2951 4706 3009 4762 in
3041 4706 3451 4763 resurrectione

1867 4801 2247 4871 desperarent,
2275 4801 2362 4856 bis
2396 4800 2576 4857 verbis
2607 4801 2859 4856 hortatur
2885 4817 2900 4856 :
2939 4798 3261 4871 Mortiﬁcate
3284 4817 3452 4854 mem-

1836 4892 1983 4968 bra,
2022 4910 2141 4964 qua:
2177 4903 2301 4950 sunt
2351 4894 2407 4949 in
2459 4902 2600 4949 terra
2619 4894 2664 4961 ⁷,
2709 4892 2816 4950 hoc
2861 4900 2967 4960 est,
2995 4893 3448 4964 fornicationem,

1864 4984 2218 5049 adulterium,
2259 4985 2580 5052 libidinem,
2619 4993 2729 5042 etc.
2775 5025 2792 5042 .
2854 5024 2870 5040 .
2948 5025 2966 5040 .
3041 5023 3059 5040 .

1865 5075 1980 5134 Imo
1999 5087 2054 5133 et
2076 5095 2172 5134 eos
2192 5079 2284 5150 qui
2317 5078 2557 5136 Galilteis
2577 5087 2950 5151 apparuerunt
2981 5094 3185 5150 eosque
3214 5080 3295 5134 sic
3321 5078 3452 5134 allo.

167 5178 277 5235 cuti
310 5182 443 5231 sunt
469 5193 484 5228 :
513 5171 670 5227 Hunc
692 5171 898 5236 Iesum,
928 5187 1081 5241 quem
1104 5169 1306 5249 vidistis
1334 5187 1366 5224 a
1393 5171 1534 5224 vobis
1563 5181 1916 5236 assumptum,
1943 5177 2020 5230 sic
2047 5177 2212 5231 veniet
2232 5177 2675 5246 quemadmodum
2695 5179 2900 5234 vidistis
2916 5194 3035 5233 eum
3059 5185 3389 5246 assumptum
3403 5175 3446 5231 ⁸.

233 5269 363 5323 ΠΖ’.
419 5266 557 5320 Ἀπὸ
600 5264 811 5319 δὲ“τῶν
845 5264 1154 5336 εἰρημένων
1182 5263 1401 5317 πάντων
1424 5260 1680 5317 δύνανται
1711 5267 1761 5317 οἰ

167 5360 441 5428 νουνεχεῖς
493 5357 590 5409 τὸν
645 5354 772 5408 νοῦν
833 5353 1130 5424 ἐπιστῆσαι
1175 5353 1269 5406 ἐπὶ
1316 5353 1450 5406 πᾶσι
1509 5354 1620 5417 τοῖς
1662 5353 1761 5424 τῆς

1943 5267 2250 5324 LXXXVII.
2279 5269 2356 5328 Ex
2392 5271 2476 5327 his
2506 5285 2629 5342 qua)
2650 5272 2917 5328 hactenus
2941 5275 3088 5327 dicta
3110 5279 3260 5337 sunt,
3287 5268 3449 5325 facile

1870 5360 2240 5432 intelligentes
2295 5363 2550 5420 homines
2599 5373 2834 5434 possunt
2871 5373 2981 5419 tam
3019 5363 3088 5417 ad
3122 5377 3282 5418 veros
3325 5375 3448 5418 ser-

166 5450 428 5522 ἁληθείας
459 5448 644 5516 λόγοις
679 5448 775 5501 καὶ
823 5449 938 5510 τοῖς
989 5447 1100 5500 ἀπὸ
1146 5445 1460 5516 ψεύσματος
1494 5443 1590 5498 τοῦ
1629 5461 1758 5516 προ-

1869 5467 2080 5515 mones.
2098 5469 2262 5524 quam
2280 5455 2348 5509 ad
2366 5453 2648 5511 Manichtei
2669 5453 2952 5510 mendacia
2976 5455 3221 5510 animum
3249 5453 3447 5510 adver-

167 5542 464 5615 ειρημένου
517 5539 813 5610 λεγομένου
859 5537 1203 5609 Μανιχαίου·
1259 5536 1380 5599 ἴνα,
1418 5537 1466 5589 εί
1515 5536 1608 5590 καὶ
1659 5536 1758 5590 οὐκ

1868 5545 2003 5604 lere,
2037 5548 2098 5594 ut
2129 5542 2349 5597 tametsi
2377 5541 2676 5613 quodpiam
2709 5544 2934 5599 allatum
2978 5545 3048 5601 ab
3094 5560 3162 5600 eo
3192 5545 3446 5600 testimo-

167 5633 523 5707 ἐπεμνήσθην
561 5633 708 5694 τινος
747 5632 1073 5703 μαρτυρίας,
1111 5629 1219 5683 ἀπὸ
1256 5628 1362 5682 τῶν
1384 5628 1479 5682 δύο
1506 5628 1540 5682 ἦ
1589 5627 1756 5698 τριῶν

1868 5628 2020 5684 nium
2071 5633 2535 5700 praetermiserim,
2586 5648 2655 5688 ex
2705 5634 2923 5692 duobus
2977 5634 3088 5692 illis
3136 5635 3444 5706 tribusque,

234 5756 253 5788 ⁸
287 5753 348 5808 ι’.
387 5752 536 5807 εἴτι.
614 5751 634 5780 ²
673 5748 691 5799 1
722 5749 847 5804 Cor.
883 5767 936 5813 ν,
974 5751 1025 5803 b.
1103 5748 1124 5780 ³
1149 5747 1167 5800 I
1191 5749 1321 5802 Cor.
1351 5761 1440 5814 xv,

172 5842 248 5890 In,
283 5825 338 5882 5.
418 5824 444 5857 ⁸
472 5825 597 5877 Act.
629 5836 667 5885 ι,
706 5822 792 5874 li.

500 5919 776 5977 Pnuoa.
811 5915 928 5974 Gn.
971 5915 1164 5977 XLII.

1632 5747 1653 5778 δ
1673 5745 1758 5800 «Ιοε

1868 5762 1906 5813 ι,
1933 5746 2016 5803 l2.
2096 5749 2120 5780 '
2151 5748 2197 5803 II
2222 5748 2349 5805 Cor.
2383 5757 2442 5815 Ξ,
2491 5749 2545 5805 5.
2635 5748 2658 5779 ⁸
2683 5748 2704 5804 I
2731 5747 2862 5806 Cor.
2897 5767 2986 5817 xv,
3021 5750 3108 5807 55.
3185 5751 3208 5783 "
3230 5749 3445 5808 Caio“.

3121 5910 3159 5967 6
