3846 6330
426 364 530 426 ιιι

1856 365 1911 422 S.
1957 364 2294 420 EPIPllANll
2325 370 2332 380 '

3598 362 3704 417 ι’ἱέ

431 504 555 559 quae
584 489 1159 553 commemoravimus,
1185 489 1395 560 reliqua
1419 489 1487 543 ab
1509 504 1574 544 eo
1611 488 1748 544 falso
1781 490 2006 544 conﬁcta

2125 487 2443 559 μαρτυριῶν
2494 480 2568 538 ὧν
2618 486 2883 556 εἴπομεν,
2926 483 2993 537 τὰ
3036 484 3212 537 πάντα
3251 481 3418 537 αὑτοῦ
3466 482 3698 554 φωραθῇ

430 581 936 651 deprehendantur.
963 581 1075 637 Nos
1097 590 1278 637 autem
1303 582 1464 653 longe
1486 597 1793 652 asperoque
1818 582 2012 637 itinere

433 692 533 746 per
558 675 870 745 periculosa
911 676 1031 729 loca
1077 675 1353 737 confecto,
1395 689 1538 745 aegre
1584 674 2013 744 aniphisbaenam

436 768 609 829 illam,
639 782 705 821 ac
739 766 1162 831 cenchritidcm,
1193 766 1409 821 letalem
1441 765 1496 819 in
1537 764 1731 835 primis
1783 764 2011 819 bestiam

431 856 709 912 evasimus
756 872 927 926 :quae
962 856 1258 909 multarum
1314 869 1500 909 rerum
1559 853 2012 909 similitudinibus

436 948 717 1017 variegata
757 955 1085 1002 contuentes
1134 946 1357 1016 decipit.
1408 945 1486 998 Ex
1525 945 1726 1014 quibus
1754 944 2012 999 omnibus

398 1032 401 1035 ’
433 1038 580 1092 velut
599 1036 894 1091 conﬂatum
925 1046 980 1089 et
1010 1034 1284 1089 occultum
1315 1032 1583 1087 mortiferi
1612 1033 1667 1086 in
1698 1033 1889 1087 aculeo
1916 1048 2010 1086 ve-

431 1130 559 1184 neni
583 1128 787 1183 fontem
813 1129 1079 1183 continet.
1112 1125 1443 1181 Manichmus
1472 1126 1616 1181 enim
1643 1140 1768 1180 cum
1796 1125 2010 1196 gentili-

430 1225 532 1278 bus
549 1222 765 1293 gentilis
780 1229 885 1286 est,
902 1236 966 1275 ae
984 1220 1178 1282 solem,
1193 1220 1400 1285 lunam,
1425 1219 1607 1275 sidera
1627 1218 2013 1287 daemonesque

426 1322 752 1380 veneratur;
770 1314 1011 1383 gentilis,
1039 1312 1285 1382 inquam,
1308 1320 1413 1379 est,
1441 1328 1473 1366 ο
1502 1311 1838 1377 charissimi,
1863 1312 2013 1379 ejus-

429 1420 537 1475 que
579 1415 727 1461 secta
776 1403 1094 1459 Graecorum
1145 1400 1566 1475 superstitiones
1605 1403 1791 1457 tradit.
1827 1402 2013 1473 Mago-

428 1512 553 1551 rum
584 1512 803 1567 quoque
833 1497 1141 1567 praestigias
1176 1496 1584 1566 complectitur,
1618 1496 1673 1549 in
1714 1495 1892 1565 iisque
1920 1508 2013 1547 vo-

426 1586 657 1653 lutatur,
692 1594 1040 1643 astronomos
1075 1586 1284 1651 laudat,
1315 1601 1547 1657 quorum
1584 1585 1833 1639 curiosas
1865 1592 2012 1638 artes

413 1677 800 1747 «persequitur,
854 1691 918 1730 ae
950 1675 1119 1730 verbo
1147 1682 1310 1732 tenus
1340 1674 1547 1730 Christi
1599 1674 1761 1744 709
1790 1673 2013 1728 nomine

425 1768 715 1839 gloriatur.
766 1765 823 1821 In
852 1782 966 1837 quo
1000 1767 1359 1826 eenchrltidis
1408 1765 1687 1822 simillima
1732 1772 1840 1829 est,
1889 1779 2013 1836 qua:

2115 581 2304 651 ψευδῆ.
2324 582 2513 651 Ἡμεῖς
2544 579 2620 641 δὲ,
2642 578 2840 649 πολλὴν
2879 576 3268 649 ἐπιϐεϐηκότες
3284 576 3401 629 ὁδὸν
3433 578 3701 647 τραχεῖαν

2113 672 2209 725 καὶ
2241 670 2581 734 κινδυνώδεις
2604 670 2829 734 τόπους,
2860 668 3012 738 μόλις
3035 668 3449 739 ὑπεξεφύγομεν
3467 668 3703 739 ταυτησί

2113 763 2212 830 τῆς
2231 763 2603 833 ἀμφισϐαίνης
2627 763 2720 814 καὶ
2734 760 2899 832 θηρὸς
2916 760 3198 831 ὀλετηρίου
3213 761 3313 829 τῆς
3336 760 3699 831 κεγχρίτιδος,

2118 854 2227 906 ἀπὸ
2266 848 2475 906 πολλῶν
2511 854 2871 923 ὁμοιωμὰτων
2907 850 3341 921 πεποικιλμένης
3379 849 3520 921 πρὸς
3553 850 3703 904 ἀπά-

2113 962 2211 1015 την
2253 945 2360 999 τῶν
2409 944 2698 1016 ὁρώντων,
2737 943 2969 1013 ἐχούσης
3013 942 3070 996 δὲ
3116 943 3507 1014 κεκρυμμένην
3558 943 3703 997 κατὰ

2114 1038 2211 1108 τὴν
2256 1035 2531 1106 κεντρώδη
2586 1036 2680 1088 καὶ
2735 1034 2939 1086 ἰοϐόλον
2983 1033 3166 1104 πηγὴν
3219 1033 3320 1101 τῆς
3368 1036 3432 1087 ὲκ
3480 1034 3703 1087 πάντων

2118 1129 2470 1199 ὁρμωμένης.
2542 1126 2761 1195 Ἐπειδὴ
2817 1126 2926 1196 γὰρ
2982 1125 3119 1194 μετὰ
3181 1124 3453 1195 Ἐλλήνων
3496 1126 3703 1194 Ἕλλην

2114 1218 2284 1282 ἐστὶν,
2319 1216 2472 1286 ἥλιον
2504 1215 2848 1285 προσκυνῶν,
2872 1216 2965 1267 καὶ
2997 1214 3246 1286 σελήνην,
3278 1215 3373 1267 καὶ
3394 1215 3463 1268 τά
3498 1216 3701 1286 ἄστρα,

2115 1308 2211 1363 καὶ
2253 1309 2538 1378 δαίμονας,
2577 1307 2777 1378 Ἕλλην
2819 1309 2847 1360 ὁ
2898 1307 3056 1377 ἀνὴρ,
3092 1307 3385 1376 ἀγαπητοὶ,
3417 1308 3700 1377 τυγχάνει,

2115 1401 2209 1453 καὶ
2238 1401 2271 1470 ἡ
2308 1399 2473 1452 αὑτοῦ
2500 1399 2710 1469 αἵρεσις
2739 1401 2806 1451 τά
2837 1399 2946 1451 τῶν
2980 1396 3250 1468 Ἐλλήνων
3284 1398 3598 1468 ὑφηγεῖται,
3633 1399 3704 1453 τά

2119 1490 2308 1561 μάγων
2334 1490 2643 1552 ἐπίσταται,
2670 1490 2763 1543 καὶ
2787 1491 2843 1543 ὲν
2864 1489 3046 1553 αὑτοῖς
3069 1488 3481 1558 ἐγκυλινδείται,
3504 1491 3704 1563 ἀστρο·

2114 1581 2315 1653 νόμους
2354 1584 2590 1643 ἐπαινεῖ,
2641 1582 2710 1635 τά
2742 1581 2920 1636 αὑτῶν
2964 1579 3492 1653 περιεργαζόμενος,
3538 1583 3703 1653 μόνον

2115 1672 2354 1744 Χριστοῦ
2416 1672 2740 1743 σεμνύνεται
2788 1672 2961 1742 ὄνομα
3013 1672 3193 1743 λόγῳ·
3239 1673 3314 1735 ὼς
3347 1658 3442 1726 καὶ
3493 1674 3637 1744 αὑτὴ
3664 1676 3701 1744 ἡ

2116 1768 2397 1835 κεγχρῖτις
2438 1763 2670 1835 κρύπτει
2727 1763 2826 1834 μὲν
2856 1765 2945 1817 τὸν
2984 1764 3083 1827 ἰὸν,
3128 1765 3312 1834 ἀπατᾷ
3363 1764 3419 1816 δὲ
3462 1764 3551 1818 διὰ
3599 1766 3703 1836 τῆς

428 1860 704 1917 occultato
752 1876 964 1915 veneno
998 1861 1261 1915 varietate
1296 1875 1395 1914 sua
1448 1859 1613 1923 fallit,
1673 1866 1836 1930 atque
1874 1860 2006 1914 inter

2117 1856 2421 1920 ποικιλίας,
2481 1858 2540 1908 ὲν
2589 1855 2740 1926 μέσῳ
2790 1854 2932 1909 ὑλῶν
2981 1855 3193 1909 πολλῶν
3239 1856 3546 1926 γενομένη,
3602 1858 3702 1911 καὶ

428 1953 581 2007 varia
617 1952 819 2008 frutet-a
853 1967 1105 2016 versans,
1143 1968 1328 2015 rerum
1361 1952 1629 2016 omnium,
1662 1952 1861 2021 quibus
1898 1952 2012 2005 cir-

427 2045 684 2099 cmndata
737 2051 842 2113 est,
890 2044 1327 2104 similitudinem
1386 2045 1662 2114 exprimit.
1720 2043 2012 2099 Enimvero

416 2144 787 2207 posteaquam
820 2135 915 2190 Dei
960 2150 1085 2206 ope,
1132 2151 1196 2189 ac
1232 2136 1482 2203 veritatis
1514 2136 1677 2200 fuste,
1712 2153 1926 2192 necnon
1959 2145 2013 2193 et

426 2226 632 2282 Christi
660 2227 927 2297 sanguine
952 2241 1017 2280 ac
1071 2240 1320 2295 corpore,
1353 2227 1497 2295 quod
1529 2243 1593 2280 ex
1624 2226 1793 2281 Maria
1824 2243 2014 2283 revera

418 2327 620 2373 natum
649 2326 759 2383 est,
790 2332 856 2373 ac
900 2325 1243 2371 mortuorum
1294 2319 1738 2384 resurrectionis,
1768 2329 1821 2373 et
1850 2320 2013 2376 utrius

425 2409 784 2480 ejusdemque
813 2409 905 2464 Dei
934 2409 1288 2464 confessione
1314 2410 1572 2466 draconis
1603 2410 1750 2465 illius
1773 2413 1825 2465 in
1854 2414 2013 2483 aquis

427 2510 596 2572 caput
638 2500 1077 2569 cenl‘regimus‘,
1114 2501 1219 2555 hoc
1269 2511 1376 2565 est,
1428 2503 1809 2573 multicipitem
1861 2506 2010 2559 illam

428 2591 679 2661 haeresim
706 2590 1087 2663 etl‘ugavimus,
1111 2599 1387 2663 caputque
1416 2588 1861 2660 comminuimus,
1898 2611 2013 2666 per-

424 2689 603 2753 petuae
628 2684 865 2752 primum
909 2682 1171 2738 habendze
1206 2682 1314 2738 Deo
1363 2684 1553 2754 gratia:
1595 2692 1746 2749 sunt,
1790 2693 1904 2739 tum
1943 2687 2011 2741 ad

425 2780 654 2829 caeteras
681 2773 939 2844 deinceps
981 2772 1404 2843 properandum,
1444 2774 1607 2827 itaut
1656 2789 1687 2828 a
1733 2773 1842 2829 Deo
1883 2790 2013 2846 sup-

424 2866 597 2935 plices
616 2864 974 2935 postulemus,
998 2874 1199 2920 nostra:
1222 2872 1282 2919 ut
1309 2864 1669 2921 imbecillitati
1700 2874 2008 2932 succurrat,

422 2967 507 3024 ut,
549 2957 618 3014 iis
679 2974 801 3029 quae
865 2959 1207 3029 suscepimus
1266 2958 1557 3029 absolutis,
1619 2961 2011 3017 cumulatiore:

418 3050 601 3107 eidem
628 3050 835 3108 relerre
864 3052 1157 3121 possimus.

790 3159 921 3212 ADV
935 3158 1159 3215 ERSUS
1198 3158 1636 3223 lllERACITAS,

600 3251 742 3318 Qua:
782 3261 859 3306 est
899 3252 1109 3305 ἰω-σείς
1155 3249 1397 3313 XLVII,
1429 3254 1535 3307 sive
1591 3252 1829 3309 LXVII.

480 3340 538 3399 Ἰ.
572 3342 711 3399 ‘Post
761 3344 1061 3413 improbam
1107 3344 1276 3407 illam,
1329 3360 1392 3399 ac
1425 3360 1537 3421 prae
1574 3348 1721 3401 omni
1756 3348 1861 3403 alia
1900 3347 2009 3404 hae-

423 3435 536 3491 resi
580 3436 934 3501 virulentam,
972 3436 1344 3504 serpentinam
1393 3445 1445 3491 et
1492 3436 1835 3493 barbaricam
1893 3438 2008 3494 Ma-

416 3530 627 3586 miehsei
658 3529 987 3596 doctrinam,
1038 3527 1297 3585 Hieracas
1332 3529 1554 3600 quidam
1609 3534 1829 3588 nomine
1880 3548 2008 3603 pro-

424 3621 545 3686 diit,
573 3638 603 3675 a
638 3635 748 3693 quo
782 3619 1069 3674 Hieracitae
1099 3619 1366 3675 nominati
1400 3628 1549 3675 sunt.
1578 3619 1678 3675 Hic
1716 3621 1769 3677 in
1804 3624 2007 3694 oppido

427 3712 654 3785 Egypti
704 3711 984 3767 Leontone
1026 3712 1184 3778 vixit,
1230 3711 1663 3769 ‘humanioribus
1711 3713 1907 3770 litteris
1950 3716 2005 3770 in

412 3807 616 3878 'primis
659 3803 926 3867 eruditus,
971 3819 1035 3857 ac
1063 3804 1375 3858 Graecorum
1402 3802 1732 3875 disciplinis,
1769 3821 2004 3875 praeser-

423 3904 631 3971 timque
662 3897 952 3961 medicina,
988 3905 1040 3951 et
1071 3896 1195 3951 aliis
1230 3897 1441 3951 artibus
1471 3898 1733 3963 imbutus,
1768 3900 1834 3953 ad
1864 3916 2005 3969 quas

423 3989 809 4064 Egyptiorum
873 4004 1092 4060 quoque
1158 3987 1464 4043 doctrinam
1529 3988 1874 4059 adjunxerat.
1927 3990 2007 4048 Ac

418 4085 611 4139 nescio
661 4097 729 4135 an
780 4089 835 4136 et
888 4079 1241 4135 astronomia:
1291 4093 1355 4132 ac
1407 4079 1741 4149 magicarum
1802 4080 2002 4134 artium

424 4175 711 4232 scientiam
768 4173 1026 4243 attigerit.
1078 4168 1204 4226 Fuit
1252 4181 1400 4226 certe
1454 4171 1617 4226 variis
1656 4172 1868 4228 artibus
1921 4174 2005 4227 in-

422 4274 692 4331 structus,
750 4275 912 4336 atque
972 4261 1277 4334 explicandi
1331 4266 1580 4332 peritus,
1635 4272 1695 4318 ut
1751 4280 1816 4319 ex
1856 4264 2003 4321 illius

420 4359 837 4417 commentariis
893 4363 1149 4426 apparet;
1199 4354 1293 4410 sed
1334 4353 1714 4425 Egyptiorum
1760 4356 2002 4426 linguam

419 4452 769 4525 potissimum
784 4448 990 4511 enituit,
1011 4456 1195 4517 utpote
1212 4462 1408 4517 genere
1420 4446 1730 4518 Egyptius.
1747 4448 1854 4504 Nec
1874 4465 2004 4505 vero

419 4541 838 4615 Grzeczelinguae
855 4538 1083 4593 scientia
1101 4535 1453 4589 mediocriter
1473 4547 1556 4591 est
1583 4538 1905 4607 perpolitus,
1920 4541 2002 4592 vir
2034 4525 2077 4580 D

421 4632 747 4688 acutissimo
779 4632 834 4684 in
883 4628 1141 4683 omnibus
1170 4627 1408 4698 ingenio.
1444 4628 1621 4697 Atque
1657 4628 1744 4681 hic
1780 4629 1999 4698 quidem

420 4723 768 4777 Christianus
804 4721 924 4782 fuit,
958 4720 1051 4774 sed
1088 4735 1197 4773 non
1246 4719 1301 4772 in
1344 4733 1409 4773 eo
1450 4719 1572 4771 vitm
1601 4734 1819 4785 genere,
1854 4720 2000 4791 quod

420 4823 568 4872 esset
605 4813 827 4870 Christo
858 4811 1105 4882 dignum,
1134 4810 1526 4880 perseveravit.
1560 4808 1839 4879 Siquidem
1874 4828 2000 4881 pro-

420 4909 638 4980 lapsus,
682 4913 736 4960 et
771 4905 1040 4975 impactus
1074 4918 1103 4956 a
1137 4902 1370 4956 veritate
1408 4901 1631 4956 excidit.
1669 4902 1810 4956 Cum
1855 4905 1998 4958 enim

420 4999 636 5057 Veteris
666 4996 914 5066 Novique
942 4992 1283 5049 Testamenti
1315 4994 1721 5049 scientissimus
1753 5002 1919 5059 esset,
1941 5006 1999 5052 ut

418 5109 481 5149 ea
513 5092 580 5147 de
619 5098 840 5161 pectore
886 5101 988 5143 suo
1026 5084 1171 5139 velut
1205 5095 1570 5154 expromeret,
1614 5100 1675 5140 ac
1718 5100 1997 5143 commen-

413 5184 559 5239 taria
599 5180 936 5251 scripsisset,
966 5176 1133 5231 multa
1169 5175 1237 5231 de
1278 5191 1379 5231 suo
1402 5175 1656 5246 dogmata
1701 5178 1997 5236 vanissime

2122 1947 2529 2019 ἁφομοιουμένη
2560 1948 2698 2019 μετὰ
2731 1947 2841 2002 τῶν
2871 1949 3059 2003 ὄντων.
3106 1949 3194 2002 Ἔν
3229 1948 3286 2001 δὲ
3323 1952 3391 2020 τῇ
3418 1948 3513 2001 τοῦ
3558 1949 3700 2003 Θεοῦ

2110 2042 2343 2113 δυνάμει
2366 2041 2443 2111 τῷ
2478 2039 2618 2110 ξύλῳ
2646 2040 2745 2109 τῆς
2772 2039 3051 2109 ἀληθείας,
3092 2039 3187 2092 καὶ
3211 2039 3402 2109 αἵματι
3434 2041 3699 2111 Χριστοῦ,

2115 2133 2212 2187 καὶ
2250 2132 2461 2203 σώματι
2506 2130 2582 2202 τῷ
2616 2132 2725 2185 ἀπὸ
2762 2131 3002 2202 Μαρίας,
3034 2130 3111 2202 τῷ
3142 2131 3409 2202 ἀληθινῶς
3441 2149 3702 2203 γεγεννη-

2118 2224 2282 2293 μένῳ,
2323 2225 2417 2276 κα¹ι
2445 2226 2512 2293 τῇ
2535 2223 2642 2276 τῶν
2666 2221 2878 2293 νεκρῶν
2902 2222 3198 2275 ἀναστάσει
3217 2223 3311 2275 καὶ
3339 2226 3405 2294 τῇ
3437 2224 3701 2295 ὁμολογίᾳ

2112 2315 2215 2384 τῆς
2256 2317 2385 2385 μιᾶς
2431 2314 2719 2385 ἑνότητος,
2762 2311 3151 2383 συντρίψαντες
3179 2312 3278 2382 τὴν
3323 2313 3563 2385 κεφαλὴν
3598 2313 3703 2368 τοῦ

2110 2407 2405 2478 δράκοντος
2449 2407 2543 2460 ὲπί
2575 2409 2687 2469 τοῖς
2710 2405 2894 2467 ῦδασι,
2939 2404 3037 2474 τὴν
3082 2403 3451 2473 πολυκέφαλον
3490 2406 3699 2476 ταύτην

2115 2498 2328 2569 αἵρεσιν
2368 2499 2450 2561 εἰς
2481 2497 2726 2550 τούπίσω
2752 2495 3102 2567 στρέψαντες,
3132 2496 3227 2548 καὶ
3257 2497 3498 2567 κεφαλὴν
3521 2516 3698 2552 κατα-

2116 2590 2433 2655 θλάσαντες,
2480 2591 2794 2664 εὐχάριστοι
2836 2589 2934 2659 μὲν
2967 2587 3087 2659 Θεῷ
3127 2589 3559 2661 διατελέσωμεν’
3603 2594 3699 2646 ἐπὶ

2112 2684 2170 2737 δὲ
2212 2683 2312 2746 τὰς
2357 2683 2485 2753 ἑξῆς
2532 2684 2770 2755 αἱρέσεις
2816 2679 3103 2752 προελθεῖν
3148 2681 3510 2755 σπεύσωμεν,
3562 2685 3698 2740 Θεὸν

2114 2777 2537 2849 ἐπικαλούμενοι
2592 2776 2787 2847 βοηθὸν
2835 2775 2934 2846 τῆς
2964 2772 3119 2844 ἡμῶν
3158 2775 3476 2842 ἀσθενείας,
3511 2778 3660 2841 ὅπως
3679 2821 3695 2842 ο

2112 2868 2181 2922 τά
2213 2868 2603 2940 ἐπηγγελμένα
2636 2870 2694 2922 ὲν
2716 2866 2837 2939 Θεῷ
2874 2864 3305 2937 περαιώσαντες,
3333 2868 3553 2933 τελείως
3575 2868 3700 2941 Θεῷ

2113 2959 2618 3031 εὑχαριστήσωμεν.

2512 3164 2704 3219 ΚΑΤΑ
2741 3166 3117 3222 lEPAKITQN
3157 3168 3300 3240 (te).

2116 3256 2860 3328 Τεσσαρακοστὴὲϐδόμη,
2900 3262 2940 3328 ἡ
2979 3262 3076 3313 καί
3106 3260 3409 3328 ἐξακοστὴ
3447 3259 3693 3330 ἑϐδόμη.

2184 3349 2260 3401 A'.
2302 3347 2457 3400 Μετά
2490 3347 2588 3419 τὴν
2630 3350 2909 3421 μοχθηράν
2944 3351 3147 3423 ταύτην
3176 3354 3269 3406 καὶ
3315 3352 3514 3406 ἰοϐόλον
3551 3354 3696 3425 ὑπὲρ

2110 3440 2291 3493 πᾶσαν
2316 3440 2526 3511 αἵρεσιν
2564 3441 2659 3494 καὶ
2690 3442 2968 3514 ἐρπετώδη
3017 3443 3110 3497 τοῦ
3147 3446 3306 3517 Μάνη
3349 3445 3695 3519 βαρϐαρικὴν

2110 3531 2453 3605 θηριοόολίαν
2496 3534 2596 3603 τῆς
2639 3533 2988 3599 διδασκαλίας
3033 3536 3233 3609 ἀνέστη
3294 3555 3380 3602 τις
3443 3538 3695 3610 ’ῐέρακας

2106 3625 2352 3696 ὀνόματι,
2379 3626 2471 3693 ἀφ’
2500 3620 2668 3697 οὗπερ
2709 3626 3022 3697 Ἱερακῖται.
3077 3622 3244 3693 Οὗτος
3286 3630 3348 3683 ὲν
3376 3632 3441 3701 τῇ
3475 3631 3693 3701 Λεοντῷ

2106 3720 2174 3788 τῇ
2212 3719 2332 3771 κατ’
2365 3717 2640 3785 Αἴγυπτον
2674 3718 2941 3790 ὑπῆρχεν,
2972 3722 3029 3772 έν
3059 3721 3387 3792 προπαιδεία
3414 3721 3474 3774 οὑ
3513 3724 3693 3794 μικρᾷ

2107 3808 2373 3879 ὑπάρξας,
2389 3808 2718 3877 Ἑλληνικῶν
2745 3827 2803 3861 τε
2828 3810 3043 3863 πάντων
3064 3811 3237 3871 λόγων
3263 3812 3691 3883 ἐπιτηδεύμασιν

2107 3900 2401 3971 ἀσκηθεὶς,
2455 3902 2897 3973 ἱατροσοφιστικῇ
2937 3918 2996 3954 τε
3041 3903 3135 3955 καί
3186 3906 3298 3966 τοῖς
3331 3903 3538 3966 ἄλλοις,
3576 3907 3691 3967 τοῖς

2105 3989 2214 4043 τῶν
2252 3990 2566 4059 Αἰγυπτίων
2611 3992 2705 4044 καὶ
2751 3990 3023 4062 Ἑλλήνων
3078 3991 3394 4063 μαθήμασιν
3439 3994 3689 4064 ἀκριϐῶς

2106 4082 2351 4145 ἐπιστάς.
2402 4082 2556 4152 Τάχα
2598 4083 2654 4135 δὲ
2701 4079 2793 4136 καί
2838 4085 3201 4156 ἀστρονομίας
3247 4087 3341 4139 καὶ
3381 4087 3614 4157 μαγείας
3658 4090 3687 4142 6

2106 4172 2244 4246 ἀνὴρ
2277 4175 2585 4246 παρήψατο.
2646 4176 3067 4245 Ἑμπειρότατος
3097 4177 3205 4249 γάρ
3232 4178 3443 4251 ὑπῆρχε
3473 4179 3685 4232 πολλῶν

2106 4262 2298 4332 λόγων,
2331 4265 2425 4317 καὶ
2468 4265 2525 4316 ὲν
2567 4263 2842 4336 ἐξηγήσει,
2892 4264 2966 4328 ὡς
3009 4266 3398 4335 ὑποφαίνουσιν
3430 4270 3477 4319 οἱ
3514 4266 3683 4321 αὑτοῦ

2106 4353 2284 4424 λόγοι⁸
2337 4356 2476 4410 πάνυ
2529 4355 2586 4409 δὲ
2634 4356 2731 4426 τὴν
2778 4355 2893 4409 (τῶν
2946 4356 3262 4426 Αἰγυπτίων
3320 4361 3683 4430 ἐπιστάμενος

2106 4449 2379 4517 γλῶσσαν.
2414 4447 2708 4517 Αἰγύπτιος
2758 4447 2867 4518 γάρ
2901 4451 2929 4501 6
2973 4450 3111 4521 ἀνὴρ
3159 4446 3247 4520 ἦν,
3284 4450 3421 4505 ἀλλά
3469 4454 3566 4505 καὶ
3614 4456 3681 4526 τῇ

2106 4541 2213 4594 τῶν
2252 4541 2519 4611 Ἑλλήνων
2547 4542 2956 4612 τετρανωμένος
2987 4543 3047 4595 οὑ
3096 4543 3334 4615 μικρῶς,
3378 4545 3503 4609 ὀξὺς
3543 4546 3684 4601 κατά

2108 4634 2284 4687 πάντα
2312 4634 2530 4704 τρόπον.
2570 4634 2811 4705 Ὑπῆρχε
2856 4618 3015 4707 δῆθεν
3064 4636 3405 4707 Χριστιανὸς,
3433 4639 3549 4692 ἀλλ’
3580 4642 3683 4695 οὑκ

2104 4724 2343 4795 ἐνέμεινε
2382 4728 2448 4795 τῇ
2491 4724 2583 4777 τοῦ
2632 4726 2869 4796 Χριστοῦ
2919 4726 3183 4800 πολιτείᾳ.
3230 4730 3514 4802 Παρέπεσε
3548 4734 3680 4805 γὰρ,

2102 4815 2196 4868 καὶ
2241 4814 2530 4887 ὀλισθήσεις
2564 4816 2869 4883 ἐξώκειλεν.
2908 4814 3075 4883 Οὗτος
3110 4822 3207 4890 μὲν
3238 4823 3348 4893 γὰρ
3372 4863 3386 4889 ,
3437 4825 3683 4880 Παλαιὰν

2103 4906 2199 4959 καὶ
2243 4907 2453 4978 Καινὴν
2495 4908 2768 4981 Διαθήκην
2818 4911 3005 4980 σαφῶς
3050 4914 3222 4968 εἰπεῖν
3275 4915 3679 4985 ἀποστηθίζων,

2104 4998 2199 5051 καὶ
2236 4999 2315 5061 εἰς
2345 4998 2485 5053 αὑτά
2514 5000 2924 5073 ἐξηγησάμενος
2944 5044 2957 5067 ,
2988 5002 3309 5074 ἐδογμάτισε
3346 5010 3475 5079 παρ’
3503 5009 3682 5080 ἐαυτῷ

2104 5088 2212 5141 ἀπὸ
2248 5091 2578 5160 κενοφωνίας
2602 5092 2799 5147 ἑαυτοῦ
2822 5094 2961 5165 ὅπερ
2994 5094 3144 5165 αὑτῷ
3181 5094 3348 5164 ἔδοξε,
3390 5100 3482 5153 καὶ
3515 5100 3543 5152 ὃ
3578 5102 3680 5154 ὑπ-

2102 5180 2352 5252 εισῆλθεν
2380 5183 2547 5254 αὑτῷ.
2608 5227 2621 5238 .

418 5275 678 5345 aspersit,
738 5288 803 5326 ac
838 5267 1099 5341 quidquid
1138 5268 1312 5322 visum
1361 5276 1445 5323 est
1477 5283 1576 5338 pro
1629 5269 1854 5327 libidine
1896 5288 1994 5328 sua
2030 5274 2337 5345 proposuit.

361 5421 379 5459 ι
491 5397 509 5426 ⁸
534 5393 685 5447 Psal.
722 5407 917 5454 Lxxm,
949 5389 1038 5443 14.

488 5508 601 5575 (49)
634 5502 795 5559 Κατὰ
834 5500 1188 5575 Ἰερᾳκιτῶν.
1215 5501 1480 5575 Auctoris
1505 5501 1863 5575 bujus_sectae
1894 5519 1997 5560 no-

416 5571 542 5633 men
584 5571 1121 5644 'varie__concipitur
1156 5571 1321 5644 etiam
1384 5573 1475 5626 hic
1544 5571 1613 5628 ab
1669 5572 1995 5644 Epiphanio.

414 5646 552 5703 Nam
612 5653 706 5698 aut
762 5642 987 5706 llierax,
1061 5650 1157 5695 aut
1232 5641 1492 5697 Hieracas
1552 5641 1801 5698 vocatur.
1878 5644 1994 5711 Qua

455 5714 735 5785 osteriori
780 5712 1469 5785 appellationemcensctur
1523 5715 1667 5783 apud
1721 5713 1993 5785 Hilarium

438 5789 511 5844 ib.
545 5786 621 5841 De
647 5780 870 5851 Τγὺιίιῖξ
892 5791 947 5840 et
979 5782 1117 5855 Aug.
1153 5780 1251 5837 lib.
1284 5782 1359 5837 De
1396 5780 1581 5839 haeres.
1615 5785 1758 5841 Sane
1785 5787 1832 5841 si
1868 5784 1995 5842 Hie-

2096 5520 2256 5560 racas
2300 5506 2657 5575 appellandus
2698 5508 2793 5572 sit,
2825 5507 3012 5564 Graece
3055 5508 3290 5566 fortasse
3324 5512 3676 5568 scribendum

2095 5576 2200 5631 erit
2227 5576 2616 5646 'lepaxd’thed
2636 5579 2770 5633 nihil
2797 5580 2849 5633 in
2876 5581 3111 5635 editione
3138 5590 3325 5636 nostra
3354 5584 3675 5637 mutandum

2094 5645 2430 5718 censuimus.
2462 5645 2649 5718 Neque
2677 5665 2806 5705 vero
2831 5652 2967 5705 satis
3002 5662 3148 5706 recte
3178 5653 3243 5705 ad
3286 5669 3409 5707 eum
3454 5653 3675 5709 modum

2094 5717 2294 5793 inﬂecti
2325 5717 2699 5793 puternuposse
2724 5722 2753 5772 6
2786 5721 3139 5793 'Iépgxagroﬁ
3174 5722 3410 5793 'lépaxz.
3445 5722 3551 5779 Sed
3590 5723 3678 5781 vel

2107 5786 2353 5858 Ὶεράκας
2384 5786 2479 5841 τοῦ
2496 5786 2731 5861 Ἱεράκα,
2762 5786 3129 5861 νρΓῚερακᾶς
3160 5786 3257 5847 τοῦ
3280 5793 3516 5863 Ἱερακᾶη
