3826 6206
239 233 343 292 175

851 225 1218 284 ADVERSUS
1256 206 1594 282 llEiiESES
1641 223 1768 281 LIB.
1808 223 1870 278 li.
1913 222 2078 280 TOM.
2118 221 2187 278 ll.
2221 252 2294 264 —
2326 219 2599 280 IUERES.
2641 221 2847 278 LXVII.

3387 207 3492 280 επ

311 346 569 401 Βούλεται
603 343 714 416 γάρ
742 341 839 397 καὶ
866 336 1020 406 οὗτος
1046 340 1147 412 τὴν
1179 341 1360 412 σάρκα
1394 340 1468 411 μὴ
1493 337 1815 392 ἀνίστασθαι

1990 317 2162 407 Negat
2185 335 2233 414 is
2262 336 2488 392 omnino
2516 351 2800 408 resurgere
2829 350 3070 401 carnem,
3105 335 3268 408 idque
3297 336 3493 392 animae

239 443 300 496 τὸ
346 434 638 512 πάράπαν,
669 434 808 490 ἀλλά
837 435 935 504 τὴν
976 433 1154 504 ψυχὴν
1201 431 1534 504 μονωτάτην.
1569 430 1817 511 [Ινευμας

239 532 397 605 τικὴν
439 532 497 585 δὲ
527 530 626 603 τὴν
649 528 946 582 ἀνάστασιν
970 526 1188 595 φάσκει.
1238 525 1348 577 Καὶ
1388 524 1488 577 ὅσα
1531 523 1679 576 ἐστὶν
1709 523 1818 576 ἀπὸ

238 627 351 681 τῶν
396 616 557 678 θείων
601 619 866 694 Γραφῶν,
898 619 977 680 είς
1006 614 1201 670 ἑαυτοῦ
1231 615 1356 668 νοῦν
1393 613 1816 684 ἀναλεξάμενος,

240 714 415 778 οὖδεως
441 707 620 783 ὲαυτῷ
650 710 1028 781 ὲπεσὼρευσεν
1057 707 1275 762 ἀτόπων
1315 705 1639 776 πλάσματα,
1682 704 1820 760 ἀττα-

242 808 424 878 φαῦλα
455 801 634 875 ἐαυτῷ
663 801 1117 876 μηχανησάμενος
1146 799 1284 871 πρὸς
1318 797 1576 871 σύστασιν
1607 797 1705 868 τῆς
1731 789 1821 850 αὖ-

240 899 338 952 τοῦ
371 895 652 968 αἱρέσεως.
690 888 801 946 Ἦν
843 886 900 946 δὲ
947 893 975 945 ὁ
1023 888 1161 961 ἀνὴρ
1202 887 1507 960 ἐκπληκτος
1548 891 1615 959 τῇ
1654 879 1819 970 αὐτοῦ

243 987 498 1058 ἀσκήσει,
517 985 612 1040 καὶ
636 983 932 1055 δυνάμενος
952 979 1138 1034 πεῖσαι
1167 979 1365 1051 ψυχάς.
1397 979 1606 1032 Αὐτίκα
1637 979 1823 1032 πολλοὶ

241 1080 353 1134 τῶν
380 1074 634 1149 ἀώιηᾶτῶν
681 1076 787 1131 τῶν
829 1070 1141 1142 Αἰγυπτίων
1175 1071 1325 1143 αὐτῷ
1375 1070 1817 1143 συναπήχθησαν.

245 1167 414 1242 Οἶμαι
457 1169 596 1240 γάρ,
645 1168 728 1222 ὅτι
762 1165 890 1238 περὶ
931 1164 1282 1228 ἀναστάσεως
1309 1162 1520 1234 νεκρῶν
1551 1163 1626 1225 ὼς
1656 1162 1826 1233 ἠρνή-

246 1277 382 1315 σατο
405 1262 504 1331 τὴν
525 1257 624 1331 ἰῆς
649 1256 854 1330 σαρκὸς
879 1256 1198 1318 ἀνάστασιν,
1241 1247 1351 1308 ἀπὸ
1389 1253 1695 1326 Ὠριγένους
1725 1252 1825 1317 τὰς

249 1348 551 1422 προφάσειέ
579 1349 834 1421 εἰληφὼς,
863 1347 896 1418 ἢ
926 1348 1021 1418 ἀφ’
1054 1339 1247 1401 ἑαυτοῦ
1275 1340 1374 1419 τῆς
1400 1346 1639 1410 διανοίας
1665 1345 1826 1400 τοῦτο

246 1441 536 1512 ὲξεμέσας.
580 1441 654 1494 Οὐ
692 1438 1060 1511 παραδέχεται
1109 1429 1264 1502 οὗτος
1305 1437 1504 1509 γάμον,
1555 1437 1823 1506 φάσκεινί

247 1529 388 1585 εἶναι
429 1529 589 1584 τοῦτο
631 1529 875 1592 Παλαιᾶς
911 1528 1205 1600 Διαθήκης.
1235 1527 1375 1592 Τοὺς
1415 1528 1515 1598 μὲν
1552 1527 1662 1600 γὰρ
1699 1527 1828 1600 περὶ

247 1622 340 1676 τὸν
384 1619 634 1692 Ἀϐραάμ
677 1621 772 1674 καὶ
806 1619 992 1673 Ἰσαάκ
1031 1617 1126 1673 καὶ
1187 1616 1382 1672 Ἰακὼό
1441 1618 1536 1672 καὶ
1588 1619 1827 1673 Μωῦσέα

249 1713 348 1768 καὶ
381 1680 608 1783 Ἀαρὼν.
637 1714 734 1790 καὶ
762 1711 970 1775 πάντας
1029 1707 1155 1775 ἐεοὺς
1192 1711 1382 1779 ἁγίους
1411 1749 1428 1774 ,
1470 1710 1698 1764 Ἡσαΐαν
1734 1711 1830 1764 καὶ
1859 1680 1901 1735 Β

263 1805 540 1879 Ἱερεμίαν
563 1799 764 1875 ὁμοίως
787 1799 1023 1874 δέχεται,
1042 1803 1138 1858 καὶ
1160 1798 1445 1874 προφήτας
1470 1801 1708 1875 ἡγεῖται,
1734 1803 1829 1858 καὶ

255 1894 706 1968 συγκεχωρῆσθαι
771 1911 936 1966 φησιν
982 1890 1040 1947 ὲν
1098 1891 1164 1965 τῇ
1205 1893 1419 1964 Παλαιᾷ
1466 1895 1709 1967 Διαθήκῃ
1755 1896 1830 1966 τῷ

251 1989 421 2060 γάμῳ
453 1985 816 2042 συνάπτεσθαι
839 2003 853 2016 ο
898 1985 1006 2038 ἀπὸ
1033 1985 1091 2038 δὲ
1135 1986 1235 2055 τῆς
1281 1987 1541 2058 ὲνδημίας
1571 1988 1662 2042 τοῦ
1699 1990 1832 2060 Χρι-

255 2079 387 2134 στοῦ
419 2078 617 2150 μηκέτι
646 2077 736 2130 τὸν
765 2078 942 2147 γάμον
969 2075 1390 2148 παραδέχεσθαι,
1416 2079 1552 2150 μήτε
1572 2079 1830 2135 δύνασθαι

251 2170 420 2225 αὑτὸν
447 2170 800 2239 κληρονομεῖν
833 2167 1110 2238 βασιλείαν
1138 2168 1402 2240 οὐρανῶν.
1451 2169 1518 2222 Τί
1551 2171 1695 2242 γὰρ,
1728 2189 1834 2243 φη-

256 2266 368 2326 σὶν,
399 2258 529 2332 ἦλθε
561 2263 733 2325 ποιεῖν
760 2259 946 2314 καινὸν
981 2261 1010 2313 ὁ
1041 2259 1249 2328 Λόγος;
1295 2259 1328 2330 ἢ
1381 2261 1434 2314 τί
1476 2262 1662 2315 καινὸν
1699 2257 1830 2333 ἦλθε

261 2350 500 2427 κηρύξαι
528 2354 558 2407 δ
584 2349 893 2423 Μονογενὴς
937 2350 1029 2405 καὶ
1071 2349 1446 2423 κατορθῶσαι;
1507 2342 1568 2404 Εἰ
1600 2352 1698 2424 μὲν
1724 2351 1834 2425 γάρ

253 2446 390 2517 περὶ
414 2444 584 2514 φόϐου
609 2442 767 2507 Θεοῦ,
785 2442 942 2495 τοῦτο
974 2437 1120 2512 εἶχεν
1148 2443 1177 2494 ὁ
1207 2441 1400 2512 νόμοςο
1429 2443 1478 2495 εί
1499 2442 1564 2495 δὲ
1590 2443 1716 2513 περὶ
1739 2443 1832 2497 τοῦ

251 2536 437 2606 γάμου
457 2575 473 2600 ,
511 2532 879 2604 κεκηρύχασιν
923 2526 978 2592 ai.
1005 2529 1220 2603 Γραφαι
1239 2548 1254 2562 ο
1290 2531 1342 2583 εί
1371 2530 1429 2584 δὲ
1458 2532 1586 2602 περὶ⁵
1613 2532 1831 2600 φθόνου,

253 2627 573 2691 πλεονεξίας
618 2625 712 2678 καὶ
739 2622 984 2686 ἀδικίας,
1045 2621 1217 2676 ταῦτα
1271 2621 1451 2676 πάντα
1485 2628 1760 2694 περιεῖχεν
1800 2625 1833 2694 ἡ

253 2718 472 2774 Παλαιὰ
505 2712 768 2788 Διαθήκη.
816 2715 914 2767 ’Ἑν
963 2713 1020 2767 δὲ
1069 2713 1230 2784 μόνον
1291 2713 1446 2767 τοῦτο
1493 2715 1835 2786 κατορθῶσαι

250 2803 413 2880 ἦλθε,
442 2807 506 2862 τὸ
528 2809 626 2878 τὴν
666 2807 991 2880 ἐγκράτειαν
1023 2805 1259 2877 κηρύξαι
1287 2806 1346 2860 ὲν
1371 2804 1448 2877 τῷ
1481 2807 1671 2878 κόσμῳ
1692 2848 1706 2868 ,
1740 2805 1837 2860 καὶ

253 2900 440 2972 ἑαυτῷ
472 2898 831 2964 ἀναλέξασθαι
855 2896 1076 2967 ἁγνείαν
1106 2897 1200 2951 καὶ
1227 2897 1588 2969 έγκράτειαν’
1619 2898 1747 2952 ἄνευ
1778 2899 1836 2952 δὲ

252 2995 450 3050 τούτου
476 2991 552 3064 μὴ
577 2989 834 3045 δύνασθαι
870 2987 989 3059 ζῇν.

329 3245 406 3308 Βν.
452 3253 564 3318 Τάς
591 3253 649 3306 δὲ
676 3253 978 3323 προφάσεις
1025 3253 1230 3316 ταύτας
1280 3241 1616 3320 πάνεαχὸθεν
1645 3249 1838 3304 ἀναλέ-

249 3363 419 3416 γεται
440 3385 456 3411 ,
479 3323 768 3417 ὅτανςεῐπῃ
786 3383 803 3407 ,
831 3345 912 3398 ὅτι
938 3345 1032 3399 καὶ
1064 3345 1177 3399 Τὸν
1209 3343 1509 3414 ἁγιασμόν
1531 3342 1721 3411 ήμῶν,
1762 3337 1836 3399 οὗ

250 3436 441 3505 χωρὶς
478 3436 588 3490 τὸν
635 3434 785 3489 Θεὸν
827 3434 1028 3502 οὐδεὶς
1065 3433 1295 3503 ὄψεται.
1339 3432 1464 3487 Ἐὰν
1513 3433 1569 3487 δὲ
1609 3432 1838 3486 εἴπωσιν

250 3531 436 3603 αὐτῷ,
462 3530 588 3596 Πῶς
613 3532 644 3584 6
680 3530 1000 3595 ’Δπόστολος
1032 3529 1162 3602 ἔφη,
1203 3530 1396 3599 Τίμιος
1433 3532 1466 3584 ὀ
1496 3529 1702 3599 γάμος,
1737 3530 1836 3583 καὶ

251 3627 294 3693 ἠ
328 3625 503 3690 κοίτη
535 3623 853 3693 ἀμίαντοςο
899 3625 1162 3690 πόρνους
1198 3621 1267 3674 δὲ
1298 3622 1394 3677 καὶ
1422 3622 1676 3690 μοιχοὺς
1708 3639 1834 3690 κρι-

253 3715 353 3770 νεῖ
383 3719 418 3770 ό
446 3715 624 3781 Θεός;
651 3715 746 3766 καὶ
769 3713 928 3776 εὐθὺς
951 3713 1201 3783 ἐπιφέρει
1229 3707 1386 3774 αὖθις
1407 3710 1580 3781 λέγων
1602 3728 1616 3742 ⁸
1647 3700 1842 3782 ’Υπερέ

251 3807 362 3862 ϐὰς
400 3807 458 3860 δὲ
485 3807 670 3874 ὀλίγον
695 3804 866 3872 λέγει,
896 3805 978 3857 ὅτι
1012 3805 1074 3860 Ἠ
1098 3804 1326 3873 ἄγαμος
1349 3801 1604 3873 μεριμνᾷ
1631 3803 1703 3857 τὰ
1730 3803 1838 3858 τοῦ

250 3899 487 3965 Κυρίου
507 3938 522 3965 ,
557 3895 684 3961 πῶς
707 3893 911 3964 ἀρέσει
953 3894 1034 3960 τῷ
1061 3895 1276 3962 Κυρίῳ,
1308 3894 1408 3948 καὶ
1442 3895 1481 3960 ἢ
1520 3895 1836 3962 παρθένος.

263 3993 329 4045 Ἠ
356 3989 431 4043 δὲ
469 3988 792 4059 γαμήσασα
820 3983 1075 4056 μεριμνᾷ
1108 3985 1234 4052 πῶς
1263 3985 1464 4055 ἀρέσει
1506 3985 1587 4052 τῷ
1627 3987 1837 4056 ἀνδρὶ,

250 4085 353 4138 καὶ
385 4081 755 4153 μεμέρισται.
802 4080 866 4132 Ei
895 4079 1072 4131 τοίνυν
1105 4079 1222 4131 ἐστὶ
1255 4078 1521 4150 μερισμὸς
1541 4119 1556 4143 ,
1593 4079 1709 4143 πῶς
1745 4079 1837 4132 δύ-

251 4192 421 4228 ναται
447 4174 584 4226 ὅπου
619 4170 884 4241 μερισμὸς
905 4211 920 4231 ,
955 4169 1047 4221 ὲπὶ
1075 4168 1136 4222 τὸ
1173 4169 1304 4222 αὐτὸ
1334 4171 1696 4241 κοινωνῆσαι;
1730 4172 1840 4225 Καὶ

250 4268 307 4319 ei
346 4263 473 4334 Θεῷ
504 4263 606 4315 οὐκ
649 4262 909 4333 ἀρέσκει,
945 4260 1082 4314 ἀλλὰ
1125 4260 1204 4331 τῷ
1233 4261 1421 4332 ἀνδρὶ,
1467 4261 1586 4326 πῶς
1618 4261 1840 4317 δύναται

1925 423 2026 484 soii
2061 426 2273 490 tribuit,
2302 428 2637 498 ’proindeque
2663 429 2963 499 spiritalem
2985 433 3108 484 eSse
3136 431 3496 485 resurrectio-

1919 528 2041 576 nem
2061 520 2279 577 asserit.
2316 513 2610 575 Sacrarum
2647 510 2811 592 710
2837 535 2968 576 vero
2986 518 3314 576 Litterarum
3340 521 3498 577 testi-

1929 612 2110 666 monia
2139 612 2420 683 colligens,
2450 619 2505 668 et
2529 612 2595 667 ad
2641 613 2950 668 institutum
2977 626 3137 667 suum
3165 625 3228 665 ac
3258 619 3495 667 mentem

1921 703 2376 766 accommodans,
2440 704 2838 760 absurdissima
2889 704 3135 774 quaedam
3181 699 3495 773 dogmatuin

1917 795 2227 850 commenta
2258 796 2577 862 cumulavit,
2611 793 2668 852 et
2711 797 2778 852 ad
2825 796 3076 851 hreresim
3129 809 3284 850 suam
3329 793 3500 849 stabi-

1921 887 2157 942 iiendam
2187 903 2355 957 prava
2388 889 2636 961 quaedam
2672 890 3023 960 excogitavit.
3072 887 3342 944 Caeterum
3376 888 3500 942 vita:

1923 979 2012 1034 ille
2040 980 2293 1036 instituto
2344 997 2409 1038 ac
2457 997 2655 1052 genere
2695 983 2856 1051 plane
2919 975 3258 1035 admirabilis
3291 971 3412 1043 fuit,
3447 986 3501 1033 et

1923 1069 1990 1124 ad
2025 1070 2343 1128 alliciendos
2372 1071 2588 1128 animos
2635 1071 2688 1127 in
2712 1069 2902 1142 primis
2933 1059 3141 1127 eilicax.
3179 1063 3359 1137 Quare
3384 1071 3502 1140 ple-

1926 1161 2083 1232 rique
2112 1166 2178 1218 ex
2230 1159 2502 1235 1Egyptiis
2533 1163 2822 1219 monachis
2863 1165 2918 1218 in
2958 1155 3104 1219 illius
3149 1165 3366 1219 errores
3401 1162 3500 1216 ad-

1924 1253 2075 1308 ducti
2110 1262 2260 1311 sunt.
2305 1253 2439 1310 Nam
2471 1255 2616 1324 quod
2658 1257 2724 1311 ad
2759 1255 3100 1311 mortuorum
3139 1255 3505 1312 resurrectio-

1925 1360 2048 1399 nem
2081 1345 2296 1410 atlinet,
2329 1347 2474 1418 quod
2506 1348 2690 1404 carnis
2715 1349 3171 1404 resurrectionem
3201 1346 3500 1409 inliciatur,

1927 1434 1983 1492 id
2032 1437 2100 1491 ab
2135 1436 2369 1508 Origene
2416 1439 2701 1494 mutuatus
2738 1439 2970 1504 videtur,
3019 1437 3128 1495 nisi
3169 1436 3224 1492 id
3268 1440 3335 1493 ex
3381 1451 3504 1492 sese

1927 1529 2237 1583 evomuisSe
2285 1528 2556 1586 di‘cendns
2601 1535 2707 1587 est.
2766 1529 2910 1587 Idem
2957 1530 3179 1602 nuptias
3229 1526 3500 1599 repudiat,

1927 1635 2066 1690 quas
2118 1609 2332 1678 Veteris
2388 1621 2724 1679 Testamenti
2790 1623 3042 1694 proprias
3104 1620 3272 1678 fuisse
3323 1621 3503 1676 d0cet.

1931 1695 2142 1783 Quippe
2201 1713 2592 1778 Abrahamum,
2639 1713 2886 1770 Isaacum
2931 1719 2986 1770 et
3027 1707 3314 1776 Iacobum,
3357 1709 3507 1782 Moy-

1931 1819 2068 1870 sem,
2101 1805 2369 1860 Aaronem
2394 1820 2459 1860 ac
2484 1813 2708 1860 sanctos
2755 1819 2966 1868 omnes,
3022 1805 3174 1858 velut
3206 1802 3400 1858 Isaiam
3453 1809 3506 1855 et

1929 1895 2220 1952 Jeremiam
2251 1899 2456 1968 pariter
2481 1896 2835 1954 asciscendos
2866 1897 3162 1960 existimat,
3185 1903 3240 1950 et
3269 1893 3507 1966 prophe-

1929 1998 2015 2046 tas
2063 1989 2397 2058 arbitratur;
2437 1989 2768 2062 nuptiasque
2820 1991 2876 2045 in
2913 1989 3096 2045 Veteri
3156 1988 3506 2044 Testamento

1930 2081 2111 2136 licitas
2147 2081 2353 2149 fuisse;
2394 2081 2491 2136 sed
2541 2089 2665 2152 post
2694 2080 2985 2136 adventum
3037 2078 3242 2135 Christi
3285 2079 3504 2134 easdem

1930 2171 2297 2239 rejiciendas,
2357 2180 2545 2242 utpote
2603 2172 2933 2243 quibuscum
3001 2171 3226 2226 coeleste
3278 2183 3504 2240 regnem

1931 2263 2164 2319 bbtineri
2196 2272 2448 2334 nequeat.
2484 2263 2624 2330 Quid
2659 2263 2826 2326 enim,
2865 2263 3058 2332 inquit,
3099 2260 3336 2317 Verbum
3381 2253 3508 2315 novi

1932 2363 1991 2408 ut
2021 2348 2223 2408 fucere't
2255 2353 2512 2409 advenit?
2552 2352 2706 2423 quid,
2750 2353 2994 2422 inquam,
3030 2352 3154 2405 novi
3189 2349 3507 2420 praedicare.

1931 2453 2027 2499 aut
2055 2443 2200 2514 quod
2233 2444 2513 2515 egregium
2557 2443 2771 2498 faeinus
2822 2441 3003 2497 moliri
3045 2441 3255 2496 voluit?
3305 2439 3362 2495 Si
3411 2438 3503 2494 Dei

1931 2536 2186 2591 timorem
2235 2533 2464 2600 dixeris,
2510 2535 2612 2590 hoc
2649 2535 2762 2604 jam
2798 2535 2883 2590 lex
2920 2533 3036 2604 ipsa
3067 2533 3416 2598 cuntinebat;
3463 2531 3510 2586 si

1933 2629 2172 2694 nuptias,
2205 2625 2370 2680 etiam
2420 2625 2476 2678 in
2516 2623 2692 2680 sacris
2739 2622 2963 2677 Litteris
3016 2623 3418 2693 pmdicantur,
3461 2621 3510 2674 si

1932 2715 2227 2779 invidiam,
2283 2715 2593 2779 avaritiam,
2647 2713 2968 2783 injustitiam
2998 2714 3288 2768 damnasse
3336 2715 3507 2780 dicas,
3585 2779 3588 2784 _

1935 2808 2050 2862 haec
2088 2808 2270 2862 omnia
2302 2802 2499 2862 Vetere
2542 2804 2892 2862 Testamento
2919 2805 3314 2874 comprehensa
3358 2815 3506 2863 sunt.

1937 2896 2197 2968 Superest
2248 2912 2379 2961 ergo
2430 2897 2483 2952 id
2547 2905 2606 2952 ut
2664 2912 2829 2951 unum
2889 2895 3098 2952 eiiicere
3149 2897 3398 2956 voluerit,
3451 2907 3512 2951 ut

1861 3015 1906 3074 ο
1938 2987 2330 3043 continentiam
2391 2988 2714 3058 praedicaret
2766 2988 2820 3042 in
2874 2986 3094 3052 mundo,
3145 3002 3210 3042 ac
3250 2989 3354 3043 sibi
3405 2989 3510 3059 ipsi

1939 3077 2320 3134 castimoniam
2351 3078 2631 3150 deligeret,
2671 3077 2790 3134 sine
2828 3089 2936 3149 qua
2984 3078 3218 3134 obtineri
3245 3081 3355 3133 vita
3399 3094 3509 3134 non

1938 3171 2132 3240 possit.

2008 3261 2074 3317 ll.
2111 3263 2194 3318 Ad
2242 3259 2294 3318 id
2336 3263 2466 3320 vero
2495 3263 2691 3334 dogma
2731 3261 3198 3333 comprobandum
3229 3262 3513 3319 undecun-

1938 3369 2046 3425 que
2075 3363 2394 3424 argumenta
2430 3361 2706 3426 corrogat,
2736 3356 2887 3410 velut
2929 3356 3080 3410 illum
3110 3357 3287 3411 locum
3319 3355 3512 3412 :‘San‘

1939 3447 2309 3516 ctiﬁcationem
2339 3456 2586 3512 vestram,
2615 3449 2728 3502 sine
2754 3464 2858 3515 qua
2884 3463 3033 3500 nemo
3059 3445 3249 3510 videbit
3270 3446 3436 3500 Deum
3465 3448 3508 3501 ’.

1938 3537 2092 3603 Quod
2126 3538 2171 3592 si
2199 3537 2441 3607 Apostoli
2474 3538 2681 3593 dictum
2715 3539 2844 3593 illud
2880 3538 3142 3606 objicias:
3171 3537 3514 3594 llonoranda!

1938 3635 2060 3683 sunt
2098 3629 2318 3696 παρήιε,
2350 3638 2400 3681 et
2433 3637 2578 3681 torus
2613 3627 3022 3692 inmaculatus;
3050 3626 3394 3688 fornicatores
3417 3644 3516 3680 au-

1940 3726 2040 3772 tem
2068 3729 2117 3773 et
2151 3719 2418 3773 adulteros
2439 3719 2704 3788 judicabit
2731 3718 2871 3773 Deus
2899 3720 2942 3784 ⁸,
2960 3721 3040 3774 sic
3062 3719 3150 3774 ille
3181 3721 3508 3789 reSpondet:

1940 3811 2104 3880 Atqui
2146 3813 2308 3882 paulo
2359 3819 2482 3881 post
2540 3812 2680 3866 idem
2727 3811 3020 3882 Apostolus
3066 3812 3198 3866 dicit
3235 3832 3248 3867 :
3282 3813 3514 3882 lnnupta

1940 3901 2170 3956 sollicita
2207 3911 2283 3956 est
2326 3904 2391 3954 de
2418 3901 2499 3956 his
2546 3911 2662 3972 qua:
2686 3901 2784 3956 Dei
2815 3910 2955 3967 sunt,
2993 3903 3256 3972 quomodo
3307 3905 3514 3972 placeat

1940 3989 2188 4055 Domino,
2225 4000 2275 4045 et
2302 3991 2462 4061 virgo.
2493 3990 2676 4061 Nupta
2696 4007 2819 4045 vero
2860 3993 3091 4046 sollicita
3135 4004 3212 4047 est
3249 3997 3508 4063 quomodo

1939 4082 2143 4150 placeat
2175 4083 2305 4143 viro,
2352 4091 2400 4136 et
2439 4083 2611 4137 divisa
2642 4094 2719 4138 est
2747 4085 2788 4137 ⁵.
2825 4085 2979 4139 Unde
3023 4085 3067 4140 si
3106 4085 3304 4140 divisio
3347 4087 3511 4149 inest,

1941 4173 2217 4244 quomodo
2247 4174 2581 4229 intercedere
2619 4177 2930 4230 communio
2959 4177 3170 4246 potest?
3216 4175 3292 4230 Ac
3323 4177 3368 4231 si
3406 4177 3515 4232 Deo

1941 4282 2052 4322 non
2078 4267 2310 4337 placeat,
2351 4265 2447 4320 sed
2477 4267 2616 4332 viro,
2646 4274 2895 4336 potestne
2932 4267 3303 4322 limreditatcm
3335 4285 3366 4323 a
3408 4268 3517 4326 Deo

252 4355 416 4426 παρά
437 4354 559 4424 Θεῷ
579 4353 877 4424 κεκτῆσθαι
906 4353 1006 4425 τὴν
1028 4353 1392 4424 κληρονομίαν
1413 4368 1427 4418 ;
1469 4352 1572 4407 Διὰ
1595 4353 1704 4426 γὰρ
1732 4357 1829 4421 τὰς

1944 4357 2244 4428 consequi?
2281 4358 2416 4411 Cum
2461 4364 2639 4412 autem
2679 4358 2760 4412 sic
2809 4358 3057 4413 hortatur
3093 4377 3106 4412 :
3148 4358 3371 4428 Propter
3399 4362 3515 4431 {or-

248 4448 546 4518 πορνείας
588 4447 845 4513 ἕκαστος
891 4447 1008 4515 τὴν
1058 4446 1276 4501 ἑαυτοῦ
1321 4445 1574 4516 γυναῖκα
1622 4447 1835 4517 ἐχέτω,

248 4541 360 4593 οὐκ
393 4537 654 4602 ἐπαινῶν,
682 4537 837 4607 φησι,
863 4536 1040 4607 γάμον
1071 4535 1208 4606 μετὰ
1232 4535 1332 4606 τὴν
1353 4537 1678 4608 παρουσίαν,
1704 4537 1839 4592 ἀλλὰ

251 4628 694 4702 συμϐαστάζων,
723 4627 811 4680 ἵνα
839 4627 914 4697 μὴ
942 4628 1022 4689 είς
1056 4625 1310 4696 περιττὸν
1337 4625 1557 4698 ὄλεθρον
1586 4628 1839 4698 ἐμπέσω-

250 4729 366 4772 σιν.
391 4717 532 4771 εισι
562 4715 672 4785 γὰρ
701 4715 984 4784 εὐνοῦχοι
1015 4718 1069 4768 οἱ
1093 4715 1348 4782 ἑαυτοὺς
1370 4718 1841 4786 εὐνουχίσαντες

246 4807 356 4862 διὰ
401 4805 519 4874 τὴν
562 4804 892 4868 ,βασιλείαν
940 4803 1057 4858 τῶν
1105 4804 1411 4873 οὐρανῶνο
1468 4807 1594 4872 καὶ,
1645 4811 1837 4873 Θέλω,

247 4900 394 4968 φησί
413 4939 427 4958 ,
460 4895 693 4959 πάντας
717 4892 869 4950 εἶναι
893 4895 974 4959 ὡς
1001 4895 1262 4964 ἐμαυτόν
1281 4911 1295 4926 ο
1321 4897 1414 4950 καὶ
1435 4937 1449 4962 ,
1489 4899 1763 4968 Ὡμοιώθη
1798 4901 1838 4969 ἡ

237 4987 550 5054 ,βασιλεία
595 4985 714 5040 τῶν
757 4985 1030 5052 οὐρανῶν
1079 4985 1226 5040 δέκα
1247 4987 1610 5056 ⁵παρθένοις,
1662 4991 1840 5047 πέντε

239 5081 484 5153 μωραῖς
503 5119 520 5139 ,
551 5079 649 5132 καὶ
688 5076 868 5132 πέντε
895 5078 1225 5147 φρονίμοις.
1255 5079 1508 5152 ⁴ιιρόνιμοι
1543 5081 1835 5152 παρθένοι,

248 5172 447 5246 μωραὶ
486 5169 748 5240 παρθένοι
768 5209 783 5231 ,
817 5169 955 5240 πλὴν
987 5169 1246 5239 παρθένοι
1268 5203 1284 5233 ,
1317 5170 1564 5244 βασιλείᾳ
1595 5175 1838 5246 οὐρανῶν

243 5263 653 5327 ἀπεικάζονται
677 5278 693 5293 ο
737 5259 832 5314 καὶ
875 5261 975 5314 οὐκ
1013 5254 1186 5326 εἶπεν,
1234 5260 1486 5334 ἐγγαμοι.
1548 5265 1726 5320 Πολλά
1779 5268 1838 5320 δὲ

243 5354 488 5411 τοιαῦτα
538 5352 719 5422 ἑαυτῷ
766 5351 1124 5426 ὲπισωρεύει,
1174 5351 1261 5406 ἵνα
1308 5353 1468 5426 δῆθεν
1516 5357 1838 5429 παραϐάλῃ

246 5448 326 5517 τά
334 5464 461 5518 μον.

328 5591 347 5620 ί
384 5586 514 5642 Cor.
544 5586 790 5656 φάσκων.
860 5585 918 5656 -ξ
947 5582 1113 5656 Hebr.
1138 5600 1235 5650 xu,
1266 5587 1352 5641 14.

243 5661 265 5691 τ
313 5657 332 5711 1
378 5657 508 5714 Cor.
539 5653 639 5723 vn,
669 5658 724 5711 7.
800 5657 823 5689 ⁸
857 5653 1047 5711 Matth.
1073 5671 1199 5722 xxv,
1239 5657 1288 5722 l,
1320 5656 1376 5712 2.

1457 5589 1478 5621 ³
1517 5588 1682 5648 Hebr.
1714 5606 1834 5658 xm,
1869 5589 1922 5649 4.
2017 5593 2079 5647 ⁸1
2135 5594 2261 5649 Cor.
2303 5609 2395 5658 vn,
2429 5592 2516 5647 54.

1944 4450 2232 4504 nicationes
2257 4457 2450 4511 autem,
2475 4449 2827 4518 unusquisque
2849 4463 3000 4502 suam
3021 4464 3238 4503 uxorem
3260 4450 3447 4506 habeat
3472 4454 3515 4516 ⁸,

1945 4557 2052 4597 non
2105 4539 2403 4595 laudandas
2451 4539 2606 4608 711
2657 4546 2781 4609 post
2820 4539 3108 4594 adventum
3153 4539 3385 4603 Domini,
3420 4541 3514 4595 sed

1945 4633 2259 4688 tolerandas
2284 4633 2497 4702 nuptias
2526 4640 2698 4702 putat,
2729 4647 2798 4686 ne
2828 4631 3006 4701 majus
3035 4632 3088 4686 in
3116 4633 3342 4687 exitium
3374 4647 3516 4701 pra:-

1948 4726 2142 4795 cipites
2194 4732 2373 4778 ruant.
2411 4722 2546 4778 Sunt
2592 4724 2732 4777 enim
2761 4724 3005 4786 eunuchi,
3052 4725 3141 4792 qui
3178 4725 3374 4791 seipsos
3425 4739 3519 4776 cas

1947 4821 2246 4866 straverunt
2277 4821 2486 4880 propter
2508 4827 2723 4880 regnum
2751 4810 3000 4870 calorum
3026 4812 3066 4864 ⁸.
3101 4811 3298 4865 lterum
3331 4828 3344 4864 :
3391 4810 3518 4865 Volo

1948 4918 2123 4956 omnes
2164 4917 2275 4955 esse
2316 4903 2452 4954 sicut
2485 4902 2740 4970 meipsum
2784 4902 2827 4954 ".
2879 4899 3016 4954 Tum
3049 4920 3061 4954 :
3095 4899 3280 4954 Simile
3317 4901 3518 4970 factum

1945 5003 2024 5050 est
2070 5008 2283 5062 regnum
2337 4993 2585 5067 caelorum
2637 4992 2862 5061 quinque
2913 4991 3233 5058 virginibus,
3293 5007 3519 5058 quarum

1944 5087 2167 5157 quinque
2214 5095 2366 5138 erant
2418 5085 2602 5153 fatum,
2653 5092 2704 5137 et
2751 5084 2975 5153 quinque
3011 5081 3287 5149 prudentes
3319 5082 3361 5135 ⁸.
3413 5080 3514 5136 Ubi

1947 5187 2054 5231 tam
2082 5177 2380 5247 prudentes
2411 5177 2672 5248 virgines,
2705 5190 2866 5246 quam
2908 5174 3089 5238 fatuae,
3116 5175 3210 5229 sed
3241 5174 3519 5231 nihilomi-

1943 5284 2049 5325 nus
2079 5269 2341 5340 virgines,
2371 5285 2496 5325 cum
2534 5268 2745 5325 caelesti
2777 5281 2944 5339 regno
2966 5276 3387 5336 comparantur;
3416 5282 3519 5322 nec

1945 5361 2013 5416 de
2045 5363 2253 5432 nuptiis
2305 5363 2633 5419 mentionem
2680 5360 2826 5416 fecit.
2878 5359 3044 5414 Multa
3087 5359 3143 5414 id
3188 5375 3361 5431 genus
3409 5360 3518 5417 alia

1948 5449 2207 5508 adversus
2240 5453 2458 5524 nuptias
2490 5451 2816 5508 accumulat.

2617 5592 2636 5623 ⁸
2670 5589 2800 5646 ibid.
2826 5588 2881 5644 9..
2980 5589 3000 5620 ⁸
3030 5587 3220 5645 Matth.
3280 5602 3395 5646 xu.
3424 5583 3516 5644 iis
