3826 6206
357 276 469 333 1175

1746 290 1818 347 'S.
1860 290 2206 349 ΕΡΙΡΙΙΑΝΠ

3525 317 3622 375 176

419 402 616 475 ‘Neque
642 416 773 459 vero
800 405 1061 475 puerulos
1091 415 1217 462 ante
1232 408 1577 485 _cognitionis
1612 426 1769 465 usum
1802 429 1912 468 mox

2122 415 2199 468 Οὐ
2237 415 2453 487 δέχεται
2481 418 2537 472 δὲ
2570 421 2696 483 τοὺς
2729 420 2928 486 παῖδας
2968 424 3098 489 τοὺς
3127 426 3493 495 τελευτῶντας
3532 435 3630 506 sepe

344 504 482 552 “tuos
532 495 796 562 admittit,
843 499 938 555 sed
976 514 1008 553 a
1058 502 1338 572 proposita
1389 518 1486 573 spe
1530 503 1726 573 reiicit.
1762 503 1944 577 Negat

353 589 501 643 enim
547 590 685 646 istos
714 590 938 648 caeleste
992 606 1218 663 regnum
1258 608 1564 663 capessere,
1598 598 1943 668 quandoqui-

352 682 478 737 dem
516 690 793 739 certamen
833 682 1043 737 nullum
1096 684 1352 741 obierint.
1388 686 1523 741 Nam
1555 690 1647 757 qui
1679 691 1729 742 in
1764 700 1941 744 certa-

355 792 479 831 men
515 775 818 839 descendit,
853 792 957 829 non
988 788 1301 841 coronatur,
1351 780 1455 833 nisi
1499 779 1726 850 legitime
1770 793 1940 835 certa-

353 868 484 921 verit
520 869 559 922 ³.
601 868 781 934 Quare
814 882 939 922 cum
983 884 1051 923 ne
1103 869 1137 922 ii
1167 870 1388 939 quidem
1426 871 1519 941 qui
1560 880 1797 937 certant,
1831 875 1939 929 nisi

352 961 404 1013 id
438 961 678 1032 legitime
717 961 1092 1031 praestiterint,
1128 970 1483 1029 coronentur,
1522 976 1728 1035 quanto
1756 966 1937 1024 minus

350 1054 443 1124 qui
489 1070 557 1107 ne
601 1053 666 1107 ad
709 1063 987 1109 certamen
1044 1055 1261 1124 quidem
1312 1055 1491 1110 adhuc
1541 1058 1719 1112 vocati
1770 1061 1939 1115 sunt?

349 1144 675 1201 Paradisum
731 1162 899 1217 porro
945 1148 1260 1202 sensibilem
1307 1164 1430 1204 esse
1458 1164 1565 1203 non
1606 1158 1781 1220 putat,
1826 1168 1936 1222 quo

349 1239 404 1291 in
433 1254 620 1294 errore
648 1247 901 1294 versatus
931 1246 1015 1294 est
1048 1246 1100 1294 et
1131 1238 1414 1310 Origenes.
1450 1240 1663 1311 Neque,
1690 1252 1749 1298 ut
1774 1254 1934 1300 antea

349 1329 484 1394 dixi,
523 1338 863 1383 mortuorum
899 1333 1359 1387 resurrectionem
1394 1334 1461 1389 ad
1495 1352 1720 1393 carnem
1765 1343 1937 1409 perti-

351 1437 503 1484 nere,
538 1421 633 1477 sed
681 1422 756 1475 ita
802 1437 1088 1493 resurgere
1137 1432 1383 1479 mortuos
1432 1424 1651 1494 fatetur,
1700 1429 1846 1485 solas
1875 1439 1934 1484 ut

349 1512 563 1567 animas
597 1511 649 1564 id
680 1512 900 1582 assequi
933 1513 1083 1577 velit,
1121 1530 1184 1569 ac
1212 1515 1509 1586 spiritalem
1544 1520 1735 1575 nescio
1766 1534 1929 1591 quam

349 1604 589 1659 fabulam
622 1611 895 1659 conterat.
938 1603 1210 1660 Caeterum
1252 1623 1414 1661 nemo
1459 1610 1513 1664 in
1552 1611 1767 1666 illorum
1800 1628 1928 1683 gre-

346 1712 468 1768 gem
506 1695 836 1759 admittitur,
872 1696 977 1753 nisi
1011 1697 1162 1767 virgo
1195 1699 1288 1761 sit,
1333 1710 1427 1754 aut
1473 1703 1797 1767 monachus,
1836 1711 1929 1759 aut

344 1790 659 1854 continens,
722 1799 817 1843 aut
860 1788 1043 1843 vidua.
1094 1788 1171 1844 De
1211 1788 1392 1855 Patre,
1438 1790 1574 1846 Filio
1624 1801 1679 1848 et
1721 1794 1926 1865 Spiritu

337 1893 537 1939 sancto
564 1897 671 1937 non
705 1880 892 1937 eadem
925 1896 1047 1934 cum
1099 1880 1332 1952 Origene
1361 1886 1561 1949 sentit;
1587 1886 1717 1953 quin
1747 1887 1927 1955 potius

341 1984 397 2031 et
430 1990 460 2028 a
496 1972 658 2028 Patre
702 1971 903 2026 Filium
933 1987 1120 2026 revera
1146 1974 1409 2043 genitum,
1435 1985 1484 2029 et
1509 1974 1772 2045 Spiritum
1799 1992 1927 2031 san-

342 2084 493 2131 ctum
524 2075 701 2129 credit
730 2088 761 2126 a
795 2071 953 2128 Patre
986 2072 1303 2144 procedere.

414 2164 502 2221 lii.
539 2164 710 2231 Quem
740 2164 959 2235 quidem
1003 2163 1289 2233 Spiritum,
1340 2160 1799 2232 quemadmodum
1828 2178 1922 2218 su-

340 2274 441 2329 pra
471 2255 1175 2313 inMelchisedecianorum
1210 2255 1405 2310 haeresi
1452 2254 1764 2319 docuimus,
1796 2253 1927 2310 Μει-

338 2349 690 2406 chisedecum
719 2363 842 2403 esse
878 2347 980 2403 sibi
1019 2347 1333 2416 persuadet,
1368 2363 1466 2417 pro
1501 2361 1567 2403 eo
1598 2345 1743 2416 quod
1783 2347 1924 2402 scri-

340 2447 636 2510 plum'est:
662 2437 778 2492 vPro
800 2437 950 2493 nobis
973 2446 1090 2491 orat
1109 2437 1386 2508 gemitibus
1418 2436 1859 2490 inenarrabilibus
1879 2439 1921 2491 ¹.

340 2533 408 2587 Et
444 2531 571 2602 quis
598 2532 689 2586 ille
720 2528 935 2586 tandem
966 2529 1087 2586 est?
1131 2528 1336 2593 Manet,
1366 2530 1565 2602 inquit,
1594 2531 1841 2584 sacerdos
1869 2530 1923 2585 in

339 2633 597 2677 reternum
619 2620 659 2675 ³.
679 2620 865 2676 Porro
892 2621 1137 2674 sacerdos
1174 2621 1231 2673 in
1286 2630 1536 2675 retentum
1568 2619 1690 2676 ideo
1723 2629 1919 2680 manet,

2046 506 2339 574 γνώσεως,
2390 509 2505 563 ἀλλ’
2549 511 2847 567 ἀποϐάλλει
2890 516 3091 581 αὐτοὺς
3140 518 3239 590 τῆς
3276 521 3629 596 νομιζομένης

2045 599 2277 707 ἐλπίδος.
2322 601 2524 656 Φὰσκει
2565 602 2675 675 γάρ
2722 606 2947 670 τούτους
2979 609 3055 678 μὴ
3088 609 3446 683 κληρονομεῖν
3479 613 3643 707 βασιοί

2043 689 2190 745 λείαν
2218 694 2483 763 οὐρανῶν,
2501 695 2694 767 ’ἐπειδὴ
2715 736 2731 758 ,
2758 698 2945 767 φησὶν,
2989 700 3088 753 οὐκ
3111 702 3469 771 ἠγωνίσαντο.
3510 702 3626 760 Ἐὰν

2050 781 2158 853 γὰρ
2193 782 2328 854 ἀθλῇ
2367 801 2472 849 τις,
2505 787 2576 839 οὐ
2619 789 3024 856 στεφανοῦται
3046 832 3062 855 ,
3105 792 3216 848 ἐὰν
3245 795 3332 863 μὴ
3374 798 3628 868 νομίμως

2040 875 2309 944 ἀθλήσῃ.
2343 878 2407 930 El
2438 878 2548 949 γὰρ
2588 879 2683 933 καὶ
2732 883 2760 934 6
2797 881 2979 947 ἀθλῶν
3020 883 3083 937 οὐ
3124 887 3511 955 στεφανοῦται,
3540 892 3626 944 ἐὰν

2043 968 2118 1036 μὴ
2149 968 2395 1039 νομίμως
2415 1009 2431 1034 ,
2473 971 2623 1041 πόσῳ
2652 988 2714 1040 γε
2745 973 2946 1044 μᾶλλον
2975 976 3025 1028 oi
3053 975 3281 1047 μηδέπω
3324 979 3403 1043 είς
3448 981 3627 1050 ἀγῶνα

2039 1061 2364 1131 κεκλημένοι
2392 1079 2406 1126 ;
2448 1063 2523 1116 Οὐ
2561 1064 2806 1119 πιστεύει
2847 1065 2903 1119 δὲ
2932 1067 3093 1121 πάλιν
3122 1064 3276 1133 οὗτος
3303 1072 3623 1143 παράδεισον

2039 1150 2176 1205 εἶναι
2224 1153 2501 1224 αἰσθητὸν,
2534 1155 2725 1227 ὥσπερ
2752 1158 2943 1228 ἀμέλει
2976 1162 3073 1214 καὶ
3111 1162 3424 1233 Ὠριγένη;·
3468 1166 3619 1228 οὐδὲ,

2037 1244 2112 1307 ὡς
2158 1244 2316 1316 ἔφην,
2364 1247 2574 1319 νεκρῶν
2620 1249 2917 1305 ἀνάστασιν
2952 1253 3052 1323 τὴν
3091 1253 3181 1306 διὰ
3228 1258 3465 1327 σαρκός⁸
3511 1258 3620 1310 ἀλλ’

2037 1337 2333 1390 ἀνάστασιν
2383 1340 2480 1409 μὲν
2511 1340 2722 1412 νεκρῶν
2754 1342 2922 1411 λέγει,
2955 1344 3249 1399 ἀνάστασιν
3285 1348 3343 1399 δὲ
3382 1349 3483 1418 τὴν
3515 1348 3619 1402 τῶν

2033 1429 2239 1499 ψυχῶν,
2275 1431 2367 1482 καὶ
2411 1433 2789 1503 πνευματικήν
2832 1451 2953 1487 τινα
2998 1436 3224 1502 φάσκων
3272 1438 3614 1507 μυθολογίαν.

2034 1521 2222 1584 Οὐδεὶς
2254 1521 2310 1573 δὲ
2346 1520 2464 1591 μετ’
2504 1522 2683 1576 αὐτῶν
2717 1524 3030 1591 συνάγεται,
3056 1526 3193 1580 ἀλλά
3218 1528 3265 1579 εἰ
3293 1528 3377 1598 εῐη
3408 1529 3616 1600 παρθέ-

2032 1629 2156 1676 νος,
2188 1613 2220 1683 ἢ
2257 1613 2527 1682 μονὰζων,
2575 1614 2607 1685 ἢ
2650 1615 2962 1687 ἐγκρατὴς,
2999 1616 3031 1687 ἥ
3068 1620 3235 1689 χήρα.
3270 1620 3407 1690 Περὶ
3435 1619 3491 1671 δὲ
3530 1621 3617 1673 τὸν

2033 1704 2254 1775 Πατέρα
2286 1706 2380 1756 καὶ
2416 1705 2543 1758 Υἱὸν
2579 1706 2671 1758 καὶ
2704 1705 2859 1771 ἅγιον
2903 1706 3128 1778 Πνεῦμα
3158 1709 3217 1761 οὐ
3248 1709 3449 1779 φάσκει
3478 1714 3616 1765 κατὰ

2030 1796 2121 1848 τὸν
2160 1796 2439 1867 Ὠριγένην
2459 1812 2472 1827 ⁸
2501 1796 2637 1850 ἀλλὰ
2668 1799 2916 1850 πιστεύει
2943 1800 3112 1863 ὅντως
3142 1801 3231 1853 τὸν
3256 1802 3389 1855 Υἰὸν
3415 1805 3482 1857 ὲκ
3506 1805 3615 1856 Πα-

2029 1887 2159 1958 τρὸς
2212 1888 2611 1960 γεγεννημένον
2644 1905 2658 1920 ·
2694 1889 2789 1943 καὶ
2844 1892 2975 1961 περὶ
3024 1891 3119 1944 τοῦ
3155 1892 3475 1961 Πνεύματος
3521 1894 3610 1946 τοῦ

2030 1977 2213 2045 ἁγίου,
2244 1979 2310 2030 ὲκ
2337 1977 2550 2049 Πατρὸς
2572 1973 2730 2032 εἶναι.

2098 2156 2173 2212 Ρ.
2202 2156 2404 2210 Φάσκει
2435 2157 2493 2211 δὲ
2530 2151 2705 2224 οὗτος,
2749 2154 2827 2224 ῶς
2860 2158 2972 2214 ἀνω
3002 2179 3090 2231 μοι
3128 2163 3186 2215 ἐν
3214 2162 3279 2232 τῇ
3308 2161 3419 2215 τῶν
3459 2164 3611 2217 Μελ-

2027 2249 2409 2321 χισεδεκιανῶν
2476 2251 2687 2323 αἱρέσει
2739 2251 3065 2324 δεδήλωται,
3128 2254 3259 2325 περὶ
3307 2254 3403 2308 τοῦ
3457 2257 3610 2324 άγίου

2022 2342 2365 2413 Πνεύματος,
2414 2343 2496 2396 ὅτι
2536 2343 2699 2406 αὐτός
2738 2344 2884 2397 ἐστιν
2929 2347 2957 2397 6
2998 2344 3350 2415 Μελχισεδὲκ,
3389 2348 3481 2402 διὰ
3529 2350 3607 2411 τὸ,

2028 2435 2214 2504 φησιν,
2233 2434 2518 2506 εἰρηκέναι
2549 2480 2564 2504 ,
2591 2438 2674 2490 ὅτι
2711 2437 3232 2509 Ὑπερεντυγχάνει
3253 2443 3611 2513 στεναγμοῖς

2025 2524 2354 2592 ἀλαλήτοις
2378 2527 2533 2594 ὑπὲρ
2560 2528 2748 2597 ἡμῶν.
2790 2529 2901 2583 Καὶ
2928 2531 3012 2594 τίς
3041 2534 3187 2585 ἔστιν
3212 2527 3402 2597 οὗτοςς
3450 2536 3608 2590 Ἀλλὰ

2017 2615 2183 2684 μένει
2213 2617 2404 2686 ἱερεὺς
2438 2620 2526 2685 εις
2556 2620 2621 2672 τὸ
2648 2618 2942 2686 διηνεκές.
2974 2620 3047 2673 Τὸ
3076 2621 3157 2685 δὲ,
3194 2624 3387 2692 ἱερεὺς
3422 2628 3511 2690 εις
3546 2626 3608 2679 τὸ

339 2722 398 2770 ut
439 2731 602 2772 orare
647 2714 845 2785 possit.
876 2711 1036 2768 Hunc
1079 2714 1257 2783 ipsum
1308 2710 1571 2783 Spiritum
1607 2712 1912 2767 Abrahamo

2030 2707 2337 2777 διηνεκὲς,
2404 2710 2492 2765 διὰ
2539 2711 2599 2765 τὸ
2644 2712 3162 2784 ὑπερεντυγχάνειν.
3222 2717 3395 2770 Τοῦτο
3444 2718 3501 2771 δὲ
3549 2718 3608 2772 τὸ

336 2824 434 2879 per
457 2809 590 2864 illud
615 2816 830 2877 tempus
856 2806 1170 2862 occurrisse
1188 2812 1362 2877 putat.
1396 2804 1493 2859 Est
1521 2806 1689 2868 enim,
1718 2803 1912 2875 inquit,

2030 2799 2247 2871 Πνεῦμα
2287 2803 2678 2874 συνηντηκέναι
2708 2804 2786 2875 τῷ
2829 2806 3082 2878 Ἀϐραὰμ
3122 2809 3243 2862 κατ’
3268 2812 3448 2862 ἐκεῖνο
3481 2829 3605 2864 και-

338 2899 477 2955 Filio
503 2899 721 2956 similis.
753 2896 933 2964 Quare
980 2897 1050 2953 ab
1073 2896 1336 2967 Apostolo
1361 2894 1564 2950 dicitur
1618 2911 1742 2951 esse
1808 2897 1912 2950 sine

2030 2892 2118 2968 ροῦ
2144 2909 2157 2922 °
2184 2894 2371 2967 ἐπειδὴ
2400 2896 2509 2967 γὰρ
2554 2897 2737 2966 ὅμοιόν
2785 2899 2903 2952 ἐστι
2928 2898 3007 2969 τῷ
3041 2899 3155 2971 Υἱῷ
3174 2918 3188 2932 ·
3216 2901 3310 2954 καὶ
3332 2901 3424 2955 διὰ
3448 2902 3605 2956 τοῦτό

330 3003 511 3065 patre,
558 2995 669 3048 sine
719 3002 910 3058 matre,
959 2991 1075 3045 sine
1110 2989 1413 3060 genealogia
1465 2991 1488 3020 δ
1530 3006 1542 3018 ⁸
1581 2989 1695 3042 sine
1723 2999 1912 3052 matre,

2030 3003 2186 3057 φησιν
2212 2989 2240 3041 6
2270 2988 2610 3055 Ἀπόστολος,
2628 2989 3178 3061 ἀπάτωρ,›ἀμήτωρ,
3205 2993 3605 3063 ἀγενεαλόγη,

333 3086 479 3154 quod
528 3084 752 3139 omnino
799 3084 1006 3138 nullam
1056 3082 1354 3146 habuerit;
1389 3083 1501 3136 sine
1562 3092 1733 3150 patre,
1768 3082 1912 3151 quod

2030 3098 2122 3147 τος
2144 3097 2159 3112 ⁶
2204 3078 2441 3150 ἀμήτωρ
2469 3083 2655 3152 φησὶν,
2682 3084 2764 3136 ὅτι
2795 3083 2896 3137 οὐκ
2939 3084 3049 3154 ἔχει
3088 3085 3297 3156 μητέρα
3318 3101 3331 3114 ·
3360 3085 3604 3154 ἀπάτωρ

327 3193 455 3233 eum
483 3177 539 3231 in
571 3186 714 3229 terra
743 3189 851 3229 non
896 3174 1163 3227 habuerit.
1216 3172 1421 3227 Similis
1470 3189 1589 3227 vero
1636 3172 1779 3227 Filio
1824 3173 1912 3227 Dei

2030 3173 2202 3243 φησιν,
2229 3173 2310 3225 ὅτι
2334 3175 2426 3226 ἐπὶ
2452 3174 2555 3244 γῆς
2583 3175 2683 3228 οὐκ
2707 3175 2831 3245 ἔσχε
2862 3175 3092 3247 πατέρα.
3124 3176 3605 3246 Ἆφωμοιωμένος

331 3270 509 3340 {actus
542 3278 721 3322 manet
770 3265 1019 3321 sacerdos
1064 3266 1119 3318 in
1158 3275 1409 3319 wternum
1454 3265 1497 3321 '.
1558 3264 1761 3321 Praeter
1803 3267 1918 3320 haec

329 3362 503 3415 multa
552 3359 657 3413 alia
687 3358 756 3413 de
798 3356 1008 3427 Spiritu
1042 3365 1235 3411 sancto
1284 3358 1531 3426 garriens
1580 3356 1915 3413 l‘usissimam

328 3454 400 3508 de
428 3468 492 3508 eo
528 3451 955 3521 disputationem
986 3450 1247 3504 instituit.
1288 3447 1397 3504 Sed
1426 3448 1765 3519 praecipuum
1799 3451 1916 3521 opi-

327 3545 513 3600 nionis
558 3544 721 3613 712
766 3558 879 3597 suae
923 3542 1323 3597 ﬁrmamentum
1370 3557 1435 3597 ex
1473 3540 1612 3596 libro
1651 3541 1913 3611 quodam,

326 3637 427 3708 qui
476 3637 805 3690 Anabaticus
832 3632 997 3688 Isaia
1040 3634 1344 3704 inscriptus
1383 3643 1488 3697 ρει,
1521 3635 1772 3699 arcessit,
1802 3650 1913 3704 quo

328 3728 387 3781 in
422 3726 563 3781 libro
605 3726 685 3779 sic.
728 3724 969 3793 loquitur
1025 3742 1040 3778 :
1075 3722 1328 3778 Ostendit
1377 3723 1509 3776 mihi
1572 3724 1798 3794 angelus
1844 3724 1913 3779 de

325 3816 587 3872 omnibus
641 3830 825 3869 coram
880 3830 987 3878 me,
1044 3823 1100 3869 et
1146 3813 1387 3869 ostendit
1431 3812 1586 3875 mihi.
1622 3822 1676 3868 et
1725 3814 1905 3868 dixit:

322 3909 465 3976 Quis
512 3917 598 3964 est
632 3908 698 3962 ad
728 3907 1010 3961 dexteram
1049 3905 1179 3961 Dei?
1211 3905 1276 3960 Et
1326 3905 1435 3960 dixi
1469 3924 1484 3960 :
1521 3903 1602 3959 Tu
1637 3906 1769 3970 seis,
1800 3904 1907 3959 Do-

326 4002 497 4056 mine.
533 3998 672 4053 Tum
708 3999 834 4061 ille:
873 3998 970 4052 llic
998 4006 1080 4053 est
1118 3996 1373 4052 Dilectus.
1408 3996 1472 4050 Et
1503 3998 1629 4068 quis
1654 4005 1741 4053 est
1772 3998 1908 4051 alter

319 4094 373 4147 ei
409 4093 607 4149 similis
636 4092 729 4162 qui
778 4107 809 4144 a
858 4092 1081 4146 sinistra
1110 4091 1281 4156 venit,
1318 4098 1373 4145 et
1401 4089 1513 4144 disi
1552 4109 1565 4143 :
1607 4090 1688 4143 Tu
1722 4088 1902 4154 nosti;

322 4186 414 4240 hic
447 4192 532 4241 est
566 4184 807 4254 Spiritus
845 4191 1093 4248 sanctus,
1143 4183 1237 4254 qui
1270 4185 1325 4237 in
1374 4191 1426 4237 te
1454 4182 1696 4253 loquitur
1752 4190 1806 4235 et
1847 4180 1903 4235 in

319 4277 625 4349 prophetis.
664 4275 727 4331 Et
756 4287 897 4341 erat,
930 4276 1127 4346 inquit,
1162 4276 1358 4332 similis
1411 4274 1639 4329 Dilecto.
1690 4273 1769 4328 Ex
1800 4272 1903 4328 hoc

319 4369 444 4423 loco
465 4369 613 4422 illam
644 4365 943 4435 Scriptum
969 4367 1297 4423 sententiam
1316 4366 1644 4421 conﬁrmare
1670 4364 1895 4420 nititur:

2016 3264 2083 3316 δὲ
2112 3262 2193 3329 τῷ
2223 3262 2333 3329 Υἱῷ
2360 3266 2466 3320 τοῦ
2490 3267 2660 3332 Θεοῦ,
2684 3266 2851 3337 μένει
2878 3268 3068 3336 ἱερεὺς
3091 3273 3178 3335 εὶς
3209 3270 3276 3322 τὸ
3298 3270 3597 3337 διηνεκές.

2016 3354 2128 3406 Καὶ
2171 3354 2342 3407 πολλὰ
2403 3354 2661 3429 φλυαρῶν
2712 3357 2841 3428 περὶ
2894 3357 2987 3412 τοῦ
3036 3360 3193 3428 ἁγίου
3244 3360 3597 3432 Πνεύματος,

2014 3443 2256 3515 διεξῆλθε
2288 3446 2417 3517 περ).
2455 3446 2643 3499 τούτου
2676 3446 2879 3518 πολλὴν
2903 3448 3305 3520 πραγματείαν.
3339 3451 3600 3505 Βούλεται

2013 3532 2070 3585 δὲ
2105 3533 2201 3605 τὴν
2247 3534 2461 3588 τελείαν
2507 3536 2672 3590 αὖτοῦ
2720 3534 2978 3591 σύστασιν
3023 3539 3292 3593 ποιεῖσθαι
3333 3541 3446 3594 ἀπὸ
3499 3540 3598 3595 τοῦ

2024 3626 2411 3680 Ἀναϐατικοῦ
2448 3627 2713 3691 Ἡσαΐου,
2747 3628 2905 3699 δῆοεν
2927 3628 3003 3693 ὡς
3032 3632 3088 3682 ἐν
3126 3631 3205 3701 τῷ
3243 3632 3599 3698 Ἀγαϐατικῷ

2011 3719 2291 3790 λεγομένῳ
2328 3720 2515 3789 ἔλεγεν
2545 3723 2723 3775 ἐκεῖσε
2748 3762 2764 3788 ,
2801 3724 2883 3776 ὅτι
2915 3724 3126 3790 Ἔδειξέ
3162 3741 3252 3794 μοι
3294 3727 3326 3778 6
3360 3724 3597 3793 ἄγγελος

2011 3813 2139 3883 περὶ
2184 3812 2399 3866 πάντων
2449 3812 2754 3885 ἔμπροσθέν
2807 3832 2909 3884 μου
2933 3856 2947 3879 ,
2985 3817 3078 3869 καὶ
3116 3816 3284 3881 ἔδειξέ
3335 3835 3462 3888 μοι,
3501 3820 3597 3874 καὶ

2008 3896 2129 3954 εἶπε
2151 3919 2165 3933 ·
2198 3902 2295 3966 Τίς
2334 3903 2481 3958 ἐστιν
2516 3906 2545 3957 6
2569 3905 2627 3958 ὲν
2664 3904 2814 3975 δεξιᾷ
2846 3905 2939 3959 τοῦ
2973 3906 3141 3970 Θεοῦ;
3174 3908 3282 3961 Καὶ
3312 3903 3447 3962 εἶπα
3468 3926 3481 3938 ·
3520 3910 3596 3963 Σὺ

2006 3990 2172 4058 οἶδας,
2216 3995 2409 4067 Κύριε.
2441 3996 2637 4065 Λέγει’
2676 3992 2840 4060 Οὗτός
2864 4000 3011 4051 ἐστιν
3049 4002 3078 4052 6
3117 4000 3451 4070 ’Λγαπητός.
3484 4002 3595 4054 Καὶ

2004 4085 2089 4150 τίς
2116 4089 2264 4140 ἐστιν
2293 4090 2323 4141 6
2346 4088 2501 4152 ἄλλος
2527 4089 2555 4140 ὁ
2584 4090 2767 4158 ὅμοιος
2801 4090 2951 4161 αὐτῷ
2973 4090 3030 4156 ἐξ
3051 4091 3355 4161 ἀριστερῶν
3377 4091 3592 4157 ἐλθὼν;

2004 4181 2118 4233 Καὶ
2150 4177 2309 4235 εἶπα·
2342 4182 2414 4235 Σὺ
2453 4180 2772 4249 γινώσκεις,
2804 4183 3052 4237 τουτέστι
3084 4183 3145 4236 τὸ
3178 4184 3333 4253 ἆγιον
3360 4184 3593 4255 Πνεῦμα

2001 4272 2065 4325 τὸ
2110 4272 2305 4325 λαλοῦν
2340 4274 2398 4325 ἐν
2451 4273 2533 4326 σοι
2567 4274 2661 4326 καὶ
2701 4275 2759 4326 ὲν
2801 4276 2916 4338 τοῖς
2967 4276 3293 4347 προφήταις.
3340 4278 3454 4330 Καὶ
3496 4274 3592 4348 ἦν,

2004 4367 2167 4437 φησὶν
2191 4407 2208 4433 ,
2254 4367 2441 4437 ὅμοιον
2481 4366 2558 4437 τῷ
2604 4367 2915 4439 Ἃγαπητῷ.
2952 4369 3048 4421 Ἐκ
3093 4369 3282 4423 τούτου
3334 4368 3589 4439 βούλεται

316 4459 668 4514 Assimilatus
721 4434 866 4514 Filio
932 4457 1030 4513 Dei
1083 4468 1261 4514 manet
1305 4459 1657 4514 sacerdosin
1717 4473 1892 4526 perpe-

2030 4434 2259 4531 N—VtG'CQV
2288 4434 2349 4512 τὸ
2378 4434 2700 4531 εἰρημένον·
2736 4434 3205 4530 Ἁέςῶμοιωμένος
3225 4460 3305 4526 τῷ
3334 4434 3459 4527 ra;
3477 4460 3591 4516 τοῦ

317 4568 487 4611 tuum.

386 4647 591 4704 Verum
638 4662 804 4717 quam
836 4646 1010 4702 multa
1057 4643 1126 4699 de
1164 4644 1269 4699 hoc
1320 4650 1643 4713 argumento
1673 4641 1896 4712 excogi-

312 4750 431 4796 tare
459 4754 615 4794 mens
645 4745 833 4792 nostra
861 4743 1065 4807 potest,
1111 4751 1175 4791 ac
1209 4736 1541 4805 disputando
1581 4736 1890 4804 complecti,

310 4832 512 4903 quibus
564 4830 858 4901 depravata
900 4829 1048 4884 illius
1100 4828 1455 4898 intelligentia
1503 4843 1570 4883 ae
1622 4830 1892 4884 sententia

309 4924 630 4980 refellatur!
671 4924 938 4978 Caeterum
987 4922 1091 4977 iste
1140 4932 1380 4977 extrema
1428 4930 1709 4977 senectute
1739 4937 1890 4977 mor-

308 5026 438 5073 tuus
463 5026 568 5081 est,
601 5032 668 5071 ac
703 5015 893 5071 Graeca
923 5014 1358 5086 Egyptiacaque
1386 5015 1570 5087 lingua
1597 5016 1891 5086 quamplu-

307 5111 446 5165 rima
491 5109 733 5181 scripsit.
773 5108 921 5164 lnter
979 5116 1176 5163 castora
1219 5108 1667 5172 commentarios,
1700 5117 1754 5163 et
1800 5109 1885 5161 lu-

305 5203 659 5259 cubrationes
703 5202 773 5258 de
816 5217 980 5273 Opere
1027 5217 1124 5258 sex
1167 5201 1400 5267 dierum,
1443 5202 1642 5272 quibus
1673 5200 1886 5258 fabulas

305 5295 600 5349 nonnullas
628 5302 689 5348 et
734 5293 1061 5348 vanissimas
1089 5291 1378 5363 allegorias
1404 5298 1747 5346 commentus
1775 5301 1881 5348 est.

304 5376 528 5440 Necnon
567 5391 621 5437 et
650 5384 755 5436 alia
788 5384 1035 5453 quaedam
1062 5398 1130 5438 ex
1159 5382 1336 5439 sacris
1364 5382 1681 5452 deprompta
1713 5381 1881 5438 Litte-

2006 4551 2155 4608 Θεοῦ
2177 4552 2348 4621 μένει
2387 4552 2579 4620 ἱερεὺς
2599 4555 2687 4618 εὶς
2722 4551 2787 4606 τὸ
2814 4551 3108 4620 διηνεκές.

2073 4645 2223 4699 Πόσα
2246 4646 2424 4699 τοίνυν
2461 4645 2750 4718 δυνήσεται
2793 4648 2823 4699 6
2862 4644 3131 4717 ἡμέτερος
3159 4645 3283 4710 νοῦς
3313 4649 3412 4700 καὶ
3450 4648 3588 4719 περὶ

2000 4736 2191 4790 τούτου
2227 4736 2614 4809 διαλαμϐάνειν
2650 4738 2786 4809 πρὸς
2814 4736 3086 4791 ἀντίθεσιν
3113 4738 3213 4807 τῆς
3241 4739 3410 4791 αὑτοῦ
3450 4740 3588 4793 πολ-

1998 4828 2099 4899 λῆς
2143 4830 2671 4901 παρα-πεποιημένης
2703 4829 2969 4894 διανοίας;
3004 4822 3172 4893 Οὗτος
3212 4829 3271 4882 δὲ
3307 4830 3588 4901 γηραλέος

1994 4921 2265 4975 ἐτελεύτα.
2300 4922 2683 4993 Συνεγράψατο
2733 4921 2792 4975 δὲ
2832 4920 3157 4993 Ἑλληνικῶς
3184 4938 3243 4975 τε
3274 4929 3366 4975 καὶ
3403 4924 3587 4989 Αἰγυ-

1994 5011 2270 5075 πτιακῶς,
2310 5011 2720 5084 ἐξηγησάμενος
2764 5012 2859 5065 καὶ
2889 5011 3155 5077 συντάξας
3175 5013 3275 5081 τῆς
3307 5012 3586 5084 Ἐξαημέ-

1995 5123 2089 5177 ρου
2130 5106 2331 5177 μύθους
2367 5106 2521 5169 τινὰς
2548 5106 2916 5176 πλασάμενος,
2946 5107 3043 5160 καὶ
3077 5105 3387 5177 κομπώδεις
3409 5106 3584 5178 ἀλλη-

1993 5200 2201 5270 γορίας.
2251 5200 2346 5263 Et;
2396 5199 2531 5253 ἄλλα
2573 5199 2629 5252 δὲ
2670 5199 2813 5251 πόσα
2840 5199 2860 5226 “
2906 5198 3013 5252 ἀπὸ
3055 5198 3154 5268 τῆς
3194 5198 3417 5269 Γραφῆς
3451 5216 3582 5254 συν-

1990 5290 2167 5354 έταξε,
2202 5289 2450 5361 ψαλμούς
2477 5307 2537 5342 τε
2581 5289 2808 5353 πολλοὺς
2864 5291 3223 5361 νεωτερικοὺς
3271 5291 3576 5347 ἐπλάσατο.

2000 5384 2291 5455 ,Εμψύχων
2340 5401 2400 5435 τε
2443 5382 2630 5436 πολλοὶ
2680 5382 2745 5446 ἐξ
2789 5380 2971 5436 αὐτῶν
3021 5384 3083 5434 οὐ
3129 5383 3418 5453 μετέχουσι
3462 5385 3580 5439 τῶν

303 5477 382 5533 ris
413 5495 427 5532 :
460 5476 660 5547 quibus
686 5483 741 5529 et
765 5476 1004 5545 psalmos
1029 5475 1297 5545 quosdam
1326 5475 1565 5531 novitios
1595 5490 1625 5529 a
1655 5490 1716 5531 se
1747 5491 1881 5532 con-

2030 5476 2253 5549 ληθινῶν
2275 5475 2452 5530 αὐτῶν
2488 5475 2580 5528 τοῦ
2609 5474 2897 5545 δόγματος.
2935 5474 2994 5528 'O
3024 5475 3081 5527 δὲ
3123 5474 3371 5546 ’ἱέρακας
3403 5477 3577 5541 αὐτὸς

371 5720 390 5755 ³
431 5718 474 5774 ll
504 5718 645 5775 Tim.
690 5736 748 5789 ιι,
770 5718 823 5775 5.
908 5721 928 5751 ²
960 5718 1120 5775 Rom.
1152 5735 1269 5788 vui,
1294 5718 1385 5775 26.

1498 5722 1518 5754 ³
1552 5720 1718 5778 Hebr.
1750 5738 1847 5789 vu,
1880 5724 1935 5781 3.
2005 5723 2027 5758 ⁸
2056 5723 2188 5779 ibid.
2258 5725 2279 5757 ⁵
2304 5724 2436 5780 ibid.
2512 5726 2534 5758 ⁸
2558 5723 2685 5782 For.
2720 5724 2875 5779 ποσά.
