3826 6206
254 251 362 311 I77

873 261 1238 320 ADVERSUS
1274 263 1620 322 IUERESES
1655 267 1782 324 LIB.
1822 267 1837 324 1

1945 267 2092 328 ΓΟΜ.
2133 269 2198 323 ll”.
2221 298 2291 310 —
2319 267 2592 324 ΗᾹΞΚΕΞ.
2633 267 2836 323 LXVII.

3411 261 3526 320 178’-

253 372 334 442 τῷ
367 373 468 445 μὲν
493 373 604 431 ὄντι
631 377 832 452 πολλὴν
851 377 964 452 εἶχε
992 383 1092 456 τὴν
1123 385 1355 458 ἄσκησιν
1375 402 1388 416 ·
1423 387 1470 440 oi
1503 388 1560 442 δὲ
1599 389 1712 458 μετ’
1737 389 1834 440 αὐ-

1945 390 2080 444 rlitos
2114 389 2332 459 adjecit.
2373 387 2476 454 Qui
2517 389 2664 443 ill-ius
2709 394 2914 442 sectam
2947 399 3076 441 vere
3135 395 3192 440 et
3223 399 3288 439 ex
3328 385 3527 438 animo

253 461 346 516 τὸν
403 466 570 519 αὐτοῦ
626 469 868 542 μαθηταὶ
917 471 1035 527 καθ’
1085 475 1392 548 ὑπόκρισιν.
1445 478 1678 542 Ἐκεῖνος
1732 478 1831 548 μὲν

252 553 515 628 ἀπείχετο
555 560 771 618 πάντων
815 564 1144 636 βρωμάτων,
1202 569 1294 620 καὶ
1330 569 1548 638 ἠσκεῖτο
1593 569 1686 622 καὶ
1723 569 1831 624 ἀπὸ

251 647 422 702 οἴνου.
460 650 596 706 Φασὶ
641 651 698 704 δέ
729 671 876 718 τινες
912 657 1040 726 περὶ
1072 659 1236 712 αὐτοῦ
1261 698 1276 722 ,
1309 660 1388 712 δτι
1411 699 1426 724 ,
1461 659 1603 729 ὑπὲρ
1651 659 1834 730 ἐνενή-

253 755 423 794 κοντα
436 741 532 813 ἐτη
555 742 774 811 βιώσας,
799 745 903 810 ἕως
936 749 1034 818 τῆς
1057 749 1274 818 ἡμέρας
1305 745 1372 820 ἧς
1402 749 1655 804 ἐτελεύτα
1676 749 1836 802 ἐκαλ-

252 831 532 903 λιγράφει.
584 835 965 908 Καλλιγράφος
1025 839 1134 912 γὰρ
1190 837 1274 912 ἦν.
1311 842 1509 911 Ἔμενε
1537 841 1646 912 γὰρ
1671 839 1834 894 αὑτοῦ

257 922 532 986 συνεστὼς
553 927 584 978 ὁ
614 926 908 998 ὀφθαλμός.

1935 479 2284 550 proﬁtentur,
2333 479 2577 548 plerique
2620 478 2691 532 ab
2723 476 2978 532 animatis
3023 474 3319 529 abstinent.
3373 471 3524 528 Nam-

1933 569 2084 640 quod
2111 570 2180 626 ad
2208 569 2492 624 llieracam
2525 569 2701 639 ipsum
2745 569 3000 640 pertinet.
3041 581 3284 622 severam
3320 565 3512 619 admo-

1939 663 2068 716 dum
2099 661 2222 716 vitte
2263 661 2606 732 disciplinam
2628 661 2908 722 adhibuit.
2941 659 3046 715 Sed
3077 659 3172 730 qui
3205 665 3329 728 post
3357 657 3510 711 illum

1933 753 2196 808 exstitere
2231 752 2484 822 discipuli
2537 751 2670 805 nihil
2723 759 2921 822 praeter
2957 749 3359 806 simulationem
3410 747 3510 800 ha-

1941 840 2196 894 buerunt.
2249 840 2476 896 Constat
2525 840 2675 895 illum
2739 841 2807 895 ab
2847 840 3048 896 eduliis
3099 839 3355 894 omnibus
3405 839 3510 894 sibi

1937 938 2300 1000 temperasse.
2355 933 2601 1001 adeoque
2649 946 2841 988 severe
2885 931 3111 994 vixisse,
3169 935 3230 984 ut
3279 936 3334 984 et
3383 929 3512 983 vino

255 1025 490 1074 careret.
525 1019 792 1080 Auctores
831 1025 1079 1080 nonnulli
1125 1033 1276 1092 sunt,
1303 1042 1428 1082 eum
1471 1027 1614 1080 ultra
1637 1040 1812 1082 annos
1841 1027 2136 1096 nonaginta
2174 1027 2396 1091 vixisse,
2437 1025 2492 1080 et
2517 1025 2586 1079 ad
2613 1033 2916 1080 extremum
2957 1025 3080 1078 vitae
3099 1031 3315 1092 tempus
3344 1019 3514 1076 libros

253 1108 552 1177 antiquarii
603 1126 754 1167 more
792 1113 1104 1184 scripsisse.
1137 1115 1422 1174 Librarius
1463 1121 1608 1171 enim
1635 1123 1694 1170 et
1719 1115 1936 1184 quidem
1973 1117 2182 1186 peritus
2209 1115 2330 1181 fuit,
2367 1131 2470 1171 nec
2501 1117 2696 1170 oculus
2723 1116 2773 1170 ei
2805 1115 3079 1185 caligavi-t.

325 1203 400 1255 ΔΖ
425 1203 562 1274 Φέρε
590 1203 646 1256 δὲ
674 1205 1126 1278 διασκοπήσωμεν
1157 1209 1252 1262 καὶ
1275 1209 1342 1262 τὰ
1370 1209 1560 1262 τούτου
1593 1207 1828 1274 ζιζάνια,

253 1293 390 1364 ποίᾳ
437 1294 637 1366 διανοίᾳ
675 1296 832 1365 λόγου
863 1297 1044 1352 θεῖκοῦ
1080 1300 1404 1370 συνάψωμεν
1451 1301 1544 1354 καὶ
1577 1299 1831 1368 ἐξαφανί-

254 1399 442 1452 σωμεν
485 1384 604 1437 τόδε
646 1384 848 1438 ἰοϐόλον
879 1385 1038 1440 τοῦτο
1071 1389 1319 1459 ἑρπετὸν,
1372 1387 1633 1460 σκορπίου
1672 1387 1828 1458 δίκην

253 1471 414 1546 [τῶν]
442 1474 750 1546 ἔμπροσθεν
773 1479 867 1530 καὶ
893 1479 1124 1534 κατόπιν
1159 1483 1336 1542 παῖον,
1366 1479 1472 1532 ἀπὸ
1506 1479 1599 1534 δύο
1624 1479 1826 1550 Διαθη-

253 1563 370 1652 κῶν
416 1565 593 1636 ἑαυτῷ
639 1567 987 1640 ἐπισωρεύων
1033 1567 1103 1622 τὰ
1143 1569 1277 1640 πρὸς
1329 1569 1559 1640 βλάϐην·
1605 1569 1834 1652 οὑχμὶις

2011 1207 2101 1264 ιν.
2143 1207 2300 1262 Nunc
2331 1207 2399 1262 ab
2427 1221 2493 1261 eo
2521 1207 2875 1262 disseminata
2919 1205 3130 1263 zizania
3189 1204 3516 1260 considere-

1939 1315 2086 1364 mus,
2109 1313 2344 1368 quanam
2393 1297 2647 1352 videlicet
2689 1297 2862 1352 divini
2910 1295 3059 1352 verbi
3091 1297 3365 1352 sententia
3417 1311 3514 1352 ve-

1937 1398 2195 1448 nenatum
2247 1390 2394 1444 hunc
2425 1397 2729 1460 serpentem
2787 1391 3162 1459 constringere
3211 1396 3378 1458 atque
3417 1403 3512 1444 ει-

1933 1483 2214 1552 stinguere
2241 1480 2539 1552 possimus,
2569 1481 2662 1550 qui
2684 1481 2890 1549 scorpii
2925 1481 3099 1536 instar
3125 1479 3386 1535 anteriori
3413 1495 3518 1550 po-

1941 1573 2272 1642 steriorique
2297 1582 2448 1641 parte
2491 1571 2637 1634 ferit,
2681 1571 2786 1626 hoc
2812 1579 2916 1635 est,
2949 1587 3015 1629 ex
3051 1581 3286 1641 utroque
3315 1569 3514 1626 Testa-

253 1651 472 1722 ἔχουσιν
515 1656 564 1706 οἱ
615 1653 745 1708 θεῖοι
775 1655 944 1724 λόγοι,
993 1653 1105 1710 ἀλλ’
1139 1655 1218 1718 ὡς
1261 1659 1294 1728 ή
1343 1651 1836 1728 παραπεποιημένη

1945 1673 2126 1720 mento
2165 1679 2298 1734 quae
2337 1673 2466 1722 sunt
2515 1664 2764 1720 nocitura
2817 1663 3060 1732 colligit;
3112 1679 3234 1733 quae
3284 1677 3394 1716 non
3447 1677 3514 1716 eo

252 1744 437 1796 αὐτῶν
487 1744 662 1799 ἔννοια
707 1746 776 1800 τὰ
818 1747 1056 1816 φωτεινὰ
1101 1746 1390 1810 σκοτεινῶς
1429 1746 1704 1800 διενοεῖτο.
1757 1744 1834 1797 Οὐ

259 1838 510 1906 μεμπτλν
534 1837 643 1910 γὰρ
673 1838 734 1891 τὸ
767 1839 910 1908 μέλι,
939 1837 1062 1892 οὔτε
1095 1839 1442 1911 πικρότατον,
1469 1837 1590 1914 ορδὲ
1625 1838 1681 1889 αἱ
1707 1837 1837 1890 ἐδω-

254 1928 348 1980 δαὶ
365 1930 432 1981 ὲκ
459 1929 592 1981 Θεοῦ
620 1930 936 2000 ἐκτισμέναι
966 1931 1021 1982 αἱ
1047 1929 1321 1994 καλλίους,
1345 1929 1616 1998 διδόμεναι
1649 1928 1706 1980 δέ
1728 1943 1835 1982 τινι

257 2021 576 2092 πυρέττοντι
617 2024 807 2092 πικραὶ
859 2024 917 2075 ἑν
955 2021 1033 2092 τῷ
1063 2022 1289 2092 στόματι
1323 2020 1502 2074 αὐτῶν
1537 2019 1834 2088 φαίνονται.

253 2111 322 2163 οὐ
355 2111 466 2164 τῶν
495 2111 664 2182 ἡδέων
695 2113 1190 2184 πεπικραμμένων,
1247 2113 1382 2166 ἀλλὰ
1425 2111 1520 2164 τοῦ
1565 2111 1837 2182 γεύματος

255 2200 354 2254 τοῦ
405 2203 762 2274 πυρέττοντες
809 2205 1186 2276 πικραίνοντος
1231 2205 1300 2258 τὰ
1356 2201 1506 2274 αὐτῷ
1557 2202 1832 2272 διδόμενα.

255 2291 420 2346 οὕτω
447 2293 540 2348 καὶ
567 2295 672 2358 πᾶς
703 2312 784 2360 τις
809 2295 918 2348 ἀπὸ
955 2297 1054 2366 τῆς
1079 2295 1342 2366 ἀληθείας
1375 2293 1557 2348 πεσὼν
1593 2295 1692 2347 οὐκ
1731 2293 1839 2348 ἀπὸ

255 2384 360 2454 τῆς
391 2385 643 2456 ἀληθείας
672 2385 948 2457 ﬁnitae-cat
969 2429 981 2442 .
1026 2387 1161 2440 ἀλλὰ
1187 2386 1285 2457 τὴν
1312 2385 1572 2457 ἀλήθειαν
1621 2388 1839 2456 πικροῖς

255 2465 612 2550 διανοήμασιν
660 2478 956 2546 ἐγεύσατο,
993 2479 1088 2532 καὶ
1134 2481 1212 2542 εἰς
1242 2478 1465 2548 πικρίας
1513 2476 1661 2548 αὐτῷ
1703 2493 1838 2548 μετ-

259 2569 492 2642 εϐλήθη.
517 2570 740 2642 Ίδωμεν
767 2570 823 2622 δὲ
847 2572 974 2642 περὶ
997 2570 1102 2624 τῶν
1123 2571 1350 2623 παιδίων
1372 2569 1420 2624 τί
1440 2569 1690 2639 εἴπωμεν
1710 2569 1838 2640 περὶ

257 2660 370 2713 τῶν
414 2660 860 2715 ἀποκτανθέντων
897 2661 1058 2725 εὐθὺς
1084 2664 1142 2716 ὲν
1169 2661 1414 2733 Βηθλεὲμ
1439 2661 1538 2730 τῆς
1574 2659 1838 2724 Ἰουδαίας

257 2751 351 2804 διὰ
377 2752 644 2822 Χριστόν;
677 2748 822 2822 Ἀρα
849 2751 1124 2822 βασιλείας
1149 2753 1555 2830 οὐρανῶνιείσιν
1583 2753 1840 2823 ἀμέτοχοι

257 2845 311 2894 οἱ
344 2841 594 2906 τοιοῦτοι,
639 2843 672 2913 ἢ
723 2845 1046 2916 μετέχουσι.;
1081 2845 1386 2914 Μετέχουσι
1428 2845 1527 2916 μὲν
1557 2840 1650 2898 οὖν
1689 2843 1842 2908 ὄντες

263 2935 562 3002 ἄμεμπτοι.
611 2933 673 2987 Ei
713 2939 818 3006 γὰρ
859 2936 957 2988 οὐκ
986 2936 1092 2987 εἰσὶ
1132 2935 1376 3006 μέτοχοι,
1415 2935 1521 3005 ἄρα
1555 2921 1840 3006 παραίτιος

1937 1769 2102 1810 sensu
2138 1755 2358 1826 accipit,
2407 1771 2520 1825 quo
2563 1755 2620 1808 in
2669 1753 2874 1810 divinis
2921 1753 3144 1808 Litteris
3184 1753 3526 1823 panduntur,

1939 1847 2031 1902 sed
2063 1863 2162 1918 pro
2193 1863 2258 1904 eo
2285 1862 2350 1902 ac
2373 1862 2634 1918 perversa
2659 1861 2828 1900 mens
2846 1843 3013 1908 illius,
3046 1861 3174 1915 quae
3203 1845 3514 1900 clarissima

1938 1951 2002 1990 ac
2031 1937 2318 2006 perspicua
2351 1944 2502 2000 sunt,
2542 1935 2776 1990 obscure
2827 1945 2891 1990 ac
2948 1935 3287 1991 tenebricose
3331 1936 3516 2004 capie-

1937 2024 2050 2080 bat.
2099 2023 2288 2095 Neque
2317 2026 2462 2080 enim
2509 2023 2928 2094 vituperandum
2977 2025 3104 2091 mel,
3137 2032 3230 2078 aut
3263 2037 3514 2079 amarum

1937 2125 2041 2180 est,
2073 2131 2174 2172 nec
2205 2114 2622 2184 quuisitissimi
2655 2113 2860 2184 quique
2890 2113 3021 2177 cibi,
3055 2129 3290 2184 quorum
3325 2123 3516 2172 auctor

1939 2205 2080 2262 Deus
2123 2214 2208 2261 est
2237 2225 2250 2260 :
2283 2205 2450 2262 iidem
2485 2213 2690 2272 tamen,
2741 2205 2789 2260 si
2831 2203 2969 2260 febri
3005 2204 3380 2264 laborantibus
3419 2207 3510 2262 de-

1939 2296 2106 2362 deris,
2143 2297 2318 2351 amari
2348 2297 2402 2350 in
2428 2295 2646 2352 illorum
2688 2309 2786 2350 ore
2821 2295 3174 2358 videbuntur,
3209 2311 3316 2350 non
3365 2297 3520 2368 quod

1940 2390 2154 2444 illorum
2189 2389 2432 2446 suavitas
2473 2389 2842 2445 amaritudine
2883 2388 2992 2443 ulla
3026 2386 3235 2444 suﬁusa
3273 2389 3367 2452 sit,
3418 2389 3514 2444 sed

1939 2480 2084 2551 quod
2145 2489 2472 2550 aegrotorum
2537 2487 2736 2550 gustus
2796 2478 3098 2549 injucundo
3165 2478 3260 2534 illo
3323 2493 3518 2548 sapore

1941 2571 2102 2645 713
2132 2571 2345 2626 oblatos
2373 2569 2527 2625 cibos
2559 2568 2825 2626 infecerit.
2854 2568 2930 2624 lta
2959 2569 3210 2639 quisquis
3236 2584 3266 2624 a
3291 2571 3518 2626 veritate

1942 2665 2180 2726 aberrat,
2235 2675 2586 2732 nequaquam
2629 2661 2698 2716 ab
2754 2675 2818 2716 ea
2868 2660 2922 2716 in
2965 2659 3213 2714 fraudem
3261 2659 3518 2716 inductus

1939 2761 2044 2816 est,
2073 2753 2172 2808 sed
2209 2751 2278 2808 ad
2321 2753 2608 2807 veritatem
2653 2751 3051 2822 degustandam
3107 2752 3253 2805 velut
3297 2766 3518 2808 amaros

1942 2847 2106 2901 animi
2139 2861 2336 2904 sensus
2371 2846 2575 2911 attulit,
2629 2843 2864 2913 ideoque
2909 2827 2965 2898 et
3003 2843 3059 2897 in
3095 2841 3516 2898 amaritudinem

1941 2941 2144 2994 veritas
2184 2948 2268 2993 est
2295 2938 2372 2992 illi
2402 2951 2686 2992 conversa.
2721 2933 2832 3006 Sed
2871 2942 2932 2988 ut
2973 2934 3039 2988 de
3073 2933 3318 3002 puerulis
3346 2932 3518 3003 palis-

259 3024 442 3076 αὐτῶν
485 3027 514 3078 ὁ
555 3025 754 3096 Κύριος
784 3027 1104 3096 γεγένηται·
1143 3027 1209 3078 δι’
1236 3027 1399 3080 αὐτὸν
1432 3026 1541 3098 γὰρ
1569 3027 1837 3082 ἀπεκτάν-

1945 3031 2143 3085 simum
2201 3043 2464 3099 agamus,
2513 3027 2646 3097 quid
2695 3025 2764 3082 de
2823 3025 2932 3082 illis
2983 3021 3264 3088 dicemus,
3313 3023 3408 3094 qui
3459 3024 3517 3077 in

261 3111 457 3183 Θησαν.
494 3113 558 3167 Et
583 3115 638 3167 δὲ
662 3115 1081 3186 ἀπεκτάνθησαν
1123 3115 1188 3170 δι’
1221 3115 1402 3180 αὐτὸν,
1431 3116 1506 3186 μὴ
1538 3115 1840 3184 φθάσαντες

259 3204 656 3272 ἀγωνίσασθαι,
695 3209 832 3278 μήτε
861 3207 1044 3261 λαόείν
1075 3207 1136 3260 τὸ
1178 3205 1448 3278 βραϐεῖον,
1481 3207 1591 3278 ἄρα
1615 3209 1648 3277 ἡ
1675 3205 1838 3262 αὑτοῦ

261 3295 537 3366 παρουσία
561 3297 832 3370 γενομένη
863 3297 1063 3369 μᾶλλον
1088 3300 1168 3360 είς
1200 3297 1404 3367 βλάϐην
1430 3297 1506 3367 τῷ
1538 3297 1729 3370 κόσμῳ
1753 3298 1842 3367 γέ-

261 3402 441 3454 γονεν.
478 3387 696 3460 Ἐπειδὴ
725 3389 832 3460 γὰρ
862 3389 1012 3443 αἰτία
1050 3390 1241 3459 γέγονε
1281 3387 1374 3442 τοῦ
1405 3389 1558 3462 ἄωρα
1595 3391 1686 3444 τὸν
1728 3389 1841 3462 βίον

259 3477 335 3531 τὰ
385 3475 558 3550 βρέφη
593 3480 978 3548 μεταλλάττειν
1009 3479 1419 3554 τιμωρηθέντα,
1455 3481 1550 3534 καὶ
1589 3481 1839 3555 βασιλικῇ

261 3568 460 3640 ἀπειλῇ
485 3569 847 3636 ὑποπεσόντα,
888 3571 981 3625 τοῦ
1011 3572 1088 3643 μὴ
1111 3573 1314 3641 φθάσαι
1352 3571 1432 3634 εἰς
1464 3571 1672 3642 ἀγῶνα,
1694 3575 1842 3642 ὅπως

260 3661 600 3730 κομίσωνται
632 3661 700 3716 τὰ
733 3661 987 3736 βραδεῖα.

1945 3121 2256 3178 Bethlehem
2296 3117 2494 3176 ludere
2519 3118 2754 3174 subinde
2781 3125 3004 3190 prapter
3029 3115 3302 3172 Christum
3351 3115 3518 3172 occisi

1947 3213 2113 3270 sunt?
2145 3211 2341 3280 Quaero
2369 3219 2552 3264 utrum
2583 3225 2756 3264 necne
2795 3209 3018 3266 cceleste
3059 3221 3284 3278 regnum
3317 3221 3518 3262 conse-

1945 3303 2058 3358 cuti
2105 3303 2250 3358 sint?
2277 3299 2566 3357 Enimvero
2595 3301 2876 3356 consecuti
2915 3299 2992 3354 illi
3041 3307 3193 3361 sunt,
3227 3305 3414 3370 utpote
3440 3297 3524 3352 la-

1945 3393 2033 3449 bis
2064 3392 2244 3448 omnis
2291 3400 2566 3464 expertes.
2617 3389 2735 3446 Nisi
2790 3391 2936 3446 enim
2976 3389 3109 3444 illud
3159 3387 3520 3452 obtinuerint,

1947 3491 2158 3540 tantum
2207 3483 2314 3538 illis
2368 3483 2570 3538 malum
2620 3481 2884 3538 Dominus
2933 3479 3284 3543 consciverit,
3360 3479 3522 3548 cujus

1945 3589 2114 3630 causa
2144 3574 2319 3630 necati
2347 3584 2492 3628 sunt.
2524 3571 2681 3640 Quod
2713 3572 2760 3628 si
2789 3572 2859 3628 ob
2884 3557 3134 3627 eumdem
3172 3569 3324 3642 prius
3356 3569 3522 3626 inter-

1947 3664 2098 3728 fecti
2126 3671 2273 3728 sunt,
2325 3678 2488 3734 quam
2543 3664 2598 3718 in
2645 3669 2922 3718 certamen
2975 3659 3404 3724 descenderent,
3455 3672 3520 3712 ac

263 3756 560 3823 praemium.
595 3767 1412 3832 assequcrentur,,consequcns
1451 3769 1538 3816 est
1604 3757 1750 3814 illius
1781 3757 2072 3812 adventum
2124 3753 2326 3811 mundo
2357 3756 2538 3828 potius
2575 3753 2960 3812 detrimentum
3025 3751 3296 3813 attulisse,
3370 3765 3514 3820 quo-

261 3844 416 3900 niam
477 3843 695 3914 quidem
744 3860 966 3900 causam
1009 3845 1116 3900 illis
1171 3847 1483 3918 praebuerit,
1544 3861 1644 3902 cur
1685 3853 1741 3902 et
1787 3847 2078 3900 immatura
2125 3851 2303 3900 morte
2350 3845 2517 3898 vitam
2561 3857 2656 3914 per
2696 3841 2960 3914 supplicia
3013 3837 3425 3912 profunderent,
3461 3845 3517 3892 et

263 3936 418 4006 regio
443 3935 800 3991 nihilominus
827 3935 1116 3998 interdicto
1145 3953 1176 3992 a
1207 3939 1504 3994 certamine
1525 3937 1752 4010 perinde
1788 3951 1852 3993 ac
1883 3937 2104 4009 prtemio
2136 3934 2392 4008 prohibiti
2429 3934 2648 3990 fuerint.

341 4031 568 4102 Ἵδωμεν
605 4029 660 4085 δὲ
695 4033 788 4086 καὶ
836 4031 1002 4096 ἄλλας
1051 4032 1302 4106 θεωρίας.
1349 4035 1519 4088 Κάλει
1555 4051 1648 4106 μοι
1674 4033 1841 4086 Σαλο-

271 4121 464 4194 μῶντα
503 4123 594 4176 τὸν
643 4124 911 4194 μακάριον
945 4125 1040 4178 καὶ
1084 4125 1391 4194 σοφώτατον
1438 4125 1574 4197 πρὸς
1621 4125 1840 4195 ἔλεγχον

2019 4031 2126 4088 Sed
2157 4039 2212 4086 et
2243 4031 2346 4085 alia
2381 4040 2640 4100 praeterea
2675 4027 2977 4083 videamus.
3021 4023 3253 4079 Prodeat
3295 4022 3362 4076 ad
3394 4019 3522 4076 Hie-

1947 4137 2129 4178 racam
2177 4123 2328 4177 illum
2374 4119 2722 4178 refutandum
2759 4119 2950 4173 beatus
2985 4130 3048 4170 ac
3083 4113 3536 4184 sapientissimus.

263 4215 364 4272 τοῦ
405 4213 624 4287 Ίέρακα
655 4215 865 4268 τούτου.
890 4215 1079 4288 Δεῦρο,
1103 4217 1394 4288 προφητῶν
1417 4217 1837 4288 μακαριέστατε,

1947 4215 2038 4271 ille
2070 4212 2349 4270 Salomon.
2375 4213 2518 4267 Ades
2551 4212 2735 4282 igitur,
2769 4207 3152 4280 praphetarum
3182 4201 3516 4266 beatissime.

259 4305 502 4360 ἁλαῦὼν
533 4305 684 4378 παρὰ
710 4307 916 4377 Κυρίου
949 4307 1100 4380 χύμα
1135 4307 1360 4381 καρδίας
1392 4309 1486 4362 καὶ
1521 4308 1732 4378 σοφίας,
1765 4307 1842 4371 ὡς

259 4397 364 4468 τὴν
397 4397 582 4466 ἄμμον
614 4396 710 4468 τὴν
754 4397 904 4468 παρὰ
929 4399 988 4452 τὸ
1017 4399 1191 4470 χεῖλος
1237 4401 1336 4471 τῆς
1383 4399 1656 4471 θαλάσσης
1688 4399 1742 4454 τί
1775 4399 1841 4454 ἂν

261 4487 526 4560 περὶτῶν
566 4489 772 4542 παίδων
813 4489 1097 4560 φρονοίης;
1145 4490 1254 4544 Καί
1287 4507 1452 4562 φησι·
1487 4490 1690 4560 Γῆρας
1735 4490 1842 4562 γὰρ

263 4581 480 4650 τίμιον,
507 4581 580 4634 οὺ
611 4579 677 4632 τὸ
713 4583 1116 4649 πολύχρονον,
1148 4582 1287 4636 οὔτε
1319 4583 1540 4652 ἀριθμῷ
1565 4582 1715 4638 ἐτῶν
1739 4601 1844 4652 με-

252 4669 564 4742 μέτρηται.
615 4671 802 4724 Πολιὰ
858 4671 926 4724 δέ
960 4673 1090 4726 ἐστι
1145 4673 1440 4744 φρόνησις
1486 4674 1840 4742 ἀνθρώποις,

259 4762 362 4814 καὶ
409 4761 620 4828 ἡλικία
667 4759 858 4832 γήρως
889 4763 1029 4828 ,ϐίος
1070 4762 1457 4830 ἀκηλίδωτος.
1506 4763 1839 4832 Γενόμενος

261 4851 590 4922 ἄμεμπτος,
635 4851 755 4916 Θεῷ
794 4853 1092 4923 ἠγαπήθη,
1124 4853 1222 4907 καὶ
1251 4851 1362 4915 ζῶν
1399 4853 1626 4924 μεταξὺ
1655 4856 1839 4924 ἁμαρ-

259 4941 473 4996 τωλῶν
519 4941 816 5012 μετετέθη.
872 4943 1154 5014 Ἠρπάγη,
1208 4942 1296 5014 μὴ
1331 4945 1392 5020 ιή
1447 4946 1624 4998 κακία
1655 4945 1840 4999 αὐτοῦ

259 5033 504 5102 ἀλλάξῃ
543 5035 818 5099 σύνεσιν,
863 5034 901 5104 ἢ
939 5034 1120 5102 δόλος
1166 5033 1451 5104 ἀπατήσῃ
1489 5036 1698 5104 ψυχὴν
1743 5038 1844 5089 αὐ·
1889 5103 1892 5106 _

257 5121 390 5176 τοῦ.
419 5123 732 5176 Βασκανία
763 5125 872 5194 γὰρ
891 5124 1266 5195 φαυλότητος
1291 5125 1548 5194 ἀμαυροῖ
1563 5125 1644 5180 τὰ,
1662 5125 1838 5192 καλὰ,

256 5213 360 5266 καί
395 5212 742 5282 ρεμϐασμὸς
772 5207 1085 5284 ἐπιθυμίας
1111 5216 1460 5284 ,μεταλλεύει
1508 5215 1660 5270 νοῦν
1697 5217 1840 5270 ἄκα-

257 5322 392 5359 κον.
433 5307 546 5358 Καὶ
575 5307 658 5359 ὅτι
689 5307 788 5377 μὲν
829 5303 922 5360 οὖν
969 5308 1096 5376 περὶ
1129 5307 1333 5360 παίδων
1363 5306 1530 5376 λέγει,
1565 5307 1692 5377 ἑξῆς
1724 5309 1842 5359 ἐπι-

259 5393 420 5466 φέρει
454 5395 630 5465 λέγων
649 5413 662 5426 ο
725 5397 1056 5464 Τελειωθεὶς
1105 5397 1175 5450 ἐν
1219 5396 1398 5465 ὀλίγῳ
1443 5395 1798 5463 ἐπλήρωσεν
1821 5412 1834 5426 ·

255 5485 349 5540 ενα
381 5493 516 5560 εἴπῃ
539 5504 552 5517 ·
610 5486 954 5558 Τελευτήσας
1003 5489 1118 5551 νέος
1152 5487 1434 5560 ἐπλήρωσε
1461 5487 1680 5558 χρόνους
1732 5503 1836 5558 μα-

333 5637 602 5713 Imilites.
635 5658 708 5710 tv,
724 5643 814 5708 29,
891 5645 911 5675 ³
933 5643 1062 5714 Sep.
1089 5641 1339 5711 tus-12.
1417 5641 1438 5674 ⁸
1463 5641 1602 5697 ibid.
1624 5641 1716 5696 15..

1945 4307 2036 4378 qui
2069 4319 2100 4358 a
2131 4301 2362 4360 Domino
2385 4311 2588 4358 tantam
2641 4299 2824 4357 cordis
2866 4314 2928 4354 ac
2969 4296 3250 4368 sapientiae
3281 4293 3524 4349 latitudie

1943 4413 2066 4454 nem
2099 4403 2296 4450 nactus
2330 4410 2411 4458 es,
2438 4399 2640 4464 quanta
2673 4399 2754 4448 est
2797 4405 3083 4446 arenarum
3132 4389 3185 4443 in
3228 4387 3395 4442 maris
3429 4387 3518 4442 lit-

1944 4495 2064 4542 tore
2100 4489 2149 4553 ¹;
2186 4486 2274 4540 dic
2323 4484 2500 4550 nobis,
2541 4499 2662 4554 quae
2709 4492 2800 4536 tua
2851 4480 2922 4536 sit
2971 4479 3039 4534 de
3085 4477 3268 4550 pueris
3314 4477 3519 4548 opinio.

1947 4577 2046 4632 Hic
2083 4577 2267 4648 igitur,
2325 4573 2596 4638 Senectus.
2637 4571 2844 4642 inquit,
2887 4569 3214 4631 venerabilis,
3251 4585 3355 4621 mm
3407 4567 3521 4620 lon-

1943 4663 2111 4743 gaeva,
2147 4685 2237 4722 nec
2259 4683 2512 4722 annorum
2543 4681 2756 4719 numero
2791 4671 3128 4732 computata;
3161 4659 3379 4714 canities
3404 4674 3521 4712 vero

1944 4761 2224 4833 prudentia
2261 4768 2340 4814 est
2378 4757 2691 4822 hominibus,
2726 4765 2773 4810 et
2806 4765 2936 4810 wtas
2969 4753 3246 4808 senectutis
3285 4751 3390 4803 vita
3419 4751 3524 4802 im-

1946 4853 2233 4909 maculata.
2263 4850 2394 4906 Cum
2425 4853 2536 4906 sine
2567 4847 2960 4918 reprehensione
2988 4851 3142 4908 esset,
3174 4859 3205 4896 a
3249 4841 3358 4894 Deo
3387 4839 3526 4892 dile-

1947 4955 2062 4999 ctus
2091 4953 2190 5008 est,
2237 4953 2284 4996 et
2334 4943 2503 4996 vivens
2543 4941 2678 4996 inter
2729 4947 3026 5008 peccatores
3071 4931 3363 4987 translatus
3420 4937 3520 4993 est,

1948 5045 2131 5106 raptus
2161 5043 2239 5088 est
2279 5050 2344 5088 ne
2373 5033 2581 5087 malitia
2623 5037 2851 5084 mutaret
2879 5025 3218 5088 intellectum,
3247 5030 3340 5074 aut
3368 5019 3524 5073 dolus
3561 5085 3566 5106 ξ

1948 5101 2200 5193 deciperet
2228 5123 2460 5178 animam
2483 5123 2668 5192 ipsius.
2697 5117 3006 5172 Fuscinatio
3034 5115 3217 5185 quippe
3245 5110 3526 5180 nugacita-
3561 5101 3585 5164 ⁵.

1950 5218 2016 5271 tis
2084 5215 2328 5270 obscurat
2373 5215 2526 5277 bona,
2581 5221 2629 5266 et
2689 5209 3042 5264 inconstantia
3093 5201 3522 5274 concupiscentiae

1949 5308 2250 5361 transvertit
2282 5315 2502 5360 mentem
2525 5305 2634 5358 sine
2665 5301 2873 5356 malitia
2901 5301 2943 5354 ¹.
2983 5299 3052 5354 Ut
3080 5304 3258 5352 autem
3291 5295 3358 5350 de
3389 5307 3522 5368 pue-

1945 5397 2024 5451 ris
2051 5397 2195 5467 loqui
2225 5395 2374 5450 illum
2425 5401 2715 5466 appareat,
2760 5392 2945 5448 statim
2995 5389 3226 5460 adjicit:
3262 5385 3522 5441 Consum-

1947 5496 2120 5541 matus
2157 5487 2213 5541 in
2245 5486 2382 5541 brevi
2417 5485 2636 5554 expleuit
2675 5485 2716 5550 ⁸,
2748 5483 2905 5555 quasi
2939 5471 3083 5539 dicat
3113 5499 3128 5536 :
3159 5477 3405 5548 Mortuus
3427 5475 3520 5546 ius
