3826 6206
191 270 292 329 181

785 275 1159 335 ADVERSUS‘
1190 279 1537 339 HERESES
1576 283 1702 339 LIB.
1753 283 1820 337 ll.
1865 280 2032 339 ἸὈΜ.
2071 282 2518 343 Il.—-H}ERES.
2559 286 2765 344 LXV“.

3368 283 3470 340 132

186 389 504 456 Γαλιλαίας,
533 391 620 445 ἴνα
650 393 749 464 τὴν
784 394 882 465 μὲν
929 397 1228 468 παρθενίαν
1269 401 1480 476 τιμήσῃ
1518 400 1608 454 διὰ
1639 402 1697 453 ἀι

1954 401 2165 456 ritatem
2187 401 2495 472 disputant.
2528 404 2670 469 Quin
2698 411 2753 457 et
2786 402 2894 457 illic
2937 400 3079 470 apud
3122 399 3323 455 Canam
3355 397 3465 454 Ga-

189 485 442 554 κυὴσεως
475 486 571 538 καὶ
608 486 785 554 φωτὸς
821 487 982 560 βολῆς
1014 490 1116 560 τῆς
1161 491 1229 544 δι’
1278 493 1452 564 αὐτῆς
1495 493 1779 548 ἀνατειλὰο

188 594 312 647 σης,
366 577 462 630 τὸν
500 578 558 632 δὲ
606 581 802 651 σεμνὸν
841 582 1014 654 γάμον
1050 586 1257 657 τιμήσῃ
1293 585 1380 639 διὰ
1430 585 1540 640 τῶν
1587 586 1780 657 θεοση-

189 666 386 736 μείων,
419 669 479 720 έν
512 670 625 732 τοῖς
674 669 874 740 γάμοις
913 672 1128 743 πρῶτον
1165 674 1504 740 ἐπιτελέσας,
1543 675 1604 727 τὸ
1637 674 1782 746 ὕδωρ

187 761 269 821 είς
301 760 544 831 ἄκρατον
578 762 920 832 μεταϐαλών.
988 764 1264 829 Ὡσαύτως
1306 767 1364 819 δὲ
1409 769 1459 819 εί
1502 766 1782 837 ἀλλότριος

187 841 258 917 ἦν
288 849 317 899 6
347 849 548 919 γάμος,
586 850 702 913 πῶς
737 853 1106 922 παραγγέλλει
1135 857 1164 908 ό
1196 855 1304 907 τῶν
1329 854 1498 909 ἐθνῶν
1524 856 1784 910 διδάσκα-

187 937 302 1002 λος,
333 939 412 999 ὡς
452 941 639 1009 λέγει·
692 944 996 1012 Νεωτέρας
1049 946 1241 1015 χήρας
1271 947 1582 1016 παραιτοῦ.
1625 947 1788 1003 Μετὰ

186 1029 302 1098 τὰρ
356 1029 426 1082 τὸ
481 1033 1000 1102 καταστρηνιάσαι
1063 1037 1166 1091 τοῦ
1224 1037 1521 1106 Χριστοῦ,
1577 1038 1786 1109 γαμεῖν

187 1121 535 1187 ἐθέλουσιν,
549 1121 802 1192 ἔχουσαι
833 1124 1031 1196 κρῖμα,
1061 1126 1149 1180 ὅτι
1175 1126 1291 1196 τὴν
1315 1128 1556 1198 πρώτην
1578 1132 1787 1185 πίστιν

189 1210 540 1280 ήθέτησαν;
601 1213 666 1266 Τί
719 1210 809 1268 οὖν
871 1233 1070 1288 φησιν;
1138 1219 1323 1274 Ἀλλὰ
1385 1222 1783 1291 γαμείτωσαν,

192 1305 764 1374 τεκνοιγονείτωσαν,
819 1307 1452 1366 οὶκοδεσποτείτωσαν.
1508 1314 1573 1366 Εἰ
1604 1315 1785 1369 τοίνυν

190 1393 369 1448 ταῦτα
403 1395 788 1467 παραδέχεται,
822 1399 942 1464 πῶς
982 1403 1132 1472 παρὰ
1182 1403 1286 1464 σοὶ,
1350 1405 1588 1475 Ἰέρακα,
1625 1409 1653 1460 ὁ
1682 1409 1784 1476 γά-

193 1503 292 1555 μος
322 1487 479 1540 ἐστὶν
508 1488 900 1561 ἐκϐαλλόμενος
932 1493 1068 1563 μετὰ
1113 1493 1208 1565 τὴν
1236 1495 1500 1567 ἔνσαρκον
1542 1499 1782 1570 Χριστοῦ

192 1579 502 1648 παρουσίαν
520 1597 536 1647 ;

1879 491 2050 556 lilzeaz,
2079 493 2314 562 primum
2337 494 2553 564 signum
2585 494 2714 550 fecit
2733 503 2786 548 et
2811 493 2868 548 in
2895 492 3080 548 vinum
3108 505 3305 562 aquam
3335 505 3468 547 con-

1880 585 2100 638 vertit‘.
2152 583 2288 639 Nam
2340 595 2398 640 ut
2431 595 2586 640 ortus
2629 603 2692 642 ex
2733 584 2894 656 715
2925 583 3147 657 Virgine
3176 583 3373 648 fuerat,
3408 593 3470 638 ut

1879 677 2002 731 orbi
2032 686 2299 732 terrarum
2348 679 2637 734 excitatam
2686 694 2752 732 ex
2786 677 3009 748 Virgine
3054 677 3230 731 lucem
3279 684 3466 732 osten-

1882 770 2035 825 deret
2065 789 2079 825 :
2114 771 2188 825 ita
2217 779 2272 826 et
2299 773 2532 842 primum
2567 772 2892 825 miraculum
2925 769 3245 840 nuptiarum
3269 769 3322 822 in
3351 783 3469 838 gra-

1884 863 2017 916 tiam
2045 865 2188 933 apud
2214 864 2419 919 Canam
2457 863 2690 918 Galilaaa:
2720 862 2900 918 facere
2927 862 3115 917 voluit.
3146 861 3282 928 Quo'
3300 862 3466 914 nimi—

1882 972 2005 1011 rum
2038 965 2094 1012 et
2122 957 2426 1029 virginitati
2449 972 2610 1014 suum
2642 957 2734 1012 illo
2765 963 2945 1027 partu,
2973 956 3224 1024 lucisque
3244 967 3369 1024 quae
3399 967 3464 1007 ex

1884 1047 1975 1101 illa
2003 1048 2297 1118 prodierat,
2327 1049 2621 1104 emissione
2655 1048 2916 1102 honorem
2966 1045 3249 1106 tribueret,
3278 1049 3334 1098 et
3365 1043 3467 1098 ho-

1883 1145 2071 1193 nestas
2109 1141 2328 1209 nuptias
2373 1139 2636 1210 prodigiis
2678 1153 2742 1193 ac
2791 1138 3070 1194 miraculis
3119 1137 3464 1191 illustraret:

1885 1227 2084 1298 quibus
2115 1229 2349 1298 primum
2374 1231 2632 1285 mutanda
2667 1230 2722 1284 in
2751 1231 2937 1285 vinum
2971 1245 3112 1300 aqua
3142 1229 3468 1284 miraculum
3528 1262 3534 1266 -

1884 1327 1969 1374 est
2005 1320 2247 1376 molitus.
2283 1320 2362 1375 Ad
2404 1321 2518 1376 haec
2561 1321 2607 1377 si
2653 1321 3025 1377 abalienanda:
3068 1320 3246 1376 forent
3286 1320 3356 1375 ab
3401 1333 3471 1375 eo

1885 1413 2108 1483 nuptias,
2135 1430 2398 1484 quorsum
2431 1415 2505 1469 ita
2533 1416 2773 1486 gentium
2819 1416 3078 1486 magister
3105 1415 3425 1486 praeciperet
3451 1433 3467 1468 :

1883 1504 2133 1560 Iuniores
2180 1505 2368 1560 viduas
2412 1507 2605 1576 rejice;
2663 1516 2941 1577 postquam
2999 1507 3136 1560 enim
3183 1506 3474 1560 luxuriata:

1886 1597 2082 1666 fuerint
2137 1598 2190 1650 in
2243 1596 2534 1662 Christum,
2576 1597 2768 1653 nubere
2813 1598 3014 1662 volunt,
3049 1597 3295 1650 habentes
3320 1595 3474 1665 judi-

186 1673 349 1736 cium,
384 1675 633 1742 quoniam
652 1677 880 1744 primam
910 1679 1066 1748 fidem
1100 1683 1312 1736 irritam
1341 1683 1630 1750 fecerant’.
1663 1686 1804 1754 Quid
1825 1691 1989 1762 igitur
2013 1692 2206 1762 jubet?
2240 1691 2481 1757 Nubant,
2521 1694 2717 1766 inquit,
2743 1694 2886 1763 ﬁlios
2916 1706 3208 1761 procreent,
3241 1702 3472 1745 matres-

188 1768 435 1836 familias
466 1771 622 1826 sint‘.
651 1771 782 1837 Qua:
811 1787 935 1826 cum
969 1775 1218 1843 Apostoli
1257 1778 1580 1835 auctoritate
1621 1785 2066 1853 comprobentur,
2105 1801 2203 1840 cur
2234 1803 2263 1840 a
2303 1794 2376 1851 te,
2411 1802 2444 1841 ο
2477 1785 2727 1851 Hieraca,
2757 1797 2878 1857 post
2900 1785 3104 1842 Christi
3131 1783 3348 1839 Domini
3372 1783 3472 1840 ad-

184 1868 414 1916 ventum
445 1863 496 1914 in
525 1876 689 1917 carne
721 1863 922 1932 nuptiae
947 1863 1412 1921 condemnamur?

259 1956 336 2008 Z'.
377 1957 513 2025 Περὶ
559 1955 616 2009 δὲ
671 1956 764 2009 τοῦ
813 1957 1143 2029 Μελχισεδὲκ
1194 1962 1448 2030 φάσκεις,
1495 1964 1577 2018 ὅτι
1610 1965 1770 2030 αὑτός

1963 1970 2059 2027 νιι.
2092 1971 2167 2028 De
2185 1971 2576 2029 Melchisedeco
2599 1973 2743 2043 quod
2765 1972 2991 2031 asseris.
3027 1971 3288 2042 Spiritum
3318 1972 3474 2028 illum

188 2047 305 2098 ἐστι
333 2045 401 2098 τὸ
441 2047 666 2118 Πνεῦμα
687 2068 701 2081 ο
731 2050 911 2103 τοίνυν
946 2047 1078 2121 ἦλθε
1113 2054 1176 2106 τὸ
1209 2055 1454 2127 Πνεῦμα,
1484 2057 1580 2110 καὶ
1625 2058 1785 2112 ἔλαϐε

191 2138 401 2208 σάρκα.
444 2137 642 2192 Οὐκέτι
693 2134 785 2193 οὖν
835 2142 864 2194 6
909 2143 1224 2215 Μονογενὴς
1275 2145 1434 2214 μόνος
1462 2148 1785 2221 γεγέννηται

189 2229 334 2284 κατὰ
375 2229 578 2300 σάρκα,
605 2230 739 2286 ἀλλὰ
770 2231 866 2285 καὶ
891 2232 952 2286 τὸ
994 2233 1240 2305 Πνεῦμα.
1273 2236 1334 2289 El
1365 2237 1422 2290 δὲ
1457 2238 1786 2312 γεγέννηται

194 2322 343 2372 κατὰ
387 2320 568 2391 σάρκα
593 2321 653 2374 τὸ
689 2320 932 2392 Πνεῦμα,
971 2322 1077 2377 ἰδοὺ
1110 2326 1144 2395 ἡ
1187 2327 1376 2398 Μαρία
1418 2330 1452 2399 ἡ
1479 2333 1788 2402 γεννήσασα

192 2413 282 2466 τὸν
319 2413 574 2485 Σωτῆρα,
631 2413 834 2482 λεγέτω
868 2414 1136 2486 Ὶέρακας,
1187 2417 1290 2470 ποῦ
1343 2418 1552 2493 ἔστινὴ
1595 2424 1790 2495 γεννή-

196 2522 338 2557 σασα
370 2504 432 2558 τὸ
460 2503 718 2576 Πνεῦμα;
775 2507 887 2560 Καὶ
935 2508 996 2561 τὸ
1039 2511 1247 2574 είπεῖν,
1310 2515 1790 2587 Ἀςρωμοιωμένος

195 2596 275 2661 τῷ
323 2595 434 2662 Υἱῷ
487 2599 594 2652 τοῦ
640 2599 788 2654 Θεοῦ
826 2602 996 2670 μένει
1029 2603 1225 2670 ἱερεὺς
1253 2607 1340 2672 εις
1373 2607 1439 2660 τὸ
1489 2607 1786 2677 διηνεκὲς,

194 2689 381 2743 οὐκέτι
409 2690 538 2761 περὶ⁹
576 2690 892 2761 Πνεῦματος
923 2693 1077 2759 ἁγίου
1107 2696 1136 2747 6
1165 2694 1342 2763 λόγος.
1375 2698 1448 2750 Οὐ
1475 2699 1583 2770 γὰρ
1614 2695 1787 2764 εἶπεν,

193 2782 383 2852 ὅμοιον
408 2781 488 2852 τῷ
515 2782 630 2854 Υίῷ
653 2782 748 2837 τοῦ
766 2783 923 2848 Θεοῦ,
939 2785 1096 2852 ἀλλὰ,
1111 2786 1596 2859 ἀφωμοιωμένον.
1616 2791 1690 2846 Τὸ
1707 2792 1786 2856 δὲ,

194 2874 682 2943 ἀφωμοιωμένον,
733 2876 1026 2947 μετέπειτα
1104 2878 1218 2949 ἔχει
1285 2880 1386 2952 τὴν
1436 2883 1680 2956 ἀγωγήν.
1726 2885 1790 2939 Et

193 2964 254 3028 δὲ.
315 2965 460 3036 μετὰ
504 2967 595 3020 τὸν
642 2969 834 3039 χρόνον
872 2968 966 3022 τοῦ
1006 2969 1257 3042 Ἀϐραὰμ
1285 2972 1346 3026 τὸ
1398 2973 1623 3045 Πνεῦμα
1681 2975 1790 3044 ἀφ-

195 3059 496 3128 ομοιοῦται.
546 3059 624 3131 τῷ
672 3061 917 3134 Χριστῷ,
970 3062 1078 3134 ἄρα
1099 3064 1200 3120 οὐκ
1248 3060 1317 3135 ἦν
1369 3085 1533 3121 ποτε·
1569 3068 1666 3121 καὶ
1703 3067 1792 3123 διὰ

194 3150 360 3204 τοῦτο
393 3152 750 3222 ἁφομοιοῦται
781 3154 859 3222 τῷ
906 3157 1022 3227 Υίῷ
1070 3158 1165 3214 τοῦ
1209 3160 1366 3215 Θεοῦ.
1401 3159 1510 3213 Καὶ
1561 3160 1793 3230 ἀπάτωρ

195 3245 320 3308 πῶς
363 3243 592 3297 δύναται
622 3239 797 3311 εἷναι;
835 3248 895 3300 El
930 3249 1028 3318 μὲν
1068 3249 1337 3321 γὰρταῧτδ
1381 3251 1627 3321 ὑπάρχον
1672 3250 1793 3304 ἐστὶ

193 3335 261 3388 τὸ
291 3335 540 3405 Πνεῦμα,
571 3335 666 3389 καὶ
697 3336 796 3390 οὐκ
829 3337 977 3391 ἐστιν
1006 3341 1076 3398 ἐκ,
1095 3339 1193 3411 τῆς
1221 3340 1428 3403 οἰκείας
1456 3340 1646 3404 οὐσίας
1685 3339 1788 3410 τῆς
1819 3327 1860 3384 (ἶ

195 3425 484 3496 θεότητος,
517 3427 744 3491 εἰκότως
769 3428 1000 3500 ἀπάτωρ
1033 3430 1290 3500 δειχθείη.
1318 3431 1428 3484 Καὶ
1453 3431 1563 3502 γὰρ
1589 3429 1667 3502 τῷ
1689 3429 1788 3501 μὲν

191 3516 315 3568 ὄντι
367 3515 663 3588 μονογενὴς
694 3518 722 3569 6
751 3517 900 3583 Υίὸς,
936 3521 1028 3574 καὶ
1075 3519 1302 3588 ἀδελφὸν
1345 3521 1444 3574 οὐκ
1474 3521 1609 3592 ἔχει,
1659 3521 1790 3585 Υἱὸς

192 3607 256 3662 δὲ
286 3606 454 3670 Θεοῦ.
487 3606 650 3668 Ἀλλά
682 3609 783 3666 κάν
806 3627 867 3670 τε
895 3611 956 3672 οὐ
987 3610 1219 3682 λέγομεν
1253 3612 1314 3664 τὸ
1347 3611 1574 3682 Πνεῦμα
1597 3628 1791 3682 γεννη-

191 3699 318 3764 τὸν,
369 3699 560 3772 ἐπειδὴ
605 3701 899 3772 μονογενὴς
951 3703 980 3755 6
1008 3703 1169 3769 Υἱὸς,
1221 3703 1358 3759 ἀλλὰ
1418 3705 1644 3776 Πνεῦμα
1694 3705 1788 3758 τοῦ

193 3790 422 3862 Πατρὸς
482 3792 949 3862 ἐκπορευόμενον,
1001 3795 1096 3847 καὶ
1158 3795 1254 3848 τοῦ
1301 3796 1434 3866 ἐμοῦ
1486 3796 1786 3869 λαμϐάνον,

193 3886 370 3956 φησιν
397 3885 426 3936 6
456 3885 712 3956 Χριστός.
751 3885 825 3940 Τὸ
853 3884 983 3954 γοῦν
1014 3889 1077 3940 ὲκ
1111 3886 1206 3941 τοῦ
1252 3890 1466 3961 Πατρὸς
1494 3893 1791 3963 ἐκπορευό-

195 3996 388 4050 μενον,
418 3979 514 4032 καὶ
551 3979 646 4033 τοῦ
690 3979 825 4050 ἐμοῦ
856 3979 1153 4051 λαμϐάνον,
1189 3983 1418 4055 ἀπάτωρ
1464 3985 1526 4037 οὐ
1565 3985 1795 4040 δύναται

192 4066 364 4123 εἶναι.
401 4069 520 4123 Κᾶν
552 4070 610 4123 δὲ
660 4069 790 4141 εἴπῃ
821 4071 1054 4144 ἀμήτωρ
1083 4073 1140 4125 ὲν
1169 4073 1404 4144 οὐρανῷ,
1430 4076 1526 4129 καὶ
1554 4076 1787 4149 ἀπάτωρ

191 4163 298 4217 ἰπὶ
328 4163 431 4233 τῆς
471 4164 606 4234 γῆς’
647 4163 869 4218 δύναται
899 4165 1010 4238 γὰρ
1033 4165 1196 4220 τοῦτο
1221 4167 1317 4221 καὶ
1358 4169 1452 4221 ἐπὶ
1483 4169 1578 4223 τοῦ
1606 4171 1791 4243 Σωτῆ-

196 4273 300 4328 ρος
329 4255 618 4324 λέγεσθαι’
652 4257 768 4320 πῶς
800 4253 894 4311 οὖν
921 4259 1013 4311 ἐπὶ
1038 4257 1180 4313 τέλει
1214 4261 1244 4314 6
1291 4260 1623 4328 Ἀπόστολοςα
1647 4264 1791 4335 φρά-

1889 2079 2013 2119 esse
2057 2073 2330 2129 sanctum,
2365 2064 2418 2118 id
2469 2064 2516 2120 si
2560 2080 2748 2120 verum
2791 2075 2898 2131 est,
2940 2065 3158 2120 venisse
3186 2062 3472 2135 Spiritum,

1889 2162 1942 2210 et
1984 2169 2204 2210 carnem
2251 2155 2532 2220 induisse,
2582 2170 2692 2209 non
2733 2156 2886 2212 solus
2933 2156 3122 2226 utique
3167 2155 3476 2210 secundum

1888 2261 2107 2302 carnem
2161 2253 2322 2301 natus
2369 2255 2454 2302 est
2501 2244 2694 2309 Filius,
2743 2247 2840 2302 sed
2890 2254 2944 2302 et
2989 2263 3117 2301 cum
3156 2262 3222 2302 eo
3258 2263 3478 2318 quoque

1891 2334 2148 2406 Spiritus.
2189 2337 2345 2404 Quod
2395 2338 2442 2392 si
2484 2338 2786 2393 secundum
2835 2353 3056 2392 carnem
3107 2348 3271 2394 natus
3302 2346 3387 2394 est
3423 2347 3479 2394 et

1891 2427 2147 2498 Spiritus,
2174 2443 2298 2483 cum
2333 2428 2500 2483 Maria
2535 2429 2874 2485 Salvatorem
2905 2429 3159 2492 ediderit,
3190 2430 3340 2485 dicat
3374 2444 3480 2486 no-

1889 2521 1973 2576 bis
2004 2518 2282 2584 Ht'eracas,
2323 2521 2540 2575 ubinam
2572 2521 2815 2589 gentium
2843 2536 2908 2575 ea
2955 2521 3029 2576 sit
3059 2537 3182 2592 qua:
3223 2522 3479 2592 spiritum

1889 2612 2198 2682 pepererit?
2239 2611 2374 2666 Nam
2409 2613 2553 2683 quod
2587 2613 2885 2683 Apostolus
2919 2613 3075 2680 dicit,
3133 2603 3478 2668 Assimilatus

1891 2701 2036 2758 Filio
2088 2703 2180 2758 Dei
2223 2712 2399 2758 manet
2441 2697 2687 2758 sacerdos
2739 2706 2794 2757 in
2843 2715 3099 2759 aeternum
3130 2707 3175 2769 ⁸,
3209 2707 3356 2760 nulla
3395 2713 3479 2759 est

1890 2795 2001 2851 illic
2037 2795 2106 2851 de
2159 2794 2365 2866 Spiritu
2413 2806 2605 2852 sancto
2647 2798 2873 2852 mentio.
2921 2797 3042 2852 Non
3070 2798 3216 2853 enim
3245 2799 3476 2854 similem

1892 2885 2044 2940 illum
2085 2883 2222 2939 Filio
2276 2883 2390 2952 Dei,
2437 2884 2532 2939 sed
2577 2884 2934 2938 assimilatuin
2994 2901 3105 2939 esse
3154 2884 3312 2938 dixit.
3346 2883 3481 2950 Quae

1891 2993 1997 3033 vox
2027 2977 2380 3042 assimilatas,
2419 2975 2693 3046 posterius
2725 2975 2983 3046 quiddam
3015 2985 3075 3028 ut
3107 2975 3481 3044 intelligamus-

1893 3069 2124 3125 inducit.
2156 3069 2233 3124 Ac
2264 3071 2310 3124 si
2343 3077 2467 3138 post
2498 3069 2790 3124 Abrahami
2822 3076 3070 3138 tempora
3097 3067 3318 3122 Christo
3351 3067 3478 3137 Spi-

1893 3161 2035 3215 ritus
2065 3160 2418 3221 assimilatur.
2455 3158 2749 3230 aliquando
2781 3173 2889 3212 non
2933 3157 3205 3212 exstiterit
3241 3164 3478 3226 oportet,

1896 3261 1956 3306 ut
1984 3262 2267 3321 propterea
2296 3249 2389 3306 Dei
2424 3250 2564 3304 Filio
2593 3249 2788 3306 similis
2835 3248 2909 3304 sit
2959 3247 3158 3302 factus.
3197 3245 3317 3301 1am
3357 3247 3479 3302 sine

1897 3352 2052 3412 patre
2079 3357 2202 3396 esse
2235 3343 2328 3410 qui
2359 3341 2575 3411 potest?
2605 3338 2742 3393 Nam
2769 3338 2818 3394 si
2861 3353 2958 3409 per
2996 3353 3116 3393 sese
3138 3345 3284 3392 esset
3301 3334 3479 3406 Spiri-

1897 3443 2010 3497 tus,
2043 3449 2142 3488 nec
2175 3449 2238 3488 ex
2269 3433 2488 3502 pr0pria
2536 3430 2841 3486 divinitatis
2893 3439 3087 3489 natura
3137 3425 3477 3495 procederet,

1897 3527 2089 3581 merito
2119 3525 2236 3581 sine
2266 3523 2426 3579 Patre
2455 3538 2578 3578 esse
2609 3521 2900 3576 diceretur.
2937 3520 3147 3574 Revera
3175 3519 3324 3574 enim
3357 3518 3480 3572 uni-

1897 3618 2113 3688 genitus
2145 3628 2231 3673 est
2256 3613 2452 3682 Filius,
2483 3629 2657 3684 neque
2687 3613 2910 3667 fratrem
2940 3611 3124 3675 habet,
3149 3618 3343 3680 estque
3385 3608 3484 3665 Dei

1897 3709 2087 3765 Filius.
2116 3708 2223 3764 Sed
2252 3709 2352 3763 etsi
2396 3707 2634 3778 genitum
2671 3720 2793 3760 esse
2829 3701 3091 3773 Spiritum
3133 3713 3481 3772 nequaquam

1898 3803 2146 3865 velimus,
2176 3817 2300 3855 cum
2329 3799 2659 3869 ‘unigenitus
2691 3797 2784 3859 sit,
2817 3802 2876 3850 ut
2909 3795 3040 3858 dixi.
3074 3793 3265 3856 Filius,
3291 3806 3480 3847 verum

1901 3894 2138 3966 Spiritus
2202 3894 2273 3949 sit
2314 3906 2345 3946 a
2396 3891 2556 3946 Patre
2601 3889 2903 3961 procedens
2932 3887 2974 3950 ⁸,
3015 3895 3072 3942 et
3115 3885 3184 3940 de
3231 3900 3374 3948 meo,
3423 3889 3481 3937 ut

1897 3987 2102 4044 Christi
2138 3985 2318 4042 verbis
2368 3993 2513 4049 utar,
2562 3984 2836 4053 accipiens
2859 3983 2901 4044 ",
2938 3987 3087 4036 certe
3123 3979 3344 4049 quidem
3385 3976 3480 4048 qui

1897 4089 1957 4137 et
2003 4096 2034 4135 a
2080 4079 2243 4135 Patre
2297 4075 2665 4148 progreditur,
2700 4081 2756 4130 et
2794 4075 2862 4129 de
2914 4087 3036 4128 meo
3085 4071 3309 4141 accipit,
3362 4070 3524 4125 sine.-

1899 4171 2059 4226 Patre
2087 4187 2211 4227 esse
2243 4184 2352 4224 non
2381 4176 2578 4240 potest.
2625 4165 2782 4233 Quod
2825 4165 2870 4219 si
2916 4175 2970 4220 et
3022 4164 3077 4217 in
3110 4163 3250 4217 caelo
3285 4170 3480 4224 matre,

1895 4272 1950 4321 et
1979 4265 2035 4318 in
2059 4270 2204 4318 terra
2234 4271 2388 4332 patre
2425 4275 2614 4316 carere
2654 4257 2874 4320 dixerit,
2910 4265 3091 4327 potest
3134 4262 3188 4308 et
3234 4253 3375 4308 istud
3410 4251 3481 4307 ad
3572 4266 3582 4282 '

193 4348 287 4415 ζει
311 4348 487 4417 λέγων
507 4365 520 4379 ·
570 4349 625 4403 '0
657 4349 726 4402 δὲ
748 4349 835 4420 μὴ
886 4353 1436 4421 γενεαλογούμενος
1478 4353 1548 4418 ἐξ
1592 4357 1704 4409 αὐτ

1973 4358 2232 4411 lvatorem
2260 4354 2576 4428 convenire.
2613 4351 2724 4407 Cur
2770 4351 2934 4420 igitur
2957 4349 3251 4420 Apostolus
3277 4346 3350 4400 ita
3381 4360 3480 4416 po-

69 4499 78 4502 ,
192 4440 570 4496 δεδεκάτωκε
619 4441 726 4496 τὸν
798 4443 1054 4512 Ἀϐραὰμ
1095 4442 1204 4497 τὸν
1264 4445 1580 4515 πατριάρχτ

1969 4462 2104 4503 'emo
2149 4446 2387 4516 loquitur
2427 4443 2641 4514 :Cujus
2690 4451 2866 4497 autem
2907 4438 3214 4512 genealogia
3265 4452 3330 4492 ex
3370 4435 3480 4490 illis

192 4534 334 4604 γὰρ,
387 4533 456 4598 ἐξ
500 4531 721 4598 αὐτῶν,
759 4533 1047 4604 ἀκριϐείας
1098 4535 1216 4588 ἐστὶ
1243 4535 1577 4608 δηλωτικόν⁹
1628 4541 1703 4592 όπ

1969 4558 2002 4594 n
2026 4540 2242 4593 ducitur
2261 4538 2542 4593 decimauit
2579 4537 2849 4591 Abraham
2880 4531 3240 4604 patriarcham
3265 4528 3479 4584 “(Nam

192 4626 310 4697 γάρ
338 4625 404 4679 ἐκ
431 4623 541 4678 τῶν
567 4623 699 4678 υίῶν
736 4625 952 4698 Ἰσραὴλ
979 4626 1053 4699 μὴ
1079 4627 1572 4699 γενεαλογούμενος
1610 4630 1669 4697 ἐξ
1699 4656 1703 4683 ι

1971 4646 2013 4685 :c
2047 4631 2233 4694 verba,
2263 4645 2328 4684 ea:
2356 4630 2505 4695 ipsis,
2537 4625 2898 4683 accuratioris
2939 4620 3322 4694 explicationis
3360 4634 3482 4690 gra-

191 4694 308 4772 λων
337 4718 559 4781 πάντως
592 4717 763 4772 ἐθνῶν
796 4694 918 4790 εῖχεν
1093 4694 1467 4791 γενεαλογίαν.
1503 4722 1603 4776 Διά
1643 4694 1700 4775 δὲ

2003 4723 2168 4794 716
2195 4723 2434 4777 adhibita
2465 4694 2614 4786 sunt,
2633 4729 2702 4776 .ut
2744 4719 2875 4774 illud
2913 4717 3199 4780 indicaret,
3233 4729 3357 4770 eum
3387 4712 3483 4783 qui

195 4809 279 4881 μὴ
317 4808 632 4882 γεγράφθαι
661 4809 760 4879 τὴν
803 4809 998 4863 ἑαυτοῦ
1037 4811 1247 4884 μητέρα
1305 4812 1338 4884 ἢ
1388 4813 1621 4884 πατέρα,
1656 4813 1706 4867 ά]

1992 4813 2255 4870 lsraelitis
2287 4815 2657 4885 genealogiam
2688 4828 2794 4866 non
2833 4810 3076 4874 duceret,
3107 4825 3170 4865 ex
3200 4807 3324 4860 aliis
3368 4819 3485 4858 om-

191 4900 320 4953 ἀντὶ
346 4897 524 4953 ἄλλων
559 4898 920 4967 φαντάζονται
951 4902 999 4952 οί
1025 4903 1358 4970 συκοφάνται
1383 4903 1481 4974 τῆς
1508 4904 1786 4975 ἀληθείας.

202 4991 402 5060 Ἡμεῖς
427 4987 489 5041 δὲ
518 4989 613 5042 καὶ
635 4989 736 5060 τὴν
771 4990 984 5062 μητέρα
1016 4992 1182 5046 αὐτοῦ
1210 4993 1268 5046 ὲν
1304 4995 1670 5064 Παραδόσεσιν
1702 4996 1792 5049 εῦ-

195 5098 389 5151 ρομεν,
421 5082 518 5133 καὶ
567 5080 658 5133 τὸν
707 5083 939 5153 πατέρα.
970 5077 1082 5136 Ἦν
1113 5082 1222 5155 γάρ
1255 5079 1408 5150 οὗτος
1457 5086 1564 5140 τῶν
1618 5087 1792 5156 γενῶν

191 5173 412 5236 Σιδόνας
437 5172 535 5226 καὶ
567 5173 674 5226 τῶν
703 5174 1045 5229 Χαναναίων.
1093 5175 1322 5229 Διέπεσε
1348 5177 1526 5230 τοίνυν
1553 5180 1580 5232 6
1613 5179 1794 5248 μυθώ-

188 5263 292 5332 δης
327 5262 499 5323 αὑτοῦ
528 5263 708 5331 λόγος,
744 5265 837 5316 καὶ
875 5266 1051 5337 μάτην
1103 5266 1268 5320 αὑτοῦ
1301 5269 1395 5322 καὶ
1441 5271 1475 5340 ἡ
1523 5270 1788 5329 πολιτεία.

191 5354 270 5406 Οὐ
301 5354 416 5424 γὰρ
469 5354 534 5407 τὸ
582 5353 812 5426 ἀψύχοις
868 5356 1156 5412 ἀσκεῖσθαι
1211 5360 1350 5428 μετά
1407 5364 1790 5429 κακοπιστίας,

190 5446 355 5500 τοῦτο
402 5446 554 5516 ζωῆς
603 5447 720 5501 ἐστι
768 5449 864 5502 καὶ
909 5449 1145 5515 ἐλπίδος,
1193 5452 1564 5508 διδασκαλεῖον
1619 5475 1792 5531 σωτη-

193 5537 317 5610 ρίας
334 5538 378 5592 ¹.
410 5537 618 5594 Πάντα
645 5541 775 5612 γὰρ,
802 5542 985 5614 φησὶν,
1015 5547 1102 5611 είς
1120 5545 1313 5611 δόξαν
1334 5550 1481 5604 Θεοῦ
1515 5551 1788 5620 γινέσθω.

268 5657 288 5688 ⁸
315 5655 449 5726 Leg.
474 5657 572 5710 καὶ
598 5674 728 5710 σωτ.
841 5660 861 5688 ⁸
885 5657 1042 5714 Joan.
1074 5677 1137 5724 ιι,
1164 5662 1306 5717 1ου.

195 5729 215 5759 '
246 5726 410 5783 Joan.
443 5743 558 5798 xvi,
591 5728 676 5795 ll,
716 5728 808 5786 l5.
846 5727 1091 5826 fﬂebr.
1125 5747 1222 5802 νυ,
1254 5734 1304 5791 (ἰ.

1397 5666 1461 5721 ³1
1503 5667 1642 5737 Tim,
1683 5690 1733 5739 ν,
1763 5674 1850 5739 Η,
1881 5675 1962 5730 l9.

1898 4906 2029 4960 nino
2063 4907 2317 4976 gentibus
2370 4905 2614 4961 eamdem
2647 4917 2944 4961 arcessere.
2975 4899 3051 4954 Ex
3083 4913 3148 4953 eo
3175 4911 3306 4952 vero
3336 4894 3485 4965 quod

1899 5010 2130 5070 uterque
2172 4998 2317 5054 illius
2349 5012 2545 5066 parens
2588 4997 2642 5049 in
2689 4992 2990 5063 Scripturis
3033 5002 3330 5060 expressus
3373 4999 3486 5039 non

1901 5090 2098 5155 fuerit,
2148 5091 2253 5144 alia
2318 5104 2418 5160 pro
2455 5089 2576 5144 aliis
2623 5087 2872 5141 veritatis
2914 5081 3339 5137 calumniatores
3389 5093 3484 5132 so-

1902 5183 2133 5238 mniant.
2165 5180 2275 5238 Nos
2316 5166 2497 5234 autem
2534 5187 2642 5232 tam
2676 5178 2796 5247 ejus
2827 5184 3053 5229 matrem
3084 5187 3244 5242 quam
3272 5179 3485 5240 patrem

1901 5275 1958 5332 in
1988 5273 2396 5332 Traditionibus
2445 5271 2770 5329 invenimus.
2823 5267 2999 5336 Atque
3032 5266 3119 5319 hic
3154 5280 3184 5318 e
3226 5261 3484 5317 Sidonio-

1901 5383 2020 5422 rum
2050 5375 2106 5422 et
2129 5366 2563 5422 Chananaeorum
2597 5377 2796 5436 genere
2841 5362 3011 5416 fuisse
3051 5359 3308 5414 traditur.
3334 5357 3484 5424 Qua-

1901 5466 2121 5530 propter
2159 5466 2270 5514 tota
2307 5459 2376 5514 ab
2423 5473 2487 5513 eo
2533 5457 2767 5513 conﬁcta
2803 5454 2986 5511 fabula
3027 5451 3255 5508 corruit.
3292 5449 3398 5505 Sed
3428 5455 3483 5503 et

1899 5554 2063 5608 inane
2084 5560 2170 5608 est
2198 5557 2511 5621 susceptum
2561 5551 2629 5606 ab
2671 5565 2737 5606 eo
2781 5551 2919 5606 vitae-
2939 5551 3231 5607 severioris
3259 5547 3487 5604 institu~

2079 5673 2100 5706 ⁵
2136 5671 2266 5729 ibid.
2305 5671 2390 5725 Η.
2467 5671 2488 5702 ⁸
2529 5668 2692 5724 llebr.
2728 5685 2822 5736 vn,
2855 5669 2908 5725 5.
3016 5669 3036 5700 ⁸
3060 5667 3218 5730 Joan.
3255 5683 3363 5730 ειν,
3390 5665 3468 5721 ἓθι
