3826 6206
389 287 496 343 185

1801 276 1861 333 S.
1894 271 2236 330 EPIPHANII

3530 261 3635 315 l8!

382 410 521 457 tum.
551 397 733 468 Neque
761 398 905 449 enim
939 397 1008 449 iis
1038 394 1301 449 duntaxat
1328 392 1472 448 vesci
1530 408 1653 461 qua:
1689 390 1871 444 anima
1918 394 2128 447 carent,
2190 383 2237 439 si
2296 397 2420 437 cum
2484 380 2607 434 ﬁdei
2671 376 3067 468 depravatione
3116 374 3476 468 conjunc‘tum
3541 373 3648 468 hoc

378 486 569 549 fuerit,
612 463 680 537 ad
722 483 887 536 vitam
940 481 1104 537 ullam
1161 488 1217 534 et
1268 494 1445 549 spem,
1493 486 1587 533 aut
1641 476 1707 532 ad
1767 472 1961 530 salutis
2019 472 2397 542 magisterium
2454 470 2705 541 pertinet.
2768 467 2983 533 Omnia,
3033 466 3240 536 inquit,
3295 464 3364 518 ad
3412 463 3646 534 gloriam

383 581 483 637 Dei
513 580 646 648 ﬁant
679 578 721 629 ι.

453 671 589 727 VIII.
642 668 747 725 Sed
776 669 891 723 haec
922 667 1184 722 adversus
1218 667 1366 723 illius
1406 682 1645 722 errorem
1680 666 1939 736 disputatt

2130 664 2212 717 H'.
2270 661 2430 716 Ἀλλὰ
2459 662 2588 733 περὶ
2619 661 2824 732 τούτων
2854 660 2947 713 καὶ
2975 658 3125 729 αύτῷ
3151 657 3437 729 ἀρκεῖσθαι
3482 657 3648 728 ἠγοῦ-

380 764 673 826 sulIiciant,
704 760 905 831 quibus
949 756 1152 827 scorpii
1187 757 1306 811 alas
1354 755 1744 824 confregimus,
1781 757 1954 809 illius-

377 871 485 925 que
522 853 632 907 vim
664 848 1086 921 profligavimus.
1123 847 1220 903 Est
1251 847 1396 903 enim
1430 848 1520 902 ille
1555 856 1792 918 pennata
1830 864 1952 903 ser-

377 945 527 1016 penti
572 958 637 998 ac
682 942 897 1012 scorpio
941 939 1156 1004 similis,
1186 940 1279 1009 qui
1325 939 1542 1008 quidem
1581 939 1748 995 variis
1778 939 1955 993 modis

378 1040 496 1093 alas
519 1037 744 1099 habere,
773 1050 839 1088 ac
872 1034 1055 1089 volare
1092 1032 1357 1089 dicendus
1387 1040 1506 1096 est;
1533 1046 1767 1101 eumque
1791 1032 1955 1101 virgi-

378 1129 603 1183 nitatem
639 1126 885 1181 imitetur
915 1123 1191 1188 Ecclesiae,
1241 1123 1589 1179 conscientia:
1630 1130 1811 1178 tamen
1860 1122 1952 1179 illa

376 1218 692 1275 sinceritate
716 1226 885 1272 caret.
910 1217 1091 1282 Quare
1119 1216 1185 1271 ad
1225 1229 1349 1270 eum
1375 1214 1606 1284 ejusque
1635 1214 1840 1269 similes
1866 1212 1953 1267 di-

374 1319 525 1366 ctum
569 1308 699 1362 illud
729 1306 974 1377 Apostoli
1013 1307 1267 1362 convenit
1300 1323 1314 1360 :
1352 1304 1717 1362 Cauteriatam
1762 1305 1956 1359 haben-

378 1402 514 1455 tium
546 1398 942 1459 conscientiam,
970 1395 1352 1463 prohibentium
1400 1409 1588 1449 uxores
1627 1392 1835 1457 ducere,
1862 1393 1955 1446 ab-

376 1492 572 1546 stinere
609 1506 642 1543 α
673 1488 823 1551 cibis,
852 1503 978 1557 quos
1016 1486 1153 1539 Deus
1193 1485 1261 1537 ad
1296 1501 1448 1538 usum
1485 1485 1717 1538 condidit
1747 1486 1787 1538 ².
1816 1483 1952 1541 Nam

377 1594 476 1649 per
507 1578 725 1634 verbum
758 1575 849 1630 Dei
880 1576 1110 1631 viventis
1161 1583 1216 1631 et
1251 1577 1553 1630 orationem
1583 1574 1689 1629 cibi
1717 1574 1793 1628 illi
1825 1589 1953 1631 san~

376 1670 710 1734 etiticantur,
748 1676 983 1737 suntque
1009 1677 1059 1722 et
1092 1667 1218 1722 boni
1253 1682 1463 1729 omnes,
1494 1678 1545 1721 et
1580 1665 1824 1736 iucundi,
1856 1682 1953 1721 ne-

372 1777 484 1833 que
516 1761 810 1832 quidquam
841 1757 981 1829 apud
1015 1757 1182 1811 Deum
1229 1758 1492 1826 rejicitur.
1523 1756 1788 1811 Caeterum
1822 1756 1950 1811 ridi-

376 1854 486 1909 culi
520 1853 603 1908 vel
638 1852 871 1906 maxime
904 1850 1185 1904 llieracita’
1217 1860 1363 1911 sunt,
1418 1850 1488 1904 oh
1525 1849 1788 1904 ascititias
1828 1848 1954 1903 illas

373 1952 431 2007 et
470 1942 811 1998 introductas
854 1940 1118 2005 feminas,
1153 1954 1290 2010 quas
1326 1954 1448 1993 eum
1499 1938 1640 2010 apud
1681 1953 1803 1994 sese
1854 1939 1955 1992 ha-

2063 774 2183 827 μαι.
2215 755 2619 825 Συνετρίψαμεν
2654 754 2763 822 γὰρ
2796 752 2889 805 τοῦ
2919 752 3179 822 σκορπίου
3206 751 3307 814 τὰς
3337 750 3645 821 πτέρυγας,

2062 848 2155 903 καὶ
2191 846 2617 917 κατεσπάσαμεν
2666 844 2850 908 αὑτοῦ,
2877 844 2977 906 τὰς
3023 843 3299 910 δυνάμεις.
3340 844 3505 912 Ὄφις
3535 843 3645 913 γὰρ

2060 938 2336 1009 πτερωτὸς
2368 932 2521 999 οὗτος
2551 936 2646 989 καὶ
2691 935 2971 1005 σκορπίος,
3008 933 3286 1005 πτέρυγας
3316 933 3457 1003 ἔχων
3502 936 3645 987 κατὰ

2059 1029 2287 1091 πολλοὺς
2322 1028 2575 1099 τρόπους,
2628 1027 2721 1079 καὶ
2771 1025 3104 1095 πετόμενος,
3156 1025 3251 1077 καὶ
3303 1024 3644 1095 μιμούμενος

2062 1121 2161 1191 μὲν
2207 1122 2308 1190 τῆς
2358 1118 2682 1189 Ἐκκλησίας
2730 1118 2828 1190 τὴν
2878 1118 3202 1189 παρθενίαν,
3233 1118 3334 1172 οὐκ
3382 1118 3526 1187 ἔχων
3585 1119 3645 1171 δὲ

2058 1212 2305 1283 καθαρὰν
2336 1213 2435 1282 τὴν
2479 1210 2803 1280 συνείδησιν.
2868 1211 2993 1263 Ἐπὶ
3038 1209 3149 1280 γὰρ
3181 1209 3357 1279 τούτῳ
3388 1211 3483 1263 καὶ
3527 1211 3645 1273 τοῖς

2056 1304 2264 1373 ὁμοίοις
2315 1302 2479 1355 αὑτοῦ
2535 1300 2836 1372 πληροῦται
2886 1302 2969 1362 τὸ,
3028 1301 3645 1371 Κεκαυττιριασμένω

2058 1392 2172 1459 τὴν
2218 1391 2607 1459 συνείδησιν,
2661 1392 2759 1445 καὶ
2827 1392 3184 1449 κωλυόντων
3232 1392 3475 1461 γαμεῖν,
3526 1392 3643 1445 ἀπ-

2056 1484 2299 1551 έχεσθαι
2362 1481 2723 1551 βρωμάτων,
2785 1480 2825 1535 d
2886 1484 2921 1536 ό
2985 1482 3130 1547 Θεὸς
3159 1482 3247 1546 εἰς
3294 1482 3644 1552 μετάληψιν

2062 1572 2724 1642 ἐποίησεν.ν”Αγιάζεται
2775 1573 2873 1642 μὲν
2919 1570 3007 1624 διὰ
3038 1572 3195 1639 λόγον
3228 1571 3363 1627 Θεοῦ
3409 1572 3637 1636 ζῶντος,

2058 1667 2151 1723 καὶ
2179 1665 2494 1729 ἐντεύξεως,
2536 1665 2619 1719 ὅτι
2649 1663 2827 1719 πάντα
2852 1662 3013 1725 καλὰ,
3047 1662 3142 1715 καὶ
3170 1662 3321 1732 ἡδέα,
3359 1664 3454 1716 καὶ
3484 1664 3643 1716 οὐδὲν

2057 1757 2361 1827 ἀπόϐλητον
2387 1756 2538 1826 παρὰ
2566 1754 2687 1825 Θεῷ
2707 1772 2719 1784 ·
2761 1754 3113 1825 χλευάζονται
3141 1754 3197 1811 δὲ
3226 1755 3541 1808 τελειότατα
3566 1754 3638 1808 δι’

2058 1849 2123 1913 ἃς
2151 1850 2443 1919 κέκτηνται
2476 1850 2703 1911 ἕκαστος
2745 1848 3126 1911 συνεισόυιτους
3155 1851 3437 1917 γυναῖκας,
3472 1848 3537 1900 δι’
3570 1848 3641 1911 ἃς

2059 1941 2255 1995 εἴωθαν
2302 1939 2702 2009 φιλοτιμεῖσθαι
2756 1939 2900 2011 ἔχειν
2948 1940 3029 2001 είς
3082 1938 3409 2009 ὑπηρεσίαν.
3473 1938 3644 1995 Ἀλλὰ

376 2035 558 2097 beant,
616 2034 681 2087 ad
713 2033 1086 2103 quotidianum
1136 2009 1396 2086 duntaxat
1444 2009 1802 2087 ministerium
1858 2046 1939 2087 ea:

2056 2035 2150 2088 καὶ
2187 2034 2397 2097 τούτου,
2426 2033 2502 2095 ὡς
2528 2032 2684 2102 ἔφην,
2712 2009 2814 2096 τὰς
2839 2032 3116 2104 πτέρυγας
3158 2030 3641 2095 κατασπάσαντες,

372 2140 437 2183 se
492 2124 748 2183 adhibere
801 2123 1124 2193 gloriantur.
1181 2120 1288 2175 Sed
1324 2136 1446 2174 cum
1495 2120 1680 2192 hujus,
1714 2121 1790 2175 uti
1817 2120 1949 2187 dixi,

374 2218 493 2273 alas
544 2216 946 2282 evulsa-rimus,
1000 2222 1272 2284 caputque
1321 2213 1444 2266 vita:
1500 2213 1665 2283 ligno,
1720 2212 1824 2265 hoc
1869 2220 1954 2267 est

376 2306 591 2362 Domini
621 2306 793 2361 nostri
824 2303 951 2360 Jesu
986 2303 1186 2358 Christi
1227 2318 1410 2364 cruce,
1443 2302 1949 2366 comminuerimus,

378 2396 663 2468 implorata
692 2398 926 2467 primum
963 2409 1063 2463 ope
1117 2392 1231 2457 Det,
1283 2401 1342 2446 ut
1390 2393 1625 2461 reliquas
1668 2391 1953 2447 confutare

376 2488 634 2551 haereses,
679 2497 732 2543 et
781 2487 1012 2541 inaniter
1064 2486 1132 2541 ab
1188 2486 1252 2541 iis
1298 2486 1350 2538 in
1402 2485 1589 2540 orbem
1643 2485 1951 2540 intruducta

375 2577 630 2650 dogmata
660 2577 869 2632 diluere
904 2575 1200 2647 possimus.
1230 2574 1298 2628 ad
1325 2589 1417 2629 eas
1446 2574 1839 2646 aggrediamur.

682 2705 952 2760 MELETII
992 2704 1107 2762 EG
1118 2704 1293 2758 YPTII
1335 2704 1626 2760 SCHISMA
1638 2750 1654 2772 ,

529 2885 664 2950 Qua:
695 2898 771 2939 est
811 2884 1025 2939 Itwresis
1057 2883 1327 2950 XLVIII,
1359 2887 1464 2940 sio:
1494 2885 1591 2939 LX
1608 2885 1765 2943 VIII.

444 2976 483 3031 Ι.
518 2977 612 3031 Est
640 2976 883 3046 quaedam
930 2977 985 3030 in
1028 2976 1260 3046 Egypto
1307 2975 1715 3032 Meletianorum
1759 2977 1944 3044 factio,

372 3082 494 3138 qua!
519 3083 549 3123 a
580 3067 791 3123 Meletio
817 3066 1051 3137 quodam
1104 3068 1159 3121 in
1202 3066 1475 3123 Thebaide
1512 3067 1639 3122 olim
1690 3068 1948 3139 episcopo

372 3166 740 3228 nuncupatur.
776 3157 879 3225 Qui
919 3158 1135 3227 quidem
1182 3158 1248 3212 ad
1279 3158 1599 3213 catholicam
1648 3158 1946 3216 Ecclesiam

374 3251 756 3320 sinceramque
820 3249 976 3304 fidem
1041 3249 1397 3305 nihilominus
1457 3250 1702 3307 adhaesit.
1759 3250 1947 3321 Neque

2054 2126 2150 2183 καὶ
2173 2125 2273 2193 τὴν
2302 2123 2543 2194 κεφαλὴν
2585 2124 3019 2187 καταθλάσαντες
3037 2124 3115 2194 τῷ
3148 2123 3290 2193 ξύλῳ
3319 2124 3421 2192 τῆς
3461 2122 3637 2194 ζωῆς,

2053 2216 2301 2272 τουτέστι
2343 2214 2421 2285 τῷ
2458 2213 2675 2284 σταυρῷ
2702 2215 2794 2271 τοῦ
2833 2215 3040 2285 Κυρίου
3090 2214 3245 2284 ἡμῶν
3292 2213 3468 2284 Ἰησοῦ
3498 2214 3639 2283 Χριο

2054 2309 2203 2372 στοῦ,
2234 2308 2329 2367 ἐπὶ
2358 2308 2456 2371 τὰς
2493 2308 2620 2378 ἑξῆς
2651 2308 2837 2377 (anteit,
2888 2306 3305 2377 ἐπικαλούμενοι
3348 2305 3514 2361 αὑτὸν
3539 2305 3639 2358 τὸν

2052 2399 2184 2455 Θεὸν
2209 2399 2428 2470 βοηθὸν,
2458 2400 2595 2470 πρὸς
2623 2398 2723 2471 τὴν
2766 2399 2875 2453 τῶν
2906 2398 3107 2453 λοιπῶν
3147 2399 3414 2469 αἱρέσεων
3444 2398 3636 2469 ἀντίρς

2052 2490 2210 2562 ῥησίν
2239 2507 2299 2549 τε
2340 2490 2435 2547 καὶ
2474 2490 2786 2560 ἀνατροπὴν
2830 2489 2939 2542 τῶν
2984 2492 3115 2560 παρ’
3148 2490 3331 2551 αὐτοῖς
3385 2489 3637 2551 ματαίως

2049 2582 2127 2653 τῷ
2155 2581 2344 2653 κόσμῳ
2374 2579 2846 2651 ύποϐαλλομένων.

2079 2692 2216 2745 ΤΟΥ
2251 2690 2613 2749 ΜΕΛΙΙἸΊΟΥ
2649 2689 3193 2821 (ὓῗέτξέἑΣΜΑΤΟΣ
3230 2692 3368 2744 ΤΟΥ
3410 2691 3603 2745 Alfr-

2088 2882 2556 2951 τεσσαρακοστὴ
2584 2882 2786 2953 ὀγδόη,
2820 2886 2861 2953 ἡ
2905 2885 3001 2939 καὶ
3043 2886 3343 2955 ἐξηκοστὴ
3392 2888 3596 2958 ὀγδόη.

2115 2969 2194 3021 Α’.
2210 2971 2562 3041 Μελητιανῶν
2576 2990 2628 3027 τι
2646 2975 2833 3046 τάγμα
2852 2978 2910 3029 ὲν
2927 2979 2991 3047 τῇ
3020 2978 3131 3030 τῶν
3148 2980 3461 3046 Αἰγυπτίων
3479 2982 3635 3054 χώρᾳ

2047 3060 2303 3131 ὑπάρχει,
2335 3063 2443 3116 ἀπὸ
2486 3065 2758 3143 Μελητίου
2786 3069 2931 3132 τινὸς
2978 3071 3278 3123 ἐπισκόπου
3330 3074 3389 3125 ὲν
3422 3076 3489 3143 τῇ
3522 3074 3634 3144 Θη-

2045 3150 2510 3223 6αἲδι.γενομένου
2544 3157 2644 3226 τῆς
2672 3158 2966 3228 καθολικῆς
3016 3159 3342 3231 Ἐκκλησίας
3387 3164 3485 3215 καὶ
3528 3164 3633 3233 τῆς

2042 3244 2207 3316 ὀρθῆς
2232 3245 2487 3309 πίστεως.
2520 3248 2595 3301 Ού
2629 3249 2737 3318 γάρ
2764 3266 2818 3301 τι
2846 3251 3210 3321 μετήλλαττεν
3239 3255 3270 3324 ή
3315 3255 3500 3319 πίστις
3530 3256 3630 3308 αὕη

372 3342 518 3398 enim
565 3340 676 3394 ullo
713 3345 957 3408 tempore
999 3354 1030 3392 a
1072 3348 1271 3394 sanctae
1301 3347 1354 3395 et
1380 3340 1659 3396 catholica:
1691 3342 1939 3399 Ecclesiae

2049 3336 2139 3390 τοῦ
2170 3338 2227 3392 ὲν
2256 3337 2434 3410 καιρῷ
2458 3356 2563 3392 τινι
2589 3340 2689 3409 τῆς
2734 3341 2896 3410 ἁγίας
2926 3342 3223 3415 καθολικῆς
3266 3346 3622 3417 Ἐκκλησίας.

372 3426 635 3497 religione
662 3425 908 3480 descivit.
944 3425 1153 3480 Fluruit
1196 3427 1285 3482 hic
1329 3428 1518 3483 eodem
1549 3444 1659 3500 quo
1692 3429 1949 3486 Hieracas

370 3528 650 3589 tempore,
692 3533 925 3587 eumque
973 3517 1164 3573 ordine
1203 3524 1596 3590 consequitur:
1626 3536 1735 3592 quo
1782 3522 1947 3578 etiam

370 3617 616 3679 tempore
667 3618 892 3664 sanctus
952 3607 1145 3665 Petrus
1200 3610 1600 3667 Alexandrinus
1656 3612 1948 3683 episcopus

371 3701 536 3772 717
570 3700 724 3755 vixit.
773 3700 948 3769 Atque
981 3716 1173 3756 omnes
1223 3702 1312 3756 isti
1361 3703 1755 3771 persecutionis
1800 3703 1947 3759 illius

371 3799 619 3861 tempore
663 3791 903 3854 fuerunt,
934 3807 1055 3860 qua:
1099 3808 1129 3844 a
1177 3791 1510 3848 Diocletiano
1540 3804 1594 3847 et
1622 3794 1947 3851 Maximiano

372 3882 794 3953 imperatoribus
841 3884 1076 3937 excitata
1124 3892 1226 3939 est.
1270 3883 1403 3950 Qua:
1443 3892 1623 3940 autem
1667 3886 1733 3940 ad
1785 3884 1947 3942 Mela.

372 3974 509 4033 tium
535 3975 786 4039 attinent,
820 3976 921 4029 hoc
954 3975 1116 4031 modo
1143 3990 1263 4035 sese
1291 3975 1634 4031 habuerunt:

441 4079 541 4134 llic
572 4081 871 4136 Ecclesium
926 4081 1222 4135 schismate
1268 4077 1509 4135 discidit,
1559 4082 1628 4124 ita
1659 4079 1837 4122 tamen
1884 4078 1941 4121 ut

368 4164 529 4221 fidem
556 4168 703 4223 nulla
740 4183 807 4223 ex
841 4178 995 4238 parte
1038 4171 1297 4220 mutaret.
1326 4162 1432 4229 Qui
1461 4163 1516 4216 in
1561 4160 1651 4213 illa
1685 4169 1937 4227 persecu-

364 4258 514 4313 tione
550 4274 657 4313 una
696 4274 821 4314 cum
862 4264 1053 4315 sancto
1093 4256 1257 4311 Petro
1294 4255 1554 4325 episcopo
1603 4257 1659 4305 et
1701 4255 1940 4319 martyre

365 4350 684 4420 caeterisque
705 4349 1035 4420 martyribus
1057 4346 1486 4418 comprehensus
1506 4350 1592 4400 est
1616 4341 1688 4395 ab
1705 4340 1939 4395 Alexan-

363 4440 499 4493 dria:
524 4448 581 4494 et
604 4440 821 4511 Egyptl
855 4440 1143 4509 praefectis,
1180 4438 1381 4508 quibus
1416 4439 1517 4490 hoc
1549 4436 1617 4487 ab
1654 4433 1938 4501 imperato-

365 4529 520 4584 ribus
589 4531 903 4583 mandatum
966 4532 1160 4582 fuerat.
1215 4530 1451 4582 Praeerat
1502 4535 1617 4579 tum
1674 4520 1938 4579 Thebaidi

432 4611 449 4641 ⁸
481 4609 656 4664 lCor.
682 4628 736 4675 ι,
768 4611 856 4665 51.
935 4614 954 4643 ¹
988 4611 1003 4662 I
1035 4610 1174 4665 'l'im.
1201 4627 1272 4677 tv,
1297 4612 1353 4678 2,
1384 4614 1435 4668 5.

2048 3424 2214 3495 Οὗτος
2282 3432 2311 3485 ὁ
2376 3431 2642 3502 Μελήτιος
2718 3433 3008 3503 σύγχρονος
3053 3429 3123 3505 ἦν
3189 3437 3285 3488 καὶ
3336 3454 3627 3506 συνακμα-

2048 3521 2179 3593 στὴς
2207 3520 2302 3576 τοῦ
2332 3522 2730 3595 προειρημένου
2773 3523 2987 3593 Ἱέρακά
3015 3541 3072 3577 τε
3094 3564 3108 3588 ,
3137 3527 3231 3578 καὶ
3249 3526 3490 3596 καθεξῆς
3507 3528 3627 3582 δια·-

2045 3614 2362 3684 δεξάμενος-
2412 3613 2472 3677 ὃς
2507 3610 2575 3685 ἦν
2625 3616 2719 3668 καὶ
2765 3614 2861 3667 τοῦ
2907 3616 3061 3685 ἁγίου
3105 3617 3314 3687 Πέτρου
3374 3618 3471 3671 τοῦ
3516 3620 3625 3689 τῆς

2057 3705 2461 3777 Ἀλεξανδρείας
2539 3702 2836 3757 ἐπισκόπου
2923 3704 3235 3775 σύγχρονος.
3336 3709 3446 3762 Καὶ
3468 3702 3623 3765 οὗτοι

2044 3797 2244 3860 πάντες
2292 3797 2385 3848 ἐπὶ
2434 3794 2530 3848 τοῦ
2574 3795 2813 3865 διωγμοῦ
2861 3790 3001 3864 ἦσαν
3044 3795 3139 3848 τοῦ
3176 3798 3470 3867 γενομένου
3522 3800 3619 3852 ἐπὶ

2042 3885 2423 3956 Διοκλητιανοῦ
2450 3886 2545 3939 καὶ
2581 3885 2944 3956 Μαξιμιανοῦ.
2988 3886 3051 3939 Ἦ
3088 3886 3145 3939 δὲ
3176 3887 3319 3941 κατὰ
3360 3887 3460 3942 τδν
3500 3890 3622 3945 Mc-

2039 3977 2221 4042 λήτιον
2244 3976 2498 4039 ὑπόθεσις
2525 3976 2709 4031 τοῦτον
2738 3976 2862 4046 ἔσχε
2884 3977 2975 4031 τὸν
3001 3977 3220 4047 τρόπον·

2116 4055 2327 4127 Σχίσμα
2362 4059 2616 4122 ἐποίησεν
2640 4079 2655 4092 ο
2688 4062 2749 4114 οὐ
2792 4064 2899 4134 μὴν
2934 4063 3373 4133 μετηλλαγμένος
3401 4062 3503 4131 τὴν
3532 4062 3628 4113 πε-

2046 4164 2161 4201 στιν
2190 4148 2502 4220 γεγένηται.
2548 4145 2717 4217 Οὗτος
2764 4157 2821 4207 ὲν
2864 4154 3041 4225 καιρῷ
3082 4154 3178 4207 τοῦ
3218 4154 3461 4224 διωγμοῦ
3509 4155 3625 4223 ἆμσ

2045 4239 2237 4311 Πέτρῳ
2280 4239 2360 4311 τῷ
2408 4242 2547 4313 ἁγίῳ
2594 4245 2877 4314 ὲπισκόπῳ
2925 4245 3019 4298 καὶ
3066 4244 3323 4316 μάρτυρι,
3369 4246 3467 4299 καὶ
3512 4249 3626 4309 τοῖς

2044 4331 2221 4395 ἄλλοις
2253 4332 2507 4403 μάρτυσι,
2551 4334 2876 4405 συλληφθεὶς
2911 4334 3016 4388 ὑπὸ
3034 4334 3144 4387 τῶν
3176 4336 3270 4388 ἐπὶ
3308 4335 3487 4405 τούτῳ
3518 4336 3625 4388 ὐπὲ

2044 4422 2136 4474 τοῦ
2170 4422 2432 4492 βασιλέως
2464 4426 2907 4494 ἐπιτεταγμένων
2935 4424 3041 4477 τῶν
3070 4426 3189 4477 κατ’
3223 4427 3398 4479 ἐκεῖνο
3425 4424 3625 4494 καιροῦ

2045 4512 2324 4579 ἡγεμόνων
2345 4512 2441 4581 τῆς
2481 4510 2886 4583 ’Δλεξανδρείας
2909 4514 3001 4573 καὶ
3022 4512 3321 4582 Αἰγύπτουσ
3345 4513 3623 4582 Κουληῐα-

429 4724 544 4797 (50)
582 4723 1030 4797 Toﬁ_ll_lsjn_rlov.
1075 4723 1149 4778 De
1175 4724 1488 4797 Meletianis
1519 4726 1691 4797 Actis.
1724 4744 1787 4783 ac
1816 4737 1929 4786 tota

2049 4741 2140 4797 lue
2170 4740 2366 4797 causas
2395 4739 2458 4778 ac
2491 4740 2757 4794 personas
2793 4725 2931 4797 style
2964 4737 3065 4778 suo
3092 4738 3200 4797 non
3219 4725 3395 4797 Amodo
3422 4725 3609 4780 suble-

342 4794 673 4875 .schi_smat_i_s
702 4794 952 4875 historia,
979 4809 1141 4875 quam
1174 4795 1260 4849 hic
1278 4797 1544 4875 proponit
1569 4795 1926 4875 Epiphanius,

355 4864 489 4933 quid
515 4863 859 4940 sentiendum
883 4863 1062 4940 sit,_in
1093 4863 1416 4940 Baronianis
1432 4863 1727 4940 Annalibus
1755 4863 1929 4940 expli-

353 4945 513 5003 catur
545 4948 690 4988 anno
723 4934 846 4996 506,
881 4933 1080 5003 quibus
1100 4949 1202 5002 ego
1232 4935 1591 4994 libentissime
1614 4933 1922 4996 subscribe.

351 5002 736 5079 certissimum
770 5002 915 5079 enim
940 5012 1025 5058 est
1063 5019 1092 5056 a
1127 5003 1413 5079 Meletiano
1438 5008 1624 5077 aliquo
1661 5010 1929 5079 scriptore

353 5075 493 5149 falsa
529 5074 730 5149 Meletii
758 5076 893 5149 Acta
918 5075 1236 5149 conscripta
1266 5074 1469 5141 fuisse;
1505 5074 1559 5133 in
1590 5074 1793 5149 quibus
1809 5088 1927 5135 tur-

353 5145 634 5214 pissimam
683 5146 922 5200 hominis
970 5144 1251 5199 infamiam
1296 5156 1352 5199 et
1399 5144 1754 5204 exsecrabilia
1791 5149 1926 5205 faci-

352 5230 496 5288 nera
509 5216 873 5288 dissimulare
899 5226 1124 5288 conatus
1156 5223 1259 5271 est.
1285 5217 1343 5269 In
1365 5232 1429 5288 ea
1452 5233 1576 5273 cum
1607 5219 1926 5288 imprudens

354 5283 634 5340 incidisset
670 5285 1225 5355 Epiplianius,vermn
1248 5300 1311 5338 ac
1336 5287 1607 5344 sinceram
1636 5283 1780 5344 illam
1800 5307 1922 5346 esse

351 5356 724 5408 narrationem
768 5358 969 5411 frustra
1024 5356 1275 5411 credidit.
1327 5356 1480 5422 Quod
1531 5361 1740 5414 utinam
1784 5362 1833 5416 ei
1865 5362 1918 5415 in

353 5431 591 5477 mentem
628 5440 735 5478 non
766 5428 1043 5483 venisset!
1077 5425 1320 5483 Pessime
1345 5428 1563 5497 quidem
1585 5432 1652 5486 de
1682 5431 1922 5485 humano

353 5507 553 5571 genere
583 5505 867 5571 merentur
898 5497 975 5550 illi
999 5497 1092 5566 qui
1122 5508 1527 5571 sacrosanctam
1557 5500 1799 5557 historiae
1824 5518 1916 5555 ve-

352 5566 902 5637 ritatenrmendaciis
938 5575 1236 5637 aspergunt
1278 5569 1414 5622 suis.
1454 5566 1557 5624 Sed
1609 5573 1783 5625 multo
1826 5572 1921 5626 de-

355 5633 589 5710 testandi
627 5636 800 5710 magis
852 5651 917 5710 ac
948 5633 1162 5710 publica
1202 5640 1786 5710 coercendi'videntur
1827 5643 1921 5710 qni

354 5702 422 5757 ad
453 5702 766 5777 falsitatem,
788 5702 1082 5777 impietatis
1110 5722 1169 5759 ac
1197 5709 1463 5776 sacrilegii
1487 5710 1692 5765 crimen
1728 5702 1924 5777 adjun-

353 5781 509 5848 gunt,
536 5774 664 5829 dum
694 5788 781 5831 res
828 5776 1205 5831 haereticorum
1243 5774 1537 5838 hominum.
1572 5774 1915 5835 eorumd'enr

2031 4793 2182 4857 vant,
2238 4795 2330 4851 sed
2383 4793 2547 4848 etiam
2591 4804 2781 4851 contra
2818 4795 2974 4848 fidem
3018 4793 3265 4848 veritatis
3306 4805 3602 4851 exornant.

2031 4864 2353 4937 Cuiusmodi
2406 4874 2569 4937 aetate
2614 4862 3152 4937 nostracomplures
3192 4864 3448 4937 Historiae
3472 4881 3604 4935 pro-

2033 4932 2220 4998 deant,
2246 4952 2274 4987 a
2308 4933 2624 4997 Catholicis,
2674 4943 2735 4988 ut
2777 4933 2946 4987 videri
2978 4934 3188 4992 volunt.
3237 4942 3291 4987 et
3341 4932 3607 4990 Romana

2033 5005 2434 5059 communionis
2469 5005 2777 5060 hominibus
2801 5004 2991 5066 editae;
3021 5002 3117 5057 sed
3144 5018 3265 5071 qua:
3293 5001 3602 5059 Genevensi

2035 5075 2216 5144 aliquo
2263 5082 2533 5129 conventu
2584 5076 2855 5129 meditatae
2920 5073 3246 5144 dictataque
3285 5074 3599 5129 videantur.

2035 5143 2767 5214 Quarunrpraadicandarum
2798 5144 2960 5197 ﬁnem
2994 5143 3600 5214 nullumghaareticiipsi

2029 5213 2240 5267 faciunt
2264 5212 2556 5274 Catholici,
2607 5229 2717 5267 non
2752 5222 2809 5266 ut
2841 5221 3126 5281 suspectas
3151 5212 3353 5281 solum,
3395 5213 3487 5281 sed
3519 5212 3603 5266 ἰιι

2025 5284 2223 5352 impias
2267 5298 2328 5337 ac
2370 5282 2658 5337 damnatas
2688 5280 3065 5339 exsecrantur.
3102 5280 3381 5346 Ejusmodi
3434 5280 3605 5337 Meleo

2025 5354 2173 5409 tiana
2200 5354 2290 5406 illa
2326 5352 2427 5407 fuit
2456 5353 2707 5413 historia.
2742 5369 2862 5421 quae
2890 5352 3299 5407 sanctissimum
3329 5352 3509 5404 virum
3549 5352 3603 5407 in

2024 5439 2266 5477 errorem
2298 5423 2543 5476 adduxit.
2571 5422 2704 5476 Nam
2726 5424 2905 5493 qualis
2930 5437 3120 5478 revera
3142 5422 3387 5476 Meletins
3408 5422 3601 5486 fuerit,

2022 5509 2211 5563 quaeve
2233 5493 2542 5546 concitandi
2574 5494 2892 5549 schismatis
2915 5494 3135 5548 occasio
3168 5506 3231 5546 ac
3257 5493 3599 5563 progressio,

2022 5561 2195 5617 multo
2217 5564 2422 5617 certius
2454 5579 2517 5616 ex
2550 5563 2833 5618 Athanasii
2856 5564 3076 5631 scriptis
3120 5570 3281 5631 atque
3305 5578 3369 5631 ex
3391 5561 3601 5617 Nicaeni

2023 5632 2242 5689 concilii
2296 5632 2576 5704 synodicis
2605 5634 2801 5689 litteris
2832 5629 3058 5701 intelligi
3077 5629 3274 5704 potest.
3307 5629 3443 5686 Vide
3471 5648 3599 5686 om-

2028 5704 2159 5758 nino
2189 5718 2307 5772 qua‘
2334 5704 2444 5759 illic
2469 5718 2498 5757 a
2519 5703 2753 5761 Baronio
2781 5704 3195 5760 accuratissime
3225 5703 3594 5772 disputantur.
