3826 6206
141 324 250 380 £85

819 327 1191 385 ADVERSUS
1223 323 1566 381 [LERESES
1603 321 1732 378 LIB.
1769 321 1835 377 il.
1877 320 2042 376 TOM.
2083 319 2150 374 ll.
2189 350 2258 360 ——
2292 314 2822 406 HERES.LXVIII.

3291 294 3400 365 186'

137 443 232 505 νὸς
261 441 364 514 μὲν
395 437 463 513 ἦν
497 439 731 513 ἔπαρχος
768 441 866 514 τῆς
905 441 1190 514 Θηϐαΐδος,
1241 439 1642 512 Ἀλεξανδρείας
1665 438 1702 492 δί

1819 435 2157 506 Cuiejanus,
2207 434 2550 490 Alexandria:
2595 448 2728 489 vero
2789 429 3088 486 Hierocles.
3143 426 3391 484 Meletius

145 532 444 605 Ἱεροκλῆς·
495 534 590 587 καὶ
637 534 666 585 ὁ
717 533 814 603 μὲν
857 533 1128 604 Μελήτιος
1160 535 1218 587 ἐν
1263 531 1340 604 τῷ
1366 529 1720 605 δεσμωτηρίῳ

134 624 542 695 καθειργμένος
568 621 654 696 ἦν,
681 625 844 688 αὐτός
868 642 928 678 τε
955 625 1051 678 καὶ
1079 626 1127 677 οἱ
1162 623 1547 695 προειρημένοι
1575 621 1718 694 μάρ-

132 729 301 782 τυρες
335 714 456 782 ἅμα
484 714 560 784 τῷ
599 714 984 785 προειρημένῳ
1011 713 1203 783 Πέτρῳ
1223 714 1301 783 τῷ
1335 713 1432 782 τῆς
1471 709 1718 774 Ἀλεξαν·

129 803 323 874 δρείας
351 805 784 874 ἀρχιεπισκόπῳ.
821 804 1024 858 Ἐδόκει
1055 804 1111 856 δὲ
1145 804 1238 857 καὶ
1271 806 1299 856 ὁ
1322 803 1589 873 Μελήτιος
1609 801 1716 855 τῶν

311 896 458 948 κατὰ
494 895 592 966 τὴν
627 895 902 964 Αἴγυπτον
939 894 1221 966 προήκων,
1263 894 1355 946 καὶ
1387 891 1716 963 δευτερεύων

127 983 206 1053 τῷ
236 985 441 1057 Πέτρῳ
476 985 617 1038 κατά
653 984 751 1055 τὴν
792 983 1249 1056 ἀρχιεπισκοπὴν,
1293 982 1368 1046 ὡς
1401 982 1469 1036 δι’
1497 981 1713 1052 ἀντιλή-

126 1074 278 1142 ψεως
310 1075 482 1127 αὐτοῦ
519 1075 699 1146 χάριν,
731 1075 824 1127 ὑπ’
856 1075 1019 1128 αὐτὸν
1051 1075 1106 1128 δὲ
1135 1074 1233 1138 ὢν,
1261 1074 1355 1127 καὶ
1381 1074 1472 1125 ὑπ’
1503 1072 1666 1124 αὑτὸν
1692 1072 1709 1102 ¹

123 1165 195 1217 τὰ
231 1166 670 1235 ἐκκλησιαστικὰ
716 1166 1022 1236 ἀναφέρων.
1077 1165 1246 1218 Τοῦτο
1282 1165 1389 1234 γὰρ
1426 1162 1545 1224 ἔθος
1573 1161 1710 1226 ἐστὶ,

124 1257 217 1313 τὸν
230 1260 293 1311 ἐν
309 1258 381 1326 τῇ
402 1252 867 1328 Ἀλεξανδρείᾳβί)
885 1257 1309 1328 ἀρχιεπίσκοπον
1340 1257 1516 1324 πάσης
1542 1273 1600 1308 τε
1622 1257 1716 1309 Αί-

34 1379 52 1420 :
122 1344 342 1413 γύπτου
385 1348 482 1402 καὶ
529 1347 810 1418 θηὸαΐδος,
861 1343 1189 1432 Μαριῂιὶηου
1236 1365 1296 1400 τε
1345 1349 1440 1402 καὶ
1485 1347 1710 1417 Λιϐύης,

133 1437 560 1509 Ἀμμωνιακῆς,
612 1437 988 1510 Μαραιώτιδός
1044 1455 1102 1491 τε
1157 1438 1252 1492 καὶ
1301 1437 1709 1502 Πενταπόλεως,

121 1527 273 1598 ἔχειν
294 1529 404 1599 τὴν
427 1529 881 1598 ἐκκλησιαστικὴν
901 1527 1184 1598 διοίκησιν.
1224 1528 1375 1580 Ἐπεὶ
1399 1523 1491 1580 οὖν
1518 1526 1712 1598 συλλη-

123 1620 360 1688 φθέντες
394 1615 539 1674 οὗτοι
569 1620 766 1682 πάντες
795 1618 1092 1689 μαρτυρίου
1123 1613 1283 1689 χάριν
1312 1620 1370 1672 ἐν
1399 1621 1465 1690 τῇ
1495 1617 1710 1691 φυλακῇ

121 1709 429 1782 ἔπραττον·
467 1712 642 1782 χρόνῳ
675 1709 730 1762 δὲ
775 1707 944 1778 ίκανῷ
981 1708 1275 1779 ἐπέμειναν
1303 1708 1710 1780 καθειργμένον

119 1773 276 1860 ἄλλοι
309 1799 372 1853 δὲ
543 1773 721 1854 αὐτῶν
751 1773 1148 1868 παραδοθέντες
1175 1773 1584 1870 ἐμαρτύρησαν,
1619 1799 1714 1861 καὶ
1737 1773 1779 1830 Β

1819 527 2002 598 itaque
2030 541 2154 582 cum
2208 526 2564 602 martyribus.
2597 539 2662 579 ac
2707 522 2978 593 praecipue
3014 520 3176 576 Petro
3217 520 3392 574 archi-

1817 619 2077 690 episcOpo
2111 617 2500 680 Alexandrino,
2542 622 2658 670 tum
2709 615 2764 668 in
2799 613 3034 667 vinculis
3069 611 3385 665 habebatur.

1815 711 1993 780 Atque
2008 709 2099 764 ille
2115 709 2334 779 quidem
2354 708 2568 763 caeteris
2599 704 2817 777 Egypti
2838 701 3111 773 episcopis
3150 701 3388 755 antecel-

1817 801 1954 865 lens,
1981 800 2280 855 secundum
2309 813 2338 850 a
2359 798 2521 852 Petro
2554 795 2838 866 dignitatis
2872 794 3053 848 locum
3087 790 3390 852 obtinebat,

1814 899 2007 962 utpote
2047 891 2196 946 illius
2226 888 2464 959 adjutor,
2491 890 2586 943 sed
2604 887 2779 943 eidem
2799 896 2975 941 tamen
3006 881 3304 952 subjectus,
3340 888 3397 934 et

1815 983 1883 1038 ad
1910 983 2084 1052 ipsum
2108 981 2176 1036 de
2203 977 2386 1036 causis
2408 978 2798 1035 ecclesiasticis
2823 975 3086 1032 referens.
3121 973 3221 1028 ilic
3246 971 3400 1026 enim.

1813 1088 1933 1128 mos
1967 1080 2052 1128 est
2083 1070 2575 1126 Alexandrinorum
2610 1069 3169 1140 archiepiscoporum,
3201 1071 3261 1118 ut
3292 1078 3402 1134 per

1813 1173 1982 1221 totam
2033 1163 2325 1235 Egyptnm
2370 1177 2434 1217 ac
2465 1161 2798 1218 Thebaidem
2823 1199 2838 1225 ,
2894 1158 3269 1222 Mareotidem,
3308 1155 3395 1209 Li-

1815 1259 2011 1328 byam,
2043 1255 2489 1320 Ammoniacam,
2546 1253 2897 1309 Mareotidem
2949 1259 3004 1308 et
3052 1249 3390 1320 Pentapolim
3460 1267 3481 1284 ο

1817 1347 2195 1404 ecclesiastica
2225 1346 2442 1417 negotia
2470 1345 2870 1400 administrent.
2903 1343 3048 1414 Ergo
3087 1357 3280 1397 omnes
3311 1339 3398 1395 illi

1816 1441 1888 1495 ob
1911 1438 2120 1494 Christi
2160 1453 2356 1492 nomen
2387 1437 2444 1491 in
2477 1437 2784 1492 custodiam
2805 1435 2916 1490 dati
2953 1434 3044 1489 ditt
3081 1433 3138 1489 in
3157 1431 3393 1487 vinculis

1816 1531 2019 1587 detenti
2065 1537 2222 1596 sunt;
2277 1535 2402 1584 ante
2434 1541 2574 1599 quos
2605 1528 2850 1582 nonnulli
2889 1527 3077 1583 eadem
3125 1525 3194 1580 de
3224 1537 3397 1578 causa.

1805 1623 1972 1678 vincti
1995 1622 2316 1693 martyrium
2343 1620 2619 1684 obierunt,
2647 1635 2712 1674 ac
2737 1619 3020 1689 praemium
3053 1625 3231 1671 morte
3260 1629 3393 1669 con-

1810 1713 1984 1771 secuti
2019 1721 2181 1780 sunt;
2212 1727 2336 1766 cum
2371 1711 2592 1766 interim
2626 1709 2718 1765 isti
2753 1718 3009 1780 tanquam
3041 1705 3287 1778 primarii
3323 1717 3389 1759 ac

1809 1805 2224 1875 praestantiores
2251 1804 2306 1858 in
2332 1811 2612 1873 posterum
2639 1801 2900 1856 reservati
2931 1805 3136 1855 essent.

119 1894 180 1946 τδ
227 1893 393 1958 τέλος
419 1892 512 1946 τοῦ
543 1890 796 1964 βραϐείου
841 1891 1168 1961 ἁπείληφαν,
1221 1892 1314 1944 καὶ
1348 1891 1720 1963 ἐκοιμήθησαν
1746 1912 1762 1927 ο
1795 1889 1940 1952 οὗτοι
1997 1897 2054 1950 δὲ
2083 1897 2157 1960 ὡς
2194 1895 2493 1967 ἁκρέιιονες
2534 1892 2629 1948 καὶ
2685 1892 2905 1963 μείζους
2943 1890 3232 1962 ἐσύστερον
3261 1887 3392 1940 cn-

122 2002 344 2055 ρουντο.

189 2079 270 2134 B'.
313 2080 433 2140 Καὶ
459 2082 643 2153 ἐπειδὴ
677 2083 837 2137 τινῶν
869 2085 967 2154 μὲν
1009 2086 1495 2158 μαρτυρησάντων,
1535 2086 1708 2140 ἄλλων

117 2166 173 2220 δέ
201 2168 302 2222 τοῦ
331 2173 634 2243 μαρτυρίου
665 2175 1026 2241 ἐκπεσόντων,
1053 2177 1147 2231 καὶ
1171 2176 1268 2248 τὴν
1288 2177 1724 2252 ἀθεμιτουργίαν.

119 2260 219 2330 τῆς
243 2260 366 2314 τῶν
394 2261 626 2316 εἰδώλων
652 2263 946 2335 θρησκείας
973 2267 1297 2338 πραξάντων
1323 2271 1370 2322 οί
1403 2269 1521 2322 κατ’
1545 2270 1711 2338 ἀνάγ-

118 2367 225 2419 κην
257 2352 364 2404 καὶ
407 2350 633 2406 θυσίαν¹
675 2355 976 2426 ἐφήψαντο.
1017 2359 1436 2430 Παραπεσόντες
1473 2356 1586 2424 οὖν,
1617 2362 1710 2420 καὶ

122 2438 399 2504 θύσαντες
421 2443 552 2513 (52),
587 2446 682 2498 καὶ
719 2448 1087 2518 παραϐάντες,
1115 2449 1420 2520 προσῆλθον
1444 2453 1556 2515 τοῖς
1576 2454 1708 2522 ὁμο-

124 2533 389 2600 λογηταῖς
421 2549 479 2584 τε
523 2535 613 2586 καὶ
649 2535 939 2607 μάρτυσιν,
974 2537 1122 2601 ὅπως
1156 2540 1392 2608 τύχωσιν
1415 2539 1596 2604 ἐλέους
1621 2541 1710 2594 διὰ

123 2621 445 2691 μετανοίας,
485 2623 535 2675 οί
577 2623 673 2694 μὲν
705 2625 814 2677 ἀπὸ
845 2627 1190 2696 στρατιωτῶν
1222 2627 1396 2694 ὄντες,
1434 2629 1484 2681 οί
1513 2628 1569 2680 δὲ
1603 2629 1710 2682 ἀπὸ

122 2709 410 2781 κληρικῶν
451 2711 789 2784 ὑπάρχοντες
832 2715 1089 2786 διαφόρου
1129 2717 1355 2788 κλήρου,
1407 2718 1708 2790 πρεσϐυτε-

122 2801 234 2874 ρίου
273 2819 366 2865 τε,
411 2803 506 2856 καὶ
542 2804 838 2871 διακονίας,
887 2808 979 2859 καὶ
1009 2807 1204 2873 ἄλλων,
1247 2809 1460 2878 κίνησις
1495 2809 1710 2878 ἐγένετο

121 2895 407 2964 άναμέσον
439 2894 549 2948 τῶν
582 2896 896 2969 μαρτύρων,
932 2899 1026 2952 καὶ
1059 2901 1298 2971 τάραχος
1331 2901 1430 2970 οὺχ
1458 2901 1486 2952 ὁ
1510 2898 1705 2971 τυχών’

123 2983 225 3037 τῶν
257 2984 366 3054 μὲν
398 2984 662 3052 λεγόντων
693 2988 818 3049 τοὺς
845 2985 990 3052 ἅπαξ
1019 2989 1458 3058 παραπεσόντας,
1490 2991 1586 3042 καὶ
1613 2989 1711 3059 ἀρ-
1755 3044 1793 3059 ί,

119 3075 491 3146 ησαμένους,
528 3076 620 3129 καὶ
657 3077 716 3130 ἐν
749 3077 1087 3148 ἀνδρειότητι
1129 3079 1203 3149 μὴ
1241 3058 1706 3150 παραμείναντας,
1737 3058 1780 3114 C

110 3165 256 3236 ’μηδὲ
280 3166 759 3237 ἀγωνισαμένους,
779 3167 856 3238 μὴ
876 3165 984 3221 δεῖν
1003 3167 1283 3231 ἀξιοῦσθαι
1298 3170 1378 3231 είς
1396 3170 1706 3238 μετάνοιαν,

116 3253 206 3308 (να
230 3255 312 3325 μὴ
339 3258 440 3308 καὶ
472 3258 522 3307 οί
548 3254 629 3307 ἔτι
653 3255 1115 3326 περιλειφθέντες,
1145 3256 1364 3311 ἔλαττον
1389 3258 1709 3328 φροντίσαν»

117 3363 204 3408 τες
234 3347 346 3417 τῆς
368 3345 649 3417 ἐπιτιμίας
675 3345 760 3400 διὰ
784 3345 881 3417 τὴν
909 3345 1166 3418 τοιαύτην
1195 3347 1384 3402 θᾶττον
1409 3348 1708 3419 γενομένην

121 3435 305 3500 αὺτοῖς
346 3436 719 3508 συγχώρησιν,
761 3436 1101 3507 ὲκτραπῶσι,
1149 3437 1241 3491 καὶ
1289 3439 1368 3501 είς
1408 3439 1707 3510 ἐπαρνησι-

121 3529 270 3581 θείαν
303 3530 410 3581 καὶ
448 3528 876 3600 ἀθεμιτουργίαν
919 3529 1280 3601 Ἑλληνισμοῦ
1333 3529 1548 3606 ἔλθωσι.
1597 3531 1709 3585 Καὶ

119 3615 180 3690 ἦν
209 3619 448 3688 εὖλογον
487 3619 549 3672 τὸ
589 3622 717 3690 παρ’
755 3620 934 3676 αὐτῶν
973 3620 1082 3676 τῶν
1108 3621 1454 3692 ὁμολογητῶν
1485 3621 1710 3691 λεγόμε-

119 3726 222 3762 θον.
263 3704 456 3762 Ἦσαν
485 3709 550 3762 ’δὲ
595 3712 642 3762 oi
675 3709 832 3763 τοῦτο
857 3710 1127 3778 λέγοντες,
1154 3711 1440 3782 Μελητιος,
1474 3713 1569 3766 καὶ
1598 3713 1710 3784 Πη-

118 3800 263 3861 λεὺς,
295 3799 400 3852 καί
418 3816 564 3862 τινες
595 3799 744 3853 ἄλλοι
777 3800 994 3864 πλείους
1017 3801 1125 3854 τῶν
1154 3802 1443 3874 μαρτύρων
1465 3804 1558 3856 καὶ
1580 3805 1708 3873 ὁμο-

117 3889 371 3960 λητῶν
416 3889 533 3960 ἅμα
573 3891 778 3953 αὐτοῖς.
819 3892 990 3962 Ζῆλον
1036 3893 1216 3946 τοίνυν
1260 3884 1350 3946 τὸν
1391 3893 1532 3964 ὑπὲρ
1572 3892 1709 3947 Θεοῦ

118 3979 590 4049 ἀναδεδειγμένοι,
625 3979 806 4050 δῆλον,
848 3981 931 4034 ὃτι
967 3981 1206 4052 ἔπασχον
1232 3981 1404 4034 ταῦτα
1435 3981 1703 4049 λέγοντες.

121 4070 412 4138 Ἐφασκον
442 4069 521 4134 δὲ,
553 4071 604 4122 εί
625 4070 731 4142 ἄρα
761 4071 898 4141 μετὰ
921 4071 983 4125 τὸ
1007 4071 1314 4127 παύσασθαι
1352 4072 1442 4125 τὸν
1469 4072 1706 4142 διωγμὸν

120 4162 258 4230 μετὰ
298 4161 501 4233 χρόνον
527 4163 710 4216 ἱκανὸν
734 4163 971 4217 δίδοσθαι
1007 4167 1120 4227 τοῖς
1158 4165 1575 4237 προειρημένοις
1605 4183 1702 4234 με⁹

117 4254 344 4308 τάνοιαν
385 4255 444 4306 ἐν
477 4255 655 4327 καιρῷ
696 4253 993 4325 γενομένης
1035 4257 1275 4326 εἰρήνης,
1321 4255 1416 4308 ἐὰν
1456 4255 1544 4308 ἐπ’
1575 4254 1706 4324 ἀλη-

117 4346 270 4409 θείας
298 4346 705 4416 μετανοήσωσι,
728 4346 824 4399 καὶ
845 4347 1057 4418 καρπὸν
1080 4348 1182 4418 τῆς
1210 4347 1498 4418 μετανοίας
1525 4345 1706 4400 αὐτῶν

1885 2081 1951 2135 li.
1983 2079 2231 2150 Cumque
2269 2077 2519 2133 nonnulli
2570 2076 2890 2148 martyrium
2938 2073 3170 2130 feliciter
3195 2074 3395 2132 subiis-

1815 2179 1956 2236 sent,
2001 2171 2092 2226 alii
2119 2185 2252 2226 vero
2290 2171 2358 2224 ab
2395 2169 2583 2225 eodem
2637 2167 2991 2230 excidissent,
3037 2174 3091 2222 et
3129 2166 3394 2222 nefariam

1814 2260 2083 2315 idolorum
2123 2255 2961 2329 superstitionemadmisissent,
2991 2254 3126 2310 adeo
3160 2265 3220 2310 ut
3254 2256 3305 2310 vi
3329 2271 3394 2311 ac

1814 2353 2146 2420 necessitate
2200 2349 2594 2417 sacrificarent,
2640 2350 2804 2406 iidem
2832 2357 2957 2424 post
2981 2349 3192 2419 lapsum
3219 2359 3274 2405 et
3307 2364 3390 2406 sa-

1813 2443 2020 2499 criﬂcia
2044 2442 2114 2498 ad
2145 2441 2489 2498 confessores
2529 2449 2585 2497 et
2631 2449 2901 2511 martyres
2934 2450 3303 2504 accesserunt,
3333 2448 3396 2495 ut

1811 2534 2133 2606 poenitentia
2181 2532 2611 2588 misericordiam
2656 2532 2986 2588 obtinerent.
3021 2531 3263 2599 Quorum
3303 2533 3397 2588 alii

1811 2627 2016 2682 milites
2061 2634 2237 2691 erant,
2279 2623 2372 2678 alii
2419 2638 2486 2678 ex
2513 2622 2682 2678 variis
2717 2623 3040 2679 clericorum
3081 2624 3392 2690 ordinibus,

1811 2715 2171 2788 presbyteris,
2204 2713 2474 2779 diaconis,
2516 2727 2581 2768 ac
2619 2713 2843 2783 reliquis
2891 2714 3033 2770 aliis.
3092 2713 3234 2768 liinc
3283 2729 3396 2769 non

1810 2806 2035 2860 minima
2085 2806 2229 2860 inter
2275 2810 2542 2874 martyres
2576 2807 2869 2858 commotio
2925 2819 2988 2859 ac
3015 2804 3291 2860 dissensio
3310 2811 3399 2860 est

1810 2899 2023 2957 exorta,
2054 2893 2383 2964 negantibus
2411 2891 2535 2946 aliis
2559 2905 2673 2956 eos,
2693 2891 2790 2962 qui
2819 2893 2985 2948 semel
3017 2893 3156 2964 lapsi
3185 2902 3394 2961 essent,

1815 2999 1880 3039 ac
1904 2982 2188 3039 Christum
2219 2983 2604 3053 abnegassent,
2636 2997 2738 3038 nec
2764 2981 3141 3039 fortitudinem
3173 2999 3237 3039 ac
3267 2999 3398 3039 con-

1811 3075 2074 3132 stantiam
2099 3074 2483 3138 retinuissent,
2515 3081 2610 3128 aut
2633 3081 2910 3129 certamen
2929 3075 3220 3142 obiissent,
3255 3075 3396 3131 reci-

1809 3167 2040 3239 piendos
2063 3165 2130 3221 ad
2162 3165 2543 3236 paenitentiam
2579 3179 2704 3220 esse
2739 3182 2754 3222 :
2791 3180 2860 3220 ne
2906 3164 3049 3221 forte
3091 3167 3287 3237 reliqui
3326 3169 3420 3222 ob-

1809 3258 2094 3313 celerrime
2150 3256 2496 3326 impetratam
2548 3255 2616 3311 ab
2651 3255 2719 3311 iis
2749 3255 3145 3327 indulgentiam
3185 3258 3400 3315 minore

1808 3361 2095 3418 poenarum
2136 3357 2305 3413 metu,
2338 3346 2515 3416 abripi
2577 3361 2700 3402 sese
2740 3355 3078 3420 paterentur,
3115 3362 3180 3402 ac
3226 3346 3396 3404 Deum

1809 3447 2090 3510 negarent,
2126 3437 2594 3507 exsecrandisque
2645 3453 2706 3493 se
2747 3437 3030 3508 gentilium
3060 3438 3236 3495 sacris
3273 3441 3398 3509 poi-

1809 3529 2042 3586 luerent.
2093 3529 2162 3584 Et
2224 3536 2344 3586 erat
2381 3529 2525 3599 quod
2560 3529 2629 3584 ab
2665 3529 2934 3598 ejusmodi
2981 3529 3396 3587 confessoribus

1809 3622 2092 3678 dicebatur
2124 3638 2156 3677 a
2204 3622 2416 3677 ratione
2469 3636 2582 3676 non
2628 3622 2888 3677 alienum.
2937 3621 3004 3677 Hi
3039 3631 3198 3678 erant
3232 3622 3399 3696 718

1810 3713 2079 3778 Meletius,
2135 3723 2190 3769 et
2239 3711 2456 3780 Peleus,
2479 3713 2683 3783 aliique
2736 3714 3050 3784 complures
3097 3722 3394 3786 martyres,

1809 3813 1861 3860 et
1907 3804 2276 3870 confessores,
2307 3821 2445 3877 quos
2474 3805 2644 3860 divini
2679 3806 2910 3862 honoris
2953 3806 3136 3862 studio
3170 3821 3234 3862 ac
3277 3808 3398 3863 zelo

1812 3896 2196 3963 inﬂammatos,
2225 3914 2347 3954 cum
2367 3900 2481 3954 haec
2510 3899 2776 3963 dicerent,
2821 3898 2990 3955 fuisse
3027 3916 3138 3954 non
3165 3900 3394 3954 dubium

1812 3996 1914 4043 est.
1949 3988 2212 4046 Auctores
2242 4005 2402 4060 porro
2433 3991 2594 4046 iidem
2645 3997 2823 4056 erant,
2862 3997 2923 4044 ut
2945 3991 3246 4046 secundum
3277 4006 3398 4060 per-

1812 4079 2170 4144 secutionem,
2207 4081 2554 4150 postjustum
2577 4081 2798 4151 aliquod
2831 4082 3092 4150 temporis
3131 4081 3394 4151 spatium,

1813 4181 1946 4236 pace
1979 4168 2297 4231 constituta,
2323 4169 2659 4239 pccnitentiaa
2691 4169 2796 4223 illis
2827 4169 2981 4224 locus
3001 4169 3395 4239 indulgeretur,

1813 4256 1858 4312 si
1893 4256 2112 4325 quidem
2133 4273 2260 4312 vere
2294 4259 2439 4312 illam
2455 4268 2509 4313 et
2535 4273 2601 4312 ex
2631 4257 2813 4311 animo
2839 4259 3203 4328 susciperent,
3234 4264 3398 4326 atque

1811 4347 1930 4416 ejus
1952 4345 2162 4403 fructus
2187 4348 2504 4403 exhiberem
2542 4369 2555 4404 :
2581 4365 2683 4405 nec
2715 4349 2791 4402 ita
2817 4356 3020 4415 tamen,
3056 4357 3115 4402 ut
3137 4348 3401 4403 eclericis

115 4415 615 4500 tmﬁsiiwvrattob
638 4434 743 4506 μὴν
765 4435 853 4488 ἶνα
880 4415 1112 4500 ἕκαστος
1140 4415 1370 4509 δεξιωθῇ
1403 4435 1516 4506 (55)
1546 4437 1605 4488 ἐν
1626 4434 1702 4505 τῷ

1815 4415 2192 4509 unusquisque
2233 4439 2528 4509 pristinum
2576 4439 2635 4494 in
2689 4437 2939 4494 ordinem
2989 4438 3396 4501 restitueretur,

188 4593 206 4622 ⁸
236 4590 380 4646 Cor.
419 4588 508 4644 ἐπ’
545 4591 727 4646 αὐτόν.
804 4591 825 4623 ⁸
858 4589 987 4648 Cor.
1015 4589 1226 4657 θυσίας.

181 4793 299 4868 (5i)
350 4793 538 4847 Τοῦτο
557 4794 664 4868 ηᾴρ
675 4797 812 4860 ἔθος
830 4795 929 4850 ἐπὶ
954 4796 1059 4868 τὸν
1079 4799 1148 4851 ἐν
1168 4797 1242 4866 τῇ
1265 4797 1692 4868 Ἀλεξανδρείᾳ.

116 4861 202 4940 §_ic
235 4864 293 4917 in
325 4879 536 4940 magno
566 4861 1099 4940 'ﬁicainogconcilio,
1137 4861 1256 4940 caii.
1282 4870 1327 4940 θ
1349 4889 1362 4923 :
1388 4868 1468 4922 Τὰ
1493 4861 1696 4940 ἀρχαῖα

114 4933 204 5003 ἔθη
233 4934 522 5010 κρατείτω
563 4934 632 5010 τὰ
674 4936 1043 5010 ἐν-ᾼ-ἰγύπτιρ,
1070 4938 1169 5010 Δκαὶ
1197 4938 1392 5010 Λιϐύῃ.
1426 4933 1691 5010 καὶῖῙῘεν-

111 5003 371 5079 ragadia,
385 5004 528 5057 ὥστε
553 5003 1117 5079 τδνᾲένἋλεξανδρείᾳ
1153 5003 1447 5079 ἐπίσκοπον
1478 5009 1694 5063 πάντων

113 5073 318 5126 τούτων
343 5074 496 5148 ἔχειν
526 5074 626 5144 τὴν
655 5073 920 5148 ἐξουσίαν.
947 5073 1128 5148 Ferro
1187 5078 1240 5132 in
1292 5077 1360 5132 iis
1396 5080 1692 5148 provinciis

115 5144 498 5214 recensendis,
519 5158 641 5214 quae
665 5145 1005 5200 Alexandriae
1033 5144 1481 5208 contribuuntur.
1515 5149 1692 5202 anim-

113 5210 553 5290 advertendum—
592 5215 1033 5290 est,__disti_ng_ui
1088 5218 1156 5290 a_b
1202 5218 1516 5290 Epiphanio
1591 5217 1692 5289 τὴν

113 5281 426 5356 {impediam
469 5291 526 5339 et
577 5283 676 5356 τῂν
714 5281 1054 5356 Μαρεώτῖδα.
1098 5281 1418 5344 Ptolemaeus
1457 5288 1552 5342 lib.
1613 5281 1688 5352 ni,

115 5349 471 5424 Stareotid'em
498 5361 554 5424 et
584 5349 896 5424 MLarqpotam
929 5357 1002 5411 ita
1036 5357 1392 5424 discernit,ut
1421 5349 1689 5414 Maraeotis

113 5421 378 5490 oppidum
403 5424 475 5478 sit
493 5423 677 5494 Libyas
703 5423 967 5492 Numidis,
1000 5427 1145 5482 haud
1175 5421 1364 5499 procul
1390 5429 1458 5483 ab
1479 5426 1684 5495 Oasite,

113 5500 164 5564 at
202 5491 232 5543 ὁ
260 5491 578 5564 Μαρεώτης
606 5496 881 5564 provincia
934 5498 1025 5560 sit,
1073 5499 1187 5553 sive
1226 5499 1432 5555 Nomus
1460 5514 1524 5554 ac
1550 5515 1684 5564 pra:-

118 5515 164 5543 Il
202 5515 232 5543 ο
262 5515 578 5563 ωαρςωτης
606 5515 881 5564 ργονιιιοιε
934 5515 1025 5560 sn,
1073 5515 1187 5553 snve
1226 5515 1432 5555 nomus
1460 5515 1524 5554 ac
1550 5515 1685 5568 pra:-

118 5561 327 5639 fgctura
361 5563 430 5616 ad
465 5562 731 5639 MariamL
745 5564 860 5639 sive
891 5566 1242 5639 Mareotidem
1268 5571 1608 5639 lacum.quae
1631 5569 1685 5625 in

116 5627 353 5710 Egypto
382 5642 656 5710 censetur.
698 5633 907 5710 P_i_inius
935 5653 1071 5710 vero
1100 5638 1372 5710 Mareotas
1403 5627 1550 5694 velut
1590 5655 1687 5710 po-

111 5702 616 5837 εὲὲυηὰιιυεωάεω
641 5706 697 5760 in
725 5704 1021 5763 Mareotide
1052 5708 1218 5781 Libya
1253 5711 1485 5767 collocat
1507 5702 1606 5766 lib:
1627 5727 1683 5776 ν,

1879 4809 1994 4880 (52)
2027 4812 2490 4879 Παραπεσόντες
2517 4807 2631 4867 οὖν
2656 4812 2753 4866 καὶ
2785 4813 3102 4882 θύσαντες.
3145 4813 3389 4869 Tametsi

1807 4880 2162 4954 impetrandae
2218 4882 2564 4954 poenitentiae
2625 4896 2793 4954 causa
2847 4883 2915 4937 ad
2976 4880 3245 4954 martyres
3307 4885 3390 4937 id-

1806 4949 1958 5023 circo
2012 4949 2326 5023 confugisse
2371 4951 2542 5023 videri
2589 4953 2835 5023 possint,
2889 4953 3033 5023 quod
3091 4949 3255 5023 iidem
3303 4954 3418 5023 illi‘

1805 5019 2044 5091 episcopi
2073 5019 2273 5085 forent,
2304 5035 2340 5091 ad
2362 5021 2565 5091 quibus
2587 5021 2640 5091 id
2668 5019 3111 5078 obtineri‘debuit
3138 5041 3150 5076 :
3183 5021 3385 5074 nihilo-

1804 5090 1987 5144 minus
2013 5098 2248 5160 vetereln
2281 5090 2345 5144 ad
2380 5089 2547 5145 ritum
2592 5089 2846 5146 fortassis
2898 5091 3049 5144 istud
3100 5092 3329 5160 pertinet
3361 5107 3376 5157 ;

1805 5160 2133 5231 quoniapsos
2167 5159 2252 5231 ad
2279 5168 2548 5231 martyres
2587 5160 2789 5231 adiisse
2831 5161 3065 5224 scimus,
3099 5159 3155 5222 ut
3211 5160 3280 5213 ab
3307 5161 3375 5213 iis

1805 5227 2022 5302 libellos
2049 5244 2138 5302 ac,
2166 5229 2375 5302 litteras
2415 5227 2484 5284 ad
2530 5229 2802 5302 antistites
2831 5237 3095 5302 peterent,
3133 5244 3378 5302 quorum

1797 5298 2064 5370 beneflcio
2125 5297 2180 5352 in
2230 5299 2500 5370 integrum
2530 5297 2986 5370 restituerentur.
3045 5299 3120 5354 De
3149 5297 3374 5370 'quibns

1795 5366 2056 5438 frequens
2080 5376 2165 5424 est
2195 5366 2735 5440 apud'Cyprianum,
2769 5370 2993 5425 Tertull.
3030 5385 3094 5424 ac
3143 5366 3374 5423 ca'tcros

1793 5441 2016 5494 mentio.
2431 5443 2434 5446 ’

1873 5571 1985 5654 (5s)
2127 5573 2255 5642 μὴν
2281 5578 2383 5654 tyrr
2405 5578 2665 5654 ἕκαστος
2687 5571 2958 5654 δεξιωθῇ,
3003 5581 3198 5654 Clerici
3238 5591 3378 5654 post

1797 5644 2172 5708 paenitentiam
2226 5644 2498 5714 publicam
2559 5646 2625 5700 ad
2675 5644 3122 5706 communionem
3177 5644 3372 5708 iaicam

1795 5726 2189 5791 nonnunquam
2208 5715 2434 5791 redacti.
2459 5715 2605 5771 Alias
2623 5717 2829 5773 honore
2843 5733 2906 5774 ac
2923 5720 3184 5791 dignitate
3199 5722 3371 5786 salva,

1799 5781 1867 5834 ab
1896 5781 2340 5842 omnifunctione
2363 5784 2630 5841 duntaxat
2657 5798 2710 5844 ct
2729 5781 3200 5846 adminisﬁ-atione
3245 5781 3372 5848 sub;
