3826 6206
75 266 184 326 £89

713 271 1080 334 ADVERSUS
1107 277 1450 337 HERESES
1481 278 1610 337 LIB.
1642 279 1705 338 II.
1740 279 1905 339 ΤΟΜ.
1947 280 2087 337 II.—-
2114 280 2390 339 IIAERES.
2429 283 2662 342 LXVIII.

3250 280 3356 342 I90

77 381 300 452 νησίοις
328 382 613 454 μετάλλοις
644 382 780 456 (56).
803 389 914 444 Καὶ
937 390 1058 444 τότε
1082 392 1268 448 λοιπὸν
1295 395 1343 447 oi
1377 395 1664 466 συρόμενοι

1776 411 1894 452 cum
1954 399 2210 453 omnibus
2247 397 2356 454 illis
2399 397 2825 465 confessoribus,
2861 398 2956 469 qui
3009 399 3170 455 tracti
3202 400 3359 458 abre-n

76 476 240 539 5ντες
271 476 605 548 ὁμολογηταὶ
633 479 750 551 ἅμα
780 481 1057 554 Μελητίῳ,
1087 484 1183 539 καὶ
1215 486 1378 551 αὐτὸς
1400 485 1667 557 Μελήτιος

77 569 136 620 ἐν
176 567 250 638 τῇ
303 569 518 639 εἱρκτῇ,
569 570 713 624 κατά
757 571 854 642 τὴν
891 573 1220 646 ὁδοιπορίαν,
1268 579 1386 630 καθ’
1433 576 1668 650 ἑκάστην

77 654 274 726 χώραν
308 659 405 710 καὶ
437 659 558 712 καθ’
592 660 821 716 ἕκαστον
861 662 1024 718 τόπον
1061 665 1406 738 διερχόμενος
1438 669 1668 723 καθίστα

77 747 409 818 κληρικοὺς,
435 750 766 816 ἐπισκόπους
788 770 848 805 τε
870 755 962 808 καὶ
993 757 1413 831 πρεσϐυτέρους,
1439 759 1532 814 καὶ
1551 759 1668 812 δια-

75 840 308 910 κόνους,
337 843 432 896 καὶ
454 843 718 914 ᾠκοδόμει
747 845 1040 916 ἐκκλησίας
1070 848 1223 912 ἰδίας·
1255 852 1348 904 καὶ
1376 850 1498 904 ούτε
1524 844 1669 904 οὗτοι

82 929 304 994 τούτοις
323 932 660 999 ἐκοινώνουν,
691 933 813 987 οὗτε
837 936 1034 988 ἐκεῖνοι
1062 937 1290 1002 τούτοις.
1327 940 1670 1010 Ἐπέγραφον

80 1021 132 1073 δὲ
172 1021 416 1086 ἕκαστος
446 1024 506 1076 ὲν
536 1027 602 1096 τῇ
638 1025 746 1096 ίδίᾳ
781 1027 1067 1098 ἐκκλησίᾳ,
1107 1031 1154 1081 oi
1188 1028 1284 1099 μὲν
1317 1029 1424 1082 ἀπὸ
1446 1029 1541 1082 τοῦ
1569 1029 1672 1082 Πέ-

83 1128 215 1180 τρου
247 1111 644 1185 διαδεξάμενοι,
666 1115 879 1186 ἔχοντες
903 1118 1002 1182 τάς
1030 1117 1195 1183 οὔσας
1219 1121 1453 1191 ἀρχαίας
1471 1121 1668 1194 ἐκκλη-

81 1205 229 1267 ςξας,
276 1206 360 1258 ὅτι
406 1205 696 1278 Ἐκκλησία
725 1209 1008 1283 καθολικη,
1049 1213 1098 1264 oi
1142 1212 1198 1266 δὲ
1239 1213 1347 1266 ἀπὸ
1376 1212 1668 1284 Μελητίου,

92 1296 400 1368 Ἐκκλησία
432 1299 742 1372 μαρτύρων.
783 1303 946 1355 Ὅθεν
980 1303 1075 1357 καὶ
1111 1305 1169 1356 ἐν
1211 1303 1668 1373 Ἐλευθεροπόλει,

83 1392 180 1443 καὶ
207 1393 270 1443 ἐν
303 1389 474 1462 Γάζῃ.
507 1393 600 1446 καὶ
636 1394 694 1446 ἐν
726 1393 882 1466 Δίλίᾳ
914 1394 1202 1467 παρελθὼν
1238 1397 1266 1449 ὁ
1305 1396 1465 1460 αὐτὸς
1488 1396 1672 1468 Μελήο

83 1497 197 1543 τιος
231 1479 468 1544 πολλοὺς
491 1481 663 1546 οὕτως
694 1482 1093 1554 ἐχειροτόνησε.
1124 1484 1237 1539 Καὶ
1261 1484 1482 1553 γέγονεν
1509 1485 1670 1539 αὑτὸν

83 1573 512 1644 χρονοτριϐῆσαι
537 1573 594 1627 ἐν
614 1577 724 1638 τοῖς
741 1576 1156 1647 προειρημένοις
1177 1577 1476 1648 μετάλλοις.
1512 1577 1670 1632 Ἀλλὰ

84 1663 302 1733 μεταξὺ
339 1663 666 1718 ἀπολύονται
693 1666 800 1718 τῶν
834 1667 1109 1738 μετάλλων
1145 1669 1193 1721 οί
1233 1666 1579 1740 όμολογηταὶ,
1620 1669 1674 1722 οῖ

1774 488 1963 558 ptique
1987 503 2110 543 cum
2134 504 2199 544 eo
2229 488 2463 554 fuerant,
2503 497 2611 544 tam
2652 489 2708 543 in
2742 503 2964 544 carcere
2996 505 3158 560 quam
3186 490 3240 545 in
3265 491 3357 545 iti-

1773 594 1905 634 nere
1951 595 2015 635 ac
2037 595 2425 651 quamcunque
2465 582 2738 650 regionem
2773 580 3061 650 locumque
3094 595 3358 651 peragra—
3459 616 3472 629 .

1775 675 1878 731 ret,
1913 668 1986 724 ibi
2013 669 2266 732 clericos,
2287 670 2595 740 episc0pos,
2644 671 2990 742 presbyteros
3013 680 3067 726 et
3093 672 3357 728 diaconos

1776 758 2032 824 instituit,
2055 774 2118 814 ac
2139 761 2382 831 privatas
2415 762 2678 816 ecclesias
2696 761 2962 826 fundavit,
2990 778 3114 817 cum
3135 762 3355 818 interim

1777 861 1880 902 nec
1915 847 1968 901 bi
2008 863 2133 902 cum
2165 849 2296 911 illis.
2325 865 2427 905 nec
2450 850 2527 905 illi
2561 866 2686 905 cum
2716 851 2803 906 his
2833 866 3123 906 commune
3148 851 3357 922 aliquid

1777 935 2060 993 baberent.
2100 939 2272 995 Porro
2311 955 2467 996 suam
2524 943 2758 1013 quisque
2795 944 3081 999 ecclesiam
3125 943 3360 1000 diversis

1777 1028 2090 1086 10minibus
2142 1030 2522 1088 inscribebat:
2557 1049 2684 1089 nam
2764 1033 2913 1090 Petri
2969 1051 3353 1101 successores,

1776 1132 1944 1187 penes
1999 1134 2140 1189 quos
2169 1129 2384 1178 veteres
2432 1133 2589 1179 erant
2632 1123 2912 1189 Ecclesiae,
2939 1127 3225 1182 catholicae
3254 1126 3358 1184 Ec-

1776 1208 1960 1264 clesia:
2016 1210 2236 1265 titulum
2291 1215 2667 1283 usurpabant;
2721 1214 2997 1272 Meletiani
3051 1217 3359 1276 Ecclesiam

1776 1303 2098 1368 martyrum.
2171 1298 2342 1370 Igitur
2427 1301 2927 1374 Eleutheropolim,
3004 1307 3206 1362 Gazam
3304 1317 3359 1364 et

1777 1385 1982 1441 Aliam
2029 1388 2313 1458 profectus
2344 1391 2591 1450 Meletius
2637 1396 2930 1466 plerosque
2973 1398 3039 1452 ad
3077 1414 3200 1454 eum
3241 1415 3360 1455 mo-

1776 1477 1906 1533 dum
1955 1477 2250 1536 ordinavit.
2304 1482 2627 1554 Acciditque
2670 1494 2728 1540 ut
2782 1487 2851 1541 ad
2893 1488 3109 1542 metalla
3147 1489 3358 1546 diutius

1776 1569 2133 1626 detineretur.
2173 1572 2279 1628 Sed
2313 1575 2382 1631 ab
2415 1575 2484 1631 iis
2510 1576 2726 1632 tandem
2763 1578 3116 1636 confessorcs
3142 1581 3356 1635 liberati

1777 1670 1927 1726 sunt,
1955 1670 2066 1716 tam
2094 1664 2187 1734 qui
2210 1663 2373 1720 Petro
2417 1665 2674 1722 favebant
2707 1668 2910 1740 (adhuc
2935 1671 3080 1725 enim
3109 1671 3356 1741 complu—

82 1773 142 1808 τε
167 1755 272 1808 τοῦ
305 1755 505 1828 μέρους
531 1757 738 1827 Πέτρου
764 1754 924 1829 (ἦσαν
973 1758 1081 1831 γάρ
1123 1759 1206 1813 ἔτι
1241 1759 1470 1830 πολλοὶ),
1505 1760 1602 1813 καὶ
1625 1762 1673 1814 οί

1776 1764 1864 1806 res
1889 1752 2093 1821 erant),
2155 1769 2319 1823 quam
2381 1755 2674 1812 Meletiaui.
2732 1757 2836 1824 Qui
2890 1759 3107 1829 quidem
3151 1761 3205 1814 in
3246 1776 3361 1819 me-

83 1845 180 1898 τοῧ
210 1846 514 1917 Μελητίου.
552 1847 689 1901 Ούτε
717 1848 826 1920 γὰρ
863 1849 921 1901 ἐν
959 1853 1071 1913 τοῖς
1108 1850 1395 1921 μετάλλοις
1427 1851 1676 1921 ἀλλήλοις

83 1935 437 2002 ἐκοινώνουν,
475 1937 508 2008 ἥ
542 1938 885 2010 συνηύχοντο.
931 1939 1140 1994 Γίνεται
1182 1941 1239 1994 δὲ
1275 1942 1366 1995 τὸν
1404 1941 1675 2014 Μελήτιον

85 2025 167 2079 ἔτι
206 2027 495 2100 διατρίψας.
536 2030 595 2083 ἐν
633 2029 822 2100 κόσμῳ
859 2029 1071 2100 χρόνον,
1135 2031 1280 2085 ὥστε
1326 2033 1674 2103 συνακμάσαι

86 2120 180 2173 καὶ
231 2120 575 2194 Ἀλεξάνδρῳ
607 2121 685 2193 τῷ
713 2121 807 2176 τοῦ
841 2123 1047 2194 Πέτρου
1076 2123 1322 2195 διαδόχῳ,
1357 2124 1426 2178 τὰ
1456 2123 1585 2194 φίλα
1615 2141 1676 2177 τε

88 2209 259 2280 ἔχειν·
299 2213 572 2284 ἐμερίμνα
606 2214 766 2282 τεῇτὰ
799 2215 927 2286 περὶ
954 2214 1053 2284 τῆς
1098 2215 1421 2286 Ἐκκλησίας
1453 2216 1548 2270 καὶ
1586 2217 1677 2270 πί-

91 2317 289 2364 στεως.
331 2301 512 2376 Ἔφην
540 2303 646 2375 γὰρ
687 2302 962 2371 πολλάκις,
996 2305 1077 2357 ὅτι
1107 2303 1258 2358 οὐδὲν
1307 2301 1420 2375 εἶχε
1459 2305 1674 2378 παρηλ-

88 2391 391 2462 λαγμένον.

159 2486 241 2538 Δ’.
273 2484 449 2549 Αὐτὸς
475 2483 585 2556 γὰρ
623 2480 776 2551 οὗτος
816 2487 846 2538 ό
875 2487 1162 2557 Μελήτιος,
1201 2488 1260 2540 ἐν
1302 2487 1676 2560 Ἀλεξανδρείᾳ

93 2577 413 2647 γενόμενος,
443 2579 666 2631 κάκεῖσε
686 2577 976 2650 διατρίϐων
1003 2581 1214 2650 χρόνον,
1245 2579 1382 2651 ἔχων
1418 2580 1554 2634 ίδίαν
1573 2581 1673 2651 τὴν

99 2667 326 2732 σύναξιν
371 2671 470 2722 σὺν
506 2672 619 2735 τοῖς
660 2670 832 2736 ἰδίοις,
862 2670 952 2729 τὸν
985 2672 1202 2742 Ἀρειον
1250 2669 1532 2742 ἐφώρασεν
1581 2672 1677 2725 ἀν-

95 2758 336 2826 ενέγκας
380 2759 474 2812 ἐπὶ
518 2761 609 2814 τὸν
675 2759 1039 2834 Ἀλέξανδρον.
1109 2760 1197 2825 Ὠς
1230 2761 1469 2832 ὲνηχήθη
1501 2760 1557 2814 δὲ
1583 2761 1675 2815 τὸν

100 2850 324 2920 ’Δρειον
363 2852 423 2903 ὲν
456 2852 579 2914 ταῖς
621 2850 787 2905 αὐτοῦ
829 2851 1151 2923 ἐξηγήσεσιν
1186 2851 1291 2917 ἔξω
1323 2851 1417 2905 τού
1452 2869 1674 2924 προκει-

98 2940 267 3011 μένου
297 2941 401 3013 τῆς
429 2942 665 3007 πίστεως
693 2941 978 3014 βεϐηκότα·
1011 2939 1080 3015 ἦν
1112 2943 1222 3014 γὰρ
1255 2937 1406 3007 οὗτος
1441 2945 1498 2996 ἐν
1535 2943 1676 2996 Βαυ-

95 3033 237 3105 κάλῃ
287 3037 354 3105 τῇ
408 3034 705 3110 Ἐκκλησία
738 3036 880 3090 οὕτω
912 3035 1218 3109 καλουμένῃ
1269 3034 1673 3106 Ἀλεξανδρείας

93 3124 492 3196 πρεσϐύτερος.
546 3126 683 3179 Καθ’
733 3126 964 3199 ἑκάστην
1016 3126 1123 3199 γὰρ
1171 3123 1252 3188 εἷς
1311 3124 1672 3198 πρεσϐύτερός

95 3218 245 3270 ἐστιν
282 3216 722 3288 ἀποτεταγμένος
751 3235 765 3250 ο
809 3213 952 3289 ἦσαν
986 3217 1094 3289 γὰρ
1137 3216 1326 3270 πολλαὶ
1361 3215 1669 3285 ἐκκλησίαι,

91 3306 192 3370 νῦν
217 3307 278 3368 δὲ
313 3306 550 3372 πλείους,
586 3308 679 3361 καὶ
705 3308 852 3379 αὐτῷ
879 3311 912 3380 ἡ
954 3309 1248 3379 Ἐκκλησία
1277 3307 1670 3379 ἐγκεχείριστο·

96 3399 204 3452 κᾶν
226 3415 289 3451 τε
324 3398 484 3463 ἄλλος
517 3400 613 3454 σὺν
639 3398 786 3470 αὐτῷ
810 3395 897 3470 ἦν’
935 3392 1010 3452 ὧν
1028 3399 1189 3453 ἕνεκα
1207 3401 1488 3469 γενόμενοι
1514 3400 1572 3452 ἐν
1595 3401 1672 3468 τῷ

91 3492 249 3562 τόπῳ
272 3490 501 3562 λέξομεν
526 3493 668 3546 κατά
693 3491 1013 3564 λεπτότητα,
1038 3494 1126 3546 ὅτε
1149 3493 1306 3564 χρεία
1331 3492 1460 3563 περὶ
1481 3490 1672 3545 τούτου

93 3582 276 3634 ἐσται·
298 3582 419 3634 ἐπεὶ
439 3576 534 3635 οὖν
556 3581 806 3657 ἐφώρασε
833 3583 924 3636 τὸν
949 3583 1164 3654 ’Ἄρειον
1185 3583 1488 3647 σπουδαίως
1527 3581 1676 3635 Ἀλέ-

97 3671 343 3742 ξανδρος,
375 3672 719 3740 συγκαλέσας
748 3673 1078 3736 ἐπισκόπους
1104 3674 1197 3726 καὶ
1227 3672 1467 3739 σύνοδον,
1490 3673 1673 3745 ἐζήτει

94 3761 266 3826 ἀξιῶν
305 3764 434 3834 περὶ
465 3763 722 3828 πίστεως,
765 3765 860 3818 καὶ
900 3765 1144 3819 ἀπαιτῶν
1175 3763 1266 3819 τὸν
1301 3765 1520 3836 Ἀρειον
1545 3765 1675 3836 ccepi.

94 3850 198 3932 τῆς
221 3852 283 3905 ἐν
303 3851 452 3925 αύτῷ
473 3853 891 3927 ἐγκισσηθείσης
917 3855 1094 3926 λύμης
1121 3857 1221 3931 τῆς
1245 3854 1581 3924 κακοδοξίας.
1615 3857 1674 3910 Ὀ

95 3942 157 3996 δὲ
187 3943 402 4013 Ἀρειος
433 3943 494 3996 ού
520 3943 627 4027 μην
658 3945 956 4016 ἠρνήσατο,
989 3946 1128 4002 ἀλλά
1159 3945 1255 4000 καὶ
1287 3946 1425 4018 μετά
1447 3963 1673 4022 τετριμ-

101 4031 262 4102 μένου
296 4031 612 4103 προσώπου,
645 4033 720 4098 ώς
759 4030 924 4114 εἶχεν,
957 4037 1127 4101 οὕτως
1169 4038 1520 4109 ἀπεκρίνατο.
1565 4037 1676 4090 Καὶ

98 4125 237 4192 ἐξεοί
267 4125 370 4197 μὲν
413 4124 758 4200 Ἀλέξανδρος
787 4129 949 4186 αὐτὸν
977 4129 1076 4199 τῆς
1117 4129 1463 4208 Ἐκκλησίαςο
1496 4129 1676 4204 ἐξεοῦ·

97 4233 184 4269 ται
215 4215 278 4268 δὲ
304 4215 424 4286 ἅμα
452 4214 603 4286 αὐτῷ
635 4215 834 4289 πλῆθος
859 4217 1015 4282 πολὺ,
1042 4219 1091 4271 oi
1113 4218 1206 4270 ἀπ’
1233 4216 1397 4272 αὑτοῦ
1426 4235 1676 4294 κεχραμ-

104 4309 275 4380 μένοι,
319 4306 768 4378 παρθενευουσῶν
818 4310 912 4363 καὶ
953 4309 1126 4364 ἀλλων
1173 4309 1467 4382 κληρικῶν.
1522 4311 1581 4363 '0
1617 4310 1675 4363 δὲ

104 4403 342 4473 Ἄρειος,
378 4400 713 4472 ἀποδράσας,
741 4401 835 4470 ἐπὶ
867 4402 965 4473 τὴν
994 4402 1366 4456 Παλαιστίνων
1399 4402 1674 4458 στέλλεται

99 4494 195 4566 την
229 4493 481 4565 πορείαν.
527 4495 616 4547 Ἐν
655 4493 992 4566 Νικομηδείᾳ
1026 4493 1084 4548 δὲ
1125 4494 1382 4561 ἀνελθὼν,
1418 4495 1684 4571 κάκεῖθεν,

100 4587 311 4657 γράψας
349 4585 642 4650 ἐπιστολὰς
685 4584 1032 4656 Ἀλεξάνδρῳ,
1066 4585 1165 4657 ούχ
1206 4585 1531 4656 ὑπερέϐαινε
1576 4586 1680 4664 τῆς

103 4679 261 4732 αὑτοῦ
302 4676 630 4742 κακοδοξίας
669 4679 770 4750 τὴν
815 4677 1053 4749 μανιώδη
1087 4677 1344 4732 διάνοιαν.
1392 4677 1553 4732 ’Δλλά
1578 4696 1675 4749 με·

104 4768 226 4833 ταξύ
264 4768 453 4837 ὀλίγου
491 4767 584 4821 τοῦ
612 4769 822 4840 χρόνου,
856 4769 950 4822 τοῦ
984 4769 1148 4830 αὐτού
1201 4769 1547 4843 Ἀλεξάνδρου
1577 4769 1673 4824 τού

105 4860 250 4930 ἁγίου
280 4861 588 4918 ἐπισκόπου
631 4861 1029 4934 Ἀλεξανδρείας
1057 4861 1550 4935 ἐπιμελησαμένου,
1580 4861 1674 4915 καὶ

106 4955 419 5023 κινήσαντος
448 4952 541 5007 τὸν
568 4954 834 5025 μακάριον
859 4957 1288 5018 Κωνσταντῖνον,
1314 4956 1675 5026 συνεκρότησε

109 5043 312 5098 σύνοδον
343 5045 406 5097 ἐν
436 5046 505 5115 τῇ
537 5045 742 5116 Νικαίᾳ
769 5048 835 5116 τῇ
874 5046 1045 5100 πόλει.
1078 5049 1188 5101 Καὶ
1221 5046 1674 5119 ἀναθεματίζεται

111 5136 199 5204 μὲν
224 5137 256 5207 ὴ
302 5135 521 5209 Ἀρείου
552 5136 781 5207 αἵρεσις,
818 5137 957 5208 μετά
982 5137 1043 5190 τὸ
1075 5139 1368 5192 ἀποθανεῖν
1397 5139 1575 5193 αὐτόν.
1601 5139 1674 5193 Τδ

111 5222 312 5297 πρῶτδν
340 5227 442 5298 μὲν
473 5226 582 5298 γὰρ
611 5229 828 5299 ἠρνεῖτο
855 5230 933 5293 είς
961 5230 1252 5302 πρόσωπον
1282 5230 1376 5284 τού
1403 5231 1673 5304 μακαρίου

170 5383 279 5506 $56)
316 5382 423 5436 Ἦν
449 5383 578 5450 τοῖς
597 5385 944 5452 Φαινησίοις
969 5385 1312 5452 μετάλλοις.
1346 5385 1588 5441 Meminit
1613 5387 1669 5441 in

203 5469 286 5506 em
308 5458 699 5506 persecutione
713 5455 1041 5506 declaranda
1065 5454 1468 5506 Phaenesiornm
1487 5458 1669 5506 metal-

112 5454 286 5508 eadem
308 5458 699 5512 persecutione
713 5455 1041 5510 declaranda
1065 5454 1468 5511 Pharnesiorum
1487 5458 1671 5512 metal-

115 5522 272 5596 l_orum
308 5522 591 5596 Eusebius
612 5525 869 5596 vniiibro
892 5526 1292 5596 inAppendice,
1326 5528 1406 5582 vel
1427 5543 1546 5596 cap.
1569 5528 1665 5584 I7:

116 5592 225 5668 Τοῖς
251 5593 400 5668 κατά
423 5595 604 5648 Φαινῶ
644 5595 743 5668 τῆς
774 5592 1136 5668 Παλαιστίνης
1165 5596 1363 5668 χαλκοῦ
1390 5592 1671 5667 μετάλλοις

115 5664 224 5724 τοὺς
249 5665 465 5728 πάντας
512 5663 868 5736 παραδίδωσι.
900 5663 1072 5733 Quam
1094 5663 1522 5724 'horrenda'hazc
1554 5684 1669 5724 me-

1778 1843 1925 1898 tallis
1958 1857 1988 1896 a
2022 1854 2213 1899 mutua
2250 1850 2637 1905 communione
2677 1849 3046 1915 abstinebant,
3080 1865 3144 1906 ac
3172 1867 3241 1908 ne
3275 1851 3352 1908 si-

1775 1934 1888 1987 mul
1917 1932 2136 2003 quidem
2171 1936 2420 1992 orabant.
2471 1929 2720 1994 Meleti'us
2748 1953 2879 1995 vero
2919 1939 3012 1994 diu
3047 1948 3235 2010 postea
3270 1956 3358 1997 su-

1775 2031 1986 2095 perstes
2020 2022 2124 2079 fuit
2156 2026 2328 2082 :adeo
2351 2034 2411 2081 ut
2437 2043 2562 2083 cum
2611 2030 2926 2085 Alexandro
2957 2047 3174 2102 quoque
3209 2031 3353 2087 Petri

1775 2131 2099 2172 successore
2124 2116 2395 2185 floruerit,
2430 2135 2555 2175 cum
2600 2136 2775 2193 eoque
2807 2122 3229 2178 familiaritatem
3257 2124 3356 2179 ha-

1774 2207 1994 2275 buerit;
2028 2209 2356 2283 praecipuam
2407 2227 2571 2281 porro
2598 2212 2857 2270 Ecclesia:
2897 2214 3136 2286 fideique
3163 2231 3354 2270 curant

1774 2301 1964 2370 gessit.
2004 2299 2161 2368 Nam,
2188 2309 2248 2356 ut
2270 2319 2413 2373 saepe
2436 2304 2574 2362 dixi.
2599 2306 2734 2360 nihil
2760 2307 2830 2362 ab
2859 2321 2923 2362 ea
2952 2307 3231 2363 diversum
3260 2316 3357 2362 aut

1775 2391 2012 2445 alienum
2043 2393 2252 2447 docuit.

1845 2477 1934 2534 IV.
1980 2479 2289 2547 Quinctiam
2347 2497 2472 2537 cum
2517 2483 2659 2539 idem
2710 2481 3068 2541 Alexandria:
3108 2483 3358 2544 Meletius

1774 2578 1939 2633 esset,
1983 2571 2166 2643 ibique
2211 2573 2454 2644 privatos
2485 2589 2609 2628 cum
2649 2576 2765 2632 suis
2804 2585 3108 2632 conventus
3147 2577 3359 2634 habens

1774 2660 2091 2731 aliquandiu
2133 2662 2449 2728 mansisset,
2477 2666 2667 2720 Arium
2699 2682 2729 2720 a
2771 2683 2830 2723 se
2857 2667 3258 2738 deprehensum
3285 2669 3356 2724 ad

1773 2753 2144 2809 Alexandrum
2198 2756 2413 2821 detulit,
2461 2771 2586 2811 cum
2620 2772 2746 2819 eum
2795 2761 3099 2830 accepisset
3127 2775 3158 2814 a
3193 2771 3358 2816 recta:

1773 2846 1899 2909 fidei
1935 2861 2104 2918 scopo
2155 2848 2210 2903 in
2259 2847 2562 2921 Scripturis
2597 2849 2742 2920 apud
2791 2854 3050 2925 populum
3091 2851 3359 2922 interpre-

1773 2938 1956 2994 tandis
2011 2940 2289 2996 aberrare.
2353 2941 2516 2996 Arius
2567 2941 2712 2996 enim
2764 2941 3012 2996 Baucalae
3067 2942 3355 3012 cujusdam

1776 3031 1920 3102 apud
1978 3031 2362 3088 Alexandriam
2423 3030 2688 3088 Ecclesiae
2732 3034 3018 3104 presbyter
3052 3043 3190 3089 erat.
3218 3033 3355 3089 Nam

1776 3123 2079 3195 unicuique
2124 3123 2400 3189 Ecclesiae,
2433 3139 2555 3196 quae
2585 3132 2700 3179 tum
2756 3126 2942 3180 multa;
2972 3133 3150 3192 erant,
3194 3126 3357 3181 hodie

1774 3229 1908 3269 vero
1957 3214 2142 3285 plures
2189 3222 2339 3278 sunt,
2387 3228 2523 3269 suus
2577 3213 2978 3268 attribuebatur
3021 3213 3353 3283 presbyter:

1775 3320 1882 3376 qua
1934 3305 2146 3361 ratione
2201 3303 2598 3376 procurandam
2649 3299 2950 3360 Ecclesiam
3003 3303 3149 3358 illam
3189 3302 3356 3360 Arius

1775 3403 2113 3466 susceperat,
2143 3397 2260 3451 sive
2290 3395 2416 3465 quis
2443 3394 2586 3450 alius
2618 3393 2910 3465 adjunctus
2949 3395 3000 3450 ei
3057 3393 3254 3459 fuerat,
3287 3392 3358 3449 de

1773 3489 1974 3560 quibus
2029 3502 2130 3543 suo
2197 3487 2335 3554 loco,
2384 3502 2508 3542 cum
2554 3485 2606 3540 id
2635 3501 2859 3542 necesse
2893 3487 3019 3549 erit,
3043 3484 3356 3540 accuratius

1774 3595 2021 3651 agemus.
2047 3579 2400 3650 Deprehenso
2432 3577 2600 3649 igitur
2640 3576 2788 3643 Ario,
2816 3576 3121 3631 Alexander
3151 3573 3357 3630 indicto

1773 3675 2158 3744 episcoporum
2210 3672 2445 3728 concilio
2476 3672 2544 3728 de
2573 3669 2678 3726 fide
2731 3668 3028 3740 diligenter
3082 3665 3354 3736 inquisiit,
3459 3719 3466 3724 .

1774 3773 1828 3820 et
1856 3765 1924 3820 ab
1955 3763 2090 3818 Ario
2138 3777 2320 3834 prava;
2369 3778 2433 3818 ac
2485 3760 2812 3832 perniciosae
2872 3758 3020 3814 illius
3055 3756 3354 3828 Opinionis,

1775 3871 1937 3928 quam
1956 3855 2141 3910 animo
2154 3862 2503 3925 conceperat,
2541 3853 2817 3910 rationem
2834 3852 3030 3919 exegit.
3060 3849 3162 3904 Hic
3189 3848 3357 3904 Arius

1775 3945 1914 4002 nihil
1957 3946 2331 4017 tergiversari,
2387 3953 2482 4000 aut
2521 3943 2892 4009 dissimulare,
2926 3943 3088 4013 720
3109 3940 3204 3996 sed
3235 3955 3358 4012 per-

1773 4036 1936 4093 fricta
1968 4037 2171 4101 fronte,
2203 4035 2281 4091 uti
2333 4050 2393 4091 se
2426 4051 2516 4092 res
2559 4033 2815 4100 habebat,
2853 4032 3155 4103 respondit.
3181 4032 3354 4098 Quam

1774 4129 1848 4186 ob
1881 4142 1994 4183 rem
2048 4124 2359 4182 Alexander
2385 4140 2512 4181 eum
2562 4140 2630 4181 ex
2662 4123 2904 4179 Ecclesia
2941 4122 3272 4185 deturbavit,
3299 4129 3356 4176 et

1776 4235 1903 4276 cum
1932 4235 1999 4276 eo
2037 4219 2230 4290 ingens
2256 4216 2528 4288 virginum
2556 4231 2620 4270 ac
2658 4203 2980 4270 cae‘terorum
3007 4213 3352 4276 clericorum,

1775 4327 1916 4384 quos
1977 4310 2070 4365 ille
2117 4308 2462 4379 depravarat,
2517 4307 2599 4361 vis
2647 4305 2888 4376 ejicitur.
2911 4305 3024 4360 Sub
3051 4305 3164 4358 haec
3193 4304 3355 4358 Arius

1778 4403 1992 4472 fugiens
2018 4403 2074 4457 in
2112 4401 2456 4456 Palaestinam
2497 4397 2650 4454 abiit.
2678 4396 2804 4452 Inde
2831 4395 3198 4453 Nicomediam
3228 4409 3356 4465 pro-

1776 4492 1978 4559 fectus,
2005 4506 2070 4547 ex
2096 4505 2161 4546 ea
2188 4490 2322 4545 urbe
2351 4490 2562 4545 litteras
2590 4487 2656 4544 ad
2698 4488 3070 4544 Alexandrum
3094 4487 3265 4552 dedit,
3296 4486 3353 4541 in

1774 4586 1975 4658 quibus
2006 4585 2074 4640 ab
2105 4586 2299 4639 insana
2352 4590 2535 4638 mente
2581 4597 2645 4638 ac
2680 4581 2890 4638 furioso
2936 4582 3189 4654 dogmate
3242 4595 3351 4636 non

1772 4679 2026 4736 recessit.
2081 4675 2283 4734 Verum
2315 4677 2478 4747 paulo
2505 4684 2648 4746 post,
2683 4672 2977 4730 Alexandri
3014 4672 3351 4730 sanctissimi

1774 4771 2118 4828 Alexandriae
2149 4768 2393 4841 episcopi
2427 4768 2612 4824 studio
2671 4776 2726 4823 et
2765 4767 3011 4830 hortatu,
3037 4765 3208 4821 beatae
3238 4781 3352 4820 me-

1777 4864 1967 4921 moria:
1991 4862 2389 4920 Constantinus
2437 4847 2706 4932 synodum
2757 4859 2812 4914 in
2841 4859 2976 4913 urbe
3010 4855 3188 4912 Nicaea
3219 4871 3352 4911 con-

1780 4966 1988 5030 gregat,
2023 4958 2115 5012 ubi
2140 4957 2253 5011 Arii
2277 4955 2470 5026 dogma
2498 4964 2621 5024 post
2640 4954 2760 5023 ejus
2775 4961 3003 5010 mortem
3033 4951 3348 5006 damnatum

1778 5047 2189 5118 est.'Principio
2215 5046 2360 5103 enim
2394 5060 2578 5102 coram
2627 5047 2955 5116 imperatore
2988 5041 3350 5096 Constantino

1779 5141 2050 5196 inficiatus
2092 5139 2286 5205 fuerat,
2316 5145 2370 5192 et
2426 5137 2730 5194 cavillando
2776 5151 2840 5190 ac
2889 5132 3198 5190 simulando
3222 5147 3346 5186 cum

1775 5239 1927 5288 recta
1956 5231 2058 5287 fide
2083 5236 2469 5294 consentanea,
2510 5225 2869 5298 jurejurando
2907 5225 3067 5281 etiam
3106 5223 3349 5293 interpo-

1777 5385 2150 5461 tallajuerint,
2180 5386 2340 5461 docet
2376 5385 2578 5461 Athan.
2618 5381 2787 5461 Epist.
2814 5380 2899 5461 Iud
2937 5379 3108 5461 soli!”
3141 5376 3342 5461 p.658,

1781 5459 1874 5512 ubi
1902 5447 2224 5529 Eutychium
2245 5447 2679 5529 hypodiaconuni
2700 5452 2772 5529 _a_b
2799 5451 3017 5529 Arianis
3047 5447 3345 5529 scribit.
3395 5481 3409 5508 κ

1779 5516 2342 5583 ωειαιιαᾙαιῐιηειυῖιὶ
2372 5543 2384 5578 :
2411 5523 2521 5576 Kal.
2566 5520 2823 5593 μέταλλον
2860 5521 2961 5590 οὐχ
2995 5519 3203 5593 ἀπλῷς,
3229 5516 3342 5572 ἀλλ’

1777 5600 1859 5661 είς
1890 5597 1952 5650 τὸ
1982 5594 2321 5668 τῆςΑΦαινῶᾑ
2352 5593 2482 5668 ἔνθα
2509 5587 2602 5645 καὶ
2632 5592 2826 5668 φονεὺς
2854 5587 3345 5668 καταδικαζόμενος

1778 5656 1962 5737 ὀλίγας
1995 5656 2208 5739 ἡμέρας
2240 5665 2394 5737 μόγις
2424 5656 2854 5734 δύναταίζῆσαι.
2891 5656 3340 5716 Vide‘Ortelium.
