3826 6206
8 343 128 407 193

651 353 1022 412 ADVERSUS
1061 355 1404 414 ILERESES
1440 358 1570 414 LIB.

1745 357 1884 414 [ῸΜ.
1925 357 1990 412 Il.
2029 387 2099 398 —-
2141 357 2414 414 IIERES.
2457 356 2686 413 LXVIII.

3238 361 3342 418 I94

7 464 202 519 θεσιν.
246 466 523 540 ’ᾘδεισαν
556 470 666 544 γὰρ
699 473 864 527 αὑτὸν
913 473 1050 546 πρὸς
1097 475 1189 528 τὸν
1236 475 1460 546 βασιλέα
1493 479 1611 530 Κωι

1754 477 2086 530 auctoritate
2147 475 2329 530 valere
2386 476 2709 544 plurimum.
2779 473 2883 529 Per
2944 475 3093 530 hunc
3154 477 3340 549 itaque

8 560 328 613 σταντϊνον
361 565 684 636 παρρησίαν
709 564 873 637 ἔχειν,
899 564 1110 630 ἀξιοῦσί
1136 583 1196 619 τε
1217 566 1378 619 αὑτὸν
1397 568 1466 621 δι’
1487 568 1650 621 αὑτοῦ

5 649 90 718 τῷ
121 649 367 719 βασιλεί
395 656 781 727 γνωρισθῆναι.
829 657 888 710 '0
933 657 1012 722 δὲ,
1046 639 1184 727 μετὰ
1228 658 1289 709 τὸ
1319 658 1649 728 ὑποσχέσθαι

7 742 230 804 αὐτοὺς
269 744 537 799 ἀνοίσειν
571 745 649 818 τῷ
683 747 914 817 βασιλεῖ,
957 749 1052 802 καὶ
1099 749 1324 818 ποιῆσαι
1362 749 1546 812 αὐτοῖς
1589 748 1650 800 τὸ

3 834 271 903 πρᾶγμα
303 836 416 906 τῆς
439 837 694 908 δεήσεως,
730 839 960 891 αἰτεῖται
986 839 1116 910 παρ’
1143 837 1323 892 αὐτῶν
1349 838 1410 892 τὸ
1438 838 1651 909 αἴτημα

0 925 200 990 τοῦτο,
239 927 411 992 ὅπως
433 929 691 996 δέξωνται
724 931 944 1002 ’Ἀρειον
981 928 1100 1000 μετ’
1133 927 1313 983 αὐτῶν
1350 931 1430 993 εἰς
1458 947 1648 982 κοινω-

3 1016 154 1078 νίαν,
190 1018 380 1088 δῆθεν
423 1020 808 1093 προσποιητιῖκ
847 1021 1010 1074 αὐτὸν
1039 1021 1134 1074 καὶ
1178 1021 1433 1091 εἰρωνεία
1480 1038 1646 1092 μετα-

3 1106 277 1164 νοοῦντα.
321 1113 398 1164 Ol
431 1112 487 1166 δὲ
533 1113 920 1184 ὑπισχνοῦνται
955 1112 1118 1166 αὐτόν
1141 1113 1184 1167 ⁸.
1237 1114 1347 1167 Καὶ
1395 1113 1644 1168 ἐντεῦθεν

4 1199 345 1270 προσφέρει
403 1203 599 1268 αὐτοὺς
645 1205 722 1276 τῷ
773 1205 1002 1275 βασιλεῖ,
1038 1206 1132 1260 καὶ
1182 1205 1252 1260 τά
1295 1208 1415 1275 κατ’
1444 1207 1642 1272 αὐτοὺς

5 1287 296 1356 Εὐσέϐιος
343 1295 694 1350 ἀναδιδάσκει
717 1314 729 1327 ·
766 1298 862 1351 καὶ
905 1300 1266 1370 συγχωρεῖται
1300 1302 1412 1363 τοῖς
1455 1301 1641 1372 Μελη-

5 1384 226 1446 τιανοῖς
275 1383 479 1439 ἔκτοτε
526 1387 648 1440 καθ’
689 1389 912 1452 ἑαυτοὺς
962 1389 1240 1458 συνάγειν,
1286 1391 1378 1443 καὶ
1428 1390 1502 1462 μὴ
1537 1391 1642 1444 ὑπό

4 1489 178 1524 τινων
221 1475 544 1544 ὀχλεῖσθαι.
586 1479 672 1541 Ὠς
716 1478 826 1532 εἴθε
881 1479 1080 1550 μᾶλλον
1131 1483 1179 1534 et
1239 1483 1392 1535 αὐτοὶ
1433 1484 1483 1535 ot
1541 1483 1639 1554 τὴν

6 1567 536 1640 άκροδικαιοσύνην
567 1570 663 1641 τῆς
709 1570 970 1641 ἀληθείας
1008 1572 1425 1643 άναδεδεγμένοι
1459 1573 1642 1644 Μελη-

6 1661 188 1712 τιανοὶ
226 1662 394 1730 μετὰ
424 1662 532 1714 τῶν
560 1663 988 1733 παραπεσόντων
1015 1665 1156 1734 μετὰ
1187 1665 1475 1735 μετάνοιαν
1499 1667 1640 1718 ἐκοι-

10 1749 279 1822 νώνησαν
338 1754 496 1824 ἥπερ
536 1753 732 1824 Ἀρείῳ
767 1754 860 1808 καὶ
902 1757 1016 1820 τοῖς
1066 1755 1162 1809 ἀπ’
1195 1754 1390 1810 αύτοῦῐ
1443 1756 1638 1824 Γέγονε

9 1843 116 1914 γάρ
144 1844 359 1907 αὐτοῖς
395 1844 556 1897 τοῦτο
576 1845 717 1898 κατὰ
745 1845 842 1917 τὴν
875 1847 1196 1918 παροιμίαν,
1235 1847 1317 1901 ὅτι
1346 1847 1638 1916 φεύγοντες

8 1935 95 1986 τὸν
146 1934 388 1986 καπνὸν
448 1935 527 1997 εἰς
582 1933 692 2004 πῦρ
731 1935 1004 1989 ἐνέπεσον.
1053 1935 1190 1990 Οὓτε
1248 1936 1358 2007 γὰρ
1421 1939 1637 2002 ’Ἀρειος

8 2026 250 2095 ἠδύνατο
313 2025 475 2095 ἔχειν
520 2025 706 2078 στάσιν
759 2027 854 2079 καὶ⁸
901 2026 1238 2098 παρρησίαν,
1283 2025 1359 2098 μὴ
1402 2025 1488 2080 διὰ
1537 2027 1636 2097 τῆς

10 2117 281 2188 τοιαύτης
345 2116 700 2180 ὑποθέσεως,
746 2118 870 2188 ἥτις
911 2119 1134 2187 γέγονεν
1169 2119 1353 2182 αὐτοῖς
1403 2120 1496 2172 καὶ
1557 2121 1636 2183 είς

9 2208 170 2278 δεῦρο
232 2208 409 2280 κακὴ
457 2209 741 2277 συνάφεια.
795 2209 1177 2280 Συνεμίγησαν
1223 2209 1331 2281 γὰρ
1375 2211 1424 2262 οί
1469 2209 1638 2263 καθα-

15 2299 276 2370 ρεύοντές
317 2316 463 2352 ποτε
492 2301 588 2353 ικαὶ
616 2299 954 2370 άκροδίκαιοι
986 2301 1053 2370 τῇ
1097 2299 1277 2353 πίστει
1309 2300 1636 2371 Μελητιανοὶ

15 2390 153 2460 μετὰ
183 2390 309 2444 τῶν
340 2390 445 2443 τοῦ
489 2391 700 2466 Ἀρείου
735 2391 992 2461 μαθητῶν
1014 2407 1027 2421 ·
1063 2391 1161 2443 καὶ
1191 2391 1240 2443 οί
1275 2391 1493 2454 πλείους
1535 2392 1634 2462 μὲν

13 2482 110 2553 ἤδη
136 2481 514 2553 ὲχράνθησαν
536 2485 603 2553 τῇ
636 2483 730 2536 τοῦ
779 2482 989 2554 Ἀρείου
1016 2483 1370 2554 κακοπιστίᾳ,
1399 2483 1508 2536 ἀπὸ
1533 2483 1634 2554 τῆς

12 2574 258 2638 πίστεως
304 2575 686 2646 ἐκτραπέντες
715 2576 772 2626 ὲν
813 2574 1022 2638 τούτοις
1059 2576 1172 2637 τοῖς
1214 2574 1460 2645 χρόνοιςο
1491 2576 1634 2638 τινὲς

12 2669 87 2731 δὲ,
115 2669 165 2719 εί
198 2666 307 2721 καὶ
333 2667 566 2736 ἔμειναν
589 2665 802 2736 ἔχοντες
826 2665 924 2736 τὴν
948 2664 1206 2736 ἀληθινὴν
1227 2666 1428 2732 πίστιν,
1454 2667 1633 2736 ἔχουσι

13 2759 134 2828 μὲν,
181 2757 250 2811 οὐ
300 2757 424 2828 μὴν
462 2756 518 2810 δέ
571 2758 708 2811 εἰσιν
748 2756 1158 2827 ἀπηλλαγμένοι
1211 2756 1311 2825 τῆς
1359 2755 1634 2829 βορϐορώ-

13 2849 133 2914 δους
167 2849 468 2921 ρυπαρίας
498 2849 585 2903 διὰ
617 2849 716 2919 τὴν
747 2849 882 2920 πρὸς
913 2848 1005 2900 τὸν
1033 2849 1249 2918 ’Ἀρειον
1279 2849 1376 2900 καὶ
1415 2850 1634 2919 Ἀρεια-

17 2944 134 3005 vet;
157 2943 494 2998 κοινωνίαν.
540 2941 670 2994 Ἀπὸ
692 2940 748 2992 δὲ
770 2941 870 3011 τῆς
897 2939 1302 3010 προειρημένης
1327 2939 1636 3006 ὑποθέσεως

16 3035 172 3106 ἔσχεν
191 3038 227 3104 ἡ
245 3036 407 3107 πρὸς
426 3034 645 3099 τούτους
663 3034 926 3104 συνάφεια
950 3031 1217 3103 Μελητίου
1234 3049 1293 3084 τε
1314 3035 1408 3086 καὶ
1425 3034 1636 3106 Ἀρειαο

17 3128 122 3180 νῶν
152 3145 312 3198 προερ
320 3127 508 3190 ἁσεις.

100 3219 270 3272 Ἀλλά
301 3218 525 3290 μεταξὺ
571 3217 752 3287 ὀλίγου
786 3217 978 3288 χρόνου
1010 3214 1214 3288 (καθὼς
1242 3217 1262 3247 ’
1319 3213 1639 3285 ὑπεσχόμην

19 3313 194 3366 εἰπεῖν
230 3301 344 3383 τὴν
400 3309 657 3364 ὑπόθεσιν
697 3309 930 3364 ἐνταῦθα
964 3309 1352 3380 διηγήσομαι),
1398 3309 1642 3376 ἀναγκα-

19 3404 249 3475 ζομένου
268 3403 641 3474 Ἀλεξάνδρου
655 3401 748 3455 τοῦ
769 3401 870 3474 τῆς
894 3400 1515 3462 Κωνσταντινουπόλεως
1529 3401 1642 3452 ὲπι-

23 3497 226 3550 σκὸπου
259 3495 615 3560 συνάξαιτὸν
638 3497 876 3567 Ἀρειον,
908 3495 1002 3548 καὶ
1031 3491 1197 3548 αὐτοῦ
1229 3492 1523 3564 εὐχομένου
1546 3492 1640 3546 καὶ

21 3589 423 3657 στενάξαντος,
447 3587 538 3641 καὶ
562 3587 842 3650 κλίκιαντος
859 3584 1146 3654 τάγόνατα
1169 3601 1238 3637 πε
1247 3585 1299 3655 pl.
1316 3583 1464 3655 ὥραν
1486 3584 1638 3636 ἐννά-

20 3698 114 3750 την
143 3681 231 3752 τῷ
259 3679 551 3750 Σαϐϐάτῳ
579 3677 808 3733 ἐνώπιον
835 3677 930 3746 τοῦ
964 3676 1370 3749 θυσιαστηρίου,
1406 3674 1500 3729 τοῦ
1532 3676 1638 3728 Εύ-

27 3773 212 3824 σεϐἰου
234 3771 531 3841 λέγοντος,
564 3772 646 3824 ὅτι
678 3772 741 3841 Et
803 3772 877 3842 μὴ
931 3769 1251 3841 βουληθείης
1287 3769 1428 3823 ἑκὼν
1449 3769 1638 3822 τοῦτον

26 3865 178 3917 αὑτὸν
212 3863 486 3936 συνάξαι,
522 3862 742 3924 ἄκοντος
763 3880 857 3916 σου
890 3864 984 3916 σὺν
1002 3862 1127 3932 ἐμοὶ
1163 3859 1527 3914 εἰσελεύσεται
1567 3860 1636 3929 τῇ

29 3954 210 4024 αἴθριον
251 3952 462 4025 ἡμέρα
489 3951 765 4024 ’Κυριακὴ
804 3951 860 4005 δὲ
909 3953 1251 4022 ἐπέφωσκεν·
1281 3951 1356 4014 ὡς
1380 3950 1436 4003 δὲ
1478 3949 1633 4019 ἔφην,

32 4045 334 4115 εὐξαμένου
392 4042 491 4096 τοῦ
533 4042 904 4115 Ἀλεξάνδρου,
943 4045 1038 4098 καὶ
1068 4044 1351 4115 δεηθέντος
1397 4041 1490 4097 τοῦ
1528 4045 1638 4096 Κυ-

34 4138 136 4204 ρίου
173 4133 352 4206 ήμῶν
391 4133 428 4202 ἢ
468 4133 631 4186 αὐτὸν
661 4135 884 4204 ἐπᾶραι,
918 4134 1006 4187 ἵνα
1043 4135 1117 4205 μὴ
1151 4133 1501 4206 συμμολυνθῇ
1556 4134 1636 4205 τῷ

44 4228 232 4297 Ἀρείῳ
257 4226 349 4296 τῷ
381 4225 530 4279 κατὰ
558 4225 653 4278 τοῦ
684 4226 890 4299 Κυρίου
923 4225 1399 4299 βλασφημήσαντι,
1423 4226 1457 4298 ἢ
1486 4227 1646 4296 ποιῆ-

35 4335 114 4370 σαι
147 4316 478 4390 παράδοξόν
507 4335 582 4383 τι,
611 4317 686 4380 ὡς
719 4318 908 4371 εἴωθεν
936 4321 994 4373 ὲν
1025 4321 1186 4390 γενεᾷ
1215 4320 1311 4374 καὶ⁸
1342 4320 1504 4390 γενεᾷ
1532 4337 1636 4372 πα-

38 4412 454 4482 ραδοξοποιεῖν,
512 4412 613 4464 ούκ
665 4413 745 4474 εἰς
797 4410 1017 4484 μακράν
1069 4414 1102 4482 ἡ
1153 4411 1288 4484 εὐχὴ
1336 4411 1430 4465 τοῦ
1477 4411 1636 4480 ἁγίου

1754 565 2040 621 conciliari
2069 581 2128 622 se
2161 550 2484 636 imperatori
2529 581 2594 620 ac
2633 563 2860 635 perduci
2898 567 3198 636 postulant.
3232 567 3339 637 Qui

1751 672 1878 712 cum
1912 658 2122 727 prolixe
2159 658 2246 712 bis
2295 657 2482 712 omnia
2515 655 2794 711 facturum
2828 673 2888 714 se
2915 659 3242 730 recepisset,
3278 670 3342 716 ut

1751 756 1804 806 et
1832 747 1901 805 de
1927 750 2147 805 illorum
2179 763 2349 805 causa
2385 749 2451 803 ad
2482 749 2872 819 imperatorem
2912 749 3166 816 referret,
3201 763 3256 806 et
3285 753 3340 809 id

1749 842 1897 912 quod
1927 843 2187 912 petebant
2217 842 2564 916 impetraret,
2592 843 2838 898 vicissim
2861 843 2968 898 hoc
2993 844 3061 898 ab
3097 834 3210 901 illis
3239 861 3340 916 po-

1750 934 1937 999 stulat,
1980 944 2040 989 ut
2071 933 2268 988 Arium
2307 935 2362 989 in
2394 936 2842 991 communionem
2870 936 3201 1006 reciperent,
3245 938 3339 1007 qui

1749 1025 1929 1081 ﬁctam
1965 1027 2398 1097 simulatamque
2447 1028 2827 1098 pmnitentiam
2869 1044 2982 1098 prae
3018 1045 3078 1084 se
3111 1030 3337 1084 tulerat.

1748 1115 1906 1182 Quod
1941 1115 2034 1174 ubi
2077 1117 2507 1186 spopondissent
2529 1157 2545 1182 ,
2578 1117 2647 1172 ad
2684 1117 3072 1188 imperatorem
3107 1134 3206 1175 eos
3242 1119 3338 1174 ad-

1746 1207 1901 1261 ducit
1935 1207 2248 1272 Eusebius,
2283 1210 2618 1279 exponitque
2654 1209 2784 1279 quid
2828 1210 2936 1266 illis
2984 1210 3187 1280 negotii
3221 1210 3334 1275 sit;

1746 1313 1810 1354 ac
1852 1307 2138 1369 postremo
2173 1298 2478 1354 Meletianis
2503 1301 2574 1354 ab
2603 1315 2668 1355 eo
2706 1309 2948 1370 tempore
2977 1300 3334 1370 permissum,

1745 1391 1998 1460 privatim
2051 1400 2110 1445 ut
2148 1393 2270 1446 sine
2307 1393 2416 1446 ulla
2463 1393 2793 1462 cujusquam
2839 1393 3091 1447 molestia
3134 1408 3338 1448 conve-

1743 1477 1862 1532 nire
1891 1485 2138 1547 possent.
2175 1477 2394 1533 Utinam
2445 1479 2720 1534 Meletiani
2768 1480 2881 1545 isti,
2921 1482 3012 1550 qui
3043 1483 3336 1537 exactissi-

1743 1583 1885 1621 mam
1937 1567 2165 1637 justitire
2212 1585 2278 1624 ac
2333 1569 2585 1625 veritatis
2627 1572 2898 1626 rationem
2942 1571 3181 1643 professi
3223 1573 3335 1630 fue-

1743 1667 1906 1730 rant,
1954 1676 2079 1716 cum
2129 1663 2198 1718 iis
2232 1663 2326 1733 qui
2380 1663 2520 1734 lapsi
2572 1673 2728 1718 erant
2780 1674 2904 1733 post
2950 1665 3329 1734 ptenitentiam

1743 1752 2184 1808 communionem
2230 1753 2455 1819 habere,
2487 1769 2653 1824 quam
2698 1769 2824 1808 cum
2854 1755 3078 1812 Arianis
3106 1758 3340 1812 maluiso

1744 1844 1894 1898 sent!
1931 1843 2174 1915 Contigit
2207 1845 2356 1900 enim
2401 1845 2512 1900 illis
2538 1844 2682 1915 quod
2721 1855 2807 1901 est
2841 1847 2895 1901 in
2928 1849 3239 1916 proverbio,
3273 1858 3333 1904 ut

1744 1934 1837 2002 qui
1889 1933 2100 1987 fumum
2154 1933 2440 2000 devitant,
2493 1934 2550 1988 in
2591 1937 2769 2006 ignem
2825 1935 3092 1991 incidant.
3143 1936 3332 2009 Neque

1743 2025 1889 2078 enim
1921 2025 2226 2080 consistere
2257 2025 2447 2090 Arius,
2483 2033 2575 2080 aut
2626 2025 2881 2081 ﬁduciam
2918 2029 3087 2082 ullam
3129 2028 3332 2085 habere

1744 2111 2174 2179 potuiSset,'nisi
2204 2126 2322 2165 eam
2360 2120 2511 2167 esset
2557 2113 2906 2168 occasionem
2956 2103 3330 2186 nactus,qu:e

1745 2200 2041 2270 pessimam
2103 2200 2247 2255 inter
2300 2201 2426 2256 illos
2479 2202 2547 2255 ad
2602 2202 2927 2258 hodiernum
2977 2221 3154 2275 usque
3185 2207 3331 2260 diem
3392 2218 3400 2228 ‘

1742 2291 2096 2347 concordiam
2136 2293 2400 2348 devinxit.
2461 2294 2744 2365 Siquidem
2799 2293 3072 2350 Meletiani
3126 2296 3331 2352 sinceri

1741 2383 2016 2452 quondam
2064 2384 2297 2455 ﬁdeique
2349 2387 2679 2441 tenacissimi
2745 2402 2871 2440 cum
2923 2388 3142 2442 Arianis
3181 2403 3330 2444 com-

1742 2475 1890 2531 misti
1933 2485 2097 2543 sunt;
2131 2484 2186 2530 et
2217 2477 2463 2548 plerique
2497 2477 2635 2534 falsa
2676 2479 2788 2532 Arii
2838 2479 3090 2533 doctrina
3140 2492 3329 2534 conta-
3367 2485 3374 2490 ’

1719 2564 1932 2618 'minati
1991 2579 2023 2618 a
2081 2574 2231 2620 recta
2285 2567 2388 2621 ﬁde
2433 2567 2539 2621 hoc
2599 2575 2845 2638 tempore
2894 2566 3327 2638 degenerarunt;

1743 2656 1995 2712 nonnulli
2029 2672 2164 2712 vero
2191 2658 2296 2714 etsi
2329 2669 2650 2713 constanter
2680 2658 2735 2712 in
2766 2673 2830 2713 ea
2861 2668 3284 2727 perseverarunt
3311 2675 3328 2723 ;

1744 2750 1815 2804 ob
1846 2751 1992 2804 illam
2018 2758 2199 2806 tamen
2238 2767 2362 2806 cum
2395 2751 2526 2806 Ario
2555 2751 2890 2822 Arianisque
2918 2751 3231 2807 societatem
3272 2753 3329 2807 in

1742 2856 1904 2896 coeno
1945 2841 2039 2897 illo
2074 2857 2138 2895 ac
2171 2843 2432 2898 sordibus
2485 2843 2785 2898 haeserunt.
2825 2841 2949 2898 Ilazc
2997 2843 3096 2897 fuit
3125 2851 3336 2898 mutua:

1743 2932 1887 2987 inter
1933 2932 2254 2990 Meletianos
2281 2943 2335 2990 et
2361 2933 2602 2990 Arianos
2626 2935 3038 3005 coniunctionis
3078 2935 3303 2991 occasio

1813 3215 1975 3286 722
2025 3213 2295 3270 Caeterum
2344 3213 2496 3270 brevi
2539 3215 2828 3286 interiecto
2879 3225 3126 3287 tempore
3175 3217 3326 3291 (jam

1742 3307 1888 3361 enim
1944 3307 2022 3360 uti
2072 3308 2352 3377 pollicitus
2407 3323 2528 3364 sum
2573 3309 2912 3364 narrationis
2961 3312 3159 3366 seriem
3197 3327 3326 3381 per-

1743 3407 1924 3455 tcxam
1951 3399 1990 3464 ),
2023 3414 2147 3453 cum
2183 3399 2493 3454 Alexander
2521 3398 3173 3471 ConstantinOpolitanus
3201 3403 3324 3473 epi-
3393 3395 3402 3402 ’

1741 3507 1944 3562 scopus
1971 3491 2160 3545 Arium
2195 3492 2261 3545 ad
2292 3492 2736 3547 communionem
2769 3492 3062 3548 admittere
3101 3502 3328 3552 coactus

1741 3585 1808 3639 ad
1855 3599 2047 3656 preces
2069 3592 2129 3656 ,ει
2159 3584 2399 3654 suspiria
2434 3582 2802 3653 confugisset,
2853 3582 3015 3640 ﬂexis
3043 3587 3192 3640 circa
3224 3585 3328 3642 Ito-

1741 3693 1859 3732 ram
1912 3693 2114 3733 nonam
2173 3676 2396 3732 Sabbati
2459 3684 2588 3732 ante
2636 3677 2806 3732 altare
2859 3677 3124 3747 genibus,
3175 3678 3325 3748 quod

1739 3769 2012 3825 Eusebius
2063 3771 2136 3823 ita
2188 3770 2561 3824 comminatus
2606 3775 2755 3825 esset
2801 3787 2814 3824 :
2861 3767 2978 3824 Nisi
3021 3779 3217 3840 sponte
3267 3770 3326 3824 in

1739 3860 2180 3915 communionem
2210 3860 2362 3913 illum
2391 3859 2638 3930 recipere
2659 3858 2925 3923 volueris,
2943 3859 3188 3915 crastino
3210 3859 3323 3926 die,

1739 3960 1794 4007 te
1824 3953 1992 4006 etiam
2025 3951 2220 4016 invito,
2251 3967 2462 4006 mecum
2490 3950 2852 4022 ingredietur.
2871 3951 3116 4008 Instabat
3137 3959 3324 4007 autem

1740 4045 2060 4101 Dominicus
2109 4044 2266 4111 dies;
2301 4059 2472 4114 quare
2511 4058 2636 4098 cum
2687 4043 3022 4108 Alexander,
3069 4051 3132 4098 ut
3179 4043 3325 4099 dixi-

1738 4153 1898 4202 mus,
1948 4134 2186 4190 orationi
2233 4147 2292 4189 se
2333 4131 2610 4195 dedisset,
2657 4133 2711 4186 et
2757 4147 2786 4185 a
2825 4131 3057 4186 Domino
3092 4131 3324 4202 supplex

1738 4237 1966 4300 peteret,
1999 4234 2060 4281 ut
2082 4225 2166 4282 vel
2190 4240 2250 4280 se
2271 4239 2335 4279 ex
2359 4223 2463 4278 hac
2491 4223 2601 4277 vita
2632 4223 2868 4287 tolleret,
2899 4239 2968 4278 ne
2992 4223 3128 4289 Arii,
3146 4224 3241 4294 qui
3267 4224 3320 4278 in

1737 4319 1909 4376 Deum
1951 4315 2386 4373 contumeliosus
2429 4313 2643 4380 fuerat,
2697 4314 3022 4384 contagione
3051 4315 3331 4385 polluere»

1737 4419 1856 4478 ttl';
1908 4420 2002 4465 aut
2058 4408 2382 4464 inusitatum
2439 4405 2721 4479 quoddam.
2754 4406 3065 4476 prodigium
3113 4405 3321 4469 ederet,

35 4505 370 4576 ἐπληροῦτοο
411 4503 555 4558 κατὰ
590 4504 706 4581 τὰς⁵
729 4504 930 4568 νύκτας
963 4504 1219 4558 εἰσελθὼν
1247 4507 1276 4558 ὁ
1312 4506 1528 4576 ’Λρειος
1553 4506 1611 4558 sia

1745 4501 2048 4573 cujusmodi
2091 4500 2258 4556 certis
2293 4499 2639 4570 temporibus
2687 4498 2901 4553 eﬂicere
2946 4499 3119 4565 solet,
3159 4499 3322 4568 paulo

36 4602 187 4656 θᾶκον
216 4602 372 4675 πρὸς
407 4599 508 4660 τὰς
536 4599 706 4653 αὐτοῦ
729 4599 918 4670 χρείας
943 4598 1488 4669 παρασκευασθῆναι,
1514 4598 1633 4652 ἐλάι-

38 4712 164 4758 κισε,
193 4695 472 4763 καθάπερ
497 4691 593 4746 καὶ
636 4689 834 4756 Ἰούδας
861 4691 993 4745 ποτέ
1013 4709 1027 4722 ο
1066 4690 1159 4744 καὶ
1191 4689 1365 4754 οὕτως
1393 4689 1453 4744 τὸ
1480 4689 1631 4754 τέλος

20 4787 186 4842 ιαύτοῦ
224 4789 474 4858 γέγονεν
501 4785 560 4838 ὲν
584 4784 738 4854 τόπῳ
763 4783 990 4838 δυσώδει
1019 4783 1121 4852 τῆς
1144 4783 1504 4853 ἀκαθαρσίας.

96 5053 167 5105 Ζ’.
208 5049 382 5104 Μετὰ
432 5048 491 5102 δὲ
522 5047 710 5100 τοῦτον
744 5046 835 5100 τὸν
884 5045 1074 5117 χρόνον
1116 5044 1299 5100 λοιπὸν
1340 5044 1636 5099 ἐκαττύετο

40 5145 152 5215 περὶ
181 5145 201 5175 ³
229 5143 349 5196 τῶν
399 5139 596 5194 τούτου
639 5137 895 5210 μαθητῶν
932 5137 1002 5190 τὰ
1046 5137 1189 5190 κατὰ
1234 5138 1330 5208 τὴν
1364 5137 1632 5209 συσκευὴν

39 5233 126 5302 τῆς
177 5232 548 5304 Ἐκκλησίας.
598 5231 886 5284 Ἐτελεύτα
935 5229 1381 5302 δὲ’Ἀλέξανδρος
1417 5231 1446 5284 ὁ
1486 5231 1634 5284 Ἀλεσ-

43 5325 315 5398 ξανδρείας
352 5327 503 5396 μετά
541 5324 639 5394 τὴν
671 5325 729 5376 ὲν
759 5323 964 5393 Νικαία
995 5322 1230 5378 σύνοδον.
1258 5324 1332 5375 Ού
1371 5323 1553 5396 παρῆν
1575 5323 1633 5376 δὲ

56 5419 366 5483 Ἀθανάσιος
399 5417 541 5488 μετὰ
563 5418 656 5470 τὸν
679 5417 910 5471 θάνατον
926 5416 1156 5487 Ἀρείου.
1175 5417 1429 5478 Διάκονος
1443 5415 1552 5487 γὰρ
1565 5411 1632 5487 ἦν

47 5512 150 5561 κατ’
167 5511 351 5564 ἐκεῖνο
377 5506 576 5580 καιροῦ
602 5506 707 5560 ὑπὸ
739 5504 1220 5578 Ἀλεξάνδρου,καὶ
1246 5506 1524 5578 ἀπεστάλη
1539 5507 1631 5560 ὑπ’

48 5590 198 5656 αὑτοῦ
223 5607 309 5668 είς
323 5603 390 5656 τὸ
410 5601 742 5674 κομητᾶτον.
789 5597 1140 5671 Ἀλεξάνδρου
1171 5599 1227 5652 δὲ
1248 5599 1629 5655 ὲντειλαιιένου

117 5786 208 5842 ιε.
234 5788 412 5860 αὐτῷ.
491 5793 512 5822 ²
544 5786 703 5845 Deest
729 5787 858 5860 γάρ.
935 5787 954 5820 ³
984 5787 1110 5845 Cor.
1140 5787 1300 5859 napi

1739 4600 1861 4664 post
1913 4592 2091 4647 sancti
2139 4592 2242 4646 viri
2287 4590 2436 4661 quod
2487 4591 2704 4646 volebat
2762 4591 3078 4661 impetravit
3123 4592 3321 4646 oratio.

1735 4684 1903 4738 Arius
1948 4683 2096 4738 enim
2143 4681 2212 4739 de
2259 4688 2422 4738 nocte
2474 4681 2689 4736 levandi
2749 4681 2960 4736 ventris
3015 4682 3192 4752 gratia
3250 4683 3322 4737 ad

1735 4775 1928 4830 cellam
1968 4774 2193 4830 veniens
2231 4773 2446 4844 crepuit
2486 4773 2946 4843 quemadmodum
2977 4771 3150 4830 ludas
3191 4775 3321 4828 olim

1736 4865 1984 4936 proditor
2010 4906 2026 4930 ,
2057 4875 2113 4921 et
2150 4865 2204 4920 ih
2256 4865 2474 4938 impuro
2517 4865 2611 4921 illo
2646 4881 2710 4922 ac
2750 4865 2947 4923 faetida
2989 4867 3115 4921 loco
3157 4867 3318 4922 linem

1737 4959 1958 5015 vivendi
1986 4957 2134 5016 fecit.

1811 5050 1926 5106 VII.
1971 5049 2286 5106 Secundum
2335 5050 2450 5107 haec
2499 5051 2570 5106 ab
2609 5052 2732 5122 ejus
2775 5051 3062 5120 discipulis
3088 5049 3318 5105 fraudu-

1740 5139 1889 5198 lenta
1936 5140 2028 5195 illa
2079 5149 2276 5196 contra
2326 5139 2628 5197 Ecclesiam
2687 5143 2820 5198 inita
2876 5141 3108 5198 consilia
3165 5148 3316 5196 sunt.

1740 5232 2050 5288 Alexander
2093 5247 2223 5288 vero
2271 5231 2617 5289 Alexandriae
2665 5234 2956 5304 episcopus
2997 5240 3119 5304 post
3150 5231 3319 5288 Nicae-

1740 5341 1870 5380 nam
1919 5323 2189 5397 synodum
2239 5325 2406 5391 obiit,
2463 5326 2691 5382 absente
2745 5332 2867 5398 post
2916 5324 3031 5380 Arii
3083 5331 3315 5380 mortem

1741 5415 2064 5478 Athanasio.
2113 5418 2207 5485 qui
2238 5415 2504 5470 diaconus
2540 5431 2637 5486 per
2688 5416 2820 5470 illud
2854 5424 3067 5486 tempus
3094 5416 3328 5518 ordina-'

1741 5515 1830 5562 tus
1871 5507 1942 5561 ab
1969 5507 2298 5574 Alexandro,
2335 5507 2404 5563 ab
2433 5506 2624 5563 eodem
2658 5507 2862 5564 missus
2895 5508 2962 5564 ad
2994 5506 3328 5590 comitatum;

1739 5599 1938 5658 fuerat.
1985 5599 2234 5673 Cumque
2267 5602 2510 5660 moriens
2541 5601 2853 5658 Alexander
2894 5603 3106 5658 nullum
3147 5591 3327 5661 aliqu
