3826 6206
483 285 589 342 195

1816 258 1820 263 “
1888 281 1947 336 s.
1985 278 2329 335 EPIPHANll

3646 282 3754 339 196

482 394 657 457 suilici
688 398 795 455 sibi
825 406 1023 470 praeter
1050 394 1411 455 Athanasium
1467 387 1809 467 mandasset,
1853 408 1911 455 ut
1949 408 2059 454 tam

2225 398 2367 468 γδένα
2402 382 2807 469 κατασταθῆναι
2840 400 2888 451 εἰ
2911 398 2984 469 μὴ
3027 398 3359 463 Ἀθανάσιον,
3386 400 3466 477 ,ὼς
3496 399 3667 462 αὑτός
3697 417 3753 451 τε

484 492 623 560 ipse,
658 505 824 560 quam
851 490 1062 555 clerici,
1091 500 1145 545 et
1181 491 1443 546 universa
1469 490 1603 545 adeo
1638 490 1884 546 Ecclesia
1915 490 2065 545 testi-

484 582 773 645 ficabatur,
815 580 1095 636 Meletiani
1148 581 1368 652 Egypti
1419 583 1662 651 episcopi
1714 582 2061 636 occasionem

482 674 629 727 nacti
679 675 843 740 (nam
877 673 1210 728 Alexandria
1242 689 1523 744 nunquam
1559 682 1618 727 ut
1662 674 1780 727 alia}
1814 673 2064 727 civitates

482 765 621 820 duos
652 765 942 834 episcOpos
969 764 1211 832 habuit),
1264 781 1390 820 cum
1424 764 1824 819 Alexandrinus
1854 766 2067 835 episco-

482 868 586 925 pus
618 857 873 921 abesset,
907 854 1189 910 Theonam
1225 857 1525 926 quemdam
1548 858 1908 910 substituunt.
1947 855 2067 921 Quo

482 948 704 1017 quidem
744 955 867 1016 post
910 949 1128 1001 tertium
1169 962 1411 1001 mensem
1450 956 1694 1010 mortuo,
1736 948 1897 1016 paulo
1938 954 2063 1016 post

499 1038 833 1092 Athanasius
876 1037 1115 1092 advenit.
1170 1036 1307 1090 Tum
1358 1038 1596 1107 undique
1647 1045 1836 1091 coacto
1879 1039 2068 1093 ortho-

487 1130 757 1184 doxorum
804 1129 1038 1183 concilio
1088 1128 1143 1182 in
1189 1129 1563 1184 Alexandrina
1617 1126 1747 1184 sede
1787 1130 2071 1183 constitui-

488 1227 612 1284 tur';
669 1220 838 1288 eique
891 1218 1227 1289 postliminio
1274 1219 1514 1289 dignitas
1567 1219 1623 1273 in
1668 1220 1759 1273 illa
1795 1220 2066 1284 redditur,

490 1309 585 1380 qui
619 1316 673 1365 et
710 1309 909 1379 dignus
949 1315 1103 1369 erat,
1155 1317 1209 1363 et
1254 1316 1366 1362 tam
1412 1308 1507 1363 Dei
1552 1310 1865 1373 voluntate,
1906 1325 2069 1380 quam

488 1398 634 1453 beati
668 1396 966 1453 Alexandri
998 1396 1261 1466 suffragio
1293 1406 1348 1451 et
1368 1398 1627 1454 mandato
1657 1398 1996 1471 designatus.

566 1686 697 1743 Post
737 1682 856 1743 haec
898 1685 1237 1745 Athanasius
1272 1689 1345 1745 ob
1386 1687 1518 1745 illud
1556 1683 1971 1747 Melctianorum
2002 1689 2073 1748 ab

2165 491 2260 543 καὶ
2274 482 2323 542 οἱ
2353 489 2445 542 τοῦ
2464 489 2685 551 κανόνος
2715 484 3079 561 ἐμαρτύρουν,
3098 488 3189 544 καὶ
3209 489 3357 543 πᾶσα
3425 491 3754 561 Ἐκκλησία,

2166 581 2453 651 λαϐόμενοι
2476 580 2668 652 καιρὸν
2684 584 2731 633 οἱ
2750 576 3172 651 κατὰΜελὴτιον
3192 582 3300 653 (59)
3331 582 3639 635 ἐπίσκοπον
3654 574 3760 651 ’τῆς

2166 673 2779 741 Αἰγύπτου,ἐπισκόπου
2806 672 2879 743 μὴ
2914 674 3175 743 παρόντος
3208 675 3308 745 τῆς
3341 662 3760 744 Ἀλεξανδρείας

2114 837 2119 842 _
2169 765 2251 831 (οὐ
2282 765 2388 834 γάρ
2424 782 2553 816 ποτε
2586 766 2618 833 ἡ
2664 762 3043 835 Ἀλεξάνδρεια
3074 764 3166 816 δύο
3211 764 3543 842 ἐπισκόπους
3572 765 3759 834 ἔσχεν,

2167 855 2242 915 ὡς
2273 858 2327 907 αἱ
2357 854 2511 907 ἄλλαι
2546 853 2752 921 πόλεις)
2774 870 2789 885 ο
2826 854 3123 906 καοιστῶσι
3142 841 3319 908 τοίνυν
3341 852 3462 909 ἀντὶ
3508 842 3765 919 Ἅλεξάν-

2169 941 2297 1011 δρου
2330 942 2547 995 Θεωνᾶν
2592 952 2717 995 τινα
2748 935 2994 1012 ὀνόματι,
3025 943 3083 1007 ὃς
3121 944 3297 1013 μῆνας
3336 948 3477 1015 τρεῖς
3523 947 3764 1013 ποιήσας

2171 1031 2443 1086 ἐτελεύτα.
2478 1032 2588 1086 Καὶ
2636 1026 2966 1104 παρεγένετο
3008 1033 3323 1099 Ἀθανάσιος
3371 1037 3492 1106 μετ’
3518 1037 3579 1088 οὐ
3625 1037 3762 1089 πολὺ

2176 1123 2313 1195 μετὰ
2350 1123 2448 1195 τὴν
2474 1121 2729 1194 τελευτὴν
2767 1124 2973 1178 Θεωνᾶ.
3011 1127 3121 1178 Καὶ
3155 1128 3219 1179 ἐκ
3262 1127 3601 1196 πανταχόθεν
3638 1145 3763 1179 συν-

2174 1215 2444 1287 etporqu
2478 1203 2774 1286 ὁρθοδόξων
2804 1215 3037 1280 σύνοδος.
3069 1218 3180 1271 Καὶ
3220 1218 3394 1282 οὕτως
3421 1220 3763 1282 κατάστασις

2171 1304 2393 1372 γέγονεν
2428 1301 2617 1365 αὑτοῦ,
2652 1304 2746 1355 καὶ
2772 1303 3004 1375 ἀπεδόθη
3037 1305 3186 1376 αὐτῷ
3214 1308 3242 1360 6
3275 1305 3461 1377 Θρόνος
3487 1306 3567 1378 τῷ
3598 1306 3761 1377 ἀξίῳ,

2173 1396 2269 1451 καὶ
2297 1389 2341 1464 ᾧ
2366 1391 2434 1467 ἦν
2458 1394 2860 1466 ἡτοιμασμένος
2901 1396 3040 1450 κατὰ
3067 1397 3165 1466 τὴν
3192 1391 3331 1450 Θεοί·
3360 1398 3637 1468 βούλησιν,
3670 1400 3765 1455 7:).

2173 1487 2315 1541 κατὰ
2359 1487 2457 1557 τὴν
2509 1486 2781 1558 μακαρίου
2828 1486 3174 1558 Ἀλεξάνδρου
3213 1488 3522 1560 μαρτυρίαν
3554 1506 3615 1540 τε
3673 1474 3765 1541 καὶ

2174 1575 2413 1647 ἐντολήν.

2260 1662 2540 1722 Ἐντεῦθεν
2565 1662 2792 1742 ἄρχεται
2842 1664 3158 1731 Ἀθανάσιος
3188 1664 3561 1737 βιοφορεῖσθαί
3579 1685 3642 1720 τε
3676 1668 3769 1719 καὶ

493 1776 740 1833 Ecclesia
769 1777 1038 1833 catholica
1069 1778 1366 1833 divortium
1416 1782 1657 1834 exerceri
1709 1780 2073 1852 afﬂictarique

2225 1762 2462 1816 ›πεῖσϐαι
2493 1760 2582 1815 διὰ
2603 1738 2701 1815 τόν
2736 1760 3005 1832 μερισμὸν
3043 1761 3143 1831 τῆς
3177 1760 3528 1830 Ἐκκλησίας,
3565 1760 3684 1813 τῶν
3710 1777 3768 1813 τε

490 1870 678 1939 ςωρὶῑ.
706 1866 900 1938 Jgitur
926 1869 1131 1922 hortari
1176 1868 1265 1922 ille
1299 1884 1362 1923 ac
1400 1870 1732 1954 supplicaEe,
1761 1872 2075 1928 detrectan-

494 1967 581 2015 tes
608 1956 769 2029 723
804 1974 996 2030 urgere
1034 1975 1097 2013 ac
1149 1975 1363 2030 cogere.
1404 1959 1625 2015 Solebat
1652 1973 1831 2016 autem
1868 1967 2077 2034 vicinas

496 2048 797 2114 Ecclesias,
842 2063 1041 2121 easque
1070 2048 1367 2120 praasertim
1394 2067 1514 2120 qua:
1534 2052 1601 2106 ad
1627 2050 1972 2111 Mareotidcm
2000 2059 2079 2109 la-

496 2150 624 2197 cum
662 2143 780 2197 sitae
815 2150 979 2203 sunt,
1021 2142 1279 2197 invisere.
1334 2136 1497 2198 Forte
1534 2138 1700 2213 igitur
1738 2149 2083 2217 congregatis

2177 1854 2532 1926 Μελητιανῶν
2554 1855 2649 1907 καὶ
2676 1854 2779 1925 τῆς
2809 1853 3101 1923 καθολικῆς
3132 1852 3478 1923 Ἐκκλησίας.
3515 1852 3767 1912 Ἐπειθε,

2179 1946 2504 2017 παρεκάλει,
2535 1947 2758 2005 καὶούκ
2787 1945 3089 2016 ἠνείχοντο·
3130 1944 3459 2014 ἠνάγκαζεν,
3494 1943 3768 2008 ἐϐιάζετο.

2194 2038 2689 2111 Ἐπισκεπτόμενος
2718 2039 2775 2093 δὲ
2821 2038 3080 2101 πολλάκις
3108 2037 3316 2106 ἐγίνετο
3352 2037 3453 2100 τὰς
3499 2036 3773 2104 σύνεγγυς

2195 2129 2543 2202 Ἐκκλησίας,
2580 2130 2813 2201 μάλιστα
2841 2131 2940 2194 τὰς
2972 2128 3114 2183 κατὰ
3141 2127 3233 2181 τὸν
3256 2127 3620 2199 Μαραιὼτην.
3668 2129 3776 2178 Κα.

500 2223 835 2296 Heletianis,
859 2232 1126 2289 diaconus
1153 2233 1373 2303 quidem
1404 2250 1469 2290 ex
1500 2236 1787 2292 Alhanasii
1819 2235 2081 2294 comitatu

2225 2224 2318 2276 ore
2367 2218 2723 2295 Μελητιανῶν
2754 2219 3093 2301 συναγόντων
3142 2220 3361 2290 γέγονεν
3390 2222 3455 2273 ὲκ
3499 2218 3596 2272 τοῦ
3635 2219 3775 2287 πλή-

498 2331 627 2378 c‘um
662 2324 991 2393 quibusdam
1023 2324 1090 2380 de
1115 2327 1335 2395 populo,
1368 2335 1428 2380 ut
1458 2327 1600 2383 fama
1631 2338 1735 2393 est,
1772 2330 2083 2397 irrumpens

2225 2330 2313 2377 ους
2354 2313 2448 2366 τοῦ
2492 2314 2628 2384 μετὰ
2669 2312 2984 2367 Ἀθανάσιον
3017 2309 3033 2344 ¹
3062 2310 3307 2366 διάκονόν
3357 2328 3480 2364 τινα
3524 2309 3778 2363 ἐπεισελ-

506 2406 793 2468 candelam
854 2415 995 2487 (vas
1033 2414 1165 2469 illud
1216 2416 1528 2485 quoddam)
1583 2420 1889 2489 confregit,
1943 2422 2083 2478 unde

2225 2403 2371 2466 όντα,
2411 2402 2549 2473 μετά
2600 2402 2695 2455 καί
2732 2420 2893 2455 τινων
2922 2402 3030 2455 τῶν
3061 2402 3175 2455 ἀπὸ
3212 2399 3307 2455 τοῦ
3347 2401 3479 2455 λαοῦ
3511 2401 3779 2467 κατεάξαι

498 2503 744 2577 jurginm
793 2514 857 2560 ac
896 2522 1074 2578 pugna
1122 2509 1373 2563 conflata.
1429 2508 1566 2565 llinc
1611 2488 1875 2569 adversus
1921 2511 2083 2568 Atha-

2228 2494 2458 2564 ανδῆλαν
2481 2492 2613 2564 (60),
2644 2488 2719 2557 ὡς
2751 2494 2864 2564 ἔχει
2892 2495 2921 2546 6
2953 2493 3128 2561 λόγος,
3164 2494 3258 2547 καὶ
3293 2494 3477 2565 μάχην
3498 2491 3777 2561 γενέσθαι.

504 2597 722 2650 nasium
780 2597 1007 2651 occultae
1055 2598 1370 2654 molitiones
1412 2598 1739 2670 fraudesque
1783 2603 2083 2668 concitata},

2225 2586 2483 2640 Εντεῦθεν
2518 2588 2550 2658 ἡ
2585 2587 2725 2641 κατὰ
2777 2586 3090 2640 Ἀθανασὶου
3132 2587 3377 2655 συσκευὴ
3418 2587 3639 2655 γέγονε,
3673 2585 3783 2637 τῶν

506 2678 897 2740 accusantibus
957 2683 1299 2751 Meletianis,
1354 2696 1407 2743 et
1456 2691 1960 2761 calumniantibus,
2023 2711 2083 2750 ac

2225 2677 2549 2749 ίελητιανῶν
2593 2676 3088 2748 κατηγορησάντων
3122 2677 3219 2745 καὶ
3253 2677 3788 2745 συκοφαντησάντωθ

507 2768 740 2830 c'onlicta
771 2774 1019 2847 quaedam
1065 2776 1484 2847 objicientibus,
1526 2782 1749 2838 Arianis
1799 2801 1924 2841 vero
1960 2784 2083 2838 alla-

2225 2768 2380 2833 ιὺτδν,
2416 2769 2577 2841 ἕτερα
2612 2768 2730 2821 ἀνθ’
2758 2769 2981 2839 ἐτέρων,
3028 2766 3322 2839 Ἀρειανῶν
3359 2767 3416 2820 δὲ
3448 2782 3790 2819 συνεσκευαο

507 2865 835 2927 borantibus
866 2876 920 2925 et
958 2867 1186 2925 consilia
1234 2875 1769 2933 commnnicantibus
1795 2920 1809 2943 ,
1871 2888 2083 2950 praptel

2225 2861 2434 2930 τμένων,
2467 2860 2561 2913 καὶ
2589 2860 2980 2913 συνεπιδόντων
3010 2860 3255 2922 ἑαυτοὺς,
3281 2856 3368 2912 διὰ
3400 2858 3493 2911 τὸν
3522 2859 3663 2929 πρὸς
3693 2856 3791 2924 siqu

511 2957 730 3015 insitam
778 2959 833 3014 in
876 2960 1237 3016 orthodoxam
1290 2961 1448 3017 fidem
1491 2965 1776 3021 invidiam.
1828 2948 1989 3040 Ergo
2016 2971 2083 3024 illi

2225 2952 2363 3019 ιγίαν
2393 2950 2527 3004 Θεοῦ
2559 2952 2744 3004 πίστιν
2775 2951 2869 3003 καὶ
2915 2948 3220 3021 όρθοδοξίαν
3254 2951 3465 3020 φθόνον.
3505 2951 3621 3004 Καὶ
3656 2953 3793 3003 ἀνα-

513 3066 628 3105 rem
663 3051 731 3105 ad
780 3052 1166 3121 imperatorem
1210 3053 1633 3111 Constantinum
1665 3059 1955 3115 deferunt:
1995 3079 2083 3118 cu-

2225 3043 2506 3097 ιοινοῦνται
2534 3043 2611 3114 τῷ
2641 3043 2853 3115 βασιλεῖ
2882 3040 3295 3113 Κωνσταντίνῳ.
3326 3042 3593 3105 Εὐσέϐιος
3630 3044 3691 3096 δὲ
3728 3040 3796 3112 ἦν

513 3140 606 3208 jus
634 3142 801 3196 totius
828 3142 1079 3199 factionis
1108 3142 1432 3199 administer
1484 3163 1547 3201 ac
1589 3151 1808 3206 satelles
1838 3151 2092 3209 Nicome-o

518 3232 727 3286 diensis
756 3231 1027 3289 Eusebius
1064 3234 1187 3299 fuit,
1217 3250 1280 3290 ac
1314 3253 1468 3292 noxa:
1495 3239 1640 3296 illius
1674 3243 1856 3298 omnis
1877 3245 2096 3313 artifex,

521 3334 643 3392 qua:
680 3320 940 3379 Ecclesia:
984 3327 1188 3395 pariter
1237 3337 1290 3381 ct
1340 3327 1642 3385 Athanasio
1674 3348 1824 3403 papae
1872 3335 1941 3390 ab
1991 3336 2099 3393 illis

520 3418 606 3467 est
635 3412 903 3468 conscita.
938 3414 1303 3472 Accusatores
1350 3418 1533 3488 itaque
1585 3419 1968 3490 imperatorem
2012 3425 2103 3481 ad-

522 3509 714 3557 euntes
743 3518 839 3558 vas
866 3504 1137 3574 quoddam
1169 3514 1229 3560 ut
1272 3522 1430 3562 usum
1467 3510 1776 3566 divinorum
1812 3516 2103 3585 mysterio-

522 3605 644 3644 rum
680 3589 914 3646 fractum
947 3588 1305 3662 objiciebant.
1337 3597 1483 3666 quod
1510 3599 1828 3668 candelam,
1859 3610 1919 3656 ut
1956 3603 2100 3658 disi-

522 3699 668 3744 mus,
699 3684 1041 3767 appellavere
1074 3685 1341 3742 nonnulli.
1369 3688 1511 3755 Quin
1543 3698 1594 3745 et
1629 3692 1696 3745 de
1730 3691 1851 3748 aliis
1884 3710 2103 3765 quoque

520 3762 848 3829 criminibus
923 3785 1288 3843 accusarunt,
1358 3787 1412 3834 et
1462 3780 1519 3834 in
1558 3782 1749 3851 primis
1810 3762 2135 3841 Arsenium’

521 3864 812 3935 quemdam
844 3865 1162 3922 Mareotidis
1196 3868 1578 3939 presbyterum
1608 3873 1676 3927 ab
1703 3889 1771 3927 eo
1798 3875 2101 3943 pulsatum,

522 3956 687 4026 cujus
724 3972 943 4012 manum
999 3960 1068 4014 ab
1117 3962 1400 4017 Athanasii
1448 3962 1658 4019 faulore
1710 3966 1944 4035 populo,
1988 3966 2105 4024 sive

520 4052 755 4121 ipsomet
797 4052 981 4120 potius
1022 4055 1344 4122 Athanasio,
1390 4056 1698 4126 praecisam,
1746 4073 1906 4127 quam
1938 4060 2102 4113 ctiam

521 4143 588 4196 ad
622 4142 943 4197 comitatum
992 4144 1137 4198 intra
1182 4147 1424 4201 arculam
1454 4150 1686 4201 delatam
1728 4150 2099 4205 ostentabant.

598 4227 728 4285 Vlll.
752 4230 845 4286 His
865 4232 1087 4298 auditis,
1108 4234 1403 4304 imperator
1415 4235 1765 4293 vehementer
1785 4242 2101 4306 excanduit,

518 4330 643 4376 cum
678 4320 865 4375 divino
904 4323 1140 4391 quodam
1183 4325 1300 4379 zelo
1346 4326 1607 4395 majorem
1661 4324 1715 4383 in
1748 4333 1967 4386 modum
2008 4330 2104 4386 lla-

2199 3140 2227 3192 6
2260 3136 2654 3209 προειρημένος
2672 3135 2771 3206 τῆς
2795 3134 3159 3207 Νικομηδείας
3183 3137 3211 3188 ὁ
3235 3134 3508 3205 ὑπουργὸς
3536 3135 3639 3187 τοῦ
3670 3154 3799 3187 πων

2198 3225 2290 3291 τὸς
2322 3226 2501 3282 αὐτῶν
2552 3225 2915 3297 συστήματος,
2944 3227 3037 3279 καὶ
3084 3228 3459 3297 συσκευαστὴς
3505 3227 3611 3296 τῆς
3655 3229 3798 3280 κατὰ

2199 3318 2300 3390 τὴν
2341 3310 2666 3388 Ἐκκλησίαν
2698 3334 2759 3370 τε
2809 3315 2903 3371 καὶ
2940 3316 3031 3370 τὸν
3071 3317 3258 3372 πάπαν
3314 3317 3646 3371 Ἀθανάσιον
3680 3318 3801 3387 βλεῖο

2203 3411 2324 3482 6ης.
2357 3413 2420 3466 Οἱ
2443 3414 2739 3484 κατήγοροι
2769 3409 2863 3466 οὖν
2888 3411 3190 3484 προσῆλθον
3218 3413 3295 3483 τῷ
3326 3412 3559 3484 βασιλεῖ,
3596 3412 3800 3474 σκεῦός

2202 3513 2255 3555 τι
2299 3503 2614 3577 μυστηρίων
2664 3504 2914 3573 λέγοντες
2947 3499 3108 3567 εῖναι,
3147 3504 3284 3576 ὅπερ
3335 3503 3613 3573 κανδῆλαν
3653 3504 3800 3564 τινὲς

2204 3592 2432 3663 ἔφασαν,
2461 3596 2527 3666 ἥν
2561 3600 2840 3667 προεῖπον.
2876 3596 3041 3649 Ἀλλα
3079 3594 3137 3649 τέ
3165 3612 3287 3649 τινα
3321 3595 3675 3666 κατηγόρουν
3704 3596 3803 3662 φά-

2206 3705 2427 3751 σκοντες
2459 3688 2826 3760 πρεσϐύτερόν
2859 3708 2979 3743 τινα
3010 3688 3106 3741 τοῦ
3144 3686 3471 3759 Μαραιώτου
3514 3687 3801 3757 Ἀρσένιον

2205 3782 2597 3853 τετυπτῆσθαι,
2628 3784 2818 3835 τούτου
2852 3783 2905 3836 δὲ
2952 3781 3048 3853 τὴν
3074 3784 3233 3852 χεῖρα
3264 3781 3513 3852 μαχαίρᾳ
3537 3781 3654 3833 ὑπὸ
3694 3783 3800 3833 τῶν

2204 3876 2299 3930 τοῦ
2372 3870 2689 3928 Ἀθανασίου
2737 3874 2902 3939 λαῶν,
2961 3875 3139 3927 εἴτουν
3192 3872 3356 3927 αὑτοῦ
3428 3874 3798 3933 Ἀθανασίου,

2204 3967 2527 4039 τετμῆσθαι.
2578 3962 2937 4039 Ἑπεφέροντο
2966 3965 3072 4037 γὰρ
3102 3966 3195 4018 καὶ
3228 3968 3385 4037 χεῖρα
3416 3968 3476 4018 ὲν
3503 3965 3587 4036 τῷ
3621 3984 3799 4037 κομῃο

2204 4060 2375 4132 τάτῳ,
2402 4061 2497 4113 καὶ
2527 4053 2891 4125 ἐπεδείκνυον,
2919 4059 3042 4129 ἦτις
3064 4054 3132 4129 ἧν
3161 4060 3219 4111 ἑν
3250 4056 3655 4129 γλωσσοκόμῳ.

2282 4228 2364 4284 H'.
2402 4226 2588 4284 Ταῦτα
2610 4231 2637 4282 ό
2665 4229 2912 4301 βασιλεὺς
2936 4228 3196 4292 ἀκούσας,
3230 4226 3439 4296 αἴρεται
3467 4226 3573 4293 μὲν
3602 4226 3767 4298 θυμῴ
3787 4246 3798 4256 ·

2210 4320 2321 4392 εἶχε
2369 4322 2478 4393 γὰρ
2538 4320 2695 4393 ζῆλον
2736 4321 2912 4383 θεῖκὸν
2954 4324 2982 4375 ὁ
3021 4319 3355 4391 μακαρίτης·
3403 4319 3462 4372 οὗ
3518 4320 3635 4391 μὴν
3661 4318 3797 4392 ᾔδει,

521 4419 727 4480 graret,
756 4426 857 4465 nec
884 4411 1010 4466 illos
1044 4414 1478 4472 calumniatores
1513 4432 1636 4472 esse
1664 4429 1875 4483 nosset,
1910 4431 2005 4475 aut
2033 4436 2083 4478 et

2225 4417 2285 4467 ἱτι
2309 4415 2641 4482 συκοφάνται
2660 4409 2819 4484 σαν,
2842 4413 2907 4467 δι’
2923 4413 2981 4465 ὃν
3001 4414 3260 4484 προεῖπον
3276 4410 3432 4481 ζῆλον
3446 4411 3560 4465 τῶν
3591 4414 3803 4483 Ἀρειαο

522 4498 691 4553 livore
719 4498 868 4563 ferri,
903 4518 1063 4571 quem
1092 4503 1326 4559 Arianos
1355 4506 1617 4563 adversus
1643 4509 1913 4565 sinceram
1948 4513 2106 4569 fidem

524 4590 834 4659 suscepisse
875 4591 1135 4648 diximus.
1186 4592 1357 4663 Igitur
1388 4595 1515 4668 Tyri
1559 4599 1613 4652 in
1676 4599 1936 4657 Phoenice
1975 4618 2108 4659 con-

523 4680 713 4736 vocari
763 4682 1029 4752 synodum
1068 4680 1245 4753 jubet,
1277 4687 1437 4757 eique
1464 4688 1673 4756 judicio
1706 4706 1942 4761 praeesse
1981 4708 2106 4749 cum

524 4769 650 4823 aliis
683 4771 962 4827 nonnullis
1005 4772 1397 4831 Caesariensem
1431 4774 1752 4846 Eusebium,
1783 4783 1879 4853 qui
1914 4800 2106 4840 omnes

526 4860 583 4915 in
635 4859 965 4914 Arianorum
1027 4862 1410 4921 inanissimum
1466 4868 1663 4938 dogma
1721 4875 2105 4941 propensiores

523 4960 704 5008 erant.
757 4950 893 5006 Cum
930 4953 1015 5009 his
1045 4970 1108 5010 ex
1151 4957 1418 5013 catholica
1455 4960 1674 5033 IEgypti
1724 4963 1967 5020 Ecclesia
1991 5007 2007 5033 ,
2050 4974 2105 5021 et

523 5043 829 5099 Athanasio
858 5045 1128 5116 subjecta,
1152 5048 1395 5123 episcopi
1421 5053 1644 5123 quidam
1674 5056 1921 5111 advocati
1948 5067 2100 5122 sunt,

525 5136 774 5208 primarii
808 5138 1032 5208 quidem
1078 5155 1141 5196 ac
1173 5150 1496 5213 praestantes
1527 5146 1664 5211 viri,
1700 5157 1861 5219 atque
1890 5151 2106 5221 egregia

491 5366 496 5374 ί
600 5288 621 5322 ¹
652 5288 782 5347 Cor.
825 5293 1164 5351 Ἀθανασίου.
1243 5299 1263 5329 ²
1296 5298 1423 5354 Cor.
1452 5302 1926 5372 προσκεκλιμένοι.

606 5472 715 5551 ςβθ)
752 5480 817 5531 οι
844 5478 991 5551 χαῖῤ
1011 5480 1331 5549 Μελήτιον.
1354 5478 1672 5537 Meletianos
1692 5480 1982 5551 episcopos
2014 5480 2095 5533 in-

527 5538 744 5620 tellige,
773 5563 887 5620 no_n_
919 5538 1214 5620 Meletitun.
1254 5551 1347 5620 qui
1388 5552 1497 5619 jam
1537 5568 1567 5607 e
1593 5538 1742 5606 vivis.
1768 5538 2100 5607 excesserat.

528 5610 817 5738 ﬁnimus
840 5617 1080 5675 historiae
1114 5610 1404 5690 mendacié
1425 5625 1493 5676 ad
1525 5630 1843 5693 sequentem
1870 5621 2104 5677 hzeresin

2209 4505 2317 4558 νῶν
2350 4505 2490 4558 κατὰ
2516 4506 2612 4574 τῆς
2640 4504 2968 4576 όρθοδοξίας.
3002 4503 3227 4557 Κελεύει
3254 4502 3311 4555 δὲ
3347 4505 3799 4577 συγκροτηθῆναι

2213 4596 2430 4651 σύνοδον
2459 4597 2601 4651 κατὰ
2630 4598 2734 4668 τὴν
2760 4598 3014 4668 Φοινίκην
3041 4598 3098 4650 ὲν
3137 4595 3299 4667 Τύρῳ
3328 4598 3395 4666 τῇ
3422 4596 3606 4649 πόλει.
3649 4600 3801 4653 Ἐχέ-

2209 4690 2368 4742 λευσε
2394 4689 2451 4741 δὲ
2486 4687 2731 4753 δικάζειν
2761 4686 3020 4742 Εὑσέϐιον
3036 4687 3129 4740 τὸν
3160 4687 3523 4757 Καισαρείας,
3570 4690 3679 4742 καὶ
3716 4690 3803 4744 ὧ.-

2209 4780 2333 4843 λους
2359 4780 2531 4843 τινάς.
2562 4776 2741 4833 Ἶισαν
2781 4780 2837 4832 δὲ
2872 4778 3339 4851 προσκεκλημένοι
3368 4780 3389 4808 ²
3418 4773 3573 4832 οὗτοι
3620 4784 3805 4844 ποσῶς

2216 4858 2415 4946 μᾶλλον
2450 4878 2515 4945 τῇ
2548 4875 2654 4928 τῶν
2702 4875 2992 4947 Ἀρειανῶν
3039 4871 3380 4944 χυδαιολογίᾳ
3400 4889 3413 4902 ⁸
3442 4873 3546 4926 καὶ
3576 4874 3810 4945 ἐκλήθηο

2216 4983 2314 5018 σαν
2346 4964 2633 5017 ἐπίσκοποι
2655 4965 2755 5035 τῆς
2784 4964 3060 5032 Αἰγύπτου
3090 4964 3191 5033 τῆς
3219 4961 3542 5031 καθολικῆς,
3573 4965 3678 5018 καὶ
3710 4965 3808 5017 ὑπὸ

2224 5058 2536 5113 Ἀθανάσιον
2564 5058 2867 5131 ἀκρέμονές
2891 5074 3035 5122 τινες
3087 5056 3279 5129 ἄνδρες
3306 5057 3397 5110 καὶ
3432 5057 3694 5125 μείζους,
3720 5060 3809 5111 καὶ

2213 5153 2271 5205 ἐν
2298 5148 2417 5222 Θεῷ
2450 5151 2663 5222 ἔχοντες
2689 5150 2923 5221 διαφανῆ
2950 5150 3041 5203 τὸν
3076 5149 3187 5220 βίον
3207 5164 3223 5180 ⁸
3258 5152 3314 5202 ἐν
3346 5144 3427 5212 οἷς
3454 5139 3536 5217 ἦν
3561 5150 3592 5202 6
3632 5168 3809 5222 μακαο

2286 5478 2399 5548 (60)
2432 5477 2725 5542 Κατεάξαι
2774 5473 3107 5548 κᾳνδῇλαν.
3161 5478 3427 5544 Quaenam
3481 5496 3554 5538 ea
3592 5500 3707 5541 vox
3744 5489 3814 5541 sit

2212 5549 2771 5623 nondumheomperi.
2806 5547 3031 5623 Certum
3058 5558 3173 5623 gest
3214 5553 3483 5623 ποτήριον
3545 5560 3811 5623 μυστικὸν

2211 5621 2407 5747 Exigit:
2441 5618 2577 5676 Vide
2604 5620 2806 5677 Athan.
2831 5618 3013 5688 ipsum
3057 5619 3110 5677 in
3144 5618 3807 5693 Apol.,‘Theodoretum,

2350 5708 2365 5745 ι
2406 5706 2452 5745 s.
