3826 6206
126 318 213 377 I9'l
391 317 403 330 ’
699 322 1074 382 ADVERSUS
1110 324 1454 383 HERESES
1490 324 1620 385 LIB.
1657 329 1723 386 II.
1763 332 1928 389 TOM.
1971 333 2034 392 II.
2057 368 2127 378 —
2152 336 2425 396 H/ERES.
2467 341 2700 397 LXVIII.

3266 350 3367 407 I98

117 433 260 505 ρίτης
288 431 552 505 Ποτάμων
587 435 616 490 6
655 431 849 507 μέγας,
885 441 914 493 6
943 440 1043 510 τῆς
1087 440 1412 513 Ἡρακλείας
1458 443 1653 499 ὲπίσκο

1785 450 1906 504 vitm
1935 452 2228 508 sanctitate
2254 461 2307 508 et
2335 455 2598 526 religione
2617 451 2869 529 'pra‘diti,
2902 463 3042 518 inter
3071 480 3211 534 quos
3247 466 3366 522 felio

116 540 206 586 πος
237 525 326 576 καὶ
365 525 704 597 ὁμολογητής
724 544 738 558 ο
763 529 900 583 ἀλλά
939 533 1031 584 καὶ
1063 533 1114 584 οἱ
1156 533 1266 584 τῶν
1299 533 1674 606 Μελητιανῶν,

116 614 330 685 μάλιστα
367 617 415 668 οἱ
449 617 544 670 τοῦ
585 617 902 674 ⁹Αθανασίου
933 622 1384 693 κατηγοροῦντες.
1423 627 1679 698 Ζηλωτὴς

112 706 162 760 δὲ
187 707 258 759 ὢν
289 707 428 780 ὑπὲρ
458 707 718 780 ἀληθείας
746 711 839 764 καὶ⁵
879 712 1184 784 ὀρθοδοξὶας
1213 718 1242 769 6
1281 719 1677 790 προειρημένος

112 799 360 868 Ποτάμων
393 801 420 852 6
448 801 788 871 μακαρίτης,
821 801 1311 876 ὲλευθεροστομῶν,
1338 808 1396 872 ὃς
1425 809 1676 862 οὐδέποτε

107 888 280 958 εἴληφε
333 887 624 958 πρόσωπόν
675 907 851 954 τινος·
897 890 988 944 τὸν
1041 893 1318 966 ὀφθαλμὸν
1346 898 1454 970 γὰρ
1500 883 1564 951 ’ὲν
1597 899 1676 969 τῷ

105 976 313 1048 διωγμῷ
351 977 439 1031 διὰ
470 978 568 1050 τὴν
613 979 868 1052 ἀλήθειαν
914 982 1233 1056 ἐτυφλώθηο
1277 987 1541 1058 ἑωρακὼς
1580 990 1675 1044 τὸν

105 1069 351 1122 Εὑσέὁιον
382 1069 745 1142 καθεζόμενον
777 1072 870 1125 καὶ
890 1073 1198 1140 δικάζοντα,
1230 1077 1324 1130 καὶ
1361 1077 1674 1132 Ἀθανάσιον

103 1160 322 1226 ἑστῶτα,
368 1163 767 1234 καταπονηθεὶς
804 1167 872 1235 τῇ
913 1165 1079 1238 λύπῃ,
1115 1169 1208 1221 καὶ
1250 1169 1548 1243 δακρύσας,
1585 1167 1673 1226 οἷα

102 1251 293 1321 γίνεται
341 1256 489 1324 παρὰ
527 1257 640 1317 τοῖς
687 1254 966 1326 ἀληθέσιν,
1012 1258 1334 1313 ἀπετείνατο
1383 1264 1536 1332 φωνῇ
1575 1263 1706 1331 με-’

103 1343 227 1414 γάλη
256 1341 501 1414 Βὺσεδὶῳ
525 1343 697 1413 λέγων
716 1361 729 1375 ·
756 1345 828 1398 Σὺ
851 1345 1079 1420 καθέζῃ,
1107 1347 1355 1412 Εὐσέϐιε,
1387 1351 1482 1404 καὶ
1520 1352 1674 1405 Ἀθα-

101 1437 270 1498 νάσιος
300 1435 480 1500 ἀθῶος
510 1435 586 1489 ὢν
616 1436 766 1508 παρά
793 1435 887 1491 σοῦ
933 1439 1209 1510 κρίνεται;
1237 1441 1332 1505 Τίς
1358 1442 1571 1511 ἐνέγκοι
1603 1443 1672 1497 τά

100 1526 335 1593 τοιαῦτα;
375 1527 513 1597 Λέγε
550 1528 605 1581 δέ
653 1545 744 1599 μοι
789 1529 875 1593 σὺ,
925 1530 985 1582 οὐ
1023 1531 1122 1585 σὺν
1155 1533 1277 1602 ὶμοὶ
1307 1528 1451 1605 ἦσθα
1501 1535 1558 1590 ἐν
1600 1538 1668 1608 τῇ

98 1618 296 1690 φυλακῇ
332 1619 427 1672 ἐπὶ
457 1619 550 1672 τοῦ
578 1619 850 1691 διωγμοῦς
884 1621 1057 1691 Κάγὼ
1099 1624 1198 1694 μὲν
1225 1624 1504 1697 ὀφθαλμὸν
1555 1629 1666 1682 ἀπ-

98 1707 359 1778 εὸαλόμην
383 1707 521 1779 ὑπὲρ
558 1707 814 1778 ἀληθείας
834 1723 847 1738 ⁶
880 1710 946 1763 σὺ
985 1710 1040 1764 δὲ
1083 1710 1206 1764 οὔτε
1239 1712 1404 1786 φαίνῃ
1431 1714 1669 1787 λελωῦη-

1779 541 1862 596 cis
1908 544 2188 599 memoriaa
2243 561 2476 618 magnus
2524 548 2614 604 ille
2666 550 2891 607 Potamo
2940 553 3044 608 fuit
3091 555 3366 614 Heraclea:

1778 633 2070 704 episcopus
2105 644 2160 690 et
2192 636 2504 693 confessor.
2533 639 2779 695 Aderant
2809 652 2864 697 et
2891 643 3164 699 Meletiani
3193 647 3364 704 Atha-

1778 726 1918 780 nasii
1945 728 2250 796 praesertim
2283 737 2658 786 accusatores.
2692 733 2760 786 At
2794 734 2984 791 beatus
3017 736 3247 792 Potamo
3270 755 3366 794 ve-

1777 817 1956 873 ritatis
1995 833 2059 872 ac
2097 827 2262 874 recta:
2313 819 2434 876 fidei
2489 821 2686 880 ardore
2727 834 2991 893 aestuans,
3027 829 3112 882 vir
3148 846 3365 885 summa

1777 902 2038 973 loquendi
2074 907 2350 973 libertate,
2385 909 2480 979 qui
2518 911 2685 967 nullis
2716 929 2957 984 unquam
2991 933 3238 986 persona:
3278 935 3366 972 ra-

1774 995 1980 1050 tionem
2008 997 2298 1062 habuerat,
2335 1009 2389 1055 et
2439 1017 2538 1072 pro
2563 1004 2811 1060 veritatis
2842 1006 3195 1063 confessione
3231 1009 3367 1065 alte-

1721 1114 1732 1130 ο
1775 1100 1896 1139 rum
1929 1086 1982 1140 in
2012 1090 2392 1157 persecutione
2423 1089 2645 1148 oculum
2675 1096 2952 1160 amiserat,
2986 1098 3035 1152 is
3063 1097 3362 1155 Eusebium

1782 1175 2062 1230 sedentem
2134 1185 2188 1234 et
2245 1179 2624 1249 judicantem,
2695 1193 2933 1242 stantem
3003 1187 3165 1262 726
3231 1206 3362 1246 vero

1772 1265 2134 1324 Athanasium
2186 1273 2541 1344 conspicatus
2570 1269 2760 1333 dolore
2791 1275 3080 1336 confectus
3101 1323 3116 1347 ,
3152 1291 3204 1337 et
3236 1282 3359 1338 illa-

1773 1368 2059 1428 crymans,
2107 1360 2416 1430 cujusmodi
2466 1365 2700 1421 sinceris
2746 1365 3023 1425 mentibus
3067 1372 3362 1428 usuvenire

1773 1448 1932 1507 solet.
1972 1464 2168 1520 magna
2199 1467 2332 1508 voce
2354 1453 2619 1513 adversus
2647 1455 2940 1515 Eusebium
2970 1461 3218 1518 invectus
3248 1470 3354 1519 est.

1770 1537 1870 1603 Et,
1919 1537 2086 1606 Tene,
2137 1543 2332 1614 inquit,
2383 1542 2603 1612 Eusebi,
2658 1548 2868 1605 sedere~
2907 1558 2962 1605 et
2999 1551 3349 1608 innocentem

1769 1628 2129 1686 Athanasium
2162 1648 2191 1686 a
2224 1641 2278 1687 te
2303 1632 2578 1704 judicari?
2608 1635 2744 1703 Quis
2779 1640 2883 1695 ista
2913 1641 3188 1698 sustinere
3213 1657 3344 1713 pos-

1771 1719 1877 1774 sit?
1911 1719 2042 1790 Dic,
2084 1724 2268 1789 sodes,
2307 1743 2490 1782 nonne
2523 1745 2737 1786 mecum
2773 1734 3175 1802 persecutionis
3213 1745 3355 1792 tem-
3434 1785 3448 1800 δ

98 1799 244 1870 μένον
283 1816 342 1852 τι
389 1799 526 1870 ἔχων
567 1801 624 1853 ὲν
671 1800 751 1872 τῷ
792 1800 1028 1872 σώματι,
1067 1801 1190 1857 οὔτε
1240 1806 1658 1878 ἐμαρτύρησας⁴

1770 1828 1902 1884 pore
1935 1816 1990 1870 in
2022 1819 2272 1874 custodia
2325 1820 2515 1878 fuisti?
2545 1823 2722 1894 Atque
2751 1799 2850 1896 ego
2879 1827 3098 1896 quidem
3130 1830 3354 1886 oculum

95 1888 217 1942 ἀλλά
263 1889 502 1960 ἕστηκας
563 1887 673 1954 ζῶν
728 1892 896 1963 μηδὲν
948 1893 1489 1967 ⁴ηκρωτηριασμένος.
1540 1899 1662 1962 Πῶς

95 1979 436 2051 ἀνεχώρησας
480 1980 588 2034 ἀπὸ
636 1983 737 2054 τῆς
781 1983 1048 2055 φυλακῆς,
1080 1987 1129 2040 εί
1180 1986 1256 2060 μὴ
1303 1989 1385 2041 ὄτι
1429 1990 1663 2060 ὑπέσχου

93 2073 192 2133 τοῖς
227 2069 328 2142 τὴν
360 2072 604 2142 ἀνάγκην
637 2071 730 2125 τοῦ
778 2073 1019 2144 διωγμοῦ
1069 2076 1197 2147 ἡμῖν
1239 2079 1563 2148 ἐπενέγκασι
1604 2081 1666 2134 τὸ

93 2159 336 2230 ἀθέμιτον
369 2161 590 2232 πρᾶξαι,
625 2162 658 2234 ἢ
689 2161 970 2234 ἔπραξαςς
1003 2165 1186 2220 Ταῦτα
1217 2167 1458 2233 ἀκούσας
1494 2171 1664 2224 Εὐσέ-

92 2248 212 2313 6ιος,
245 2249 463 2321 αἴρεται
499 2251 597 2322 μὲν
633 2253 713 2314 είς
744 2253 1134 2324 ἀγανάκτησιν,
1164 2257 1259 2309 καὶ
1283 2258 1518 2322 ἀναστάς
1557 2259 1668 2313 διέ-

91 2339 205 2392 λυσε
228 2340 289 2393 τὸ
321 2341 693 2413 δικαστήριον,
721 2343 912 2412 λέγων,
945 2346 1028 2398 δτι
1061 2346 1124 2400 EI
1176 2348 1409 2403 ἐνταῦθα
1453 2352 1663 2422 ἤλθετε,

91 2433 174 2485 καὶ
203 2433 340 2502 πρὸς
377 2435 522 2504 ἡμᾶς
548 2435 614 2488 τά
647 2436 871 2491 τοιαῦτα
908 2439 1237 2507 ἀντιλέγετε,
1263 2441 1374 2513 ἀρα
1403 2439 1496 2497 οὖν
1525 2445 1663 2516 άλη-

90 2523 322 2578 θεύουσιν
350 2527 398 2578 οί
434 2528 730 2598 κατήγοροι
761 2528 934 2598 ὑμῶν.
965 2531 1026 2582 Ei
1057 2529 1167 2602 γάρ
1195 2525 1298 2587 ὦδε
1323 2537 1659 2604 τυραννεῖτε,

91 2614 252 2686 πολλῷ
285 2616 490 2686 μᾶλλον
517 2618 575 2670 ὲν
602 2617 668 2689 τῇ
699 2618 852 2689 ὑμῶν
885 2620 1126 2690 πατρίδι.

1768 1919 1868 1972 pro
1895 1906 2124 1962 veritate
2165 1911 2416 1978 perdidi;
2451 1921 2507 1966 tu
2541 1914 2688 1968 nulla
2722 1917 2974 1985 corporis
3005 1906 3159 1986 parte
3191 1918 3355 1972 muti-

1769 1993 1912 2049 latus
1939 2010 2019 2059 es,
2053 2012 2234 2068 neque
2261 2004 2588 2073 martyrium
2623 2005 2864 2071 subiisti,
2898 2007 2994 2062 sed
3022 2009 3179 2064 vivus
3210 2009 3354 2064 inte-

1769 2101 1972 2157 gerquc
2007 2091 2289 2146 consistis.
2319 2094 2566 2160 Quanam
2611 2098 2825 2154 ratione
2863 2115 2893 2154 e
2937 2101 3188 2155 custodia
3222 2116 3352 2156 evo-

1767 2178 1932 2244 lasti,
1985 2181 2092 2235 nisi
2141 2182 2289 2252 quod
2338 2188 2789 2256 persecutoribus
2825 2191 3033 2246 nostris
3077 2191 3351 2248 nefarium

1770 2267 1983 2323 facinus
2010 2269 2380 2329 admissurum
2413 2287 2463 2332 te
2496 2293 2621 2334 esse
2644 2280 2920 2350 recepisti,
2943 2282 3027 2336 vel
3059 2284 3222 2338 etiam
3252 2283 3351 2337 ad-

1768 2357 2016 2412 misisti?
2045 2360 2173 2414 Haec
2215 2360 2490 2420 Eusebius
2521 2367 2750 2422 audiens
2791 2385 3122 2440 magnopere
3154 2371 3349 2438 doluit,

1763 2457 1816 2502 et
1858 2457 2080 2519 repente
2112 2467 2345 2524 surgens
2378 2457 2674 2513 concilium
2716 2459 2956 2526 dimisit,
2989 2462 3172 2533 itaque
3202 2463 3352 2519 locu-

1763 2545 1852 2594 tus
1894 2549 2021 2596 est:
2063 2542 2120 2596 Si
2154 2545 2260 2599 huc
2311 2548 2634 2606 accedentes
2683 2558 2966 2622 tantopere
3016 2554 3177 2609 nobis
3215 2570 3352 2610 con-

1763 2631 2033 2689 tradicere
2079 2635 2312 2704 audetis,
2350 2655 2540 2695 verum
2581 2651 2664 2698 est
2719 2647 2968 2714 profecto
2995 2645 3140 2715 quod
3178 2625 3349 2702 vestri

93 2715 440 2763 accusatores
475 2707 764 2785 objiciunt.
805 2707 941 2765 Nam
966 2726 1092 2766 cum
1131 2711 1236 2768 hoc
1273 2713 1330 2768 in
1360 2713 1480 2770 loco
1506 2717 1846 2787 tyrannidem
1875 2724 2171 2792 quamdam
2224 2731 2546 2797 exerceatis,
2594 2707 2768 2788 multo
2818 2735 2872 2789 id
2911 2707 3086 2806 magis
3143 2733 3199 2788 in
3249 2748 3348 2806 pa-

89 2806 181 2860 tria
206 2814 391 2862 vestra
427 2806 629 2864 facitis.

147 2898 219 2954 8'.
253 2895 392 2952 Εἶτα
423 2899 778 2972 ἐπεχείρησεν
809 2901 1071 2966 Εὐσέϐιος
1105 2903 1198 2956 καὶ
1231 2901 1284 2956 οί
1316 2901 1432 2974 μετ’
1459 2901 1656 2957 αὐτοῦ’

1833 2899 1927 2956 IX.
1972 2899 2071 2960 His
2097 2904 2202 2960 hoc
2236 2907 2397 2963 modo
2430 2911 2738 2976 transactis.
2763 2912 2909 2968 aliud
2956 2915 3213 2985 quiddam
3238 2916 3352 2976 Eu-

89 2990 172 3043 καὶ
190 2989 580 3044 ἀποστέλλουσι
609 2990 702 3044 δύο
730 2990 881 3055 τινὰς
907 2992 1016 3047 τῶν
1053 2994 1160 3047 άπὸ
1192 2995 1496 3049 Παννονίων
1535 2997 1656 3048 ἐπι-

77 3081 287 3136 σκόταυν
332 3081 407 3136 τὰ
455 3083 665 3153 ’Δρείου
710 3085 1060 3157 φρονοῦντας,
1111 3087 1412 3159 Οὐρσάκιύν
1449 3103 1509 3140 τε
1561 3088 1655 3142 καὶ

88 3173 370 3238 Οὐάλεντα,
402 3176 485 3240 είς
510 3186 571 3229 τε
601 3177 700 3248 τὴν
739 3174 1146 3249 Ἀλεξάνδρειαν
1183 3177 1275 3232 καὶ
1303 3176 1654 3250 Μαραιώτην,

87 3265 198 3319 ἔνθα
224 3266 412 3337 ἔλεγον
443 3269 769 3340 γεγενῆσθαι
800 3269 870 3323 τὰ
901 3271 1274 3342 προειρημένα
1301 3272 1394 3326 τοῦ
1426 3272 1654 3336 σκεύους

86 3355 169 3408 καὶ
193 3357 297 3410 τῶν
330 3356 511 3411 ἄλλων
551 3358 892 3429 πραγμάτων
921 3359 1020 3429 τῆς
1059 3359 1256 3429 μάχης.
1293 3360 1356 3413 Οί
1401 3360 1456 3412 δὲ
1489 3359 1656 3412 ἀπελ-

87 3445 250 3512 θόντες
294 3452 402 3504 οὐκ
443 3451 626 3503 ἐκεῖνα
684 3451 990 3521 ἀνήνεγκαν
1035 3449 1136 3502 ὅσα
1176 3445 1244 3521 ἦν
1286 3449 1483 3522 ἀληθῆ,
1537 3449 1651 3504 ἀλλ’

83 3540 231 3612 ἔτερα
257 3541 378 3595 ἀνθ’
407 3541 610 3614 ἑτέρων
637 3543 1162 3613 παραχωρήσαντες,
1189 3541 1486 3610 ἐψεύσαντο
1505 3558 1520 3573 ο
1559 3542 1654 3595 καὶ

85 3630 517 3704 ὶσυκοφάντησαν
537 3633 627 3686 τὸν
655 3634 961 3704 μακαρίτην
975 3633 1162 3686 πάπαν
1195 3633 1656 3689 Ἀθανάσιον.1(ἀ-
1703 3702 1716 3716 Ὀ

84 3726 221 3778 κεῖνα
234 3726 290 3778 δὲ
305 3725 386 3789 ὡς
399 3724 574 3796 ἀληθῆ
594 3725 722 3779 ὅντα
739 3724 1074 3796 πλασάμενοι
1095 3725 1384 3795 ἐγγράφως
1399 3725 1655 3794 ἐνέγκαν-

84 3833 161 3879 τες
192 3817 460 3887 ἀνέφερον
501 3817 594 3870 ὲπὶ
631 3817 729 3888 τὴν
759 3816 973 3870 σύνοδον
999 3818 1089 3871 τὸν
1133 3818 1261 3889 περὶ
1283 3817 1540 3872 Εὑσέὁιον
1561 3819 1654 3870 καὶ

82 3906 191 3971 τούς
209 3908 225 3938 ¹
240 3908 438 3971 ἀλλους
454 3907 529 3973 ὡς
551 3907 861 3981 εἰσύστερον
878 3907 1084 3973 ἔδειξαν
1108 3907 1492 3978 μετανοοῦντες
1509 3909 1582 3962 Ού
1593 3927 1651 3979 ρ-

87 3998 253 4062 σάκιος
271 4000 367 4052 καὶ
392 3999 627 4071 Οὐάλης,
667 3999 804 4069 μετὰ
850 3999 1105 4053 λιόἐλλων
1149 3999 1535 4072 προσελθόντες
1574 4000 1652 4072 τῷ

88 4091 348 4165 μακαρίτῃ
386 4090 592 4161 Ἰουλίῳ
642 4090 720 4162 τῷ
750 4092 1034 4162 ὲπισκόπῳ
1082 4089 1320 4163 Ῥώμης,
1375 4092 1654 4163 ὑπεραπο-

85 4181 384 4253 λογούμενοι
414 4183 511 4236 τοῦ
541 4182 720 4237 αὐτῶν
747 4183 1091 4254 σφάλματοςο
1123 4184 1206 4237 ὅτι
1252 4184 1652 4256 Ἐσυκοφαντή-

1767 2992 1953 3048 sebius
1992 3007 2116 3049 cum
2168 2997 2284 3053 suis
2338 3001 2674 3070 aggreditur.
2726 3001 2860 3056 Nam
2907 3004 3046 3060 duos
3081 3011 3348 3077 quosdam

1755 3078 2059 3136 Pannoniae
2126 3086 2407 3156 episcopis
2462 3087 2574 3142 Arii
2629 3090 2910 3156 asseclas,
2949 3091 3228 3150 Ursatium
3292 3106 3350 3154 et

1755 3169 2038 3227 Valentem
2071 3175 2464 3230 Alexandriam
2509 3189 2562 3232 et
2599 3179 2655 3233 in
2702 3179 3052 3237 Mareotidem
3099 3187 3346 3254 mittunt,

1756 3263 1849 3316 ubi
1892 3264 2205 3334 superiores
2239 3282 2430 3322 omnes
2494 3268 2616 3324 illas
2652 3271 2883 3338 turbas,
2930 3273 3225 3346 jurgiaque
3275 3279 3349 3334 ob

1753 3372 1852 3413 vas
1882 3359 2168 3423 violatum,
2203 3367 2257 3414 et
2311 3360 2416 3414 alia
2459 3360 2510 3414 id
2543 3347 2717 3432 genus
2751 3363 3026 3420 accidisse
3070 3384 3349 3426 memora-

1754 3447 1905 3502 bant.
1938 3447 2018 3502 Illi
2053 3449 2327 3520 legatione
2357 3467 2459 3505 sua
2495 3451 2667 3506 functi
2698 3469 2812 3508 rem
2845 3471 2959 3511 non
3011 3456 3224 3515 sincere
3262 3462 3347 3518 uti

1755 3553 1816 3594 se
1858 3539 2146 3606 habuerat,
2190 3542 2284 3596 sed
2317 3540 2456 3598 falsa
2482 3544 2734 3614 quaedam
2781 3553 2836 3600 et
2865 3547 3098 3602 conficta
3131 3549 3348 3607 detule-

1755 3638 1919 3696 runt;
1951 3632 2123 3686 multa
2173 3633 2440 3690 adversus
2472 3634 2694 3690 beatum
2744 3650 2942 3707 papam
2978 3639 3344 3697 Athanasium

1756 3722 1986 3778 subdole
2016 3730 2070 3778 et
2099 3723 2439 3779 calumniose
2470 3725 2801 3790 commenti,
2833 3743 2956 3796 quae
2979 3727 3196 3798 quidem
3241 3745 3343 3800 pro

1757 3814 1902 3868 veris
1933 3821 1986 3868 et
2016 3813 2312 3884 compertis
2361 3814 2415 3868 in
2458 3824 2577 3868 acta
2619 3815 2922 3872 referentes
2980 3819 3033 3871 in
3073 3819 3343 3889 synodum

1755 3906 1821 3959 ad
1859 3906 2155 3961 Eusebium
2181 3915 2234 3961 et
2263 3907 2404 3960 alios
2437 3905 2711 3962 deferunt.
2753 3909 2812 3963 Id
2841 3910 2990 3980 quod
3042 3910 3245 3967 Ursatii
3285 3921 3344 3967 et

1754 3995 2004 4050 Valentis
2054 3997 2404 4050 confessione
2451 4006 2639 4066 postea
2677 3999 3016 4054 declaratum
3058 4011 3177 4066 est,
3213 4019 3340 4058 cum

1754 4087 2094 4155 pmnitentia.
2125 4085 2276 4139 ducti
2328 4085 2478 4140 Julio
2525 4086 2774 4143 Romano
2829 4091 3073 4159 pontifici
3125 4092 3339 4149 libellos

1754 4179 2094 4243 obtulerunt,
2130 4176 2333 4247 quibus
2375 4193 2616 4233 errorem
2668 4195 2829 4234 suum
2879 4183 3336 4250 deprecabantur.

87 4289 242 4344 σαμεν
276 4275 371 4329 τὸν
413 4275 606 4328 πάπαν
644 4275 994 4330 Ἀθανάσιονο
1029 4273 1169 4328 ἀλλά
1211 4274 1357 4340 δέξαι
1387 4277 1534 4347 ἡμᾶς
1567 4278 1647 4340 εἰς

1760 4269 2116 4332 Calumniam,
2149 4269 2492 4338 inquiebant,
2519 4281 2714 4324 contra
2747 4287 2943 4342 papam
2971 4273 3335 4330 Athanasium

84 4368 353 4420 κοινωνίαν
381 4367 479 4421 καὶ
507 4369 586 4432 είς
623 4367 930 4438 μετάνοιαν.
967 4368 1077 4421 Καὶ
1122 4367 1258 4438 πρὸς
1286 4368 1446 4421 αὐτὸν
1470 4368 1526 4421 δὲ
1557 4368 1648 4421 τὸν

96 4458 393 4514 ’Δθανάσιον
423 4461 547 4524 ταῖς
577 4459 758 4513 αὐτῶν
780 4458 1081 4532 ἐχρήσαντο
1106 4461 1404 4532 ἐγγράφοις
1435 4461 1523 4514 διὰ
1547 4478 1648 4532 με-

85 4551 280 4614 τανοίας
313 4552 661 4606 συστάσεσιν.
707 4551 972 4622 Ὀρῶντος
1007 4549 1065 4605 δὲ
1095 4551 1190 4605 τοῦ
1220 4552 1376 4604 πάπα
1421 4551 1649 4604 Ἀθανα-

86 4640 182 4693 σίου
205 4641 358 4706 ὄντος
384 4643 444 4695 ἐν
472 4643 538 4712 τῇ
569 4641 730 4712 Τύρῳ
760 4641 982 4712 βαρεῖαν
1010 4641 1110 4713 τὴν
1146 4642 1266 4695 τότε
1295 4641 1561 4713 συσκευὴν
1583 4644 1647 4696 ὲκ

85 4732 422 4800 πανταχόθεν,
461 4731 626 4803 πρινὴ
676 4730 937 4784 εἰσελθεῖν
981 4731 1062 4794 είς
1096 4731 1158 4784 τὸ
1197 4731 1567 4803 δικαστήριον,
1609 4731 1641 4803 ἢ

84 4823 150 4884 ei;
180 4825 470 4894 πρόσωπον
513 4823 581 4877 τὰ
631 4823 1110 4895 συκοφαντούμενα
1142 4823 1202 4891 ἐξ
1247 4825 1642 4879 ἀντικαταστά-‹

85 4929 204 4977 σεως
230 4915 482 4985 γένηται,
512 4913 726 4986 νύκτωρ
764 4915 1146 4986 ἀναχωρήσας,
1190 4915 1473 4986 ἀνέρχεται
1505 4916 1641 4987 πρὸς

84 5003 477 5060 Κωνσταντῖνον
499 5007 578 5070 εἰς
605 5007 666 5059 τὸ
688 5008 1016 5078 κομητᾶτον,
1047 5007 1140 5060 καί
1159 5007 1458 5079 προσφέρει
1491 5006 1641 5078 αὐτῷ

82 5097 138 5150 τὰ
166 5102 278 5151 κατ’
310 5099 478 5153 αὐτὸν
506 5099 896 5152 ἀναδιδάσκων.
937 5098 996 5151 'O
1023 5098 1100 5163 δὲ,
1124 5097 1204 5151 ἔτι
1243 5097 1386 5170 λύπῃ
1408 5098 1644 5170 φερόμε-

84 5205 176 5251 νος,
205 5192 295 5244 καὶ
318 5190 558 5261 νομίζων
589 5191 662 5261 μή
687 5207 764 5261 πη
807 5189 916 5261 ἄρα
945 5190 1299 5261 ἀληθεύουσιν
1319 5191 1368 5243 οἱ
1405 5207 1641 5260 κατηγο-

88 5283 350 5350 ρήσαντες,
377 5282 632 5354 ψεύδεται
673 5283 732 5336 δὲ
763 5284 792 5336 6
835 5280 1289 5352 ἀπολογούμενος,
1335 5281 1414 5334 ἔτι
1459 5281 1646 5352 ἐχαλέ-

87 5389 242 5428 παινε.
269 5375 704 5439 Χαλεπαίνοντος
732 5374 788 5428 δὲ
825 5373 1012 5438 αὐτοῦ,
1034 5377 1064 5428 6
1106 5373 1294 5438 πάπας
1335 5371 1648 5437 Ἀθανάσιος

86 5463 220 5533 λέγον
248 5467 422 5540 βαρῦν
452 5467 530 5538 τῷ
559 5467 769 5538 βασιλεῖ
809 5466 1138 5530 ἐπετείνετο,
1169 5465 1247 5529 ὡς
1291 5465 1375 5518 ὅτι
1427 5465 1650 5519 Δικάσει

89 5556 267 5632 Κύριος
295 5559 571 5633 ἀναμέσον
600 5557 737 5632 ἐμοῦ
765 5557 860 5613 καὶ
884 5557 998 5625 σοῦ,
1027 5559 1186 5612 ὁποῖα
1215 5555 1308 5610 καὶ
1333 5553 1496 5619 αὐτὸς
1519 5571 1650 5628 συμ-

154 5729 401 5790 ¹ῖ.τῶν.
1058 5771 1066 5776 -
1147 5763 1153 5766 ·
1285 5767 1315 5775 ~

1757 4361 2095 4424 struximus;
2146 4369 2202 4412 tu
2240 4374 2370 4414 vero
2410 4360 2476 4414 ad
2509 4363 2950 4418 communionem
2983 4371 3036 4418 et
3069 4367 3336 4434 pmniten-

1755 4454 1886 4508 tiam
1929 4467 2033 4508 nos
2067 4451 2316 4507 admitte.
2351 4451 2466 4507 Imo
2492 4461 2548 4508 et
2574 4453 2718 4523 apud
2760 4455 2940 4525 ipsum
2971 4458 3335 4516 Athanasium

1753 4545 1944 4600 eadem
1975 4544 2029 4598 in
2062 4545 2271 4614 scripto
2304 4545 2710 4616 supplicatione
2746 4547 2830 4601 usi
2863 4556 3013 4602 sunt.
3045 4546 3193 4604 Inter
3219 4549 3336 4606 lucc

1751 4636 2087 4691 Athanasius
2131 4651 2256 4690 cum
2287 4636 2430 4706 apud
2461 4635 2666 4707 Tyrum
2699 4652 2918 4707 gravem
2950 4654 3013 4692 ac
3045 4639 3337 4695 vehemen-
3363 4637 3380 4644 ’

1753 4735 1858 4783 tem
1891 4728 2030 4782 hanc
2053 4729 2518 4798 conspirationem
2547 4745 2671 4784 esse
2699 4738 2969 4798 cerneret,
3008 4733 3331 4802 priusquam

1751 4819 1806 4874 in
1829 4821 2098 4890 judiciqu
2130 4819 2396 4890 prodiret,
2427 4827 2518 4874 aut
2553 4836 2744 4876 omnes
2785 4821 2903 4876 ista:
2929 4824 3216 4877 calumniae
3243 4836 3332 4877 co-

1749 4927 1865 4967 ram
1896 4913 2023 4973 sibi.
2055 4923 2109 4966 et
2144 4929 2210 4968 ex
2241 4911 2472 4966 adverso
2505 4911 2896 4980 objicerentur,
2930 4912 2997 4966 de
3028 4922 3185 4967 nocte
3211 4911 3325 4968 dis-

1749 5000 1951 5057 cedens
1994 5002 2048 5056 in
2096 5003 2419 5056 comitatum
2467 5000 2534 5056 ad
2575 5000 2996 5054 Constantinum
3048 5007 3322 5070 properat,

1749 5093 1927 5164 deque
1979 5101 2094 5148 tota
2150 5109 2210 5148 re
2261 5094 2551 5149 certiorem
2613 5093 2764 5146 illum
2814 5091 2966 5146 facit.
3027 5092 3368 5169 Imperator;

1749 5186 1931 5240 adhuc
1957 5185 2147 5241 dolore
2177 5185 2338 5258 725
2366 5183 2711 5251 commotus,
2742 5198 2807 5239 ac
2831 5198 2960 5238 vera
2991 5197 3114 5238 esse
3139 5184 3323 5254 suspi-

1745 5283 1928 5342 catus,
1953 5292 2076 5348 quae
2103 5286 2456 5334 accusatores
2490 5282 2914 5348 proposuerant,
2946 5273 3164 5329 mentiri
3195 5289 3323 5329 vero

1747 5378 2069 5426 accusatum
2099 5369 2488 5434 Athanasium,
2514 5368 2652 5422 nihil
2679 5367 2748 5422 de
2775 5366 3059 5422 iracundia
3092 5366 3326 5422 remitte-

1747 5462 1863 5518 bat.
1897 5461 2057 5530 Quod
2100 5463 2298 5520 videns
2339 5461 2675 5518 Athanasius
2725 5461 2839 5516 acri
2879 5459 3034 5516 illum
3075 5459 3327 5516 oratione

1750 5553 2116 5626 perstrinxit:
2157 5553 2232 5612 De
2264 5561 2338 5620 te,
2379 5553 2579 5624 inquit,
2613 5567 2678 5608 ac
2710 5567 2798 5609 me
2831 5551 3103 5625 iudicabit
3142 5551 3330 5608 Domi-
