3826 6206
368 259 375 265 ι
462 317 565 373 199
1090 286 1091 291 Ν
1876 303 1933 357 s.
1976 304 2069 358 ει).

2176 301 2325 357 ζΑΝΙΙ
3634 296 3729 354 ἰαὶ

461 447 587 498 nus,
614 426 761 501 quod
791 434 847 482 et
885 426 1000 497 ipse
1034 423 1437 479 mediocritatis
1477 436 1612 477 mea:
1638 416 2049 476 calumniatur-io

2176 421 2349 482 >ωνετς
2374 420 2488 482 τοῖς
2524 417 2925 487 συκοφαντοῦσι
2949 417 3047 488 τὴν
3081 417 3356 489 ἡμετέραν
3388 416 3726 488 μετριότητα.

461 521 567 577 bus
602 517 947 574 assentiaris.
978 512 1186 569 Deinde
1214 511 1362 566 datis
1396 526 1427 564 a
1467 509 1679 581 synodo
1711 508 1780 562 ad
1813 508 2049 578 impera-

2176 510 2445 565 Ἐντεῦθεν
2488 510 2775 581 συμϐαίνει
2805 508 2966 562 αὑτὸν
2992 506 3179 581 ὲξορίᾳ
3214 510 3508 582 ὑποπεσεῖν
3547 509 3657 561 ἀπό
3681 526 3731 561 τε

461 617 637 664 torem
687 604 891 659 litteris
941 602 997 656 in
1061 600 1317 655 exsilium
1374 599 1648 669 relegatur
1690 596 2046 650 Athanasius.

2176 599 2259 653 γῶν
2287 600 2610 671 γραφέντων
2638 601 2745 653 ἀπὸ
2771 601 2872 671 τῆς
2904 601 3122 655 συνόδου
3163 599 3243 670 τῷ
3275 598 3507 670 βασιλεῖ.
3547 600 3730 653 ’Δπόν-

462 701 681 755 Absens
712 697 917 768 quippe
942 693 1227 763 depositus
1256 700 1362 755 est,
1386 707 1511 745 cum
1534 690 1599 744 ad
1631 699 1831 744 caztcra
1857 703 2050 743 recens

2176 709 2245 755 τος
2286 692 2393 765 γὰρ
2422 692 2589 745 αὑτοῦ
2638 692 2961 761 καθαίρεσιν
3007 692 3289 745 ποιοῦνται
3321 690 3514 755 αὑτοῦ,
3550 692 3647 745 καὶ
3681 690 3734 756 ἐξ

466 792 555 846 illa
587 789 851 860 principis
890 785 1223 839 accessisset
1256 782 1504 837 offensio.
1538 782 1834 837 Duodecim
1865 782 2052 851 itaque

2176 775 2227 835 ὗν
2255 782 2284 835 ὀ
2318 782 2576 854 βασιλεὺς
2608 784 2968 854 παροξυνθεὶς
2992 784 3127 856 πρὸς
3150 782 3313 837 αὐτὸν
3338 783 3611 837 ἐλυπεῖτο.
3635 784 3732 836 Καὶ

463 886 546 940 vel
583 881 848 936 tredecim
877 877 1038 932 annis
1066 876 1120 929 in
1145 875 1298 929 Italia
1330 875 1552 930 mansit.

2176 874 2313 927 ιένει
2345 876 2403 927 ὲν
2457 877 2570 939 τοῖς
2621 875 2813 947 μέρεσι
2873 877 2973 946 τῆς
3013 875 3243 939 Ἰταλίας
3294 874 3407 946 (61)
3453 876 3548 928 ἐπὶ
3604 875 3733 929 ἔτεσι

2156 966 2327 1020 πλείω
2351 965 2557 1020 δώδεκα
2582 966 2615 1037 ἢ
2645 965 3042 1039 δεκατέσσαρα.

535 1060 608 1116 Χ.
662 1058 775 1113 Sub
804 1057 952 1120 haec,
987 1063 1046 1109 ut
1077 1053 1349 1125 frequenti
1386 1053 1669 1111 hominum
1703 1067 1922 1107 rumore
1966 1052 2054 1106 di»

468 1154 747 1224 vulgatum
775 1157 877 1213 est.
897 1147 1164 1203 Arsenius
1202 1147 1313 1209 ille,
1337 1146 1428 1215 qui
1453 1144 1662 1216 pridem
1696 1160 1725 1198 a
1760 1144 2056 1198 calumnia-

466 1242 683 1299 toribus
719 1240 863 1293 inter
898 1244 1144 1292 mortuos
1184 1236 1597 1299 numerabatur,
1633 1235 1831 1303 cuique
1863 1249 2057 1303 ampu-

2226 1059 2284 1112 I'.
2339 1058 2513 1121 Πολὺς
2545 1058 2603 1111 δὲ
2656 1058 2953 1129 μετέπειτα
2982 1058 3169 1129 ᾅδεται
3212 1058 3388 1127 λόγος,
3444 1058 3525 1122 ὡς
3561 1055 3737 1129 ’Δρσέ-

2157 1167 2267 1214 νιος
2300 1152 2329 1203 ὁ
2356 1150 2524 1203 πάλαι
2566 1151 2624 1204 ἐν
2668 1150 2926 1203 τεθνεῶσι
2974 1151 3126 1222 παρά
3156 1150 3509 1221 συκοφαντῶν
3542 1168 3735 1219 καταγ·

2157 1242 2497 1313 γελλόμενος,
2534 1241 2630 1295 καὶ
2651 1242 2750 1313 τὴν
2783 1245 2942 1314 χεῖρα
2982 1242 3287 1312 τετμῆσθαι
3320 1242 3632 1312 λεγόμενος,
3661 1242 3736 1293 εὖ·

468 1342 583 1387 tata
631 1346 827 1385 manus
879 1328 1165 1383 dicebatur
1190 1366 1205 1391 ,
1242 1326 1297 1380 in
1328 1325 1531 1381 Arabia
1568 1334 1819 1395 repertus
1872 1333 1971 1380 est.
2006 1323 2057 1381 Is

2176 1350 2322 1403 meat
2348 1334 2406 1387 ὲν
2432 1335 2544 1396 τοῖς
2573 1333 2767 1404 μέρεσι
2797 1332 2895 1404 τῆς
2924 1333 3206 1404 Ἀραϐίας.
3231 1335 3341 1387 Καὶ
3379 1334 3456 1397 ὡς
3492 1334 3735 1404 ἀνήγγει-

466 1423 616 1477 enim
673 1420 975 1474 Athanasio
1010 1460 1026 1485 ,
1082 1434 1205 1473 eum
1260 1418 1313 1470 in
1379 1418 1572 1471 exsilio
1633 1416 1813 1469 adhuc
1868 1423 2055 1481 esset,

2176 1439 2249 1479 tsv
2296 1425 2485 1481 ἑαυτὸν
2523 1426 2659 1489 ὅλως
2701 1427 2729 1478 ὁ
2777 1426 3051 1497 Ἀρσένιος
3099 1426 3179 1498 τῷ
3232 1427 3392 1498 πάπᾳ.
3442 1425 3737 1495 Ἀθανασίῳ

466 1513 714 1583 seipsum
762 1510 1026 1581 prodidit.
1080 1508 1253 1575 Quem
1297 1509 1384 1562 ille
1414 1508 1589 1572 clam,
1629 1514 1686 1560 ut
1721 1508 2056 1577 accepimus,

2176 1520 2273 1573 ἱντι
2310 1522 2366 1572 ὲν
2393 1522 2458 1590 τῇ
2493 1519 2697 1591 ὲξορίᾳ,
2732 1520 2823 1572 καί
2857 1519 2951 1572 τοῦ
2984 1522 3137 1575 πάπα
3161 1520 3483 1572 Ἀθανασίου
3526 1518 3734 1588 λεληθὸς

481 1604 805 1660 arcessitum
828 1642 842 1666 ,
900 1616 1027 1655 mox
1069 1608 1126 1654 ut
1162 1599 1412 1661 advenit,
1473 1613 1657 1652 coram
1684 1597 1979 1652 Constante
2006 1602 2060 1650 et

2176 1628 2268 1673 τως
2292 1610 2455 1662 αὐτὸν
2492 1608 3008 1679 μεταστειλαμένου,
3044 1608 3120 1672 ὡς
3151 1609 3185 1679 ἡ
3226 1610 3307 1671 είς
3343 1610 3496 1678 ἡμᾶς
3525 1605 3737 1660 ἐλθοῦσα

471 1697 800 1753 Constantio
832 1694 1180 1750 Constantini
1217 1694 1364 1755 filiis,
1402 1695 1490 1763 qui
1530 1702 1641 1746 tum
1692 1689 1830 1746 forte
1858 1705 2057 1746 conve-

2176 1704 2319 1772 φήμη
2353 1700 2618 1772 περιέχει,
2660 1702 2754 1755 καὶ
2785 1700 2949 1755 αὐτοῦ
2984 1702 3262 1772 Ἀρσενίου
3303 1700 3439 1772 πρὸς
3468 1699 3563 1752 τὸν
3591 1698 3736 1751 αὑτὸν

474 1796 689 1849 nerant.
708 1788 913 1850 vivum,
936 1795 990 1842 et
1020 1786 1207 1840 ambas
1234 1800 1429 1839 manus
1458 1784 1745 1839 habentem
1774 1782 2056 1852 produxit.

2176 1765 2475 1864 μακαρίτην
2506 1765 2825 1847 (Αθανάσιον
2862 1765 3175 1864 γενομένου,
3211 1765 3359 1863 ὁμοῦ.
3390 1809 3449 1843 τε
3509 1792 3603 1843 ἐπὶ
3642 1792 3738 1853 tot;

470 1878 593 1946 Quo
629 1879 772 1933 facto
818 1894 984 1948 penes
1020 1884 1374 1932 accusatores
1406 1890 1515 1929 non
1550 1873 1712 1935 modo
1751 1873 2059 1939 calumniae,

2176 1884 2294 1953 περὶ
2318 1883 2581 1938 Κώνσταν
2611 1883 2709 1936 καὶ
2741 1882 3110 1938 Κωνστάντιον
3141 1885 3257 1947 τοῖς
3297 1884 3431 1946 υἱοῖς
3465 1883 3740 1935 Κωνστανι

473 1970 570 2027 sed
620 1971 785 2025 etiam
839 1970 908 2025 ob
955 1969 1332 2023 circumlatam
1386 1969 1533 2021 illam
1581 1967 1782 2022 mortui
1841 1982 2063 2021 manum

474 2064 689 2118 violata:
718 2062 1099 2131 sepulcrorum
1147 2061 1430 2133 religionis
1469 2060 1677 2114 crimen
1712 2059 1949 2125 resedit;
1999 2074 2064 2113 ac

472 2145 738 2221 deinceps
776 2152 969 2221 ingens
1002 2150 1149 2206 risus
1183 2166 1249 2205 ex
1305 2150 1401 2204 tali
1441 2156 1702 2219 tantaque
1752 2147 1935 2204 fabula
1961 2188 1976 2214 ,
2010 2155 2065 2203 et

475 2246 769 2302 admiratio
793 2250 1111 2299 consecuta.
1134 2242 1322 2314 Neque
1351 2243 1487 2298 satis
1517 2240 1905 2309 conveniebat,
1931 2242 2064 2312 quid

476 2342 545 2397 de
600 2342 1063 2407 accusatoribus,
1106 2349 1201 2395 aut
1255 2357 1351 2395 reo
1409 2341 1526 2411 ipso
1557 2380 1572 2405 ,
1624 2340 1800 2409 deque
1851 2339 2064 2395 caeteris

477 2431 738 2485 omnibus
770 2431 1062 2485 dicendum
1124 2431 1421 2486 videretur.
1459 2429 1591 2496 Quae
1650 2430 1697 2485 si
1749 2430 2065 2500 singillatim

478 2537 706 2577 narrare
738 2523 997 2588 voluero,
1054 2522 1356 2592 longiorem
1398 2522 1706 2576 orationem
1757 2520 2062 2578 instituam.

478 2612 609 2668 Post
637 2613 986 2668 Constantini
1041 2613 1286 2677 obitum,
1320 2612 1654 2669 Athanasius
1708 2612 1805 2682 qui
1852 2628 2067 2669 summa

479 2709 533 2760 in
587 2706 832 2761 omnium
886 2707 1217 2761 auctoritate
1274 2714 1328 2761 et
1376 2705 1587 2776 gratia,
1620 2720 1686 2760 ac
1740 2720 1851 2760 non
1904 2704 2067 2759 modo

481 2798 662 2851 Roma:
691 2838 707 2864 ,
744 2796 839 2853 sed
884 2804 938 2850 et
992 2796 1163 2850 Italia:
1212 2795 1381 2851 totius
1410 2834 1426 2860 ,
1459 2795 1569 2849 imo
1607 2802 1663 2849 et
1716 2794 2067 2864 imperatoris

476 2886 710 2957 ejusque
764 2886 1064 2941 liberorum
1100 2885 1419 2942 Constantis
1456 2899 1523 2939 ac
1572 2883 1927 2940 Constantini
1971 2899 2069 2954 ap-

478 2979 806 3051 probatione
838 2976 1093 3040 Ilorebat.
1151 2977 1220 3031 ab
1258 2974 1346 3031 his
1388 2975 1604 3030 duobus
1644 2974 2068 3039 imperatoribus

479 3078 601 3140 post
630 3076 862 3123 mortem
898 3066 1142 3138 parentis
1174 3067 1229 3120 in
1260 3065 1560 3136 Egyptum
1603 3064 1931 3129 remittitur,
1980 3079 2069 3120 as-

481 3164 750 3216 sentiente
779 3160 1104 3215 Constantio
1128 3200 1143 3225 ,
1175 3159 1267 3228 qui
1305 3168 1420 3212 tum
1453 3157 1759 3212 Antiochia:
1806 3158 2067 3212 versaba-

483 3256 591 3301 tur.
626 3245 799 3315 Cujus
834 3247 910 3301 rei
942 3246 1140 3301 seriem
1174 3262 1240 3300 ex
1283 3247 1445 3300 trium
1481 3246 1872 3316 imperatorum
1927 3246 2069 3302 datis

481 3336 549 3390 ad
582 3336 1013 3400 Alexandrinos,
1064 3342 1118 3391 et
1150 3334 1508 3390 Athanasium
1543 3336 1722 3407 ipsum
1760 3337 1959 3391 litteris
1985 3336 2070 3392 di-

481 3427 738 3483 dicimus.
778 3426 857 3481 Ita
883 3426 973 3481 ille
1003 3425 1121 3482 sedi
1151 3442 1264 3481 sua:
1295 3428 1583 3483 restitutus
1617 3434 1721 3492 est,
1756 3437 1881 3497 post
1907 3428 2071 3499 726

480 3520 845 3591 Gregorium,
877 3533 1039 3591 quem
1087 3519 1362 3575 exsulanti
1395 3518 1696 3575 Athanasio
1733 3519 1922 3574 Ariani
1950 3519 2069 3576 suf-

484 3614 749 3668 fecerant.

2163 1975 2309 2028 τίνου
2343 1976 2654 2046 γενομένοις
2684 1976 2821 2047 ἅμα,
2864 1979 2892 2029 ὁ
2946 1977 3045 2047 μὲν
3073 1972 3391 2038 Ἀθανάσιος
3421 1974 3516 2027 τὸν
3562 1973 3738 2045 ’Δρσέο

2164 2080 2275 2117 νιον
2302 2063 2540 2116 ἐδείκνυε
2572 2061 2752 2128 ζῶντά
2785 2080 2866 2131 τε,
2893 2065 2987 2117 καὶ
3014 2062 3107 2116 δύο
3128 2065 3319 2134 χεῖρας
3354 2062 3567 2134 ἔχοντα.
3590 2062 3741 2113 Συκο-

2166 2156 2394 2226 φαντίας
2437 2173 2496 2209 τε
2530 2155 2716 2209 λοιπὸν
2759 2158 2808 2209 οἱ
2853 2157 3148 2227 κατήγοροι
3191 2157 3352 2209 αττιοι
3389 2155 3448 2207 οὐ
3482 2153 3641 2225 μόνον
3663 2153 3740 2205 εὑ-

2169 2247 2437 2320 ρίσκοντο,
2467 2246 2603 2313 ἀλλά
2645 2246 2741 2299 καὶ
2788 2246 3175 2316 τυμϐωρυχίας
3221 2243 3309 2298 διὰ
3350 2246 3447 2316 τήν
3482 2258 3614 2297 ποτε
3649 2261 3740 2295 πε-

2169 2338 2531 2411 ριφερομένην
2576 2338 2775 2409 νεκρὰν
2821 2341 2997 2409 χεῖρα.
3038 2336 3320 2390 Ἐντεῦθεν
3368 2336 3431 2389 τὸ
3491 2336 3591 2407 μὲν
3644 2336 3740 2389 πᾶν

2167 2431 2374 2497 γελοῖον
2408 2425 2497 2501 ἦν,
2534 2430 2630 2484 καὶ
2657 2429 2917 2500 ἔκπληξις
2945 2428 3038 2482 τοῦ
3071 2428 3316 2483 τοιούτου
3363 2428 3457 2481 καὶ
3499 2426 3741 2481 τοσούτου

2167 2522 2729 2593 δραματουργήματος
2774 2522 2870 2574 καὶ
2913 2521 3148 2592 ἀπορίας
3194 2522 3237 2587 ¹,
3268 2520 3329 2573 τὸ
3372 2519 3454 2583 τίς
3500 2519 3570 2573 ἂν
3613 2522 3740 2573 εἴποι

2169 2613 2297 2684 περί
2331 2630 2389 2665 τε
2419 2612 2526 2666 τῶν
2553 2610 3071 2684 κατηγορησάντων,
3104 2612 3247 2684 περί.
3281 2629 3342 2664 τε
3384 2611 3481 2664 τοῦ
3528 2627 3743 2681 κατηγο-

2173 2704 2460 2777 ρουμένου,
2510 2703 2638 2775 περί
2692 2721 2753 2756 τε
2805 2703 2913 2758 τῶν
2969 2703 3143 2758 ἄλλων
3197 2703 3438 2765 πάντων,
3486 2696 3565 2757 ὧν
3617 2702 3743 2757 κατά

2173 2797 2337 2868 μέρος
2366 2798 2536 2850 εἰπεῖν
2576 2796 2742 2850 πολὺν
2785 2796 3048 2850 ἀναλώσω
3080 2796 3290 2867 χρόνον.
3322 2795 3745 2868 Τελευτήσαντος

2168 2887 2225 2941 δὲ
2270 2888 2678 2942 Κωνσταντίνου
2700 2929 2715 2954 ,
2762 2888 2856 2941 τοῦ
2908 2889 3068 2941 πάπα
3116 2887 3436 2941 Ἀθανασίου
3485 2890 3549 2941 ὲν
3593 2888 3742 2958 πολλῇ

2170 2979 2453 3051 παρρησίᾳ
2486 2979 2582 3032 καὶ
2628 2978 2997 3050 εὐδοκιμήσει,
3033 2979 3128 3032 καὶ
3167 2977 3412 3044 δεξιώσει
3451 2979 3671 3051 Ῥώμης
3695 2996 3744 3031 τε

2093 3105 2142 3169 c
2171 3069 2265 3123 καὶ
2307 3070 2485 3139 πάσης
2520 3064 2778 3132 Ἰταλίας,
2838 3069 2932 3122 καὶ
2983 3068 3117 3141 πρὸς
3167 3069 3330 3123 αὐτὸν
3371 3070 3465 3122 τὸν
3514 3070 3744 3140 βασιλέα,

2172 3162 2263 3213 καὶ
2294 3162 2420 3223 τοὺς
2447 3159 2611 3214 αὑτοῦ
2650 3161 2845 3223 παῖδας
2890 3160 3270 3214 Κωνστάντιον
3294 3162 3389 3215 καὶ⁸
3422 3160 3683 3215 Κώνσταν
3709 3163 3744 3223 ⁸,

2172 3249 2559 3304 ἀποστέλλεται
2580 3251 2646 3302 ὲκ
2681 3250 2790 3301 τῶν
2828 3248 2921 3301 δύο
2943 3247 3205 3318 βασιλέων
3244 3248 3384 3319 μετά
3404 3250 3506 3321 τὴν
3536 3248 3631 3301 τοῦ
3661 3266 3746 3317 με·

2171 3342 2336 3410 γάλου
2359 3340 2769 3395 Κωνσταντίνου
2798 3340 3074 3412 τελευτὴν,
3109 3341 3456 3394 Κωνσαντίου
3485 3341 3638 3404 ὄντος
3665 3342 3748 3393 ἐπὶ

2170 3433 2268 3503 τῆς
2310 3431 2664 3502 Ἀντιοχείας,
2712 3431 2808 3484 καὶ
2855 3429 3295 3495 συνευδοκοῦντος
3338 3431 3482 3484 ἰδίων
3515 3431 3539 3460 ³
3565 3447 3625 3483 τε
3664 3430 3747 3483 καὶ

2172 3524 2465 3595 ἐγγράφων
2523 3522 2854 3577 ἐπιστολῶνσ
2912 3522 3066 3595 παρά
3107 3523 3217 3578 τῶν
3268 3523 3436 3594 τριῶν
3492 3522 3747 3593 βασιλέων

2173 3614 2417 3685 ἔγνωμεν
2443 3612 2755 3685 γραφεισῶν
2786 3616 2897 3677 τοῖς
2922 3614 3327 3686 Ἀλεξανδρεῦσι
3360 3615 3457 3669 καὶ
3500 3614 3650 3685 αὑτῷ
3680 3612 3748 3682 τῷ

482 3710 641 3780 πάπᾳ
670 3707 999 3779 ’Λθανασίῳο
1035 3707 1129 3761 καὶ
1168 3707 1452 3771 καθέζεται
1498 3707 1661 3761 πάλιν
1701 3709 1779 3771 είς
1816 3707 1908 3760 τὸν
1955 3708 2142 3781 θρόνον
2188 3712 2327 3782 μετά
2373 3712 2464 3764 τὸν
2507 3709 2883 3783 διαδεξάμενον
2932 3711 3096 3765 αὑτὸν
3154 3710 3259 3764 ὑπὸ
3315 3710 3425 3763 τῶν
3465 3708 3746 3783 Ἀρειανῶν

481 3801 803 3873 πεμφθέντα
834 3800 1155 3871 Γρηγόριον,
1192 3799 1281 3851 ὅτε
1314 3794 1381 3869 ἦν
1423 3800 1480 3851 εν
1528 3801 1591 3868 τῇ
1628 3798 1814 3870 ὲξορίίι
1847 3798 2191 3867 ’Λθανάσιος.
3018 3810 3019 3813 “

556 3892 645 3946 XI.
682 3890 788 3945 Sed
835 3907 1055 3945 rursum
1099 3904 1252 3944 novae
1286 3890 1362 3943 illi
1398 3889 1575 3943 turba:
1622 3904 1685 3943 ac
1721 3891 2010 3947 calumnia:
2036 3908 2068 3947 a

487 3984 768 4054 Stephano
799 3983 1028 4053 ejusque
1078 3982 1308 4038 asseelis
1344 3981 1487 4051 apud
1519 3980 1903 4037 Constantium
1937 3999 2072 4040 con-

484 4072 645 4139 llatae,
677 4073 880 4143 quibus
906 4073 1088 4127 denuo
1117 4071 1185 4127 de
1213 4071 1344 4126 sede
1366 4085 1465 4127 sua
1496 4073 1688 4141 pulsus
1714 4080 1820 4128 est.
1852 4074 2076 4129 Iterum-

485 4182 592 4237 que
620 4164 886 4220 Leontius
914 4165 1204 4220 eunuchus
1233 4164 1387 4219 illum
1414 4178 1540 4218 cum
1574 4164 1693 4219 suis
1732 4165 1835 4219 alia
1866 4165 2075 4219 machi—

485 4259 709 4313 natione
744 4257 1018 4329 perculit,
1051 4272 1149 4327 per
1181 4271 1346 4326 quam
1385 4255 1595 4324 ejectus
1624 4295 1639 4321 ,
1672 4272 1735 4311 ae
1762 4256 1958 4312 deinde
1984 4271 2073 4311 re-

487 4354 713 4407 stitutus
763 4359 892 4416 est;
934 4364 1062 4405 nam
1130 4364 1255 4403 eum
1305 4346 1576 4418 Georgius
1631 4362 1662 4401 a
1715 4348 2077 4403 Constantino

2235 3893 2335 3948 IA'.
2366 3893 2533 3947 Πάλιν
2556 3894 2612 3947 δὲ
2642 3893 3043 3965 συνεσκευάσθη
3072 3894 3208 3965 πρὸς
3243 3896 3624 3949 Κωνστάντιον
3652 3894 3746 3949 ἀπὸ

2174 3985 2283 4038 τῶν
2332 3986 2461 4056 περὶ
2510 3985 2800 4054 Στέφανον,
2858 3985 2951 4037 καὶ
2998 3983 3267 4053 ὲξεώσθη’
3317 3986 3414 4038 καὶ
3460 3987 3744 4055 μετέπειτα

2179 4075 2341 4129 πάλιν
2376 4073 2778 4146 συνεσκευάσθη
2806 4076 2913 4128 ἀπὸ
2939 4074 3046 4129 τῶν
3079 4076 3204 4146 περὶ
3238 4075 3485 4129 Λεόντιον
3512 4078 3605 4129 τὸν
3627 4076 3742 4130 ἀπό-

2180 4185 2368 4232 κοπον,
2397 4169 2492 4221 καὶ
2541 4168 2666 4232 τοὺς
2704 4169 2821 4239 ἅμα
2866 4169 3069 4233 αὐτοῖς.
3102 4168 3294 4222 Ἔνθεν
3343 4170 3559 4237 ἐγίνετο
3606 4170 3745 4223 -ιῦτὸν

2183 4259 2559 4322 ὲκὸάλλεσθαι,
2595 4260 2689 4314 καὶ
2731 4260 2893 4313 πάλιν
2935 4260 3303 4333 εἰσφέρεσθαι.
3343 4261 3383 4313 Γ
3386 4260 3617 4335 εώργιος
3654 4264 3743 4331 γὰρ

2183 4350 2287 4405 ὑπὸ
2314 4351 2690 4405 Κωνσταντίου
2732 4350 3140 4418 ἀποστέλλεται,
3175 4352 3269 4406 καὶ
3297 4353 3579 4424 ὑποχωρεῖ
3612 4353 3746 4407 Ἀθα-

488 4443 694 4497 missus
721 4449 905 4507 esset,
948 4440 1289 4493 Athanasius
1341 4437 1469 4509 fuga
1502 4454 1561 4494 sc
1601 4437 1913 4494 subduceris
1969 4439 2069 4493 ali-

2178 4444 2381 4508 νάσιος,
2430 4443 2652 4515 κρυϐεις
2694 4444 2883 4515 χρόνον
2923 4443 3064 4506 τινὰ,
3115 4444 3220 4508 ἕως
3258 4446 3348 4498 ὅτε
3401 4447 3430 4498 ό
3488 4446 3745 4518 Γεώργιος

489 4534 733 4603 quandiu
764 4532 1021 4596 delituit,
1057 4530 1233 4586 donec
1266 4530 1538 4600 Georgius
1587 4530 1907 4587 interfectus
1946 4540 2071 4587 est:

490 4639 599 4694 quo
650 4634 892 4693 tempore
938 4621 1194 4677 Julianus
1245 4621 1588 4692 imperabat,
1633 4622 1724 4693 qui
1762 4631 1886 4692 post
1931 4623 2074 4679 Con-

491 4712 684 4770 stantii
716 4713 927 4767 obitum
976 4712 1042 4766 ad
1082 4712 1366 4783 gentilium
1408 4698 1861 4783 superstitionem
1895 4714 2076 4770 desci-

490 4816 667 4865 verat.
721 4807 936 4862 Etenim
974 4804 1334 4860 Alexandrini
1370 4803 1663 4877 Georgium
1707 4814 1889 4861 vetere
1922 4808 1977 4861 in
2010 4807 2076 4861 il-

492 4902 604 4957 lum
645 4900 772 4956 odio
814 4906 1114 4970 concepto,
1145 4894 1391 4952 occisum
1436 4906 1895 4962 concremarunt,
1926 4898 2076 4968 ejus-

489 5011 599 5068 que
649 4994 865 5050 cineres
914 4994 970 5048 in
1020 4998 1217 5047 ventos
1254 5000 1597 5060 sparserunt.
1629 4988 1827 5045 Postea
1853 4990 2074 5047 Juliano

493 5092 546 5144 in
578 5087 805 5143 Perside
848 5094 1089 5152 mortuo,
1124 5082 1390 5145 Iovianus
1428 5084 1605 5140 felicis
1639 5084 1911 5140 memoria:
1942 5100 2073 5139 suc-

489 5183 678 5238 cessit.
704 5180 807 5248 Qui
840 5178 1440 5244 honorificentissimis,
1468 5178 1704 5248 fideique
1736 5178 2071 5247 plenissimis

2180 4535 2448 4609 ἀνῃρέθη·
2500 4536 2558 4588 ὲν
2605 4529 2649 4603 ᾧ
2698 4536 2874 4606 χρόνῳ
2930 4536 3275 4591 ἐϐασίλευσεν
3322 4538 3632 4603 Ἰουλιανὸς,
3667 4541 3745 4593 καὶ

2180 4628 2261 4692 εἰς
2305 4626 2655 4697 Ἑλληνισμδν
2711 4628 2921 4699 ἐτράπη
2975 4628 3113 4699 μετά
3154 4629 3254 4700 τὴν
3301 4630 3564 4701 τελευτὴν
3613 4633 3747 4685 Κων-

2184 4717 2451 4772 σταντίουο
2491 4717 2882 4790 Ἀλεξανδρέων
2920 4718 3027 4791 γάρ
3079 4721 3239 4792 μῆνιν
3282 4723 3642 4793 τηρησάντων
3680 4722 3743 4791 τῷ

2181 4807 2459 4883 Γεωργίῳ,
2507 4809 2692 4871 τοῦτον
2743 4812 3104 4878 ἀπέκτειναν,
3149 4813 3245 4865 καὶ
3287 4813 3627 4879 καύσαντες,
3668 4815 3741 4867 καὶ

2180 4902 2385 4972 τέφραν
2415 4902 2759 4973 ποιήσαντες,
2792 4905 2872 4966 είς
2923 4904 3157 4974 ἀνέμους
3197 4905 3552 4976 ἐσκόρπισαν.
3605 4907 3743 4960 Ἀπο-

2182 4995 2428 5058 θανόντος
2447 4995 2503 5048 δὲ
2525 4995 2619 5048 τοῦ
2649 4995 2936 5049 ’ῐουλιανοῦ
2962 4998 3018 5051 ὲν
3040 4999 3106 5068 τῇ
3130 4998 3371 5068 Περσίδι,
3395 4998 3491 5051 καὶ
3516 4998 3742 5065 διαδεξιο

2183 5089 2343 5158 μένου
2385 5088 2446 5141 τὸ
2496 5088 2765 5158 βασίλειον
2803 5086 3058 5142 Ἰοόιανοῦ
3102 5088 3197 5142 τοῦ
3246 5092 3579 5161 μακαρίτου,
3624 5091 3741 5162 μετὰ

2179 5178 2379 5250 πολλῆς
2422 5179 2614 5250 τιμῆς,
2649 5179 2745 5233 καὶ
2787 5180 3115 5247 ἀξιοπίστων
3147 5183 3489 5252 γραμμάτων
3518 5183 3741 5255 γράψον·

565 5322 578 5351 '
610 5318 673 5373 F.
705 5319 927 5391 ἀπορία.
1000 5319 1021 5350 ³
1054 5316 1115 5371 ιθ.
1150 5319 1560 5372 Κωνσταντϊνον
1584 5318 1983 5384 Κωνστάντιον,
2012 5335 2069 5373 κο

2178 5316 2388 5373 ὡνσταν
2420 5334 2434 5384 ;
2468 5317 2564 5374 sed
2604 5317 2720 5373 haec
2743 5327 3021 5387 corrupta.
3098 5316 3120 5348 ³
3142 5315 3202 5371 F.
3237 5315 3313 5380 ὡς
3340 5315 3399 5381 ὲξ
3426 5316 3490 5372 ιδ.

566 5474 678 5545 (61)
712 5476 817 5529 Καὶ
836 5474 1004 5545 μένει
1037 5476 1108 5529 ἐν
1134 5478 1259 5543 τοῖς
1291 5477 1502 5547 μέρεσι
1522 5477 1634 5546 τῆς
1665 5477 1933 5544 Ἰταλίας.
1965 5475 2072 5531 Ne—

494 5560 601 5615 que
641 5547 771 5600 illud
804 5563 992 5601 verum
1020 5554 1127 5608 est.
1181 5556 1263 5602 tot
1300 5565 1475 5604 annos
1504 5548 1561 5603 in
1582 5548 1775 5603 Galliis
1804 5548 2069 5615 haesisse;

498 5632 607 5669 non
665 5616 808 5669 enim
867 5617 1103 5686 amplius
1160 5633 1322 5686 quam
1379 5635 1555 5674 annos
1610 5636 1670 5680 Il,
1731 5633 1947 5672 menses
1994 5633 2067 5681 tv,

494 5686 783 5747 exsulavit,
814 5695 872 5739 ut
901 5696 1129 5742 testatur
1151 5687 1841 5743 TheodoretusNideAnn.
1867 5688 2067 5743 [ξι-διεδ.

495 5758 717 5812 ³11538.
748 5755 974 5828 Reliqua
1010 5760 1347 5815 narrationis
1379 5759 1565 5829 hujus,
1596 5775 1715 5829 quae
1744 5759 1798 5813 in
1820 5759 2070 5830 sequenti

2179 5490 2410 5532 numero
2461 5477 2607 5531 haud
2638 5475 2856 5532 sincera
2887 5483 3039 5539 sunt,
3072 5472 3333 5530 Historiis
3366 5474 3739 5530 ecclesiasticis

2178 5555 2233 5601 et
2268 5546 2563 5601 Annalibus
2618 5546 2945 5601 Baronianis
2985 5547 3107 5601 luce
3152 5546 3389 5600 clariora
3444 5555 3598 5602 sunt.
3625 5545 3737 5610 Quae

2178 5625 2235 5671 tu
2265 5616 2416 5671 illinc
2443 5614 2679 5686 repetes.
2714 5615 2831 5671 Sub
2869 5617 3230 5672 Constantino
3266 5617 3599 5686 imperatore
3627 5623 3735 5686 ante

2177 5684 2567 5757 relegationem
2617 5687 2931 5754 Athanasii,
2965 5686 3182 5743 Arsenii
3244 5684 3441 5743 draina
3506 5684 3736 5758 contigit.

2177 5775 2287 5815 non
2321 5766 2446 5830 post
2479 5759 2629 5814 illius
2665 5759 2895 5814 obitum.
