3846 6374
517 335 623 393 207

1898 326 1954 382 S.
1992 324 2333 383 EPIPHANII

3659 334 3765 393 208

520 455 915 525 hemipborium
947 460 999 508 et
1021 453 1293 506 colobium
1323 451 1547 505 indutus
1589 450 1643 504 in
1684 446 1975 519 colloquiis
2018 463 2081 503 ac

2188 451 2543 524 προσηγορίᾳ,
2575 452 2775 507 πείθων
2802 454 2887 506 ἀεὶ
2912 454 3088 524 ψυχᾶς
3116 455 3212 507 καὶ
3240 454 3524 509 θωπεύων.
3560 456 3765 528 Διόπερ

519 546 942 602 Salutationibus
1000 544 1231 598 blandus
1270 550 1389 598 erat
1430 542 1717 612 inprimis,
1770 548 1931 611 atque
1967 552 2089 594 om-

519 639 666 691 nium
714 635 925 689 animos
969 634 1342 688 adulationum
1378 633 1647 688 illecebris
1674 633 1958 687 devinctos
1999 641 2085 685 te-

520 727 701 782 nebat.
749 725 926 791 Quare
969 726 1117 780 brevi
1156 725 1528 795 septingentas
1578 723 1691 779 fere
1727 723 1839 778 Deo
1886 738 2085 778 conse-

514 826 701 874 cratas
751 816 992 886 virgines
1039 816 1107 870 ab
1155 814 1398 871 Ecclesia
1457 816 1760 870 abstractas
1810 816 1862 870 in
1918 830 2087 869 unum

518 909 716 979 coegit.
765 907 985 962 Addunt
1024 915 1077 961 et
1127 906 1471 977 presbyteros
1525 907 1591 961 ab
1634 922 1701 960 eo
1742 914 1971 976 septem,
2024 920 2088 959 ac

518 998 804 1053 duodecim
854 995 1115 1049 diaconos
1162 994 1447 1048 abductos.
1488 992 1801 1058 Quinetiam
1856 991 2088 1047 subinde

519 1087 834 1157 pestiferum
868 1085 1013 1140 illius
1042 1084 1194 1138 virus
1217 1085 1286 1139 ad
1311 1085 1599 1153 episcopos
1623 1098 1798 1152 usque
1820 1082 2084 1151 pervasit.

518 1179 652 1234 Nam
701 1176 1012 1233 Secundum
1058 1174 1531 1244 Pentapolitanum
1574 1176 1891 1243 episcopum
1962 1186 2087 1225 eum

518 1271 639 1326 aliis
669 1270 946 1326 nonnullis
973 1270 1026 1321 in
1049 1275 1231 1337 partes
1257 1281 1388 1323 suas
1418 1267 1719 1336 pertraxit;
1757 1280 1879 1334 qute
1903 1264 2083 1317 omnia

516 1365 658 1418 ciam
709 1363 866 1416 beato
915 1359 1227 1413 Alexandro
1274 1358 1533 1426 episcopo
1563 1357 1617 1410 in
1644 1355 1886 1410 Ecclesia
1933 1369 2087 1425 gere-

518 1454 718 1508 bantur
746 1472 758 1507 :
783 1452 956 1506 donec
1003 1450 1251 1505 Meletius
1283 1447 1579 1502 Thebaidis
1614 1447 1669 1501 in
1709 1446 1947 1517 Egypto
1997 1460 2086 1497 ar-

518 1542 923 1613 chiepiscopus,
1002 1550 1059 1595 ut
1105 1555 1267 1610 supra
1309 1538 1419 1593 dixi
1457 1538 1716 1607 (necdum
1751 1537 1894 1591 enim
1929 1535 2087 1590 Mele—

513 1635 665 1687 tiana
709 1630 873 1687 factio
918 1632 973 1685 in
1011 1630 1238 1685 hostiles
1262 1636 1316 1685 et
1355 1628 1723 1697 implacabiles
1761 1626 2086 1705 inimicitias

514 1730 772 1794 eruperat
817 1742 833 1778 :
874 1724 962 1779 hic
1008 1722 1174 1794 igitur
1217 1721 1413 1777 ardore
1459 1722 1671 1791 pietatis
1695 1719 2084 1782 inﬂammatus,

517 1831 640 1869 cum
674 1814 807 1870 nihil
836 1827 869 1867 a
914 1821 1061 1868 recta
1095 1812 1197 1867 (ide
1228 1812 1465 1866 alienum
1506 1819 1562 1866 et
1608 1811 1910 1865 abhorrens
1946 1821 2088 1864 tene-

518 1914 619 1970 ret,
677 1905 773 1961 sed
822 1905 934 1960 sola
986 1902 1245 1957 alfectatze
1297 1902 1579 1972 cujusdam
1629 1902 1855 1971 justitiae
1901 1903 2087 1969 specie

518 1996 776 2061 differret,
812 2011 905 2066 per
942 2009 1103 2065 quam
1136 1992 1511 2057 nihilominus,
1554 1999 1612 2046 ut
1649 2000 1803 2046 antea
1842 2006 1965 2045 cum
2000 1991 2088 2045 ad-

519 2104 708 2147 versus
733 2104 857 2145 eum
890 2087 1293 2157 disputaremus
1322 2083 1682 2147 ostendimus,
1719 2098 1973 2153 magnum
1996 2097 2089 2136 or-

517 2184 567 2237 bi
602 2190 869 2237 terrarum
902 2178 1127 2233 exitium
1154 2176 1341 2232 attulit
1376 2193 1388 2229 :
1434 2184 1546 2230 tum
1594 2189 1720 2229 vero
1748 2178 1793 2228 is
1826 2173 1942 2243 ipse
1973 2172 2086 2227 ble-

516 2274 677 2327 letius
701 2269 1148 2339 archiepiscopus
1172 2268 1229 2321 in
1256 2266 1514 2337 Egypto,
1542 2272 1595 2320 et
1621 2265 1932 2319 Alexandro
1962 2264 2086 2319 sub

516 2366 727 2435 iectus,
778 2378 893 2416 rem
950 2375 1164 2416 omnem
1218 2360 1284 2413 ad
1338 2358 1628 2413 Alexandri
1688 2357 2084 2427 archiepiscopi

422 2472 439 2497 θ
511 2472 678 2511 aures
716 2454 927 2510 detulit.
962 2451 1080 2507 3am
1111 2460 1293 2507 autem
1337 2450 1577 2505 diximus
1608 2449 1881 2503 Meletinm
1916 2450 2083 2505 iStum

508 2546 574 2601 EB.
610 2545 752 2601 Petri
800 2542 1040 2613 episcopi
1071 2552 1124 2596 et
1158 2540 1419 2611 martyris
1455 2540 1719 2608 aequalem
1764 2538 1948 2599 fuisse.
1981 2538 2085 2604 Qui

504 2653 643 2692 cum
672 2636 783 2690 Arii
816 2634 1062 2689 facinora
1109 2633 1291 2687 omnia
1326 2632 1712 2703 significasset,
1746 2630 2000 2684 nimirum
2031 2637 2085 2683 et

517 2746 550 2788 a
576 2730 800 2786 veritate
822 2727 971 2782 illum
1006 2726 1280 2790 aberrare,
1309 2739 1372 2778 ac
1397 2724 1684 2793 plerosque
1714 2723 1781 2775 ab
1802 2730 1947 2777 recta
1982 2721 2084 2775 lide

502 2839 618 2880 sua
650 2820 1006 2894 persuasione
1048 2820 1372 2889 depravatos
1412 2823 1465 2871 et
1509 2816 1823 2886 inquinatos
1860 2814 1912 2867 in
1971 2814 2083 2868 exi-

512 2914 653 2969 tium
678 2912 915 2973 trahere,
943 2907 1247 2963 Alexander
1283 2906 1472 2959 Arium
1509 2906 1574 2959 ad
1599 2920 1722 2960 sese
1755 2919 1958 2960 vocans
1993 2919 2085 2959 ee-

518 3006 646 3076 quid
683 3004 758 3057 ita
788 3015 905 3057 sese
937 3015 1022 3055 res
1053 2999 1276 3053 haberet
1306 2996 1627 3067 interrogat.
1662 2995 1801 3049 Tum
1831 2996 1920 3050 ille
1949 2994 2084 3048 nihil

2189 540 2386 594 αὐτίκα
2417 542 2577 611 μάλα’
2602 542 2655 595 τί
2687 542 2796 612 γὰρ
2825 544 2938 597 ἀλλ’
2967 544 3000 614 ἣ
3033 544 3364 609 ἑπτακοσίας
3395 544 3761 616 παρθενενούυ

2191 650 2288 696 σας
2312 632 2402 685 τὸν
2430 632 2658 704 ἀριθμὸν
2690 634 2788 704 τῆς
2828 635 3152 705 Ἐκκλησίας
3176 636 3280 688 ὑπὸ
3308 635 3367 689 ἒν
3396 637 3759 707 παρείλκυσε;

2189 725 2279 778 καὶ
2309 726 2623 779 ἀποσπᾶσαι
2670 726 2760 779 τὸν
2799 727 2960 781 αὐτὸν
3004 727 3114 797 ἔχει
3162 728 3319 797 λόγος
3363 730 3764 801 πρεσϐυτέρους

2188 833 2246 869 τε
2267 817 2403 869 ἑπτὰ
2453 818 2546 870 καὶ
2578 817 2856 880 διακόνους
2876 817 3101 873 δώδεκα.
3138 822 3296 891 ’Ἄχρι
3329 822 3385 874 δὲ
3425 823 3519 875 καὶ
3538 824 3765 877 ἐπισκό-

2188 925 2305 961 πων
2346 908 2505 971 εὐθὺς
2546 907 2747 976 ἔφθασε
2789 910 2851 962 τὸ
2901 910 3065 963 αὐτοῦ
3094 911 3434 983 δηλητήριον.
3476 915 3765 968 Σεκοῦνδον

2187 998 2295 1068 γὰρ
2317 998 2407 1051 τὸν
2450 999 2835 1063 Πενταπόλεως
2869 1001 3004 1071 (72).
3040 1003 3135 1056 καὶ
3175 1003 3366 1067 ἄλλους
3398 1004 3614 1058 ἔπεισεν
3648 1007 3765 1076 ἅμα

2188 1090 2335 1161 αὐτῷ
2364 1090 2792 1160 συναπαχθῆναι.
2837 1092 3073 1160 Ἐγίνετο
3122 1093 3178 1147 δὲ
3222 1095 3394 1149 ταῦτα
3436 1096 3493 1149 ἐν
3524 1100 3591 1167 τῇ
3640 1098 3764 1149 Ἑκ-

2188 1182 2402 1253 κλησία,
2445 1182 2762 1252 ἀγνοοῦντος
2800 1184 2895 1237 τοῦ
2942 1185 3214 1255 μακαρίου
3273 1185 3620 1257 Ἀλεξάνδρου
3668 1186 3763 1239 τοῦ

2187 1275 2503 1338 ἐπισκόπου,
2546 1275 2650 1338 ἕως
2688 1278 2775 1328 ὅτε
2834 1275 3101 1346 Μελήτιος
3142 1276 3170 1327 6
3205 1277 3304 1345 τῆς
3334 1276 3608 1343 Αἰγύπτου
3657 1278 3766 1330 ἀπὸ

2186 1364 2448 1433 Θηϐαΐδος
2493 1365 2664 1417 δοκῶν
2703 1359 2862 1428 εἶναι,
2898 1366 2992 1418 καὶ
3020 1364 3178 1427 αὐτὸς
3218 1366 3676 1435 ἀρχιεπίσκοπος,
3734 1368 3765 1416 ὁ

2186 1458 2284 1527 ἤδη
2319 1474 2408 1527 μοι
2434 1458 2845 1527 προειρημένος
2877 1457 3027 1510 οὔπω
3047 1457 3155 1527 γὰρ
3184 1457 3255 1510 τὰ
3288 1458 3427 1511 κατὰ
3457 1458 3549 1509 τὸν
3579 1459 3763 1528 Μελῇ-

2186 1563 2300 1598 τιον
2338 1549 2418 1611 εἰς
2460 1547 2658 1618 ἔχθραν
2702 1548 2930 1611 ἀτοπίας
2964 1549 3213 1618 ἐλήλακε·
3254 1549 3403 1619 ζήλῳ
3445 1550 3624 1602 τοίνυν
3676 1553 3761 1602 ἐν·

2187 1638 2363 1707 εχθεὶς
2387 1641 2415 1691 6
2440 1638 2725 1709 Μελήτιος³
2753 1639 2903 1692 οὐδὲν
2935 1638 3042 1710 γὰρ
3069 1635 3137 1709 ἦν
3164 1639 3548 1709 διηλλαγμένος
3571 1643 3637 1711 τῇ
3671 1643 3762 1693 2:5-

2191 1744 2305 1779 στει
2349 1727 2381 1797 ἢ
2430 1726 2588 1797 μόνον
2628 1728 2969 1797 προσχήματι
3015 1726 3530 1797 ὲθελοδικαιοσύνης,
3567 1729 3709 1798 ὅπερ
3746 1732 3760 1759 ‘

2191 1820 2285 1872 xui
2317 1818 2477 1881 αὐτὸς
2508 1817 2678 1871 δεινόν
2701 1836 2753 1870 τι
2776 1818 3142 1888 ὲπειργάσατο
3169 1818 3246 1888 τῷ
3271 1818 3389 1889 βίῳ,
3432 1820 3508 1884 ὡς
3536 1821 3642 1891 ἤδη
3672 1824 3764 1875 καὶ

2190 1912 2317 1982 περὶ
2334 1910 2499 1964 αὐτοῦ
2521 1912 2761 1981 εἴπομεν.
2803 1912 3092 1980 ’Λνήνεγκε
3121 1914 3292 1965 τοίνυν
3322 1913 3400 1975 εἰς
3422 1913 3490 1965 τὰ
3524 1907 3639 1967 ὦτα
3671 1914 3761 1967 τοῦ

2187 2001 2616 2075 ἀρχιεπισκόπου
2660 2001 3009 2074 Ἀλεξάνδρου
3052 2006 3083 2055 6
3121 2004 3545 2073 ἀρχιεπίσκοπος
3577 2005 3759 2075 Mali,-

2187 2108 2301 2155 τιος
2329 2092 2358 2145 6
2378 2092 2518 2145 κατὰ
2542 2091 2641 2163 τὴν
2669 2094 2957 2161 Αἴγυπτον,
2984 2092 3089 2146 ὑπὸ
3125 2092 3181 2145 δὲ
3213 2095 3367 2162 χεῖρα
3414 2094 3758 2166 Ἀλεξὰνὸᾳυ

2187 2183 2360 2238 ἐδόκει
2396 2175 2556 2239 εἶναι.
2599 2184 2899 2256 Σύγχρονος
2937 2184 2992 2238 δὲ
3020 2179 3170 2247 οὗτος
3205 2184 3233 2235 6
3261 2184 3524 2254 Μελήτιος
3571 2186 3757 2253 γέγονε

2186 2273 2396 2345 Πέτρου
2431 2274 2524 2327 τοῦ
2560 2275 2857 2345 μακαρίτου
2888 2275 3188 2335 ἐπισκόπου
3228 2274 3321 2326 καὶ
3358 2274 3652 2345 μάρτυρος,
3688 2276 3759 2337 ὡς

2181 2367 2343 2436 ἔφην.
2386 2366 2472 2428 Ὠς
2497 2361 2590 2418 οὖν
2621 2368 2859 2438 ὲσήμανε
2900 2366 2967 2419 τὰ
3005 2366 3143 2420 κατὰ
3171 2366 3262 2419 τὸν
3302 2368 3515 2438 Ἀρειον
3555 2368 3757 2429 πάντα,

2186 2457 2263 2519 ὡς
2289 2456 2443 2519 ἐκτὸς
2473 2455 2671 2527 βέϐηκε
2700 2458 2798 2527 τῆς
2826 2455 3103 2527 ἀληθείας,
3128 2458 3221 2510 καὶ
3244 2456 3318 2519 ὡς
3351 2456 3574 2518 πολλοὺς
3597 2458 3754 2527 ἔχρα-

2187 2566 2244 2601 νε
2270 2548 2365 2601 καὶ
2392 2548 2673 2616 ἠφάνισεν,
2708 2546 3041 2618 ὑποφθείρας
3067 2547 3173 2601 ἀπὸ
3193 2548 3292 2619 τῆς
3321 2548 3484 2618 ὀρθῆς
3525 2547 3761 2609 πίστεως

2185 2638 2309 2701 τοὺς
2332 2636 2480 2707 αὐτῷ
2515 2636 2851 2700 πεισθέντας,
2890 2638 3009 2691 τότε
3058 2637 3541 2707 μεταστειλάμενος
3583 2638 3612 2687 ὀ
3646 2637 3758 2688 ἐπί-

2189 2744 2387 2792 σκοπος
2432 2728 2593 2781 αὑτὸν
2637 2728 2728 2781 τὸν
2763 2729 3000 2798 Ἀρειον,
3037 2708 3220 2798 ἠρώτα
3254 2728 3381 2799 περὶ
3418 2728 3524 2779 τῶν
3566 2729 3758 2797 ἐνηχη-

2188 2817 2406 2878 θέντων,
2443 2818 2490 2870 εί
2530 2816 2698 2870 ταῦτα
2730 2816 2899 2880 οὕτως
2945 2815 3076 2886 ἔχει.
3122 2817 3179 2868 '0
3212 2817 3267 2869 δὲ
3306 2816 3427 2869 οὔτε
3460 2816 3758 2875 ὲδίστασεν,

2186 2907 2307 2960 οὒτε
2334 2906 2644 2970 ὲδειλίασεν,
2670 2907 2781 2959 ἀλλ’
2815 2907 2873 2972 ἐξ
2899 2908 3144 2979 ὑπαρχῆς
3177 2906 3519 2977 παρατρίῲας
3548 2906 3608 2959 τὸ
3634 2906 3761 2976 μέτ-

2184 3017 2354 3065 ωπον,
2394 3000 2491 3072 τὴν
2532 3002 2713 3053 πᾶσαν
2745 2999 2905 3053 αὑτοῦ
2958 3000 3188 3069 ὲξήμεσε
3224 2998 3556 3061 κακοδοξίαν,
3590 2997 3665 3061 ὡς
3704 2998 3759 3050 αἱ

503 3096 925 3167 'tergiversatus,
979 3100 1072 3146 aut
1116 3096 1431 3150 cunctatus,
1469 3088 1654 3143 statim
1700 3088 1934 3142 frontem
1968 3102 2081 3155 per-

2188 3093 2349 3145 αὺτοῦ
2381 3091 2659 3145 ἐπιστολαὶ
2698 3090 3019 3153 δεικνύουσι,
3055 3091 3147 3144 καὶ
3192 3091 3224 3161 ἡ
3270 3092 3386 3144 κατ’
3415 3090 3575 3143 αὑτὸν
3609 3106 3762 3157 γενο-

520 3182 724 3237 fricans
766 3194 985 3250 pravam
1016 3192 1232 3233 omnem
1270 3190 1426 3231 suam
1467 3175 1778 3245 opinionem
1820 3175 2080 3236 evomuit,

519 3284 579 3328 ut
624 3288 689 3329 ex
721 3273 893 3342 ipsius
933 3271 1201 3341 epistolis,
1241 3276 1298 3324 et
1337 3268 1475 3324 actis
1522 3268 1669 3323 illius
1711 3265 2085 3336 inquisitionis

519 3371 757 3420 constat.
790 3362 1149 3429 Quamobrem
1197 3359 1502 3416 Alexander
1531 3358 1715 3413 habito
1746 3358 2085 3428 presbytero.

510 3468 735 3511 rum-ae
759 3453 1119 3523 quorumdam
1173 3451 1553 3520 episcoporum
1585 3449 1677 3517 qui
1707 3447 1933 3502 aderant
1962 3462 2087 3501 con-

512 3558 705 3615 ventu,
728 3548 794 3603 de
815 3560 881 3602 eo
911 3544 1265 3616 quaestionem
1292 3544 1451 3598 habet
1479 3557 1542 3597 ac
1564 3543 1853 3612 diligenter
1879 3544 2084 3597 exami-

520 3650 631 3697 nat.
682 3638 818 3694 Tum
864 3636 1082 3693 veritati
1133 3635 1323 3691 cedere
1376 3635 1763 3690 detrectantem
1820 3633 1971 3704 ejicit
2017 3649 2081 3688 ex

518 3731 787 3795 Ecclesia,
834 3742 898 3783 ac
928 3735 1041 3783 tota
1085 3726 1301 3782 civitate
1344 3723 1674 3799 proscribit;
1717 3738 1838 3778 cum
1877 3737 1986 3792 quo
2031 3734 2082 3778 et

524 3823 763 3896 virgines
791 3820 916 3885 illae,
951 3833 1014 3874 ac
1046 3817 1254 3880 clerici,
1284 3830 1420 3886 quos
1453 3824 1608 3869 antea
1639 3815 2080 3879 commemoravi,

514 3931 642 3973 cum
687 3913 894 3983 reliqua
940 3908 1285 3965 multitudine
1332 3906 1475 3961 haud
1504 3907 1700 3976 exigua
1742 3906 1809 3961 ab
1838 3905 2081 3961 Ecclesia

519 4003 767 4061 distracti
799 4009 947 4057 sunt.

588 4094 749 4166 73o
786 4091 872 4146 IV.
917 4090 1054 4144 llinc
1098 4087 1229 4143 Ario
1256 4086 1552 4157 longiorem
1606 4088 1659 4141 in
1706 4086 1841 4142 urbe
1873 4101 2081 4140 moram

518 4188 785 4249 trahente,
808 4183 1038 4240 moritur
1066 4179 1349 4236 confessor
1380 4178 1623 4235 Meletius
1661 4185 1712 4233 et
1746 4185 1971 4249 martyr.
1998 4177 2082 4231 ln-

2193 3185 2325 3255 μένη
2356 3185 2476 3237 τότε
2512 3185 2772 3249 ἐξέτασις.
2800 3184 3151 3251 Συγκαλεῖται
3177 3183 3351 3235 τοίνυν
3374 3181 3433 3235 τὸ
3458 3181 3754 3252 πρεσϐυτέ-

2176 3292 2302 3347 ριον
2353 3278 2380 3328 6
2435 3274 2797 3346 Ἀλέξανδρος,
2832 3276 2924 3327 καὶ
2975 3274 3165 3338 ἄλλους
3219 3274 3369 3338 τινὰς
3418 3274 3756 3347 ἐπισκόπους

2187 3368 2477 3439 παρόντας,
2516 3368 2608 3421 καὶ
2632 3366 2885 3420 ἀνέτασιν
2913 3366 3100 3419 τούτου
3133 3369 3361 3419 ποιεῖται
3402 3365 3493 3418 καὶ
3528 3365 3761 3434 ἀνάκρι-

2188 3475 2291 3513 σιν.
2321 3459 2408 3522 Ὠς
2439 3459 2496 3512 δὲ
2521 3460 2622 3511 οὑκ
2650 3457 2874 3528 ἐπείσθη
2906 3460 2969 3529 τῇ
2998 3455 3244 3528 ἀληθείᾳ,
3286 3456 3424 3520 ἐξεοῖ
3456 3456 3617 3508 αὐτὸν
3654 3454 3759 3523 τῆς

2198 3550 2540 3620 Ἐκκλησίας,
2574 3552 2667 3603 καὶ
2699 3551 3034 3620 ὲκκήρυκτον
3065 3551 3206 3601 ποιεῖ
3239 3550 3296 3601 έν
3332 3549 3398 3616 τῇ
3431 3546 3604 3599 πόλει.
3653 3547 3761 3599 Σὺν

2185 3639 2332 3708 αὐτῷ
2359 3640 2415 3691 δὲ
2442 3638 2870 3710 ἀπεσπάσθησαν
2892 3640 2947 3692 αἱ
2975 3638 3368 3709 προειρημέναι
3401 3635 3763 3707 παρθενεύου-

2186 3749 2297 3795 σαι,
2335 3732 2428 3784 καὶ
2461 3730 2709 3801 κληρικοὶ
2747 3731 2797 3783 οἱ
2839 3729 3243 3801 προειρημένοι,
3278 3728 3372 3783 καὶ
3416 3727 3569 3798 ὖχλος
3600 3725 3761 3789 ἄλλος

2185 3821 2369 3886 πολύς.

2252 4086 2323 4140 Δ’.
2361 4085 2729 4156 Διατρίὸοντος
2764 4084 2820 4136 δὲ
2866 4082 3073 4154 Ἀρείου
3134 4081 3300 4136 πολὺν
3345 4079 3534 4152 χρόνον
3578 4081 3637 4134 ὲν
3682 4083 3749 4151 τῇ

2182 4180 2355 4243 πόλει,
2418 4177 2578 4241 εὐθὺς
2627 4176 2849 4247 τελευτᾷ
2890 4177 2918 4228 6
2948 4173 3279 4245 ὁμολογητὴς
3317 4173 3427 4242 (73)
3476 4172 3751 4243 Μελήτιος

510 4281 672 4335 terim
708 4276 871 4331 Arius
895 4272 1187 4331 divortium
1215 4286 1278 4326 ac
1308 4269 1596 4326 dissidium
1625 4270 1827 4340 ubique
1851 4268 2079 4336 faciens,

2188 4271 2275 4323 καὶ
2316 4269 2542 4340 μάρτυς.
2583 4267 2866 4337 Σχίσματα
2911 4261 3003 4321 οὖν
3045 4265 3213 4319 ποιῶν
3250 4266 3278 4318 6
3312 4264 3473 4328 αὐτὸς
3509 4265 3751 4336 Ἄρειος,

515 4379 570 4427 et
602 4371 657 4425 in
683 4367 1118 4437 uniuscujusque
1149 4363 1365 4419 animos
1396 4361 1595 4417 callide
1625 4375 1746 4417 sese
1787 4361 2078 4415 insinuans

2188 4360 2275 4413 καὶ
2329 4360 2558 4414 ἕκαστον
2606 4357 2982 4419 ὑποκλέπτων,
3035 4356 3259 4419 πολλοὺς
3297 4355 3579 4425 ἠφάνισεν.
3626 4356 3754 4409 Eic-

518 4459 718 4515 multos
752 4434 1010 4527 perdidit.
1030 4434 1169 4508 —Sed
1216 4453 1307 4507 ubi
1338 4450 1733 4522 deprehensus,
1762 4459 1815 4505 et
1846 4450 1902 4503 in
1943 4449 2076 4503 urbe

2188 4452 2305 4504 ὑστε
2314 4468 2405 4521 ρον
2427 4451 2502 4513 δὲ,
2524 4450 2709 4520 ἐπειδὴ
2727 4448 3004 4521 ἐφωράθη,
3032 4448 3124 4501 καὶ
3152 4450 3230 4511 είς
3251 4448 3467 4518 ἔλεγχον
3490 4443 3660 4519 ἦλθεν
3695 4452 3752 4501 ἐν

515 4548 821 4610 convictus,
859 4553 1021 4614 atque
1051 4542 1295 4597 omnium
1344 4538 1617 4609 praeconio
1658 4538 1944 4594 traductus
1971 4547 2076 4603 est,

2188 4544 2239 4612 τῇ
2276 4542 2446 4605 πόλει,
2489 4542 2581 4595 καὶ
2617 4542 2954 4612 ὲκκήρυκτος
2996 4540 3304 4609 γεγένηται,
3363 4540 3751 4611 ἀποδιδράσκει

515 4636 840 4693 Alexandria
866 4635 1083 4705 fugiens
1108 4633 1161 4686 in
1189 4630 1534 4685 Palaestinam
1555 4630 1705 4683 abiit.
1736 4628 1810 4683 lbi
1833 4629 2078 4699 singulos

2188 4632 2281 4683 ἰπδ
2337 4630 2433 4700 τῆς
2498 4629 2915 4701 Ἀλεξανδρείας,
2967 4631 3062 4684 καὶ
3104 4633 3195 4683 ἐπὶ
3239 4630 3338 4700 τὴν
3382 4630 3747 4700 Παλαιστίνην

513 4730 800 4799 episcopos
819 4724 992 4788 adire,
1010 4737 1073 4777 ac
1101 4734 1379 4791 prensare,
1401 4718 1725 4787 adularique
1756 4718 1944 4787 cmpit,
1968 4734 2078 4789 quo

516 4820 697 4887 plures
729 4812 831 4871 sibi
860 4809 1245 4882 suifragatores
1267 4808 1603 4879 adjungeret.
1633 4806 1711 4862 Ex
1737 4807 1824 4862 his
1856 4809 2076 4878 quidam

515 4912 665 4967 illum
706 4910 1049 4976 receperunt,
1098 4901 1189 4955 alii
1228 4914 1354 4957 vero
1393 4898 1733 4971 repulerunt.
1776 4898 1909 4965 Quze
1949 4915 2074 4955 mox

590 5089 606 5116 ⁸
644 5082 702 5137 F.
730 5083 903 5153 ὅσπερ
935 5081 1017 5136 vel
1050 5078 1199 5132 αὑτό.

510 5238 841 5312 respondere
875 5234 1049 5312 ‘dicit_
1087 5234 1477 5312 indumentum
1511 5228 1643 5284 illud
1682 5244 1749 5312 ex
1771 5243 2064 5312 _purpura,

510 5300 655 5380 quod
681 5306 957 5380 agcervice
985 5304 1051 5359 ad
1073 5312 1276 5380 pectus_
1300 5300 1899 5380 extentunrgestabant
1919 5300 2069 5367 prin-

508 5368 681 5451 cipes.
713 5378 853 5449 Ergo
873 5368 1169 5451 propterea
1196 5372 1460 5451 κολόὸων,
1506 5380 1557 5424 et
1586 5368 1873 5441 ἡμιφόριον
1902 5383 2069 5451 voca-

506 5444 625 5504 tu'm
656 5456 760 5511 est,
786 5444 931 5516 quia
945 5444 1107 5516 justae
1135 5444 1306 5516 vestis
1331 5455 1482 5496 more
1494 5454 1845 5516 nequaquam
1880 5446 2071 5516 exten-

508 5507 757 5573 debatur.
780 5507 1059 5570 A'liud'est
1089 5514 1397 5585 ὠμοφόριον
1423 5507 1829 5580 episcoporum,
1865 5507 1932 5561 dc
1960 5523 2069 5577 quo

508 5530 756 5573 uehatur.
780 5530 938 5570 Altttd
975 5530 1059 5570 est
1089 5530 1397 5637 ωμοφοριον
1423 5530 1829 5580 cptscoporunl,
1865 5530 1932 5561 uc
1960 5530 2041 5577 (ιω

502 5588 812 5656 Germanus
842 5585 1278 5656 Constantinopo
1304 5583 1506 5656 itamis.
1710 5648 1754 5656 __
1950 5644 1989 5656 ﬂ
2034 5647 2041 5656 _

580 5655 692 5726 (7‘2)
729 5655 1061 5726 Σεκοῦνδον
1095 5644 1227 5726 γὰρ’
1268 5653 1375 5707 τὸν
1416 5648 1886 5726 ηενταπρτιίτην.
1948 5644 2074 5726 Fuit

502 5717 612 5783 iste
643 5717 989 5781 Ptolemaidis
1019 5717 1333 5794 episcopus,
1365 5721 1607 5792 quicum
1645 5717 1890 5781 Theona,
1922 5717 2070 5785 quod

2176 4721 2449 4775 στέλλεται
2482 4724 2725 4794 πορείαν.
2762 4726 2857 4788 Ὃς
2886 4721 3057 4776 ἐλθὼν
3096 4720 3501 4793 προσεπέλαξεν
3536 4723 3754 4792 ἑκάστῳ

2172 4812 2278 4866 τῶν
2304 4812 2619 4867 ἐπισκόπων
2652 4814 2790 4885 μετὰ
2827 4814 3064 4883 θωπείας
3098 4831 3155 4868 τε
3194 4815 3289 4868 καὶ
3320 4813 3632 4876 κολακείας,
3668 4815 3756 4868 ἵνα

2171 4901 2322 4972 αὐτῷ
2364 4902 2590 4965 πολλοὺς
2628 4904 2826 4975 ποιήσῃ
2862 4903 3174 4974 συνεργούς.
3218 4902 3328 4955 Καὶ
3359 4900 3607 4970 δέχονται
3653 4900 3755 4970 μὲν

2176 5230 2362 5284 Arium
2386 5231 2645 5284 damnare
2672 5229 2856 5292 nollet,
2874 5223 2929 5278 in
2959 5225 3182 5282 Niceno
3204 5227 3437 5281 concilio
3458 5227 3751 5283 damnatus

2174 5308 2278 5364 est,
2312 5300 2475 5354 homo
2522 5300 2856 5356 teterrimos.
2911 5296 3082 5367 Cujus
3128 5298 3361 5366 sparsim
3407 5297 3749 5353 Athanasius

2177 5370 2441 5425 meminit.
2640 5424 2645 5425 ,

2247 5440 2357 5512 (73)
2393 5439 2589 5512 Εὐθὺς
2623 5433 2880 5512 τελευζᾷ-
2904 5439 2937 5491 ὀ
2970 5434 3362 5512 ὁμολογητ-ή-ς.
3401 5434 3581 5512 Tanto
3624 5444 3751 5512 ante

2176 5506 2467 5565 Alexandri
2496 5518 2724 5564 mortem
2754 5506 3099 5562 etNiczenum
3122 5508 3414 5561 concilium
3439 5506 3751 5561 decessisse

2180 5579 2446 5653 illelctium
2475 5588 2648 5653 putat.
2676 5580 2733 5633 In
2754 5578 3249 5653 rquoveh‘cmenter
3280 5583 3458 5653 errat;
3496 5584 3557 5629 ut
3579 5591 3748 5647 supra

2179 5647 2606 5707 demonstratum
2637 5658 2721 5705 est
2753 5652 2804 5702 in
2840 5647 3247 5704 Meletianorum
3284 5647 3605 5703 schismate.
