  <div class='ocr_page' id='page_1' title='image "/cluster/home/n/w/nwhite01/storage/ocr_20150623/42/hvd.32044011752995/104.png"; bbox 0 0 3826 6206; ppageno 0'>
   <div class='ocr_carea' id='block_1_1' title="bbox 139 342 233 398">
    <p class='ocr_par' dir='ltr' id='par_1_1' title="bbox 139 342 233 398">
     <span class='ocr_line' id='line_1_1' title="bbox 139 342 233 398; baseline 0 0"><span class='ocrx_word' id='word_1_1' title='bbox 139 342 233 398; x_wconf 73' lang='grc' dir='ltr'><strong>ιω</strong></span> 
     </span>
    </p>
   </div>
   <div class='ocr_carea' id='block_1_2' title="bbox 807 337 1708 417">
    <p class='ocr_par' dir='ltr' id='par_1_2' title="bbox 807 343 1708 410">
     <span class='ocr_line' id='line_1_2' title="bbox 807 343 1708 410; baseline 0.009 -10"><span class='ocrx_word' id='word_1_2' title='bbox 807 343 1180 406; x_wconf 77' lang='lat' dir='ltr'><strong>ADVERSUS</strong></span> <span class='ocrx_word' id='word_1_3' title='bbox 1215 348 1562 408; x_wconf 60' lang='lat' dir='ltr'><strong>lleRESES</strong></span> <span class='ocrx_word' id='word_1_4' title='bbox 1599 353 1708 410; x_wconf 84' lang='lat' dir='ltr'><strong>LIB</strong></span> 
     </span>
    </p>
   </div>
   <div class='ocr_carea' id='block_1_3' title="bbox 1823 337 2779 417">
    <p class='ocr_par' dir='ltr' id='par_1_3' title="bbox 1823 337 2779 417">
     <span class='ocr_line' id='line_1_3' title="bbox 1823 337 2779 417; baseline 0.006 -7"><span class='ocrx_word' id='word_1_5' title='bbox 1823 396 1836 410; x_wconf 95' lang='lat'><strong>.</strong></span> <span class='ocrx_word' id='word_1_6' title='bbox 1878 355 2044 414; x_wconf 77' lang='lat' dir='ltr'><strong>ron.</strong></span> <span class='ocrx_word' id='word_1_7' title='bbox 2083 356 2150 416; x_wconf 85' lang='grc' dir='ltr'>ιι.</span> <span class='ocrx_word' id='word_1_8' title='bbox 2173 337 2242 402; x_wconf 65' lang='grc' dir='ltr'><strong>ὲ-</strong></span> <span class='ocrx_word' id='word_1_9' title='bbox 2281 357 2561 416; x_wconf 63' lang='lat' dir='ltr'><strong>limans.</strong></span> <span class='ocrx_word' id='word_1_10' title='bbox 2599 359 2779 417; x_wconf 60' lang='grc' dir='ltr'>ιλιι.</span> 
     </span>
    </p>
   </div>
   <div class='ocr_carea' id='block_1_4' title="bbox 3281 367 3396 430">
    <p class='ocr_par' dir='ltr' id='par_1_4' title="bbox 3281 367 3396 430">
     <span class='ocr_line' id='line_1_4' title="bbox 3281 367 3396 430; baseline -0.035 -1"><span class='ocrx_word' id='word_1_11' title='bbox 3281 367 3396 430; x_wconf 69' lang='lat'><strong>910</strong></span> 
     </span>
    </p>
   </div>
   <div class='ocr_carea' id='block_1_5' title="bbox 137 458 1708 565">
    <p class='ocr_par' dir='ltr' id='par_1_5' title="bbox 137 458 1705 565">
     <span class='ocr_line' id='line_1_5' title="bbox 137 458 1705 565; baseline 0.01 -51"><span class='ocrx_word' id='word_1_12' title='bbox 137 459 286 565; x_wconf 61' lang='grc' dir='ltr'>αὐτόν</span> <span class='ocrx_word' id='word_1_13' title='bbox 308 474 474 526; x_wconf 83' lang='grc' dir='ltr'>τινες,</span> <span class='ocrx_word' id='word_1_14' title='bbox 499 458 650 515; x_wconf 75' lang='grc' dir='ltr'>ἄλλοι</span> <span class='ocrx_word' id='word_1_15' title='bbox 684 459 742 518; x_wconf 75' lang='grc' dir='ltr'>δὲ</span> <span class='ocrx_word' id='word_1_16' title='bbox 773 461 936 521; x_wconf 74' lang='grc' dir='ltr'>αὑτὸν</span> <span class='ocrx_word' id='word_1_17' title='bbox 963 465 1276 526; x_wconf 80' lang='grc' dir='ltr'><strong>ἀπώσαντο.</strong></span> <span class='ocrx_word' id='word_1_18' title='bbox 1302 472 1616 530; x_wconf 85' lang='grc' dir='ltr'>Μετέπειτα</span> <span class='ocrx_word' id='word_1_19' title='bbox 1645 475 1705 530; x_wconf 84' lang='grc' dir='ltr'><strong>δέ</strong></span> 
     </span>
    </p>
   </div>
   <div class='ocr_carea' id='block_1_6' title="bbox 1823 458 3392 565">
    <p class='ocr_par' dir='ltr' id='par_1_6' title="bbox 1823 479 3392 565">
     <span class='ocr_line' id='line_1_6' title="bbox 1823 479 3392 565; baseline 0.007 -30"><span class='ocrx_word' id='word_1_20' title='bbox 1823 488 1869 535; x_wconf 72' lang='lat' dir='ltr'><strong>1t</strong></span> <span class='ocrx_word' id='word_1_21' title='bbox 1901 479 1968 534; x_wconf 82' lang='lat' dir='ltr'><strong>ad</strong></span> <span class='ocrx_word' id='word_1_22' title='bbox 2001 495 2164 555; x_wconf 84' lang='lat' dir='ltr'><strong>aures</strong></span> <span class='ocrx_word' id='word_1_23' title='bbox 2198 479 2497 538; x_wconf 69' lang='lat' dir='ltr'><strong>Alexandri</strong></span> <span class='ocrx_word' id='word_1_24' title='bbox 2521 481 2768 553; x_wconf 73' lang='lat' dir='ltr'><strong>episcopi</strong></span> <span class='ocrx_word' id='word_1_25' title='bbox 2807 484 3016 554; x_wconf 86' lang='lat' dir='ltr'><strong>perlata</strong></span> <span class='ocrx_word' id='word_1_26' title='bbox 3045 495 3198 556; x_wconf 89' lang='lat' dir='ltr'><strong>sunt,</strong></span> <span class='ocrx_word' id='word_1_27' title='bbox 3222 503 3392 565; x_wconf 60' lang='lat' dir='ltr'><strong>enega-</strong></span> 
     </span>
    </p>
   </div>
   <div class='ocr_carea' id='block_1_7' title="bbox 137 543 1704 639">
    <p class='ocr_par' dir='ltr' id='par_1_7' title="bbox 137 543 1704 639">
     <span class='ocr_line' id='line_1_7' title="bbox 137 543 1704 639; baseline 0.013 -37"><span class='ocrx_word' id='word_1_28' title='bbox 137 552 207 616; x_wconf 73' lang='grc' dir='ltr'>εἰς</span> <span class='ocrx_word' id='word_1_29' title='bbox 254 543 364 604; x_wconf 80' lang='grc' dir='ltr'>ὦτα</span> <span class='ocrx_word' id='word_1_30' title='bbox 419 551 640 624; x_wconf 79' lang='grc' dir='ltr'>ἔρχεται</span> <span class='ocrx_word' id='word_1_31' title='bbox 683 554 778 609; x_wconf 81' lang='grc' dir='ltr'><strong>τοῦ</strong></span> <span class='ocrx_word' id='word_1_32' title='bbox 828 559 1128 615; x_wconf 81' lang='grc' dir='ltr'>ἐπισκόπου</span> <span class='ocrx_word' id='word_1_33' title='bbox 1187 564 1560 639; x_wconf 81' lang='grc' dir='ltr'><strong>Ἀλεξάνδρου,</strong></span> <span class='ocrx_word' id='word_1_34' title='bbox 1608 571 1704 626; x_wconf 74' lang='grc' dir='ltr'>καὶ</span> 
     </span>
    </p>
   </div>
   <div class='ocr_carea' id='block_1_8' title="bbox 135 646 1706 730">
    <p class='ocr_par' dir='ltr' id='par_1_8' title="bbox 135 646 1706 730">
     <span class='ocr_line' id='line_1_8' title="bbox 135 646 1706 730; baseline 0.003 -31"><span class='ocrx_word' id='word_1_35' title='bbox 135 646 320 718; x_wconf 78' lang='grc' dir='ltr'>γράφει</span> <span class='ocrx_word' id='word_1_36' title='bbox 350 647 636 712; x_wconf 79' lang='grc' dir='ltr'>ἐπιστολὰς</span> <span class='ocrx_word' id='word_1_37' title='bbox 675 649 1016 720; x_wconf 76' lang='grc' dir='ltr'>ἐγκυκλίους,</span> <span class='ocrx_word' id='word_1_38' title='bbox 1047 655 1252 721; x_wconf 79' lang='grc' dir='ltr'>αἵτινες</span> <span class='ocrx_word' id='word_1_39' title='bbox 1299 659 1450 730; x_wconf 83' lang='grc' dir='ltr'>παρὰ</span> <span class='ocrx_word' id='word_1_40' title='bbox 1483 659 1706 730; x_wconf 78' lang='grc' dir='ltr'>φιλοκά-</span> 
     </span>
    </p>
   </div>
   <div class='ocr_carea' id='block_1_9' title="bbox 133 737 1706 822">
    <p class='ocr_par' dir='ltr' id='par_1_9' title="bbox 133 737 1706 822">
     <span class='ocr_line' id='line_1_9' title="bbox 133 737 1706 822; baseline 0.011 -32"><span class='ocrx_word' id='word_1_41' title='bbox 133 737 235 801; x_wconf 85' lang='grc' dir='ltr'>λοις</span> <span class='ocrx_word' id='word_1_42' title='bbox 260 738 338 791; x_wconf 78' lang='grc' dir='ltr'>ἔτι</span> <span class='ocrx_word' id='word_1_43' title='bbox 367 737 631 802; x_wconf 79' lang='grc' dir='ltr'>σώζονται</span> <span class='ocrx_word' id='word_1_44' title='bbox 665 741 742 806; x_wconf 85' lang='grc' dir='ltr'><strong>ὡς</strong></span> <span class='ocrx_word' id='word_1_45' title='bbox 777 742 866 796; x_wconf 83' lang='grc' dir='ltr'><strong>τὸν</strong></span> <span class='ocrx_word' id='word_1_46' title='bbox 903 743 1138 816; x_wconf 85' lang='grc' dir='ltr'>ἀριθμὸν</span> <span class='ocrx_word' id='word_1_47' title='bbox 1171 747 1562 822; x_wconf 75' lang='grc' dir='ltr'>ἐϐδομήκοντα,</span> <span class='ocrx_word' id='word_1_48' title='bbox 1594 753 1706 808; x_wconf 86' lang='grc' dir='ltr'><strong>τῶν</strong></span> 
     </span>
    </p>
   </div>
   <div class='ocr_carea' id='block_1_10' title="bbox 133 830 1702 917">
    <p class='ocr_par' dir='ltr' id='par_1_10' title="bbox 133 830 1702 917">
     <span class='ocr_line' id='line_1_10' title="bbox 133 830 1702 917; baseline 0.012 -36"><span class='ocrx_word' id='word_1_49' title='bbox 133 830 434 885; x_wconf 82' lang='grc' dir='ltr'>ἐπισκόπων</span> <span class='ocrx_word' id='word_1_50' title='bbox 456 831 693 906; x_wconf 76' lang='grc' dir='ltr'>ἑκάστῳ,</span> <span class='ocrx_word' id='word_1_51' title='bbox 723 834 970 906; x_wconf 64' lang='lat' dir='ltr'><strong>Eum-:th</strong></span> <span class='ocrx_word' id='word_1_52' title='bbox 996 837 1157 903; x_wconf 79' lang='grc' dir='ltr'>εὐθὺς</span> <span class='ocrx_word' id='word_1_53' title='bbox 1185 839 1263 912; x_wconf 81' lang='grc' dir='ltr'>τῷ</span> <span class='ocrx_word' id='word_1_54' title='bbox 1285 844 1344 897; x_wconf 83' lang='grc' dir='ltr'>ὲν</span> <span class='ocrx_word' id='word_1_55' title='bbox 1371 844 1702 917; x_wconf 74' lang='grc' dir='ltr'><strong>Καισαρείᾳ,</strong></span> 
     </span>
    </p>
   </div>
   <div class='ocr_carea' id='block_1_11' title="bbox 132 920 1706 1006">
    <p class='ocr_par' dir='ltr' id='par_1_11' title="bbox 132 920 1706 1006">
     <span class='ocr_line' id='line_1_11' title="bbox 132 920 1706 1006; baseline 0.011 -34"><span class='ocrx_word' id='word_1_56' title='bbox 132 920 316 992; x_wconf 75' lang='grc' dir='ltr'>περτῆν</span> <span class='ocrx_word' id='word_1_57' title='bbox 343 921 472 992; x_wconf 75' lang='grc' dir='ltr'>γὰρ,</span> <span class='ocrx_word' id='word_1_58' title='bbox 506 922 603 977; x_wconf 77' lang='grc' dir='ltr'>καὶ</span> <span class='ocrx_word' id='word_1_59' title='bbox 634 925 906 998; x_wconf 84' lang='grc' dir='ltr'>Μακαρίῳ</span> <span class='ocrx_word' id='word_1_60' title='bbox 939 926 1348 1002; x_wconf 83' lang='grc' dir='ltr'>Ἰεροσολύμων,</span> <span class='ocrx_word' id='word_1_61' title='bbox 1392 934 1706 1006; x_wconf 82' lang='grc' dir='ltr'><strong>Ἀσκληπιῷ</strong></span> 
     </span>
    </p>
   </div>
   <div class='ocr_carea' id='block_1_12' title="bbox 131 1013 1706 1100">
    <p class='ocr_par' dir='ltr' id='par_1_12' title="bbox 131 1013 1706 1100">
     <span class='ocr_line' id='line_1_12' title="bbox 131 1013 1706 1100; baseline 0.011 -35"><span class='ocrx_word' id='word_1_62' title='bbox 131 1015 184 1066; x_wconf 84' lang='grc' dir='ltr'><strong>ἐν</strong></span> <span class='ocrx_word' id='word_1_63' title='bbox 219 1013 256 1066; x_wconf 88' lang='grc' dir='ltr'><strong><em>Γ</em></strong></span> <span class='ocrx_word' id='word_1_64' title='bbox 259 1013 383 1086; x_wconf 78' lang='grc' dir='ltr'>ἀζῃ,</span> <span class='ocrx_word' id='word_1_65' title='bbox 437 1016 686 1088; x_wconf 75' lang='grc' dir='ltr'>Λογγίνῳ</span> <span class='ocrx_word' id='word_1_66' title='bbox 729 1019 788 1071; x_wconf 85' lang='grc' dir='ltr'><strong>ἐν</strong></span> <span class='ocrx_word' id='word_1_67' title='bbox 846 1018 1168 1088; x_wconf 73' lang='grc' dir='ltr'>Ἀσκάλωνι,</span> <span class='ocrx_word' id='word_1_68' title='bbox 1216 1025 1483 1100; x_wconf 81' lang='grc' dir='ltr'>Μακρίνῳ</span> <span class='ocrx_word' id='word_1_69' title='bbox 1524 1027 1606 1099; x_wconf 80' lang='grc' dir='ltr'>τῷ</span> <span class='ocrx_word' id='word_1_70' title='bbox 1646 1030 1706 1082; x_wconf 80' lang='grc' dir='ltr'><strong>ἐν</strong></span> 
     </span>
    </p>
   </div>
   <div class='ocr_carea' id='block_1_13' title="bbox 141 1107 1704 1192">
    <p class='ocr_par' dir='ltr' id='par_1_13' title="bbox 141 1107 1704 1192">
     <span class='ocr_line' id='line_1_13' title="bbox 141 1107 1704 1192; baseline 0.012 -34"><span class='ocrx_word' id='word_1_71' title='bbox 141 1107 359 1177; x_wconf 76' lang='grc' dir='ltr'>Ἰαμνίᾳ,</span> <span class='ocrx_word' id='word_1_72' title='bbox 399 1108 492 1162; x_wconf 82' lang='grc' dir='ltr'>καὶ</span> <span class='ocrx_word' id='word_1_73' title='bbox 519 1110 719 1176; x_wconf 82' lang='grc' dir='ltr'>ἀλλοις,</span> <span class='ocrx_word' id='word_1_74' title='bbox 769 1111 826 1165; x_wconf 78' lang='grc' dir='ltr'>ἐν</span> <span class='ocrx_word' id='word_1_75' title='bbox 875 1129 938 1166; x_wconf 81' lang='grc' dir='ltr'><strong>τε</strong></span> <span class='ocrx_word' id='word_1_76' title='bbox 975 1115 1044 1186; x_wconf 80' lang='grc' dir='ltr'>τῇ</span> <span class='ocrx_word' id='word_1_77' title='bbox 1083 1115 1310 1190; x_wconf 76' lang='grc' dir='ltr'><strong>Φοινίκῃ</strong></span> <span class='ocrx_word' id='word_1_78' title='bbox 1347 1119 1554 1192; x_wconf 83' lang='grc' dir='ltr'><strong>Ζήνωνι</strong></span> <span class='ocrx_word' id='word_1_79' title='bbox 1599 1137 1704 1176; x_wconf 88' lang='grc' dir='ltr'>τινι</span> 
     </span>
    </p>
   </div>
   <div class='ocr_carea' id='block_1_14' title="bbox 127 1199 1706 1287">
    <p class='ocr_par' dir='ltr' id='par_1_14' title="bbox 127 1199 1706 1287">
     <span class='ocr_line' id='line_1_14' title="bbox 127 1199 1706 1287; baseline 0.011 -35"><span class='ocrx_word' id='word_1_80' title='bbox 127 1199 330 1269; x_wconf 77' lang='grc' dir='ltr'><strong>ἀρχαίῳ</strong></span> <span class='ocrx_word' id='word_1_81' title='bbox 353 1202 412 1254; x_wconf 82' lang='grc' dir='ltr'><strong>ἐν</strong></span> <span class='ocrx_word' id='word_1_82' title='bbox 435 1200 510 1254; x_wconf 72' lang='grc' dir='ltr'>Τό</span> <span class='ocrx_word' id='word_1_83' title='bbox 517 1219 620 1274; x_wconf 83' lang='grc' dir='ltr'><strong>ρῳ,</strong></span> <span class='ocrx_word' id='word_1_84' title='bbox 649 1203 742 1258; x_wconf 80' lang='grc' dir='ltr'>καὶ</span> <span class='ocrx_word' id='word_1_85' title='bbox 765 1203 964 1272; x_wconf 75' lang='grc' dir='ltr'>ἄλλοις,</span> <span class='ocrx_word' id='word_1_86' title='bbox 993 1206 1112 1278; x_wconf 74' lang='grc' dir='ltr'>ἅμα</span> <span class='ocrx_word' id='word_1_87' title='bbox 1131 1209 1226 1262; x_wconf 78' lang='grc' dir='ltr'>καὶ</span> <span class='ocrx_word' id='word_1_88' title='bbox 1251 1211 1310 1264; x_wconf 78' lang='grc' dir='ltr'><strong>ἐν</strong></span> <span class='ocrx_word' id='word_1_89' title='bbox 1329 1213 1396 1282; x_wconf 80' lang='grc' dir='ltr'>τῇ</span> <span class='ocrx_word' id='word_1_90' title='bbox 1419 1213 1590 1287; x_wconf 82' lang='grc' dir='ltr'>Κοίλῃ</span> <span class='ocrx_word' id='word_1_91' title='bbox 1613 1215 1706 1268; x_wconf 84' lang='grc' dir='ltr'><strong>Συ-</strong></span> 
     </span>
    </p>
   </div>
   <div class='ocr_carea' id='block_1_15' title="bbox 129 1289 1704 1376">
    <p class='ocr_par' dir='ltr' id='par_1_15' title="bbox 129 1289 1704 1376">
     <span class='ocr_line' id='line_1_15' title="bbox 129 1289 1704 1376; baseline 0.012 -34"><span class='ocrx_word' id='word_1_92' title='bbox 129 1291 230 1364; x_wconf 73' lang='grc' dir='ltr'>ρίᾳ.</span> <span class='ocrx_word' id='word_1_93' title='bbox 281 1293 370 1355; x_wconf 81' lang='grc' dir='ltr'>Ὠς</span> <span class='ocrx_word' id='word_1_94' title='bbox 399 1289 493 1348; x_wconf 82' lang='grc' dir='ltr'>οὖν</span> <span class='ocrx_word' id='word_1_95' title='bbox 525 1295 908 1366; x_wconf 80' lang='grc' dir='ltr'><strong>ἀπεστάλησαν</strong></span> <span class='ocrx_word' id='word_1_96' title='bbox 930 1299 989 1351; x_wconf 77' lang='grc' dir='ltr'>αἱ</span> <span class='ocrx_word' id='word_1_97' title='bbox 1015 1299 1318 1367; x_wconf 76' lang='grc' dir='ltr'>ἐπιστολαὶ,</span> <span class='ocrx_word' id='word_1_98' title='bbox 1351 1305 1704 1376; x_wconf 85' lang='grc' dir='ltr'>μεμφόμεναι</span> 
     </span>
    </p>
   </div>
   <div class='ocr_carea' id='block_1_16' title="bbox 125 1384 1704 1469">
    <p class='ocr_par' dir='ltr' id='par_1_16' title="bbox 125 1384 1704 1469">
     <span class='ocr_line' id='line_1_16' title="bbox 125 1384 1704 1469; baseline 0.009 -33"><span class='ocrx_word' id='word_1_99' title='bbox 125 1384 242 1446; x_wconf 78' lang='grc' dir='ltr'>τοὺς</span> <span class='ocrx_word' id='word_1_100' title='bbox 271 1385 436 1438; x_wconf 79' lang='grc' dir='ltr'>αὑτὸν</span> <span class='ocrx_word' id='word_1_101' title='bbox 481 1385 935 1457; x_wconf 79' lang='grc' dir='ltr'><strong>ὑποδεξαμένους,</strong></span> <span class='ocrx_word' id='word_1_102' title='bbox 989 1389 1219 1456; x_wconf 73' lang='grc' dir='ltr'>ἕκαστος</span> <span class='ocrx_word' id='word_1_103' title='bbox 1267 1394 1576 1468; x_wconf 78' lang='grc' dir='ltr'><strong>ἀντέγραψε</strong></span> <span class='ocrx_word' id='word_1_104' title='bbox 1625 1397 1704 1469; x_wconf 83' lang='grc' dir='ltr'>τῷ</span> 
     </span>
    </p>
   </div>
   <div class='ocr_carea' id='block_1_17' title="bbox 129 1478 1702 1562">
    <p class='ocr_par' dir='ltr' id='par_1_17' title="bbox 129 1478 1702 1562">
     <span class='ocr_line' id='line_1_17' title="bbox 129 1478 1702 1562; baseline 0.01 -32"><span class='ocrx_word' id='word_1_105' title='bbox 129 1478 378 1549; x_wconf 79' lang='grc' dir='ltr'>μακαρίῳ</span> <span class='ocrx_word' id='word_1_106' title='bbox 422 1478 756 1552; x_wconf 79' lang='grc' dir='ltr'>Ἀλεξάνδρῳ</span> <span class='ocrx_word' id='word_1_107' title='bbox 789 1481 1244 1557; x_wconf 76' lang='grc' dir='ltr'><strong>ἀπολογούμενος,</strong></span> <span class='ocrx_word' id='word_1_108' title='bbox 1285 1489 1383 1544; x_wconf 83' lang='grc' dir='ltr'>καὶ</span> <span class='ocrx_word' id='word_1_109' title='bbox 1411 1491 1464 1544; x_wconf 79' lang='lat' dir='ltr'><strong>oi</strong></span> <span class='ocrx_word' id='word_1_110' title='bbox 1499 1491 1598 1562; x_wconf 86' lang='grc' dir='ltr'>μὲν</span> <span class='ocrx_word' id='word_1_111' title='bbox 1625 1494 1702 1546; x_wconf 78' lang='grc' dir='ltr'><strong>εξ-</strong></span> 
     </span>
    </p>
   </div>
   <div class='ocr_carea' id='block_1_18' title="bbox 127 1569 1704 1652">
    <p class='ocr_par' dir='ltr' id='par_1_18' title="bbox 127 1569 1704 1652">
     <span class='ocr_line' id='line_1_18' title="bbox 127 1569 1704 1652; baseline 0.01 -30"><span class='ocrx_word' id='word_1_112' title='bbox 127 1569 319 1640; x_wconf 74' lang='grc' dir='ltr'>ρωνείᾳ</span> <span class='ocrx_word' id='word_1_113' title='bbox 341 1570 708 1642; x_wconf 73' lang='grc' dir='ltr'>γεγράφασιν,</span> <span class='ocrx_word' id='word_1_114' title='bbox 737 1572 886 1626; x_wconf 77' lang='grc' dir='ltr'>ἄλλοι</span> <span class='ocrx_word' id='word_1_115' title='bbox 908 1574 968 1628; x_wconf 91' lang='grc' dir='ltr'><strong>δέ</strong></span> <span class='ocrx_word' id='word_1_116' title='bbox 1005 1578 1062 1630; x_wconf 85' lang='grc' dir='ltr'><strong>ἐν</strong></span> <span class='ocrx_word' id='word_1_117' title='bbox 1093 1577 1342 1651; x_wconf 79' lang='grc' dir='ltr'>άληθείᾳ’</span> <span class='ocrx_word' id='word_1_118' title='bbox 1374 1583 1423 1634; x_wconf 83' lang='lat' dir='ltr'><strong>oi</strong></span> <span class='ocrx_word' id='word_1_119' title='bbox 1447 1583 1548 1652; x_wconf 85' lang='grc' dir='ltr'>μὲν</span> <span class='ocrx_word' id='word_1_120' title='bbox 1573 1585 1704 1638; x_wconf 86' lang='grc' dir='ltr'>ὑπο-</span> 
     </span>
    </p>
   </div>
   <div class='ocr_carea' id='block_1_19' title="bbox 123 1659 1698 1744">
    <p class='ocr_par' dir='ltr' id='par_1_19' title="bbox 123 1659 1698 1744">
     <span class='ocr_line' id='line_1_19' title="bbox 123 1659 1698 1744; baseline 0.01 -30"><span class='ocrx_word' id='word_1_121' title='bbox 123 1659 366 1732; x_wconf 79' lang='grc' dir='ltr'>δέχεσθαι</span> <span class='ocrx_word' id='word_1_122' title='bbox 393 1660 606 1727; x_wconf 81' lang='grc' dir='ltr'>τοῦτον,</span> <span class='ocrx_word' id='word_1_123' title='bbox 628 1662 776 1720; x_wconf 80' lang='grc' dir='ltr'>ἄλλοι</span> <span class='ocrx_word' id='word_1_124' title='bbox 802 1663 860 1717; x_wconf 80' lang='grc' dir='ltr'>δὲ</span> <span class='ocrx_word' id='word_1_125' title='bbox 891 1666 1036 1720; x_wconf 88' lang='grc' dir='ltr'><strong>κατά</strong></span> <span class='ocrx_word' id='word_1_126' title='bbox 1059 1667 1286 1736; x_wconf 68' lang='grc' dir='ltr'><strong>Δάγνοιοιν</strong></span> <span class='ocrx_word' id='word_1_127' title='bbox 1323 1671 1698 1744; x_wconf 80' lang='grc' dir='ltr'>ὑποδέχεσθαι’</span> 
     </span>
    </p>
   </div>
   <div class='ocr_carea' id='block_1_20' title="bbox 123 1752 1702 1836">
    <p class='ocr_par' dir='ltr' id='par_1_20' title="bbox 123 1752 1702 1836">
     <span class='ocr_line' id='line_1_20' title="bbox 123 1752 1702 1836; baseline 0.008 -30"><span class='ocrx_word' id='word_1_128' title='bbox 123 1753 291 1824; x_wconf 79' lang='grc' dir='ltr'>ἕτεροι</span> <span class='ocrx_word' id='word_1_129' title='bbox 324 1752 386 1806; x_wconf 81' lang='grc' dir='ltr'>δὲ</span> <span class='ocrx_word' id='word_1_130' title='bbox 417 1754 738 1822; x_wconf 80' lang='grc' dir='ltr'>φάσκοντες,</span> <span class='ocrx_word' id='word_1_131' title='bbox 780 1756 858 1820; x_wconf 88' lang='grc' dir='ltr'>ὡς</span> <span class='ocrx_word' id='word_1_132' title='bbox 893 1757 981 1812; x_wconf 81' lang='grc' dir='ltr'><strong>διὰ</strong></span> <span class='ocrx_word' id='word_1_133' title='bbox 1007 1759 1107 1831; x_wconf 83' lang='grc' dir='ltr'><strong>τῆς</strong></span> <span class='ocrx_word' id='word_1_134' title='bbox 1135 1761 1406 1834; x_wconf 86' lang='grc' dir='ltr'>ὑποδοχῆς</span> <span class='ocrx_word' id='word_1_135' title='bbox 1440 1765 1702 1836; x_wconf 83' lang='grc' dir='ltr'>κερδῆσαι</span> 
     </span>
    </p>
   </div>
   <div class='ocr_carea' id='block_1_21' title="bbox 123 1841 1700 1926">
    <p class='ocr_par' dir='ltr' id='par_1_21' title="bbox 123 1841 1700 1926">
     <span class='ocr_line' id='line_1_21' title="bbox 123 1841 1700 1926; baseline 0.009 -30"><span class='ocrx_word' id='word_1_136' title='bbox 123 1841 276 1896; x_wconf 72' lang='grc' dir='ltr'>αὐτὸν</span> <span class='ocrx_word' id='word_1_137' title='bbox 301 1843 750 1916; x_wconf 78' lang='grc' dir='ltr'>ἀπολογούμενοι.</span> <span class='ocrx_word' id='word_1_138' title='bbox 783 1846 960 1920; x_wconf 81' lang='grc' dir='ltr'>Πολλή</span> <span class='ocrx_word' id='word_1_139' title='bbox 985 1849 1070 1914; x_wconf 87' lang='grc' dir='ltr'><strong>τίς</strong></span> <span class='ocrx_word' id='word_1_140' title='bbox 1097 1851 1244 1906; x_wconf 85' lang='grc' dir='ltr'>ἐστιν</span> <span class='ocrx_word' id='word_1_141' title='bbox 1273 1854 1306 1923; x_wconf 80' lang='grc' dir='ltr'><strong>ή</strong></span> <span class='ocrx_word' id='word_1_142' title='bbox 1337 1857 1464 1926; x_wconf 69' lang='grc' dir='ltr'>περὶ</span> <span class='ocrx_word' id='word_1_143' title='bbox 1495 1857 1700 1912; x_wconf 81' lang='grc' dir='ltr'>τούτων</span> 
     </span>
    </p>
   </div>
   <div class='ocr_carea' id='block_1_22' title="bbox 123 1933 393 1996">
    <p class='ocr_par' dir='ltr' id='par_1_22' title="bbox 123 1933 393 1996">
     <span class='ocr_line' id='line_1_22' title="bbox 123 1933 393 1996; baseline 0.015 -10"><span class='ocrx_word' id='word_1_144' title='bbox 123 1933 393 1996; x_wconf 78' lang='grc' dir='ltr'>ὑπόθεσις,</span> 
     </span>
    </p>
   </div>
   <div class='ocr_carea' id='block_1_23' title="bbox 187 2024 1704 2107">
    <p class='ocr_par' dir='ltr' id='par_1_23' title="bbox 187 2024 1704 2107">
     <span class='ocr_line' id='line_1_23' title="bbox 187 2024 1704 2107; baseline 0.011 -29"><span class='ocrx_word' id='word_1_145' title='bbox 187 2024 262 2080; x_wconf 85' lang='lat' dir='ltr'><strong>E&#39;.</strong></span> <span class='ocrx_word' id='word_1_146' title='bbox 305 2025 624 2082; x_wconf 83' lang='grc' dir='ltr'>Μετέπειτα</span> <span class='ocrx_word' id='word_1_147' title='bbox 652 2029 708 2082; x_wconf 86' lang='grc' dir='ltr'><strong>δέ</strong></span> <span class='ocrx_word' id='word_1_148' title='bbox 737 2030 812 2096; x_wconf 85' lang='grc' dir='ltr'>ὡς</span> <span class='ocrx_word' id='word_1_149' title='bbox 834 2029 976 2101; x_wconf 77' lang='grc' dir='ltr'>ἔγνω</span> <span class='ocrx_word' id='word_1_150' title='bbox 999 2035 1028 2088; x_wconf 88' lang='grc' dir='ltr'><strong>ό</strong></span> <span class='ocrx_word' id='word_1_151' title='bbox 1059 2036 1296 2107; x_wconf 72' lang='grc' dir='ltr'>Ἄρειος,</span> <span class='ocrx_word' id='word_1_152' title='bbox 1315 2037 1398 2092; x_wconf 83' lang='grc' dir='ltr'>ὅτι</span> <span class='ocrx_word' id='word_1_153' title='bbox 1424 2039 1704 2098; x_wconf 76' lang='grc' dir='ltr'>ἐπιστολαὶ</span> 
     </span>
    </p>
   </div>
   <div class='ocr_carea' id='block_1_24' title="bbox 123 2116 1709 2198">
    <p class='ocr_par' dir='ltr' id='par_1_24' title="bbox 123 2116 1709 2198">
     <span class='ocr_line' id='line_1_24' title="bbox 123 2116 1709 2198; baseline 0.013 -30"><span class='ocrx_word' id='word_1_154' title='bbox 123 2116 430 2190; x_wconf 78' lang='grc' dir='ltr'>ἠνέχθησαν</span> <span class='ocrx_word' id='word_1_155' title='bbox 461 2121 576 2184; x_wconf 86' lang='grc' dir='ltr'>τοῖς</span> <span class='ocrx_word' id='word_1_156' title='bbox 608 2122 928 2188; x_wconf 80' lang='grc' dir='ltr'>ἐπισκόποις</span> <span class='ocrx_word' id='word_1_157' title='bbox 951 2125 1150 2198; x_wconf 88' lang='grc' dir='ltr'>πάντη,</span> <span class='ocrx_word' id='word_1_158' title='bbox 1177 2128 1270 2183; x_wconf 57' lang='grc' dir='ltr'><strong>καὶ⁸</strong></span> <span class='ocrx_word' id='word_1_159' title='bbox 1295 2129 1480 2185; x_wconf 79' lang='grc' dir='ltr'>λοιπὸν</span> <span class='ocrx_word' id='word_1_160' title='bbox 1511 2149 1709 2188; x_wconf 85' lang='grc' dir='ltr'>παντα-</span> 
     </span>
    </p>
   </div>
   <div class='ocr_carea' id='block_1_25' title="bbox 119 2210 1707 2295">
    <p class='ocr_par' dir='ltr' id='par_1_25' title="bbox 119 2210 1707 2295">
     <span class='ocr_line' id='line_1_25' title="bbox 119 2210 1707 2295; baseline 0.009 -32"><span class='ocrx_word' id='word_1_161' title='bbox 119 2210 269 2280; x_wconf 80' lang='grc' dir='ltr'>χόθεν</span> <span class='ocrx_word' id='word_1_162' title='bbox 292 2211 662 2282; x_wconf 82' lang='grc' dir='ltr'>ἀπηλαύνετο,</span> <span class='ocrx_word' id='word_1_163' title='bbox 694 2215 790 2268; x_wconf 81' lang='grc' dir='ltr'>καὶ</span> <span class='ocrx_word' id='word_1_164' title='bbox 811 2216 993 2270; x_wconf 78' lang='grc' dir='ltr'>οὐκέτι</span> <span class='ocrx_word' id='word_1_165' title='bbox 1017 2235 1102 2282; x_wconf 82' lang='grc' dir='ltr'><strong>τις</strong></span> <span class='ocrx_word' id='word_1_166' title='bbox 1139 2220 1302 2274; x_wconf 78' lang='grc' dir='ltr'>αὐτὸν</span> <span class='ocrx_word' id='word_1_167' title='bbox 1331 2223 1707 2295; x_wconf 79' lang='grc' dir='ltr'>προσελαμϐά-</span> 
     </span>
    </p>
   </div>
   <div class='ocr_carea' id='block_1_26' title="bbox 119 2303 1708 2385">
    <p class='ocr_par' dir='ltr' id='par_1_26' title="bbox 119 2303 1708 2385">
     <span class='ocr_line' id='line_1_26' title="bbox 119 2303 1708 2385; baseline 0.008 -27"><span class='ocrx_word' id='word_1_168' title='bbox 119 2321 234 2358; x_wconf 85' lang='grc' dir='ltr'>νετο</span> <span class='ocrx_word' id='word_1_169' title='bbox 277 2303 312 2376; x_wconf 82' lang='grc' dir='ltr'><strong>ῆ</strong></span> <span class='ocrx_word' id='word_1_170' title='bbox 359 2304 412 2358; x_wconf 78' lang='lat' dir='ltr'><strong>oi</strong></span> <span class='ocrx_word' id='word_1_171' title='bbox 443 2306 608 2360; x_wconf 85' lang='grc' dir='ltr'>αὐτοῦ</span> <span class='ocrx_word' id='word_1_172' title='bbox 656 2307 926 2379; x_wconf 83' lang='grc' dir='ltr'>συνεργοί·</span> <span class='ocrx_word' id='word_1_173' title='bbox 961 2310 1222 2376; x_wconf 79' lang='grc' dir='ltr'>Εὐσέϐιος</span> <span class='ocrx_word' id='word_1_174' title='bbox 1271 2313 1381 2385; x_wconf 81' lang='grc' dir='ltr'><strong>γὰρ</strong></span> <span class='ocrx_word' id='word_1_175' title='bbox 1417 2317 1446 2368; x_wconf 84' lang='grc' dir='ltr'><strong>ό</strong></span> <span class='ocrx_word' id='word_1_176' title='bbox 1478 2316 1708 2380; x_wconf 80' lang='grc' dir='ltr'>παλαιὸς</span> 
     </span>
    </p>
   </div>
   <div class='ocr_carea' id='block_1_27' title="bbox 118 2393 1710 2477">
    <p class='ocr_par' dir='ltr' id='par_1_27' title="bbox 118 2393 1710 2477">
     <span class='ocr_line' id='line_1_27' title="bbox 118 2393 1710 2477; baseline 0.012 -34"><span class='ocrx_word' id='word_1_177' title='bbox 118 2393 290 2462; x_wconf 83' lang='grc' dir='ltr'>γέρων</span> <span class='ocrx_word' id='word_1_178' title='bbox 352 2395 700 2470; x_wconf 81' lang='grc' dir='ltr'>Νικομηδεὺς</span> <span class='ocrx_word' id='word_1_179' title='bbox 747 2399 778 2450; x_wconf 84' lang='grc' dir='ltr'><strong>ὁ</strong></span> <span class='ocrx_word' id='word_1_180' title='bbox 836 2399 993 2468; x_wconf 84' lang='grc' dir='ltr'>λόγος</span> <span class='ocrx_word' id='word_1_181' title='bbox 1034 2403 1050 2432; x_wconf 83' lang='grc'>¹</span> <span class='ocrx_word' id='word_1_182' title='bbox 1085 2403 1235 2474; x_wconf 85' lang='grc' dir='ltr'>αὑτῷ</span> <span class='ocrx_word' id='word_1_183' title='bbox 1283 2405 1553 2476; x_wconf 82' lang='grc' dir='ltr'>ὑπῆρχεν,</span> <span class='ocrx_word' id='word_1_184' title='bbox 1589 2407 1710 2477; x_wconf 78' lang='grc' dir='ltr'>ἅμα</span> 
     </span>
    </p>
   </div>
   <div class='ocr_carea' id='block_1_28' title="bbox 119 2485 1710 2565">
    <p class='ocr_par' dir='ltr' id='par_1_28' title="bbox 119 2485 1710 2565">
     <span class='ocr_line' id='line_1_28' title="bbox 119 2485 1710 2565; baseline 0.009 -25"><span class='ocrx_word' id='word_1_185' title='bbox 119 2485 404 2558; x_wconf 79' lang='grc' dir='ltr'>Λουκιανῷ</span> <span class='ocrx_word' id='word_1_186' title='bbox 450 2487 508 2540; x_wconf 81' lang='grc' dir='ltr'>ἐν</span> <span class='ocrx_word' id='word_1_187' title='bbox 551 2488 890 2562; x_wconf 74' lang='grc' dir='ltr'>Νικομηδείᾳ</span> <span class='ocrx_word' id='word_1_188' title='bbox 929 2491 1044 2562; x_wconf 73' lang='grc'><strong>(74)</strong></span> <span class='ocrx_word' id='word_1_189' title='bbox 1084 2494 1502 2565; x_wconf 74' lang='grc' dir='ltr'>συμϐεϐιωκὼς.</span> <span class='ocrx_word' id='word_1_190' title='bbox 1550 2499 1710 2554; x_wconf 84' lang='grc' dir='ltr'>Ἀλλά</span> 
     </span>
    </p>
   </div>
   <div class='ocr_carea' id='block_1_29' title="bbox 118 2577 1708 2662">
    <p class='ocr_par' dir='ltr' id='par_1_29' title="bbox 118 2577 1708 2662">
     <span class='ocr_line' id='line_1_29' title="bbox 118 2577 1708 2662; baseline 0.01 -33"><span class='ocrx_word' id='word_1_191' title='bbox 118 2577 208 2630; x_wconf 78' lang='grc' dir='ltr'>καὶ</span> <span class='ocrx_word' id='word_1_192' title='bbox 239 2579 498 2643; x_wconf 80' lang='grc' dir='ltr'>Λεόντιος</span> <span class='ocrx_word' id='word_1_193' title='bbox 519 2582 548 2634; x_wconf 88' lang='grc' dir='ltr'><strong>ό</strong></span> <span class='ocrx_word' id='word_1_194' title='bbox 567 2581 845 2648; x_wconf 82' lang='grc' dir='ltr'>ἀπόκοπος</span> <span class='ocrx_word' id='word_1_195' title='bbox 871 2585 930 2637; x_wconf 89' lang='grc' dir='ltr'><strong>ἐν</strong></span> <span class='ocrx_word' id='word_1_196' title='bbox 959 2585 1277 2658; x_wconf 82' lang='grc' dir='ltr'>Ἀντιοχείᾳ,</span> <span class='ocrx_word' id='word_1_197' title='bbox 1298 2587 1450 2643; x_wconf 81' lang='grc' dir='ltr'>οὔπω</span> <span class='ocrx_word' id='word_1_198' title='bbox 1471 2590 1570 2662; x_wconf 82' lang='grc' dir='ltr'>τὴν</span> <span class='ocrx_word' id='word_1_199' title='bbox 1589 2593 1708 2645; x_wconf 87' lang='grc' dir='ltr'>ἐπι-</span> 
     </span>
    </p>
   </div>
   <div class='ocr_carea' id='block_1_30' title="bbox 121 2669 1711 2744">
    <p class='ocr_par' dir='ltr' id='par_1_30' title="bbox 121 2669 1711 2744">
     <span class='ocr_line' id='line_1_30' title="bbox 121 2669 1711 2744; baseline 0.012 -25"><span class='ocrx_word' id='word_1_200' title='bbox 121 2669 326 2736; x_wconf 74' lang='grc' dir='ltr'>σκοπὴν</span> <span class='ocrx_word' id='word_1_201' title='bbox 375 2672 831 2744; x_wconf 83' lang='grc' dir='ltr'>πεπιστευμένος,</span> <span class='ocrx_word' id='word_1_202' title='bbox 865 2676 958 2728; x_wconf 83' lang='grc' dir='ltr'>καὶ</span> <span class='ocrx_word' id='word_1_203' title='bbox 981 2675 1129 2730; x_wconf 77' lang='grc' dir='ltr'>ἄλλοι</span> <span class='ocrx_word' id='word_1_204' title='bbox 1162 2680 1328 2744; x_wconf 85' lang='grc' dir='ltr'>τινές·</span> <span class='ocrx_word' id='word_1_205' title='bbox 1369 2681 1494 2734; x_wconf 73' lang='grc' dir='ltr'>ἐπεὶ</span> <span class='ocrx_word' id='word_1_206' title='bbox 1529 2677 1620 2737; x_wconf 80' lang='grc' dir='ltr'>οὖν</span> <span class='ocrx_word' id='word_1_207' title='bbox 1647 2685 1711 2738; x_wconf 87' lang='grc' dir='ltr'><strong>ἐκ</strong></span> 
     </span>
    </p>
   </div>
   <div class='ocr_carea' id='block_1_31' title="bbox 115 2761 1708 2856">
    <p class='ocr_par' dir='ltr' id='par_1_31' title="bbox 115 2761 1708 2856">
     <span class='ocr_line' id='line_1_31' title="bbox 115 2761 1708 2856; baseline 0.009 -42"><span class='ocrx_word' id='word_1_208' title='bbox 226 2761 408 2856; x_wconf 62' lang='grc' dir='ltr'>ἀυτῆς</span> <span class='ocrx_word' id='word_1_209' title='bbox 432 2761 525 2816; x_wconf 78' lang='grc' dir='ltr'>τοῦ</span> <span class='ocrx_word' id='word_1_210' title='bbox 546 2763 874 2854; x_wconf 75' lang='grc' dir='ltr'>δηλητηρίου</span> <span class='ocrx_word' id='word_1_211' title='bbox 905 2767 1136 2840; x_wconf 79' lang='grc' dir='ltr'>φατρίας</span> <span class='ocrx_word' id='word_1_212' title='bbox 1157 2761 1304 2824; x_wconf 71' lang='grc' dir='ltr'>οὗτοι</span> <span class='ocrx_word' id='word_1_213' title='bbox 1332 2772 1532 2838; x_wconf 88' lang='grc' dir='ltr'>πάντες</span> <span class='ocrx_word' id='word_1_214' title='bbox 1547 2769 1708 2846; x_wconf 81' lang='grc' dir='ltr'>ἦσαν,</span> 
     </span>
    </p>
   </div>
   <div class='ocr_carea' id='block_1_32' title="bbox 119 2851 1712 2939">
    <p class='ocr_par' dir='ltr' id='par_1_32' title="bbox 119 2851 1712 2939">
     <span class='ocr_line' id='line_1_32' title="bbox 119 2851 1712 2939; baseline 0.011 -34"><span class='ocrx_word' id='word_1_215' title='bbox 119 2851 438 2926; x_wconf 69' lang='grc' dir='ltr'>ὑποδέχεται</span> <span class='ocrx_word' id='word_1_216' title='bbox 467 2856 564 2924; x_wconf 79' lang='grc' dir='ltr'>μὲν</span> <span class='ocrx_word' id='word_1_217' title='bbox 607 2851 772 2912; x_wconf 85' lang='grc' dir='ltr'>αὐτὸν</span> <span class='ocrx_word' id='word_1_218' title='bbox 795 2859 1054 2924; x_wconf 79' lang='grc' dir='ltr'>Εὐσέϐιος</span> <span class='ocrx_word' id='word_1_219' title='bbox 1081 2863 1258 2933; x_wconf 86' lang='grc' dir='ltr'>χρόνῳ</span> <span class='ocrx_word' id='word_1_220' title='bbox 1293 2865 1482 2936; x_wconf 85' lang='grc' dir='ltr'>ίκανῷ·</span> <span class='ocrx_word' id='word_1_221' title='bbox 1504 2866 1626 2922; x_wconf 83' lang='grc' dir='ltr'>ὅθεν</span> <span class='ocrx_word' id='word_1_222' title='bbox 1647 2867 1712 2939; x_wconf 83' lang='grc' dir='ltr'>δὴ</span> 
     </span>
    </p>
   </div>
   <div class='ocr_carea' id='block_1_33' title="bbox 117 2947 1714 3030">
    <p class='ocr_par' dir='ltr' id='par_1_33' title="bbox 117 2947 1714 3030">
     <span class='ocr_line' id='line_1_33' title="bbox 117 2947 1714 3030; baseline 0.01 -32"><span class='ocrx_word' id='word_1_223' title='bbox 117 2947 404 3010; x_wconf 72' lang='grc' dir='ltr'>ἐπιστολὰς</span> <span class='ocrx_word' id='word_1_224' title='bbox 431 2949 610 3019; x_wconf 86' lang='grc' dir='ltr'>πάσης</span> <span class='ocrx_word' id='word_1_225' title='bbox 631 2950 896 3022; x_wconf 83' lang='grc' dir='ltr'>φλυαρίας</span> <span class='ocrx_word' id='word_1_226' title='bbox 917 2955 1398 3027; x_wconf 82' lang='grc' dir='ltr'>ἐμπεπλησμένας,</span> <span class='ocrx_word' id='word_1_227' title='bbox 1429 2959 1714 3030; x_wconf 86' lang='grc' dir='ltr'>περιεχού-</span> 
     </span>
    </p>
   </div>
   <div class='ocr_carea' id='block_1_34' title="bbox 120 3042 1714 3121">
    <p class='ocr_par' dir='ltr' id='par_1_34' title="bbox 120 3042 1714 3121">
     <span class='ocr_line' id='line_1_34' title="bbox 120 3042 1714 3121; baseline 0.009 -30"><span class='ocrx_word' id='word_1_228' title='bbox 120 3055 211 3102; x_wconf 85' lang='grc' dir='ltr'><strong>σας</strong></span> <span class='ocrx_word' id='word_1_229' title='bbox 261 3042 448 3095; x_wconf 73' lang='grc' dir='ltr'>πᾱταν</span> <span class='ocrx_word' id='word_1_230' title='bbox 491 3042 656 3096; x_wconf 78' lang='grc' dir='ltr'>αὐτοῦ</span> <span class='ocrx_word' id='word_1_231' title='bbox 703 3044 801 3115; x_wconf 79' lang='grc' dir='ltr'>τὴν</span> <span class='ocrx_word' id='word_1_232' title='bbox 840 3047 1132 3114; x_wconf 79' lang='grc' dir='ltr'>κακόδοξον</span> <span class='ocrx_word' id='word_1_233' title='bbox 1175 3049 1377 3114; x_wconf 88' lang='grc' dir='ltr'>πίστιν,</span> <span class='ocrx_word' id='word_1_234' title='bbox 1427 3051 1646 3121; x_wconf 72' lang='grc' dir='ltr'>γράψας</span> <span class='ocrx_word' id='word_1_235' title='bbox 1685 3053 1714 3106; x_wconf 84' lang='grc' dir='ltr'><strong>ὁ</strong></span> 
     </span>
    </p>
   </div>
   <div class='ocr_carea' id='block_1_35' title="bbox 1807 573 3392 653">
    <p class='ocr_par' dir='ltr' id='par_1_35' title="bbox 1807 573 3392 653">
     <span class='ocr_line' id='line_1_35' title="bbox 1807 573 3392 653; baseline 0.008 -25"><span class='ocrx_word' id='word_1_236' title='bbox 1807 573 1976 628; x_wconf 85' lang='lat' dir='ltr'><strong>clicas</strong></span> <span class='ocrx_word' id='word_1_237' title='bbox 2029 574 2097 629; x_wconf 90' lang='lat' dir='ltr'><strong>ad</strong></span> <span class='ocrx_word' id='word_1_238' title='bbox 2141 574 2390 646; x_wconf 77' lang='lat' dir='ltr'><strong>singulos</strong></span> <span class='ocrx_word' id='word_1_239' title='bbox 2434 575 2728 648; x_wconf 81' lang='lat' dir='ltr'><strong>episcopos</strong></span> <span class='ocrx_word' id='word_1_240' title='bbox 2763 576 2976 634; x_wconf 72' lang='lat' dir='ltr'><strong>litteras</strong></span> <span class='ocrx_word' id='word_1_241' title='bbox 3029 579 3210 647; x_wconf 88' lang='lat' dir='ltr'><strong>dedit,</strong></span> <span class='ocrx_word' id='word_1_242' title='bbox 3267 598 3392 653; x_wconf 80' lang='lat' dir='ltr'><strong>quae</strong></span> 
     </span>
    </p>
   </div>
   <div class='ocr_carea' id='block_1_36' title="bbox 1807 664 3390 736">
    <p class='ocr_par' dir='ltr' id='par_1_36' title="bbox 1807 664 3390 736">
     <span class='ocr_line' id='line_1_36' title="bbox 1807 664 3390 736; baseline 0.006 -18"><span class='ocrx_word' id='word_1_243' title='bbox 1807 664 2082 736; x_wconf 85' lang='lat' dir='ltr'><strong>hodieque</strong></span> <span class='ocrx_word' id='word_1_244' title='bbox 2127 667 2501 724; x_wconf 71' lang='lat' dir='ltr'><strong>studiosorum</strong></span> <span class='ocrx_word' id='word_1_245' title='bbox 2533 669 2592 724; x_wconf 90' lang='lat' dir='ltr'><strong>in</strong></span> <span class='ocrx_word' id='word_1_246' title='bbox 2631 665 2888 724; x_wconf 87' lang='lat' dir='ltr'><strong>manibus</strong></span> <span class='ocrx_word' id='word_1_247' title='bbox 2927 675 3242 735; x_wconf 85' lang='lat' dir='ltr'><strong>versantur,</strong></span> <span class='ocrx_word' id='word_1_248' title='bbox 3286 687 3390 726; x_wconf 85' lang='lat' dir='ltr'><strong>nu-</strong></span> 
     </span>
    </p>
   </div>
   <div class='ocr_carea' id='block_1_37' title="bbox 1808 751 3389 832">
    <p class='ocr_par' dir='ltr' id='par_1_37' title="bbox 1808 751 3389 832">
     <span class='ocr_line' id='line_1_37' title="bbox 1808 751 3389 832; baseline 0.004 -20"><span class='ocrx_word' id='word_1_249' title='bbox 1808 751 1964 814; x_wconf 84' lang='lat' dir='ltr'><strong>mero</strong></span> <span class='ocrx_word' id='word_1_250' title='bbox 1993 757 2106 815; x_wconf 80' lang='lat' dir='ltr'><strong>fere</strong></span> <span class='ocrx_word' id='word_1_251' title='bbox 2135 760 2503 832; x_wconf 75' lang='lat' dir='ltr'><strong>scptuaginta.</strong></span> <span class='ocrx_word' id='word_1_252' title='bbox 2535 759 2776 832; x_wconf 75' lang='lat' dir='ltr'><strong>Scripsit</strong></span> <span class='ocrx_word' id='word_1_253' title='bbox 2797 761 2940 818; x_wconf 87' lang='lat' dir='ltr'><strong>inter</strong></span> <span class='ocrx_word' id='word_1_254' title='bbox 2964 760 3104 817; x_wconf 82' lang='lat' dir='ltr'><strong>alios</strong></span> <span class='ocrx_word' id='word_1_255' title='bbox 3121 761 3188 817; x_wconf 85' lang='lat' dir='ltr'><strong>ad</strong></span> <span class='ocrx_word' id='word_1_256' title='bbox 3218 759 3389 820; x_wconf 84' lang='lat' dir='ltr'><strong>Euse-</strong></span> 
     </span>
    </p>
   </div>
   <div class='ocr_carea' id='block_1_38' title="bbox 1805 850 3393 925">
    <p class='ocr_par' dir='ltr' id='par_1_38' title="bbox 1805 850 3393 925">
     <span class='ocr_line' id='line_1_38' title="bbox 1805 850 3393 925; baseline 0.003 -19"><span class='ocrx_word' id='word_1_257' title='bbox 1805 850 1956 906; x_wconf 86' lang='lat' dir='ltr'><strong>bium</strong></span> <span class='ocrx_word' id='word_1_258' title='bbox 1991 851 2259 909; x_wconf 72' lang='lat' dir='ltr'><strong>Caesarem</strong></span> <span class='ocrx_word' id='word_1_259' title='bbox 2299 854 2642 925; x_wconf 87' lang='lat' dir='ltr'><strong>episcopum,</strong></span> <span class='ocrx_word' id='word_1_260' title='bbox 2671 853 2769 925; x_wconf 87' lang='lat' dir='ltr'><strong>qui</strong></span> <span class='ocrx_word' id='word_1_261' title='bbox 2802 851 2983 910; x_wconf 83' lang='lat' dir='ltr'><strong>adhuc</strong></span> <span class='ocrx_word' id='word_1_262' title='bbox 3010 863 3313 925; x_wconf 79' lang='lat' dir='ltr'><strong>supererat,</strong></span> <span class='ocrx_word' id='word_1_263' title='bbox 3336 863 3393 911; x_wconf 86' lang='lat' dir='ltr'><strong>et</strong></span> 
     </span>
    </p>
   </div>
   <div class='ocr_carea' id='block_1_39' title="bbox 1805 941 3392 1018">
    <p class='ocr_par' dir='ltr' id='par_1_39' title="bbox 1805 941 3392 1018">
     <span class='ocr_line' id='line_1_39' title="bbox 1805 941 3392 1018; baseline 0.003 -22"><span class='ocrx_word' id='word_1_264' title='bbox 1805 942 1872 996; x_wconf 88' lang='lat' dir='ltr'><strong>ad</strong></span> <span class='ocrx_word' id='word_1_265' title='bbox 1913 941 2211 1000; x_wconf 81' lang='lat' dir='ltr'><strong>Macarium</strong></span> <span class='ocrx_word' id='word_1_266' title='bbox 2261 943 2804 1018; x_wconf 79' lang='lat' dir='ltr'><strong>Hierosolymorum,</strong></span> <span class='ocrx_word' id='word_1_267' title='bbox 2845 943 3158 1014; x_wconf 84' lang='lat' dir='ltr'><strong>Asclepium</strong></span> <span class='ocrx_word' id='word_1_268' title='bbox 3199 945 3392 1008; x_wconf 64' lang='lat' dir='ltr'><strong>Gazae.</strong></span> 
     </span>
    </p>
   </div>
   <div class='ocr_carea' id='block_1_40' title="bbox 1809 1033 3392 1106">
    <p class='ocr_par' dir='ltr' id='par_1_40' title="bbox 1809 1033 3392 1106">
     <span class='ocr_line' id='line_1_40' title="bbox 1809 1033 3392 1106; baseline 0 -16"><span class='ocrx_word' id='word_1_269' title='bbox 1809 1033 2498 1103; x_wconf 77' lang='lat' dir='ltr'><strong>Longinum&#39;Ascalonis,</strong></span> <span class='ocrx_word' id='word_1_270' title='bbox 2555 1035 2859 1091; x_wconf 86' lang='lat' dir='ltr'><strong>Macrinum</strong></span> <span class='ocrx_word' id='word_1_271' title='bbox 2907 1035 3135 1090; x_wconf 74' lang='lat' dir='ltr'><strong>Jamniaa</strong></span> <span class='ocrx_word' id='word_1_272' title='bbox 3183 1035 3392 1106; x_wconf 89' lang='lat' dir='ltr'><strong>episco-</strong></span> 
     </span>
    </p>
   </div>
   <div class='ocr_carea' id='block_1_41' title="bbox 1805 1121 3389 1192">
    <p class='ocr_par' dir='ltr' id='par_1_41' title="bbox 1805 1121 3389 1192">
     <span class='ocr_line' id='line_1_41' title="bbox 1805 1121 3389 1192; baseline 0.001 -16"><span class='ocrx_word' id='word_1_273' title='bbox 1805 1137 1974 1192; x_wconf 85' lang='lat' dir='ltr'><strong>pum,</strong></span> <span class='ocrx_word' id='word_1_274' title='bbox 2021 1133 2076 1178; x_wconf 89' lang='lat' dir='ltr'><strong>et</strong></span> <span class='ocrx_word' id='word_1_275' title='bbox 2111 1125 2270 1181; x_wconf 83' lang='lat' dir='ltr'><strong>alios.</strong></span> <span class='ocrx_word' id='word_1_276' title='bbox 2319 1124 2456 1180; x_wconf 89' lang='lat' dir='ltr'><strong>item</strong></span> <span class='ocrx_word' id='word_1_277' title='bbox 2507 1126 2562 1180; x_wconf 88' lang='lat' dir='ltr'><strong>in</strong></span> <span class='ocrx_word' id='word_1_278' title='bbox 2611 1123 2951 1180; x_wconf 74' lang='lat' dir='ltr'><strong>Pbmniclam</strong></span> <span class='ocrx_word' id='word_1_279' title='bbox 2997 1123 3064 1178; x_wconf 89' lang='lat' dir='ltr'><strong>ad</strong></span> <span class='ocrx_word' id='word_1_280' title='bbox 3115 1121 3389 1179; x_wconf 87' lang='lat' dir='ltr'><strong>Zenonem</strong></span> 
     </span>
    </p>
   </div>
   <div class='ocr_carea' id='block_1_42' title="bbox 1805 1213 3392 1289">
    <p class='ocr_par' dir='ltr' id='par_1_42' title="bbox 1805 1213 3392 1289">
     <span class='ocr_line' id='line_1_42' title="bbox 1805 1213 3392 1289; baseline 0.001 -21"><span class='ocrx_word' id='word_1_281' title='bbox 1805 1213 2098 1284; x_wconf 80' lang='lat' dir='ltr'><strong>quemdam</strong></span> <span class='ocrx_word' id='word_1_282' title='bbox 2125 1216 2410 1286; x_wconf 90' lang='lat' dir='ltr'><strong>antiquum</strong></span> <span class='ocrx_word' id='word_1_283' title='bbox 2443 1215 2572 1289; x_wconf 87' lang='lat' dir='ltr'><strong>Tyri</strong></span> <span class='ocrx_word' id='word_1_284' title='bbox 2603 1218 2945 1288; x_wconf 90' lang='lat' dir='ltr'><strong>episcopum,</strong></span> <span class='ocrx_word' id='word_1_285' title='bbox 2967 1225 3022 1271; x_wconf 92' lang='lat' dir='ltr'><strong>et</strong></span> <span class='ocrx_word' id='word_1_286' title='bbox 3046 1215 3205 1270; x_wconf 89' lang='lat' dir='ltr'><strong>alios.</strong></span> <span class='ocrx_word' id='word_1_287' title='bbox 3240 1213 3392 1270; x_wconf 84' lang='lat' dir='ltr'><strong>Scri-</strong></span> 
     </span>
    </p>
   </div>
   <div class='ocr_carea' id='block_1_43' title="bbox 1803 1306 3394 1379">
    <p class='ocr_par' dir='ltr' id='par_1_43' title="bbox 1803 1306 3394 1379">
     <span class='ocr_line' id='line_1_43' title="bbox 1803 1306 3394 1379; baseline -0.001 -18"><span class='ocrx_word' id='word_1_288' title='bbox 1803 1307 1914 1376; x_wconf 89' lang='lat' dir='ltr'><strong>psit</strong></span> <span class='ocrx_word' id='word_1_289' title='bbox 1945 1313 2004 1362; x_wconf 90' lang='lat' dir='ltr'><strong>et</strong></span> <span class='ocrx_word' id='word_1_290' title='bbox 2048 1307 2106 1361; x_wconf 88' lang='lat' dir='ltr'><strong>in</strong></span> <span class='ocrx_word' id='word_1_291' title='bbox 2142 1306 2331 1362; x_wconf 71' lang='lat' dir='ltr'><strong>leen</strong></span> <span class='ocrx_word' id='word_1_292' title='bbox 2359 1307 2594 1379; x_wconf 83' lang='lat' dir='ltr'><strong>Syriam.</strong></span> <span class='ocrx_word' id='word_1_293' title='bbox 2625 1307 2808 1364; x_wconf 80' lang='lat' dir='ltr'><strong>Missis</strong></span> <span class='ocrx_word' id='word_1_294' title='bbox 2837 1308 2926 1363; x_wconf 88' lang='lat' dir='ltr'><strong>his</strong></span> <span class='ocrx_word' id='word_1_295' title='bbox 2975 1307 3243 1378; x_wconf 82' lang='lat' dir='ltr'><strong>epistolis,</strong></span> <span class='ocrx_word' id='word_1_296' title='bbox 3280 1307 3394 1377; x_wconf 89' lang='lat' dir='ltr'><strong>qui-</strong></span> 
     </span>
    </p>
   </div>
   <div class='ocr_carea' id='block_1_44' title="bbox 1803 1395 3390 1468">
    <p class='ocr_par' dir='ltr' id='par_1_44' title="bbox 1803 1395 3390 1468">
     <span class='ocr_line' id='line_1_44' title="bbox 1803 1395 3390 1468; baseline -0.001 -16"><span class='ocrx_word' id='word_1_297' title='bbox 1803 1397 1908 1452; x_wconf 87' lang='lat' dir='ltr'><strong>bus</strong></span> <span class='ocrx_word' id='word_1_298' title='bbox 1942 1411 2041 1454; x_wconf 88' lang='lat' dir='ltr'><strong>eos</strong></span> <span class='ocrx_word' id='word_1_299' title='bbox 2078 1397 2387 1464; x_wconf 74' lang='lat' dir='ltr'><strong>incusabat,</strong></span> <span class='ocrx_word' id='word_1_300' title='bbox 2419 1397 2515 1468; x_wconf 91' lang='lat' dir='ltr'><strong>qui</strong></span> <span class='ocrx_word' id='word_1_301' title='bbox 2559 1397 2750 1452; x_wconf 81' lang='lat' dir='ltr'><strong>Arium</strong></span> <span class='ocrx_word' id='word_1_302' title='bbox 2795 1403 3141 1467; x_wconf 86' lang='lat' dir='ltr'><strong>receperant,</strong></span> <span class='ocrx_word' id='word_1_303' title='bbox 3185 1395 3390 1452; x_wconf 86' lang='lat' dir='ltr'><strong>rescri-</strong></span> 
     </span>
    </p>
   </div>
   <div class='ocr_carea' id='block_1_45' title="bbox 1803 1487 3394 1559">
    <p class='ocr_par' dir='ltr' id='par_1_45' title="bbox 1803 1487 3394 1559">
     <span class='ocr_line' id='line_1_45' title="bbox 1803 1487 3394 1559; baseline -0.001 -14"><span class='ocrx_word' id='word_1_304' title='bbox 1803 1503 1964 1559; x_wconf 89' lang='lat' dir='ltr'><strong>psere</strong></span> <span class='ocrx_word' id='word_1_305' title='bbox 1981 1488 2048 1543; x_wconf 88' lang='lat' dir='ltr'><strong>ad</strong></span> <span class='ocrx_word' id='word_1_306' title='bbox 2070 1489 2440 1544; x_wconf 80' lang='lat' dir='ltr'><strong>Alexandrum</strong></span> <span class='ocrx_word' id='word_1_307' title='bbox 2466 1489 2688 1559; x_wconf 82' lang='lat' dir='ltr'><strong>singuli,</strong></span> <span class='ocrx_word' id='word_1_308' title='bbox 2718 1487 2942 1558; x_wconf 86' lang='lat' dir='ltr'><strong>quidam</strong></span> <span class='ocrx_word' id='word_1_309' title='bbox 2972 1487 3394 1544; x_wconf 78' lang='lat' dir='ltr'><strong>dissimulanter</strong></span> 
     </span>
    </p>
   </div>
   <div class='ocr_carea' id='block_1_46' title="bbox 1806 1573 3388 1642">
    <p class='ocr_par' dir='ltr' id='par_1_46' title="bbox 1806 1573 3388 1642">
     <span class='ocr_line' id='line_1_46' title="bbox 1806 1573 3388 1642; baseline -0.003 -8"><span class='ocrx_word' id='word_1_310' title='bbox 1806 1589 1860 1634; x_wconf 91' lang='lat' dir='ltr'><strong>et</strong></span> <span class='ocrx_word' id='word_1_311' title='bbox 1885 1577 2104 1642; x_wconf 83' lang='lat' dir='ltr'><strong>callide,</strong></span> <span class='ocrx_word' id='word_1_312' title='bbox 2137 1577 2232 1632; x_wconf 85' lang='lat' dir='ltr'><strong>alii</strong></span> <span class='ocrx_word' id='word_1_313' title='bbox 2263 1593 2330 1632; x_wconf 79' lang='lat' dir='ltr'><strong>ex</strong></span> <span class='ocrx_word' id='word_1_314' title='bbox 2355 1577 2540 1631; x_wconf 90' lang='lat' dir='ltr'><strong>animo</strong></span> <span class='ocrx_word' id='word_1_315' title='bbox 2564 1585 2617 1631; x_wconf 91' lang='lat' dir='ltr'><strong>et</strong></span> <span class='ocrx_word' id='word_1_316' title='bbox 2635 1575 2874 1630; x_wconf 83' lang='lat' dir='ltr'><strong>sincere.</strong></span> <span class='ocrx_word' id='word_1_317' title='bbox 2909 1573 2986 1629; x_wconf 76' lang='lat' dir='ltr'><strong>Ac</strong></span> <span class='ocrx_word' id='word_1_318' title='bbox 3013 1573 3263 1628; x_wconf 86' lang='lat' dir='ltr'><strong>nonnulli</strong></span> <span class='ocrx_word' id='word_1_319' title='bbox 3289 1589 3388 1629; x_wconf 79' lang='lat' dir='ltr'><strong>ex-</strong></span> 
     </span>
    </p>
   </div>
   <div class='ocr_carea' id='block_1_47' title="bbox 1804 1667 3389 1741">
    <p class='ocr_par' dir='ltr' id='par_1_47' title="bbox 1804 1667 3389 1741">
     <span class='ocr_line' id='line_1_47' title="bbox 1804 1667 3389 1741; baseline -0.004 -16"><span class='ocrx_word' id='word_1_320' title='bbox 1804 1680 2022 1741; x_wconf 75' lang='lat' dir='ltr'><strong>ceptum</strong></span> <span class='ocrx_word' id='word_1_321' title='bbox 2061 1685 2090 1723; x_wconf 88' lang='lat' dir='ltr'><strong>a</strong></span> <span class='ocrx_word' id='word_1_322' title='bbox 2121 1685 2182 1725; x_wconf 85' lang='lat' dir='ltr'><strong>se</strong></span> <span class='ocrx_word' id='word_1_323' title='bbox 2222 1668 2499 1724; x_wconf 84' lang='lat' dir='ltr'><strong>hominem</strong></span> <span class='ocrx_word' id='word_1_324' title='bbox 2546 1667 2838 1738; x_wconf 82' lang='lat' dir='ltr'><strong>negabant,</strong></span> <span class='ocrx_word' id='word_1_325' title='bbox 2867 1667 2958 1724; x_wconf 86' lang='lat' dir='ltr'><strong>alii</strong></span> <span class='ocrx_word' id='word_1_326' title='bbox 2997 1681 3096 1737; x_wconf 91' lang='lat' dir='ltr'><strong>per</strong></span> <span class='ocrx_word' id='word_1_327' title='bbox 3123 1669 3389 1738; x_wconf 75' lang='lat' dir='ltr'><strong>ignoran-</strong></span> 
     </span>
    </p>
   </div>
   <div class='ocr_carea' id='block_1_48' title="bbox 1805 1755 3394 1827">
    <p class='ocr_par' dir='ltr' id='par_1_48' title="bbox 1805 1755 3394 1827">
     <span class='ocr_line' id='line_1_48' title="bbox 1805 1755 3394 1827; baseline -0.003 -13"><span class='ocrx_word' id='word_1_328' title='bbox 1805 1762 1936 1814; x_wconf 84' lang='lat' dir='ltr'><strong>tiam</strong></span> <span class='ocrx_word' id='word_1_329' title='bbox 1980 1759 2308 1816; x_wconf 86' lang='lat' dir='ltr'><strong>admissum.</strong></span> <span class='ocrx_word' id='word_1_330' title='bbox 2349 1758 2516 1812; x_wconf 85' lang='lat' dir='ltr'><strong>Erant</strong></span> <span class='ocrx_word' id='word_1_331' title='bbox 2541 1765 2596 1813; x_wconf 90' lang='lat' dir='ltr'><strong>et</strong></span> <span class='ocrx_word' id='word_1_332' title='bbox 2621 1758 2714 1827; x_wconf 89' lang='lat' dir='ltr'><strong>qui</strong></span> <span class='ocrx_word' id='word_1_333' title='bbox 2751 1771 2817 1812; x_wconf 92' lang='lat' dir='ltr'><strong>eo</strong></span> <span class='ocrx_word' id='word_1_334' title='bbox 2851 1771 2912 1812; x_wconf 90' lang='lat' dir='ltr'><strong>se</strong></span> <span class='ocrx_word' id='word_1_335' title='bbox 2965 1755 3201 1812; x_wconf 88' lang='lat' dir='ltr'><strong>consilio</strong></span> <span class='ocrx_word' id='word_1_336' title='bbox 3239 1769 3394 1810; x_wconf 86' lang='lat' dir='ltr'><strong>rece-</strong></span> 
     </span>
    </p>
   </div>
   <div class='ocr_carea' id='block_1_49' title="bbox 1807 1847 3390 1922">
    <p class='ocr_par' dir='ltr' id='par_1_49' title="bbox 1807 1847 3390 1922">
     <span class='ocr_line' id='line_1_49' title="bbox 1807 1847 3390 1922; baseline -0.002 -18"><span class='ocrx_word' id='word_1_337' title='bbox 1807 1853 1954 1922; x_wconf 90' lang='lat' dir='ltr'><strong>pisse</strong></span> <span class='ocrx_word' id='word_1_338' title='bbox 1987 1851 2311 1914; x_wconf 80' lang='lat' dir='ltr'><strong>faterentur,</strong></span> <span class='ocrx_word' id='word_1_339' title='bbox 2352 1857 2411 1903; x_wconf 88' lang='lat' dir='ltr'><strong>ut</strong></span> <span class='ocrx_word' id='word_1_340' title='bbox 2431 1863 2556 1906; x_wconf 91' lang='lat' dir='ltr'><strong>eum</strong></span> <span class='ocrx_word' id='word_1_341' title='bbox 2601 1849 2740 1903; x_wconf 87' lang='lat' dir='ltr'><strong>lucri</strong></span> <span class='ocrx_word' id='word_1_342' title='bbox 2771 1847 3036 1904; x_wconf 80' lang='lat' dir='ltr'><strong>facerent.</strong></span> <span class='ocrx_word' id='word_1_343' title='bbox 3079 1847 3138 1902; x_wconf 87' lang='lat' dir='ltr'><strong>In</strong></span> <span class='ocrx_word' id='word_1_344' title='bbox 3172 1861 3390 1904; x_wconf 86' lang='lat' dir='ltr'><strong>summa</strong></span> 
     </span>
    </p>
   </div>
   <div class='ocr_carea' id='block_1_50' title="bbox 1805 1942 2923 2015">
    <p class='ocr_par' dir='ltr' id='par_1_50' title="bbox 1805 1942 2923 2015">
     <span class='ocr_line' id='line_1_50' title="bbox 1805 1942 2923 2015; baseline -0.003 -15"><span class='ocrx_word' id='word_1_345' title='bbox 1805 1945 1956 2000; x_wconf 87' lang='lat' dir='ltr'><strong>varia</strong></span> <span class='ocrx_word' id='word_1_346' title='bbox 1987 1944 2294 2000; x_wconf 88' lang='lat' dir='ltr'><strong>litterarum</strong></span> <span class='ocrx_word' id='word_1_347' title='bbox 2329 1951 2651 2015; x_wconf 78' lang='lat' dir='ltr'><strong>argumenta</strong></span> <span class='ocrx_word' id='word_1_348' title='bbox 2683 1942 2923 1998; x_wconf 74' lang='lat' dir='ltr'><strong>fuerunt.</strong></span> 
     </span>
    </p>
   </div>
   <div class='ocr_carea' id='block_1_51' title="bbox 1877 2031 3396 2106">
    <p class='ocr_par' dir='ltr' id='par_1_51' title="bbox 1877 2031 3396 2106">
     <span class='ocr_line' id='line_1_51' title="bbox 1877 2031 3396 2106; baseline -0.003 -16"><span class='ocrx_word' id='word_1_349' title='bbox 1877 2035 1944 2092; x_wconf 79' lang='grc' dir='ltr'>ν.</span> <span class='ocrx_word' id='word_1_350' title='bbox 1995 2036 2065 2090; x_wconf 83' lang='lat' dir='ltr'><strong>At</strong></span> <span class='ocrx_word' id='word_1_351' title='bbox 2111 2035 2278 2092; x_wconf 81' lang='lat' dir='ltr'><strong>Arius</strong></span> <span class='ocrx_word' id='word_1_352' title='bbox 2331 2037 2422 2092; x_wconf 90' lang='lat' dir='ltr'><strong>ubi</strong></span> <span class='ocrx_word' id='word_1_353' title='bbox 2472 2036 2708 2106; x_wconf 85' lang='lat' dir='ltr'><strong>scriptas</strong></span> <span class='ocrx_word' id='word_1_354' title='bbox 2757 2033 2826 2090; x_wconf 87' lang='lat' dir='ltr'><strong>ad</strong></span> <span class='ocrx_word' id='word_1_355' title='bbox 2867 2047 3059 2088; x_wconf 86' lang='lat' dir='ltr'><strong>omnes</strong></span> <span class='ocrx_word' id='word_1_356' title='bbox 3101 2031 3396 2102; x_wconf 86' lang='lat' dir='ltr'><strong>episcopos-</strong></span> 
     </span>
    </p>
   </div>
   <div class='ocr_carea' id='block_1_52' title="bbox 1807 2123 3394 2199">
    <p class='ocr_par' dir='ltr' id='par_1_52' title="bbox 1807 2123 3394 2199">
     <span class='ocr_line' id='line_1_52' title="bbox 1807 2123 3394 2199; baseline -0.006 -14"><span class='ocrx_word' id='word_1_357' title='bbox 1807 2127 2020 2185; x_wconf 89' lang='lat' dir='ltr'><strong>litteras</strong></span> <span class='ocrx_word' id='word_1_358' title='bbox 2057 2129 2350 2199; x_wconf 89' lang='lat' dir='ltr'><strong>comperit,</strong></span> <span class='ocrx_word' id='word_1_359' title='bbox 2373 2143 2498 2184; x_wconf 90' lang='lat' dir='ltr'><strong>cum</strong></span> <span class='ocrx_word' id='word_1_360' title='bbox 2523 2126 2594 2182; x_wconf 82' lang='lat' dir='ltr'><strong>ab</strong></span> <span class='ocrx_word' id='word_1_361' title='bbox 2613 2125 2871 2181; x_wconf 89' lang='lat' dir='ltr'><strong>omnibus</strong></span> <span class='ocrx_word' id='word_1_362' title='bbox 2898 2123 3105 2194; x_wconf 89' lang='lat' dir='ltr'><strong>passim</strong></span> <span class='ocrx_word' id='word_1_363' title='bbox 3132 2123 3394 2179; x_wconf 84' lang='lat' dir='ltr'><strong>exclusus</strong></span> 
     </span>
    </p>
   </div>
   <div class='ocr_carea' id='block_1_53' title="bbox 1808 2214 3395 2293">
    <p class='ocr_par' dir='ltr' id='par_1_53' title="bbox 1808 2214 3395 2293">
     <span class='ocr_line' id='line_1_53' title="bbox 1808 2214 3395 2293; baseline -0.008 -15"><span class='ocrx_word' id='word_1_364' title='bbox 1808 2239 1838 2278; x_wconf 86' lang='lat' dir='ltr'><strong>a</strong></span> <span class='ocrx_word' id='word_1_365' title='bbox 1871 2222 2125 2288; x_wconf 88' lang='lat' dir='ltr'><strong>nemine,</strong></span> <span class='ocrx_word' id='word_1_366' title='bbox 2163 2227 2526 2293; x_wconf 79' lang='lat' dir='ltr'><strong>praeterquam</strong></span> <span class='ocrx_word' id='word_1_367' title='bbox 2557 2233 2588 2273; x_wconf 72' lang='grc' dir='ltr'><strong>ο</strong></span> <span class='ocrx_word' id='word_1_368' title='bbox 2621 2216 2932 2272; x_wconf 77' lang='lat' dir='ltr'><strong>fautoribus</strong></span> <span class='ocrx_word' id='word_1_369' title='bbox 2965 2215 3104 2279; x_wconf 89' lang='lat' dir='ltr'><strong>suis,</strong></span> <span class='ocrx_word' id='word_1_370' title='bbox 3141 2214 3395 2284; x_wconf 82' lang='lat' dir='ltr'><strong>suscipe-</strong></span> 
     </span>
    </p>
   </div>
   <div class='ocr_carea' id='block_1_54' title="bbox 1809 2303 3393 2384">
    <p class='ocr_par' dir='ltr' id='par_1_54' title="bbox 1809 2303 3393 2384">
     <span class='ocr_line' id='line_1_54' title="bbox 1809 2303 3393 2384; baseline -0.006 -16"><span class='ocrx_word' id='word_1_371' title='bbox 1809 2321 1980 2380; x_wconf 88' lang='lat' dir='ltr'><strong>retur,</strong></span> <span class='ocrx_word' id='word_1_372' title='bbox 2013 2325 2250 2384; x_wconf 86' lang='lat' dir='ltr'><strong>quorum</strong></span> <span class='ocrx_word' id='word_1_373' title='bbox 2293 2312 2549 2383; x_wconf 88' lang='lat' dir='ltr'><strong>princeps</strong></span> <span class='ocrx_word' id='word_1_374' title='bbox 2591 2317 2710 2365; x_wconf 89' lang='lat' dir='ltr'><strong>erat</strong></span> <span class='ocrx_word' id='word_1_375' title='bbox 2749 2307 3020 2364; x_wconf 86' lang='lat' dir='ltr'><strong>Eusebius</strong></span> <span class='ocrx_word' id='word_1_376' title='bbox 3065 2305 3260 2376; x_wconf 78' lang='lat' dir='ltr'><strong>grandi</strong></span> <span class='ocrx_word' id='word_1_377' title='bbox 3297 2303 3393 2359; x_wconf 85' lang='lat' dir='ltr'><strong>ad-</strong></span> 
     </span>
    </p>
   </div>
   <div class='ocr_carea' id='block_1_55' title="bbox 1809 2396 3426 2470">
    <p class='ocr_par' dir='ltr' id='par_1_55' title="bbox 1809 2396 3426 2470">
     <span class='ocr_line' id='line_1_55' title="bbox 1809 2396 3426 2470; baseline -0.007 -10"><span class='ocrx_word' id='word_1_378' title='bbox 1809 2405 2032 2462; x_wconf 87' lang='lat' dir='ltr'><strong>modum</strong></span> <span class='ocrx_word' id='word_1_379' title='bbox 2073 2413 2205 2458; x_wconf 89' lang='lat' dir='ltr'><strong>natu</strong></span> <span class='ocrx_word' id='word_1_380' title='bbox 2252 2400 2688 2457; x_wconf 79' lang='lat' dir='ltr'><strong>Nieomediensis</strong></span> <span class='ocrx_word' id='word_1_381' title='bbox 2739 2400 3067 2470; x_wconf 84' lang='lat' dir='ltr'><strong>episcopus;</strong></span> <span class='ocrx_word' id='word_1_382' title='bbox 3119 2396 3216 2466; x_wconf 90' lang='lat' dir='ltr'><strong>qui</strong></span> <span class='ocrx_word' id='word_1_383' title='bbox 3265 2411 3426 2466; x_wconf 73' lang='lat' dir='ltr'><strong>cum.</strong></span> 
     </span>
    </p>
   </div>
   <div class='ocr_carea' id='block_1_56' title="bbox 1810 2491 3395 2553">
    <p class='ocr_par' dir='ltr' id='par_1_56' title="bbox 1810 2491 3395 2553">
     <span class='ocr_line' id='line_1_56' title="bbox 1810 2491 3395 2553; baseline -0.007 0"><span class='ocrx_word' id='word_1_384' title='bbox 1810 2497 2052 2553; x_wconf 85' lang='lat' dir='ltr'><strong>Luciano</strong></span> <span class='ocrx_word' id='word_1_385' title='bbox 2115 2493 2446 2550; x_wconf 67' lang='lat' dir='ltr'><strong>Nicomedia:</strong></span> <span class='ocrx_word' id='word_1_386' title='bbox 2501 2493 2666 2548; x_wconf 89' lang='lat' dir='ltr'><strong>simul</strong></span> <span class='ocrx_word' id='word_1_387' title='bbox 2733 2491 2946 2545; x_wconf 74' lang='lat' dir='ltr'><strong>vixerat</strong></span> <span class='ocrx_word' id='word_1_388' title='bbox 3007 2508 3021 2542; x_wconf 90' lang='lat'><strong>:</strong></span> <span class='ocrx_word' id='word_1_389' title='bbox 3074 2502 3286 2544; x_wconf 88' lang='lat' dir='ltr'><strong>necnon</strong></span> <span class='ocrx_word' id='word_1_390' title='bbox 3339 2496 3395 2544; x_wconf 85' lang='lat' dir='ltr'><strong>et</strong></span> 
     </span>
    </p>
   </div>
   <div class='ocr_carea' id='block_1_57' title="bbox 1811 2579 3392 2649">
    <p class='ocr_par' dir='ltr' id='par_1_57' title="bbox 1811 2579 3392 2649">
     <span class='ocr_line' id='line_1_57' title="bbox 1811 2579 3392 2649; baseline -0.005 -10"><span class='ocrx_word' id='word_1_391' title='bbox 1811 2584 2074 2640; x_wconf 83' lang='lat' dir='ltr'><strong>Leontius</strong></span> <span class='ocrx_word' id='word_1_392' title='bbox 2114 2581 2360 2639; x_wconf 86' lang='lat' dir='ltr'><strong>eviratus</strong></span> <span class='ocrx_word' id='word_1_393' title='bbox 2383 2580 2710 2644; x_wconf 69' lang='lat' dir='ltr'><strong>Antiochiae,</strong></span> <span class='ocrx_word' id='word_1_394' title='bbox 2745 2579 2989 2634; x_wconf 86' lang='lat' dir='ltr'><strong>nondum</strong></span> <span class='ocrx_word' id='word_1_395' title='bbox 3022 2579 3392 2649; x_wconf 82' lang='lat' dir='ltr'><strong>episcopalem</strong></span> 
     </span>
    </p>
   </div>
   <div class='ocr_carea' id='block_1_58' title="bbox 1812 2671 3397 2746">
    <p class='ocr_par' dir='ltr' id='par_1_58' title="bbox 1812 2671 3397 2746">
     <span class='ocr_line' id='line_1_58' title="bbox 1812 2671 3397 2746; baseline -0.004 -15"><span class='ocrx_word' id='word_1_396' title='bbox 1812 2677 1880 2731; x_wconf 85' lang='lat' dir='ltr'><strong>ad</strong></span> <span class='ocrx_word' id='word_1_397' title='bbox 1905 2675 2088 2731; x_wconf 85' lang='lat' dir='ltr'><strong>sedem</strong></span> <span class='ocrx_word' id='word_1_398' title='bbox 2119 2679 2423 2746; x_wconf 87' lang='lat' dir='ltr'><strong>promotus,</strong></span> <span class='ocrx_word' id='word_1_399' title='bbox 2455 2671 2656 2742; x_wconf 86' lang='lat' dir='ltr'><strong>aliique</strong></span> <span class='ocrx_word' id='word_1_400' title='bbox 2689 2671 2938 2726; x_wconf 88' lang='lat' dir='ltr'><strong>nonnulli</strong></span> <span class='ocrx_word' id='word_1_401' title='bbox 2969 2689 2982 2724; x_wconf 93' lang='lat'><strong>:</strong></span> <span class='ocrx_word' id='word_1_402' title='bbox 3023 2685 3148 2725; x_wconf 87' lang='lat' dir='ltr'><strong>eum</strong></span> <span class='ocrx_word' id='word_1_403' title='bbox 3167 2683 3300 2740; x_wconf 81' lang='lat' dir='ltr'><strong>ergo</strong></span> <span class='ocrx_word' id='word_1_404' title='bbox 3327 2683 3397 2725; x_wconf 79' lang='lat' dir='ltr'><strong>ex</strong></span> 
     </span>
    </p>
   </div>
   <div class='ocr_carea' id='block_1_59' title="bbox 1811 2747 3395 2841">
    <p class='ocr_par' dir='ltr' id='par_1_59' title="bbox 1811 2747 3395 2841">
     <span class='ocr_line' id='line_1_59' title="bbox 1811 2747 3395 2841; baseline -0.005 -17"><span class='ocrx_word' id='word_1_405' title='bbox 1811 2769 2122 2841; x_wconf 87' lang='lat' dir='ltr'><strong>pernicioso</strong></span> <span class='ocrx_word' id='word_1_406' title='bbox 2163 2767 2313 2822; x_wconf 88' lang='lat' dir='ltr'><strong>illius</strong></span> <span class='ocrx_word' id='word_1_407' title='bbox 2351 2765 2610 2822; x_wconf 86' lang='lat' dir='ltr'><strong>sodalitio</strong></span> <span class='ocrx_word' id='word_1_408' title='bbox 2649 2777 2844 2819; x_wconf 85' lang='lat' dir='ltr'><strong>omnes</strong></span> <span class='ocrx_word' id='word_1_409' title='bbox 2873 2763 2950 2818; x_wconf 87' lang='lat' dir='ltr'><strong>illi</strong></span> <span class='ocrx_word' id='word_1_410' title='bbox 2981 2747 3190 2825; x_wconf 80' lang='lat' dir='ltr'><strong>essent,</strong></span> <span class='ocrx_word' id='word_1_411' title='bbox 3235 2777 3395 2818; x_wconf 91' lang='lat' dir='ltr'><strong>eum-</strong></span> 
     </span>
    </p>
   </div>
   <div class='ocr_carea' id='block_1_60' title="bbox 1811 2853 3396 2932">
    <p class='ocr_par' dir='ltr' id='par_1_60' title="bbox 1811 2853 3396 2932">
     <span class='ocr_line' id='line_1_60' title="bbox 1811 2853 3396 2932; baseline -0.006 -16"><span class='ocrx_word' id='word_1_412' title='bbox 1811 2877 1920 2932; x_wconf 89' lang='lat' dir='ltr'><strong>que</strong></span> <span class='ocrx_word' id='word_1_413' title='bbox 1947 2862 2038 2916; x_wconf 90' lang='lat' dir='ltr'><strong>diu</strong></span> <span class='ocrx_word' id='word_1_414' title='bbox 2086 2859 2230 2930; x_wconf 87' lang='lat' dir='ltr'><strong>apud</strong></span> <span class='ocrx_word' id='word_1_415' title='bbox 2273 2874 2332 2914; x_wconf 91' lang='lat' dir='ltr'><strong>se</strong></span> <span class='ocrx_word' id='word_1_416' title='bbox 2373 2857 2642 2912; x_wconf 81' lang='lat' dir='ltr'><strong>Eusebius</strong></span> <span class='ocrx_word' id='word_1_417' title='bbox 2691 2855 2996 2919; x_wconf 86' lang='lat' dir='ltr'><strong>habuisset,</strong></span> <span class='ocrx_word' id='word_1_418' title='bbox 3027 2853 3290 2925; x_wconf 79' lang='lat' dir='ltr'><strong>epistolas</strong></span> <span class='ocrx_word' id='word_1_419' title='bbox 3326 2853 3396 2907; x_wconf 90' lang='lat' dir='ltr'><strong>ad</strong></span> 
     </span>
    </p>
   </div>
   <div class='ocr_carea' id='block_1_61' title="bbox 1813 2945 3398 3022">
    <p class='ocr_par' dir='ltr' id='par_1_61' title="bbox 1813 2945 3398 3022">
     <span class='ocr_line' id='line_1_61' title="bbox 1813 2945 3398 3022; baseline -0.006 -14"><span class='ocrx_word' id='word_1_420' title='bbox 1813 2955 1962 3008; x_wconf 85' lang='lat' dir='ltr'><strong>hunc</strong></span> <span class='ocrx_word' id='word_1_421' title='bbox 2003 2954 2180 3022; x_wconf 90' lang='lat' dir='ltr'><strong>ipsum</strong></span> <span class='ocrx_word' id='word_1_422' title='bbox 2228 2950 2524 3006; x_wconf 89' lang='lat' dir='ltr'><strong>Eusebium</strong></span> <span class='ocrx_word' id='word_1_423' title='bbox 2571 2947 2794 3019; x_wconf 86' lang='lat' dir='ltr'><strong>scripsit</strong></span> <span class='ocrx_word' id='word_1_424' title='bbox 2827 2961 3096 3018; x_wconf 77' lang='lat' dir='ltr'><strong>nugarum</strong></span> <span class='ocrx_word' id='word_1_425' title='bbox 3139 2945 3398 3016; x_wconf 84' lang='lat' dir='ltr'><strong>plenissi-</strong></span> 
     </span>
    </p>
   </div>
   <div class='ocr_carea' id='block_1_62' title="bbox 1813 3037 3392 3117">
    <p class='ocr_par' dir='ltr' id='par_1_62' title="bbox 1813 3037 3392 3117">
     <span class='ocr_line' id='line_1_62' title="bbox 1813 3037 3392 3117; baseline -0.008 -16"><span class='ocrx_word' id='word_1_426' title='bbox 1813 3061 1956 3111; x_wconf 89' lang='lat' dir='ltr'><strong>mas,</strong></span> <span class='ocrx_word' id='word_1_427' title='bbox 1997 3045 2200 3117; x_wconf 88' lang='lat' dir='ltr'><strong>quibus</strong></span> <span class='ocrx_word' id='word_1_428' title='bbox 2233 3043 2458 3114; x_wconf 88' lang='lat' dir='ltr'><strong>impium</strong></span> <span class='ocrx_word' id='word_1_429' title='bbox 2491 3055 2656 3096; x_wconf 86' lang='lat' dir='ltr'><strong>omne</strong></span> <span class='ocrx_word' id='word_1_430' title='bbox 2687 3041 2886 3110; x_wconf 84' lang='lat' dir='ltr'><strong>dogma</strong></span> <span class='ocrx_word' id='word_1_431' title='bbox 2927 3037 3248 3108; x_wconf 84' lang='lat' dir='ltr'><strong>complexus</strong></span> <span class='ocrx_word' id='word_1_432' title='bbox 3287 3045 3392 3094; x_wconf 89' lang='lat' dir='ltr'><strong>est.</strong></span> 
     </span>
    </p>
   </div>
   <div class='ocr_carea' id='block_1_63' title="bbox 117 3130 1708 3222">
    <p class='ocr_par' dir='ltr' id='par_1_63' title="bbox 117 3133 1708 3214">
     <span class='ocr_line' id='line_1_63' title="bbox 117 3133 1708 3214; baseline 0.009 -30"><span class='ocrx_word' id='word_1_433' title='bbox 117 3133 274 3196; x_wconf 68' lang='grc' dir='ltr'>αὐτὸς</span> <span class='ocrx_word' id='word_1_434' title='bbox 317 3135 540 3206; x_wconf 72' lang='grc' dir='ltr'>Ἄρειος</span> <span class='ocrx_word' id='word_1_435' title='bbox 589 3135 835 3206; x_wconf 76' lang='grc' dir='ltr'>Εὑσεὸίῳ</span> <span class='ocrx_word' id='word_1_436' title='bbox 876 3136 955 3208; x_wconf 80' lang='grc' dir='ltr'>τῷ</span> <span class='ocrx_word' id='word_1_437' title='bbox 989 3139 1048 3192; x_wconf 86' lang='grc' dir='ltr'><strong>ἐν</strong></span> <span class='ocrx_word' id='word_1_438' title='bbox 1087 3139 1442 3213; x_wconf 82' lang='grc' dir='ltr'>Νικομηδείᾳ,</span> <span class='ocrx_word' id='word_1_439' title='bbox 1481 3142 1708 3214; x_wconf 76' lang='grc' dir='ltr'>μηδέπω</span> 
     </span>
    </p>
   </div>
   <div class='ocr_carea' id='block_1_64' title="bbox 1823 3130 3394 3222">
    <p class='ocr_par' dir='ltr' id='par_1_64' title="bbox 1823 3130 3394 3208">
     <span class='ocr_line' id='line_1_64' title="bbox 1823 3130 3394 3208; baseline -0.008 -14"><span class='ocrx_word' id='word_1_440' title='bbox 1823 3139 2142 3208; x_wconf 82' lang='lat' dir='ltr'><strong>Quanquam</strong></span> <span class='ocrx_word' id='word_1_441' title='bbox 2185 3135 2428 3190; x_wconf 90' lang='lat' dir='ltr'><strong>nondum</strong></span> <span class='ocrx_word' id='word_1_442' title='bbox 2463 3131 2836 3189; x_wconf 79' lang='lat' dir='ltr'><strong>Nicomediam</strong></span> <span class='ocrx_word' id='word_1_443' title='bbox 2865 3131 2932 3186; x_wconf 86' lang='lat' dir='ltr'><strong>ad</strong></span> <span class='ocrx_word' id='word_1_444' title='bbox 2963 3130 3118 3186; x_wconf 85' lang='lat' dir='ltr'><strong>illum</strong></span> <span class='ocrx_word' id='word_1_445' title='bbox 3151 3137 3394 3186; x_wconf 87' lang='lat' dir='ltr'><strong>venerat.</strong></span> 
     </span>
    </p>
   </div>
   <div class='ocr_carea' id='block_1_65' title="bbox 121 3224 1704 3307">
    <p class='ocr_par' dir='ltr' id='par_1_65' title="bbox 121 3224 1704 3307">
     <span class='ocr_line' id='line_1_65' title="bbox 121 3224 1704 3307; baseline 0.008 -31"><span class='ocrx_word' id='word_1_446' title='bbox 121 3224 328 3292; x_wconf 82' lang='grc' dir='ltr'>φθάσας</span> <span class='ocrx_word' id='word_1_447' title='bbox 352 3227 492 3297; x_wconf 79' lang='grc' dir='ltr'>πρὸς</span> <span class='ocrx_word' id='word_1_448' title='bbox 518 3227 680 3282; x_wconf 80' lang='grc' dir='ltr'>αὑτὸν</span> <span class='ocrx_word' id='word_1_449' title='bbox 710 3229 766 3282; x_wconf 84' lang='grc' dir='ltr'><strong>ἐν</strong></span> <span class='ocrx_word' id='word_1_450' title='bbox 790 3229 1150 3302; x_wconf 73' lang='grc' dir='ltr'>Νικομηδείᾳ,</span> <span class='ocrx_word' id='word_1_451' title='bbox 1175 3233 1325 3288; x_wconf 82' lang='grc' dir='ltr'>οὐδὲν</span> <span class='ocrx_word' id='word_1_452' title='bbox 1347 3233 1508 3288; x_wconf 86' lang='grc' dir='ltr'>πλέον</span> <span class='ocrx_word' id='word_1_453' title='bbox 1535 3234 1648 3290; x_wconf 83' lang='grc' dir='ltr'>ἀλλ’</span> <span class='ocrx_word' id='word_1_454' title='bbox 1669 3235 1704 3307; x_wconf 82' lang='grc' dir='ltr'>ἢ</span> 
     </span>
    </p>
   </div>
   <div class='ocr_carea' id='block_1_66' title="bbox 117 3314 1705 3394">
    <p class='ocr_par' dir='ltr' id='par_1_66' title="bbox 117 3314 1705 3394">
     <span class='ocr_line' id='line_1_66' title="bbox 117 3314 1705 3394; baseline 0.009 -27"><span class='ocrx_word' id='word_1_455' title='bbox 117 3314 182 3368; x_wconf 76' lang='grc' dir='ltr'>τὰ</span> <span class='ocrx_word' id='word_1_456' title='bbox 210 3316 356 3369; x_wconf 78' lang='grc' dir='ltr'><strong>αὑτά</strong></span> <span class='ocrx_word' id='word_1_457' title='bbox 395 3319 560 3371; x_wconf 82' lang='grc' dir='ltr'>ὁποῖα</span> <span class='ocrx_word' id='word_1_458' title='bbox 603 3319 698 3372; x_wconf 72' lang='grc' dir='ltr'>καὶ</span> <span class='ocrx_word' id='word_1_459' title='bbox 745 3321 960 3392; x_wconf 75' lang='grc' dir='ltr'>ἐφρόνει</span> <span class='ocrx_word' id='word_1_460' title='bbox 993 3324 1049 3376; x_wconf 85' lang='grc' dir='ltr'><strong>ἐν</strong></span> <span class='ocrx_word' id='word_1_461' title='bbox 1079 3325 1270 3388; x_wconf 86' lang='grc' dir='ltr'>αὑταῖς</span> <span class='ocrx_word' id='word_1_462' title='bbox 1307 3325 1555 3394; x_wconf 84' lang='grc' dir='ltr'>ὲντάξας,</span> <span class='ocrx_word' id='word_1_463' title='bbox 1585 3330 1705 3382; x_wconf 85' lang='grc' dir='ltr'>κατ’</span> 
     </span>
    </p>
   </div>
   <div class='ocr_carea' id='block_1_67' title="bbox 119 3407 1708 3490">
    <p class='ocr_par' dir='ltr' id='par_1_67' title="bbox 119 3407 1708 3490">
     <span class='ocr_line' id='line_1_67' title="bbox 119 3407 1708 3490; baseline 0.009 -30"><span class='ocrx_word' id='word_1_464' title='bbox 119 3407 320 3461; x_wconf 84' lang='grc' dir='ltr'>ἐκεῖνον</span> <span class='ocrx_word' id='word_1_465' title='bbox 349 3409 444 3466; x_wconf 71' lang='grc' dir='ltr'>τὸν</span> <span class='ocrx_word' id='word_1_466' title='bbox 475 3411 667 3482; x_wconf 78' lang='grc' dir='ltr'>καιρὸν</span> <span class='ocrx_word' id='word_1_467' title='bbox 697 3413 1207 3484; x_wconf 81' lang='grc' dir='ltr'>ἐπραγματεύσατο·</span> <span class='ocrx_word' id='word_1_468' title='bbox 1247 3417 1306 3482; x_wconf 81' lang='grc' dir='ltr'>ἐξ</span> <span class='ocrx_word' id='word_1_469' title='bbox 1349 3413 1424 3472; x_wconf 85' lang='grc' dir='ltr'>ὧν</span> <span class='ocrx_word' id='word_1_470' title='bbox 1458 3421 1588 3490; x_wconf 80' lang='grc' dir='ltr'>μίαν</span> <span class='ocrx_word' id='word_1_471' title='bbox 1621 3422 1708 3474; x_wconf 83' lang='grc' dir='ltr'>ἐλ-</span> 
     </span>
    </p>
   </div>
   <div class='ocr_carea' id='block_1_68' title="bbox 119 3501 1709 3580">
    <p class='ocr_par' dir='ltr' id='par_1_68' title="bbox 119 3501 1709 3580">
     <span class='ocr_line' id='line_1_68' title="bbox 119 3501 1709 3580; baseline 0.009 -27"><span class='ocrx_word' id='word_1_472' title='bbox 119 3501 314 3556; x_wconf 76' lang='grc' dir='ltr'>θοῦσαν</span> <span class='ocrx_word' id='word_1_473' title='bbox 355 3504 440 3566; x_wconf 78' lang='grc' dir='ltr'><strong>εἰς</strong></span> <span class='ocrx_word' id='word_1_474' title='bbox 473 3503 574 3567; x_wconf 81' lang='grc' dir='ltr'><strong>τὰς</strong></span> <span class='ocrx_word' id='word_1_475' title='bbox 605 3506 880 3576; x_wconf 84' lang='grc' dir='ltr'>ἡμετέρας</span> <span class='ocrx_word' id='word_1_476' title='bbox 911 3511 1099 3578; x_wconf 83' lang='grc' dir='ltr'>χεῖρας</span> <span class='ocrx_word' id='word_1_477' title='bbox 1139 3509 1372 3564; x_wconf 82' lang='grc' dir='ltr'>ἐνταῦθα</span> <span class='ocrx_word' id='word_1_478' title='bbox 1412 3511 1709 3580; x_wconf 86' lang='grc' dir='ltr'>ἀναγκαῖον</span> 
     </span>
    </p>
   </div>
   <div class='ocr_carea' id='block_1_69' title="bbox 117 3593 1707 3674">
    <p class='ocr_par' dir='ltr' id='par_1_69' title="bbox 117 3593 1707 3674">
     <span class='ocr_line' id='line_1_69' title="bbox 117 3593 1707 3674; baseline 0.013 -35"><span class='ocrx_word' id='word_1_479' title='bbox 117 3593 420 3666; x_wconf 67' lang='grc' dir='ltr'>ἡγησάμην</span> <span class='ocrx_word' id='word_1_480' title='bbox 448 3595 808 3668; x_wconf 79' lang='grc' dir='ltr'>παραθέσθαι,</span> <span class='ocrx_word' id='word_1_481' title='bbox 833 3597 980 3662; x_wconf 83' lang='grc' dir='ltr'>ὅπως</span> <span class='ocrx_word' id='word_1_482' title='bbox 1006 3599 1164 3654; x_wconf 73' lang='grc' dir='ltr'>ἴδοιεν</span> <span class='ocrx_word' id='word_1_483' title='bbox 1191 3603 1240 3654; x_wconf 79' lang='lat' dir='ltr'><strong>oi</strong></span> <span class='ocrx_word' id='word_1_484' title='bbox 1271 3603 1707 3674; x_wconf 85' lang='grc' dir='ltr'>ἐντυγχάνοντες,</span> 
     </span>
    </p>
   </div>
   <div class='ocr_carea' id='block_1_70' title="bbox 119 3683 1708 3767">
    <p class='ocr_par' dir='ltr' id='par_1_70' title="bbox 119 3683 1708 3767">
     <span class='ocr_line' id='line_1_70' title="bbox 119 3683 1708 3767; baseline 0.009 -31"><span class='ocrx_word' id='word_1_485' title='bbox 119 3684 194 3736; x_wconf 77' lang='grc' dir='ltr'>ὅτι</span> <span class='ocrx_word' id='word_1_486' title='bbox 225 3683 288 3738; x_wconf 71' lang='grc' dir='ltr'>οὗ</span> <span class='ocrx_word' id='word_1_487' title='bbox 323 3703 378 3738; x_wconf 82' lang='grc' dir='ltr'><strong>τι</strong></span> <span class='ocrx_word' id='word_1_488' title='bbox 411 3687 552 3740; x_wconf 83' lang='grc' dir='ltr'><strong>κατά</strong></span> <span class='ocrx_word' id='word_1_489' title='bbox 577 3704 721 3751; x_wconf 85' lang='grc' dir='ltr'>τινος</span> <span class='ocrx_word' id='word_1_490' title='bbox 749 3691 1304 3762; x_wconf 86' lang='grc' dir='ltr'>σεσυκοφαντημένως</span> <span class='ocrx_word' id='word_1_491' title='bbox 1327 3693 1708 3767; x_wconf 78' lang='grc' dir='ltr'>εἰρήκαμεν,ῆ</span> 
     </span>
    </p>
   </div>
   <div class='ocr_carea' id='block_1_71' title="bbox 120 3774 854 3849">
    <p class='ocr_par' dir='ltr' id='par_1_71' title="bbox 120 3774 854 3849">
     <span class='ocr_line' id='line_1_71' title="bbox 120 3774 854 3849; baseline 0.007 -23"><span class='ocrx_word' id='word_1_492' title='bbox 120 3774 376 3846; x_wconf 81' lang='grc' dir='ltr'>λέγομεν.</span> <span class='ocrx_word' id='word_1_493' title='bbox 415 3777 524 3830; x_wconf 79' lang='grc' dir='ltr'><strong>Καὶ</strong></span> <span class='ocrx_word' id='word_1_494' title='bbox 555 3776 704 3831; x_wconf 80' lang='grc' dir='ltr'>ἐστιν</span> <span class='ocrx_word' id='word_1_495' title='bbox 739 3777 854 3849; x_wconf 76' lang='grc' dir='ltr'>ἤδε-</span> 
     </span>
    </p>
   </div>
   <div class='ocr_carea' id='block_1_72' title="bbox 616 3977 1232 4048">
    <p class='ocr_par' dir='ltr' id='par_1_72' title="bbox 616 3977 1232 4048">
     <span class='ocr_line' id='line_1_72' title="bbox 616 3977 1232 4048; baseline 0.006 -16"><span class='ocrx_word' id='word_1_496' title='bbox 616 3977 944 4046; x_wconf 75' lang='grc' dir='ltr'>Ἐπιστολὴ</span> <span class='ocrx_word' id='word_1_497' title='bbox 993 3979 1232 4048; x_wconf 80' lang='grc' dir='ltr'>Ἀρείου.</span> 
     </span>
    </p>
   </div>
   <div class='ocr_carea' id='block_1_73' title="bbox 189 4086 1708 4168">
    <p class='ocr_par' dir='ltr' id='par_1_73' title="bbox 189 4086 1708 4168">
     <span class='ocr_line' id='line_1_73' title="bbox 189 4086 1708 4168; baseline 0.007 -27"><span class='ocrx_word' id='word_1_498' title='bbox 189 4089 282 4156; x_wconf 70' lang='grc' dir='ltr'><strong>ς’.</strong></span> <span class='ocrx_word' id='word_1_499' title='bbox 329 4086 926 4160; x_wconf 31' lang='grc' dir='ltr'>Κυρίῳιποθεινοτάτῳ</span> <span class='ocrx_word' id='word_1_500' title='bbox 980 4091 1254 4165; x_wconf 77' lang='grc' dir='ltr'>ἀνθρώπῳ</span> <span class='ocrx_word' id='word_1_501' title='bbox 1311 4095 1448 4150; x_wconf 79' lang='grc' dir='ltr'>Θεοῦ</span> <span class='ocrx_word' id='word_1_502' title='bbox 1513 4097 1708 4168; x_wconf 80' lang='grc' dir='ltr'>πιστῷ,</span> 
     </span>
    </p>
   </div>
   <div class='ocr_carea' id='block_1_74' title="bbox 123 4180 1714 4257">
    <p class='ocr_par' dir='ltr' id='par_1_74' title="bbox 123 4180 1714 4257">
     <span class='ocr_line' id='line_1_74' title="bbox 123 4180 1714 4257; baseline 0.006 -24"><span class='ocrx_word' id='word_1_503' title='bbox 123 4181 394 4252; x_wconf 74' lang='grc' dir='ltr'>όρθοδόξῳ</span> <span class='ocrx_word' id='word_1_504' title='bbox 433 4180 696 4251; x_wconf 77' lang='grc' dir='ltr'>Εὐσεϐίῳ,</span> <span class='ocrx_word' id='word_1_505' title='bbox 734 4182 949 4252; x_wconf 75' lang='grc' dir='ltr'>’Ἄρειος</span> <span class='ocrx_word' id='word_1_506' title='bbox 997 4185 1026 4236; x_wconf 88' lang='grc' dir='ltr'><strong>ό</strong></span> <span class='ocrx_word' id='word_1_507' title='bbox 1064 4183 1389 4257; x_wconf 86' lang='grc' dir='ltr'>διωκόμενος</span> <span class='ocrx_word' id='word_1_508' title='bbox 1425 4190 1530 4244; x_wconf 80' lang='grc' dir='ltr'><strong>ὑπὸ</strong></span> <span class='ocrx_word' id='word_1_509' title='bbox 1566 4190 1714 4244; x_wconf 85' lang='grc' dir='ltr'>Ἀλε-</span> 
     </span>
    </p>
   </div>
   <div class='ocr_carea' id='block_1_75' title="bbox 123 4272 1716 4351">
    <p class='ocr_par' dir='ltr' id='par_1_75' title="bbox 123 4272 1716 4351">
     <span class='ocr_line' id='line_1_75' title="bbox 123 4272 1716 4351; baseline 0.005 -25"><span class='ocrx_word' id='word_1_510' title='bbox 123 4273 352 4344; x_wconf 69' lang='grc' dir='ltr'>ξάνδρου</span> <span class='ocrx_word' id='word_1_511' title='bbox 387 4275 552 4326; x_wconf 85' lang='grc' dir='ltr'>πάπα</span> <span class='ocrx_word' id='word_1_512' title='bbox 597 4273 796 4335; x_wconf 78' lang='grc' dir='ltr'>ἀδίκως</span> <span class='ocrx_word' id='word_1_513' title='bbox 827 4272 914 4327; x_wconf 85' lang='grc' dir='ltr'>διὰ</span> <span class='ocrx_word' id='word_1_514' title='bbox 947 4273 1048 4344; x_wconf 79' lang='grc' dir='ltr'>τὴν</span> <span class='ocrx_word' id='word_1_515' title='bbox 1083 4277 1258 4330; x_wconf 79' lang='grc' dir='ltr'>πάντα</span> <span class='ocrx_word' id='word_1_516' title='bbox 1299 4277 1536 4334; x_wconf 85' lang='grc' dir='ltr'>νικῶσαν</span> <span class='ocrx_word' id='word_1_517' title='bbox 1581 4281 1716 4351; x_wconf 85' lang='grc' dir='ltr'>ἀλή-</span> 
     </span>
    </p>
   </div>
   <div class='ocr_carea' id='block_1_76' title="bbox 125 4361 1716 4446">
    <p class='ocr_par' dir='ltr' id='par_1_76' title="bbox 125 4361 1716 4446">
     <span class='ocr_line' id='line_1_76' title="bbox 125 4361 1716 4446; baseline 0.007 -29"><span class='ocrx_word' id='word_1_518' title='bbox 125 4365 294 4431; x_wconf 84' lang='grc' dir='ltr'>θειαν,</span> <span class='ocrx_word' id='word_1_519' title='bbox 374 4361 447 4438; x_wconf 82' lang='grc' dir='ltr'>ἧς</span> <span class='ocrx_word' id='word_1_520' title='bbox 491 4365 588 4419; x_wconf 73' lang='grc' dir='ltr'>καὶ</span> <span class='ocrx_word' id='word_1_521' title='bbox 647 4367 712 4419; x_wconf 76' lang='grc' dir='ltr'>σὺ</span> <span class='ocrx_word' id='word_1_522' title='bbox 765 4367 1180 4442; x_wconf 82' lang='grc' dir='ltr'>ὐπερασπίζεις,</span> <span class='ocrx_word' id='word_1_523' title='bbox 1246 4372 1302 4424; x_wconf 86' lang='grc' dir='ltr'><strong>ἐν</strong></span> <span class='ocrx_word' id='word_1_524' title='bbox 1366 4373 1554 4446; x_wconf 84' lang='grc' dir='ltr'>Κυρίῳ</span> <span class='ocrx_word' id='word_1_525' title='bbox 1596 4373 1716 4445; x_wconf 87' lang='grc' dir='ltr'>χαί-</span> 
     </span>
    </p>
   </div>
   <div class='ocr_carea' id='block_1_77' title="bbox 127 4471 260 4530">
    <p class='ocr_par' dir='ltr' id='par_1_77' title="bbox 127 4471 260 4530">
     <span class='ocr_line' id='line_1_77' title="bbox 127 4471 260 4530; baseline 0.015 -20"><span class='ocrx_word' id='word_1_526' title='bbox 127 4471 260 4530; x_wconf 73' lang='grc' dir='ltr'>ρειν.</span> 
     </span>
    </p>
   </div>
   <div class='ocr_carea' id='block_1_78' title="bbox 189 4550 1718 4630">
    <p class='ocr_par' dir='ltr' id='par_1_78' title="bbox 189 4550 1718 4630">
     <span class='ocr_line' id='line_1_78' title="bbox 189 4550 1718 4630; baseline 0.007 -28"><span class='ocrx_word' id='word_1_527' title='bbox 189 4550 302 4602; x_wconf 76' lang='grc' dir='ltr'>Τοῦ</span> <span class='ocrx_word' id='word_1_528' title='bbox 337 4551 552 4620; x_wconf 84' lang='grc' dir='ltr'>πατρός</span> <span class='ocrx_word' id='word_1_529' title='bbox 592 4567 696 4622; x_wconf 87' lang='grc' dir='ltr'><strong>μου</strong></span> <span class='ocrx_word' id='word_1_530' title='bbox 749 4552 1056 4624; x_wconf 82' lang='grc' dir='ltr'>Ἀμμωνίου</span> <span class='ocrx_word' id='word_1_531' title='bbox 1093 4556 1172 4618; x_wconf 82' lang='grc' dir='ltr'><strong>είς</strong></span> <span class='ocrx_word' id='word_1_532' title='bbox 1213 4555 1312 4626; x_wconf 80' lang='grc' dir='ltr'>τὴν</span> <span class='ocrx_word' id='word_1_533' title='bbox 1356 4554 1718 4630; x_wconf 82' lang='grc' dir='ltr'>Νικομήδειαν</span> 
     </span>
    </p>
   </div>
   <div class='ocr_carea' id='block_1_79' title="bbox 125 4641 1719 4720">
    <p class='ocr_par' dir='ltr' id='par_1_79' title="bbox 125 4641 1719 4720">
     <span class='ocr_line' id='line_1_79' title="bbox 125 4641 1719 4720; baseline 0.008 -28"><span class='ocrx_word' id='word_1_534' title='bbox 125 4641 494 4713; x_wconf 77' lang='grc' dir='ltr'>ἀφικομένου,</span> <span class='ocrx_word' id='word_1_535' title='bbox 547 4641 768 4711; x_wconf 75' lang='grc' dir='ltr'>εὔλογον</span> <span class='ocrx_word' id='word_1_536' title='bbox 823 4643 919 4697; x_wconf 74' lang='grc' dir='ltr'>καὶ</span> <span class='ocrx_word' id='word_1_537' title='bbox 975 4643 1325 4716; x_wconf 84' lang='grc' dir='ltr'>ὀφειλόμενον</span> <span class='ocrx_word' id='word_1_538' title='bbox 1382 4647 1556 4718; x_wconf 87' lang='grc' dir='ltr'>ἐφάνη</span> <span class='ocrx_word' id='word_1_539' title='bbox 1629 4667 1719 4720; x_wconf 88' lang='grc' dir='ltr'><strong>μοι</strong></span> 
     </span>
    </p>
   </div>
   <div class='ocr_carea' id='block_1_80' title="bbox 127 4730 1720 4809">
    <p class='ocr_par' dir='ltr' id='par_1_80' title="bbox 127 4730 1720 4809">
     <span class='ocr_line' id='line_1_80' title="bbox 127 4730 1720 4809; baseline 0.006 -27"><span class='ocrx_word' id='word_1_540' title='bbox 127 4730 582 4805; x_wconf 75' lang='grc' dir='ltr'>προσαγορεῦσαί</span> <span class='ocrx_word' id='word_1_541' title='bbox 619 4749 679 4786; x_wconf 88' lang='grc' dir='ltr'><strong>σε</strong></span> <span class='ocrx_word' id='word_1_542' title='bbox 716 4731 781 4786; x_wconf 79' lang='grc' dir='ltr'>δι’</span> <span class='ocrx_word' id='word_1_543' title='bbox 812 4733 998 4800; x_wconf 82' lang='grc' dir='ltr'>αὑτοῦ,</span> <span class='ocrx_word' id='word_1_544' title='bbox 1029 4733 1164 4806; x_wconf 83' lang='grc' dir='ltr'>ὁμοῦ</span> <span class='ocrx_word' id='word_1_545' title='bbox 1200 4753 1259 4789; x_wconf 90' lang='grc' dir='ltr'><strong>τε</strong></span> <span class='ocrx_word' id='word_1_546' title='bbox 1293 4735 1388 4790; x_wconf 74' lang='grc' dir='ltr'>καὶ</span> <span class='ocrx_word' id='word_1_547' title='bbox 1411 4738 1720 4809; x_wconf 83' lang='grc' dir='ltr'>ὑπομνῆσαι</span> 
     </span>
    </p>
   </div>
   <div class='ocr_carea' id='block_1_81' title="bbox 133 4811 1724 4902">
    <p class='ocr_par' dir='ltr' id='par_1_81' title="bbox 133 4811 1724 4902">
     <span class='ocr_line' id='line_1_81' title="bbox 133 4811 1724 4902; baseline 0.006 -28"><span class='ocrx_word' id='word_1_548' title='bbox 133 4824 228 4894; x_wconf 71' lang='grc' dir='ltr'>τὴν</span> <span class='ocrx_word' id='word_1_549' title='bbox 255 4823 512 4895; x_wconf 57' lang='grc' dir='ltr'>ἔμφυτόν</span> <span class='ocrx_word' id='word_1_550' title='bbox 541 4841 636 4878; x_wconf 90' lang='grc' dir='ltr'><strong>σου</strong></span> <span class='ocrx_word' id='word_1_551' title='bbox 667 4826 887 4897; x_wconf 83' lang='grc' dir='ltr'>ἀγάπην</span> <span class='ocrx_word' id='word_1_552' title='bbox 915 4833 1010 4882; x_wconf 78' lang='grc' dir='ltr'>καὶ</span> <span class='ocrx_word' id='word_1_553' title='bbox 1033 4811 1292 4894; x_wconf 82' lang='grc' dir='ltr'>διάθεσιν,</span> <span class='ocrx_word' id='word_1_554' title='bbox 1322 4828 1388 4898; x_wconf 75' lang='grc' dir='ltr'>ἣν</span> <span class='ocrx_word' id='word_1_555' title='bbox 1418 4828 1560 4900; x_wconf 73' lang='grc' dir='ltr'>ἔχεις</span> <span class='ocrx_word' id='word_1_556' title='bbox 1589 4831 1724 4902; x_wconf 82' lang='grc' dir='ltr'>πρὸς</span> 
     </span>
    </p>
   </div>
   <div class='ocr_carea' id='block_1_82' title="bbox 127 4915 1715 4989">
    <p class='ocr_par' dir='ltr' id='par_1_82' title="bbox 127 4915 1715 4989">
     <span class='ocr_line' id='line_1_82' title="bbox 127 4915 1715 4989; baseline 0.005 -23"><span class='ocrx_word' id='word_1_557' title='bbox 127 4915 250 4978; x_wconf 72' lang='grc' dir='ltr'>τοὺς</span> <span class='ocrx_word' id='word_1_558' title='bbox 285 4915 564 4984; x_wconf 78' lang='grc' dir='ltr'>ἀδελφοὺς</span> <span class='ocrx_word' id='word_1_559' title='bbox 615 4917 705 4970; x_wconf 82' lang='grc' dir='ltr'>διὰ</span> <span class='ocrx_word' id='word_1_560' title='bbox 735 4917 827 4971; x_wconf 78' lang='grc' dir='ltr'>τὸν</span> <span class='ocrx_word' id='word_1_561' title='bbox 855 4918 988 4971; x_wconf 79' lang='grc' dir='ltr'>Θεὸν</span> <span class='ocrx_word' id='word_1_562' title='bbox 1022 4919 1116 4972; x_wconf 62' lang='grc' dir='ltr'><strong>κα)⁵</strong></span> <span class='ocrx_word' id='word_1_563' title='bbox 1145 4919 1236 4972; x_wconf 83' lang='grc' dir='ltr'>τὸν</span> <span class='ocrx_word' id='word_1_564' title='bbox 1268 4917 1502 4989; x_wconf 77' lang='grc' dir='ltr'>Χριστὸν</span> <span class='ocrx_word' id='word_1_565' title='bbox 1528 4920 1715 4986; x_wconf 77' lang='grc' dir='ltr'>αὑτοῦ,</span> 
     </span>
    </p>
   </div>
   <div class='ocr_carea' id='block_1_83' title="bbox 129 5007 1720 5082">
    <p class='ocr_par' dir='ltr' id='par_1_83' title="bbox 129 5007 1720 5082">
     <span class='ocr_line' id='line_1_83' title="bbox 129 5007 1720 5082; baseline 0.005 -24"><span class='ocrx_word' id='word_1_566' title='bbox 129 5007 206 5058; x_wconf 67' lang='grc' dir='ltr'><strong>ότι</strong></span> <span class='ocrx_word' id='word_1_567' title='bbox 235 5007 504 5078; x_wconf 83' lang='grc' dir='ltr'>μεγάλως</span> <span class='ocrx_word' id='word_1_568' title='bbox 538 5009 687 5079; x_wconf 78' lang='grc' dir='ltr'>ημᾶς</span> <span class='ocrx_word' id='word_1_569' title='bbox 715 5009 973 5082; x_wconf 79' lang='grc' dir='ltr'>ἐκπορθεῖ</span> <span class='ocrx_word' id='word_1_570' title='bbox 1009 5009 1102 5062; x_wconf 75' lang='grc' dir='ltr'>καὶ</span> <span class='ocrx_word' id='word_1_571' title='bbox 1125 5007 1330 5076; x_wconf 87' lang='grc' dir='ltr'>διώκει,</span> <span class='ocrx_word' id='word_1_572' title='bbox 1357 5011 1450 5064; x_wconf 69' lang='grc' dir='ltr'>καὶ</span> <span class='ocrx_word' id='word_1_573' title='bbox 1475 5013 1585 5066; x_wconf 83' lang='grc' dir='ltr'><strong>πᾶν</strong></span> <span class='ocrx_word' id='word_1_574' title='bbox 1619 5028 1720 5066; x_wconf 84' lang='grc' dir='ltr'>κοι-</span> 
     </span>
    </p>
   </div>
   <div class='ocr_carea' id='block_1_84' title="bbox 131 5099 1722 5174">
    <p class='ocr_par' dir='ltr' id='par_1_84' title="bbox 131 5099 1722 5174">
     <span class='ocr_line' id='line_1_84' title="bbox 131 5099 1722 5174; baseline 0.004 -22"><span class='ocrx_word' id='word_1_575' title='bbox 131 5099 220 5152; x_wconf 74' lang='grc' dir='ltr'><strong>κὺν</strong></span> <span class='ocrx_word' id='word_1_576' title='bbox 255 5103 412 5154; x_wconf 87' lang='grc' dir='ltr'>κινεῖ</span> <span class='ocrx_word' id='word_1_577' title='bbox 434 5100 548 5170; x_wconf 80' lang='lat'><strong>(7&#39;5)</strong></span> <span class='ocrx_word' id='word_1_578' title='bbox 578 5100 700 5154; x_wconf 79' lang='grc' dir='ltr'>καθ’</span> <span class='ocrx_word' id='word_1_579' title='bbox 725 5103 880 5174; x_wconf 79' lang='grc' dir='ltr'>ἡμῶν</span> <span class='ocrx_word' id='word_1_580' title='bbox 902 5105 930 5156; x_wconf 83' lang='grc' dir='ltr'><strong>ό</strong></span> <span class='ocrx_word' id='word_1_581' title='bbox 959 5103 1276 5171; x_wconf 78' lang='grc' dir='ltr'>ἐπίσκοπος,</span> <span class='ocrx_word' id='word_1_582' title='bbox 1309 5103 1448 5158; x_wconf 82' lang='grc' dir='ltr'>ὥστε</span> <span class='ocrx_word' id='word_1_583' title='bbox 1469 5105 1722 5172; x_wconf 78' lang='grc' dir='ltr'>ἐκδιῶξαι</span> 
     </span>
    </p>
   </div>
   <div class='ocr_carea' id='block_1_85' title="bbox 131 5195 1721 5271">
    <p class='ocr_par' dir='ltr' id='par_1_85' title="bbox 131 5195 1721 5271">
     <span class='ocr_line' id='line_1_85' title="bbox 131 5195 1721 5271; baseline 0.003 -24"><span class='ocrx_word' id='word_1_584' title='bbox 131 5195 278 5264; x_wconf 70' lang='grc' dir='ltr'>ἡμᾶς</span> <span class='ocrx_word' id='word_1_585' title='bbox 315 5197 388 5248; x_wconf 77' lang='grc' dir='ltr'><strong>ἐκ</strong></span> <span class='ocrx_word' id='word_1_586' title='bbox 417 5195 520 5266; x_wconf 86' lang='grc' dir='ltr'><strong>τῆς</strong></span> <span class='ocrx_word' id='word_1_587' title='bbox 553 5195 779 5260; x_wconf 85' lang='grc' dir='ltr'>πόλεως,</span> <span class='ocrx_word' id='word_1_588' title='bbox 816 5197 892 5260; x_wconf 83' lang='grc' dir='ltr'>ὡς</span> <span class='ocrx_word' id='word_1_589' title='bbox 921 5195 1240 5269; x_wconf 81' lang='grc' dir='ltr'>ἀνθρώπους</span> <span class='ocrx_word' id='word_1_590' title='bbox 1278 5197 1492 5264; x_wconf 82' lang='grc' dir='ltr'>ἀθέους,</span> <span class='ocrx_word' id='word_1_591' title='bbox 1535 5199 1721 5271; x_wconf 82' lang='grc' dir='ltr'>ἐπειδὴ</span> 
     </span>
    </p>
   </div>
   <div class='ocr_carea' id='block_1_86' title="bbox 131 5281 1720 5362">
    <p class='ocr_par' dir='ltr' id='par_1_86' title="bbox 131 5281 1720 5362">
     <span class='ocr_line' id='line_1_86' title="bbox 131 5281 1720 5362; baseline 0.003 -22"><span class='ocrx_word' id='word_1_592' title='bbox 131 5287 190 5340; x_wconf 77' lang='grc' dir='ltr'>οὺ</span> <span class='ocrx_word' id='word_1_593' title='bbox 234 5285 648 5358; x_wconf 75' lang='grc' dir='ltr'>συμφωνοῦμεν</span> <span class='ocrx_word' id='word_1_594' title='bbox 694 5287 843 5362; x_wconf 75' lang='grc' dir='ltr'>αὐτῷ</span> <span class='ocrx_word' id='word_1_595' title='bbox 879 5281 1114 5362; x_wconf 79' lang='grc' dir='ltr'>όημοσίᾳ</span> <span class='ocrx_word' id='word_1_596' title='bbox 1145 5291 1374 5360; x_wconf 78' lang='grc' dir='ltr'>λέγοντι’</span> <span class='ocrx_word' id='word_1_597' title='bbox 1429 5291 1540 5346; x_wconf 77' lang='grc' dir='ltr'><strong>Ἀεὶ</strong></span> <span class='ocrx_word' id='word_1_598' title='bbox 1569 5291 1720 5356; x_wconf 79' lang='grc' dir='ltr'>Θεὸς,</span> 
     </span>
    </p>
   </div>
   <div class='ocr_carea' id='block_1_87' title="bbox 205 5444 738 5517">
    <p class='ocr_par' dir='ltr' id='par_1_87' title="bbox 205 5444 738 5517">
     <span class='ocr_line' id='line_1_87' title="bbox 205 5444 738 5517; baseline 0.002 -17"><span class='ocrx_word' id='word_1_599' title='bbox 205 5449 222 5478; x_wconf 84' lang='grc'>¹</span> <span class='ocrx_word' id='word_1_600' title='bbox 251 5447 388 5501; x_wconf 76' lang='lat' dir='ltr'><strong>Cor.</strong></span> <span class='ocrx_word' id='word_1_601' title='bbox 421 5444 544 5510; x_wconf 77' lang='grc' dir='ltr'>ὅλος</span> <span class='ocrx_word' id='word_1_602' title='bbox 566 5445 738 5517; x_wconf 78' lang='grc' dir='ltr'>αὐτῷ.</span> 
     </span>
    </p>
   </div>
   <div class='ocr_carea' id='block_1_88' title="bbox 203 5602 1730 5676">
    <p class='ocr_par' dir='ltr' id='par_1_88' title="bbox 203 5602 1730 5676">
     <span class='ocr_line' id='line_1_88' title="bbox 203 5602 1730 5676; baseline -0.001 -18"><span class='ocrx_word' id='word_1_603' title='bbox 203 5603 326 5676; x_wconf 68' lang='grc' dir='ltr'><strong>(Η)</strong></span> <span class='ocrx_word' id='word_1_604' title='bbox 364 5605 529 5676; x_wconf 71' lang='grc' dir='ltr'><strong>Ἅμα</strong></span> <span class='ocrx_word' id='word_1_605' title='bbox 569 5602 886 5670; x_wconf 77' lang='grc' dir='ltr'>Λουκιανῷ</span> <span class='ocrx_word' id='word_1_606' title='bbox 925 5605 995 5659; x_wconf 78' lang='grc' dir='ltr'><strong>ὲν</strong></span> <span class='ocrx_word' id='word_1_607' title='bbox 1037 5603 1422 5673; x_wconf 75' lang='grc' dir='ltr'>Νικομηδείςι.</span> <span class='ocrx_word' id='word_1_608' title='bbox 1485 5603 1730 5676; x_wconf 79' lang='lat' dir='ltr'><strong>Luciano</strong></span> 
     </span>
    </p>
   </div>
   <div class='ocr_carea' id='block_1_89' title="bbox 141 5675 1728 5748">
    <p class='ocr_par' dir='ltr' id='par_1_89' title="bbox 141 5675 1728 5748">
     <span class='ocr_line' id='line_1_89' title="bbox 141 5675 1728 5748; baseline -0.003 -18"><span class='ocrx_word' id='word_1_609' title='bbox 141 5675 502 5734; x_wconf 74' lang='lat' dir='ltr'><strong>sanctissimo</strong></span> <span class='ocrx_word' id='word_1_610' title='bbox 533 5685 796 5748; x_wconf 73' lang='lat' dir='ltr'><strong>martyre,</strong></span> <span class='ocrx_word' id='word_1_611' title='bbox 824 5691 987 5746; x_wconf 85' lang='lat' dir='ltr'><strong>quem</strong></span> <span class='ocrx_word' id='word_1_612' title='bbox 1021 5675 1384 5748; x_wconf 68' lang='lat' dir='ltr'><strong>nihilominth</strong></span> <span class='ocrx_word' id='word_1_613' title='bbox 1417 5675 1601 5728; x_wconf 83' lang='lat' dir='ltr'><strong>Ariani</strong></span> <span class='ocrx_word' id='word_1_614' title='bbox 1629 5689 1728 5748; x_wconf 82' lang='lat' dir='ltr'><strong>pa-</strong></span> 
     </span>
    </p>
   </div>
   <div class='ocr_carea' id='block_1_90' title="bbox 147 5743 1730 5818">
    <p class='ocr_par' dir='ltr' id='par_1_90' title="bbox 147 5743 1730 5818">
     <span class='ocr_line' id='line_1_90' title="bbox 147 5743 1730 5818; baseline 0.002 -22"><span class='ocrx_word' id='word_1_615' title='bbox 147 5752 374 5802; x_wconf 79' lang='lat' dir='ltr'><strong>tronum</strong></span> <span class='ocrx_word' id='word_1_616' title='bbox 415 5743 808 5818; x_wconf 76' lang='lat' dir='ltr'><strong>auctoremque</strong></span> <span class='ocrx_word' id='word_1_617' title='bbox 835 5743 998 5803; x_wconf 69' lang='lat' dir='ltr'><strong>suum</strong></span> <span class='ocrx_word' id='word_1_618' title='bbox 1017 5745 1318 5817; x_wconf 84' lang='lat' dir='ltr'><strong>jactabant.</strong></span> <span class='ocrx_word' id='word_1_619' title='bbox 1336 5743 1412 5801; x_wconf 86' lang='lat' dir='ltr'><strong>De</strong></span> <span class='ocrx_word' id='word_1_620' title='bbox 1433 5761 1541 5815; x_wconf 83' lang='lat' dir='ltr'><strong>quo</strong></span> <span class='ocrx_word' id='word_1_621' title='bbox 1568 5745 1730 5816; x_wconf 82' lang='lat' dir='ltr'><strong>paulo</strong></span> 
     </span>
    </p>
   </div>
   <div class='ocr_carea' id='block_1_91' title="bbox 146 5825 284 5886">
    <p class='ocr_par' dir='ltr' id='par_1_91' title="bbox 146 5825 284 5886">
     <span class='ocr_line' id='line_1_91' title="bbox 146 5825 284 5886; baseline 0.007 -14"><span class='ocrx_word' id='word_1_622' title='bbox 146 5825 284 5886; x_wconf 85' lang='lat' dir='ltr'><strong>post.</strong></span> 
     </span>
    </p>
   </div>
   <div class='ocr_carea' id='block_1_92' title="bbox 1810 3224 3492 3304">
    <p class='ocr_par' dir='ltr' id='par_1_92' title="bbox 1810 3224 3492 3304">
     <span class='ocr_line' id='line_1_92' title="bbox 1810 3224 3492 3304; baseline -0.008 -15"><span class='ocrx_word' id='word_1_623' title='bbox 1810 3237 1989 3304; x_wconf 84' lang='lat' dir='ltr'><strong>Atque</strong></span> <span class='ocrx_word' id='word_1_624' title='bbox 2035 3235 2120 3287; x_wconf 63' lang='lat' dir='ltr'><strong>hae</strong></span> <span class='ocrx_word' id='word_1_625' title='bbox 2161 3229 2384 3301; x_wconf 72' lang='lat' dir='ltr'><strong>quidem</strong></span> <span class='ocrx_word' id='word_1_626' title='bbox 2433 3228 2680 3299; x_wconf 81' lang='lat' dir='ltr'><strong>epistolae</strong></span> <span class='ocrx_word' id='word_1_627' title='bbox 2709 3225 2844 3282; x_wconf 86' lang='lat' dir='ltr'><strong>nihil</strong></span> <span class='ocrx_word' id='word_1_628' title='bbox 2889 3224 3038 3280; x_wconf 85' lang='lat' dir='ltr'><strong>aliud</strong></span> <span class='ocrx_word' id='word_1_629' title='bbox 3075 3225 3393 3286; x_wconf 86' lang='lat' dir='ltr'><strong>continent,</strong></span> <span class='ocrx_word' id='word_1_630' title='bbox 3483 3255 3492 3262; x_wconf 95' lang='lat'><strong>-</strong></span> 
     </span>
    </p>
   </div>
   <div class='ocr_carea' id='block_1_93' title="bbox 1811 3319 3398 3400">
    <p class='ocr_par' dir='ltr' id='par_1_93' title="bbox 1811 3319 3398 3400">
     <span class='ocr_line' id='line_1_93' title="bbox 1811 3319 3398 3400; baseline -0.009 -17"><span class='ocrx_word' id='word_1_631' title='bbox 1811 3327 1969 3400; x_wconf 77' lang='lat'><strong>731</strong></span> <span class='ocrx_word' id='word_1_632' title='bbox 2007 3331 2210 3395; x_wconf 65' lang='lat' dir='ltr'><strong>praeter</strong></span> <span class='ocrx_word' id='word_1_633' title='bbox 2239 3321 2512 3379; x_wconf 84' lang='lat' dir='ltr'><strong>doctrinae</strong></span> <span class='ocrx_word' id='word_1_634' title='bbox 2561 3335 2676 3377; x_wconf 72' lang='lat' dir='ltr'><strong>suae</strong></span> <span class='ocrx_word' id='word_1_635' title='bbox 2725 3319 3185 3384; x_wconf 84' lang='lat' dir='ltr'><strong>declarationem,</strong></span> <span class='ocrx_word' id='word_1_636' title='bbox 3233 3329 3398 3388; x_wconf 86' lang='lat' dir='ltr'><strong>quam</strong></span> 
     </span>
    </p>
   </div>
   <div class='ocr_carea' id='block_1_94' title="bbox 1811 3408 3400 3491">
    <p class='ocr_par' dir='ltr' id='par_1_94' title="bbox 1811 3408 3400 3491">
     <span class='ocr_line' id='line_1_94' title="bbox 1811 3408 3400 3491; baseline -0.007 -17"><span class='ocrx_word' id='word_1_637' title='bbox 1811 3435 1908 3491; x_wconf 90' lang='lat' dir='ltr'><strong>per</strong></span> <span class='ocrx_word' id='word_1_638' title='bbox 1953 3418 2086 3472; x_wconf 82' lang='lat' dir='ltr'><strong>illud</strong></span> <span class='ocrx_word' id='word_1_639' title='bbox 2121 3425 2339 3485; x_wconf 89' lang='lat' dir='ltr'><strong>tempus</strong></span> <span class='ocrx_word' id='word_1_640' title='bbox 2367 3413 2692 3472; x_wconf 83' lang='lat' dir='ltr'><strong>elaboravit.</strong></span> <span class='ocrx_word' id='word_1_641' title='bbox 2725 3412 2930 3468; x_wconf 87' lang='lat' dir='ltr'><strong>Harum</strong></span> <span class='ocrx_word' id='word_1_642' title='bbox 2961 3425 3148 3474; x_wconf 84' lang='lat' dir='ltr'><strong>uuam,</strong></span> <span class='ocrx_word' id='word_1_643' title='bbox 3177 3423 3300 3480; x_wconf 65' lang='lat' dir='ltr'><strong>qua</strong></span> <span class='ocrx_word' id='word_1_644' title='bbox 3329 3408 3400 3463; x_wconf 86' lang='lat' dir='ltr'><strong>ad</strong></span> 
     </span>
    </p>
   </div>
   <div class='ocr_carea' id='block_1_95' title="bbox 1813 3501 3400 3577">
    <p class='ocr_par' dir='ltr' id='par_1_95' title="bbox 1813 3501 3400 3577">
     <span class='ocr_line' id='line_1_95' title="bbox 1813 3501 3400 3577; baseline -0.006 -11"><span class='ocrx_word' id='word_1_645' title='bbox 1813 3518 2031 3568; x_wconf 87' lang='lat' dir='ltr'><strong>nostras</strong></span> <span class='ocrx_word' id='word_1_646' title='bbox 2077 3523 2276 3563; x_wconf 90' lang='lat' dir='ltr'><strong>manus</strong></span> <span class='ocrx_word' id='word_1_647' title='bbox 2316 3505 2586 3577; x_wconf 82' lang='lat' dir='ltr'><strong>pervenit,</strong></span> <span class='ocrx_word' id='word_1_648' title='bbox 2621 3505 2723 3560; x_wconf 91' lang='lat' dir='ltr'><strong>hoc</strong></span> <span class='ocrx_word' id='word_1_649' title='bbox 2769 3505 2889 3559; x_wconf 90' lang='lat' dir='ltr'><strong>loco</strong></span> <span class='ocrx_word' id='word_1_650' title='bbox 2927 3501 3278 3559; x_wconf 82' lang='lat' dir='ltr'><strong>subscribere</strong></span> <span class='ocrx_word' id='word_1_651' title='bbox 3303 3516 3400 3556; x_wconf 86' lang='lat' dir='ltr'><strong>ne-</strong></span> 
     </span>
    </p>
   </div>
   <div class='ocr_carea' id='block_1_96' title="bbox 1811 3590 3404 3668">
    <p class='ocr_par' dir='ltr' id='par_1_96' title="bbox 1811 3590 3404 3668">
     <span class='ocr_line' id='line_1_96' title="bbox 1811 3590 3404 3668; baseline -0.009 -11"><span class='ocrx_word' id='word_1_652' title='bbox 1811 3599 2120 3657; x_wconf 88' lang='lat' dir='ltr'><strong>cessarium</strong></span> <span class='ocrx_word' id='word_1_653' title='bbox 2173 3597 2381 3668; x_wconf 79' lang='lat' dir='ltr'><strong>putavi,</strong></span> <span class='ocrx_word' id='word_1_654' title='bbox 2423 3605 2482 3650; x_wconf 89' lang='lat' dir='ltr'><strong>ut</strong></span> <span class='ocrx_word' id='word_1_655' title='bbox 2517 3595 2614 3667; x_wconf 88' lang='lat' dir='ltr'><strong>qui</strong></span> <span class='ocrx_word' id='word_1_656' title='bbox 2647 3609 2768 3654; x_wconf 88' lang='lat' dir='ltr'><strong>eam</strong></span> <span class='ocrx_word' id='word_1_657' title='bbox 2801 3592 3057 3664; x_wconf 74' lang='lat' dir='ltr'><strong>legerint,</strong></span> <span class='ocrx_word' id='word_1_658' title='bbox 3093 3590 3404 3662; x_wconf 77' lang='lat' dir='ltr'><strong>intelligant</strong></span> 
     </span>
    </p>
   </div>
   <div class='ocr_carea' id='block_1_97' title="bbox 1811 3684 3404 3759">
    <p class='ocr_par' dir='ltr' id='par_1_97' title="bbox 1811 3684 3404 3759">
     <span class='ocr_line' id='line_1_97' title="bbox 1811 3684 3404 3759; baseline -0.007 -12"><span class='ocrx_word' id='word_1_659' title='bbox 1811 3693 1948 3747; x_wconf 85' lang='lat' dir='ltr'><strong>nihil</strong></span> <span class='ocrx_word' id='word_1_660' title='bbox 1991 3707 2020 3744; x_wconf 89' lang='lat' dir='ltr'><strong>a</strong></span> <span class='ocrx_word' id='word_1_661' title='bbox 2052 3688 2210 3745; x_wconf 88' lang='lat' dir='ltr'><strong>nobis</strong></span> <span class='ocrx_word' id='word_1_662' title='bbox 2243 3695 2438 3745; x_wconf 90' lang='lat' dir='ltr'><strong>contra</strong></span> <span class='ocrx_word' id='word_1_663' title='bbox 2485 3687 2802 3759; x_wconf 84' lang='lat' dir='ltr'><strong>quempiam</strong></span> <span class='ocrx_word' id='word_1_664' title='bbox 2850 3685 3195 3740; x_wconf 81' lang='lat' dir='ltr'><strong>calumniose</strong></span> <span class='ocrx_word' id='word_1_665' title='bbox 3223 3684 3404 3753; x_wconf 87' lang='lat' dir='ltr'><strong>jacta-</strong></span> 
     </span>
    </p>
   </div>
   <div class='ocr_carea' id='block_1_98' title="bbox 1813 3775 3404 3854">
    <p class='ocr_par' dir='ltr' id='par_1_98' title="bbox 1813 3775 3404 3854">
     <span class='ocr_line' id='line_1_98' title="bbox 1813 3775 3404 3854; baseline -0.005 -14"><span class='ocrx_word' id='word_1_666' title='bbox 1813 3797 1928 3842; x_wconf 90' lang='lat' dir='ltr'><strong>tum</strong></span> <span class='ocrx_word' id='word_1_667' title='bbox 1959 3785 2120 3849; x_wconf 90' lang='lat' dir='ltr'><strong>alias,</strong></span> <span class='ocrx_word' id='word_1_668' title='bbox 2153 3791 2247 3838; x_wconf 90' lang='lat' dir='ltr'><strong>aut</strong></span> <span class='ocrx_word' id='word_1_669' title='bbox 2275 3783 2647 3854; x_wconf 64' lang='lat' dir='ltr'><strong>imprmsentia</strong></span> <span class='ocrx_word' id='word_1_670' title='bbox 2672 3783 2887 3852; x_wconf 68' lang='lat' dir='ltr'><strong>jactari.</strong></span> <span class='ocrx_word' id='word_1_671' title='bbox 2923 3779 3018 3836; x_wconf 84' lang='lat' dir='ltr'><strong>Est</strong></span> <span class='ocrx_word' id='word_1_672' title='bbox 3045 3785 3226 3834; x_wconf 86' lang='lat' dir='ltr'><strong>autem</strong></span> <span class='ocrx_word' id='word_1_673' title='bbox 3259 3775 3404 3847; x_wconf 84' lang='lat' dir='ltr'><strong>ejus-</strong></span> 
     </span>
    </p>
   </div>
   <div class='ocr_carea' id='block_1_99' title="bbox 1813 3879 2016 3934">
    <p class='ocr_par' dir='ltr' id='par_1_99' title="bbox 1813 3879 2016 3934">
     <span class='ocr_line' id='line_1_99' title="bbox 1813 3879 2016 3934; baseline -0.01 0"><span class='ocrx_word' id='word_1_674' title='bbox 1813 3879 1960 3934; x_wconf 85' lang='lat' dir='ltr'><strong>modi</strong></span> <span class='ocrx_word' id='word_1_675' title='bbox 2003 3897 2016 3932; x_wconf 92' lang='lat'>:</span> 
     </span>
    </p>
   </div>
   <div class='ocr_carea' id='block_1_100' title="bbox 2414 3988 2806 4058">
    <p class='ocr_par' dir='ltr' id='par_1_100' title="bbox 2414 3988 2806 4058">
     <span class='ocr_line' id='line_1_100' title="bbox 2414 3988 2806 4058; baseline -0.008 -16"><span class='ocrx_word' id='word_1_676' title='bbox 2414 3989 2530 4042; x_wconf 72' lang='lat' dir='ltr'><strong>Arii</strong></span> <span class='ocrx_word' id='word_1_677' title='bbox 2561 3988 2806 4058; x_wconf 77' lang='lat' dir='ltr'><strong>epistola.</strong></span> 
     </span>
    </p>
   </div>
   <div class='ocr_carea' id='block_1_101' title="bbox 1886 4093 3406 4162">
    <p class='ocr_par' dir='ltr' id='par_1_101' title="bbox 1886 4093 3406 4162">
     <span class='ocr_line' id='line_1_101' title="bbox 1886 4093 3406 4162; baseline -0.005 -6"><span class='ocrx_word' id='word_1_678' title='bbox 1886 4101 1976 4156; x_wconf 78' lang='lat' dir='ltr'><strong>Vl.</strong></span> <span class='ocrx_word' id='word_1_679' title='bbox 2019 4101 2246 4160; x_wconf 87' lang='lat' dir='ltr'><strong>Domino</strong></span> <span class='ocrx_word' id='word_1_680' title='bbox 2276 4098 2658 4162; x_wconf 88' lang='lat' dir='ltr'><strong>dilectissimo,</strong></span> <span class='ocrx_word' id='word_1_681' title='bbox 2704 4098 2820 4150; x_wconf 87' lang='lat' dir='ltr'><strong>viro</strong></span> <span class='ocrx_word' id='word_1_682' title='bbox 2862 4095 2980 4160; x_wconf 88' lang='lat' dir='ltr'><strong>Dei,</strong></span> <span class='ocrx_word' id='word_1_683' title='bbox 3021 4093 3185 4158; x_wconf 82' lang='lat' dir='ltr'><strong>ﬁdeli,</strong></span> <span class='ocrx_word' id='word_1_684' title='bbox 3217 4093 3406 4157; x_wconf 86' lang='lat' dir='ltr'><strong>ortho-</strong></span> 
     </span>
    </p>
   </div>
   <div class='ocr_carea' id='block_1_102' title="bbox 1817 4185 3407 4260">
    <p class='ocr_par' dir='ltr' id='par_1_102' title="bbox 1817 4185 3407 4260">
     <span class='ocr_line' id='line_1_102' title="bbox 1817 4185 3407 4260; baseline -0.006 -12"><span class='ocrx_word' id='word_1_685' title='bbox 1817 4194 1962 4250; x_wconf 88' lang='lat' dir='ltr'><strong>doxo</strong></span> <span class='ocrx_word' id='word_1_686' title='bbox 1995 4192 2254 4256; x_wconf 87' lang='lat' dir='ltr'><strong>Eusebio,</strong></span> <span class='ocrx_word' id='word_1_687' title='bbox 2290 4193 2474 4256; x_wconf 77' lang='lat' dir='ltr'><strong>Arius,</strong></span> <span class='ocrx_word' id='word_1_688' title='bbox 2505 4205 2666 4260; x_wconf 89' lang='lat' dir='ltr'><strong>quem</strong></span> <span class='ocrx_word' id='word_1_689' title='bbox 2700 4187 3012 4242; x_wconf 73' lang='lat' dir='ltr'><strong>Alexander</strong></span> <span class='ocrx_word' id='word_1_690' title='bbox 3037 4199 3174 4258; x_wconf 87' lang='lat' dir='ltr'><strong>papa</strong></span> <span class='ocrx_word' id='word_1_691' title='bbox 3199 4185 3407 4256; x_wconf 85' lang='lat' dir='ltr'><strong>injuste</strong></span> 
     </span>
    </p>
   </div>
   <div class='ocr_carea' id='block_1_103' title="bbox 1817 4275 3403 4348">
    <p class='ocr_par' dir='ltr' id='par_1_103' title="bbox 1817 4275 3403 4348">
     <span class='ocr_line' id='line_1_103' title="bbox 1817 4275 3403 4348; baseline -0.006 -10"><span class='ocrx_word' id='word_1_692' title='bbox 1817 4287 1887 4340; x_wconf 88' lang='lat' dir='ltr'><strong>ob</strong></span> <span class='ocrx_word' id='word_1_693' title='bbox 1927 4285 2209 4341; x_wconf 85' lang='lat' dir='ltr'><strong>victricem</strong></span> <span class='ocrx_word' id='word_1_694' title='bbox 2258 4283 2504 4337; x_wconf 83' lang='lat' dir='ltr'><strong>onmium</strong></span> <span class='ocrx_word' id='word_1_695' title='bbox 2544 4283 2826 4335; x_wconf 83' lang='lat' dir='ltr'><strong>veritatem</strong></span> <span class='ocrx_word' id='word_1_696' title='bbox 2865 4277 3193 4348; x_wconf 88' lang='lat' dir='ltr'><strong>insequitur,</strong></span> <span class='ocrx_word' id='word_1_697' title='bbox 3244 4275 3403 4348; x_wconf 82' lang='lat' dir='ltr'><strong>cujus</strong></span> 
     </span>
    </p>
   </div>
   <div class='ocr_carea' id='block_1_104' title="bbox 1817 4371 3118 4448">
    <p class='ocr_par' dir='ltr' id='par_1_104' title="bbox 1817 4371 3118 4448">
     <span class='ocr_line' id='line_1_104' title="bbox 1817 4371 3118 4448; baseline -0.007 -15"><span class='ocrx_word' id='word_1_698' title='bbox 1817 4387 1871 4434; x_wconf 91' lang='lat' dir='ltr'><strong>et</strong></span> <span class='ocrx_word' id='word_1_699' title='bbox 1903 4387 1957 4432; x_wconf 93' lang='lat' dir='ltr'><strong>tu</strong></span> <span class='ocrx_word' id='word_1_700' title='bbox 1991 4383 2365 4448; x_wconf 75' lang='lat' dir='ltr'><strong>propugnator</strong></span> <span class='ocrx_word' id='word_1_701' title='bbox 2398 4390 2477 4441; x_wconf 91' lang='lat' dir='ltr'><strong>es,</strong></span> <span class='ocrx_word' id='word_1_702' title='bbox 2515 4375 2570 4428; x_wconf 85' lang='lat' dir='ltr'><strong>in</strong></span> <span class='ocrx_word' id='word_1_703' title='bbox 2605 4371 2836 4426; x_wconf 86' lang='lat' dir='ltr'><strong>Domino</strong></span> <span class='ocrx_word' id='word_1_704' title='bbox 2866 4371 3118 4426; x_wconf 86' lang='lat' dir='ltr'><strong>salutem.</strong></span> 
     </span>
    </p>
   </div>
   <div class='ocr_carea' id='block_1_105' title="bbox 1895 4552 3404 4630">
    <p class='ocr_par' dir='ltr' id='par_1_105' title="bbox 1895 4552 3404 4630">
     <span class='ocr_line' id='line_1_105' title="bbox 1895 4552 3404 4630; baseline -0.007 -15"><span class='ocrx_word' id='word_1_705' title='bbox 1895 4558 2031 4615; x_wconf 88' lang='lat' dir='ltr'><strong>Cum</strong></span> <span class='ocrx_word' id='word_1_706' title='bbox 2079 4558 2404 4616; x_wconf 81' lang='lat' dir='ltr'><strong>Ammonius</strong></span> <span class='ocrx_word' id='word_1_707' title='bbox 2443 4565 2598 4630; x_wconf 89' lang='lat' dir='ltr'><strong>pater</strong></span> <span class='ocrx_word' id='word_1_708' title='bbox 2635 4573 2789 4613; x_wconf 87' lang='lat' dir='ltr'><strong>meus</strong></span> <span class='ocrx_word' id='word_1_709' title='bbox 2819 4553 3194 4610; x_wconf 70' lang='lat' dir='ltr'><strong>Nicomediam</strong></span> <span class='ocrx_word' id='word_1_710' title='bbox 3237 4552 3404 4624; x_wconf 55' lang='lat' dir='ltr'><strong>proli.</strong></span> 
     </span>
    </p>
   </div>
   <div class='ocr_carea' id='block_1_106' title="bbox 1823 4643 3406 4716">
    <p class='ocr_par' dir='ltr' id='par_1_106' title="bbox 1823 4643 3406 4716">
     <span class='ocr_line' id='line_1_106' title="bbox 1823 4643 3406 4716; baseline -0.004 -10"><span class='ocrx_word' id='word_1_711' title='bbox 1823 4650 2148 4716; x_wconf 85' lang='lat' dir='ltr'><strong>cisceretur,</strong></span> <span class='ocrx_word' id='word_1_712' title='bbox 2177 4667 2290 4707; x_wconf 91' lang='lat' dir='ltr'><strong>non</strong></span> <span class='ocrx_word' id='word_1_713' title='bbox 2321 4650 2485 4706; x_wconf 91' lang='lat' dir='ltr'><strong>modo</strong></span> <span class='ocrx_word' id='word_1_714' title='bbox 2518 4649 2716 4706; x_wconf 84' lang='lat' dir='ltr'><strong>rationi</strong></span> <span class='ocrx_word' id='word_1_715' title='bbox 2739 4655 3197 4713; x_wconf 87' lang='lat' dir='ltr'><strong>consentaneum,</strong></span> <span class='ocrx_word' id='word_1_716' title='bbox 3215 4651 3270 4702; x_wconf 87' lang='lat' dir='ltr'><strong>et</strong></span> <span class='ocrx_word' id='word_1_717' title='bbox 3289 4643 3406 4700; x_wconf 44' lang='lat' dir='ltr'><strong>olli‘</strong></span> 
     </span>
    </p>
   </div>
   <div class='ocr_carea' id='block_1_107' title="bbox 1821 4737 3406 4814">
    <p class='ocr_par' dir='ltr' id='par_1_107' title="bbox 1821 4737 3406 4814">
     <span class='ocr_line' id='line_1_107' title="bbox 1821 4737 3406 4814; baseline -0.005 -15"><span class='ocrx_word' id='word_1_718' title='bbox 1821 4743 1912 4799; x_wconf 87' lang='lat' dir='ltr'><strong>cio</strong></span> <span class='ocrx_word' id='word_1_719' title='bbox 1944 4743 2182 4814; x_wconf 88' lang='lat' dir='ltr'><strong>quodam</strong></span> <span class='ocrx_word' id='word_1_720' title='bbox 2205 4758 2237 4798; x_wconf 88' lang='lat' dir='ltr'><strong>a</strong></span> <span class='ocrx_word' id='word_1_721' title='bbox 2268 4759 2355 4800; x_wconf 91' lang='lat' dir='ltr'><strong>me</strong></span> <span class='ocrx_word' id='word_1_722' title='bbox 2377 4743 2618 4800; x_wconf 88' lang='lat' dir='ltr'><strong>debitum</strong></span> <span class='ocrx_word' id='word_1_723' title='bbox 2661 4741 2872 4813; x_wconf 89' lang='lat' dir='ltr'><strong>putavi,</strong></span> <span class='ocrx_word' id='word_1_724' title='bbox 2904 4741 2998 4796; x_wconf 91' lang='lat' dir='ltr'><strong>tibi</strong></span> <span class='ocrx_word' id='word_1_725' title='bbox 3027 4749 3087 4795; x_wconf 88' lang='lat' dir='ltr'><strong>ut</strong></span> <span class='ocrx_word' id='word_1_726' title='bbox 3121 4754 3220 4810; x_wconf 90' lang='lat' dir='ltr'><strong>per</strong></span> <span class='ocrx_word' id='word_1_727' title='bbox 3251 4737 3406 4793; x_wconf 91' lang='lat' dir='ltr'><strong>illum</strong></span> 
     </span>
    </p>
   </div>
   <div class='ocr_carea' id='block_1_108' title="bbox 1827 4831 3410 4907">
    <p class='ocr_par' dir='ltr' id='par_1_108' title="bbox 1827 4831 3410 4907">
     <span class='ocr_line' id='line_1_108' title="bbox 1827 4831 3410 4907; baseline -0.008 -13"><span class='ocrx_word' id='word_1_728' title='bbox 1827 4837 2060 4894; x_wconf 87' lang='lat' dir='ltr'><strong>salutem</strong></span> <span class='ocrx_word' id='word_1_729' title='bbox 2094 4835 2356 4903; x_wconf 87' lang='lat' dir='ltr'><strong>dicerem,</strong></span> <span class='ocrx_word' id='word_1_730' title='bbox 2383 4847 2601 4907; x_wconf 87' lang='lat' dir='ltr'><strong>unaque</strong></span> <span class='ocrx_word' id='word_1_731' title='bbox 2629 4833 2884 4890; x_wconf 85' lang='lat' dir='ltr'><strong>charitati</strong></span> <span class='ocrx_word' id='word_1_732' title='bbox 2917 4840 3042 4896; x_wconf 84' lang='lat' dir='ltr'><strong>tuae,</strong></span> <span class='ocrx_word' id='word_1_733' title='bbox 3079 4846 3143 4888; x_wconf 90' lang='lat' dir='ltr'><strong>ac</strong></span> <span class='ocrx_word' id='word_1_734' title='bbox 3175 4831 3410 4886; x_wconf 81' lang='lat' dir='ltr'><strong>benevo-</strong></span> 
     </span>
    </p>
   </div>
   <div class='ocr_carea' id='block_1_109' title="bbox 1827 4919 3409 4997">
    <p class='ocr_par' dir='ltr' id='par_1_109' title="bbox 1827 4919 3409 4997">
     <span class='ocr_line' id='line_1_109' title="bbox 1827 4919 3409 4997; baseline -0.005 -13"><span class='ocrx_word' id='word_1_735' title='bbox 1827 4928 2032 4992; x_wconf 58' lang='lat' dir='ltr'><strong>lentiae,</strong></span> <span class='ocrx_word' id='word_1_736' title='bbox 2063 4941 2167 4997; x_wconf 89' lang='lat' dir='ltr'><strong>qua</strong></span> <span class='ocrx_word' id='word_1_737' title='bbox 2195 4933 2418 4996; x_wconf 89' lang='lat' dir='ltr'><strong>propter</strong></span> <span class='ocrx_word' id='word_1_738' title='bbox 2440 4925 2630 4988; x_wconf 89' lang='lat' dir='ltr'><strong>Deum,</strong></span> <span class='ocrx_word' id='word_1_739' title='bbox 2657 4923 2888 4994; x_wconf 86' lang='lat' dir='ltr'><strong>ejusque</strong></span> <span class='ocrx_word' id='word_1_740' title='bbox 2903 4921 3183 4978; x_wconf 85' lang='lat' dir='ltr'><strong>Christum</strong></span> <span class='ocrx_word' id='word_1_741' title='bbox 3209 4919 3409 4976; x_wconf 77' lang='lat' dir='ltr'><strong>fratres</strong></span> 
     </span>
    </p>
   </div>
   <div class='ocr_carea' id='block_1_110' title="bbox 1831 5010 3411 5088">
    <p class='ocr_par' dir='ltr' id='par_1_110' title="bbox 1831 5010 3411 5088">
     <span class='ocr_line' id='line_1_110' title="bbox 1831 5010 3411 5088; baseline -0.006 -15"><span class='ocrx_word' id='word_1_742' title='bbox 1831 5017 2184 5088; x_wconf 88' lang='lat' dir='ltr'><strong>prosequeris</strong></span> <span class='ocrx_word' id='word_1_743' title='bbox 2217 5016 2565 5087; x_wconf 86' lang='lat' dir='ltr'><strong>subjicerem,</strong></span> <span class='ocrx_word' id='word_1_744' title='bbox 2591 5029 2758 5085; x_wconf 86' lang='lat' dir='ltr'><strong>quam</strong></span> <span class='ocrx_word' id='word_1_745' title='bbox 2787 5027 2890 5070; x_wconf 87' lang='lat' dir='ltr'><strong>nos</strong></span> <span class='ocrx_word' id='word_1_746' title='bbox 2919 5014 3270 5067; x_wconf 83' lang='lat' dir='ltr'><strong>vehementer</strong></span> <span class='ocrx_word' id='word_1_747' title='bbox 3293 5010 3411 5081; x_wconf 90' lang='lat' dir='ltr'><strong>epi-</strong></span> 
     </span>
    </p>
   </div>
   <div class='ocr_carea' id='block_1_111' title="bbox 1830 5104 3412 5181">
    <p class='ocr_par' dir='ltr' id='par_1_111' title="bbox 1830 5104 3412 5181">
     <span class='ocr_line' id='line_1_111' title="bbox 1830 5104 3412 5181; baseline -0.006 -15"><span class='ocrx_word' id='word_1_748' title='bbox 1830 5125 2034 5181; x_wconf 80' lang='lat' dir='ltr'><strong>scOpus</strong></span> <span class='ocrx_word' id='word_1_749' title='bbox 2079 5109 2326 5172; x_wconf 79' lang='lat' dir='ltr'><strong>infestet,</strong></span> <span class='ocrx_word' id='word_1_750' title='bbox 2377 5117 2539 5180; x_wconf 89' lang='lat' dir='ltr'><strong>atque</strong></span> <span class='ocrx_word' id='word_1_751' title='bbox 2581 5106 2855 5181; x_wconf 79' lang='lat' dir='ltr'><strong>hostiliter</strong></span> <span class='ocrx_word' id='word_1_752' title='bbox 2901 5104 3262 5173; x_wconf 84' lang='lat' dir='ltr'><strong>insequatur,</strong></span> <span class='ocrx_word' id='word_1_753' title='bbox 3309 5115 3412 5156; x_wconf 88' lang='lat' dir='ltr'><strong>nec</strong></span> 
     </span>
    </p>
   </div>
   <div class='ocr_carea' id='block_1_112' title="bbox 1829 5177 3408 5271">
    <p class='ocr_par' dir='ltr' id='par_1_112' title="bbox 1829 5177 3408 5271">
     <span class='ocr_line' id='line_1_112' title="bbox 1829 5177 3408 5271; baseline -0.006 -15"><span class='ocrx_word' id='word_1_754' title='bbox 1829 5202 1998 5257; x_wconf 89' lang='lat' dir='ltr'><strong>ullum</strong></span> <span class='ocrx_word' id='word_1_755' title='bbox 2048 5199 2173 5256; x_wconf 87' lang='lat' dir='ltr'><strong>mali</strong></span> <span class='ocrx_word' id='word_1_756' title='bbox 2204 5215 2378 5271; x_wconf 77' lang='lat' dir='ltr'><strong>genus</strong></span> <span class='ocrx_word' id='word_1_757' title='bbox 2419 5177 2530 5255; x_wconf 82' lang='lat' dir='ltr'><strong>non</strong></span> <span class='ocrx_word' id='word_1_758' title='bbox 2567 5177 2859 5254; x_wconf 79' lang='lat' dir='ltr'><strong>adversum</strong></span> <span class='ocrx_word' id='word_1_759' title='bbox 2897 5211 3002 5252; x_wconf 89' lang='lat' dir='ltr'><strong>nos</strong></span> <span class='ocrx_word' id='word_1_760' title='bbox 3029 5200 3408 5259; x_wconf 87' lang='lat' dir='ltr'><strong>commoveat,</strong></span> 
     </span>
    </p>
   </div>
   <div class='ocr_carea' id='block_1_113' title="bbox 1829 5285 3414 5362">
    <p class='ocr_par' dir='ltr' id='par_1_113' title="bbox 1829 5285 3414 5362">
     <span class='ocr_line' id='line_1_113' title="bbox 1829 5285 3414 5362; baseline -0.003 -16"><span class='ocrx_word' id='word_1_761' title='bbox 1829 5307 2006 5362; x_wconf 87' lang='lat' dir='ltr'><strong>usque</strong></span> <span class='ocrx_word' id='word_1_762' title='bbox 2053 5305 2120 5346; x_wconf 88' lang='lat' dir='ltr'><strong>eo</strong></span> <span class='ocrx_word' id='word_1_763' title='bbox 2159 5301 2219 5346; x_wconf 90' lang='lat' dir='ltr'><strong>ut</strong></span> <span class='ocrx_word' id='word_1_764' title='bbox 2253 5307 2354 5348; x_wconf 90' lang='lat' dir='ltr'><strong>nos</strong></span> <span class='ocrx_word' id='word_1_765' title='bbox 2381 5291 2546 5346; x_wconf 84' lang='lat' dir='ltr'><strong>etiam</strong></span> <span class='ocrx_word' id='word_1_766' title='bbox 2577 5289 2724 5344; x_wconf 89' lang='lat' dir='ltr'><strong>velut</strong></span> <span class='ocrx_word' id='word_1_767' title='bbox 2757 5288 2956 5357; x_wconf 86' lang='lat' dir='ltr'><strong>impios</strong></span> <span class='ocrx_word' id='word_1_768' title='bbox 2995 5301 3064 5343; x_wconf 85' lang='lat' dir='ltr'><strong>ac</strong></span> <span class='ocrx_word' id='word_1_769' title='bbox 3113 5285 3285 5341; x_wconf 83' lang='lat' dir='ltr'><strong>Deum</strong></span> <span class='ocrx_word' id='word_1_770' title='bbox 3315 5300 3414 5341; x_wconf 90' lang='lat' dir='ltr'><strong>ne-</strong></span> 
     </span>
    </p>
   </div>
   <div class='ocr_carea' id='block_1_114' title="bbox 1911 5591 3416 5670">
    <p class='ocr_par' dir='ltr' id='par_1_114' title="bbox 1911 5591 3416 5670">
     <span class='ocr_line' id='line_1_114' title="bbox 1911 5591 3416 5670; baseline -0.004 -16"><span class='ocrx_word' id='word_1_771' title='bbox 1911 5600 2023 5670; x_wconf 69' lang='lat'><strong>(‘75)</strong></span> <span class='ocrx_word' id='word_1_772' title='bbox 2065 5600 2174 5654; x_wconf 76' lang='grc' dir='ltr'><strong>Καὶ</strong></span> <span class='ocrx_word' id='word_1_773' title='bbox 2209 5596 2546 5670; x_wconf 16' lang='grc' dir='ltr'>πᾶνίκιικὸν</span> <span class='ocrx_word' id='word_1_774' title='bbox 2597 5593 2768 5670; x_wconf 59' lang='grc' dir='ltr'>κινεῖ.</span> <span class='ocrx_word' id='word_1_775' title='bbox 2811 5593 2940 5670; x_wconf 77' lang='lat' dir='ltr'><strong>Leg.</strong></span> <span class='ocrx_word' id='word_1_776' title='bbox 2974 5608 3040 5670; x_wconf 78' lang='lat' dir='ltr'><strong>ex</strong></span> <span class='ocrx_word' id='word_1_777' title='bbox 3070 5591 3416 5670; x_wconf 70' lang='lat' dir='ltr'><strong>Theoaloreto</strong></span> 
     </span>
    </p>
   </div>
   <div class='ocr_carea' id='block_1_115' title="bbox 1839 5665 3407 5736">
    <p class='ocr_par' dir='ltr' id='par_1_115' title="bbox 1839 5665 3407 5736">
     <span class='ocr_line' id='line_1_115' title="bbox 1839 5665 3407 5736; baseline -0.007 -10"><span class='ocrx_word' id='word_1_778' title='bbox 1839 5665 1936 5726; x_wconf 66' lang='lat' dir='ltr'><strong>lib.</strong></span> <span class='ocrx_word' id='word_1_779' title='bbox 1969 5665 2015 5736; x_wconf 75' lang='grc' dir='ltr'><strong>ι,</strong></span> <span class='ocrx_word' id='word_1_780' title='bbox 2041 5685 2164 5736; x_wconf 86' lang='lat' dir='ltr'><strong>cap.</strong></span> <span class='ocrx_word' id='word_1_781' title='bbox 2198 5670 2251 5734; x_wconf 82' lang='grc'><strong>5,</strong></span> <span class='ocrx_word' id='word_1_782' title='bbox 2295 5669 2385 5722; x_wconf 89' lang='lat' dir='ltr'><strong>ubi</strong></span> <span class='ocrx_word' id='word_1_783' title='bbox 2426 5669 2540 5720; x_wconf 81' lang='lat' dir='ltr'><strong>haec</strong></span> <span class='ocrx_word' id='word_1_784' title='bbox 2581 5667 2769 5722; x_wconf 85' lang='lat' dir='ltr'><strong>eadem</strong></span> <span class='ocrx_word' id='word_1_785' title='bbox 2809 5665 3038 5736; x_wconf 86' lang='lat' dir='ltr'><strong>epistola</strong></span> <span class='ocrx_word' id='word_1_786' title='bbox 3082 5666 3407 5736; x_wconf 73' lang='lat' dir='ltr'><strong>continetur,</strong></span> 
     </span>
    </p>
   </div>
   <div class='ocr_carea' id='block_1_116' title="bbox 1841 5733 3414 5802">
    <p class='ocr_par' dir='ltr' id='par_1_116' title="bbox 1841 5733 3414 5802">
     <span class='ocr_line' id='line_1_116' title="bbox 1841 5733 3414 5802; baseline -0.006 -7"><span class='ocrx_word' id='word_1_787' title='bbox 1841 5733 2016 5795; x_wconf 79' lang='grc' dir='ltr'>πάντα</span> <span class='ocrx_word' id='word_1_788' title='bbox 2046 5733 2228 5794; x_wconf 84' lang='grc' dir='ltr'>κάλων</span> <span class='ocrx_word' id='word_1_789' title='bbox 2260 5741 2419 5802; x_wconf 86' lang='grc' dir='ltr'>κινεῖ,</span> <span class='ocrx_word' id='word_1_790' title='bbox 2451 5753 2655 5792; x_wconf 82' lang='lat' dir='ltr'><strong>omnem</strong></span> <span class='ocrx_word' id='word_1_791' title='bbox 2680 5733 3158 5792; x_wconf 71' lang='lat' dir='ltr'><strong>movetrudentem.</strong></span> <span class='ocrx_word' id='word_1_792' title='bbox 3185 5733 3414 5789; x_wconf 81' lang='lat' dir='ltr'><strong>Notissi-</strong></span> 
     </span>
    </p>
   </div>
   <div class='ocr_carea' id='block_1_117' title="bbox 1844 5809 3376 5877">
    <p class='ocr_par' dir='ltr' id='par_1_117' title="bbox 1844 5809 3376 5877">
     <span class='ocr_line' id='line_1_117' title="bbox 1844 5809 3376 5877; baseline -0.009 -9"><span class='ocrx_word' id='word_1_793' title='bbox 1844 5827 1990 5868; x_wconf 89' lang='lat' dir='ltr'><strong>mum</strong></span> <span class='ocrx_word' id='word_1_794' title='bbox 2021 5820 2104 5868; x_wconf 87' lang='lat' dir='ltr'><strong>est</strong></span> <span class='ocrx_word' id='word_1_795' title='bbox 2132 5810 2499 5877; x_wconf 81' lang='lat' dir='ltr'><strong>proverbium.</strong></span> <span class='ocrx_word' id='word_1_796' title='bbox 3373 5809 3376 5812; x_wconf 74' lang='lat'><em>‘</em></span> 
     </span>
    </p>
   </div>
  </div>
