3826 6206
141 338 225 394 2i?
730 333 1110 391 ADVERSUS
1148 333 1494 392 HERESES
1532 330 1660 391 LIB.
1701 333 1766 393 ll.
1806 334 1971 391 TUM.
2011 335 2079 391 ιι.
2113 365 2183 378 ——
2219 335 2497 393 HERES.
2539 334 2723 392 LXIX.

3246 331 3353 396 918

138 474 230 521 νον,
253 453 338 508 καὶ
363 453 628 522 ἀρνεῖται,
645 453 831 524 τάχιον
853 455 882 508 6
907 455 1128 510 πάντων
1145 457 1424 528 Δεσπότης
1455 457 1666 527 ἐλέγξαι

1774 469 1936 528 quam
1978 458 2266 513 celerrime
2293 465 2350 514 te
2378 458 2449 514 ab
2481 447 2725 512 omnium
2765 455 2996 511 Domino
3033 451 3345 512 convictum

138 566 187 602 σε
211 546 324 616 ἔχει,
357 544 584 614 μάλιστα
611 544 732 598 καθ’
761 541 822 602 οὗ
848 547 1090 618 ὤμοσας.
1113 548 1276 603 Ὅθεν
1297 550 1391 602 καὶ
1413 549 1670 622 ἐφωράθη

134 637 189 691 τὰ
231 633 354 689 αὑτά
399 634 631 705 φρονῶν,
667 637 762 690 καὶ
814 639 894 699 είς
928 637 1219 709 πρόσωπον
1261 637 1358 692 τοῦ
1411 638 1674 708 βασιλέως

134 727 356 798 ἠλέγχθη.
403 727 569 780 Πάλιν
619 729 675 780 δὲ
732 729 996 793 ὡσαύτως
1046 732 1285 802 ἠρνεῖτοο
1345 731 1440 784 καὶ
1489 729 1674 783 ’πολλοὶ⁸

135 820 269 876 αὐτοῦ
308 821 709 892 ὑπερασπισταὶ
757 821 1109 893 ὑπερεδέοντο
1147 823 1238 876 διὰ
1268 820 1531 875 Εὐσεὸίου
1579 819 1670 875 τοῦ

132 912 478 982 Νικομηδείας.
521 912 690 982 Ὁμοῦ
740 913 798 966 δὲ
842 913 990 985 ζήλῳ
1034 914 1295 986 ἐπαρθεὶς
1325 915 1436 986 (82)
1465 917 1493 968 6
1520 915 1675 985 βασι-

131 1005 253 1066 λεὺς,
283 1003 370 1055 καὶ
397 1003 686 1073 ἐπιστολὴν
713 1003 957 1073 μεγάλην
985 1003 1272 1073 ἐγκύκλιον
1298 1004 1392 1074 ὅλῃ
1426 1007 1492 1075 τῇ
1539 1005 1673 1057 Ῥω-

135 1091 274 1162 pavi;
299 1092 532 1163 γέγραφε
571 1092 712 1146 κατά
742 1093 954 1162 Ἀρείου
978 1094 1075 1146 καὶ
1098 1093 1199 1163 τῆς
1227 1094 1391 1147 αὑτοῦ
1409 1094 1668 1159 πίστεως,

132 1184 283 1253 πάσης
309 1183 491 1252 σοφίας
533 1184 784 1254 ἔμπλεων
831 1185 926 1237 καὶ
968 1183 1236 1255 ἀληθινῶν
1276 1184 1554 1256 ῥημάτων·
1596 1183 1672 1247 ὡς

131 1277 208 1329 καὶ
237 1276 360 1346 αὕτη
395 1277 474 1338 εἰς
526 1275 607 1328 ἐτι
652 1275 810 1347 δεῦρο
863 1276 1015 1347 παρά
1069 1276 1379 1345 φιλοκάλοις
1417 1274 1668 1340 σώζεται,

131 1368 418 1437 περιέχουσα
435 1366 529 1438 τὴν
550 1368 742 1438 ἀρχὴν·
775 1387 793 1418 ι
819 1368 1225 1430 Κωνσταντῖνος
1247 1367 1538 1431 Σεϐαστὸς,
1572 1366 1670 1437 μέ·-

129 1472 298 1526 γιστκ.
335 1457 552 1526 ’Ἀρειος
572 1458 667 1510 καί
704 1457 974 1529 Ἀρειανοὶ
994 1457 1163 1520 κακὸς
1193 1458 1488 1528 ἑρμηνεὺς,
1510 1455 1672 1509 αὑτό-

128 1561 284 1619 χρημα
298 1545 453 1598 εἰκών
483 1563 541 1598 τε
572 1548 667 1599 καὶ
687 1547 907 1617 ἀνδριάς
925 1546 1042 1598 ἐστι
1068 1545 1161 1598 τοῦ
1181 1544 1451 1598 διαϐόλου.
1481 1563 1499 1595 ι
1534 1541 1670 1598 Εἶτα

129 1637 226 1708 μεθ’
251 1637 424 1707 ἔτερα,
453 1637 548 1689 καὶ
580 1637 718 1708 μετά
749 1637 808 1690 τὸ
841 1635 1040 1707 πολλὴν
1065 1635 1201 1708 πρὸς
1226 1635 1388 1689 αὑτὸν
1418 1634 1669 1688 ἐκθέσθαι

128 1731 179 1782 ἐκ
207 1729 350 1782 θείων
384 1729 580 1797 λογίων
607 1729 938 1800 ἀντιλογίαν,
959 1730 1053 1782 καὶ
1077 1727 1205 1791 έπος
1233 1727 1340 1783 ἀπὸ
1370 1726 1466 1780 τοῦ
1499 1727 1667 1797 Ὀμή-

126 1841 203 1891 ρου
231 1822 354 1892 πρὸς
403 1823 566 1876 αὑτὸν
625 1819 987 1892 σχετλιασμοῦ
1036 1821 1197 1873 ἕνεκα
1251 1817 1667 1889 ἀποτεινόμενος
1703 1809 1744 1858 Β

126 1913 376 1983 παρέθετο,
411 1914 552 1986 ὅπερ
593 1916 688 1968 καὶ
717 1914 850 1968 αὐτὸ
896 1915 1194 1982 ἀναγκαῖον
1226 1912 1458 1967 ἐνταῦθα
1490 1928 1666 1982 παρα-

124 2003 285 2056 θέσθαι
352 2004 654 2075 ἡγησάμην
716 2005 812 2057 καὶ
875 2003 1055 2056 ἔστιν’
1116 2003 1252 2070 Ἀγε
1309 2002 1373 2073 δὴ
1458 2001 1611 2063 ἀδδες
1646 2001 1661 2029 ¹

127 2095 283 2165 ’Δρειε
315 2094 443 2164 (85),
485 2095 726 2148 ἀσπίδων
763 2094 944 2166 χρεία.
994 2094 1086 2164 Μή
1122 2110 1185 2161 γε
1219 2094 1284 2146 σὺ
1310 2092 1467 2145 τοῦτο
1490 2091 1668 2162 ,ποιή-

123 2203 222 2260 σῃς,
253 2186 580 2257 ἱκετεύομενο
617 2187 888 2258 ἐπισχέτω
934 2185 993 2240 δέ
1023 2203 1082 2238 σε
1112 2188 1144 2257 ἡ
1172 2185 1306 2254 γοῦν
1349 2184 1668 2255 Ἀφροδίτης

122 2277 293 2349 ὁμιλία.

177 2396 225 2446 l'.
252 2391 576 2462 Βουλομένου
611 2390 789 2446 τοίνυν
815 2385 909 2445 τοῦ
943 2385 1156 2462 Ἀρείου
1189 2393 1247 2444 ἐν
1271 2391 1336 2463 τῇ
1375 2395 1665 2446 Κωνσταν-

119 2483 382 2536 τιννυπόλει
404 2483 545 2554 ὁμοῦ
574 2482 928 2554 συναχθῆναι,
951 2483 1213 2538 Εὐσεὸίου
1239 2485 1660 2553 ἀναγκάζοντος,

119 2579 192 2630 mi
233 2578 293 2630 τὰ
322 2578 534 2648 μεγάλα
584 2577 734 2649 παρά
789 2577 1052 2647 βασιλέως
1087 2578 1361 2649 ἰσχύοντος
1391 2581 1480 2633 καὶ
1523 2593 1664 2649 παρ-

120 2669 422 2739 ενοχλοῦντος
443 2671 522 2741 τῷ
546 2671 607 2722 ἐν
639 2671 1207 2724 Κωνσταντινουπόλει
1236 2673 1522 2742 ἐπισκὸπῳ
1545 2674 1664 2726 κατ’

117 2760 263 2813 ἐκεῖνο
308 2760 518 2830 καιροῦ,
553 2760 807 2813 κάκείνου
864 2761 939 2830 μὴ
991 2759 1314 2830 βουλομένου
1344 2764 1459 2832 μετ’
1503 2762 1664 2818 αὑτοῦ

119 2852 437 2921 συναχθῆναι,
483 2853 624 2923 μήτε
668 2854 748 2915 είς
777 2852 1065 2906 κοινωνίαν
1111 2853 1277 2906 αὑτοῦ
1335 2854 1525 2920 ἐλθεῖν,
1573 2857 1667 2909 καλ⁸

118 2945 528 3015 βιοφορουμένου,
583 2946 675 2998 καὶ
711 2945 1006 3008 στένοντος,
1055 2944 1150 2997 τοῦ
1199 2945 1256 2998 δὲ
1284 2946 1543 2998 Εύσεόίου
1577 2947 1666 2999 λέα

119 3051 291 3103 τοντος·
326 3037 387 3089 Et
419 3037 494 3106 μὴ
539 3035 719 3105 βούλει
762 3035 866 3105 ἰδία
892 3039 958 3106 τῇ
989 3037 1324 3108 προαιρέσει,
1358 3040 1423 3108 τῇ
1479 3036 1666 3108 αὔριον

118 3126 287 3201 ἡμέρᾳ,
305 3128 590 3201 Κυριακῆς
613 3129 1059 3199 ὲπιφωσκούσης,
1098 3131 1194 3184 σὺν
1219 3131 1342 3201 ἐμοὶ
1363 3131 1665 3184 εἰσελεύσε-

117 3236 221 3282 ται.
263 3222 352 3273 καὶ
396 3221 448 3273 τί
486 3219 716 3274 δύνασαι
767 3220 1026 3290 nminat;
1091 3221 1149 3274 Ὀ
1172 3220 1229 3273 δέ
1276 3219 1668 3287 εὐλαϐέστατος

117 3311 376 3378 ἐπίσκοπος
410 3312 508 3365 καὶ⁸
537 3312 672 3364 Θεὸν
705 3311 1037 3382 φοϐούμενος
1077 3311 1447 3386 Ἀλέξανδρος,
1491 3317 1520 3369 6
1571 3317 1670 3387 τῆς

117 3403 262 3473 αὐτῆς
287 3404 516 3475 ἀρίστης
552 3404 756 3469 πόλεως
785 3407 1081 3470 ἐπίσκοπος
1113 3407 1424 3478 (ὁμώνυμος
1459 3407 1568 3480 γὰρ
1603 3405 1670 3479 ἦν

118 3494 192 3546 καὶ
209 3489 348 3558 οὗτος
378 3494 455 3566 τῷ
497 3497 558 3548 ἐν
604 3495 1023 3568 Ἀλεξανδρείᾳ),
1053 3497 1119 3549 δι’
1151 3498 1280 3568 ὅλης
1304 3499 1406 3569 τῆς
1436 3498 1668 3571 ἡμέρας,

117 3584 269 3650 ὲξὸτου
309 3588 532 3658 ἤκουσε,
573 3587 670 3642 καὶ
711 3589 812 3658 τῆς
857 3590 1071 3654 νυκτὸς,
1113 3590 1384 3652 στενάζων
1412 3591 1506 3644 καὶ
1547 3607 1672 3642 στυ-

117 3678 300 3747 γνάζων
345 3681 647 3735 διετέλεσεν
701 3682 997 3751 εὐχόμενος
1055 3683 1151 3736 καὶ
1199 3683 1532 3754 παρακαλῶν
1577 3683 1669 3736 τὸν

117 3775 245 3839 Θεὸν,
274 3777 304 3847 ἦ
341 3777 506 3829 αὐτοῦ
539 3777 640 3848 τὴν
668 3776 844 3848 ψυχὴν
891 3777 1251 3849 παραλαϐεῖν,
1285 3778 1370 3831 ἵνα
1417 3777 1491 3849 μὴ
1531 3795 1668 3848 συμ-

121 3868 284 3939 μιανθῇ
317 3870 380 3939 τῇ
408 3869 504 3922 τοῦ
549 3869 758 3940 Ἀρείου
785 3869 1058 3941 κοινωνίᾳ,
1097 3869 1130 3941 ἢ
1172 3870 1393 3941 ποιῆσαί
1413 3887 1466 3922 τι
1493 3869 1670 3939 παρά-

117 3961 256 4024 δοξον·
294 3962 426 4032 ὅπερ
481 3963 581 4015 καὶ
638 3962 854 4028 ἐγένετο
906 3961 1100 4032 τούτῳ.
1157 3962 1263 4014 Τοῦ
1314 3963 1422 4032 γὰρ
1457 3962 1666 4032 Ἀρείου

118 4053 362 4123 προελθεῖν
391 4054 537 4106 κατὰ
555 4053 656 4116 τὰς
687 4054 887 4116 νύκτάς
917 4053 1260 4124 ἐπειχθέντος
1285 4053 1378 4106 ἐπὶ
1405 4053 1467 4105 τὸ
1493 4069 1670 4123 παρα-

119 4145 468 4217 σκευασθῆναι,
522 4145 797 4216 διέρχεται
847 4147 1011 4218 μέχρι
1061 4146 1152 4199 τοῦ
1200 4145 1527 4217 ἀφεδρῶνος,
1573 4145 1668 4198 καὶ

118 4237 236 4292 ἔνδον
267 4243 318 4293 ἐν
367 4243 481 4306 τοῖς
509 4239 735 4303 ἀϐάτοις
769 4238 1136 4309 καθεζόμενος
1184 4238 1381 4309 εὑρέθη
1423 4237 1668 4307 λακήσας

119 4333 191 4384 καὶ
215 4333 434 4396 ἔκπνοος
453 4331 716 4402 γεγονώς.
764 4332 852 4394 Ὠς
881 4331 938 4384 δὲ
968 4328 1108 4384 οὕτω
1129 4329 1485 4400 κατείληπται
1510 4330 1567 4381 ἐν
1589 4326 1666 4398 τῷ

118 4421 306 4476 δυσώδει
334 4425 482 4495 τόπῳ
529 4421 763 4487 ἀποδοὺς
791 4421 952 4476 αὐτοῦ
997 4422 1066 4474 τὰ
1091 4422 1216 4494 τέλη
1249 4421 1384 4492 (84),
1413 4420 1666 4489 καθάπερ

119 4514 192 4565 καὶ
219 4513 473 4585 ἐξήμεσεν
500 4502 814 4585 ἀκάθαρτον
848 4513 1227 4568 κακοπιστίαν.

173 4607 262 4658 ΙΔ’.
287 4606 370 4670 ⁸ος
397 4603 490 4660 οὖν
523 4605 702 4660 ταῦτα
745 4605 1024 4678 ἐτελέσθη,
1051 4608 1079 4659 6
1111 4605 1362 4676 βασιλεὺς
1393 4607 1662 4689 μέριμναν

120 4698 636 4767 συνεισενεγκάμενος
663 4699 728 4768 τῇ
762 4696 1080 4768 Ἐκκλησία,
1114 4697 1200 4751 διὰ
1235 4697 1296 4751 τὸ
1334 4699 1434 4770 ἤδη
1465 4699 1662 4753 πολλά-

120 4803 185 4850 κις
201 4790 410 4855 πολλοὺς
435 4792 516 4853 εἰς
538 4789 802 4861 ἀλλήλους
825 4790 1176 4862 διαφέρεσθαί
1218 4808 1277 4843 τε
1306 4792 1401 4844 καὶ
1429 4791 1664 4863 σχίσμα-

119 4895 172 4930 τα
192 4882 341 4937 πολλὰ
373 4880 541 4949 εἶναι,
597 4883 990 4955 συνεκρΰτησεν
1037 4883 1415 4954 οἰκουμενικὴν
1449 4883 1665 4938 σύνοδον

119 4961 175 5020 ὧν
196 4974 278 5025 καὶ
312 4974 376 5028 τὰ
405 4976 655 5046 ὀνόματα
670 4977 751 5039 εἰς
783 4975 862 5029 ἔτι
887 4973 1049 5047 δεῦρο
1072 4975 1303 5041 σώζεται
1332 4978 1660 5047 τριακοσίων

120 5058 226 5115 δέκα
256 5066 341 5117 καὶ
367 5065 513 5120 ὀκτὼ
549 5068 882 5120 ἐπισκόπων⁸
916 5068 1010 5120 καὶ
1056 5067 1512 5137 ἀναθεματίζουσι
1562 5069 1662 5142 τὴν

122 5149 293 5222 Ἀρείου
319 5159 499 5211 πίστιν
529 5160 589 5211 ἐν
619 5162 688 5230 τῇ
721 5157 969 5213 Νικαέων
998 5158 1183 5224 πόλει,
1222 5159 1316 5212 καὶ
1341 5161 1662 5231 ὁμολογοῦσι

177 5314 414 5372 ‘Mutilus
447 5321 622 5372 locus.
655 5317 714 5376 F.
749 5315 940 5392 Ἄρες.

177 5472 270 5541 (δε)
316 5477 495 5545 Ὁμοῦ
543 5475 612 5531 δὲ
656 5477 812 5546 ζήλῳ
843 5479 1141 5546 ἐπαρθείς.
1192 5479 1346 5536 Edita
1405 5491 1488 5537 est
1543 5481 1660 5538 lucc

126 5539 424 5621 Qoiist’antini
478 5550 545 5600 ad
594 5539 866 5621 Arium'et
892 5539 1126 5621 grianos
1161 5553 1390 5621 epistola
1425 5567 1454 5605 a
1489 5549 1659 5608 Fedc-

127 5611 449 5690 {icolilorello
508 5635 655 5690 anno
700 5620 852 5675 1595.
889 5619 966 5674 Ex
993 5637 1098 5690 qua
1137 5611 1510 5678 emendandus
1568 5623 1656 5679 hic

128 5679 603 5766 ξπὶρίριιειιιὶἰῃιοουε.
631 5687 763 5766 ng.
805 5679 1263 5766 ilgqgelhlmla'i“
1298 5694 1515 5766 modum
1540 5695 1660 5766 ejus

132 5757 304 5836 initium
335 5773 350 5812 :
377 5757 790 5836 κωνσταντίνος
847 5757 1115 5836 ’ἐξιεϐαστδἶ
1146 5762 1416 5836 Μέγιστος
1462 5757 1659 5836 Ἀρέξφ

133 5826 530 5896 ιιειὶἈρειανοίς,
581 5845 698 5898 qua:
752 5839 838 5890 est
869 5832 1176 5902 inscriptio.
1221 5826 1420 5892 Deinde
1476 5826 1658 5901 κακὸς

1774 551 1864 614 iri,-
1897 550 2130 606 maxime
2151 564 2248 620 per
2267 559 2429 621 quem
2456 548 2847 620 jusjurandum
2873 531 3207 619 conceperis.
3231 549 3352 616 Quo

1773 654 1839 697 ex
1883 648 2127 712 tempore
2153 641 2346 697 iisdem
2376 641 2430 696 in
2451 640 2734 696 erroribus
2755 639 2961 704 hagr‘ere
2980 640 3353 710 deprehensus

1774 743 1839 784 ac
1868 742 2053 784 coram
2086 730 2336 802 principe
2364 731 2676 795 convictus,
2708 731 2906 786 iterum
2941 729 3214 785 inliciatus
3244 738 3350 787 est.

1773 819 1840 874 Et
1870 822 2116 892 plerique
2145 822 2294 877 illius
2331 823 2548 894 patroni
2581 836 2684 892 pro
2712 829 2778 878 eo
2812 835 2910 892 per
2943 820 3236 878 Eusebium
3262 821 3356 878 Ni-

1771 913 2030 967 comedia:
2059 914 2376 983 episcopum
2425 914 2567 984 apud
2613 914 2913 984 principem
2956 920 3206 985 egerunt.
3245 911 3354 970 Sed

1774 1004 2134 1060 nihilominus
2158 1006 2458 1075 imperator
2497 1005 2696 1060 divime
2727 1005 2851 1061 ﬁdei
2885 1005 3081 1061 ardore
3110 1021 3356 1061 commo-

1774 1103 1882 1160 tus,
1927 1095 2214 1165 epistolam
2243 1096 2379 1151 bene
2401 1097 2618 1166 longam
2641 1104 2696 1151 et
2716 1097 3050 1168 encyclicam
3073 1095 3142 1151 ad
3163 1110 3354 1152 omnes

1771 1184 2023 1241 Romano
2053 1187 2284 1256 imperio
2317 1187 2570 1245 subditos
2604 1187 2868 1245 adversus
2897 1189 3090 1244 Arium
3127 1189 3356 1260 ejusque

1772 1274 1970 1345 dogma
2000 1277 2242 1346 scripsit,
2264 1277 2416 1331 omni
2439 1277 2710 1348 sapientia
2735 1293 2797 1333 ac
2817 1279 3048 1335 veritate
3071 1277 3354 1348 refertam,

1770 1375 1891 1437 quae.
1920 1367 1975 1421 in
2003 1368 2328 1423 hodiernum
2363 1385 2541 1441 usque
2567 1371 2711 1426 diem
2735 1373 3076 1428 eruditorum
3099 1375 3358 1434 manibus

1771 1458 1987 1514 teritur.
2007 1457 2412 1529 Hujusinitium
2434 1469 2551 1517 est:
2583 1480 2601 1514 ι
2625 1461 3021 1521 Constantinus
3049 1465 3354 1537 Augustus,

1763 1550 2066 1616 maximus,
2106 1559 2214 1607 etc.
2253 1553 2413 1609 Arius
2451 1569 2575 1608 cum
2616 1555 2836 1613 Arianls
2878 1558 3055 1613 malus
3086 1559 3356 1630 interpres

1771 1640 2047 1711 ipsissima
2073 1649 2157 1698 est
2183 1645 2361 1714 imago
2393 1656 2457 1699 ac
2502 1645 2857 1701 simulacrum
2900 1647 3123 1703 diaboli.
3164 1667 3181 1700 ι
3214 1648 3354 1704 Tum

1767 1743 1895 1803 post
1926 1735 2030 1788 alia
2056 1735 2305 1805 quaedam
2347 1751 2412 1791 ac
2462 1738 2683 1809 longam
2733 1755 2798 1794 ex
2849 1739 3153 1811 Scripturis
3178 1741 3354 1798 sacris

1771 1825 1919 1880 illius
1953 1826 2366 1894 refutationem,
2411 1838 2688 1899 postremo
2722 1846 2939 1886 versum
2970 1835 3258 1902 quemdam
3286 1850 3354 1891 ex

1774 1914 2008 1970 llomero
2039 1933 2163 1972 cum
2192 1918 2569 1988 indignatione
2600 1935 2664 1974 ac
2693 1922 2975 1976 stomacho
3004 1931 3350 1994 contorquet,

1771 2021 1930 2075 quem
1964 2007 2051 2062 hic
2087 2007 2473 2064 ascribendum
2521 2013 2728 2081 putavi.
2775 2013 2907 2084 Age,
2958 2015 3152 2083 inquit,
3207 2015 3354 2072 Mars

1771 2099 1890 2163 Ari,
1916 2099 2125 2171 elypeis
2160 2116 2298 2170 Opus
2336 2110 2440 2158 est.
2473 2102 2678 2160 Verum
2709 2122 2777 2161 ne
2809 2106 2863 2162 id
2893 2107 3063 2164 facias
3095 2110 3353 2165 obsecra-

1773 2207 1918 2256 mus,
1960 2207 2023 2247 ac
2051 2199 2105 2249 te
2131 2195 2324 2249 saltem
2343 2195 2572 2252 Veneris
2601 2199 2939 2254 consuetudo
2971 2199 3244 2256 cohibeat.

1839 2406 1910 2462 Χ.
1959 2405 2088 2464 Post
2132 2408 2249 2464 haec
2290 2425 2417 2465 cum
2456 2412 2622 2467 Arius
2655 2411 3135 2486 Constantinopoli
3165 2416 3355 2472 catho-

1773 2499 1889 2553 licae
1945 2499 2201 2555 Ecclesiae
2251 2504 2696 2558 communionem
2754 2506 3056 2572 aﬂ‘eclaret,
3114 2508 3356 2564 instante

1773 2591 2035 2646 violenter
2059 2590 2313 2659 Eusebio,
2339 2595 2431 2664 qui
2468 2597 2610 2665 apud
2641 2596 3024 2667 imperatorem
3059 2600 3354 2669 plurimum

1773 2689 2002 2750 poterat,
2049 2692 2104 2738 et
2149 2685 2824 2755 Constantinopolitauum
2873 2688 3191 2758 episcopum
3230 2705 3354 2744 mo-

1773 2774 1962 2829 lestius
1994 2783 2241 2846 urgente,
2267 2777 2360 2846 qui
2387 2779 2830 2833 communionem
2865 2780 2944 2834 illi
2975 2779 3107 2835 dare
3137 2782 3352 2848 nolens,

1771 2873 1824 2920 et
1857 2881 1953 2935 per
1980 2870 2088 2920 vim
2121 2883 2420 2938 oppressus
2455 2868 2880 2939 ingemiscebat;
2916 2885 3151 2942 cumque
3183 2871 3356 2928 Euse-

1774 2955 2152 3026 Liusjactaret
2185 2977 2197 3012 :
2225 2957 2338 3012 Nisi
2363 2971 2558 3029 sponte
2594 2961 2726 3015 velis
2761 2961 3071 3026 admittere,
3109 2962 3353 3026 crastina

1773 3047 1913 3113 luce,
1950 3065 2072 3118 qua:
2117 3048 2397 3104 Dominica
2439 3052 2566 3118 erit,
2606 3067 2822 3106 mecum
2864 3054 2917 3107 in
2949 3054 3241 3108 ecclesiam
3272 3055 3356 3108 in.

1772 3140 1936 3194 trabit
1980 3140 2146 3209 :quid
2169 3150 2350 3196 autem
2389 3151 2580 3196 contra
2614 3157 2716 3197 nos
2742 3143 2968 3198 eiiicies?
2995 3153 3107 3199 tum
3135 3145 3355 3200 demum

1769 3231 2216 3301 religiosissimus
2271 3235 2566 3304 episcopus
2601 3249 2666 3288 ac
2701 3233 2868 3290 Deum
2899 3236 3098 3290 timens
3119 3235 3356 3292 Alexan-

1769 3323 1866 3376 der
1887 3323 2144 3378 Ecclesim
2187 3324 2262 3378 illi
2299 3325 2607 3395 praefectus,
2656 3330 2749 3398 qui
2798 3327 3174 3382 Alexandrino
3236 3329 3355 3400 epi-

1771 3429 1938 3484 scopo
1977 3417 2325 3486 cognominis
2345 3421 2594 3482 erat,ubi
2630 3421 2746 3474 haec
2783 3421 2973 3485 audiit,
2999 3429 3109 3474 tota
3157 3421 3245 3476 die
3289 3435 3356 3479 ac

1771 3517 1930 3563 nocte
1957 3523 2079 3562 cum
2110 3510 2269 3580 735
2299 3514 2504 3580 gemitu
2532 3527 2596 3567 ac
2624 3527 2860 3569 mmrore
2883 3517 2935 3567 in
2960 3514 3206 3568 oratione
3231 3530 3355 3584 per-

1771 3601 2063 3664 severavit,
2117 3603 2344 3671 supplex
2380 3619 2408 3657 a
2444 3603 2554 3658 Deo
2607 3613 2820 3674 petens,
2871 3615 2930 3660 ut
2978 3608 3062 3660 vel
3110 3608 3348 3661 animam

1770 3703 1926 3743 suam
1991 3691 2277 3761 reciperet,
2319 3707 2384 3747 ne
2419 3710 2478 3750 se
2509 3695 2623 3749 Arii
2655 3699 3039 3752 communione
3064 3699 3349 3768 pollueret,

1771 3787 1864 3834 aut
1885 3783 2210 3852 stupendum
2237 3785 2495 3855 quiddam
2514 3799 2566 3841 et
2589 3789 2914 3843 inusitatum
2945 3790 3179 3846 faceret:
3207 3792 3354 3862 quod

1771 3873 1987 3940 quidem
2012 3878 2284 3944 posterius
2310 3878 2568 3933 obtinuit.
2603 3878 2737 3934 Nam
2762 3883 2924 3936 Arius
2949 3891 3114 3937 noctu
3144 3883 3353 3938 ventris

1768 3962 1981 4020 levandi
2027 3968 2203 4037 gratia
2255 3971 2510 4041 progredi
2564 3981 2819 4039 coactus,
2869 3981 2924 4029 et
2970 3973 3024 4027 in
3073 3989 3349 4030 secessum

1772 4056 1982 4123 abiens,
2017 4059 2072 4112 in
2114 4062 2228 4130 ipsa
2266 4063 2398 4117 cella
2439 4065 2692 4121 desidens
2735 4067 2966 4134 crepuit,
3005 4082 3068 4122 ac
3096 4077 3352 4123 mortuus

1768 4163 1852 4206 est
1882 4153 2159 4210 inventus.
2222 4155 2298 4210 Ita
2332 4157 2660 4214 fetidissimo
2699 4161 2756 4214 in
2812 4161 2931 4214 loco
2971 4167 3218 4230 repertus
3244 4168 3348 4225 est,

1767 4261 1889 4300 cum
1923 4245 2181 4301 intestina
2229 4251 2413 4304 omnia
2457 4253 2681 4321 perinde
2717 4253 2994 4322 ejecisset,
3045 4263 3208 4324 atque
3248 4253 3348 4308 im-

1769 4339 2123 4408 purissimum
2153 4341 2352 4411 dogma
2389 4352 2690 4400 vomuerat.

1836 4617 1927 4672 XI.
1962 4620 2059 4674 nis
2087 4619 2152 4674 ad
2183 4635 2308 4676 eum
2336 4623 2554 4678 modum
2585 4627 2751 4695 gestis
2775 4627 3071 4697 imperator
3094 4629 3348 4688 Ecclesiae

1766 4713 2082 4779 consulens,
2115 4729 2240 4769 cum
2277 4714 2414 4784 jam,
2459 4717 2736 4790 plerisque
2765 4733 2794 4772 a
2827 4735 2885 4774 se
2916 4722 3148 4778 invicem
3180 4724 3348 4781 dissi-

1766 4803 2044 4869 dentibus,
2075 4807 2227 4860 varia
2252 4818 2437 4861 essent
2467 4809 3188 4875 scliismata,mcumenicam
3217 4831 3347 4887 syn-

1768 4896 1930 4949 odum
1986 4897 2192 4969 colligit
2237 4913 2468 4954 cccxvm
2514 4903 2916 4974 episcoporum,
2952 4922 3182 4976 quorum
3240 4923 3344 4962 nov

1770 4985 1916 5038 mina
1942 4985 2006 5040 ad
2033 4986 2137 5040 hoc
2173 5003 2349 5057 usque
2389 4996 2602 5060 tempus
2641 4999 2894 5047 exstant:
2920 4993 2971 5046 lii
3001 4992 3193 5048 Nicaea:
3215 5008 3345 5048 con-

1770 5078 1993 5148 gregati,
2019 5079 2277 5134 damnato
2301 5082 2418 5136 Arii
2438 5083 2712 5153 dogmate,
2731 5084 3089 5140 orthodoxam
3121 5085 3341 5140 Patrum

1771 5167 1928 5221 tidem
1984 5169 2403 5238 immutabilem,
2453 5183 2506 5230 et
2553 5174 2622 5229 ab
2662 5174 2924 5245 apostolis
2967 5189 3030 5230 ac
3064 5174 3344 5247 prophetis

1767 5485 2038 5556 ἑρμηνεὺς
2065 5487 2407 5611 αὐτόχὲὲηέια,
2443 5496 2546 5543 etc.
2967 5553 2970 5556 ,
3182 5563 3192 5575 ι

1761 5617 1789 5644 τ
1805 5555 2087 5646 Ᾰθῖῇξξγε
2110 5557 2186 5627 δὴ
2329 5576 2394 5626 ες
2415 5561 2618 5630 Ἀρειε.
2644 5559 2770 5617 Cor.
2787 5576 2855 5617 ex
2884 5560 3073 5619 eadem
3111 5563 3350 5635 epistola

1789 5627 1930 5696 Αρες
1967 5628 2173 5699 ¹Ἀρειε.
2473 5627 2484 5630 ⁷
3144 5627 3163 5635 ’

1844 5696 1952 5782 (iii).
2003 5697 2286 5782 141060in
2322 5699 2507 5756 αὐτοῦ
2534 5700 2605 5757 τὰ
2629 5701 2792 5773 τέλη.
2835 5702 2974 5777 Τέλη
3009 5703 3099 5760 hic
3129 5717 3232 5776 pro
3258 5703 3345 5760 iu-

1769 5777 1976 5824 restt‘nis
2005 5778 2316 5827 sumuntur.
