3826 6206
475 278 582 336 219

1854 286 1911 342 s.
1958 283 2296 344 El‘ll’llANll
3643 307 3731 363 ξεο

473 398 728 453 traditam
777 399 1128 460 conﬁrmant.
1177 403 1463 462 Postremo
1517 407 1608 462 ubi
1667 408 2044 480 subscripsere

2160 410 2252 480 τὴν
2283 411 2392 466 τῶν
2427 415 2692 487 Πατέρων
2733 413 3016 487 όρθόδοξον
3060 417 3246 473 πίστιν
3289 421 3384 473 καὶ
3409 421 3625 493 ἀκλινῆ,
3653 423 3733 478 καὶ

472 485 742 561 episcOpi,
765 493 1096 549 etArianam
1126 495 1378 552 haeresim
1401 499 1752 556 anathemate
1769 499 2055 566 devovere,

479 582 692 652 synodo
715 581 839 639 linis
872 591 958 639 est
989 584 1298 654 impositus.
1337 586 1540 644 Eadem
1573 589 1630 642 in
1661 591 1870 660 synodo
1893 606 2057 645 cano-

475 686 575 726 nes
604 671 825 741 quidam
858 673 1222 730 ecclesiastici
1266 677 1471 731 conditi
1523 690 1673 747 sunt;
1725 695 1939 736 necnon
2001 690 2058 736 et

473 760 544 816 de
584 760 870 818 Paschalis
911 765 1232 822 celebritate
1276 769 1709 833 constituerunt,
1757 773 1836 824 uti
1868 779 2057 827 sancta

472 852 566 908 illa
601 855 1121 928 religiosissimaque
1157 857 1278 915 dies
1329 859 1523 916 eodem
1560 869 1806 931 tempore
1845 878 2056 917 summa

473 960 600 999 cum
641 948 1008 1002 consensione
1053 964 1115 1003 ac
1145 951 1443 1006 concordia
1483 953 1889 1020 celebraretur;
1930 970 2057 1008 nam

472 1042 633 1090 antea
670 1051 780 1090 non
810 1037 1001 1092 eadem
1038 1040 1283 1094 omnium
1316 1049 1435 1096 erat
1464 1044 1792 1099 observatio.
1824 1044 2055 1110 Quidam

470 1126 614 1180 enim
638 1129 1071 1196 antevertebant,
1105 1132 1195 1185 alii
1229 1133 1410 1188 medio
1436 1142 1702 1204 tempore,
1732 1136 1823 1190 alii
1848 1143 2059 1205 postre-

469 1229 560 1268 mo
595 1230 811 1270 sacrum
853 1217 1004 1272 illum
1043 1218 1184 1274 diem
1219 1222 1471 1292 agebant,
1519 1233 1593 1289 et,
1645 1231 1704 1277 ut
1748 1240 1860 1278 uno
1892 1225 2057 1279 verbo

469 1300 672 1366 dicam,
702 1319 914 1358 summa
944 1315 1063 1361 erat
1089 1323 1185 1378 per
1217 1309 1347 1364 illud
1381 1318 1596 1382 tempus
1627 1312 1898 1369 conlusio.
1927 1312 2058 1379 Quae

473 1393 655 1445 oumia
681 1395 832 1463 pacis
865 1397 1270 1453 constituenda:
1303 1399 1479 1470 gratia
1522 1401 1665 1456 beati
1707 1397 2056 1458 Constantini

471 1500 639 1555 opera
664 1501 727 1539 ac
756 1487 941 1542 studio
973 1490 1229 1560 componi
1270 1489 1412 1546 Deus
1445 1493 1836 1564 pacilicarique
1863 1496 2053 1550 voluit.

471 1576 764 1649 Postquam
788 1580 952 1636 Arius
986 1583 1326 1654 proscriptus
1356 1593 1462 1647 est,
1493 1593 1798 1656 ceteraque
1824 1587 1927 1642 hoc
1949 1603 2058 1642 mo-

469 1668 542 1722 do
574 1677 728 1739 gesta
764 1679 912 1734 sunt,
942 1671 1134 1727 eodem
1166 1688 1311 1728 anno
1345 1681 1560 1730 mortuo
1587 1675 1896 1732 Alexandro
1927 1679 2054 1733 Ale-

470 1760 799 1814 xandrinam
849 1759 1150 1817 Ecclesium
1218 1760 1462 1820 Achillas
1523 1766 1780 1821 obtinuit.
1847 1769 2050 1825 Contra
2088 1747 2126 1800 Β

467 1869 632 1924 quem
669 1852 937 1908 Meletiani
963 1854 1239 1910 Theonam
1269 1868 1660 1929 opposuerant.
1688 1860 1899 1915 Achilla
1920 1878 2051 1919 vero

467 1950 594 2013 post
641 1951 752 1999 tres
800 1959 1018 1999 menses
1058 1945 1338 2014 defuncto,
1395 1949 1732 2006 Athanasius
1784 1954 2054 2008 successit

467 2034 829 2088 Alexandrini
860 2035 1152 2102 diaconus,
1180 2039 1249 2093 ab
1274 2055 1450 2110 eoque
1480 2041 1545 2093 ad
1581 2042 1897 2098 comitatum
1923 2045 2054 2100 mis-

465 2139 586 2189 sus,
619 2125 709 2178 cui
760 2127 1005 2183 moriens
1039 2128 1348 2184 Alexander
1378 2132 1757 2202 episcopatum
1787 2136 2055 2190 committi

470 2214 840 2271 mandaverat.
881 2216 1083 2273 Verum
1115 2236 1240 2275 cum
1275 2223 1389 2276 haec
1428 2225 1500 2279 sit
1539 2224 1886 2283 Alexandriae
1920 2245 2057 2284 con-

468 2308 724 2373 suetudo,
786 2322 844 2365 ut
886 2319 1008 2380 post
1051 2314 1295 2384 episc0pi
1339 2328 1570 2372 mortem
1613 2335 1904 2377 successor
1943 2338 2054 2377 non

469 2397 682 2454 diutius
712 2398 1021 2464 differatur,
1065 2404 1160 2459 sed
1192 2406 1424 2462 subinde
1455 2411 1606 2479 pacis
1640 2413 1852 2468 tuenda:
1880 2416 2053 2484 gratia

467 2490 819 2559 subrogetur,
859 2507 929 2546 ne
965 2493 1091 2548 aliis
1126 2493 1296 2559 hunc,
1338 2498 1462 2552 aliis
1495 2501 1646 2555 illum
1681 2505 2056 2574 amplectenti--

469 2582 575 2637 bus
601 2583 784 2654 jurgia
815 2583 870 2638 in
899 2587 1097 2656 vulgus
1126 2597 1180 2643 et
1207 2592 1591 2648 contentiones
1617 2597 1922 2664 exsistant;
1956 2599 2053 2654 ab-

467 2682 629 2729 sente
655 2677 958 2730 Athanasio
996 2678 1267 2732 Achillam
1313 2683 1649 2739 substituere
1678 2686 1840 2759 736
1876 2691 2050 2744 coacti

464 2774 615 2821 sunt.
655 2765 948 2824 Enimvero
979 2771 1137 2827 sedes
1166 2771 1214 2825 ei
1245 2787 1309 2825 ac
1343 2775 1696 2843 pontilicntus
1730 2779 2048 2846 debebatur,

464 2857 558 2926 qui
593 2866 647 2912 et
675 2873 704 2912 a
739 2857 847 2914 Deo
882 2871 1127 2927 vocatus,
1165 2872 1219 2918 et
1247 2879 1276 2917 a
1311 2864 1472 2919 beato
1507 2868 1818 2925 Alexandro
1848 2875 2053 2928 consti-

463 2957 617 3006 tutus
648 2951 843 3006 luerat.
871 2952 973 3018 Qui
1005 2969 1129 3009 mox
1160 2964 1218 3008 ut
1239 2959 1622 3013 Alexandriam
1658 2965 1826 3025 venit,
1855 2974 1909 3019 et
1940 2967 2052 3036 epi-

2161 504 2270 557 ἀπὸ
2311 504 2421 559 τῶν
2469 507 2784 561 ἀποστόλων
2836 509 2932 562 καὶ
2987 510 3284 580 προφητῶν
3328 513 3732 583 παραδοθεῖἑαι.

2173 595 2633 667 ’Υπογραψάντων
2664 598 2721 652 δὲ
2769 599 2880 652 τῶν
2918 601 3233 654 ἐπισκόπων
3286 605 3366 666 εἰς
3395 603 3619 676 ταύτην,
3651 610 3733 662 καὶ

2161 683 2680 755 ἁναθεματισὰντων
2717 686 2818 758 τὴν
2860 689 3296 759 Ἀρειομανίτιδα
3331 693 3568 763 αἵρεσιν,
3606 696 3733 752 οὕτω

2159 775 2471 847 γεγένηται.
2503 779 2657 848 ’Ἅμα
2705 778 2762 832 δὲ
2813 779 2910 833 καὶ
2939 781 2997 832 ἐν
3027 780 3104 851 τῷ
3133 781 3283 853 αὐτῷ
3337 786 3569 850 κανόνας
3596 790 3732 854 τινας

2159 867 2360 936 ἔθηκαν
2391 870 2448 922 ἐν
2493 872 2558 940 τῇ
2597 869 2800 941 συνόδῳ
2855 871 3361 941 ὲκκλησιαστικοὺς·
3402 877 3541 946 όμοῦ
3569 878 3624 931 δὲ
3653 883 3733 934 καὶ

2160 959 2286 1029 περὶ
2315 958 2407 1011 τοῦ
2430 959 2620 1029 Πάσχα
2648 959 2854 1032 ὥρισαν
2882 961 3010 1031 μίαν
3028 961 3222 1014 ἕνωσιν
3259 964 3354 1017 καὶ
3374 965 3627 1034 ὁμόνοιαν
3646 970 3732 1039 τὴν

2159 1049 2321 1118 ἀγίαν
2357 1050 2491 1103 Θεοῦ
2537 1052 2839 1122 πανάρετον
2871 1053 3088 1124 ἡμέραν
3114 1054 3383 1123 γίνεσθαι·
3411 1059 3601 1130 ἐπειδὴ
3628 1061 3732 1114 δια-

2159 1143 2339 1212 φόρως
2371 1143 2523 1213 παρά
2541 1160 2683 1196 τισιν
2706 1143 3054 1212 ἐφυλάττετο.
3096 1147 3160 1198 Ol
3193 1146 3291 1216 μὲν
3323 1147 3432 1220 γὰρ
3468 1151 3732 1222 προελάμ-

2159 1236 2340 1299 ϐανον,
2373 1237 2423 1288 οἱ
2468 1235 2526 1289 δὲ
2559 1235 2850 1306 ὲμέσαζον,
2895 1237 2945 1290 οἱ
2983 1237 3041 1291 δὲ
3089 1238 3384 1308 μετέπειτα
3432 1242 3730 1298 ἐπετέλουν

2158 1330 2254 1382 καὶ
2307 1328 2492 1393 ἁπλῶς
2537 1329 2708 1401 πολλὴ
2742 1331 2944 1402 φράσις
2983 1333 3000 1363 ⁸
3042 1326 3112 1403 ἦν
3158 1335 3278 1386 κατ’
3313 1336 3492 1388 ἐκεῖνο
3530 1338 3731 1408 καιροῦ.

2158 1419 2376 1474 Τούτων
2413 1420 2469 1473 δὲ
2497 1422 2526 1473 ὁ
2552 1421 2684 1485 Θεὸς
2729 1422 2792 1476 τὸ
2828 1423 3162 1495 κατόρθωμα
3192 1425 3283 1479 διὰ
3319 1427 3413 1480 τοῦ
3443 1430 3732 1500 μακαρίτου

2158 1513 2569 1567 Κωνσταντίνου
2620 1513 2950 1584 ὲϐρόισευσεν
3003 1515 3228 1588 εἰρήνης
3278 1517 3460 1588 χάριν.
3520 1520 3607 1583 Ὠς
3651 1517 3732 1575 οὖν

2158 1606 2557 1676 ἀνεθεμτίσθη
2587 1607 2616 1658 ὁ
2649 1607 2890 1678 Ἀρειος,
2922 1606 3018 1660 καὶ
3064 1605 3238 1661 ταῦτα
3263 1608 3436 1673 οὕτως
3467 1611 3730 1683 ἐπράχθη,

2157 1700 2214 1752 ἐν
2245 1698 2323 1768 τῷ
2348 1698 2495 1769 αὐτῷ
2518 1699 2626 1752 ἔτει
2657 1698 2891 1752 παύεται
2930 1699 3043 1770 (85)
3096 1699 3445 1772 Ἀλέξανδρος
3473 1703 3572 1755 τοῦ
3604 1703 3730 1774 βίου,

2155 1791 2248 1845 καὶ
2279 1791 2582 1862 διαδέχεται
2621 1791 2784 1845 αὐτὸν
2821 1791 3089 1861 ’Δχιλλᾶς.
3123 1787 3232 1845 Ἦν
3278 1792 3335 1846 δὲ
3395 1793 3494 1848 καὶ
3528 1795 3731 1859 Batavi;

2154 1868 2519 1944 κατασταθεὶς
2571 1880 2678 1935 ὑπὸ
2723 1879 2834 1934 τῶν
2866 1880 3241 1951 Μελητιανῶν.
3278 1882 3412 1935 Τότε
3441 1883 3730 1953 διαδέχεται

2156 1973 2412 2044 Ἀχιλλᾶν
2431 1973 2520 2027 τὸν
2552 1973 2847 2027 ἐπίσκοπον
2869 1972 3170 2042 ποιήσαντα
3195 1973 3371 2044 μῆνας
3395 1978 3550 2044 τρεῖς
3589 1977 3733 2029 Ἀθα-

2152 2066 2340 2128 νάσιος
2386 2068 2416 2119 ό
2457 2065 2788 2136 μακαρίτης,
2816 2063 2893 2119 ὢν
2932 2063 3053 2116 τότε
3083 2063 3329 2128 διάκονος
3368 2065 3729 2138 ’Λλεξάνὸῳω

2155 2159 2250 2211 καὶ
2283 2159 2373 2210 ὑπ’
2419 2157 2586 2210 αὑτοῦ
2622 2157 3031 2228 ἀπεσταλμένος
3057 2156 3151 2210 ἐπὶ
3178 2156 3238 2210 τὸ
3282 2160 3616 2228 κομητᾶτον,
3641 2153 3681 2226 ᾧ
3709 2162 3732 2212 ὁ

2168 2251 2536 2322 Ἀλέξανδρος,
2574 2249 2782 2320 μέλλων
2824 2248 3102 2320 τελευτᾷν,
3138 2249 3514 2320 παρήγγειλεν
3548 2251 3731 2304 ἀποδο-

2156 2343 2315 2414 θῆναι
2345 2343 2442 2414 τὴν
2476 2341 2824 2396 ὲπισκοπίαν.
2860 2341 3024 2404 Ἐθος
3059 2341 3116 2394 δὲ
3145 2341 3202 2392 ἐν
3247 2341 3626 2412 Ἀλεξανδρεία
3667 2344 3731 2412 μὴ

2155 2437 2424 2508 χρονίζειν
2466 2433 2604 2505 μετὰ
2641 2433 2896 2504 τελευτὴν
2923 2431 3224 2486 ἐπισκόπου
3248 2433 3376 2496 τοὺς
3408 2432 3730 2502 καθισταμέο

2154 2548 2297 2595 νους,
2327 2528 2441 2582 ἀλλ’
2494 2529 2612 2598 ἆμα
2644 2526 2891 2596 γίνεσθαι
2928 2528 3153 2598 εἰρήνης
3186 2527 3371 2589 ἕνεκα,
3403 2525 3501 2579 τοῦ
3540 2525 3615 2596 μὴ
3642 2543 3732 2576 πα-

2156 2615 2420 2688 ρατριϐὰς
2450 2614 2701 2683 γενέσθαι
2733 2617 2791 2670 ὲν
2823 2617 2934 2678 τοῖς
2980 2615 3150 2679 λαοῖς,
3194 2616 3302 2668 τῶν
3343 2615 3441 2685 μὲν
3473 2615 3626 2668 τόνδε
3654 2613 3729 2667 θεο

2151 2709 2372 2771 λόντων,
2401 2706 2510 2760 τῶν
2535 2707 2593 2760 δὲ
2621 2707 2789 2761 τόνδε.
2811 2707 3166 2778 Κατέστησαν
3195 2706 3251 2760 δὲ
3283 2707 3350 2760 δι’
3367 2707 3637 2778 ἀνάγκην,
3667 2706 3733 2775 μὴ

2152 2801 2418 2870 παρόντος
2481 2799 2821 2863 Ἀθανασίου,
2879 2799 3151 2870 Ἀχιλλᾶν.
3209 2799 3267 2852 ’Θ
3326 2800 3383 2853 δὲ
3439 2800 3628 2872 θρόνος
3673 2794 3734 2867 ἦν

2151 2889 2246 2942 καὶ
2275 2889 2308 2958 ἡ
2341 2887 2610 2959 ἱερωσύνη
2649 2887 3048 2958 ἑτοιμαζομένη
3093 2886 3170 2958 τῷ
3206 2889 3269 2941 ὲκ
3302 2886 3438 2941 Θεοῦ
3473 2886 3735 2960 κεκλημέ-

2150 2998 2248 3050 νῳ,
2303 2981 2398 3033 καὶ
2427 2979 2536 3032 ἀπὸ
2584 2978 2678 3032 τοῦ
2708 2979 3014 3050 μακαρίτου
3061 2978 3408 3050 Ἀλεξάνδρου
3429 2979 3730 3051 ὡρισμένῳ.

465 3056 669 3112 scepus
728 3054 949 3100 creatus
992 3055 1098 3113 est,
1144 3048 1449 3103 vehementi
1508 3052 1790 3122 religionis
1846 3055 2049 3114 ardore

2166 3048 2319 3124 Ἐπεὶ
2364 3066 2480 3135 οὖν,
2517 3048 2763 3134 ἐλθόντος
2811 3048 3132 3125 ’Δθανασίου
3174 3048 3440 3142 (86),-κα“ι
3470 3048 3735 3126 κατασταο

465 3140 731 3195 aastuans,
761 3147 826 3188 ac
861 3134 1199 3204 deplorando
1236 3136 1497 3194 Ecclesiae
1536 3151 1681 3198 statu
1719 3157 2047 3215 conunotus,

468 3238 596 3280 cum
631 3224 833 3294 ubique
860 3228 1271 3293 conventicula,
1307 3245 1370 3284 ac
1400 3233 1584 3302 populi
1622 3235 1857 3291 divortia
1888 3255 1918 3293 a
1944 3239 2054 3296 Me—

467 3314 688 3373 lotianis
721 3317 931 3384 llcrent,
964 3318 1036 3372 ob
1065 3335 1184 3373 eam
1222 3336 1445 3375 causam
1491 3341 1654 3394 quam
1695 3343 1861 3398 supra
1894 3346 2058 3403 expo-

467 3407 700 3473 animus,
734 3425 855 3463 cum
881 3409 948 3465 de
981 3409 1268 3466 Meletiano
1297 3413 1591 3472 schismate
1623 3433 1933 3489 ageremus,
1964 3425 2055 3480 ille

468 3500 744 3557 Ecclesias
798 3504 1123 3558 consociare
1177 3517 1230 3560 et
1281 3507 1345 3561 ad
1407 3513 1758 3566 concordiam
1808 3517 2054 3588 redigere

468 3593 720 3662 cupiens,
749 3594 1092 3665 increpandi,
1118 3599 1484 3654 connninandi
1520 3612 1573 3657 et
1603 3603 1858 3662 hortandi
1893 3609 2050 3666 linem

472 3684 680 3736 nullmn
711 3682 965 3748 faciebat,
991 3689 1339 3744 auscultante
1369 3693 1604 3748 nemine.
1632 3696 1711 3749 Ex
1732 3713 1841 3766 quo
1863 3714 2054 3758 omnes

471 3777 576 3831 ille
620 3787 811 3830 contra
863 3779 1041 3848 ipsum
1095 3781 1270 3836 turba:
1322 3783 1570 3840 conﬂata:
1614 3803 1677 3842 ac
1726 3801 2055 3861 comparatae.

469 3877 621 3935 Sunt,
663 3870 733 3923 ob
761 3869 1020 3926 cxin'tium
1057 3873 1204 3928 illius
1240 3875 1515 3943 ardorem,
1550 3893 1615 3934 ac
1643 3883 1882 3938 studium
1913 3885 2053 3942 divi-

473 3965 622 4018 nitus
653 3964 706 4017 in
740 3979 862 4018 cum
912 3981 940 4018 a
990 3965 1100 4020 Deo
1150 3968 1432 4026 collatum.
1466 3971 1596 4039 Qua.-
1641 3990 1729 4031 res
1772 3993 1837 4033 eo
1883 3995 2056 4052 usque

475 4057 767 4126 processit,
817 4066 877 4112 ut
921 4058 1241 4129 frequenter
1289 4065 1480 4119 exsilia
1530 4069 1878 4135 sustinuerit,
1908 4075 2056 4129 etab

473 4150 716 4212 Arianis,
747 4150 840 4220 qui
873 4163 985 4205 tum
1022 4153 1230 4210 viribus
1259 4170 1323 4210 ac
1355 4159 1596 4227 potentia
1630 4161 1927 4231 pollebant,
1960 4182 2057 4236 per

475 4255 746 4297 summam
783 4241 1163 4313 indignitatem
1196 4250 1705 4309 excommunicatus
1738 4253 1923 4312 fuerit.
1957 4256 2056 4314 Ve-

471 4349 592 4389 rum
627 4335 692 4390 de
734 4334 795 4389 Β.
826 4335 1130 4393 Athanasio
1159 4337 1444 4397 hactenus.
1474 4341 1607 4409 Quae
1643 4347 1788 4400 enim
1829 4349 1894 4404 ad
1928 4366 2052 4405 eum

473 4426 799 4491 attinebant,
837 4444 1003 4500 supra
1035 4431 1090 4484 in
1127 4430 1415 4488 Meletiano
1445 4437 1745 4496 schismate
1778 4441 2052 4498 declarata
2087 4466 2132 4522 ι)

472 4532 619 4578 sunt.

2157 3163 2362 3228 θέντος,
2390 3162 2543 3228 όντος
2592 3163 2721 3234 περὶ
2742 3161 2840 3233 τὴν
2875 3163 3058 3216 πίστιν
3105 3160 3348 3233 ζηλωτοῦ
3376 3162 3606 3234 σφόδρα,
3650 3164 3736 3216 καὶ

2154 3256 2255 3326 τῆς
2293 3255 2617 3326 Ἐκκλησίας
2644 3256 3110 3327 ὑπερπάσχοντος,
3142 3254 3240 3326 ἤδη
3269 3255 3548 3321 συνάξεων
3567 3255 3735 3324 πάντη

2156 3351 2250 3404 καὶ
2267 3349 2695 3419 ἀποσπάσματος
2722 3347 2830 3400 τῶν
2858 3347 3004 3400 λαῶν
3031 3347 3332 3416 γινομένων
3364 3347 3471 3399 ὑπὸ
3501 3347 3612 3400 τῶν
3633 3349 3736 3401 Με-

2155 3439 2422 3510 λητιανῶν
2475 3438 2824 3510 καλουμένων
2875 3438 2942 3492 δι’
2996 3440 3063 3510 ἢν
3091 3441 3148 3491 ὲν
3192 3441 3258 3509 τῇ
3310 3439 3439 3510 περὶ
3472 3440 3734 3510 Μελητίου

2157 3531 2412 3587 ὑποθέσει
2459 3531 2638 3586 αἰτίαν
2692 3529 3097 3602 προδεδήλωκα,
3152 3531 3248 3583 καὶ¹
3287 3529 3617 3602 βουλομένου
3645 3531 3736 3601 τὴν

2159 3625 2447 3680 συνένωσιν
2477 3625 2576 3694 τῆς
2616 3624 2938 3695 Ἐκκλησίας
2961 3623 3315 3694 ποιήσασθαι,
3347 3624 3619 3687 ἐνεκάλει,
3651 3625 3735 3678 καὶ

2157 3716 2394 3786 ἠπείλει,
2422 3715 2691 3769 ἐνουθέτει
2713 3733 2792 3779 τε,
2825 3716 2919 3769 καὶ
2946 3715 3580 3785 οὐδεὶς.ὴνείχετο.”0οεν
3606 3717 3731 3769 πάν-

2157 3827 2227 3865 τα
2255 3811 2322 3864 τὰ
2351 3812 2471 3864 κατ’
2505 3808 2668 3862 αὐτοῦ
2728 3809 3014 3880 κινηθέντα
3069 3810 3134 3862 ἐκ
3161 3807 3257 3862 τοῦ
3309 3808 3733 3880 ὑπερϐάλλοντος

2157 3905 2215 3958 ὲν
2237 3903 2383 3973 αὐτῷ
2412 3903 2594 3957 θεόθεν
2624 3903 2785 3975 ζήλου
2806 3902 3054 3974 ἐπράχθη
3091 3919 3150 3955 τε
3199 3902 3290 3955 καὶ
3309 3903 3728 3974 συνεσκευάσθη·

2157 3994 2298 4047 ὥστε
2333 3993 2426 4047 καὶ
2480 3993 2695 4063 ἐξορίσις
2745 3992 2908 4046 αὐτὸν
2967 3993 3279 4062 ὑπομεῖναι,
3327 3991 3423 4045 καὶ
3469 3993 3576 4062 τῆς
3635 3993 3732 4045 τῶν

2172 4086 2462 4158 Ἀρειανῶν
2525 4069 2980 4156 μεταβυναστείας
3018 4088 3037 4117 ²
3081 4084 3431 4156 ἁδικωτάτης
3448 4085 3733 4154 ἀκοινωνη·

2159 4182 2301 4245 σίας.
2353 4179 2514 4233 ’Λλλά
2533 4173 2674 4251 περὲ
2691 4178 2785 4232 τοῦ
2812 4179 3118 4251 μακαρίτου
3171 4178 3490 4232 Ἀθανασίου
3520 4179 3628 4243 ἕως
3656 4179 3732 4232 ἐν·

2158 4273 2331 4326 ταῦοα
2359 4272 2549 4342 ἐχέτω.
2601 4270 2840 4342 Ἐρρήοη
2876 4269 2985 4340 γὰρ
3017 4267 3084 4322 τὰ
3121 4267 3240 4322 κατ’
3270 4268 3434 4322 αὐτὸν
3485 4268 3632 4323 κατὰ
3654 4267 3735 4323 k-

2161 4365 2420 4418 πτότατον
2459 4363 2570 4417 ἄνω
2588 4362 2646 4415 ὲν
2675 4363 2740 4433 τῇ
2767 4360 3037 4415 Μελυτίου
3074 4357 3347 4414 ὑποθέσει.

544 4681 558 4710 ⁸
590 4676 650 4731 F.
685 4678 904 4747 φύρσις.
980 4683 1000 4713 ¹
1027 4681 1085 4736 F.
1117 4683 1254 4754 μετὰ
1280 4685 1525 4752 δυναστ.,
1558 4690 1652 4744 sed
1685 4703 1977 4764 corruptus
2007 4695 2053 4750 hi

2163 4712 2319 4750 OCllS.

546 4807 870 4922 (θῦίτξΕντῷ
894 4830 1050 4902 αὺῖῷ
1077 4839 1194 4922 ἔτει
1212 4842 1482 4922 παύεται..
1502 4843 1756 4922 Quinque
1770 4851 2062 4922 Aniensibus
2169 4851 2410 4922 phanius
2444 4850 2690 4910 Aclnillze,
2727 4848 2818 4918 qui
2851 4845 3366 4922 postiAlexandrum
3385 4861 3417 4901 a
3445 4844 3735 4900 Caurolieis

476 4907 906 4997 postilﬁcmnam
945 4910 1297 4997 οεχιιοιιιιιιι,α
1324 4914 1413 4997 ιιίιΔ
1437 4907 1709 4997 Albanas.
1747 4907 1904 4986 Αροι.
1942 4922 1976 4974 2
2011 4933 2064 4977 et

488 4977 879 5032 l‘heodoretus.
945 4977 1052 5033 Sed
1094 4998 1215 5050 qum
1268 4982 1335 5038 de
1386 4984 1698 5040 Alexandro
1743 4977 2062 5048 successore

475 5059 585 5102 tam
630 5050 910 5128 hog‘locp,
945 5066 1108 5128 quam
1168 5053 1220 5105 in
1273 5057 1555 5128 superiore
1588 5059 1784 5115 haeresi
1819 5077 1970 5114 num.
2005 5063 2059 5128 6,

481 5129 667 5175 narrat
714 5119 1068 5188 Epiphanius,
1110 5137 1234 5177 cum
1281 5119 1506 5182 historia
1555 5131 1706 5183 nullo
1737 5131 1898 5184 modo
1925 5149 2048 5186 con-

479 5191 743 5263 sentiunt.
770 5191 882 5245 Hoc
904 5194 1046 5245 enim
1072 5204 1533 5252 constatanortuo
1570 5201 1906 5263 Alexandro,
1934 5205 2056 5257 nul-

479 5261 589 5314 lum
629 5261 794 5342 alium
826 5265 1181 5342 successisse
1214 5269 1812 5342 prmler_Athauasium
1843 5291 1854 5326 :
1883 5261 2048 5342 idque

479 5332 1032 5414 communinruunium
1065 5332 1319 5414 ordinum
1355 5339 1631 5395 voluntate
1661 5357 1724 5396 ac
1753 5332 2045 5414 sullragio;

483 5403 559 5456 uti
598 5403 860 5480 synodica
887 5405 1243 5480 Alexandrini
1286 5425 1580 5480 consessus
1614 5414 1841 5480 cpistola
1883 5403 2050 5468 ιιῖειςιὲ

481 5479 572 5554 tur
623 5471 1277 5554 apudnAthan_._Apol._2.
1312 5478 1540 5554 Frustra
1597 5471 1761 5554 igitur
1818 5485 2050 5554 Epipha-

484 5543 609 5624 nius
646 5543 922 5624 IAehillam
974 5543 1283 5624 Alexandro
1332 5543 1685 5624 subrogatuvm
1720 5543 1876 5608 dicit:
1911 5543 2045 5610 Nam

484 5623 608 5688 post
637 5611 866 5688 Petrum
917 5613 1103 5688 sedem
1160 5618 1304 5674 illam
1348 5611 1546 5688 tenuit,
1577 5631 1632 5676 et
1671 5639 2048 5682 successorem

485 5683 676 5740 habuit
738 5683 1449 5762 Alesandrum;seditque
1517 5683 1720 5748 annum
1785 5694 2054 5751 duntaxat

487 5770 678 5823 unum,
703 5764 760 5810 ut
786 5753 1127 5826 NlCt‘plIOI'US
1172 5759 1224 5816 in
1271 5753 1529 5819 Chronico
1558 5764 1799 5838 scripsit.
1827 5767 1894 5822 At
1925 5765 2053 5842 Epi-

2169 4916 2504 4997 ὲιιΙ-ιδιὶιιιιιιε
2535 4933 2639 4985 est,
2668 4916 2884 4997 menses
2907 4920 3244 4997 tribttittres,
3267 4916 3578 4986 eodemque
3609 4929 3732 4997 teni-

2168 5010 2300 5064 pore
2352 4991 2391 5045 Τ
2401 4995 2627 5046 heonam
2677 5009 2705 5043 ιι
2765 4989 3068 5064 ltleletianis
3129 4987 3440 5043 ordinatum
3499 4988 3730 5044 asserit:

2165 5061 2322 5139 quod
2347 5079 2507 5117 nemo
2532 5065 2674 5139 alius
2716 5061 2970 5139 prodidi!-
3041 5131 3140 5139 ’,Α
3318 5127 3329 5139 ,
3443 5125 3511 5139 ,η
3582 5128 3592 5138 .
3651 5127 3660 5136 .

2237 5134 2348 5203 (86)
2385 5133 2548 5188 Ἐπεὶ
2588 5125 3021 5203 οὖν’ἐλθόττος
3041 5127 3420 5203 Ἀθανασίου.
3443 5125 3627 5203 Nimis
3651 5127 3732 5203 im:

2202 5196 2451 5276 ndeutcr,
2480 5211 2538 5276 et
2580 5213 2834 5276 proterve
2869 5199 3218 5276 Ctlll-Iel'ttt‘ills
3250 5199 3300 5253 in
3329 5197 3646 5276 Appendice
3673 5196 3730 5276 ad

2202 5220 2451 5269 udeutcr,
2480 5220 2533 5258 et
2580 5220 2833 5274 pretervc
2869 5220 3218 5255 υιιιιιθΐιιτιιιις
3250 5220 3300 5253 Ill
3329 5220 3646 5278 npppuuwc
3673 5220 3730 5276 an

2159 5220 2452 5343 gicephori
2479 5273 2774 5328 Chronicon
2805 5273 2871 5326 de
2905 5269 3204 5349 Athanasio
3242 5285 3406 5349 suum
3439 5276 3732 5349 Interpmnt

2156 5340 2461 5414 judicium;
2499 5354 2554 5400 et
2579 5358 2894 5420 quanquam
2935 5340 3623 5420 ingentianimoveritatis
3647 5352 3730 5406 pa-

2162 5409 2459 5471 trocinium
2509 5409 2823 5491 sus-cepisse
2873 5409 3130 5491 fateatur,
3171 5411 3293 5480 plus
3347 5409 3729 5491 illumutamen

2159 5503 2324 5557 quam
2369 5479 2694 5561 oporteret;
2717 5485 2832 5540 suis
2859 5555 2870 5561 _
2902 5482 3201 5561 indulsisse
3244 5479 3652 5561 cupiditatibus
3685 5487 3729 5531 et

2159 5547 2320 5616 saera
2350 5547 2594 5628 profanis
2617 5547 2911 5633 aliquando
2941 5551 3230 5633 miscuisse
3256 5547 3433 5633 docet.
3460 5551 3602 5616 Quis
3633 5547 3728 5601 Lu-

2160 5619 2423 5685 theran'as
2454 5631 2589 5684 istas
2618 5619 2777 5683 faeces
2832 5633 3043 5680 tantum
3086 5621 3190 5704 sibi
3219 5619 3728 5704 Δξιιιθιιοίιιι.ειιιιιιειιε

2158 5702 2386 5756 iniretur
2423 5701 2600 5770 potius
2631 5714 2794 5771 (plain
2825 5701 3101 5752 communi
3127 5701 3342 5764 pietatis
3361 5705 3585 5748 nomine
3610 5705 3727 5748 sut-

2159 5772 2416 5850 censeat?
