3826 6206
111 328 208 390 29-!

747 343 1118 404 ADVERSUS
1155 347 1502 407 HA'IBESES
1539 351 1667 410 LIB.
1707 349 1774 409 Il.
1818 354 1983 412 TORI.
2026 356 2178 413 ll.—
2205 357 2484 418 ΠᾸΞΒΕΒ.
2525 361 2713 418 LXIX.

3278 364 3385 422 ἓἶὲ

183 463 279 516 IBl.
313 465 533 537 Ἄρειος
569 465 750 520 τοίνυν
781 460 936 532 οὗτος
965 469 1296 542 ὲνεπνεύσοη
1328 471 1432 525 ὑπὸ
1455 472 1692 527 διαϐολι-

1871 476 1988 534 ΧΙΙ.
2027 477 2211 534 Redeo
2237 479 2347 550 jam
2381 479 2446 536 ad
2482 482 2693 548 Arium,
2727 481 2818 550 qui
2856 479 3081 552 pessimi
3117 481 3381 538 daemonis

103 555 214 626 Διιῆς
249 559 550 628 ἐνεργείας,
599 561 694 613 καὶ
723 559 1148 632 ἀϐυρογλώττιιις
1188 564 1506 636 ἁναισχυντλ⁵
1537 565 1698 638 φερό-

85 629 294 716 ’μινος,
348 649 556 721 ἐπῆρεν
613 651 778 704 αὑτοῦ
829 629 930 722 τὴν
970 651 1216 721 γλῶτταν
1253 629 1393 708 κατά
1426 629 1694 712 foli-[5.501)

85 729 412 806 ³Δεσπὸτου,
430 737 492 798 ἐξ
518 741 696 813 ἀρχῆς
725 742 886 812 δῆθεν
907 741 1005 814 τὴν
1033 741 1184 814 παρά
1214 745 1292 816 τῷ
1324 745 1594 818 Σολομῶνι
1637 750 1696 802 ἐν

103 831 230 892 ταῖς
287 831 452 884 αὑτοῦ
503 833 836 904 Παροιμίαιε
867 833 1086 900 λέξεσιν
1138 836 1472 908 ἑρμηνεῦσαι
1513 837 1698 910 βουλό-

108 937 298 990 μενος,
322 921 406 984 τὸ,
447 923 500 976 '0
533 925 750 991 Κύριος
766 923 968 978 ἐκτισέ
984 941 1062 994 με
1089 925 1292 995 ἀρχὴν
1307 925 1463 981 ὁδῶν
1486 928 1694 994 αὐτοῦ,

107 1013 224 1080 πρὸ
249 1012 358 1068 τοῦ
387 1012 971 1084 αἰῶνος-ἐθεμελίωσέ
983 1033 1082 1085 με.
1126 1018 1229 1070 Ἐν
1254 1015 1414 1087 ἀρχῇ
1443 1019 1556 1088 πρὸ
1589 1017 1698 1074 τοῦ

103 1103 224 1170 τὴν
271 1104 392 1174 γῆν
444 1105 720 1174 ποιῆσαι,
761 1105 860 1160 καὶ
898 1107 1013 1174 πρὸ
1069 1109 1177 1162 τοῦ
1231 1109 1340 1176 τὰς
1388 1111 1700 1180 ἀϐύσσους

103 1195 382 1265 ποιῆσαι,
415 1197 532 1268 πρὸ
568 1197 674 1252 τοῦ
703 1200 1022 1268 προελθεῖν
1045 1200 1152 1268 τὰς
1178 1203 1375 1273 πηγὰς
1403 1203 1522 1257 τῶν
1548 1204 1698 1260 ὑδά-
1785 1213 1788 1216 ‘

103 1303 248 1350 των,
301 1289 416 1357 πρὸ
471 1289 582 1342 τοῦ
640 1290 746 1359 ὅρη
791 1291 1176 1361 ἑδρασθῆναι,
1207 1293 1320 1361 πρὸ
1353 1291 1422 1348 δὲ
1457 1293 1702 1350 πάντων

99 1381 356 1445 ,Βουνῶν
397 1381 584 1453 γεννᾷ
615 1374 723 1453 ’με
773 1385 968 1439 Ἔνθεν
1006 1385 1154 1458 αὐτῷ
1209 1387 1242 1458 ἡ
1287 1389 1564 1460 εἰσαγωγὴ
1599 1389 1701 1459 τῆς

101 1471 322 1544 πλάνης
351 1475 661 1546 γεγένηται.
681 1477 790 1528 Καὶ
822 1478 920 1530 οὐκ
945 1477 1166 1549 ᾐδέσθη,
1203 1481 1295 1533 καὶ
1315 1481 1365 1533 οἱ
1389 1481 1556 1534 αὑτοῦ
1590 1499 1694 1552 μα-

103 1568 296 1638 θηταὶ,
337 1569 544 1638 κτίσμα
596 1567 892 1622 ἀποκαλεῖν
921 1571 1014 1624 τὸν
1062 1571 1133 1624 τὰ
1185 1571 1364 1626 πάντα
1413 1573 1698 1639 κτίσαντα,

99 1659 192 1712 τὸν
227 1660 300 1712 ἐκ
343 1658 560 1730 Πατρδς
589 1658 836 1730 άχρὸνως
875 1661 968 1713 καὶ
1002 1661 1256 1732 ἀνάρχως
1301 1662 1700 1734 γεγεννημένον

101 1751 304 1820 Λόγον.
333 1750 534 1804 Λοιπὸν
558 1750 614 1804 δὲ
638 1749 746 1804 ἀπὸ
767 1751 862 1804 τοῦ
895 1751 1014 1815 ἑνὸς
1035 1752 1226 1806 τούτου
1271 1753 1430 1822 λόγου
1469 1755 1550 1818 εἰς
1572 1755 1702 1808 πολ-

101 1842 202 1905 λάς
223 1843 326 1895 καὶ
359 1841 536 1904 κακὰς
565 1841 786 1913 τρίϐους
808 1842 1007 1904 ἐλάσας
1027 1843 1124 1913 τὴν
1147 1842 1339 1897 ἑαυτοῦ
1361 1843 1699 1916 κακότροπον
1733 1835 1772 1892 Β

101 1931 364 2004 γνώμην,
411 1932 505 1986 καὶ
531 1933 580 1984 οί
636 1931 732 1985 ἀπ’
773 1931 938 1985 αὑτοῦ
986 1932 1220 2004 διάδοχοι
1261 1935 1450 2008 μυρία,
1485 1935 1579 1988 καὶ
1604 1937 1702 1988 ἑπ-

102 2023 294 2078 btst
325 2025 409 2084 εἰς
427 2023 520 2076 τὸν
541 2021 670 2076 Υἱδν
691 2021 786 2075 τοῦ
816 2021 951 2076 Θεοῦ
983 2023 1078 2076 καλ⁵
1101 2025 1182 2087 είς
1209 2025 1270 2078 τὸ
1302 2024 1456 2092 ἆγιον
1477 2025 1700 2096 Πνεῦμα

103 2113 504 2184 βλασφημῆσαι
551 2111 934 2184 ἐπεχείρησαν.
991 2113 1308 2184 Παρὲλυσαν
1364 2114 1440 2178 δὲ,
1479 2114 1554 2179 ὡς
1611 2116 1688 2167 εἰ-

101 2207 249 2267 πεῖν,
282 2183 344 2257 τδ
363 2206 548 2272 στῖφος
573 2202 668 2256 καὶ
699 2183 797 2273 τὴν
823 2183 1200 2274 ὀμόνοιανίτῆς
1225 2204 1385 2273 ἁγίας
1415 2206 1508 2260 καὶ
1529 2204 1691 2278 6900-

100 2295 256 2362 δόξου
281 2295 522 2358 πίστεως
559 2295 652 2348 καὶ
703 2293 1048 2365 Ἐκκλησίας,
1080 2295 1141 2348 οὐ
1167 2295 1253 2350 διὰ
1277 2297 1374 2368 τῆς
1402 2297 1585 2352 αὐτῶν
1618 2296 1702 2350 δυ-

101 2387 328 2457 νάμεως
377 2386 412 2458 ἢ
467 2387 678 2456 σοφίαςο
729 2385 897 2454 ὀλίγοι
943 2385 1052 2459 γάρ
1114 2387 1164 2441 οἱ
1215 2387 1648 2460 προσκληθέντες
1682 2388 1700 2420 ι

103 2477 480 2548 ἠπατημένοι,
523 2476 710 2533 πολλοὶ.
739 2476 796 2528 δὲ
846 2477 895 2529 οἱ
947 2477 1234 2549 ὑποκρίσει
1266 2479 1698 2544 ὑπεισδύνοντες.

105 2567 302 2622 Πολλοὶ
331 2567 393 2620 δὲ
426 2565 522 2620 καὶ
547 2566 688 2620 κατὰ.
718 2565 838 2636 βίαν
880 2567 954 2638 μὴ
985 2565 1201 2636 ἔχοντες
1237 2565 1410 2631 οὕτως
1457 2553 1702 2622 κοινωνοὶ

101 2661 216 2723 τοις
235 2659 429 2722 αὐτοῖς
453 2657 832 2728 τυγχάνουσιν.
864 2657 1052 2721 Οὐδεὶς
1079 2657 1134 2711 δὲ
1184 2657 1390 2712 τούτων
1422 2658 1700 2730 πρόξενος,

103 2751 242 2806 ἀλλὰ
279 2750 502 2822 πρῶτον
559 2750 658 2821 μὲν
702 2750 994 2820 δοκιμασία
1043 2750 1272 2814 πιστῶν,
1331 2750 1592 2820 βασιλέων
1644 2751 1702 2804 δὲ

105 2843 558 2914 ὑπερασπισμδς,
579 2841 721 2914 ἀρχὴ
749 2841 846 2912 μὲν
875 2841 1254 2904 Κωνστάντιος
1273 2842 1304 2893 ὁ
1342 2841 1612 2912 βασιλεὺς,
1631 2841 1702 2895 τά

109 2937 206 3010 μὲν
249 2937 393 2992 ἄλλα
421 2937 595 2991 πάντα
621 2937 794 3005 πρᾶος
829 2935 924 2989 καὶ
956 2935 1179 3002 ἀγαθὸς,
1213 2933 1289 2996 ὡς
1333 2935 1450 2998 υἱὸς
1487 2931 1580 2984 τοῦ
1607 2953 1702 3005 με-

105 3029 274 3099 γάλου
317 3029 420 3082 καὶ
453 3027 660 3081 τελείου
693 3027 1104 3080 Κωνσταντίνου
1127 3024 1222 3079 τοῦ
1256 3025 1560 3090 θεοσεϐοῦς,
1611 3026 1704 3078 καὶ

107 3121 292 3176 πίστιν
329 3119 502 3192 ὀρθὴν
546 3118 814 3190 ἀληθινῶς
869 3118 1264 3186 πεφυλακὸτος,
1323 3117 1418 3170 καὶ
1448 3117 1612 3171 αὐτοῦ
1645 3118 1701 3171 δὲ

106 3211 198 3266 τοῦ
226 3210 618 3265 Κωνσταντίου
653 3209 764 3280 (87)
812 3208 1098 3274 θεοσεϐοῦς
1144 3208 1317 3274 δντος,
1371 3209 1464 3262 καὶ
1493 3208 1701 3278 ἁγαῦοὖ

107 3299 247 3354 κατὰ
285 3298 520 3362 πολλοὺς
546 3298 802 3370 τρόπουςο
833 3299 892 3350 ὲν
927 3296 1102 3369 τούτῳ
1131 3297 1186 3351 δὲ
1223 3298 1404 3368 μόνον,
1435 3299 1493 3352 ἐν
1518 3299 1596 3370 τῷ
1629 3299 1704 3372 μὴ

107 3391 248 3445 κατά
281 3391 390 3462 τὴν
417 3390 606 3443 πίστιν
637 3390 732 3444 τοῦ
775 3389 978 3460 πατρὸς
1004 3389 1168 3442 αὑτὸν
1187 3389 1504 3454 ὡδευκέναι,
1532 3391 1702 3461 ἐσφά-

107 3485 192 3554 λη,
221 3484 332 3537 οὐκ
355 3483 454 3551 ἀφ’
493 3482 688 3536 ἑαυτοῦ
719 3481 919 3546 αίτίας,
959 3481 1098 3536 ἀλλὰ
1125 3481 1234 3536 ἀπὸ
1261 3481 1372 3537 τῶν
1401 3483 1704 3553 μελλόντων

105 3575 296 3631 δοῦναι
337 3575 502 3645 λόγον
539 3576 618 3639 είς
665 3574 882 3646 ἡμέραν
909 3573 1146 3647 κρίσεως
1179 3573 1288 3628 τῶν
1318 3573 1538 3646 δοκήσει
1581 3577 1704 3629 ἑπι-

109 3669 334 3722 σκόπων
394 3667 720 3737 λεγομένων,
795 3665 1286 3738 παραφθειράντων
1339 3665 1396 3719 δὲ
1425 3666 1526 3738 τὴν
1569 3665 1704 3720 Θεοῦ

107 3758 378 3832 ἀληθινὴν
438 3759 644 3812 πίστιν·
691 3757 890 3821 οἵτινες
957 3758 1140 3830 ἔχουσι
1178 3758 1363 3812 δοῦναι
1403 3757 1564 3826 λόγον
1611 3758 1708 3812 καὶ

107 3852 250 3923 ὑπὲρ
281 3851 392 3922 τῆς
433 3851 690 3916 πίστεως,
733 3850 828 3904 καὶ
857 3850 1000 3921 ὑπὲρ
1023 3850 1132 3904 τῶν
1161 3850 1418 3920 διωγμῶν
1443 3851 1541 3922 τῆς
1581 3851 1704 3903 Ἐκ-

107 3941 364 4012 κλησίας,
399 3940 496 4007 Καὶ
519 3939 788 3993 τοσούτων
815 3940 1020 4003 κακῶν,
1053 3939 1150 3993 καὶ
1179 3939 1354 4008 φόνων
1376 3939 1484 3992 τῶν
1514 3941 1572 3992 ὲν
1587 3941 1706 4003 ταῖς

119 4035 482 4106 Ἐκκλησίαις
501 4032 686 4086 ἕνεκεν
701 4031 878 4086 αὐτῶν
893 4032 1296 4103 γεγενημένων,
1319 4031 1414 4085 καὶ
1434 4031 1542 4084 τῶν
1562 4031 1706 4084 λαῶν

107 4127 214 4182 τῶν
239 4129 302 4180 ὲν
335 4125 594 4196 ὑπαίθρῳ
625 4123 707 4178 ἔτι
731 4123 892 4195 δεῦρο
923 4123 1194 4177 τοσούτων
1218 4123 1494 4195 μυριάδων
1525 4123 1706 4194 θλίψιν

111 4217 528 4290 ὑπομενουσῶν,
557 4217 652 4271 καὶ
681 4216 822 4289 ὑπὲρ
858 4215 1023 4269 αὑτοῦ
1061 4215 1153 4268 τοῦ
1197 4215 1502 4288 μακαρίτου
1552 4217 1708 4269 Κων-

115 4316 370 4370 σταντίου
413 4313 510 4368 τοῦ
542 4313 635 4367 ὐπ’
669 4311 850 4367 αὐτῶν
902 4313 1348 4385 πεπλανημένοι),
1388 4313 1482 4366 καὶ
1517 4315 1708 4386 ἁγνοήο

115 4425 305 4473 σαντος
329 4407 436 4478 τὴν
465 4407 650 4460 πίστιν
675 4405 776 4476 τῆς
799 4405 1128 4477 ὀρθοδοξίας,
1152 4407 1248 4459 καὶ
1275 4404 1594 4470 ὑπείξαντος
1619 4405 1708 4476 αρ-

1671 3175 1770 3232 ,~_C

1805 567 1982 621 aﬂlatu
2019 571 2132 638 pari
2167 569 2362 640 lingua:
2388 570 2846 626 immoderatiouc
2874 578 2928 624 ct
2959 571 3294 640 impudentia
3323 587 3386 626 os

1785 661 1963 715 suum
1986 661 2250 718 adversus
2275 661 2561 717 Dominum
2589 663 2782 720 elTerre
2805 679 2911 717 non
2937 663 3227 718 dubitavit.
3247 661 3384 718 Cum

1803 752 2055 822 inprimis
2111 754 2366 810 videlicet
2412 753 2722 810 Salomonis
2775 755 2922 809 illam
2975 756 3027 808 in
3077 754 3387 810 Proverbiis

1805 846 2132 900 sententiam
2170 845 2518 918 interpretari
2550 848 2751 903 vellet:
2793 847 3052 900 Dominus
3088 849 3283 901 creavit
3307 865 3384 902 nte

1801 937 2116 1004 principium
2165 937 2369 990 viarum
2421 954 2671 1002 suarum;
2715 948 2836 992 ante
2886 939 3092 992 swrnla
3147 937 3386 1007 {undavit

1805 1043 1906 1089 me,
1949 1027 2000 1080 in
2027 1027 2179 1082 initio
2219 1039 2500 1099 antequam
2535 1039 2732 1083 terram
2779 1030 2992 1099 faceret,
3027 1041 3076 1084 et
3108 1045 3388 1102 antequam

1805 1128 2005 1173 crearet
2031 1119 2287 1188 abyssos;
2310 1132 2592 1192 antequam
2620 1121 2890 1192 prodirent
2913 1123 3083 1191 [antes
3106 1140 3382 1192 aquarum,

1806 1220 2084 1279 antequam
2113 1223 2312 1268 montes
2351 1214 2719 1282 ﬁrmarentur,
2749 1225 2871 1268 ante
2903 1231 3080 1269 onnzes
3112 1214 3270 1268 colles
3298 1231 3388 1286 ge-

1807 1303 1920 1355 nm‘t
1949 1303 2086 1356 me”.
2116 1301 2254 1357 lliuc
2280 1305 2486 1358 erroris
2519 1306 2604 1358 sui
2641 1304 3016 1359 introdueeudi
3043 1306 3390 1359 occasionem

1806 1403 2004 1449 nactus
2030 1403 2133 1449 est.
2157 1393 2266 1472 Nec
2295 1395 2447 1448 illum
2480 1395 2672 1466 ejusve
2704 1395 3004 1466 discipulos
3035 1396 3227 1466 puduit
3259 1394 3388 1450 Ver-

1805 1485 1934 1542 bum
1977 1485 2131 1546 illud.
2175 1487 2318 1556 quod
2360 1487 2542 1540 oumia
2587 1487 2812 1556 creavit,
2845 1487 2989 1557 quod
3021 1503 3050 1540 a
3083 1486 3244 1542 Patre
3275 1487 3390 1543 sine

1807 1585 2050 1648 tempore
2079 1579 2345 1650 initioque
2379 1579 2622 1650 genitum
2670 1587 2775 1644 est,
2825 1587 3136 1634 creaturam
3186 1579 3389 1636 dicere.

1808 1669 1924 1735 Qua
1955 1686 2018 1725 ex
2057 1687 2163 1725 una
2197 1687 2330 1727 voce
2357 1671 2614 1742 deinceps
2647 1672 2700 1726 iu
2731 1673 2899 1726 multa
2931 1687 2994 1730 ac
3031 1687 3198 1743 prava
3228 1687 3377 1727 erro-

1808 1773 1930 1812 rum
1962 1758 2283 1815 divertieula
2329 1763 2759 1816 consceleratam
2795 1771 3031 1818 mentem
3069 1761 3389 1830 immittens,
3451 1789 3454 1792 ·

1803 1867 1904 1907 nec
1935 1851 2052 1922 ipse
2082 1851 2265 1916 modo,
2297 1853 2391 1909 sed
2429 1853 2550 1924 ejus
2581 1859 2634 1908 et
2665 1853 2928 1910 doctrina:
2958 1863 3260 1910 sectatores
3289 1856 3376 1910 in-

1802 1943 1984 1999 ﬁnitas
2013 1944 2068 1998 in
2105 1943 2196 1999 Dei
2225 1943 2420 2000 Filium
2471 1960 2536 2000 ac
2575 1944 2840 2016 Spiritum
2886 1957 3138 2004 sanctqu
3190 1956 3389 2003 contu-

1801 2037 1991 2090 melias
2025 2036 2299 2106 conjicere
2341 2053 2450 2092 non
2496 2038 2834 2094 dubitarunt.
2882 2039 3054 2096 Porro
3115 2040 3277 2096 iidem
3313 2041 3392 2096 illi

1800 2133 2006 2182 sancta:
2031 2136 2085 2182 et
2115 2127 2434 2184 orthodoxae
2479 2129 2632 2194 ﬁdei,
2680 2143 2842 2202 atque
2871 2133 3128 2188 Ecclesiae
3170 2123 3392 2190 confer-

1803 2221 1914 2268 tum
1948 2215 2114 2270 veluti
2158 2215 2378 2286 globum
2427 2219 2893 2289 concordiamque
2942 2221 3247 2288 solverunt,
3280 2237 3392 2276 non

1801 2303 1909 2357 ulla
1941 2303 2170 2373 quidem
2204 2305 2448 2375 ipsorum
2484 2307 2536 2360 vi
2574 2317 2668 2362 aut
2697 2309 2969 2378 sapientia
3003 2328 3016 2364 :
3055 2313 3216 2380 pauci
3244 2311 3392 2368 enim

1801 2395 1868 2448 ab
1906 2395 1975 2449 iis
2015 2395 2260 2462 inducti,
2310 2411 2376 2453 ac
2409 2397 2768 2454 circumventi
2799 2412 2958 2468 sunt;
2991 2401 3084 2457 sed
3125 2403 3390 2475 plerique,

1802 2493 1897 2540 aut
1933 2501 2029 2558 per
2070 2487 2480 2544 simulationem
2537 2491 2890 2564 obrepentes,
2947 2500 3042 2547 aut
3089 2497 3138 2549 vi
3190 2496 3391 2562 coacti,

1802 2593 1927 2631 cum
1965 2579 2122 2649 longe
2166 2579 2314 2634 aliud
2362 2581 2418 2635 in
2464 2581 2651 2638 animo
2681 2581 2950 2649 foverent,
2984 2588 3168 2642 socios
3197 2603 3256 2643 se
3285 2587 3394 2642 illis

1801 2669 1962 2740 ’137
1997 2669 2389 2740 adjunxerunt.
2419 2671 2606 2745 Neque
2639 2692 2768 2732 vero
2800 2678 2852 2732 id
2885 2677 3108 2734 aliunde
3133 2681 3394 2736 concilia-

1803 2769 1916 2814 tuzn
1953 2771 2060 2824 est,
2111 2763 2216 2818 nisi
2265 2765 2412 2834 quod
2452 2765 2520 2820 ad
2557 2765 2798 2824 ﬁdelium
2849 2770 3230 2840 probationem
3279 2773 3330 2827 id
3363 2789 3393 2827 a

1805 2851 1912 2904 Deo
1941 2853 2267 2921 permissum
2293 2865 2398 2912 est.
2427 2858 2681 2915 Accessit
2709 2873 2765 2916 et
2796 2861 3189 2932 imperatorum
3219 2863 3392 2930 favor,

1803 2939 1964 3008 cujus
2012 2939 2228 2996 initium
2267 2959 2296 2997 a
2328 2943 2657 3003 Constantio
2705 2948 3040 3021 imperatore
3085 2952 3392 3022 profectum

1757 3109 1762 3112 _
1805 3037 1909 3084 est.
1963 3029 2068 3097 Qui
2099 3045 2224 3086 cum
2257 3037 2474 3093 exteris
2521 3037 2574 3091 in
2603 3038 2770 3094 rebus
2801 3041 3177 3111 perbumanus
3211 3059 3275 3099 ac
3303 3045 3394 3100 bo-

1807 3137 1913 3178 nus
1941 3131 2108 3188 esset,
2144 3133 2332 3195 utpote
2383 3129 2564 3198 magni
2613 3130 2778 3194 illius.
2809 3139 2860 3187 et
2901 3133 2958 3188 in
2990 3136 3138 3189 omni
3171 3136 3395 3193 virtutis

1805 3228 2005 3283 genere
2035 3215 2288 3284 perfecti,
2318 3219 2672 3292 religiosique
2701 3221 3052 3280 Constantini
3091 3227 3258 3294 ﬁlius,
3299 3230 3394 3300 qui

1807 3305 2078 3361 sinceram
2112 3323 2179 3362 ex
2211 3311 2396 3364 animo
2427 3311 2586 3366 ﬁdem
2623 3321 2948 3372 constanter
2989 3318 3258 3388 retinuit;
3301 3321 3396 3378 scd

1805 3403 1859 3452 ct
1883 3395 2242 3452 Constantius
2271 3399 2391 3470 ipse
2425 3401 2547 3470 pius
2583 3404 2856 3474 alioquin,
2891 3422 2955 3460 ac
2989 3409 3180 3466 multis
3211 3413 3398 3480 probi-

1807 3489 1934 3544 tatis
1981 3491 2321 3546 ornamentis
2373 3494 2658 3562 pmditus,
2715 3496 2818 3551 bac
2859 3514 2967 3552 una
3003 3515 3061 3553 re
3099 3501 3394 3566 aberravit,

1808 3580 1950 3650 quod
1985 3595 2096 3635 non
2127 3581 2398 3652 impressa
2433 3599 2462 3638 a
2499 3595 2727 3656 parente
2760 3587 2884 3642 ﬁdei
2917 3590 3145 3659 vestigia
3173 3601 3398 3648 secutus

1807 3677 1912 3724 est.
1941 3667 2096 3735 Quod
2153 3671 2333 3742 ipsum
2383 3681 2570 3730 tamen
2620 3691 2730 3730 non
2781 3677 2930 3732 illius
2969 3680 3130 3749 culpa
3173 3679 3393 3748 factum,

1807 3759 1902 3816 sed
1930 3764 2318 3820 nonnullorum
2343 3764 2558 3832 fraude,
2587 3769 2680 3837 qui
2712 3769 2883 3826 in-die
2907 3759 3105 3841 judicii
3131 3775 3396 3830 rationem

1805 3852 2077 3908 reddituri
2111 3863 2271 3922 sunt;
2297 3858 2390 3927 qui
2415 3859 2603 3928 specie
2624 3875 2688 3915 ac
2713 3864 2938 3919 nomine
2969 3873 3129 3920 tenus
3154 3865 3396 3937 episcopi

1809 3944 2081 4000 sinceram
2117 3943 2210 4002 Dei
2243 3947 2404 4002 ﬁdem
2444 3951 2878 4021 labefactarunt;
2923 3958 3180 4026 aquibus
3206 3961 3396 4028 procul

1807 4036 1978 4091 dubio
2013 4053 2124 4091 non
2167 4039 2344 4109 ipsius
2397 4043 2559 4097 modo
2609 4043 2732 4100 ﬁdei
2784 4045 3066 4104 reddenda
3119 4051 3260 4104 ratio
3288 4057 3396 4114 cst,

1809 4133 1908 4189 sed
1951 4134 2380 4190 insectationum
2431 4133 2690 4190 Ecclesia;
2727 4137 2996 4204 omnium,
3027 4153 3094 4194 ac
3119 4148 3397 4194 tantarum

1809 4226 2209 4289 calamitatum,
2250 4233 2306 4281 et
2343 4225 2596 4291 caedium,
2634 4243 2757 4296 qua:
2785 4227 2839 4282 in
2875 4227 3152 4286 Ecclesias
3177 4231 3396 4284 illorum

1808 4331 1974 4373 causa
2025 4315 2284 4372 dei-iratae
2335 4325 2498 4383 sunt;
2564 4333 2778 4374 necnon
2815 4327 2870 4375 et
2909 4319 3249 4376 inﬁnitorum
3295 4321 3397 4376 ho-

1809 4411 2016 4466 minum
2047 4409 2300 4473 millium,
2333 4425 2454 4480 qua:
2487 4410 2540 4464 in
2572 4411 2898 4467 hodiernum
2925 4429 3099 4483 usque
3129 4413 3274 4468 diem
3303 4429 3398 4468 va-

111 4503 220 4566 τοῐς
259 4501 340 4564 ὠς
402 4499 606 4573 ἱερεῦσι
651 4498 794 4552 κατὰ
839 4499 1082 4568 ἄγνοιαν,
1114 4499 1482 4568 ἅγνοήσαντος
1523 4498 1622 4569 τὴν
1650 4499 1702 4552 ὲν

1813 4501 1908 4556 riis
1947 4501 2208 4557 aerumnis
2253 4511 2412 4556 extra
2445 4502 2612 4559 urbes
2657 4519 2722 4560 ac
2767 4511 2914 4559 tecta
2967 4505 3396 4574 conﬂictantur;

111 4593 296 4657 αὐτοῖς
329 4591 544 4662 πλάνην
571 4589 672 4660 τῆς
701 4589 1026 4658 τυφλώσεως
1056 4588 1150 4642 καὶ
1169 4589 1532 4654 κακοπιστίας
1551 4605 1706 4658 γενο-

115 4687 282 4756 μένης
311 4685 382 4739 ὲκ
406 4683 654 4738 διαϐόλου
687 4682 1067 4753 παρασκευῆς.

1813 4601 2092 4666 postremo
2121 4603 2174 4648 et
2205 4593 2351 4648 beati
2379 4607 2598 4664 quoque
2626 4594 2934 4651 Constantii
2971 4596 3026 4650 in
3057 4611 3300 4650 errorem
3331 4595 3398 4650 ab

1814 4685 1926 4740 illis
1975 4683 2206 4748 inducti,
2261 4684 2356 4754 qui
2414 4695 2578 4740 recta:
2631 4684 2756 4742 ﬁdei
2801 4687 3047 4756 regulam
3103 4685 3394 4757 ignoravit,

113 4781 418 4853 eademque
443 4780 750 4852 ignorantia
782 4780 846 4833 ad
875 4779 1094 4833 illorum
1125 4791 1184 4832 se
1216 4785 1403 4847 utpote
1433 4778 1778 4836 sacerdotum
1837 4781 2222 4836 auctoritatem
2257 4781 2695 4836 accommodavit
2732 4823 2746 4849 ,
2811 4783 2956 4854 quod
3010 4783 3188 4854 ipsum
3241 4798 3398 4839 error

113 4875 355 4939 illorum,
389 4891 453 4931 ac
485 4875 724 4936 caecitas,
763 4874 1167 4944 depravataque
1200 4873 1356 4938 ﬁdes,
1389 4883 1444 4928 et
1477 4891 1542 4930 ex
1581 4876 1786 4931 diaboli
1831 4877 2076 4948 profecta
2113 4875 2344 4930 consilio
2374 4876 2587 4930 lateret.

177 4971 280 5024 II".
311 4968 582 5040 Δεύτερον
610 4969 690 5021 ἔτι
717 4966 964 5038 ὲνίσχυσε
996 4967 1108 5040 (88)
1134 4969 1194 5021 τὸ
1225 4969 1428 5023 τούτων
1459 4971 1702 5042 ἑρπετῶ-

115 5059 198 5124 δες
227 5061 602 5133 ἐργαστήριον
636 5059 700 5112 δι’
744 5058 1003 5112 Εὐσεϐίου
1049 5059 1145 5114 τοῦ
1187 5060 1564 5125 ὑπεισδύντος,
1601 5063 1704 5115 ικαὶ

119 5153 592 5226 παρα-φθείραντος
653 5152 754 5223 τὴν
809 5151 978 5222 ἀκοὴν
1035 5152 1198 5206 πάλιν
1255 5153 1552 5216 Οὐάλεντος
1613 5153 1706 5207 τοῦ

121 5243 408 5308 Θεοσεὸοὖς
438 5244 736 5316 βασιλέως,
778 5245 873 5298 καὶ⁵
918 5243 1348 5310 εὑλαδεστάτου,
1393 5247 1488 5298 καὶ
1523 5245 1706 5316 θεοφι-

193 5403 210 5434 ¹
239 5399 298 5454 F.
341 5399 785 5471 προσκλιθέντες.
861 5403 882 5432 ³
916 5400 1079 5457 Prov.
1113 5417 1233 5466 vul,
1267 5400 1340 5454 22
1361 5417 1514 5473 seqq.

189 5517 304 5586 (87}
343 5517 448 5570 Kal
492 5517 680 5572 αὐτοῦ
722 5517 792 5571 δὲ
843 5517 950 5572 τοῦ
1005 5519 1452 5574 Κωνσταντιου.
1515 5517 1706 5576 Simile

125 5586 271 5658 huic,
319 5603 386 5642 ac
429 5587 592 5658 longe
632 5589 798 5643 etiam
857 5587 1313 5645 honoriﬁcentius
1371 5601 1425 5644 et
1479 5590 1700 5646 uberius

125 5657 368 5731 ejusdem
419 5657 772 5731 imperatoris
807 5659 1046 5731 elogium
1075 5667 1258 5731 exstat
1289 5660 1432 5730 apud
1463 5659 1699 5731 Nazian-

129 5743 320 5800 xemun
355 5729 421 5800 in
447 5727 630 5800 priore
659 5727 1054 5800 πηλιτευτικῷ
1077 5729 1252 5800 :quod
1271 5727 1512 5786 oratorio
1534 5746 1710 5796 more.

133 5811 192 5854 ac
212 5799 429 5858 dicendi
453 5799 693 5872 impetu,
725 5799 782 5860 et
807 5802 994 5859 calore
1025 5799 1312 5873 profusum
1341 5801 1516 5874 magis
1543 5817 1706 5872 quam

1881 4971 2016 5027 XIII.
2059 4971 2306 5027 Accessit
2353 4980 2408 5026 et
2458 4973 2561 5026 alia
2613 4987 2801 5037 causa,
2837 4988 2957 5043 qua:
3001 4971 3128 5026 huic
3161 4989 3388 5046 serpen-

1816 5069 1931 5116 tum
1959 5061 2188 5117 ollicina:
2217 5063 2508 5132 plurimum
2529 5062 2727 5132 adjecit
2749 5063 2968 5125 virium,
2993 5063 3262 5118 Eusebius
3292 5065 3397 5120 sci-

1819 5155 1964 5218 licet,
2001 5153 2092 5224 qui
2125 5155 2321 5208 callide
2356 5171 2414 5208 se
2459 5154 2769 5216 insinuans,
2830 5153 3066 5208 Valentis
3119 5169 3283 5210 aures
3323 5155 3396 5225 pii

1813 5261 1878 5301 ac
1925 5245 2164 5318 religiosi
2201 5245 2570 5318 imperatoris,
2603 5259 2666 5300 ae
2715 5245 2882 5301 divini
2917 5245 3160 5303 numinis
3208 5263 3400 5304 aman-

1809 5531 1876 5573 ex
1893 5586 1896 5587 ν
1911 5513 1990 5587 rei
2013 5515 2245 5572 veritate
2281 5517 2588 5587 profectum
2611 5515 2850 5573 videtur.

1881 5586 2320 5657 (88λΔεύι-ερον
2347 5588 2438 5642 ἔτι
2481 5589 2799 5657 ἐνίσχυσε.
2855 5588 2972 5644 Non
3031 5589 3100 5644 ab
3131 5588 3393 5655 Eusebio,

1802 5658 1896 5716 sed
1912 5658 1980 5712 ab
2003 5656 2275 5725 Eudoxio,
2297 5659 2386 5728 qui
2405 5656 2770 5716 Constantino
2847 5661 3068 5716 Iitanam
3085 5662 3270 5716 sedem
3299 5675 3393 5714 οο-

1814 5728 2400 5800 οιιροτξιῐίηῡθριίειιιυε
2421 5737 2506 5788 cst
2523 5727 2742 5788 Valens.
2769 5677 2949 5800 mare
2981 5747 3082 5800 pro
3109 5729 3392 5797 Εὐσεϐίου.

1814 5727 2400 5803 οιιροτΞῐ-,Αῡξριίειηυε
2421 5737 2506 5788 cst
2523 5727 2742 5788 Valens.

1815 5735 2064 5803 cuparat,
2095 5729 2400 5796 baptizatus
2421 5737 2506 5788 cst
2523 5729 2742 5788 Valens.
2769 5729 2949 5800 Quare
2981 5747 3082 5804 pro
3109 5729 3392 5797 Εὐσεϐίου.

1815 5803 1954 5876 lege,
1989 5797 2260 5866 Εὐδοξίου.

1939 5841 1954 5868 ’
1989 5841 2260 5866 u'vv‘vvvg
