3826 6206
438 319 546 375 2‘23

1909 322 1967 377 S.
2013 320 2351 381 lii‘lPllANll

3614 327 3718 384 εει

439 438 641 494 tissimi
697 441 964 514 corrupit.
1001 441 1106 510 Qui
1140 442 1287 514 quod
1353 444 1421 500 ab
1470 443 1564 500 illo
1623 443 1900 513 baptismo
1953 449 2027 497 sit

2161 445 2273 511 οῦς.
2319 447 2536 520 Ἐπειδὴ
2568 448 2679 520 γάρ
2715 450 2848 522 παρ’
2875 447 3041 504 αὑτοῦ
3066 447 3129 502 τὸ
3149 448 3374 520 λουτρὸν
3392 449 3718 521 ἐκομίσατο,

441 531 712 596 initiatus,
772 549 837 588 ea
889 549 1057 590 causa
1104 534 1358 591 videlicet
1395 534 1514 600 fuit,
1564 551 1662 589 cur
1695 536 1811 590 lucc
1857 534 2026 589 factio

441 624 661 680 stabilis
696 640 760 679 ac
805 624 958 679 firma
993 627 1340 682 consisteret.
1389 626 1526 682 Nam
1571 627 1775 704 alioqui
1805 626 2027 696 jamdu-

440 715 569 767 dum
619 715 702 768 vel
767 731 796 768 a
849 717 1191 772 mulierculis
1249 731 1313 771 ac
1365 717 1632 787 puerulis,
1690 733 1757 769 ne
1807 715 2026 770 adultos

437 820 886 870 commemorem,
911 807 1004 877 qui
1045 819 1206 862 rectae
1241 806 1367 862 fidei
1401 823 1464 862 ac
1488 807 1769 877 religionis
1791 807 2028 861 exactis-

441 891 579 947 sima
613 893 843 948 scientia
874 895 1084 964 praediti
1119 905 1268 960 sunt,
1300 897 1371 951 ab
1405 897 1493 960 iis,
1531 896 1778 965 inquam,
1816 897 1909 966 qui
1941 896 2028 949 vel

444 984 766 1039 tenuissima
819 987 1064 1040 veritatis
1121 988 1312 1040 notitia
1364 987 1570 1058 perfusi
1625 998 1774 1052 sunt,
1834 987 2026 1057 primis

443 1075 782 1144 temporibus
813 1076 1082 1132 confutati
1121 1078 1404 1148 fugatique
1431 1087 1640 1142 essent,
1673 1087 1935 1148 tanquam
1970 1087 2026 1133 et

445 1166 500 1220 in
543 1167 828 1222 Dominum
877 1171 1280 1233 contumeliosi,
1325 1179 1377 1226 et
1408 1172 1563 1225 alteri
1603 1173 1826 1242 quidam
1877 1171 2026 1226 illius

442 1254 846 1320 interfectores,
885 1275 948 1313 ac
995 1257 1210 1314 Domini
1264 1262 1438 1316 nostri
1488 1260 1616 1315 Jesu
1655 1262 1860 1316 Christi
1903 1276 2028 1330 per-

445 1347 599 1402 fectae
647 1349 950 1405 divinitatis
985 1366 1268 1408 eversores
1316 1373 1328 1407 :
1381 1353 1432 1406 id
1479 1353 1625 1424 quod
1679 1353 2026 1424 imperatoris

447 1441 629 1494 favore
655 1457 714 1493 ac
743 1443 1045 1511 patrocinio
1069 1453 1451 1513 susceperunt.
1477 1454 1535 1498 ut
1564 1460 1756 1499 eorum
1777 1444 2026 1498 omnium

447 1533 715 1585 malorum
774 1542 1028 1589 auctores
1061 1544 1267 1598 essent,
1301 1550 1421 1604 quae
1465 1542 1517 1590 et
1545 1535 1810 1591 hactenus
1850 1534 2026 1589 exsti-

445 1633 649 1689 terunt,
679 1633 732 1678 et
769 1626 1037 1697 hodieque
1071 1643 1167 1696 per
1202 1626 1324 1682 illos
1358 1625 1718 1691 Alexandria,
1773 1623 2028 1682 Nicome-

444 1716 581 1779 dire,
633 1718 683 1770 in
739 1717 1130 1789 Mes0potamia
1183 1735 1245 1772 ac
1296 1718 1585 1773 Palmstina
1649 1717 2022 1782 concitantur,

447 1809 650 1877 ubith
685 1818 950 1871 praesente
990 1826 1052 1863 ac
1096 1818 1415 1882 protegente
1450 1811 1718 1880 principe.

513 1899 678 1969 738
719 1899 858 1955 XIV.
898 1900 1262 1967 Quamobrem
1315 1919 1380 1957 ex
1435 1903 1536 1956 hac
1567 1918 1676 1956 una
1707 1919 1860 1969 voce,
1905 1919 2029 1974 quae

446 1991 498 2044 in
536 1989 850 2048 Proverbiis
888 1990 1200 2070 Salomonis
1254 1995 1449 2063 legitur
1484 2015 1496 2048 :
1535 1995 1791 2048 Dominus
1836 1997 2027 2049 creavit

442 2099 522 2135 me
562 2083 768 2137 initium
804 2085 1003 2138 ciarum
1043 2103 1256 2138 suarum
1306 2088 1357 2140 in
1406 2103 1562 2156 opera
1617 2105 1714 2141 sua
1747 2087 1790 2150 ¹,
1825 2096 2022 2141 caetera

445 2173 515 2227 ab
570 2174 678 2228 illis
733 2179 1135 2246 excogitantur,
1193 2194 1312 2247 qua:
1366 2187 1640 2248 utcunque
1690 2179 1754 2232 ad
1810 2177 2029 2232 illorum

442 2265 746 2319 orationem
812 2268 1212 2322 accommodari
1262 2278 1514 2338 possunt,
1549 2281 1602 2323 et
1638 2269 1882 2324 eamdem
1930 2273 2028 2322 ha-

443 2357 572 2412 bere
613 2359 743 2422 vim,
797 2375 861 2413 ac
916 2372 1284 2416 consentanea
1317 2379 1439 2418 esse
1471 2363 1745 2426 videntur,
1780 2378 1902 2416 cmn
1950 2372 2031 2417 ta-

443 2466 567 2504 men
602 2466 776 2519 neque
809 2467 987 2505 sermo
1021 2453 1157 2522 ipse,
1208 2468 1306 2508 nec
1354 2454 1561 2522 reliqua
1593 2455 1758 2507 verba
1789 2453 1856 2508 de
1888 2453 2029 2508 divi-

445 2539 615 2593 nitate
649 2538 766 2593 Filii
806 2539 898 2594 Dei
943 2543 1272 2597 mentionem
1302 2543 1466 2597 ullam
1500 2545 1770 2612 ejusmodi
1803 2546 2026 2600 faciant.

441 2631 662 2685 Addunt
685 2639 738 2685 et
768 2633 872 2686 alia
899 2635 1144 2704 quaedam
1179 2633 1264 2690 his
1301 2637 1500 2690 similia
1534 2639 1676 2700 loca,
1703 2639 1851 2693 velut
1881 2640 2028 2709 quod

442 2726 514 2780 ab
545 2725 806 2795 Apostolo
836 2728 1097 2798 scriptum
1125 2739 1208 2783 est
1243 2749 1255 2784 :
1293 2731 1525 2799 Accipite
1563 2732 1861 2801 pontiﬁcem
1887 2749 2019 2786 con~

441 2820 684 2890 fessionis
720 2831 924 2882 eestrw,
959 2819 1164 2888 ﬁdelem
1193 2823 1239 2874 ei
1291 2824 1380 2892 qui
1420 2824 1540 2890 fecit
1584 2825 1752 2892 ipsum
1781 2827 1836 2891 ';
1887 2827 2016 2880 item

442 2929 508 2965 ex
539 2911 768 2967 Joannis
807 2909 1100 2981 Evangelio
1135 2932 1146 2967 :
1183 2912 1290 2966 Ilic
1340 2924 1415 2967 est
1449 2913 1512 2965 de
1544 2931 1644 2984 quo
1679 2914 1792 2967 dixi
1839 2916 1980 2968 vobis
2011 2930 2029 2966 :

444 3003 549 3070 Qui
576 3013 691 3070 post
723 3021 801 3057 me
832 3005 984 3066 venit,
1014 3014 1134 3058 ante
1177 3021 1258 3058 me
1285 3005 1458 3073 [actus
1493 3016 1570 3059 est
1605 3007 1625 3037 ³
1652 3024 1667 3072 ;
1711 3016 1764 3060 et
1795 3007 1850 3061 in
1879 3008 2030 3062 Actis

443 3095 816 3164 apostolorum
845 3114 857 3148 :
887 3092 1083 3149 Notum
1116 3095 1258 3150 vobis
1295 3097 1382 3160 sit,
1414 3099 1583 3150 omnis
1614 3097 1800 3152 domus
1839 3098 2029 3164 Israel,
2060 3126 2101 3183 ρ

444 3186 583 3258 quod
616 3185 752 3240 hunc
807 3187 988 3241 Jesum
1031 3205 1178 3257 quem
1231 3205 1317 3241 ros
1359 3190 1726 3258 cruci/iazistis,
1757 3202 1806 3244 et
1848 3190 2029 3246 Denti-

445 3295 571 3333 num
598 3288 646 3332 et
679 3277 946 3333 Christum
972 3278 1155 3334 Iesum
1187 3279 1323 3333 Deus
1353 3280 1472 3349 fecit
1503 3281 1547 3333 ⁵⁵.
1580 3283 1656 3335 Ac
1689 3282 1735 3336 si
1771 3299 1875 3351 qua
1907 3297 2037 3341 sunt

445 3369 660 3440 generis
713 3369 959 3438 ejusdem
1016 3372 1146 3426 alia.
1189 3371 1320 3436 Qua:
1371 3373 1551 3427 omnia
1601 3373 1667 3427 ad
1701 3375 2032 3440 cautionem,

447 3471 500 3515 et
532 3461 990 3526 observationem,
1022 3470 1075 3516 et
1105 3462 1509 3532 propulsandos
1535 3463 1721 3520 hostes
1755 3467 1808 3519 in
1850 3482 2035 3535 proni-

446 3563 541 3625 ptu
602 3571 725 3610 esse
777 3554 1003 3610 debent.
1063 3553 1260 3609 llostes
1309 3554 1456 3607 enim
1509 3571 1696 3610 revera
1749 3557 2034 3612 insidiato-

447 3663 645 3714 resque
682 3656 829 3701 sunt.
867 3649 943 3702 Ac
981 3647 1169 3701 nescio
1219 3663 1285 3700 an
1332 3647 1397 3699 ad
1435 3646 1583 3716 ipsos
1613 3663 1914 3718 eorumque
1958 3649 2035 3704 si-

448 3742 606 3793 miles
658 3737 957 3808 Scrlplttt't‘e
1017 3740 1171 3792 locus
1225 3739 1312 3792 illo
1368 3740 1657 3792 conveniat
1702 3759 1714 3795 :
1765 3739 2033 3811 Exsurgat

448 3829 615 3894 Deus,
649 3841 695 3884 et
721 3830 1041 3900 dissipentur
1074 3832 1271 3884 inimici
1304 3833 1416 3901 ejus
1448 3833 1495 3895 ⁸,
1527 3849 1651 3887 cum
1681 3833 1899 3888 interim
1933 3834 2034 3887 do-

449 3923 664 3977 ntestici
693 3939 815 3977 esse
848 3924 1154 3978 videantur.
1188 3923 1385 3978 Verum
1417 3927 1601 3981 nullus
1621 3935 1705 3980 est
1729 3925 2032 3981 domestico

449 4013 606 4070 hoste
640 4014 879 4068 deterior
911 4035 923 4069 :
959 4014 1173 4068 Inimici
1207 4019 1343 4070 enim
1375 4017 1602 4072 hominis
1645 4035 1824 4073 omnes
1859 4019 2034 4075 dome-

447 4108 567 4167 stici
612 4107 724 4177 ejus
755 4111 798 4163 ⁸.
833 4107 988 4175 Quod
1021 4109 1198 4180 ipsum
1226 4109 1476 4167 fortassis
1520 4118 1576 4165 et
1606 4112 1660 4166 in
1697 4111 1820 4168 istis
1851 4113 2031 4168 locum
2069 4099 2076 4106 ’

449 4199 629 4253 ΙιιιΙιοι.

519 4290 636 4348 XV.
675 4289 809 4345 Nam
857 4292 1170 4347 rabidormn
1218 4309 1418 4349 canum
1474 4311 1626 4351 more
1660 4304 1922 4368 tanquam
1973 4299 2027 4353 in

447 4380 703 4434 inimicos
736 4381 1009 4436 insiliunt.
1057 4380 1134 4436 lta
1185 4399 1314 4438 vero
1355 4385 1566 4452 jactare
1597 4393 1651 4440 et
1689 4386 2030 4458 interrogare

2131 536 2223 590 διὰ
2273 537 2532 608 τοιαύτης
2573 538 2884 604 ὑποθέσεως
2928 539 3266 611 ἠδυνήθησαν
3301 535 3446 595 οὗτοι
3495 541 3720 611 στῆναι.

2144 628 2296 682 Ἐπεὶ
2331 628 2399 682 ἂν
2425 627 2660 682 ἔκπαλαι
2692 629 2787 682 καὶ
2821 630 2927 683 ὑπὸ
2964 630 3236 698 γυναικῶν
3265 631 3361 684 καὶ
3387 630 3718 701 παιδαρίων.

2128 716 2190 768 ού
2214 716 2356 784 λέγω
2376 717 2504 789 περὶ
2526 718 2633 772 τῶν
2656 718 3069 790 ὲντελεστέρων,
3091 720 3200 774 τῶν
3223 722 3322 792 τὴν
3348 725 3532 776 πᾶσαν
3567 723 3721 792 ἀκρι-

2129 807 2282 861 6ειαν
2329 809 2428 879 τῆς
2459 807 2769 876 θεοσεϐείας
2807 812 2902 865 καὶ
2930 811 3164 876 πίστεως
3199 813 3298 884 τῆς
3325 814 3493 884 ὀρθῆς
3531 815 3718 881 ἐπιγι-

2131 901 2473 964 νωσκόντων,
2509 902 2644 956 ἀλλὰ
2676 903 2772 956 καὶ
2810 903 2915 958 ὑπὸ
2963 904 3068 958 τῶν
3113 922 3165 958 τι
3206 906 3314 959 ἀπὸ
3336 907 3568 975 μέρους,
3619 905 3723 959 κᾶν

2127 991 2188 1044 τὸ
2213 991 2370 1060 τυχὸν
2396 994 2497 1063 τῆς
2525 991 2782 1063 ἀληθείας
2813 994 3214 1064 ἐπισταμένων·
3245 996 3336 1049 καὶ
3363 994 3722 1066 ἐλεγχόμενα

2128 1084 2237 1136 ἀπὸ
2259 1083 2365 1137 τῶν
2388 1084 2653 1147 παλαιῶν,
2672 1083 2975 1146 ἐδιώκοντο,
2996 1084 3070 1146 ὡς
3091 1085 3398 1157 βλάσφημοι
3415 1086 3720 1147 Astur/mu,

2129 1175 2222 1227 καὶ
2257 1173 2498 1243 δεύτεροι
2524 1174 2861 1246 κυριοκτόνοι
2890 1173 3054 1236 τινὲς.
3079 1174 3171 1226 καὶ
3197 1173 3461 1244 άθετηταὶ⁸
3488 1174 3596 1243 τῆς
3626 1172 3720 1227 τοῦ

2129 1265 2334 1336 Κυρίου
2363 1264 2519 1336 ἡμῶν
2563 1265 2737 1335 Ἰησοῦ
2767 1264 2957 1318 ἐνθέου
2984 1264 3337 1336 τελειότητος,
3367 1264 3459 1318 διά
3489 1264 3598 1334 τῆς
3627 1264 3719 1318 τοῦ

2131 1354 2396 1424 βασιλέως
2421 1355 2757 1426 προστασίας
2777 1372 2791 1387 ο
2819 1357 2958 1427 ὅπερ
2985 1355 3133 1408 ἐστὶν
3161 1356 3590 1427 ὑπερασπισμὺς
3625 1357 3722 1410 αὺ-

2127 1446 2267 1509 τῶν,
2309 1449 2388 1509 εἰς
2428 1445 2488 1498 τὸ
2512 1447 2806 1518 ἐπιχειρεῖν
2853 1447 3030 1502 πάντα
3071 1446 3140 1501 τὰ
3185 1446 3332 1500 κακὰ
3368 1448 3470 1501 ὅσα
3498 1449 3720 1517 γέγονε,

2129 1539 2221 1592 καὶ
2254 1537 2333 1591 ἔτι
2359 1539 2425 1592 δι’
2457 1539 2636 1594 αὐτῶν
2659 1539 2867 1608 γίνεται
2895 1540 2954 1592 ὲν
2991 1538 3384 1610 Ἀλεξανδρείᾳ,
3408 1541 3504 1593 καὶ
3534 1543 3600 1593 ὲν
3626 1539 3722 1592 Ni-

2129 1630 2428 1702 κομηδείᾳ,
2460 1634 2516 1684 ὲν
2544 1631 2958 1702 Μεσοποταμίᾳ,
3007 1632 3065 1684 ὲν
3109 1630 3473 1702 Παλαιστίνῃ,
3506 1629 3599 1702 [ἡ]
3629 1629 3722 1684 τοῦ

2130 1721 2309 1775 αύτῶν
2337 1722 2600 1792 παρόντος
2629 1721 2888 1791 βασιλέως
2924 1723 3225 1794 προστασία
3247 1721 3290 1776 ⁷.

2203 1901 2298 1954 Μ’.
2347 1901 2442 1953 Ἐκ
2477 1899 2680 1970 ταύτης
2716 1894 2811 1955 οὖν
2843 1901 2941 1972 τῆς
2965 1900 3162 1968 λέξεως
3180 1901 3280 1972 τῆς
3311 1904 3370 1956 ἐν
3410 1902 3491 1974 τῷ
3517 1920 3720 1974 παροι-

2133 1995 2334 2063 μιαστῇ
2367 1993 2789 2063 γεγραμμένης,
2821 1993 2900 2046 ὅτι
2927 1994 3142 2062 Κύριος
3171 1993 3378 2049 ἔπεισέ
3400 2011 3477 2064 με
3516 1995 3723 2064 ἀρχὴν·

2132 2079 2287 2132 ὁδῶν
2305 2082 2492 2134 αὑτοῦ
2518 2084 2604 2146 εὶς
2640 2082 2784 2150 ἔργα
2808 2081 3000 2136 αὑτοῦ
3019 2123 3034 2148 ,
3068 2082 3255 2136 λοιπὸν
3295 2083 3362 2138 τά
3408 2086 3596 2138 πάντα
3625 2086 3722 2138 αύ-

2130 2174 2241 2234 τοῖς
2273 2173 2602 2237 ἐπινοεῖται,
2637 2173 2739 2226 ὅσα
2779 2191 2839 2227 τε
2875 2173 3098 2229 δύναται
3146 2175 3412 2246 σύμφωνα
3447 2176 3526 2246 τῷ
3578 2176 3724 2246 λόγῳ

2130 2258 2288 2329 εἶναι,
2325 2265 2418 2317 καὶ
2453 2266 2750 2336 ἰσορροπεῖ,
2786 2267 2880 2320 καὶ
2916 2267 3136 2322 δύναται
3165 2269 3432 2340 συνᾴδειν,
3464 2269 3593 2322 οῦτε
3627 2271 3725 2322 αύ-

2129 2353 2223 2406 τοῦ
2268 2354 2362 2406 τοῦ
2392 2355 2548 2423 λόγου
2573 2397 2586 2416 .
2622 2355 2748 2412 οὔτε
2789 2356 2898 2410 τῶν
2935 2356 3110 2412 ἄλλων
3153 2360 3416 2430 ῥημάτων
3452 2360 3584 2430 περὶ
3624 2359 3725 2430 τῆς

2131 2444 2380 2515 θεότητος
2408 2443 2500 2498 τοῦ
2546 2445 2677 2498 Υίοῦ
2704 2444 2798 2499 τοῦ
2833 2446 2969 2500 Θεοῦ
3009 2447 3247 2502 τοιοῦτόν
3278 2465 3331 2501 τι
3374 2450 3722 2518 φασκόντων.

2143 2537 2301 2590 Ἀλλὰ
2325 2537 2510 2610 λοιπὸν
2541 2539 2642 2591 ὅσα
2671 2539 2786 2592 ἐστὶ
2814 2539 3024 2604 τούτοις
3049 2541 3240 2610 ὃμοια,
3265 2540 3328 2593 τὸ
3358 2542 3417 2594 ὲν
3443 2540 3527 2610 τῷ
3565 2542 3722 2594 Ἀπο-

2131 2629 2304 2700 στόλῳ
2333 2629 2739 2701 γεγραμμένον,
2765 2631 2846 2695 τὸ,
2878 2631 3141 2696 Δέξασθε
3172 2632 3278 2686 τὸν
3304 2633 3586 2701 ἀρχιερέα
3619 2631 3726 2698 τῆς

2130 2721 2452 2790 ὁμολογίας
2494 2719 2658 2790 ὑμῶν
2685 2723 2908 2777 πιστὸν
2947 2723 3090 2777 ὄντα
3135 2723 3215 2788 τῷ
3246 2723 3578 2789 ποιήσαντι
3621 2726 3726 2778 αὑ-

2130 2815 2266 2867 τόν·
2304 2816 2398 2866 καὶ
2436 2816 2492 2866 ὲν
2533 2814 2612 2885 τῷ
2644 2816 2783 2869 κατὰ
2827 2815 3080 2886 Ἰωάννην
3118 2815 3437 2885 Εὐαγγελίῳ
3467 2833 3725 2888 γεγραμ-

2135 2905 2294 2972 μένον
2316 2945 2332 2969 ,
2364 2906 2446 2958 ὃτι
2479 2901 2668 2971 Οὗτός
2710 2906 2842 2960 ἐστι
2885 2907 3018 2975 περὶ
3053 2902 3125 2962 οὗ
3156 2903 3331 2962 εἶπον
3368 2907 3544 2976 ὑμῖν,
3577 2907 3669 2961 ὅτι
3696 2913 3729 2962 ό

2131 2997 2325 3050 ὀπίσω
2347 3015 2467 3065 μου
2498 2997 2818 3067 ἐρχόμενος
2848 2999 3187 3070 ἔμπροσθέν
3209 3018 3328 3070 μου
3352 2999 3564 3070 γέγονε
3586 3018 3600 3030 ·
3633 3000 3730 3053 καὶ

2133 3091 2194 3142 τὸ
2242 3092 2299 3143 ὲν
2344 3095 2461 3155 ταῖς
2518 3092 2755 3162 Πράξεσι
2798 3093 3222 3164 γεγραμμένον,
3280 3096 3364 3147 ὅτι
3424 3095 3731 3146 Γνωστὸν

2135 3182 2278 3252 ὑμῖν
2322 3183 2479 3236 ἔστω
2523 3183 2641 3251 πᾶς
2681 3180 2843 3250 οἷκος
2899 3185 3164 3253 Ἰσραὴλ.
3213 3184 3302 3238 ὅτι
3347 3183 3572 3239 τοῦτον
3623 3186 3732 3238 τὸν

2149 3273 2411 3341 Ἰησοῦν,
2435 3274 2506 3328 ὃν
2524 3276 2962 3344 ἐσταυρώσατε,
2979 3275 3076 3330 καὶ
3098 3277 3316 3344 Κύριον
3339 3277 3437 3329 καί
3459 3276 3733 3345 Χριστὸν

2135 3365 2323 3419 αὐτὸν
2363 3369 2396 3420 ό
2435 3367 2581 3434 Θεὸς
2621 3368 2893 3435 ἐποίησε.
2941 3367 3052 3422 Καὶ
3094 3367 3230 3421 ἄλλα
3281 3368 3494 3432 τούτοις
3532 3369 3727 3438 ὃμοια.

2136 3459 2356 3511 8"Orrou
2384 3458 2492 3530 γὰρ
2541 3461 2623 3525 εις
2654 3463 3035 3533 παρατήρησιν
3089 3462 3170 3525 εἰς
3223 3460 3432 3532 ἐχθρῶν
3484 3459 3730 3529 ἄμυναν.

2149 3550 2365 3623 Ἐχθροὶ
2393 3553 2501 3624 γάρ
2546 3555 2686 3607 εἰσιν
2720 3553 2795 3616 ὡς
2834 3553 3051 3624 ἀληθῶς
3088 3554 3184 3608 καὶ
3225 3552 3520 3606 ἐπίϐουλοι.
3569 3553 3732 3622 Τάχα

2135 3644 2244 3716 γάρ
2280 3645 2408 3716 περὶ
2433 3647 2612 3700 αὐτῶν
2637 3645 2972 3716 γέγραπται,
3001 3647 3096 3699 καὶ
3133 3645 3240 3700 τῶν
3267 3646 3455 3708 αὐτοῖς
3490 3646 3731 3715 ὁμοίων,

2132 3737 2215 3788 ὅτι
2271 3737 2612 3802 Ἀναστήσω
2649 3741 2682 3792 d
2725 3737 2890 3805 Θεὸς,
2931 3738 3030 3792 καὶ
3071 3737 3733 3806 διασκορπισθήτωσαν

2134 3832 2187 3882 οι
2212 3829 2412 3897 ἐχθροί
2443 3829 2653 3885 αὐτοῦ.
2678 3829 2904 3884 Δοκοῦσι
2927 3829 2982 3883 δὲ
3006 3831 3100 3884 καὶ
3135 3829 3399 3884 οίκειακοὶ
3421 3825 3589 3884 εἶναι.
3625 3831 3734 3882 06-

2133 3921 2244 3984 δεὶς
2280 3921 2336 3974 δὲ
2375 3920 2571 3992 χείρων
2605 3921 2891 3975 οἰκειακῶν
2925 3920 3152 3992 ἐχθρῶν.
3194 3920 3425 3988 Ἐχθροί
3459 3919 3576 3990 γὰρ
3625 3920 3732 3975 τοῦ

2132 4011 2446 4080 ἀνθρώπου
2484 4012 2750 4078 ἅπαντες
2787 4016 2841 4066 oi
2885 4011 3101 4081 ἄνδρες
3145 4010 3252 4066 τοῦ
3291 4013 3462 4066 οἷκον
3501 4011 3727 4067 αὐτοῦ.

2132 4106 2244 4159 Καὶ
2275 4105 2431 4158 τοῦτο
2458 4105 2598 4176 τάχα
2628 4106 2724 4158 καὶ
2753 4105 2881 4173 περὶ
2911 4104 3116 4157 τούτων
3156 4103 3478 4176 πληροῦται.

2203 4288 2303 4340 lE'.
2335 4286 2672 4357 Ἀναπηδῶσι
2684 4285 2792 4358 γὰρ
2806 4286 2881 4350 ὡς
2895 4285 3232 4357 λυσσητῆρες
3245 4284 3403 4346 κύνες
3416 4284 3499 4346 εἰς
3509 4282 3732 4353 ἐχθρῶν

2131 4377 2359 4449 ἄμυναν.
2388 4378 2496 4431 Καί
2519 4395 2668 4447 φασι·
2692 4376 2814 4441 Πῶς
2835 4377 3011 4445 λέγεις
3027 4377 3152 4448 περὶ
3174 4374 3266 4429 τοῦ
3293 4374 3419 4428 Υίοῦ
3432 4375 3528 4428 τοῦ
3545 4375 3692 4429 Θεοῦ
3715 4394 3729 4438 ;

447 4473 628 4527 solent
657 4492 670 4526 :
711 4472 849 4537 Qttid
881 4473 1020 4528 dicis
1047 4475 1114 4528 de
1141 4473 1234 4529 Dei
1271 4475 1445 4530 Filio?
1479 4475 1603 4533 Htec
1626 4479 1881 4533 nimirum
1910 4481 2028 4537 illo-

2161 4471 2324 4524 Γαῦτα
2351 4472 2459 4543 γὰρ
2483 4469 2662 4525 αὐτῶν
2686 4471 2802 4522 ἐστι
2825 4470 2892 4522 τά
2915 4469 3260 4540 τεχνάσματα
3282 4468 3381 4534 τῆς
3405 4469 3731 4540 εἰσαγωγῆς

448 4580 569 4620 rum
595 4564 823 4618 artificia
857 4576 1002 4630 sunt,
1027 4567 1229 4635 quibus
1261 4570 1410 4623 virus
1440 4585 1599 4623 suum
1633 4571 2028 4642 simpliciorum

448 4657 648 4710 animis
691 4656 980 4710 instillant.
1019 4656 1344 4727 Quanquam
1380 4660 1511 4730 quid
1571 4660 1638 4715 ad
1692 4661 1808 4716 hac
1866 4663 2031 4733 adjici

446 4756 650 4819 potest,
705 4755 994 4817 postquam
1032 4747 1126 4802 Dei
1159 4747 1329 4802 Filius
1359 4752 1664 4820 appellatus
1711 4754 1832 4808 est?
1861 4755 1904 4809 Ο
1933 4755 2033 4808 ho-

447 4837 626 4893 mines
665 4837 809 4908 apud
860 4839 1183 4910 semetipsos
1230 4843 1525 4916 sapientes,
1560 4854 1613 4898 et
1647 4846 1905 4916 Opinione
1932 4863 2032 4904 sua

446 4946 512 4987 ac
548 4933 732 5003 specie
782 4940 943 4987 tenus
977 4933 1174 4987 eruditi
1202 4935 1214 4986 !
1264 4934 1405 4999 Quid
1437 4944 1520 4990 est
1552 4938 1696 5007 quod
1739 4939 1807 4992 ad
1835 4955 2031 4996 nomen

448 5024 580 5081 Jesu
617 5025 794 5096 possit
840 5026 1123 5093 accedere,
1160 5027 1267 5081 nisi
1317 5027 1595 5098 legitinms
1623 5028 1801 5087 Patris
1836 5030 2028 5100 Filius,

446 5117 516 5171 ab
545 5133 720 5188 eoque
762 5115 1062 5188 productus
1110 5116 1350 5184 dicatur,
1399 5133 1502 5173 nec
1552 5120 1664 5173 ulla
1700 5123 1912 5178 ratione
1941 5124 2031 5178 di-

419 5211 676 5286 ,versus?
707 5210 810 5266 Sed
844 5210 1076 5266 subinde
1124 5226 1246 5264 cum
1281 5211 1394 5265 risu
1439 5227 1503 5267 ac
1535 5213 1772 5269 ludibrio
1820 5217 1902 5272 sic
1951 5218 2033 5274 in-

448 5301 678 5357 vadunt:
699 5302 984 5370 Quomodo
1015 5319 1045 5357 a
1076 5301 1187 5358 Deo
1216 5318 1342 5358 esse
1373 5307 1588 5375 potest?
1618 5307 1774 5373 Quod
1802 5311 1847 5365 si
1879 5313 2033 5381 quis-

449 5394 595 5464 piam
637 5395 948 5453 sciscitetur
978 5395 1121 5451 sitne
1155 5394 1328 5452 Filius
1364 5411 1560 5465 necne,
1592 5400 1758 5456 verbo
1812 5403 2029 5472 quidem

451 5481 650 5539 Filium
683 5501 805 5542 esse
836 5487 1188 5555 confitentur,
1236 5489 1420 5560 reipsa
1467 5506 1599 5546 vero
1640 5506 1704 5547 ac
1749 5497 2025 5552 sententia

546 5692 560 5722 ¹
591 5687 749 5746 Prov.
779 5706 899 5755 vm,
925 5693 1016 5747 ἥ.
1118 5697 1140 5726 ⁸
1179 5693 1341 5750 llebr.
1375 5713 1458 5759 Ill,
1485 5697 1540 5753 2.
1648 5699 1668 5730 ³
1698 5697 1833 5754 .loan
1869 5719 1908 5764 ι.
1936 5703 2026 5758 27.

452 5759 476 5796 ν
501 5761 629 5817 Cor.
667 5764 986 5835 προστασία.
1063 5768 1082 5797 ⁸
1111 5765 1288 5822 Locus
1333 5769 1577 5824 defectus
1605 5770 1809 5842 aliquot
1838 5759 1966 5829 vcrb
1991 5791 2038 5830 s.

2138 4565 2232 4619 τοῦ
2267 4564 2594 4636 δηλητηρίου
2623 4563 2802 4618 αὐτῶν
2837 4561 2974 4634 πρὸς
2999 4562 3123 4626 τοὺς
3156 4559 3392 4629 ἀφελεῖς.
3424 4562 3536 4614 Καὶ
3564 4562 3625 4613 τί
3655 4563 3732 4614 ενι

2141 4658 2279 4728 μετὰ
2299 4657 2491 4720 ταῦτα,
2528 4658 2667 4728 μετὰ
2685 4657 2748 4710 τὸ
2773 4656 2950 4722 λέγειν
2976 4655 3102 4708 Υἰὸν
3128 4653 3261 4707 Θεοῦ
3282 4671 3297 4719 ;
3326 4649 3397 4706 Ὦ
3423 4654 3648 4707 συνετοὶ
3676 4656 3733 4707 ἐν

2138 4752 2372 4814 ἑαυτοῖς,
2417 4751 2511 4804 καὶ
2541 4747 2911 4819 ἐπιγνώμονες
2944 4745 3174 4800 ἐνώπιον
3203 4745 3381 4800 αὐτῶν
3401 4787 3417 4811 ,
3452 4745 3551 4799 καὶ
3601 4747 3732 4798 ἔπι-

2138 4845 2404 4913 στήμονες
2443 4843 2724 4904 δοκοῦντες
2767 4837 2937 4894 εἷναιῑ
2976 4841 3042 4892 Τί
3076 4839 3155 4892 ἔτι
3199 4836 3459 4909 προσθείη
3513 4854 3604 4901 τις
3655 4837 3733 4908 τῷ

2138 4936 2362 5007 ὀνόματι
2407 4935 2603 5006 Ἰησοῦ,
2640 4936 2687 4988 εξ
2719 4936 2794 5005 μή
2826 4951 2877 4986 τι
2915 4933 3040 4986 Υἱὸν
3070 4932 3290 5001 γνήσιον
3333 4930 3482 4998 λέγοι
3517 4933 3586 4984 ὲκ
3618 4932 3731 4984 Πα-

2135 5031 2262 5100 τρὸς
2286 5029 2434 5094 ὄντα,
2466 5029 2560 5082 καὶ
2602 5028 2702 5081 οὐκ
2732 5025 3128 5097 ἠλλοιωμένον;
3164 5019 3294 5076 Εἶτα
3329 5021 3489 5084 εὐθὺς
3526 5019 3732 5091 χλευα-

2133 5119 2333 5182 στικῶς
2367 5117 2718 5187 άναπηδώσι,
2749 5115 3028 5183 λέγοντες·
3067 5113 3189 5176 Πῶς
3220 5112 3440 5165 δύναται
3474 5106 3625 5165 εἶναι
3669 5115 3732 5165 ἐκ

2132 5213 2298 5278 Θεοῦ;
2359 5209 2732 5282 Ἐρωτώμενοι
2772 5209 2850 5270 δὲ,
2882 5210 2964 5263 ὅτι
2998 5207 3112 5262 Ούκ
3153 5205 3300 5258 ἔστιν
3335 5203 3492 5270 Υἱόςς
3524 5203 3587 5257 τὸ
3628 5205 3732 5275 μὲν

2133 5305 2261 5368 Υἱὸς
2280 5305 2505 5374 ὀνόματι
2543 5301 2896 5372 ὁμολογοῦσι,
2924 5303 2991 5370 τῇ
3021 5299 3079 5352 δὲ
3119 5297 3343 5367 δυνά⁹μει
3374 5298 3470 5349 καὶ
3509 5296 3730 5367 διανοίᾳ

2132 5396 2440 5468 ἀρνοῦνται,
2469 5394 2623 5448 νόθον
2652 5393 2812 5446 αὐτὸν
2837 5375 3150 5445 παντάπασι
3175 5389 3487 5460 βουλόμενοι
3509 5387 3725 5456 λέγειν,

2133 5491 2228 5544 καὶ
2256 5489 2354 5542 οὐκ
2382 5485 2657 5560 ἀληθινόν.
2689 5485 2753 5541 El
2779 5485 2911 5556 γὰρ.
2955 5484 3138 5555 φασὶν,
3171 5483 3237 5535 ἐκ
3271 5479 3407 5533 Θεοῦ
3439 5480 3565 5533 ἐστι
3587 5521 3602 5542 ,
3630 5481 3728 5532 καὶ

2137 5715 2154 5740 ⁸
2193 5711 2314 5766 Aet.
2349 5727 2422 5777 ιι,
2466 5709 2556 5763 36.
2671 5707 2688 5737 ³
2715 5699 2860 5760 Psal.
2905 5716 3076 5766 um,
3108 5697 3161 5751 9..
3265 5698 3285 5726 ⁶
3315 5691 3506 5748 Matth.
3543 5709 3599 5757 ι,
3629 5689 3722 5747 56.
