3826 6206
109 265 216 324 225

855 263 1227 322 ADVERSUS
1263 265 1608 324 ιιΑειιΕδΕε
1645 265 1772 322 LlB.
1805 267 1868 324 ll.
1915 267 2083 322 TUM.
2124 265 2264 322 ll.——
2303 265 2582 323 ILEBES.
2619 264 2806 323 LXIX.

3283 263 3394 324 Ἀθ

111 383 401 452 ἐγέννησεν
423 379 482 446 ἐξ
510 377 676 432 αὑτοῦ
714 378 743 430 ὁ
765 376 898 441 Θεὸς
916 418 932 444 ,
959 377 1036 441 ὡς
1069 380 1264 443 εἰπεῖν,
1297 377 1356 444 ἐξ
1405 377 1543 442 ἰδίας
1568 377 1700 432 ὑπο-

1825 385 2025 447 tegant,
2069 393 2304 448 eumque
2347 378 2596 448 spurium
2641 377 2890 442 omnino,
2920 392 3022 434 nec
3069 392 3391 449 germanum

112 470 358 533 στάσεως
411 467 600 539 φύσει,
651 468 685 538 ἢ
747 469 813 522 ὲκ
875 468 974 538 τῆς
1027 468 1163 533 ίδίας
1219 469 1443 535 οὐσίας,
1503 467 1701 523 οὐκοῦν

110 561 371 632 tandem
396 561 430 631 ἢ
453 560 626 631 τομὴν
652 558 888 626 ἐδέξατο,
911 558 946 630 ἢ
968 561 1026 612 ἐν
1050 558 1128 629 τῷ
1151 561 1344 630 γεννᾷν
1364 559 1698 631 ὲπλατύνθη,

107 653 142 723 ἦ
179 652 480 723 συνεστάλη
503 693 518 716 ,
547 652 583 723 ἦ
611 669 664 706 τι
703 651 812 705 τῶν
852 651 996 706 κατὰ
1026 651 1096 706 τὰ
1130 651 1279 722 πάθη
1313 651 1380 706 τὰ
1415 653 1706 722 σωματικὰ

110 744 350 814 ὑπέστη.
385 744 496 798 Kal.
543 743 604 797 τὸ
639 745 746 797 πᾶν
785 744 893 797 εἰσι
925 743 1348 814 χλευαζόμενα,
1377 742 1449 798 τὰ
1495 743 1703 798 ἑαυτῶν

109 841 188 902 είς
224 838 320 892 τὸν
356 837 489 892 Θεὸν
523 836 915 908 ἁναλογοῦντες
937 879 952 903 ,
983 837 1080 892 καὶ
1112 839 1206 908 ἀφ’
1237 838 1445 893 ἑαυτῶν
1485 838 1704 892 εἰκάσαι

107 931 206 984 τὸν
243 931 382 986 Θεὸν
417 931 750 1002 βουλόμενοι.
814 930 902 982 Ἐν
947 928 1058 1001 γὰρ
1101 928 1222 999 Θεῷ
1269 929 1422 983 οὐδὲν
1473 929 1551 982 ἔνι
1596 931 1704 984 τῶν

109 1022 370 1077 τοιούτων
389 1040 404 1054 ·
435 1022 654 1092 πνεῦμα
679 1021 787 1092 γὰρ
816 1023 844 1074 ό
874 1021 1007 1085 Θεὸς
1026 1062 1040 1087 ,
1085 1021 1181 1075 καὶ
1207 1021 1300 1089 ἀφ’
1329 1021 1521 1076 ἑαυτοῦ
1553 1021 1707 1089 ὲγένυ

107 1131 244 1187 νησε
289 1115 383 1168 τὸν
411 1115 690 1184 Μονογενῆ
719 1115 1000 1185 ἀρρήτως,
1032 1114 1127 1167 καὶ⁹
1162 1113 1582 1183 ἀκαταλήπτοις,
1609 1115 1706 1168 καὶ

110 1211 419 1280 ἀχράντως.
454 1211 578 1272 Πῶς
611 1205 735 1274 οὖν,
763 1211 950 1280 φησιν,
988 1211 1038 1262 εί
1067 1211 1133 1262 ὲκ
1174 1209 1276 1278 τῆς
1318 1209 1508 1270 οὑσίας
1538 1206 1704 1260 αὑτοῦ

110 1302 288 1362 ἐστιν.
319 1301 421 1354 οὐκ
447 1296 556 1354 οἶδε
580 1301 678 1371 τὴν
701 1301 937 1373 ἡμέραν,
967 1301 1046 1364 ὡς
1068 1300 1236 1369 λέγει,
1263 1302 1358 1354 καὶ
1386 1301 1484 1371 τὴν
1518 1300 1703 1371 ῶραν;

111 1394 258 1462 Περὶ
305 1391 374 1446 δὲ
400 1392 511 1460 τῆξ
553 1393 779 1461 ἡμέρας
804 1392 1044 1460 ἐκείνης
1087 1392 1126 1460 ἦ
1160 1391 1272 1460 τῆς
1313 1391 1469 1460 ὥρας
1506 1391 1709 1455 οὐδεὶς

111 1481 304 1551 older,
336 1486 475 1540 οὔτε
513 1489 566 1538 οὶ
597 1485 866 1554 ἄγγελοι,
905 1483 1045 1538 οὔτε
1083 1485 1115 1536 ὀ
1150 1483 1302 1549 Υἱὸς,
1337 1485 1390 1535 εἰ
1411 1482 1498 1551 μὴ
1530 1486 1562 1537 ὁ
1589 1486 1708 1535 Πα-

112 1579 229 1648 τὴρ
249 1579 457 1648 μόνος.
491 1577 616 1641 Πῶς
637 1577 693 1629 δὲ
721 1578 800 1639 εἰς
830 1575 1010 1646 σάρκα
1041 1570 1230 1645 ἦλθεν,
1263 1577 1311 1628 εί
1343 1574 1490 1628 ἐστιν
1520 1575 1584 1627 ὲκ
1611 1573 1706 1627 τοῦ

111 1671 369 1742 Πατρός;
405 1668 524 1732 πῶς
578 1669 634 1722 δὲ
679 1667 902 1721 ἐδύνατο
946 1668 980 1737 ἠ
1037 1665 1322 1737 ἀχώρητος
1365 1665 1548 1736 ἐκείνη
1601 1665 1706 1734 φύ-

1806 469 2072 525 allirmare
2119 470 2362 526 student.
2408 469 2548 524 Nam
2597 469 2668 534 si,
2721 469 3002 541 inquiunt,
3047 486 3079 524 a
3127 469 3239 527 Deo
3284 481 3391 537 est,

1805 575 2039 630 euntque
2091 559 2233 616 Deus
2279 577 2347 617 ex
2383 576 2505 616 sese
2547 560 2759 632 genuit,
2799 560 2905 616 hoc
2957 568 3041 616 est
3077 565 3294 632 propria
3327 578 3396 618 ex

1806 653 2110 724 hypostasi,
2146 665 2240 710 aut
2268 655 2531 719 essentia,
2581 655 2664 710 vel
2718 664 2935 710 tumore
2981 654 3256 711 distentus
3287 665 3393 723 est,

1803 748 1888 802 vel
1919 755 2122 810 sectus,
2173 748 2258 802 vel
2308 748 2361 801 in
2413 747 2727 818 generando
2775 748 3069 814 dilatatns,
3123 758 3218 802 aut
3267 765 3400 802 con-

1805 845 2016 893 tractus
2053 845 2161 901 est,
2197 847 2292 893 aut
2323 839 2562 909 aliquam
2595 855 2785 895 earum
2838 839 3215 903 atl‘ectionnm,
3277 856 3399 910 quae

1805 931 2056 1000 corporis
2105 931 2341 1001 propria:
2389 940 2538 995 sunt,
2588 933 2925 988 sustinuisse
2969 931 3240 986 dicendus
3291 940 3396 986 est.

1809 1021 1915 1076 Sed
1946 1023 2164 1076 ridiculi
2203 1024 2364 1094 plane
2392 1036 2542 1084 sunt,
2573 1025 2703 1078 dum
2740 1032 2990 1078 naturam
3024 1039 3178 1078 suam
3230 1023 3397 1094 739

1808 1128 1871 1166 ac
1896 1113 2269 1168 conditionem
2318 1115 2369 1168 in
2407 1115 2588 1170 Deum.
2617 1115 2993 1178 transferunt,
3039 1131 3278 1184 eumque
3327 1131 3398 1170 ex

1808 1209 2004 1278 seipsis
2036 1209 2236 1278 lingere
2277 1218 2332 1262 et
2361 1209 2688 1262 adumbrare
2731 1216 3021 1261 conantur.
3073 1206 3218 1260 Nihil
3253 1207 3399 1260 enim

1810 1299 1948 1353 inest
1999 1299 2228 1354 istarum
2291 1314 2475 1352 rerum
2523 1298 2684 1353 Deo:
2738 1300 2827 1368 qui
2878 1300 3103 1368 quidem
3163 1298 3400 1367 Spritns

1807 1398 1915 1456 est,
1953 1396 2007 1442 et
2057 1390 2397 1459 unigenitum
2437 1389 2634 1444 Filium
2669 1405 2866 1445 arcana
2909 1392 3148 1460 quadam
3187 1391 3401 1444 ratione

1809 1481 2081 1549 genuerit,
2113 1495 2235 1550 quae
2275 1496 2374 1533 nec
2410 1482 2670 1550 explicari
2719 1481 2899 1538 verbis
2933 1481 3130 1549 possit,
3166 1494 3266 1534 nec
3301 1493 3400 1532 co-

1809 1573 2069 1642 gitatione
2106 1572 2522 1642 comprehendi,
2553 1581 2610 1626 et
2647 1574 2714 1626 ab
2747 1573 2896 1625 omni
2933 1573 3051 1627 labe
3080 1587 3144 1624 ac
3184 1572 3400 1625 macula

1810 1664 2174 1718 remotissima
2216 1664 2309 1718 sit.
2349 1662 2547 1716 Verum
2583 1664 2787 1717 instant
2823 1681 2835 1716 :
2874 1675 2926 1717 et
2981 1662 3036 1716 Si
3083 1679 3147 1716 ex
3202 1663 3398 1731 ipsius,

111 1781 203 1828 σις
261 1765 442 1834 σάρκα
496 1761 841 1821 ἐνδύσασθαι,
897 1761 948 1814 εί
988 1755 1058 1832 ἦν
1107 1760 1174 1812 ἐκ
1205 1758 1298 1813 τοῦ
1326 1757 1539 1828 Πατρὸς
1566 1757 1708 1812 κατὰ

1821 1756 2091 1825 inquiunt,
2128 1757 2363 1810 essentia
2399 1756 2684 1823 prodierit,
2721 1757 2999 1825 quomodo
3024 1756 3215 1824 iudicii
3252 1755 3398 1810 diem

110 1851 312 1924 φύσινς

1814 1856 1868 1900 et
1899 1849 2110 1911 horam,
2148 1855 2208 1900 ut
2243 1848 2358 1916 ipse
2387 1856 2646 1908 testatur,
2677 1847 2926 1917 ignorat?
2957 1847 3034 1900 De
3064 1846 3168 1910 die,
3203 1847 3398 1916 inquit,

111 1950 216 2003 illo
256 1959 306 2003 et
336 1949 468 2002 hora
513 1965 664 2002 nemo
692 1949 858 2014 novit,
904 1963 1065 2015 neque
1095 1946 1290 2017 angeli,
1326 1961 1488 2015 neque
1514 1942 1714 2010 Filius,
1754 1944 1859 1997 nisi
1881 1943 2024 1996 solus
2061 1943 2220 1996 Pater
2246 1945 2282 1995 '.
2317 1945 2395 1996 Ad
2425 1944 2537 1997 hate
2568 1944 2612 1996 si
2640 1959 2702 1996 ex
2752 1943 2914 2023 Patre
2963 1951 3068 2007 est,
3125 1943 3404 2014 quomodo

109 2041 410 2097 descendit
431 2041 497 2098 ad
529 2042 791 2096 carnem?
828 2049 923 2095 aut
977 2055 1101 2112 quat
1159 2041 1308 2094 nulla
1357 2055 1418 2094 re
1462 2038 1584 2107 capi
1627 2038 2010 2106 continerique
2058 2043 2254 2090 natura
2292 2042 2494 2106 potest,
2555 2051 2777 2089 carnem
2813 2036 3010 2099 induit,
3059 2036 3102 2090 si
3140 2033 3404 2089 naturali-
3499 2039 3506 2045 '

110 2147 200 2192 ter
232 2155 264 2191 ιι
297 2137 457 2191 Patre
498 2137 808 2207 processit?

181 2231 308 2299 tq'.
337 2233 448 2284 Καὶ
473 2233 570 2284 οὐκ
600 2233 772 2284 οἴδασι
809 2231 926 2295 πῶς
949 2233 1029 2295 είς
1059 2231 1265 2285 ἑαυτῶν
1295 2230 1556 2302 αἰσχύνην
1581 2228 1707 2292 τοὺς

107 2323 418 2392 λογισμοὺς
435 2321 656 2386 τούτους
681 2323 1117 2391 ἐπισυνάγουσιν.
1145 2325 1207 2376 El
1235 2321 1366 2393 γὰρ,
1399 2321 1484 2375 διὰ
1520 2321 1582 2374 τὸ
1611 2319 1707 2388 ἡλ-

110 2414 376 2468 ἶεοιῶσθαι
406 2416 567 2468 αὐτὸν
595 2415 747 2484 παρὰ
783 2416 881 2487 τὴν
906 2415 1001 2468 τοῦ
1030 2415 1240 2484 Πατρὺς
1272 2415 1480 2478 οὐσίαν,
1519 2413 1706 2466 ἐνεδύ-

114 2523 249 2560 σατο
291 2511 497 2577 σάρκα,
527 2507 619 2559 καὶ
654 2510 709 2560 ὲν
735 2508 871 2578 αὑτῇ
918 2507 1186 2572 πέπονθε,
1227 2508 1321 2560 καὶ
1352 2507 1700 2578 ἐσταυρώθηο

111 2599 454 2666 δειξάτωσαν
477 2602 630 2670 ἡμῖν,
655 2599 710 2651 τί
736 2600 842 2651 τῶν
869 2598 1044 2653 ἄλλων
1071 2599 1455 2670 πνευματικῶν
1483 2599 1710 2668 κτισμά-

112 2707 246 2754 των,
290 2691 538 2760 καίτοιγε
573 2690 768 2752 ὅντων,
815 2689 1097 2744 ἐνεδύσατο
1137 2690 1334 2761 σάρκα.
1368 2692 1442 2744 Οὐ
1470 2689 1580 2762 γὰρ
1617 2689 1710 2742 δύ-

113 2799 308 2835 νανται
350 2782 426 2855 μὴ
456 2783 554 2852 οὐχ
584 2782 866 2852 ὁμολογεῖν
893 2783 984 2836 τὸν
1020 2783 1146 2835 Υίὸν
1177 2784 1317 2853 ὑπὲρ
1356 2783 1554 2837 πάντα.
1591 2783 1710 2836 Κάν

112 2889 172 2927 τε
210 2875 429 2944 κτίσμα
474 2877 635 2929 αὑτὸν
687 2878 916 2946 λέγοιεν,
959 2878 1313 2949 ὁμολογοῦσιν
1358 2878 1520 2931 αὑτὸν
1568 2877 1710 2948 ὑπὲρ

112 2965 211 3018 ὅλα
245 2964 320 3017 τὰ
350 2966 625 3037 κτίσματα
672 2971 858 3024 αὐτοῦ.
904 2970 1066 3022 Ἀλλὰ
1110 2970 1199 3024 καὶ
1251 2969 1326 3033 ῶς
1361 2968 1709 3041 χαριζόμενοι

115 3054 305 3125 αὐτῷ,
357 3056 638 3126 βούλονται
697 3060 858 3112 αὐτὸν
909 3059 1234 3130 Θεραπεύειν
1291 3059 1466 3129 λόγῳ,
1521 3059 1709 3130 ὥσπερ

116 3147 264 3218 χειρὶ
322 3151 426 3220 μιᾷ
482 3151 582 3221 μὲν
639 3151 924 3214 παίοντες,
977 3151 1147 3222 τῇδὲ
1194 3151 1326 3222 ἄλλῃ
1378 3151 1705 3219 ἀλείφοντες.

117 3239 293 3292 Τοῦτο
333 3240 445 3308 γὰρ
478 3241 721 3295 Θέλουσιν
750 3242 935 3312 ῶσπερ
966 3243 1026 3306 ἐξ
1055 3243 1188 3305 ἰδίας
1218 3243 1587 3314 προαιρέσεως
1620 3242 1710 3294 αὑ-

116 3329 192 3402 τῷ
222 3331 723 3403 προσχαρίσασθαι.
751 3333 859 3386 Καὶ
881 3333 1098 3401 λέγουσι
1117 3349 1134 3365 ο
1166 3335 1389 3403 Κτίσμα
1432 3333 1528 3403 μὲν
1553 3333 1710 3401 λέγοι

122 3441 244 3493 μεν,
273 3423 394 3477 ἀλλ’
419 3425 518 3493 οὐχ
543 3424 618 3487 ῶς
645 3423 703 3477 ἓν
730 3425 838 3477 τῶν
869 3427 1206 3497 κτισμάτων,
1237 3425 1332 3479 καὶ
1353 3426 1586 3496 ποίημα,
1619 3425 1711 3478 καὶ

117 3517 217 3586 οὐχ
247 3515 329 3579 ὡς
363 3515 423 3567 ἓν
454 3515 564 3568 τῶν
597 3513 934 3587 ποιημάτων,
967 3517 1060 3569 καὶ
1088 3516 1353 3588 γέννημα,
1388 3517 1481 3569 καὶ
1515 3517 1612 3588 οὑχ
1636 3519 1713 3580 ὡς

118 3605 177 3657 ἲν
206 3604 324 3658 τῶν
353 3605 709 3676 γεννημάτων
726 3623 744 3638 ο
766 3606 856 3660 ἵνα
880 3607 936 3658 ὲν
963 3605 1041 3676 τῷ
1065 3607 1260 3670 εἰπεῖν,
1292 3607 1389 3676 οὐχ
1416 3607 1490 3670 ὼς
1521 3607 1578 3658 ἓν
1603 3607 1713 3660 τῶν

119 3698 507 3767 γεννημάτων,
544 3698 993 3769 ἀποστερήσωσιν
1036 3698 1197 3751 αὑτὸν
1235 3697 1336 3768 τῆς
1380 3698 1519 3752 κατὰ
1553 3697 1713 3767 φύσιν

120 3788 466 3858 γεννήσεως·
503 3787 595 3840 καὶ
625 3789 683 3840 ὲν
706 3785 784 3856 τῷ
805 3789 998 3850 εἰπεῖν,
1025 3789 1123 3859 οὑχ
1149 3787 1226 3851 ὡς
1251 3787 1309 3842 ἒν
1337 3789 1446 3841 τῶν
1481 3789 1715 3860 κτισμά-

120 3896 228 3932 των
250 3921 266 3944 ,
288 3879 377 3933 ἵνα
399 3879 649 3948 ἀληθινὸν
668 3869 870 3949 κτίσμα
889 3880 1050 3932 αὐτὸν
1067 3878 1434 3948 ἀποφάνωσιν.
1461 3874 1584 3934 Οἷον
1607 3879 1713 3950 γὰρ

121 3971 216 4024 ἐὰν
315 3970 543 4041 κτίσμα,
577 3970 782 4042 κτίσμα
803 3971 1055 4042 ὑπάρχει·
1089 3971 1188 4025 κᾶν
1211 3989 1271 4024 τε
1309 3971 1714 4043 μυριανταπλόιὲ

123 4079 240 4115 σιον
275 4062 465 4116 ἐπάνω
499 4064 584 4134 εῐη
623 4063 796 4133 ὄνομα
835 4063 977 4134 ἔχον,
1016 4063 1077 4116 τὸ
1115 4064 1247 4118 αὐτό
1290 4065 1405 4117 ἐστι
1439 4067 1550 4128 τοῖς
1581 4066 1714 4119 πᾶσι

123 4156 428 4226 κτίσμασιν
451 4153 855 4225 ὲξισαζόμενον.
885 4155 961 4208 Οὑ
994 4153 1104 4226 γὰρ
1129 4156 1211 4209 ὅτι
1246 4154 1397 4227 ἥλιος
1432 4155 1717 4227 φαιδρότε-

125 4266 219 4320 ρος
243 4249 364 4302 τῶν
388 4248 565 4302 ἄλλων
590 4249 727 4312 ἐστὶ,
755 4248 978 4302 δύναται
1010 4249 1083 4321 μὴ
1112 4245 1251 4304 εἶναι
1273 4251 1500 4322 κτίσμα,
1526 4249 1716 4323 ὥσπερ

1889 2224 2030 2279 XVI.
2074 2223 2183 2278 Nec
2219 2221 2352 2276 illud
2389 2220 2722 2291 intelligunt,
2759 2228 2961 2289 quanta
3007 2235 3104 2274 sua
3147 2236 3271 2276 eum
3321 2223 3403 2276 in-

1811 2320 1979 2372 Tamia
2030 2315 2344 2371 istiusmodi
2387 2314 2748 2383 cogitationes
2791 2313 3119 2383 suscipiant.
3171 2312 3304 2368 Nam
3354 2315 3400 2370 si

1809 2420 2096 2480 propterea
2133 2408 2275 2478 quod
2308 2423 2336 2459 a
2367 2404 2547 2460 Patris
2579 2405 2816 2459 essentia
2854 2405 3106 2459 diversus
3137 2411 3242 2468 est,
3273 2419 3400 2458 car-

1815 2516 1936 2554 nem
1996 2499 2243 2552 induisse
2288 2497 2516 2558 dieitur,
2565 2496 2619 2548 in
2675 2509 2848 2564 eaque
2899 2509 3096 2564 passus
3146 2501 3201 2547 et
3249 2497 3401 2548 cruci

1815 2593 2059 2655 sullixus,
2112 2589 2272 2643 velim
2322 2587 2454 2641 illud
2500 2587 2658 2641 nobis
2693 2587 3006 2650 ostendant,
3047 2600 3296 2654 quaenam
3333 2601 3400 2641 ex

1815 2683 2157 2754 spiritalibus
2187 2680 2458 2734 creaturis
2489 2679 2592 2732 alia
2636 2685 2780 2746 (esse
2811 2677 2953 2732 enim
2986 2676 3254 2747 quasdam
3289 2693 3398 2731 non

1813 2775 2036 2829 dubium
2067 2781 2174 2842 est)
2215 2787 2435 2827 carnem
2487 2771 2801 2839 sumpserit.
2851 2769 3038 2838 Neque
3081 2770 3226 2822 enim
3278 2770 3402 2822 inti-

1813 2867 1947 2921 ciari
2005 2875 2236 2937 possunt
2287 2865 2484 2919 Filium
2539 2863 2802 2933 dignitate
2859 2861 3088 2931 reliquis
3142 2862 3400 2917 omnibus

1813 2958 2157 3010 antecellere.
2196 2957 2270 3010 Ac
2321 2955 2540 3009 tametsi
2595 2961 2906 3006 creat-uram
2955 2952 3104 3004 illum
3152 2967 3275 3006 esse
3317 2952 3402 3004 ιίὶη

1814 3059 1962 3114 cant,
2012 3050 2370 3104 nihilominus
2420 3045 2676 3100 omnibus
2724 3045 2902 3113 ipsum
2962 3045 3230 3101 creaturis
3280 3045 3400 3114 ejus

1815 3151 2189 3212 anteponunt;
2225 3151 2390 3210 atque
2429 3139 2501 3191 ita
2538 3137 2683 3192 velut
2711 3135 3053 3205 gratiﬁcandi
3085 3151 3250 3189 causa
3279 3151 3401 3189 ver—

1821 3236 1906 3288 bis
1939 3245 2096 3288 tenus
2142 3231 2409 3286 demereri
2449 3245 2513 3284 ac
2546 3228 2840 3284 conciliare
2876 3227 3095 3282 student
3129 3247 3142 3281 :
3177 3229 3401 3297 perinde

1813 3340 1878 3380 ac
1925 3325 2017 3395 qui
2076 3324 2245 3377 altera
2297 3337 2460 3374 manu
2513 3315 2821 3382 verberant,
2879 3321 3045 3374 altera
3102 3311 3394 3387 inunount.

1811 3415 2024 3484 Quippe
2052 3414 2182 3467 illud
2207 3417 2383 3482 ipsum
2413 3417 2607 3480 suapte
2628 3417 2822 3479 sponte
2836 3411 2982 3464 velut
3010 3408 3254 3463 beneﬁcii
3281 3409 3401 3462 loco

1815 3508 2084 3570 tribuunt,
2113 3514 2273 3575 atque
2308 3507 2381 3558 ita
2405 3503 2691 3557 dictitant:
2719 3517 2820 3557 nos
2854 3509 3159 3557 creaturam
3181 3502 3396 3572 quidem

1815 3600 1964 3654 illum
1986 3613 2107 3654 esse
2136 3598 2390 3658 dicimus,
2409 3595 2503 3651 sed
2532 3611 2639 3650 non
2671 3602 2991 3650 caztcrarum
3022 3602 3399 3647 creaturarum

1811 3693 2024 3756 instar;
2056 3689 2183 3744 item
2217 3688 2498 3758 opiﬁcium
2525 3703 2646 3744 esse
2683 3686 2977 3749 credimus,
3021 3684 3117 3740 sed
3147 3701 3256 3739 non
3305 3699 3404 3741 cu-

1811 3781 2054 3853 jusmodi
2089 3789 2286 3835 cautem
2331 3779 2550 3850 Opiﬁcia
2586 3787 2748 3845 sunt;
2797 3779 2964 3833 letmn
2997 3776 3243 3847 insuper,
3291 3793 3401 3832 non

1815 3885 1876 3929 ut
1915 3873 2055 3930 fetus
2084 3875 2175 3927 alii
2207 3879 2356 3936 sunt,
2397 3880 2459 3926 ut
2488 3887 2613 3926 cum
2648 3878 2970 3925 cancrorum
3013 3886 3136 3940 quae
3165 3871 3403 3940 gignun-

1817 3978 1907 4022 tur
1940 3983 2049 4022 non
2101 3967 2278 4020 instar
2319 3979 2442 4019 esse
2490 3963 2748 4029 dixerint,
2787 3962 3092 4016 naturalem
3143 3965 3190 4016 ei
3242 3977 3406 4030 gene-

1816 4059 2086 4114 rationem
2141 4057 2470 4122 detrahant;
2513 4064 2568 4108 et
2615 4067 2740 4108 cum
2793 4053 3020 4107 minime
3060 4054 3292 4123 alicujus
3335 4066 3405 4107 et

1818 4150 2091 4206 creaturis
2124 4149 2358 4203 similem
2396 4147 2754 4212 asscruerint,
2787 4159 2970 4199 veram
3008 4145 3160 4198 illum
3188 4152 3406 4200 creatu-

1819 4259 1936 4298 ram
1994 4257 2118 4297 esse
2167 4239 2449 4295 deﬁniant.
2510 4236 2644 4291 Nam
2679 4235 3097 4306 cujusquemodi
3149 4244 3404 4290 creatura

127 4343 218 4395 καὶ
253 4344 283 4396 ό
311 4341 496 4405 λίθοςο
532 4341 651 4394 οὐδὲ
683 4342 766 4395 ὅτι
795 4345 828 4414 ή
864 4342 1062 4414 σελήνη
1095 4343 1387 4414 ὑπερπαίει
1420 4343 1490 4397 τὰ
1517 4345 1712 4416 ἄστρα,

1824 4338 2001 4407 aliqua
2037 4335 2129 4398 sit,
2163 4339 2435 4402 ,creatura
2483 4338 2664 4385 tamen
2720 4336 2835 4396 est;
2885 4343 2950 4382 ac
2996 4329 3122 4382 licet
3172 4327 3406 4383 inﬁnitis

128 4435 277 4505 παρὰ
303 4434 472 4487 τοῦτο
508 4435 610 4487 οὑκ
647 4434 763 4488 ἐστι
801 4434 910 4490 τῶν
949 4428 1460 4508 κτισμάτῶν.Ἰδοὺ
1497 4437 1607 4508 γὰρ
1643 4437 1716 4492 τὰ

123 4525 459 4594 σύμπαντα
510 4523 702 4578 δοῦλα
745 4525 846 4579 σά.
893 4527 1033 4580 Ὅσα
1065 4527 1175 4600 γάρ
1221 4528 1397 4590 ἐστιν,
1447 4526 1506 4593 ἐξ
1549 4527 1714 4581 αὑτοῦ

124 4617 272 4670 ἐστιν
314 4616 618 4687 ἐκτισμένα
650 4617 744 4670 καὶ
783 4617 975 4672 δοῦλαο
1009 4621 1037 4673 ὁ
1064 4619 1120 4672 δὲ
1146 4619 1454 4691 Μονογενὴς
1489 4618 1717 4690 ἀλήθειά

126 4708 262 4774 ἐστι,
297 4708 401 4762 καὶ
427 4711 457 4762 ὀ
490 4708 647 4776 λόγος
677 4709 842 4762 αὐτοῦ
873 4710 1124 4782 ἀληθινὸς
1150 4712 1424 4784 ὑπάρχει,
1464 4712 1541 4775 ῶς
1574 4712 1676 4784 ἔφη
1697 4728 1711 4742 ⁸

137 4800 283 4855 Ἐὰν
315 4800 490 4870 ὑμεῖς
519 4802 764 4870 μείνητε
789 4802 858 4856 ἐν
880 4801 961 4868 τῷ
990 4804 1150 4873 λόγῳ
1182 4802 1262 4869 τῷ
1294 4802 1412 4873 ἐμῷ
1431 4845 1446 4869 ,
1476 4803 1719 4873 ἀληθῶς

125 4896 392 4962 μαθηταί
403 4896 523 4965 μού
538 4895 696 4959 ἐστε,
714 4896 810 4950 καὶ
832 4896 1137 4967 γνώσεσθε
1157 4895 1273 4965 τὴν
1285 4896 1592 4963 ἀλήθειαν,
1619 4898 1718 4951 καὶ

126 4987 167 5053 vi
198 4987 462 5055 ἀλήθεια
497 4987 882 5057 ἐλευθερώσει
913 4986 1088 5059 ὑμᾶς.
1119 4989 1183 5042 El
1224 4989 1280 5044 δὲ
1311 4991 1340 5044 ὁ
1371 4989 1526 5058 λόγος
1554 4989 1717 5043 αὑτοῦ

130 5075 362 5146 ἀλήθεια
385 5077 644 5148 ὑπάρχει,
659 5080 755 5132 καὶ
778 5079 1052 5150 ἐλευθεροῖ
1069 5081 1191 5144 τοὺς
1207 5080 1390 5134 ὲλευοε
1400 5081 1715 5152 ρουμὲνους,

131 5171 286 5240 πόσῳ
323 5187 400 5239 γε
439 5171 638 5242 μᾶλλον
677 5171 841 5236 αὐτὸς
870 5173 1152 5245 ἐλεύθερος
1189 5173 1460 5245 ὑπάρχει,
1495 5174 1719 5244 ἀλήθεια

131 5257 226 5322 ῶν,
288 5261 390 5314 καὶ
433 5259 736 5333 ἐλευθερῶν
790 5263 917 5326 τοὺς
970 5262 1120 5334 αὐτῷ
1167 5263 1520 5334 πειθομένους
1559 5263 1718 5327 ὄντας

129 5347 394 5418 δούλους
440 5352 530 5406 διὰ
574 5353 636 5407 τὸ
684 5352 974 5426 σύμπαντα
1011 5354 1173 5408 δοῦλα
1213 5349 1353 5409 εἷναι
1389 5353 1575 5421 αὑτοῦ,
1624 5354 1720 5408 καὶ

132 5441 226 5496 τοῦ
262 5444 482 5516 Πατρός
519 5444 706 5513 αὐτοῦ,
738 5447 830 5502 καὶ
864 5446 958 5502 τοῦ
992 5447 1148 5517 ἁγίου
1179 5447 1496 5517 Πνεύματος
1527 5437 1714 5500 αὑτοῦ.

1824 4429 2071 4501 partibus
2100 4426 2450 4496 praistantius
2485 4437 2681 4476 nomen
2720 4420 2982 4482 obtineat,
3016 4435 3138 4473 cum
3181 4419 3407 4489 reliquis

1823 4521 2180 4578 nihilominus
2231 4517 2504 4572 creaturis
2553 4514 2827 4584 aquuari
2863 4528 3089 4567 necesse
3123 4520 3226 4566 est.
3270 4509 3407 4565 Nam

1825 4630 2001 4685 neque
2031 4613 2132 4678 sol,
2167 4610 2314 4682 quod
2358 4611 2566 4680 reliqua
2603 4607 2894 4679 splendore
2925 4615 3164 4677 superet,
3198 4605 3409 4659 idcirco

1825 4714 2077 4761 creatura
2096 4693 2216 4757 'non
2249 4716 2372 4756 esse
2401 4708 2602 4771 potest,
2638 4698 2861 4770 perinde
2896 4713 2960 4752 ac
3007 4698 3178 4768 lapis;
3230 4710 3410 4766 neque

1826 4795 1973 4868 quod
2009 4797 2138 4850 luna
2187 4794 2362 4850 stellis
2393 4792 2729 4864 splendidior
2772 4792 2876 4857 sit,
2909 4791 2981 4846 ob
3023 4790 3074 4844 id
3115 4805 3144 4843 a
3191 4795 3408 4844 creata-

1826 4906 1949 4946 rum
2005 4903 2190 4945 rerum
2239 4903 2474 4942 numero
2525 4885 2886 4942 secernitur:
2940 4882 3069 4937 Ecce
3123 4883 3263 4936 enim
3313 4880 3410 4951 (ait

1829 4980 2139 5050 Scriptura)
2200 4979 2383 5032 onznia
2406 4978 2637 5032 serviunt
2669 4975 2762 5028 tibi
2795 4976 2814 5006 ²
2843 4992 2856 5027 :
2894 4972 3038 5045 quod
3068 4983 3410 5041 quaecunque

1822 5074 2042 5128 demum
2069 5073 2366 5135 exsistunt,
2395 5071 2463 5125 ab
2486 5086 2551 5124 eo
2572 5075 2756 5124 creata
2786 5067 2916 5129 sint,
2943 5065 3102 5134 eique
3129 5063 3405 5131 serviunt;

1821 5164 2138 5236 unigenitus
2156 5180 2284 5219 vero
2303 5162 2475 5218 Filius
2495 5162 2696 5218 veritas
2714 5169 2819 5222 est,
2834 5175 2897 5214 ac
2928 5175 3114 5213 verum
3132 5155 3407 5210 Verbum:

1822 5256 1876 5311 id
1905 5256 2049 5327 quod
2086 5256 2202 5327 ipse
2217 5263 2473 5313 testatur.
2503 5253 2586 5322 Si,
2619 5254 2816 5324 inquit,
2850 5249 3151 5305 manseritis
3171 5249 3222 5301 in
3252 5245 3410 5302 verba

1823 5366 1957 5414 meo,
1993 5365 2107 5404 vere
2157 5347 2406 5417 discipuli
2440 5349 2539 5402 mei
2575 5347 2745 5412 eritis,
2789 5344 2953 5418 740
2997 5354 3044 5400 et
3086 5339 3410 5412 cognoscetis

1822 5444 2116 5511 veritatem,
2142 5453 2191 5499 et
2225 5445 2419 5499 veritas
2468 5441 2714 5497 liberabit
2742 5458 2830 5494 vos
2871 5441 2913 5494 ³.
2961 5440 3097 5494 Cum
3127 5437 3274 5491 enim
3311 5432 3410 5490 Dei

136 5533 380 5591 Verbum
414 5538 620 5616 veritas
652 5538 746 5604 sit,
789 5539 1001 5608 eisque,
1042 5540 1142 5612 qui
1203 5539 1260 5599 in
1319 5538 1622 5596 libertatem
1679 5542 2023 5604 asseruntur,
2095 5535 2243 5592 illam
2289 5534 2463 5607 ipsam
2518 5533 2828 5594 libertatem
2880 5531 3088 5588 tribuat
3113 5567 3129 5592 .
3193 5532 3407 5602 quanto

208 5694 227 5726 ⁸
270 5690 442 5750 lare.
484 5709 609 5758 xm,
642 5693 734 5750 52.
811 5696 833 5726 ⁸
872 5693 1230 5760 Psal.cxvm,
1266 5694 1354 5748 9i.

1433 5693 1452 5724 ³
1489 5691 1650 5750 Joan.
1681 5709 1800 5763 vui,
1830 5692 1920 5749 5i.
