3826 6206
434 259 544 315 227

1816 250 1877 308 S.
1918 247 2258 305 EPlPllANll

3592 242 3689 304 2‘53

433 373 610 447 magis
634 374 740 429 erit
760 374 879 445 ipse
912 373 1072 439 liber,
1102 377 1297 441 utpote
1355 369 1450 439 qui
1486 368 1557 423 sit
1606 367 1835 433 veritas,
1870 382 2077 438 eosque
2128 367 2181 420 in
2231 366 2535 420 libertatem
2574 379 2642 420 ex
2692 362 2954 419 servitute
2990 360 3249 426 vindicet,
3295 358 3389 430 qui
3442 358 3547 413 sibi
3594 358 3687 426 ipsi

435 481 641 521 morem
687 468 919 538 gerant?
976 466 1247 533 Quoniam
1302 464 1487 519 omnia
1531 471 1641 517 tam
1695 463 1799 534 ipsi
1852 478 2017 533 quam
2056 462 2178 532 ejus
2210 461 2380 525 Patri,
2413 459 2641 532 Spiritui
2674 468 2867 515 sancto
2894 458 3160 513 serviunt.

507 554 669 610 XVII.
712 556 822 613 Sed
855 558 987 612 illud
1035 558 1347 626 objiciunt:
1382 554 1669 621 Quomodo
1712 570 1770 609 se
1814 553 2013 607 infudit

2187 557 2284 607 lZ'.
2343 549 2472 607 Εἶτα
2524 552 2686 606 πάλιν
2733 553 2989 619 λέγουσι·
3044 550 3169 610 Πῶς
3225 547 3562 617 ὲνεδήμησεν
3618 545 3687 608 είς

434 648 493 702 ln
527 663 771 713 carnem,
808 649 854 704 si
882 665 949 704 ex
986 648 1168 704 Patris
1212 650 1451 703 essentia
1485 646 1796 716 processit?
1829 643 2020 697 Dicant

437 747 493 793 et
543 739 646 808 ipsi
681 754 782 793 cur
815 739 1015 809 angeli,
1048 739 1142 807 qui
1190 738 1362 808 ipsius
1413 738 1556 793 servi
1600 745 1748 799 sunt,
1798 749 2019 788 carnem

440 829 667 884 minime
716 829 1096 898 susceperint?
1130 844 1231 882 cur
1266 843 1366 882 nec
1400 826 1735 895 archangeli,
1769 839 1869 879 nec
1912 839 2022 878 ca:-

441 920 609 981 lestes
646 921 942 983 exercitus,
977 935 1076 974 nec
1120 920 1316 988 reliqui
1357 934 1549 973 omnes
1580 918 1845 988 spiritus?
1880 916 2020 982 Quid

442 1010 590 1081 quod
619 1018 673 1065 et
703 1010 865 1065 iidem
907 1009 1221 1065 inferiorem
1249 1024 1373 1063 esse
1412 1008 1550 1062 Filio
1586 1008 1848 1077 Spiritum
1876 1007 2020 1060 atlir-

443 1111 618 1165 mant,
665 1110 718 1156 et
772 1102 999 1155 alterius
1047 1108 1378 1162 creaturam,
1430 1114 1624 1169 nempe
1659 1096 1863 1153 Verbi?
1911 1096 2023 1151 Cur

443 1209 553 1248 non
590 1194 753 1264 igitur
796 1207 1017 1247 carnem
1069 1192 1306 1262 Spiritus
1363 1191 1561 1255 induit,
1610 1206 1735 1243 cum
1786 1204 1850 1243 ex
1909 1188 2021 1242 Arii

442 1285 713 1339 sententia
746 1284 917 1336 multo
946 1284 1118 1353 magis
1164 1283 1235 1336 sit
1263 1282 1409 1337 illius
1440 1296 1602 1352 quam
1632 1281 1754 1334 Filii
1786 1294 2022 1351 persiina

445 1372 766 1427 mutabilis?
796 1370 1274 1427 Verumenimvero
1306 1371 1453 1441 quod
1486 1371 1575 1426 ille
1604 1371 1874 1440 sapientia
1918 1369 2023 1423 Pa-

444 1465 546 1520 tris
577 1474 745 1529 esset,
774 1473 989 1521 suamet
1018 1465 1193 1535 ipsius
1229 1465 1565 1534 perfectione
1595 1464 2023 1519 imbecillitatem

446 1563 693 1610 nostram
726 1554 1010 1623 suscipere
1040 1554 1231 1617 voluit,
1260 1561 1319 1607 ut
1362 1554 1524 1622 hujus
1563 1552 1752 1607 mundi
1782 1553 1931 1607 salus
1961 1553 2023 1605 il-

449 1648 556 1702 lius
586 1646 847 1701 beneficio
880 1654 1312 1715 compararetur.
1346 1644 1416 1699 At
1464 1645 1543 1698 illi
1597 1645 1738 1699 bona
1785 1645 1838 1697 in
1882 1645 2023 1698 mala

447 1745 872 1801 comminantes,
924 1736 1168 1807 ingratos
1203 1752 1325 1793 sese
1364 1736 1627 1806 praebent,
1673 1736 1809 1788 tanti
1861 1735 2025 1789 bene-

452 1828 558 1882 ticii
588 1829 955 1893 immemores,
1009 1838 1171 1897 atque
1204 1829 1256 1881 in
1303 1826 1590 1880 Dominum
1637 1840 1797 1879 suum
1830 1832 2024 1879 contu-

2124 654 2319 720 σάρκα,
2352 647 2401 698 εί
2424 642 2492 715 ἦν
2522 648 2584 698 ὲκ
2613 645 2713 715 τῆς
2744 644 2839 697 τοῦ
2872 643 3086 715 lla-:96;
3111 641 3334 704 οὐσίας;
3366 640 3573 691 Εἴπωσι
3599 640 3687 690 τοί»
3716 688 3719 693 .

2121 756 2214 791 νυν
2241 740 2393 809 ἡμῖν,
2426 737 2544 800 πῶς
2584 736 2804 805 ἄγγελοι
2838 738 3015 807 σάρκα
3045 736 3145 787 οὑκ
3174 732 3386 795 ἔλαϐον,
3411 731 3563 791 ὄντες
3586 728 3690 781 δοῦ-

2121 830 2201 882 λοι
2232 829 2428 893 αὑτοῦ;
2462 828 2578 891 πῶς
2614 826 2945 899 ἀρχάγγελοι
2971 845 2984 891 ;
3019 826 3136 887 πῶς
3173 821 3459 893 στρατιαί;
3488 820 3606 883 πῶς
3633 820 3692 872 si

2122 921 2257 976 ἄλλα
2286 922 2460 975 πάντα
2489 921 2556 973 τὰ
2586 919 2964 990 πνευματικὰς
3009 917 3168 970 Ἀλλά
3198 917 3291 969 καὶ
3316 912 3691 982 ὑποδεέστερόν

2123 1027 2287 1078 φασιν
2331 1006 2469 1062 εἶναι
2520 1009 2571 1061 οἱ
2626 1008 2857 1061 τοιοῦτοι
2910 1007 2971 1060 τὸ
3031 1006 3278 1076 Πνεῦμα,
3347 1005 3442 1057 καὶ
3503 1002 3693 1071 κτίσμα

2123 1101 2437 1171 κτίσματος,
2469 1101 2543 1163 ὡς
2564 1100 2729 1154 αὑτοῦ
2751 1100 2844 1153 τοῦ
2877 1100 3074 1167 Λόγου.
3104 1099 3227 1161 Πῶς
3255 1094 3349 1150 οῦν
3388 1096 3450 1148 τὸ
3488 1094 3694 1163 Πνεῦμα

2122 1193 2221 1244 οὐκ
2243 1191 2401 1244 ἔλαϐε
2426 1192 2622 1261 σάρκα,
2652 1192 2948 1261 δυνάμενον
2975 1191 3119 1260 ἔχειν
3153 1189 3447 1259 πρόσωπον
3474 1184 3695 1256 τρεπτὴν

2125 1282 2263 1351 ὑπὲρ
2298 1281 2390 1333 τὸν
2431 1281 2577 1343 Υίδν,
2613 1282 2754 1333 κατὰ
2786 1281 2879 1334 τὸν
2908 1280 3072 1332 αὑτοῦ
3106 1279 3295 1347 λόγον;
3349 1276 3487 1329 Ἀλλ’
3523 1274 3695 1342 ἐπειδὴ

2126 1373 2284 1439 σοφία
2325 1368 2395 1442 ἦν
2430 1372 2525 1425 τοῦ
2564 1373 2796 1442 Πατρὸς,
2844 1372 3112 1442 ηὑδὸκησε
3141 1369 3208 1422 δι’
3254 1367 3446 1421 ἑαυτοῦ
3492 1367 3590 1436 τῆς
3624 1382 3695 1417 τε·

2124 1464 2395 1535 λειότητος
2446 1466 2507 1516 τὸ
2547 1464 2815 1534 ἡμέτερον
2855 1463 3079 1524 ἀσθενὲς
3129 1458 3420 1514 ἀναλαϐεῖν
3445 1498 3460 1521 ,
3501 1458 3591 1509 ἵνα
3636 1456 3693 1507 δι’

2124 1557 2317 1610 ἑαυτοῦ
2345 1559 2492 1610 πᾶσα
2513 1556 2754 1628 σωτηρία
2774 1555 2852 1626 τῷ
2870 1555 3058 1624 κόσμῳ
3080 1552 3325 1621 γένηται.
3350 1552 3392 1602 Τ
3397 1551 3433 1603 ἀ
3450 1549 3508 1601 δὲ
3530 1548 3698 1616 ἀγαθὰ

2125 1650 2207 1712 εἰς
2249 1649 2395 1701 κακά
2448 1648 2881 1718 μετατρέποντος
2933 1643 3352 1715 ἀχαριστοῦσιν,
3400 1642 3697 1711 ἀχάριστοι.

2126 1743 2222 1795 καὶ
2274 1740 2622 1811 ἀγνώμονες,
2672 1741 2768 1792 καὶ
2806 1738 3079 1793 Δεσπότου
3122 1736 3250 1790 ἰδίου
3293 1734 3583 1805 ὑϐρισταὶ.
3616 1735 3700 1787 καὶ

2133 1833 2461 1903 βλάσφημοι.
2502 1831 2583 1883 Τά
2621 1830 2677 1883 δὲ
2716 1829 2851 1884 ἄλλα
2894 1829 3079 1881 λοιπὸν
3115 1829 3214 1881 ὅσα
3236 1827 3517 1895 λέγοντες,
3548 1824 3699 1892 ἠλατ-

449 1923 659 1977 meliosi
699 1922 915 1992 penitus
945 1930 999 1974 ct
1032 1921 1236 1988 injurii.
1288 1919 1489 1974 Eodem
1527 1918 1687 1972 modo
1731 1925 1785 1971 et
1836 1918 1889 1970 in
1922 1931 2028 1970 ca:-

2141 1923 2394 1992 τωμένως
2421 1925 2696 1992 φρονοῦσι.
2721 1920 2844 1983 Πῶς
2873 1921 2931 1974 δὲ
2958 1920 3242 1973 ἐπείνασεν
3261 1958 3276 1982 ,
3306 1920 3354 1971 εί
3381 1912 3451 1986 ἦν
3488 1916 3589 1984 τῆς
3616 1913 3699 1968 τοῦ

447 2016 583 2072 teris
616 2015 689 2067 ita
720 2013 787 2067 de
818 2028 881 2068 eo
914 2012 1175 2069 sentiunt.
1211 2022 1269 2065 ut
1303 2010 1543 2065 divinam
1589 2009 1642 2062 in
1687 2022 1753 2062 eo
1796 2006 2033 2076 dignita-

450 2113 560 2158 tem
605 2104 953 2157 innninuant.
988 2104 1244 2168 Quinam,
1301 2101 1576 2171 inquiunt,
1628 2098 1842 2164 csuriit,
1888 2099 1932 2151 si
1967 2113 2031 2152 ex

450 2195 633 2250 Patris
670 2198 910 2251 essentia
955 2194 1196 2265 prodiit?
1242 2192 1316 2247 De
1369 2192 1480 2247 Deo
1526 2205 1728 2261 quippe
1762 2189 2027 2259 scriptum

451 2294 537 2340 est
569 2305 584 2342 :
620 2285 740 2340 Non
782 2287 996 2350 esuriat,
1048 2301 1209 2355 neque
1239 2285 1418 2349 sitiet;
1453 2298 1613 2351 neque
1640 2291 1715 2335 est
1760 2280 2037 2349 investiga-

454 2382 529 2435 tio
562 2380 837 2449 sapientia:
875 2379 1024 2431 illius
1058 2379 1099 2430 ⁸.
1138 2376 1238 2431 llic
1282 2387 1462 2431 autem
1503 2386 1557 2429 et
1586 2374 1801 2434 csuriit,
1832 2382 1885 2427 et
1918 2372 2038 2427 siti-

450 2472 550 2526 vit.
599 2468 839 2540 Fatigari
892 2468 1090 2523 deinde
1137 2484 1202 2523 ex
1250 2468 1467 2531 itinere,
1514 2474 1607 2519 aut
1661 2464 1851 2520 sedere
1900 2478 2038 2533 quo-

458 2558 621 2613 modo
647 2557 825 2628 potuit
867 2571 992 2610 cum
1037 2556 1301 2626 scriptum
1356 2555 1428 2609 sit
1463 2574 1475 2609 :
1509 2554 1648 2607 Deus
1690 2569 1792 2605 non
1822 2550 2036 2605 labora-

454 2650 529 2705 bit
551 2650 605 2704 "3
627 2648 740 2704 Cur
770 2661 900 2703 vero
933 2648 1051 2717 ipse
1074 2647 1239 2701 dixit:
1280 2646 1383 2712 Qui
1415 2647 1557 2700 misit
1586 2662 1662 2699 me
1678 2645 1837 2699 Pater
1865 2644 2040 2709 major

388 2722 399 2731 ’
461 2757 542 2797 me
560 2751 637 2796 est
657 2742 678 2772 ³
700 2740 892 2795 ?A|ius
924 2748 1002 2796 est
1033 2738 1175 2793 enim
1193 2738 1286 2809 qui
1317 2738 1501 2801 mittit,
1518 2736 1656 2792 alius
1674 2739 1764 2809 qui
1782 2740 2036 2793 mittitur.

459 2832 574 2889 Nec
624 2832 917 2887 obscurum
948 2842 1033 2885 est
1070 2828 1287 2883 Patrem
1320 2845 1428 2883 non
1465 2844 1588 2884 esse
1619 2827 1837 2894 Filium,
1867 2844 2039 2900 neque

457 2924 655 2980 Filium
700 2940 821 2980 esse
869 2922 1106 2978 Patrem.
1160 2921 1277 2975 Non
1324 2921 1469 2977 enim
1510 2922 1765 2976 assentiri
1802 2919 2041 2977 Sabellio

404 3078 405 3083 η
456 3031 773 3086 possumus.
796 3015 891 3086 qui
920 3013 1117 3068 Filium
1141 3012 1358 3068 Patrem
1382 3013 1539 3083 quasi
1568 3029 1735 3067 unum
1759 3002 2041 3070 eumdem-

406 3102 421 3187 ξ
455 3090 563 3175 que
591 3104 895 3159 constituit.
931 3102 1149 3172 Alioqui
1180 3118 1289 3155 non
1330 3102 1536 3157 diceret
1571 3121 1585 3157 :
1623 3103 1779 3159 Alius
1816 3114 1919 3169 est,
1946 3105 2039 3175 qui

394 3192 607 3267 inmisit
656 3208 761 3247 me.
798 3191 862 3244 Et
896 3210 910 3246 :
958 3192 1105 3245 Vada
1146 3192 1213 3244 ad
1250 3191 1417 3246 Deum
1464 3209 1653 3258 meum,
1678 3204 1726 3248 et
1766 3195 1931 3249 Deum
1962 3214 2042 3251 se-

390 3294 403 3361 χ
457 3296 673 3351 stram;
717 3284 937 3339 Patrem
979 3302 1149 3339 meum
1183 3294 1230 3339 et
1256 3284 1472 3339 Patrem
1514 3297 1737 3340 vestrum
1764 3288 1805 3341 ⁸.
1854 3290 2043 3360 Neque

402 3372 409 3389 ⁸
462 3391 591 3432 vero
628 3392 694 3431 ex
730 3375 916 3430 divina
949 3377 1187 3432 essentia
1232 3377 1555 3433 naturaliter
1586 3378 1754 3449 geniti
1790 3388 1921 3435 sunt
1966 3381 2043 3437 di-

462 3466 680 3537 scipuli.
715 3466 781 3519 Et
811 3466 878 3522 iis
911 3476 1088 3522 tamen
1119 3468 1253 3522 dixit
1282 3487 1296 3523 :
1336 3468 1547 3523 Patrem
1581 3480 1831 3528 vestrum.

532 3556 735 3613 Verum
768 3559 862 3629 qui
896 3560 996 3614 ista
1035 3558 1291 3630 jactitant
1322 3560 1653 3617 intolerabili
1682 3563 1917 3633 quodam
1958 3564 2046 3619 fu-

463 3666 587 3705 rore
621 3659 673 3705 ct
727 3650 965 3705 amentia
1021 3650 1291 3705 feruntur.
1324 3650 1535 3707 Etenim
1578 3654 1623 3708 si
1674 3654 1792 3708 solo
1824 3656 2046 3713 nomine

463 3742 691 3807 dicitur,
728 3758 828 3799 nec
876 3751 1075 3797 natura
1110 3742 1283 3799 Filius
1313 3752 1418 3810 est,
1459 3748 1812 3814 quantumvis
1862 3747 2044 3818 digni-

464 3840 576 3888 tate
632 3841 891 3904 snperet,
951 3833 1089 3887 nihil
1142 3835 1211 3888 ab
1267 3835 1601 3904 reliquarum
1665 3845 2044 3892 creaturarum

467 3924 787 3981 conditione
814 3925 1003 3980 distat.
1038 3925 1174 3980 Nam
1203 3934 1258 3980 et
1286 3942 1379 3981 rex
1416 3927 1541 3981 licet
1565 3927 1721 3999 74],
1747 3928 2040 3999 praefectis,

462 4031 527 4072 ac
576 4016 807 4070 militum
864 4016 1143 4088 magistris
1220 4019 1542 4081 antecellat,
1594 4034 1702 4073 non
1770 4019 1893 4074 ideo
1935 4037 2045 4077 non

461 4107 707 4177 ejusdem
750 4116 835 4163 est
868 4108 1028 4177 cujus
1060 4108 1241 4164 caeteri
1290 4109 1642 4175 conditionis,
1675 4118 1769 4163 aut
1798 4126 1907 4167 non
1952 4127 2045 4167 ea-

462 4198 586 4251 dem
637 4210 762 4250 cum
817 4197 925 4253 illis
973 4197 1236 4253 servitute
1287 4201 1631 4264 continetur,
1673 4210 1930 4270 tanquam
1976 4218 2044 4257 ex

461 4290 651 4345 eadem
679 4290 959 4345 creatione
1006 4290 1306 4355 derivatus,
1339 4300 1393 4347 et
1447 4294 1695 4349 mortalis
1730 4309 1837 4349 non
1884 4310 2043 4351 secus

462 4396 527 4434 ac
555 4380 646 4449 qui
684 4380 789 4434 sibi
821 4381 1053 4449 subjecti
1088 4390 1237 4437 sunt.
1287 4382 1550 4438 Similiter
1582 4402 1645 4440 ex
1682 4402 1746 4440 eo
1773 4387 1921 4457 quod
1957 4390 2040 4443 sol

464 4477 562 4524 aut
599 4471 725 4524 luna
785 4472 1057 4527 sideribus
1089 4482 1349 4542 praestant
1392 4476 1639 4545 reliquis,
1680 4493 1788 4533 non
1836 4479 2042 4536 idcirco

2136 2017 2348 2087 Πατρὶς
2380 2016 2597 2077 οὑσίαςς
2633 2016 2766 2087 Περὶ
2804 2012 2913 2084 γὰρ
2950 2012 3045 2065 τοῦ
3084 2010 3219 2064 Θεοῦ
3256 2010 3599 2078 γέγραπται’
3628 2010 3700 2060 Οὐ

2136 2107 2428 2172 πεινάσει,
2480 2107 2622 2159 οὐδὲ
2660 2104 2945 2173 διψήσειο
2998 2104 3135 2157 οὔτε
3185 2103 3358 2155 ἐστιν
3401 2100 3701 2166 ἐξεύρεσις

2136 2198 2247 2267 τῆς
2275 2198 2626 2268 φρονήσεως
2659 2196 2868 2251 αὑτοῦ.
2906 2191 3071 2257 Οὗτος
3096 2194 3152 2245 δὲ
3182 2192 3275 2245 καὶ
3298 2191 3557 2243 ὲπείνασε
3579 2229 3593 2251 ,
3618 2191 3702 2241 καὶ

2138 2290 2377 2358 ἐδίψησε.
2422 2290 2546 2352 Πῶς
2577 2290 2852 2359 κέκμηκεν
2881 2288 2945 2339 ὲκ
2970 2286 3069 2355 τῆς
3087 2284 3413 2355 ὁδοιπορίας,
3446 2282 3545 2334 καὶ
3583 2280 3699 2332 ἑκά-

2138 2380 2275 2445 θισε,
2312 2382 2407 2434 καὶ
2439 2382 2521 2433 ὃτι
2554 2384 2584 2435 ὀ
2616 2379 2759 2444 Θεὸς
2791 2380 2862 2431 οὐ
2892 2376 3206 2439 κοπιάσει;
3248 2376 3370 2437 Πῶς
3405 2372 3486 2437 δὲ,
3526 2371 3700 2440 φησὶν.

2138 2467 2309 2536 εἶπεν,
2357 2460 2409 2523 '0
2443 2470 2813 2535 ἀποστείλας
2852 2485 2927 2538 με
2968 2468 3169 2534 Πατήρ
3210 2483 3327 2534 μου
3360 2460 3579 2532 μείζων
3595 2459 3701 2528 μού

2137 2566 2342 2626 ἐστιν;
2384 2563 2576 2625 ’Ἄλλος
2612 2561 2720 2632 γὰρ
2753 2563 2781 2614 6
2824 2559 3197 2623 ἀποστέλλων,
3233 2556 3390 2616 ἀλλος
3432 2553 3489 2605 δὲ
3523 2555 3553 2605 6
3590 2554 3704 2604 am-

2141 2656 2510 2726 στελλόμενος.
2558 2655 2667 2708 Καὶ
2716 2653 2871 2723 δῆλον
2893 2694 2907 2717 ,
2939 2653 3020 2705 ὅτι
3056 2654 3084 2704 6
3121 2649 3304 2720 Πατὴρ
3355 2648 3451 2700 οὑκ
3506 2646 3647 2698 εστιν
3679 2648 3704 2696 ὁ

2142 2748 2291 2811 Υἱὸς,
2335 2747 2427 2800 καὶ
2467 2747 2495 2797 6
2530 2747 2655 2809 Υἱὸς
2700 2746 2799 2798 οὑκ
2842 2744 2987 2797 ἐστιν
3020 2745 3048 2796 6
3086 2744 3291 2812 Πατήρ.
3326 2740 3398 2791 Οὑ
3435 2738 3548 2808 γὰρ
3578 2736 3705 2789 κατά

2140 2840 2232 2892 τὸν
2254 2838 2538 2890 Σαὸέλλιον
2566 2839 2727 2907 ἡμεῖς
2757 2836 2987 2905 λέγομεν
3006 2876 3021 2900 ,
3050 2835 3138 2886 τὸν
3165 2833 3390 2900 λέγοντα
3417 2830 3705 2899 υἱοπὰτορα

2142 2926 2281 2983 εἶναι
2305 2932 2348 2983 ⁵.
2378 2930 2440 2981 Εἰ
2470 2928 2544 2999 μὴ
2569 2928 2678 2998 γὰρ
2714 2923 2885 2989 εἶπεν,
2912 2927 2994 2979 ὅτι
3020 2925 3206 2987 Ἄλλος
3226 2926 3373 2977 ἐστὶν
3396 2926 3425 2976 6
3463 2922 3707 2976 ἀποστείο

2141 3021 2239 3083 λας
2283 3036 2370 3089 με·
2404 3017 2527 3082 καὶ,
2568 3016 2912 3087 Ἁπέρχομαι
2947 3015 3096 3083 πρὸς
3136 3016 3241 3068 τὸν
3271 3014 3419 3067 Θεόν
3449 3031 3575 3082 μου
3621 3013 3707 3064 καί

2145 3114 2294 3167 Θεὸν
2335 3111 2522 3181 ὑμῶν,
2572 3109 2722 3178 πρὸς
2768 3108 2874 3162 τὸν
2907 3108 3137 3176 Πατέρα
3171 3124 3289 3176 μου
3345 3106 3445 3159 καί
3489 3104 3711 3171 Πατέρα

2070 3238 2113 3298 C
2146 3204 2341 3273 ὑμῶν,
2373 3199 2513 3255 εἶπε.
2546 3202 2656 3255 Ka‘t
2682 3201 2781 3254 οὑκ
2820 3202 2883 3253 ὲκ
2905 3200 3004 3269 τῆς
3039 3199 3131 3252 τοῦ
3161 3199 3295 3252 Θεοῦ
3324 3199 3515 3261 οὐσίας
3544 3200 3591 3251 οἱ
3621 3216 3713 3267 μαι

2147 3296 2307 3365 θηταὶ
2340 3294 2480 3348 κατὰ
2512 3293 2671 3361 φύσιν
2711 3292 3097 3364 ἐγεννήθησαν.
3146 3292 3256 3345 Καὶ
3281 3291 3471 3359 ἔλεγεν
3517 3291 3711 3355 αὑτοῇ,

2143 3385 2375 3456 Πατέρα
2401 3385 2587 3455 ὑμῶν.

2216 3566 2391 3636 Πολλὴ
2412 3566 2471 3618 δὲ
2499 3562 2889 3636 φρενοϐλάϐεια
2925 3562 3034 3615 τῶν
3060 3561 3129 3615 τὰ
3170 3558 3396 3615 τοιαῦτα
3428 3558 3710 3629 λεγόντων.

2145 3659 2209 3712 Εἰ
2234 3658 2343 3729 γὰρ
2372 3657 2595 3727 ὀνόματι
2643 3656 2799 3727 μόνον
2834 3654 3112 3717 καλεῖται,
3154 3653 3249 3706 καὶ
3288 3654 3387 3706 οὑκ
3419 3652 3540 3706 ἐστι
3585 3653 3715 3706 κατᾶ

2146 3749 2329 3818 φύσιν,
2359 3747 2510 3800 οὐδὲν
2533 3746 2775 3817 διαφέρει
2804 3744 2909 3799 τῶν
2944 3743 3116 3797 ἄλλων
3144 3743 3359 3797 πάντων
3383 3744 3714 3813 κτισμάτων,

2146 3841 2248 3895 κᾶν
2289 3858 2348 3893 τε
2388 3841 2444 3893 ὲν
2480 3840 2719 3910 ὑπεροχῇ
2756 3836 3065 3907 ἀξιώματος
3107 3836 3359 3907 ὑπάρχει.
3393 3834 3473 3889 Οὑ
3505 3835 3614 3905 γὰρ
3643 3836 3715 3887 ὅτι

2145 3933 2174 3985 6
2203 3932 2454 4003 βασιλεὺς
2489 3930 2745 4001 ὑπερέχει
2779 3929 2887 3982 τῶν
2915 3930 3169 4001 ἐπάρχων
3197 3931 3291 3983 καὶ
3316 3929 3717 3999 στρατηλατᾶνι,

2144 4026 2207 4079 οὑ
2234 4024 2385 4094 παρὰ
2418 4024 2575 4076 τοῦτο
2600 4024 2695 4076 οὑκ
2724 4023 2870 4075 ἔστιν
2899 4022 3230 4093 ὁμοιοπαθὴς
3255 4022 3363 4075 τῶν
3401 4022 3604 4083 ἄλλων,
3635 4024 3718 4075 καὶ

2148 4114 2429 4177 σύνδουλος
2456 4114 2558 4182 τῆς
2582 4113 2750 4183 αὑτῆς
2775 4114 3023 4176 κτίσεως,
3055 4113 3244 4183 Θνητός
3274 4131 3356 4177 τις
3378 4114 3458 4166 ὢν
3495 4115 3718 4183 ,ὥσπερ

2145 4207 2241 4261 καὶ
2262 4207 2309 4258 οἰ
2342 4206 2433 4258 ὑπ’
2455 4204 2619 4259 αὑτοῦ
2647 4204 2956 4276 ἀρχόμενοι.
2987 4204 3098 4257 Καὶ
3112 4205 3209 4275 οὑχ
3228 4206 3309 4258 ὅτι
3332 4205 3361 4256 6
3380 4205 3537 4276 ἣλιος
3565 4207 3719 4274 67:39-

2147 4300 2259 4371 έχει
2305 4298 2412 4351 τῶν
2441 4297 2615 4351 ἄλλων
2649 4298 2898 4369 ἄστρων,
2932 4298 3083 4367 καὶὴ
3116 4297 3307 4368 σελήνη
3342 4299 3399 4349 ὲν
3436 4298 3595 4369 μέρει
3619 4337 3633 4360 ,
3665 4299 3717 4349 οὑ

2146 4391 2298 4463 παρά
2329 4389 2487 4443 τοῦτο
2518 4389 2617 4441 οὑκ
2643 4388 2779 4441 εἰσὶν
2808 4388 3221 4458 ὑποτεταγμένα
3256 4392 3519 4459 στοιχεῖα,
3547 4390 3637 4442 καὶ
3658 4392 3716 4455 τῇ

2151 4482 2245 4536 τοῦ
2283 4482 2403 4544 ἐνὸς
2449 4479 2689 4545 διατάξει
2716 4477 3047 4550 δημιουργοῦ
3081 4496 3141 4529 τε
3182 4479 3275 4531 καὶ
3327 4479 3587 4543 κτίστου,
3630 4481 3720 4532 ll:-

464 4559 703 4613 obnoxia
727 4561 1144 4615 esse'elementa
1174 4562 1451 4626 desinunt,
1471 4575 1524 4618 et
1552 4566 1712 4621 unius
1740 4569 2035 4627 conditoris

2146 4573 2292 4645 τρὸς,
2322 4573 2417 4626 καὶ
2442 4571 2593 4635 Υίοῦ,
2619 4572 2712 4625 καὶ
2737 4572 2891 4639 ἁγίου
2911 4569 3245 4640 Πνεῦματος.
3276 4570 3595 4626 ὑπείκοντα.
3622 4573 3721 4624 Καὶ

462 4658 521 4705 et
551 4649 795 4713 artiﬁcis,
827 4648 1020 4713 Patris,
1044 4666 1106 4704 ac
1148 4650 1269 4706 Filii
1315 4661 1368 4706 ct
1409 4652 1647 4725 Spiritus
1694 4658 1894 4725 sancti,
1930 4676 2048 4715 mo-

466 4740 749 4795 deratione
780 4742 1044 4813 subjecta.
1076 4742 1262 4814 Neque
1290 4744 1434 4815 quod
1469 4748 1644 4818 angeli
1674 4750 1838 4805 rebus
1865 4756 2045 4806 omni-

467 4832 572 4888 bus
603 4834 1047 4903 aspectabilibus,
1073 4836 1316 4907 adeoque
1343 4840 1541 4896 creatis
1564 4842 1821 4899 omnibus
1854 4843 2048 4901 ordine

467 4940 533 4979 ac
580 4925 852 4995 dignitate
904 4929 1315 4997 przestantiores
1364 4940 1513 4995 sunt,
1567 4941 1754 5003 utpote
1802 4936 1897 5006 qui
1945 4939 2050 4994 sub

467 5024 746 5086 aspectum
780 5016 977 5073 cadere
1008 5029 1304 5090 nequeant,
1336 5029 1389 5077 et
1419 5022 1654 5093 primum
1698 5025 1879 5081 cultus
1920 5042 2047 5100 erga

466 5105 710 5160 divinum
744 5123 968 5171 numen,
1000 5117 1054 5164 et
1103 5110 1351 5179 obsequii
1390 5113 1566 5167 locum
1615 5129 1679 5168 ac
1725 5114 2045 5185 dignitatem

465 5198 781 5266 obtineant;
812 5216 973 5270 quem
1004 5202 1225 5257 assidue
1256 5204 1472 5274 hymnis
1518 5219 1581 5260 ac
1622 5206 1873 5263 laudibus
1900 5210 2047 5264 cele-

468 5286 661 5353 brant;
697 5305 727 5343 e
771 5306 880 5360 quo
924 5300 978 5346 et
1024 5292 1362 5351 immortales
1390 5311 1495 5350 non
1528 5306 1721 5352 natura
1768 5309 1915 5368 sunt,
1950 5303 2044 5359 sed

468 5380 639 5447 gratia
684 5383 891 5437 conditi
924 5384 991 5439 ab
1021 5400 1087 5439 eo
1114 5387 1207 5457 qui
1243 5387 1569 5445 immortalis
1596 5402 1703 5456 est,
1745 5394 1877 5449 etin
1926 5410 2049 5451 sese

549 5532 563 5561 ι
596 5530 702 5588 lsa.
730 5547 821 5600 ιι,
842 5533 931 5589 28.
1010 5540 1030 5569 ³
1054 5538 1186 5594 ibid.
1257 5539 1279 5572 ³
1313 5539 1471 5599 Joan.
1504 5560 1618 5613 xw,
1646 5545 1739 5606 28.

2153 4665 2251 4735 οὐχ
2280 4663 2361 4717 ὅτι
2395 4663 2612 4731 ἄγγελοι
2648 4663 2948 4733 ὑπάρχουσι
2985 4661 3097 4731 (89)
3135 4660 3245 4714 τῶν
3272 4664 3486 4733 ὁρατῶν
3511 4704 3527 4726 ,
3554 4666 3646 4717 καὶ
3672 4667 3721 4717 ἐν

2153 4754 2303 4820 τάξει
2332 4755 2439 4808 τῶν
2466 4754 2663 4819 ἄλλων,
2698 4753 2914 4825 μείζους
2940 4754 3155 4807 πάντων
3188 4754 3343 4819 εἰσὶν,
3374 4749 3466 4808 οἷα
3484 4757 3553 4827 δὴ
3579 4758 3721 4827 ἀόραο

2154 4865 2235 4900 τοι
2277 4847 2607 4911 κτισθέντες,
2643 4848 2737 4901 καὶ
2768 4847 2828 4901 τδ
2869 4847 3081 4918 πρῶτον
3128 4847 3297 4918 γέρας
3329 4849 3431 4919 τῆς
3471 4849 3568 4903 τοῦ
3599 4849 3721 4902 Θεοῦ

2156 4940 2451 5011 θεραπείας
2481 4940 2963 5011 ἁποκαρποὺμενοι
2992 4942 3049 4994 ἐν
3085 4942 3272 5013 ὕμνοις
3301 4941 3613 5011 διηνεκέσι*
3642 4944 3724 4997 καὶ

2156 5033 2411 5086 ἀθάνατοι
2458 5033 2598 5087 κατά
2638 5034 2796 5103 χάριν
2824 5034 2913 5087 ὑπ’
2952 5034 3115 5088 αὑτοῦ
3155 5035 3490 5098 κτισθέντες,
3527 5037 3622 5089 καὶ
3668 5038 3723 5088 οὔ

2156 5123 2297 5177 κατά
2335 5124 2529 5193 φύσιν,
2564 5123 2819 5177 ἀθάνατοί
2852 5142 2932 5188 τε,
2975 5125 3135 5195 φύσιν
3166 5126 3224 5190 ἐξ
3262 5125 3427 5178 αὑτοῦ
3459 5126 3556 5179 τοῦ
3601 5127 3723 5180 ἀθας

2156 5214 2315 5267 νάτου
2368 5216 2461 5267 καὶ
2499 5214 2650 5278 ὄντος
2684 5217 2740 5268 ἐν
2770 5216 2946 5285 ἑαυτῷ
2987 5216 3099 5287 ζωὴ
3154 5218 3246 5270 καὶ
3277 5217 3553 5271 ἀθανασία
3602 5235 3721 5272 κατ-

2155 5305 2476 5371 αξιωθέντες
2504 5306 2789 5375 γενέσθαι,
2822 5308 2882 5360 οὐ
2918 5308 3063 5380 παρά
3108 5309 3264 5361 τοῦτο
3295 5310 3395 5361 οῦκ
3434 5311 3545 5363 είσὶ
3586 5309 3721 5378 φόϐῳ

2154 5398 2249 5450 καὶ
2272 5398 2496 5470 τρόμῳ,
2536 5400 2631 5452 καὶ
2668 5399 2774 5453 ὑπὸ
2822 5400 3150 5469 ἀπολογίαν,
3193 5401 3285 5454 καὶ
3328 5401 3597 5466 ἐξέτασιν,
3636 5402 3721 5456 καὶ

1853 5550 1876 5579 ⁸
1903 5546 2061 5605 Joan.
2101 5564 2193 5617 xx,
2224 5552 2307 5607 l7.
2386 5556 2405 5587 '
2431 5554 2674 5614 Vitiosus
2698 5556 2785 5612 hic
2817 5555 2980 5613 locus.

544 5650 656 5722 (89)
688 5655 795 5709 Καὶ
860 5657 972 5726 οὐχ
1024 5658 1109 5727 ὅτι
1154 5661 1391 5731 ἄγγελοι
1435 5664 1791 5735 ὑπάρχουσι.
1849 5667 2026 5725 Scrib.

2141 5670 2408 5741 ερέχουσι.
