3826 6206
135 286 230 342 1‘29

747 277 1114 336 ADVERSUS
1152 273 1495 332 IIAEBILSES
1534 272 1660 328 LIB.
1703 273 1705 280 “

1813 269 1972 325 ΤΟΜ.
2015 265 2452 322 11.·-11Αῖιιῐ‹;ε›.
2501 265 2686 322 LXIX.

3255 261 3366 324 230

135 403 382 462 κέλευσιν,
417 397 514 452 καὶ
553 397 864 470 προσταγὴν
891 395 986 468 τῆς
1028 394 1188 464 ἁγίας
1229 392 1480 464 θεότητος
1509 391 1687 444 δεδου-

1813 387 1896 440 ita
1927 387 2044 456 ipsa
2077 395 2160 441 est
2183 393 2238 440 et
2261 383 2670 444 immortalitas,
2699 379 3112 435 immortalitate
3139 377 3367 438 donati:

137 493 370 564 λωμένοι.

197 748 299 804 ιη’.
334 745 526 801 Ἔνθεν
556 745 666 818 γάρ
693 746 808 798 ἐστι
853 743 914 797 τὸ
946 741 1278 814 ζητούμενον
1308 741 1407 812 τῆς
1435 739 1692 810 ἀληθείας

131 837 459 911 ἀκρίϐασμα,
494 835 585 888 τὸν
616 834 742 886 Υίὺν
779 833 876 903 μὲν
900 831 1100 900 λέγειν,
1133 831 1314 900 λέγειν
1340 830 1398 882 δὲ
1431 830 1524 882 καὶ
1549 829 1692 898 ἔχειν

131 930 222 1000 οὐχ
247 925 433 988 ἁπλῶς
451 923 622 994 ὕνομά
638 940 710 986 τι,
741 921 874 976 ἀλλὰ
897 922 1024 974 Υίὸν
1054 920 1195 974 κατὰ
1230 920 1390 988 φύσιν
1413 920 1560 972 Υίόν.
1583 919 1695 973 Καὶ

131 1023 184 1073 ἐν
223 1018 352 1086 ἡμῖν
393 1015 502 1084 γὰρ
539 1011 724 1066 πολλοὶ
762 1010 1052 1065 καλοῦνται
1083 1011 1212 1073 υἱοὶ,
1251 1010 1326 1080 μὴ
1353 1009 1504 1071 ὄντες
1535 1007 1693 1078 ήμῶν

131 1111 228 1163 υἱοὶ
258 1107 400 1162 κατὰ
441 1106 624 1175 φύσιν.
684 1104 748 1157 Οἱ
788 1102 844 1156 δὲ
870 1102 1114 1172 ἀληθινοὶ
1142 1103 1248 1154 υἱοὶ
1281 1103 1329 1155 oi
1363 1102 1576 1170 γνήσιοι
1601 1117 1696 1152 κα-

129 1201 358 1262 iniu-rat,
397 1199 446 1250 oi
470 1196 612 1250 κατά
643 1196 804 1274 φῦσιν
833 1195 922 1264 ὑφ’
961 1194 1114 1264 ἡμῶν
1141 1191 1552 1262 γεγεννημένα.
1584 1189 1698 1244 Καὶ

133 1297 176 1348 ει
201 1295 294 1365 μὲν
320 1287 416 1344 οὖν
435 1289 562 1351 Υἱὸς
594 1287 753 1358 μόνον
785 1287 1052 1347 ἐκαλεῖτο,
1072 1285 1148 1348 ὡς
1184 1284 1280 1337 καὶ
1303 1282 1504 1344 πάντες
1534 1279 1698 1350 ἐκλή-

133 1389 292 1456 θησαν
329 1384 438 1436 υἱοὶ
473 1379 642 1435 Θεοῦ·
695 1379 802 1450 ἄρα
839 1378 988 1432 οὐδὲν
1019 1375 1323 1430 διαλλάττει
1355 1373 1464 1427 τῶν
1497 1371 1686 1426 ἄλλων,

133 1479 232 1531 Καὶ
247 1475 368 1538 πῶς
383 1475 458 1538 ὡς
479 1473 612 1538 Θεὸς
633 1472 1044 1542 προσκυνεῖται;
1077 1467 1225 1520 Ἔδει
1244 1461 1336 1518 οῦν
1359 1463 1453 1518 καὶ
1475 1462 1542 1516 τὰ
1563 1461 1700 1515 ἄλλα

133 1567 316 1629 πάντα,
351 1566 438 1634 ἐφ’
479 1564 573 1627 οὓς
603 1564 665 1616 τὸ
687 1564 854 1633 ὄνομα
886 1560 984 1628 τῆς
1011 1557 1281 1619 υἱοθεσίας
1315 1553 1698 1624 ἐπικέκληται,

132 1663 244 1714 κατ’
271 1661 436 1714 αὐτὸν
469 1654 909 1728 προσκυνεῖσθαι,
932 1651 1116 1720 ἐπειδὴ
1143 1649 1250 1702 υίοὶ
1269 1647 1404 1700 Θεοῦ
1427 1661 1700 1716 προσαγο-

1791 493 1900 532 non
1951 486 2132 532 tamen
2165 483 2449 547 pr0pterea
2473 469 2584 529 non
2607 480 2750 528 metu
2783 487 2848 527 ac
2869 481 3104 526 tremore
3135 470 3208 525 ita
3237 487 3370 526 con-

1791 567 2036 620 tinentur
2097 573 2190 630 ut,
2247 563 2524 634 exigenda:
2592 579 2621 617 a
2694 578 2754 619 se
2820 561 3020 616 rationi
3073 575 3138 614 ac
3175 561 3374 618 divina:

1794 657 2102 724 majestatis
2126 653 2472 726 inquisitioni
2509 653 2850 723 imperioque
2875 651 3105 720 subjecti
3137 649 3266 706 sint.

1865 747 2050 803 XVIII.
2093 747 2234 802 Hinc
2278 748 2446 818 igitur
2497 755 2757 800 accurata
2808 745 2922 806 illa,
2985 743 3052 798 de
3080 758 3186 812 qua
3219 757 3372 810 quze-

1793 838 1900 892 stio
1928 847 2033 901 est,
2091 838 2338 892 veritatis
2377 835 2671 906 repetenda
2715 835 2880 900 ratio,
2928 839 2990 886 ut
3022 847 3146 886 cum
3175 830 3370 884 Filium

1793 932 2044 995 dicimus,
2115 945 2220 985 non
2245 931 2448 985 nudum
2481 943 2646 1000 penes
2687 927 2838 982 illum
2873 926 3112 980 residere
3138 924 3374 978 vocabu-

1795 1023 1906 1077 lum
1967 1020 2478 1084 existimemus,sed
2506 1035 2630 1076 esse
2665 1029 2858 1074 natura
2897 1016 3116 1070 Filium.
3167 1014 3378 1083 Quippe

1808 1131 1872 1169 cx
1906 1129 2009 1168 usu
2044 1128 2262 1184 quoque
2295 1119 2486 1166 nostro
2521 1111 2810 1182 plerosque
2842 1109 2980 1163 ﬁlios
3004 1107 3376 1170 nominamus,

1797 1209 1889 1278 qui
1941 1215 2136 1262 natura
2201 1221 2542 1276 nequaquam
2605 1205 2699 1259 ﬁlii
2757 1204 2932 1260 nostri
2987 1205 3116 1259 sint.
3157 1202 3227 1256 At
3265 1203 3378 1256 veri

1803 1297 1900 1351 ﬁlii
1939 1298 2182 1368 germani
2213 1297 2492 1357 dicuntur,
2525 1296 2618 1365 qui
2651 1294 2880 1348 naturali
2911 1309 2939 1346 a
2971 1293 3128 1346 nobis
3153 1307 3382 1362 genera-

1815 1387 1962 1440 tione
2005 1385 2294 1454 prodeunt.
2349 1383 2504 1450 Quod
2557 1383 2602 1438 si
2652 1381 2825 1437 Filius
2864 1382 3131 1435 duntaxat
3175 1395 3237 1433 ea
3287 1394 3380 1432 ra-

1802 1477 1950 1531 tione
1981 1475 2214 1532 Verbum
2247 1475 2582 1540 nominatur,
2615 1488 2721 1544 qua
2747 1474 2928 1528 caeteri
2955 1486 3144 1525 omnes
3165 1469 3258 1524 ﬁlii
3285 1468 3380 1524 Dei

1801 1568 1978 1622 vocati
2011 1575 2162 1630 sunt,
2193 1565 2332 1621 nihil
2363 1566 2530 1636 igitur
2561 1565 2630 1619 ab
2657 1563 2780 1619 aliis
2810 1561 3168 1632 discrepabit.
3202 1558 3384 1626 Quare

1803 1673 1905 1714 cur
1940 1667 2202 1728 tanquam
2242 1658 2382 1714 Deus
2429 1655 2728 1711 adoraturi
2779 1655 2914 1710 Nam
2955 1663 3008 1708 et
3050 1653 3126 1706 illi
3167 1667 3384 1722 quoque

135 1751 394 1823 ρεύονται.
443 1750 602 1804 Ἀλλὰ
631 1751 664 1820 ἡ
687 1746 912 1817 ἀλήθεια
940 1744 1040 1796 οὐκ
1063 1741 1172 1811 ἔχει
1196 1738 1390 1802 οὕτως,
1419 1737 1534 1790 ἀλλ’
1557 1731 1698 1790 οἶδεν

1813 1765 2011 1816 omnes,
2043 1749 2110 1804 ad
2143 1764 2282 1818 quos
2328 1763 2526 1803 nomen
2571 1746 2704 1801 illud
2751 1745 3060 1816 adoptionis
3102 1746 3382 1808 convenit,

132 1842 214 1894 ἀεὶ
232 1841 326 1894 ἕνα
357 1839 620 1910 μονογενῆ
651 1837 778 1889 Υίὸν
799 1833 934 1888 Θεοῦ
955 1849 968 1862 ·
1008 1825 1052 1900 ᾧ
1084 1830 1280 1884 πάντα
1311 1829 1584 1896 λατρεύει
1604 1825 1700 1880 καί

133 1932 488 2000 προσκυνεῖ.
539 1929 638 1984 καί
681 1927 806 1982 πᾶν
839 1927 990 1996 γόνυ
1033 1923 1256 1992 κάμψει
1305 1920 1700 1988 ἐπουρανίων,

134 2025 222 2076 καί
247 2023 544 2090 ἐπιγείων,
565 2019 662 2072 καί
687 2016 1114 2086 καταχθονίων,
1133 2013 1232 2066 καί
1257 2011 1426 2066 πᾶσα
1452 2009 1704 2081 γλῶσσα

131 2109 658 2180 ἐξομολογήσεται,
695 2106 784 2158 ὅτι
809 2105 1022 2172 Κύριος
1077 2099 1306 2169 Ἰησοῦς
1337 2098 1590 2169 Χριστὸς
1615 2100 1704 2165 είς

131 2203 310 2268 δόξαν
357 2200 510 2255 Θεοῦ
543 2198 791 2266 Πατρός.
855 2194 993 2248 Ἀλλ’
1025 2192 1149 2246 οὔτε
1187 2192 1248 2246 τὸ
1290 2192 1444 2260 ἅγιον
1477 2190 1706 2260 Πνεῦμα

133 2293 406 2360 ἐξισοῦται
429 2294 544 2356 τοῖς
574 2290 752 2352 ἄλλοις
789 2287 1092 2358 πνεύμασιν
1111 2302 1124 2316 ·
1181 2284 1370 2355 ἐπειδὴ
1409 2283 1468 2337 ἓν
1496 2285 1614 2337 ὲστι
1646 2282 1706 2336 τὸ

136 2383 347 2454 Πνεῦμα
369 2381 465 2436 τοῦ
493 2381 650 2446 Θεοῦ,
669 2377 892 2449 Πνεῦμα
922 2381 986 2431 ὲκ
1011 2374 1224 2446 Πατρὸς
1247 2373 1704 2445 ἐκπορευόμενον,

134 2477 220 2529 καὶ
261 2475 358 2528 τοῦ
407 2473 538 2528 Υίοῦ
587 2473 882 2543 λαμϐάνον.
927 2462 1086 2523 Οὗτοι
1137 2468 1194 2520 δὲ
1244 2465 1523 2537 βούλονται
1576 2465 1708 2518 αὐτὸ

136 2563 260 2620 εἶναι
275 2567 492 2636 κτίσμα
505 2566 824 2634 κτίσματος.
853 2563 988 2614 Φασὶ
1009 2559 1234 2630 γὰρ,ὃτι
1260 2557 1437 2611 πάντα
1455 2557 1522 2610 δι’
1543 2555 1707 2610 αὐτοῦ

135 2658 338 2726 γέγονε,
369 2656 468 2710 καὶ
498 2655 667 2726 χωρὶς
693 2651 860 2707 αὐτοῦ
885 2651 1100 2720 ἐγένετο
1125 2649 1246 2702 οὐδὲ
1275 2649 1333 2703 ἓν
1351 2666 1366 2679 ·
1391 2649 1520 2718 ἄρα,
1554 2648 1706 2718 φασὶ,

139 2751 226 2804 καὶ
264 2750 326 2802 τὸ
359 2747 590 2818 Πνεῦμα
627 2748 692 2799 ἐκ
731 2745 841 2798 τῶν
873 2743 1192 2814 ποιημάτων
1223 2741 1488 2812 ὑπάρχειο
1523 2739 1710 2810 ἐπειδὴ

139 2839 322 2894 πάντα
341 2838 420 2892 δι’
441 2837 624 2892 αὐτοῦ
642 2837 868 2906 γέγονε.
888 2835 1000 2888 Καὶ
1015 2832 1300 2902 ἀγνοοῦσιν
1319 2835 1368 2884 οἱ
1391 2831 1568 2902 μάτην
1587 2831 1714 2882 ἑαυ-

139 2933 238 2988 τῶν
267 2933 366 3004 τὴν
403 2931 582 3001 ψυχὴν
624 2929 1009 2991 ἀπολέσαντες,
1045 2927 1128 2980 ὅτι
1163 2923 1302 2980 ἄλλα
1341 2923 1458 2976 ἐστὶ
1504 2921 1572 2976 τὰ
1589 2921 1686 2986 ,κτί

143 3041 334 3095 σματα,
385 3025 480 3078 καὶ
502 3023 638 3077 ἄλλα
671 3021 742 3074 τὰ
767 3019 962 3074 κτιστὰ
983 3020 1024 3084 ¹,
1065 3016 1274 3088 Πατὴρ,
1309 3016 1403 3069 καὶ
1431 3015 1580 3080 Υίὺς,
1621 3013 1714 3066 καὶ

1807 1841 2072 1897 adorandi
2113 1841 2262 1895 illius
2289 1839 2546 1910 opinione
2579 1837 2820 1900 fuerant,
2848 1853 2971 1892 cum
2999 1836 3090 1891 Dei
3127 1836 3220 1890 ﬁlii
3252 1853 3386 1890 nun-

1815 1941 2104 2004 cupentur.
2154 1931 2318 2001 Atqui
2373 1932 2532 2000 longe
2579 1929 2738 1984 aliter
2783 1944 2904 1985 sese
2951 1929 3157 1984 veritas
3201 1929 3384 1991 habet,

1813 2039 1935 2095 quae
1963 2021 2296 2092 singularem
2322 2029 2377 2075 et
2407 2020 2746 2090 unigenitum
2777 2018 2874 2074 Dei
2901 2017 3096 2072 Filium
3121 2028 3384 2089 perpetuo

1809 2115 2084 2185 cognovit,
2125 2113 2216 2168 cui
2256 2112 2523 2174 serviunt,
2575 2125 2740 2181 quem
2782 2109 3013 2164 adorant
3055 2109 3263 2173 omnia,
3295 2109 3386 2164 cui

1811 2221 1962 2260 omne
1993 2221 2124 2276 genu
2153 2205 2394 2272 ﬂectetur
2429 2202 2743 2266 caelestium,
2791 2189 3187 2256 terrestriuutet
3219 2201 3384 2269 infer—

1811 2313 2023 2360 narum,
2056 2307 2104 2350 et
2137 2296 2308 2348 ontnis
2333 2295 2517 2363 lingua
2551 2291 2904 2361 cortﬁtebitur,
2931 2292 3180 2362 quoniam
3217 2289 3390 2344 Domi-

1812 2403 1908 2442 nus
1928 2385 2100 2460 _Jrsus
2135 2385 2376 2440 Christus
2408 2385 2462 2436 in
2501 2383 2672 2453 gloria
2701 2391 2778 2436 est
2804 2380 2900 2436 Dei
2933 2381 3116 2436 Patris
3135 2381 3174 2434 ⁸.
3207 2379 3396 2451 Neque

1813 2495 1942 2536 vero
1993 2479 2230 2548 Spiritus
2267 2485 2495 2534 sanctus
2534 2489 2658 2530 cum
2701 2475 2932 2545 reliquis
2975 2474 3264 2546 spiritibus
3287 2475 3388 2528 ad-

1814 2571 2114 2642 aequaudus
2142 2577 2246 2632 est,
2279 2583 2403 2622 cum
2458 2584 2601 2624 unus
2644 2567 2717 2622 sit
2755 2565 2846 2622 Dei
2887 2566 3125 2636 Spiritus
3157 2580 3185 2619 a
3227 2563 3390 2624 Patre

1819 2661 2119 2734 procedens
2137 2662 2180 2726 ⁸,
2213 2668 2268 2715 ει
2300 2660 2365 2714 de
2385 2657 2523 2714 Filio
2539 2660 2812 2730 accipiens
2833 2657 2874 2713 ⁸.
2909 2658 2980 2712 At
3009 2658 3096 2713 isti
3123 2665 3392 2712 creatura:

1819 2755 1964 2808 hunc
1989 2767 2112 2807 esse
2139 2759 2448 2806 creaturam
2479 2757 2751 2806 asserunt.
2785 2749 2876 2803 Sic
2903 2748 3050 2803 enim
3081 2747 3390 2816 objiciunt:

1817 2839 1955 2893 Cum
1999 2839 2183 2893 omnia
2231 2853 2328 2908 per
2379 2839 2556 2907 ipsum
2593 2837 2734 2892 facta
2773 2837 2906 2900 sint,
2939 2845 2992 2891 et
3017 2837 3138 2892 sine
3169 2837 3288 2906 ipso
3311 2835 3396 2890 Ia-

1818 2939 1970 2984 ctum
2019 2929 2094 2983 sit
2139 2929 2273 2984 nihil
2304 2929 2378 2996 ³;
2434 2943 2566 2998 ergo
2612 2928 2774 2983 etiam
2821 2926 3058 2998 Spiritus
3095 2927 3238 2982 inter
3275 2927 3396 2996 ejus

1820 3037 1982 3091 opera
2021 3019 2395 3098 numerandus
2435 3027 2558 3084 est,
2611 3018 2772 3090 742
2815 3019 3072 3088 quoniam
3105 3034 3196 3088 per
3229 3019 3400 3088 ipsum

142 3122 288 3190 ἅγιον
313 3118 566 3188 Πνεῦμα,
597 3111 676 3179 εἷς
700 3114 832 3178 Θεὸς
857 3111 1027 3184 Τριὰς
1057 3113 1116 3164 ὲν
1147 3107 1394 3180 ἀληθείᾳ..
1429 3107 1522 3160 καὶ
1545 3105 1705 3175 μονὰς

1813 3109 1958 3177 facta
2014 3116 2136 3162 sunt
2187 3109 2387 3162 omnia.
2439 3106 2546 3163 Sed
2570 3109 2752 3163 miseri
2781 3107 3049 3172 homines,
3077 3107 3170 3177 qui
3201 3115 3404 3164 temere

141 3213 196 3265 ὲν
221 3210 458 3280 ἑνότητι.
509 3207 610 3260 Διὰ
649 3205 806 3258 τοῦτο
835 3202 962 3274 γὰρ,
1009 3203 1091 3256 ὅτι
1132 3195 1211 3263 εἷς
1249 3199 1401 3262 Θεὸς,
1428 3197 1510 3250 ὅτι
1541 3196 1601 3248 οὺ
1623 3195 1718 3248 δύο

143 3302 404 3373 Πατέρες,
449 3298 573 3352 οὔτε
614 3297 708 3350 δύο
735 3297 874 3360 Υἱοὶ,
911 3294 1038 3348 οῦτε
1085 3291 1176 3345 δύο
1213 3289 1510 3360 Πνεῦμα-τα
1553 3287 1714 3355 ἅγια·

143 3392 232 3444 καὶ
271 3389 468 3459 ἐπειδὴ
503 3387 604 3440 οὐκ
649 3385 928 3456 ἀλλότριος
955 3385 984 3436 ὁ
1011 3382 1136 3445 Υἱὸς
1167 3380 1262 3460 τοῦ
1305 3377 1518 3450 Πατρὸς
1539 3417 1555 3440 ,
1603 3376 1718 3430 ἀλλ’

141 3481 198 3548 ἐξ
215 3480 384 3535 αὐτοῦ
407 3478 824 3549 γεγεννημένος,
850 3476 942 3528 καὶ
966 3474 1065 3526 οὐκ
1102 3471 1380 3542 ἀλλότριον
1410 3469 1470 3522 τὸ
1497 3467 1720 3537 Πνεῦμα

139 3576 196 3628 τὸ
215 3575 374 3644 ἇγιον
393 3588 412 3604 ο
463 3571 580 3625 ἀλλ’
623 3571 652 3622 ὁ
692 3569 789 3640 μὲν
825 3567 948 3630 Υἱὸς
987 3563 1282 3636 μονογενὴς
1325 3558 1720 3629 γεγεννημένος

141 3664 412 3734 ἀνάρχως,
439 3660 706 3731 ἀχρόνως,
731 3657 792 3710 τὸ
818 3657 876 3710 δὲ
905 3655 1060 3726 ἅγιον
1083 3651 1328 3722 Πνεῦμα,
1355 3651 1430 3714 ὡς
1453 3645 1594 3703 οἶδεν
1623 3649 1721 3700 αὐ-

141 3756 225 3818 τὸς
259 3757 288 3808 ὁ
319 3751 518 3823 Πατὴρ
561 3751 654 3804 καὶ
688 3752 718 3804 ὁ
749 3747 1080 3817 Μονογενὴς,
1117 3744 1240 3798 οὔτε
1282 3741 1560 3814 γεννητὸν,
1595 3739 1718 3794 οὔτε

143 3845 378 3909 κτιστδν,
421 3841 546 3896 οὔτε
593 3839 874 3912 ἀλλότριον
913 3837 1127 3910 Πατρὸς
1166 3836 1258 3890 καὶ
1299 3833 1452 3900 Υίοῦ,
1503 3833 1616 3886 ἀλλ’
1655 3833 1720 3886 ἐκ

144 3935 352 4006 Harpe;
387 3933 841 4004 ἐκπορευόμενον,
877 3931 972 3984 καὶ
998 3929 1094 3982 τοῦ
1125 3926 1256 3980 Υἱοῦ
1289 3926 1585 3997 λαμϐάνον.
1641 3924 1718 3979 Τὸ

145 4025 386 4096 Πνεῦμὰ
397 4043 520 4096 μου
541 4026 674 4096 γὰρ,
697 4023 882 4094 φησιν,
902 4021 1238 4090 ἐφέστηκεν
1257 4017 1504 4088 ἐνμέσῳ
1526 4017 1719 4086 ὑμῶν·

1823 3201 2040 3256 animas
2089 3215 2220 3256 suas
2263 3200 2528 3270 perdunt,
2574 3199 2708 3254 illud
2755 3201 3053 3270 ignorant:
3085 3200 3231 3252 aliud
3281 3213 3404 3254 esse

1823 3300 2129 3358 creaturas,
2163 3293 2312 3348 aliud
2341 3292 2658 3348 Creatorem
2699 3295 2898 3364 ipsum,
2936 3292 3174 3360 Patrem,
3205 3291 3402 3348 Filium

1823 3391 1880 3439 ct
1913 3381 2178 3456 Spiritum
2209 3391 2459 3438 sanctum
2492 3401 2662 3439 unum
2701 3385 2888 3450 Deum,
2922 3386 3014 3455 qui
3057 3399 3243 3440 revera
3281 3385 3321 3437 Τ
3327 3386 3407 3439 ri-

1827 3473 1973 3529 nitas
2008 3482 2112 3540 est,
2143 3483 2198 3530 et
2232 3474 2288 3529 in
2331 3475 2712 3545 singularitate
2757 3477 2961 3532 unitas.
3001 3477 3212 3546 Quippe
3259 3491 3406 3532 unus

1831 3565 1974 3622 Deus
2004 3573 2108 3630 est,
2137 3582 2248 3620 non
2278 3567 2387 3622 duo
2411 3565 2620 3630 Patres,
2654 3581 2830 3635 neque
2856 3565 2980 3622 Filii
3009 3567 3136 3632 duo,
3175 3568 3260 3622 vel
3294 3567 3404 3621 duo

1829 3655 2068 3726 Spiritus
2088 3657 2282 3712 sancti.
2305 3655 2416 3713 Nec
2443 3673 2474 3711 a
2500 3655 2662 3712 Patre
2693 3658 2904 3713 alienus
2941 3665 3024 3712 est
3055 3655 3260 3723 Filius;
3307 3657 3406 3712 sed

1827 3751 1896 3804 ab
1927 3751 2046 3820 ipso
2075 3751 2313 3821 genitus,
2349 3765 2451 3805 nec
2476 3751 2688 3806 alienus
2713 3753 2840 3806 item
2870 3749 3108 3821 Spiritus
3132 3757 3362 3806 sanctus
3388 3769 3402 3806 :

1825 3857 1892 3896 ex
1942 3841 2144 3912 quibus
2199 3841 2374 3898 Filius
2424 3843 2738 3914 unigenitus
2785 3844 2904 3899 sine
2955 3843 3065 3899 ullo
3115 3844 3269 3898 initio
3323 3843 3409 3898 vel

1827 3939 2070 4003 tempore
2099 3935 2320 4006 genitus
2347 3951 2361 4000 ;
2417 3932 2656 4004 Spiritus
2686 3943 2868 3991 autem
2905 3943 3128 3991 sanctus
3157 3950 3222 3990 eo
3245 3935 3410 3990 modo

1833 4041 1993 4096 quem
2025 4025 2188 4082 Pater
2212 4037 2268 4083 et
2305 4027 2626 4099 Unigenitus
2653 4037 3018 4101 cognoscunt,
3052 4045 3230 4100 neque
3261 4029 3412 4099 geni-

145 4120 254 4180 καὶ.
297 4119 548 4187 Ἐ’χρισε
577 4115 687 4168 τὸν
723 4112 984 4183 Χριστὸν
1003 4112 1074 4165 ἐν
1101 4111 1400 4179 Πνεύματι
1427 4109 1592 4179 ἁγίῳ.
1659 4107 1702 4160 Ε

1833 4127 1924 4171 tus
1979 4131 2158 4186 neque
2205 4125 2428 4173 creatus
2473 4133 2502 4171 a
2547 4117 2708 4174 Patre
2745 4127 2800 4175 et
2836 4119 2974 4174 Filio
3005 4139 3018 4176 :
3053 4122 3148 4174 sed
3183 4135 3212 4173 a
3247 4119 3412 4176 Patre

147 4209 300 4273 αίπδς
325 4212 356 4262 ὁ
379 4208 692 4280 Μονογενὴς
719 4206 932 4279 χρίεται
961 4207 1020 4260 ὲν
1041 4203 1354 4276 Πνεῦματι,
1376 4202 1460 4266 τίς
1492 4201 1705 4270 ὲγκαλὲ·

1829 4207 2134 4276 procedens
2158 4215 2214 4263 et
2233 4209 2304 4264 de
2328 4206 2472 4264 Filio
2497 4209 2799 4280 accipiens.
2835 4211 3068 4280 Spiritus
3089 4212 3225 4265 enim
3243 4227 3409 4274 uicus,

147 4316 226 4354 σει
245 4303 310 4372 τῇ
341 4301 480 4372 ἁγίᾳ
503 4300 730 4372 Τριάδι;

1829 4298 2030 4367 inquit,
2075 4307 2184 4352 stat
2224 4299 2280 4352 iu
2315 4301 2488 4354 medio
2535 4302 2692 4355 vestri
2724 4301 2745 4332 ⁸
2774 4317 2788 4368 ;
2817 4311 2872 4357 ει
2903 4319 2916 4354 :
2955 4300 3114 4355 Unxit
3143 4299 3410 4357 Christum

151 4397 200 4450 in
227 4395 436 4463 Spiritu
469 4406 654 4451 sancto
691 4395 713 4428 '
735 4433 750 4448 .
783 4393 842 4448 Si
866 4391 1196 4462 Unigenitus
1233 4390 1352 4463 ipse
1395 4389 1602 4461 Spiritu
1659 4401 1850 4448 sancto
1901 4395 2160 4450 intinctus
2189 4393 2411 4461 dicitur,
2463 4395 2589 4466 quis
2647 4395 3052 4451 sanctissimam
3084 4393 3414 4450 Trinitatem

151 4487 372 4542 audebit
399 4485 709 4542 incessere?

211 4599 314 4656 18'.
355 4593 495 4650 Εἶτα
523 4595 686 4649 πάλιν
717 4594 882 4665 φησὶν
918 4595 948 4648 ὀ
994 4592 1270 4665 μανιώδης
1303 4593 1555 4664 ’Ἄρειος-
1599 4589 1705 4645 Πῶς

1899 4587 2038 4641 XIX.
2085 4587 2264 4659 Pergit
2289 4603 2418 4644 vero
2453 4588 2696 4646 furiosus
2736 4597 2898 4660 atque
2933 4605 3120 4649 amens
3147 4593 3329 4665 Arius,
3360 4605 3416 4652 et
3453 4649 3464 4665 ,
3493 4637 3499 4665 .

149 4649 314 4747 πῖπτεν-
335 4689 638 4761 ὁΚύριος·
694 4649 756 4742 Ti
896 4649 1096 4756 λέγεις
1121 4649 1387 4755 (trador;
1421 4649 1526 4750 Εἷς
1561 4684 1705 4738 ὲστιι

1831 4694 1950 4741 cur.
2003 4649 2218 4750 inquit:
2241 4679 2503 4736 Dominus
2529 4680 2706 4736 dixit:
2739 4649 2880 4747 Quid
2909 4700 2990 4737 me
3019 4683 3154 4740 dicis
3182 4649 3418 4745 bonum—.9
3555 4685 3560 4688 ’

149 4783 366 4856 ἀγαθὸς
381 4785 414 4838 ὁ
435 4749 614 4847 Θέόςξ
630 4780 706 4844 ὡς
727 4749 892 4833 aia-105
916 4749 1252 4851 ἀρνουμένου
1277 4778 1376 4849 τὴν
1397 4777 1705 4849 ἀγαθὸτητα

1837 4770 1982 4826 Unus
2033 4783 2110 4827 est
2159 4772 2324 4827 bonus
2369 4771 2512 4828 Deus
2545 4773 2603 4828 I"2
2651 4775 2806 4845 quasi
2854 4773 3152 4829 bonitatem
3177 4792 3205 4831 a
3233 4793 3291 4834 se
3329 4777 3415 4833 his
3452 4749 3464 4784 ¹
3497 4749 3502 4774 Ξ

151 4879 255 4932 Καὶ
277 4878 366 4940 τίς
389 4875 550 4938 ἄλλος
577 4873 750 4936 οὕτως
771 4870 974 4940 ἀγαθὸς
998 4869 1074 4934 ὡς
1100 4873 1130 4924 ὁ
1156 4869 1496 4940 Μονογενής;
1523 4868 1584 4932 ὃς
1603 4867 1704 4920 ἔδω

1829 4867 2011 4921 verbis
2056 4865 2354 4935 abjudicct.
2405 4865 2727 4938 Quanquam
2785 4869 2910 4938 quis
2975 4868 3114 4924 alius
3173 4869 3416 4925 bonitate

155 4987 242 5022 κεν
259 4967 454 5022 ἑαυτὸν
477 4965 792 5036 ἀντίλυτρον
817 4963 928 5016 τῶν
946 4961 1234 5034 ἡμετέρων
1257 4961 1466 5032 ψυχῶν.
1495 4961 1605 5014 Καὶ
1630 4959 1705 5013 οὒς

1829 4973 1954 5012 cum
1989 4958 2269 5029 unigenito
2302 4957 2395 5012 Dei
2440 4957 2579 5014 Filio
2609 4959 3011 5028 comparandus
3050 4971 3168 5026 est,
3202 4963 3292 5032 qui
3329 4979 3416 5020 sc-

156 5059 321 5114 οῑδασι
347 5057 486 5112 Θεοῦ
509 5057 609 5127 τὴν
633 5055 862 5126 δύναμιν
883 5054 979 5108 καὶ
1003 5053 1100 5124 τὴν
1123 5051 1456 5122 ἀγαθὸτητα,
1481 5049 1603 5103 οὔτε
1631 5049 1705 5121 τὴ

1833 5051 2128 5122 metipsum
2179 5051 2513 5106 redimendis
2575 5051 2863 5106 animabus
2914 5054 3117 5107 nostris
3181 5056 3411 5123 pretium

157 5149 462 5220 οἰκονομίαν
495 5148 596 5218 τῆς
637 5145 732 5200 τοῦ
775 5143 910 5200 Θεοῦ
939 5145 1152 5214 σοφίας,
1192 5143 1412 5215 ψυχικοι
1455 5143 1606 5207 ὄντες
1641 5159 1705 5196 κα

1831 5141 2056 5196 obtulit?
2087 5139 2276 5212 Usque
2307 5158 2373 5199 eo
2404 5141 2642 5196 divinam
2683 5143 2791 5196 vim
2827 5150 2882 5197 ct
2908 5142 3204 5198 bonitatem
3261 5145 3414 5216 igno-

161 5237 430 5308 σαρκικοὶ,
454 5233 868 5306 ἀνακρινόμενοι
907 5234 1018 5288 ἀπὸ
1049 5233 1206 5303 ἁγίου
1241 5233 1581 5304 Πνεῦματος.
1611 5233 1705 5287 κοῦ

1835 5240 1989 5296 rant;
2039 5247 2141 5287 nec
2185 5233 2332 5288 illius
2366 5232 3092 5303 sapientia:providentiam
3139 5242 3191 5289 et
3237 5237 3412 5292 admi-

161 5341 246 5395 tpot
275 5325 432 5390 ὅντες
455 5327 550 5380 ἀπ’
580 5325 768 5386 αὐτοῦ,
795 5324 872 5396 μὴ
901 5324 1119 5397 ἔχοντες
1145 5324 1246 5398 τὴν
1267 5325 1362 5378 τοῦ
1388 5325 1544 5394 ἁγίου
1565 5323 1705 5380 Πνεύ

1835 5322 2218 5379 niStrationem
2271 5323 2605 5393 intelligunt,
2653 5323 2921 5378 animales
2955 5323 3227 5391 homines,
3276 5335 3328 5382 et
3357 5325 3416 5383 in

167 5434 326 5488 ματος
355 5417 584 5490 δωρεὰν,
613 5416 712 5489 τὴν
741 5417 1064 5486 σοφίζουσαν
1085 5417 1264 5472 πάντα
1293 5416 1598 5488 ἄνθρωπον.
1627 5415 1705 5470 Hd

1839 5429 2058 5470 carnem
2100 5415 2264 5472 altius
2302 5414 2568 5480 immersi,
2606 5415 2698 5486 qui
2734 5429 2764 5470 a
2797 5415 3004 5486 Spiritu
3041 5425 3233 5474 sancto
3267 5417 3418 5489 diju-

242 5593 257 5624 '
281 5591 425 5664 Nisi
449 5593 706 5664 mendum
736 5601 849 5664 est,
884 5594 1076 5649 κτιστά
1107 5607 1205 5664 pro
1235 5593 1486 5659 κτίζοντα
1517 5592 1697 5661 posuit

1813 5594 1817 5622 ¹
1849 5590 2080 5661 Philipp.
2113 5606 2175 5653 ιι,
2211 5591 2298 5648 10.

661 5609 706 5682 gl
736 5594 1076 5682 εεξηκτιστά
1097 5607 1205 5682 (pro
1226 5593 1486 5682 Erizam-r1
1517 5592 1697 5682 posuit

1813 5591 2080 5682 [Phili-pp.
2109 5606 2175 5682 ιι,
2211 5591 2298 5648 10.
2399 5593 2420 5626 ³
2457 5591 2615 5649 Joan.
2649 5607 2737 5658 xv,
2767 5591 2859 5648 26.
2937 5593 2959 5626 ⁸
2987 5591 3149 5652 Joan.
3183 5607 3294 5662 xvr,
3324 5595 3415 5672 ﬂ,

175 5661 258 5720 15.
341 5665 366 5697 ⁸
396 5661 554 5720 Joan.
586 5679 628 5726 ι.
661 5663 713 5718 5.
793 5663 813 5696 ⁸
841 5667 977 5728 Aeg.
1003 5681 1062 5726 tt.
1095 5661 1146 5719 6.
1226 5667 1246 5698 τ
1283 5665 1404 5720 Act.
1431 5681 1484 5728 κ,
1529 5665 1617 5720 38.

1813 5678 1890 5717 uc.
1921 5677 2076 5719 xvttt.
2109 5665 2183 5718 I9.
