3826 6206
417 227 516 283 251

1831 214 1888 271 S.
1928 212 2223 273 EPIPHAN
2235 214 2277 269 ll

3570 213 3672 272 232

418 338 604 401 dicati,
650 334 905 406 illiusque
934 333 1122 389 inanes
1161 340 1217 388 et
1248 332 1429 397 vacui,
1473 331 1721 404 ejusdem
1762 346 1992 388 munere

2110 350 2174 388 uv
2217 332 2273 386 δὲ
2318 331 2592 386 αἰτοῦνται
2639 330 2834 396 αὐτὸν,
2886 330 3082 401 φησιν,
3129 332 3181 383 οἱ
3227 331 3334 383 υἱοὶ
3399 331 3671 388 Ζεϐεδαίου

418 446 483 487 ac
522 426 790 485 beneﬁcio
836 432 1045 490 carent,
1100 439 1213 496 quo
1266 424 1531 480 mortales
1568 437 1759 477 omnes
1801 420 2004 477 eruditi

420 504 697 593 sapientes
753 518 1015 573 evadunt.
1068 516 1336 571 Przeterea
1393 530 1515 570 cum
1565 514 1684 579 lilii,
1730 513 2004 582 inquiunt,

421 612 679 668 Ζεῦξιιίκὶ
730 611 1040 664 interventu
1092 607 1282 660 matris
1334 621 1446 661 suae
1491 605 1559 658 ab
1606 604 1697 657 illo
1731 602 2006 673 postulas-

422 715 565 768 sent,
598 711 657 757 ut
693 702 747 756 in
794 702 968 773 ipsius
993 716 1161 771 regno
1191 699 1328 753 alter
1354 696 1420 751 ad
1447 696 1726 751 dexteram
1758 693 2010 749 conside-

420 803 526 857 ret,
564 796 701 848 alter
727 794 792 847 ad
830 794 1131 853 sinistram,
1174 791 1247 843 ita
1283 789 1393 843 illis
1428 786 1744 854 respondit:
1772 783 2006 839 Nescitis

420 886 545 956 quid
578 886 788 953 petatis.
823 885 1046 937 Potestis
1079 881 1253 934 bibere
1294 880 1534 941 calicem,
1567 892 1717 945 quem
1749 874 2008 928 bibiturus

422 976 582 1029 sum?
627 972 1104 1043 Respondentibus
1144 969 1251 1022 illis
1308 985 1323 1021 :
1360 964 1696 1023 Possumus;
1734 961 2005 1029 subjecit:

424 1066 653 1121 Calicem
700 1064 907 1133 quidem
967 1078 1137 1115 meum
1204 1057 1434 1112 bibetis:
1472 1055 1648 1108 sedere
1705 1064 1882 1106 autem
1939 1051 2008 1104 ad

423 1160 694 1213 dexteram
744 1174 919 1211 meam
966 1165 1016 1209 et
1083 1156 1358 1208 sinistram
1407 1168 1508 1205 non
1548 1159 1626 1203 est
1673 1165 1844 1203 meum
1882 1147 2011 1201 dare

424 1248 589 1307 vobis,
615 1245 704 1300 sed
734 1246 920 1315 quibus
951 1253 1198 1313 paratum
1227 1251 1302 1295 est
1328 1258 1359 1292 α
1386 1239 1548 1292 Patre
1573 1255 1684 1292 meo
1711 1240 1750 1289 ¹.
1785 1236 1867 1290 Ad
1899 1239 2011 1292 11320

424 1341 720 1410 Apostolus
744 1340 933 1393 scribit
962 1355 975 1389 :
1007 1337 1143 1389 Deus
1175 1335 1444 1387 suscitavit
1479 1332 1630 1385 illum
1662 1348 1694 1383 a
1726 1330 1946 1383 mortuis
1966 1332 2007 1395 ²;

426 1443 686 1500 tanquam
737 1431 1038 1485 suscitante
1075 1426 1260 1495 aliquo
1293 1441 1431 1494 Opus
1462 1422 1646 1477 fuerit.
1673 1420 1816 1488 Quin
1846 1421 2011 1475 etiam

426 1522 674 1592 apparuit
734 1521 815 1573 illi
866 1520 1082 1589 angelus
1133 1518 1346 1571 Domini
1401 1515 1708 1582 confortans
1762 1516 1936 1582 ipsum
1965 1512 2005 1565 ³.

425 1611 561 1666 Nam
598 1613 654 1665 in
698 1610 891 1681 agonia
947 1608 1277 1663 constitutus
1316 1607 1549 1668 sudavit,
1598 1612 1650 1658 et.
1691 1604 1858 1659 sudor
1889 1602 2010 1671 eius

2105 425 2194 478 διὰ
2231 426 2328 495 τῆς
2377 424 2556 477 αὐτῶν
2603 422 2805 493 μητρὸς
2835 420 2897 474 τὸ
2938 423 2995 474 ἐν
3026 424 3090 491 τῇ
3128 420 3371 491 βασιλείᾳ
3398 421 3558 476 αὑτοῦ
3586 426 3672 478 ἕνα

2106 516 2326 570 καθίσαι
2348 516 2428 568 ’ἐκ
2472 515 2661 578 δεξιῶν
2710 515 2803 567 καὶ
2840 515 2936 566 ἕνα
2982 514 3040 579 ἐξ
3074 514 3391 584 εὐωνύμων.
3429 516 3534 567 Καὶ
3577 517 3671 589 ἔφη

2107 609 2318 670 αὐτοῖς·
2382 608 2502 659 Οὐκ
2547 606 2747 658 οἴδατε
2790 605 2847 657 τί
2885 603 3168 658 αἰτεῖσθε.
3231 606 3498 659 Δύνασθε
3524 610 3672 662 πιεῖν

2106 699 2177 752 τὸ
2207 697 2495 765 ποτήριον
2526 696 2559 749 ὃ
2601 697 2806 766 μέλλω
2844 697 3077 760 πίνειν;
3119 696 3329 751 Αὐτῶν
3359 697 3426 752 δὲ
3456 700 3676 766 graccis“-

2107 807 2226 843 των,
2242 832 2257 853 ⁹
2285 789 2419 842 Ναί.
2443 788 2556 856 ἔφη
2575 787 2727 855 πρὸς
2749 788 2971 853 αὐτούς
2994 804 3006 817 ·
3046 787 3114 839 Τὸ
3131 787 3248 856 μὲν
3269 788 3553 855 ποτήριόν
3569 809 3677 857 μου

2108 880 2338 946 πίεσθε,
2373 879 2439 933 τὸ
2470 879 2539 931 δὲ
2567 879 2808 932 καθίσαι
2840 879 2908 931 ἐκ
2931 877 3146 941 δεξιῶν
3167 896 3286 947 μου
3318 879 3415 933 καὶ
3444 881 3677 947 ἀριστε-

2100 971 2246 1039 ρῶν,
2276 974 2387 1025 οὐκ
2420 972 2591 1025 ἔστιν
2614 970 2761 1039 ἐμὸν
2786 969 3017 1033 δοῦναι,
3038 970 3178 1023 ἀλλ’
3209 965 3301 1036 οἷς
3332 971 3677 1040 ἡτοίμασται

2109 1062 2267 1131 παρὰ
2315 1061 2422 1116 τοῦ
2464 1063 2713 1129 Πατρός.
2761 1057 2895 1114 Εἶτά
2947 1078 3112 1131 φησιν
3154 1063 3182 1114 ὁ
3226 1062 3574 1126 Ἀπόστολος·
3630 1064 3677 1116 '0

2112 1158 2256 1222 Θεὸς
2282 1155 2516 1225 ἤγειρεν
2544 1156 2730 1210 αὐτὸν
2768 1156 2836 1207 ἐκ
2870 1153 3097 1222 νεκρῶν
3118 1171 3132 1184 °
3180 1154 3255 1217 ὡς
3295 1155 3459 1208 αὐτοῦ
3503 1157 3679 1226 χρείαν

2110 1248 2319 1316 ἔχοντος
2349 1246 2443 1299 τοῦ
2474 1247 2783 1316 ἐγείραντος
2810 1244 2972 1299 αὐτόν
2995 1261 3010 1275 ⁸
3043 1247 3138 1298 καὶ
3161 1246 3265 1309 ὅτι,
3291 1247 3477 1316 φησὶν.
3499 1226 3678 1315 ἐφὰῗοη

2109 1340 2361 1409 ἅγγελος
2393 1340 2614 1407 Κυρίου
2645 1339 2948 1407 ἐνισχύων
2982 1338 3171 1390 αὐτόν
3191 1354 3206 1368 ·
3263 1339 3344 1390 ὅτι
3383 1340 3438 1391 ὲν
3483 1336 3680 1409 ἀγωνία

2110 1431 2299 1499 γέγονε
2366 1430 2459 1483 καὶ
2532 1430 2760 1500 ἵδρωσε,
2815 1430 2909 1481 καὶ
2970 1430 3000 1482 ὁ
3053 1427 3209 1499 ἱδρὼς
3261 1428 3424 1481 αὐτοῦ
3471 1429 3680 1497 γέγονεν

2110 1524 2256 1593 αὐτῷ
2306 1522 2382 1585 ὡς
2432 1521 2658 1592 θρόμϐοι
2701 1522 2967 1591 αἵματος,
3034 1522 3094 1575 ὲν
3142 1520 3219 1591 τῷ
3282 1521 3422 1574 κατὰ
3478 1522 3682 1574 Λουκξν

2111 1612 2454 1682 Εὑαγγελίῳ,
2491 1614 2580 1665 ὅτε
2631 1612 2880 1667 ἀπελθὼν
2921 1612 3117 1683 ηὔχετο
3156 1612 3365 1683 μέλλων
3408 1612 3684 1683 παραδίδο-

427 1704 575 1758 velut
598 1702 781 1773 grumi
814 1700 1094 1769 sanguinis
1119 1698 1361 1760 decidit;
1413 1706 1471 1750 ut
1512 1696 1673 1750 Lucae
1719 1694 2008 1763 Evangelio

2116 1705 2258 1758 σθαι.
2337 1705 2447 1757 Καὶ
2500 1703 2659 1757 πάλιν
2707 1705 2765 1755 ἐν
2808 1703 2885 1773 τῷ
2927 1704 3174 1774 σταυρῷ,
3234 1704 3429 1772 φησιν,
3476 1704 3677 1771 ἔλεγεν·

426 1792 698 1863 proditum
733 1800 836 1851 est.
871 1807 993 1845 cum
1028 1791 1082 1843 in
1122 1805 1341 1844 secessu
1379 1790 1540 1856 paulo
1581 1795 1873 1856 antequam
1912 1784 2008 1840 Ju-

425 1884 557 1939 daeis
589 1880 894 1935 traderetur
930 1889 1133 1933 oraret.
1162 1877 1322 1949 743
1361 1876 1465 1933 Sed
1512 1884 1566 1933 et
1597 1877 1649 1930 in
1679 1890 1839 1930 cruce
1864 1874 2011 1928 dice-

425 1974 540 2037 bat,
577 1972 871 2041 inquiunt:
902 1969 1011 2031 Eli,
1044 1967 1154 2031 Eli,
1190 1968 1332 2021 lama
1370 1968 1714 2023 Sabactltani.
1743 1968 1857 2019 Hoc
1885 1974 2007 2019 est:

430 2064 568 2117 Deus
598 2078 764 2125 meus,
833 2060 973 2115 Deus
1018 2077 1199 2123 meus,
1247 2058 1430 2127 utquid
1476 2073 1555 2111 me
1602 2054 2011 2124 dercliquisti‘?

426 2152 617 2216 Vides,
652 2152 831 2214 aiunt,
860 2148 1323 2220 queinadmodum
1356 2147 1579 2203 alterius
1606 2162 1761 2215 opem
1798 2146 2012 2208 deside-

426 2244 547 2298 ret?
573 2241 728 2308 Quod
760 2256 889 2296 vero
924 2241 991 2299 ad
1038 2241 1128 2295 illa
1172 2239 1338 2294 verba
1367 2239 1601 2308 pertinet
1629 2257 1640 2291 :
1681 2236 1793 2306 Ego
1825 2238 1878 2290 in
1904 2235 2012 2289 Pa-

428 2344 505 2388 tre
548 2344 598 2388 et
639 2331 800 2387 Pater
841 2333 896 2387 in
935 2348 1017 2386 me
1054 2342 1130 2386 est
1156 2334 1212 2395 5;
1248 2331 1521 2398 itemque:
1561 2329 1677 2381 Duo
1712 2345 1876 2381 unum
1922 2344 2013 2381 su-

427 2442 569 2488 mus,
593 2434 649 2479 ut
679 2433 728 2477 et
758 2424 858 2492 ipsi
896 2440 1057 2477 unum
1090 2424 1197 2476 sint
1227 2423 1277 2487 ";
1316 2423 1412 2487 ita,
1442 2420 1717 2489 inquiunt,
1760 2436 1926 2473 unum
1953 2436 2013 2477 se

425 2533 549 2573 esse
587 2517 742 2578 dicit,
783 2524 842 2571 ut
878 2530 985 2569 non
1013 2515 1079 2570 ad
1120 2522 1391 2577 naturam,
1426 2513 1518 2573 sed
1551 2510 1617 2565 ad
1671 2513 2011 2567 voluntatum

430 2609 782 2663 concordiam
818 2607 891 2662 sit
938 2608 1123 2663 unitas
1171 2608 1261 2660 illa
1318 2604 1619 2663 referenda.
1677 2603 1861 2674 Neque
1910 2605 2014 2659 hoc

427 2714 613 2757 errore
696 2700 977 2763 contenti,
1030 2710 1229 2769 negant
1288 2699 1509 2765 insuper
1566 2697 1800 2751 humana
1861 2697 2010 2752 illum

428 2792 608 2846 anima
643 2791 930 2860 prteditum
988 2788 1180 2845 fuisse.
1247 2789 1404 2854 Quod
1458 2796 1609 2842 certo
1661 2788 1894 2843 consilio
1938 2788 2011 2841 ita

427 2889 783 2953 praeslruunt,
823 2890 883 2935 ut
918 2897 1099 2937 veram
1154 2896 1220 2936 ex
1277 2880 1446 2933 Maria
1495 2878 1719 2949 Virgine
1765 2894 2010 2943 carnem,

2126 1796 2278 1860 Ἠλὶ,
2314 1796 2465 1858 Ἠλὶ,
2488 1793 2693 1864 λαμμᾶ
2713 1797 3047 1863 σαϐαχθανὶ
3068 1812 3084 1857 ;
3119 1797 3392 1848 τουτέστι’
3416 1796 3527 1850 Θεὲ
3550 1813 3678 1864 μου,

2116 1887 2221 1940 Θεέ
2243 1904 2381 1954 μου,
2415 1888 2514 1939 ἵνα
2543 1888 2598 1939 τί
2625 1903 2700 1955 με
2732 1888 3156 1955 ἐγκατέλιπεω
3188 1890 3297 1941 Καὶ
3328 1889 3480 1959 δρᾷς,
3508 1890 3679 1959 φησιν,

2112 1978 2187 2041 ὼς
2219 1978 2489 2031 ἐπιδέεται
2520 1977 2802 2047 βοηθείας;
2847 1976 2981 2030 ἀλλὰ
3014 1983 3142 2048 περὶ
3172 1976 3266 2030 τοῦ
3297 1977 3497 2046 λέγειν,
3550 1979 3681 2046 Ἐγὼ

2113 2072 2182 2122 ἐν
2210 2072 2289 2136 τῷ
2311 2070 2516 2137 Πατρὶ,
2548 2069 2645 2123 καὶ
2666 2073 2699 2123 ό
2726 2068 2931 2137 Πατὴρ
2955 2070 3024 2122 ἐν
3048 2070 3178 2138 ἐμοί
3196 2088 3210 2101 υ
3234 2071 3328 2122 καὶ
3360 2071 3442 2123 ὅτι
3493 2073 3557 2123 Ol
3584 2069 3682 2122 δύο

2113 2164 2182 2217 ἐν
2209 2165 2415 2232 ἐσμεν,
2451 2164 2550 2215 ἵνα
2584 2162 2681 2215 καὶ
2711 2161 2880 2215 αὐτοὶ
2910 2160 2982 2215 ἐν
3022 2157 3200 2215 ὦσιν·
3242 2161 3382 2215 ὥστε
3410 2159 3504 2216 οὖν
3545 2163 3603 2215 τὸ
3630 2163 3681 2215 ἓν

2116 2252 2251 2309 εἶναι
2294 2256 2510 2318 πάντως
2549 2256 2608 2307 οὐ
2647 2254 2787 2308 κατὰ
2842 2253 3003 2323 φύσιν
3036 2254 3203 2323 λέγει,
3246 2254 3380 2307 ἀλλὰ
3413 2255 3533 2307 κατ’
3573 2254 3683 2323 ὁμό-

2115 2364 2282 2401 νοιαν.
2317 2348 2391 2399 Οὐ
2428 2346 2588 2416 μόνον
2625 2346 2682 2397 δὲ
2710 2344 2885 2413 τοῦτο,
2922 2347 3058 2400 ἀλλὰ
3088 2347 3180 2399 καὶ
3204 2345 3495 2415 ἀρνοῦνται
3518 2346 3680 2416 ψυχὴν

2115 2440 2272 2492 αὑτὸν
2324 2438 2665 2503 ἀνθρωπείαν
2719 2438 3016 2508 εἰληφέναι,
3054 2438 3184 2491 αὐτὸ
3215 2439 3371 2491 τοῦτο
3416 2455 3681 2508 προκατα-

2116 2528 2489 2594 σκευάζοντες.
2526 2531 2714 2602 Σάρκα
2744 2531 2851 2600 γὰρ
2884 2529 3272 2599 ὑμνολογοῦσιν
3305 2528 3565 2599 ἀληθινὴν
3587 2530 3682 2582 ἀπὸ

2114 2624 2331 2693 Μαρίας
2360 2622 2518 2676 αὐτὸν
2554 2623 2842 2693 ἐσχηκότα,
2894 2622 2989 2676 καὶ
3018 2622 3191 2675 πάντα
3221 2622 3320 2675 ὅσα
3345 2622 3495 2674 ἐστὶν
3525 2624 3581 2674 ἐν
3613 2622 3681 2691 τῷ

2114 2714 2383 2785 ἀνθρώπῳ
2411 2716 2579 2785 χωρὶς
2609 2715 2814 2785 ψυχῆςο
2853 2716 2959 2777 ἵνα,
2993 2714 3119 2767 ὅταν
3153 2714 3393 2786 ἀκούσῃς
3426 2716 3556 2784 περὶ
3576 2715 3684 2766 πεί-

2125 2821 2244 2875 νης,
2280 2804 2313 2873 ἢ
2344 2805 2577 2875 δίψης,ῆ
2608 2806 2873 2875 καμάτου,
2899 2805 2932 2875 ἢ
2957 2805 3279 2876 ὁδοιπορίας,
3320 2806 3353 2875 ἦ
3386 2804 3627 2877 ἱδρῶτος,
3653 2808 3681 2875 ἦ

2116 2892 2305 2955 ὕπνου,
2333 2893 2365 2964 ἢ
2398 2893 2805 2964 ἑμϐριμὴσεως,
2842 2896 2937 2947 καὶ
2969 2896 3150 2965 εἴπῃς,
3185 2896 3267 2947 ὅτι
3301 2895 3390 2947 διὰ
3416 2896 3516 2965 τὴν
3541 2898 3684 2948 ἐναν-

429 2975 747 3044 reliquaque
786 2988 907 3043 quae
936 2980 1065 3027 sunt
1094 2972 1337 3031 hominis
1375 2971 1616 3041 prepria,
1652 2971 1802 3024 illum
1843 2985 2005 3024 acce—

2114 2984 2393 3053 θρώπησιν
2430 2984 2631 3037 τούτων
2660 2985 2928 3047 ὲπεδέετο,
2962 2985 3155 3050 λέξωσί
3206 3003 3287 3038 σοι
3332 2985 3581 3058 ὕστερον,
3610 2989 3684 3040 ὅτι

428 3066 574 3135 pisse
599 3065 891 3128 fateantur,
919 3064 964 3119 si
996 3078 1157 3117 unam
1187 3064 1421 3117 animam
1446 3061 1687 3130 excipias
1714 3079 1725 3113 :
1753 3061 2008 3115 nimirum

430 3164 512 3222 ut,
545 3170 671 3208 cum
711 3154 929 3220 famem,
966 3162 1059 3207 aut
1094 3155 1260 3216 sitim,
1289 3162 1382 3209 aut
1403 3153 1638 3217 labores,
1670 3154 1883 3216 itinera,
1917 3170 2011 3209 su-

428 3240 641 3302 dorem,
666 3255 939 3305 somnum,
968 3240 1394 3310 indignationem
1426 3241 1667 3299 audieris
1691 3258 1755 3301 ac
1775 3242 2003 3307 dixeris,

432 3341 652 3403 propter
677 3332 971 3391 humanam
999 3346 1162 3401 quam
1189 3341 1563 3402 assumpserat
1591 3340 1845 3391 naturam
1869 3350 2008 3404 opus

430 3424 540 3479 illis
572 3421 851 3486 habuisse,
886 3422 1067 3483 statim
1099 3421 1339 3489 objicere
1361 3424 1594 3491 possint,
1626 3439 1720 3493 per
1745 3440 1865 3479 sese
1893 3425 2009 3479 haec

433 3520 696 3581 praestare
731 3525 974 3574 carnem,
1038 3511 1147 3565 nisi
1206 3512 1387 3573 anima
1452 3515 1676 3582 praedita
1734 3518 1842 3579 sit,
1898 3533 2007 3572 non

428 3617 617 3673 posse.
646 3600 713 3654 Et
746 3602 963 3670 quidem
998 3618 1124 3657 vere
1172 3603 1274 3658 hoc
1314 3604 1386 3659 ab
1435 3606 1543 3663 illis
1590 3607 1810 3661 dicitur.
1868 3608 2008 3674 Quid

428 3703 515 3748 est
542 3693 725 3763 igitur,
757 3694 1035 3762 inquiunt.
1063 3694 1235 3759 aliud,
1273 3711 1435 3765 quam
1464 3698 1613 3766 quod
1637 3699 1720 3757 liis
1749 3704 2006 3758 omnibus

430 3784 576 3838 illius
608 3783 866 3841 divinitas
895 3784 1205 3854 indigebat?
1250 3787 1337 3852 Ut,
1375 3803 1499 3842 cum
1527 3788 1767 3860 indigere
1806 3793 2005 3849 divini-

434 3884 596 3929 tatem
628 3874 801 3943 ipsius
851 3874 1117 3938 dixerint,
1168 3877 1315 3931 velut
1370 3880 1714 3950 peregrinum
1751 3886 2003 3939 eumdem

431 3965 803 4034 pronuntient,
844 3973 906 4019 et
936 3981 965 4018 a
998 3965 1174 4020 Patris
1219 3970 1458 4023 essentia
1503 3987 1567 4029 ac
1610 3982 1806 4031 natura
1850 3992 2006 4045 pron-

428 4071 523 4111 sus
577 4055 836 4110 alienum.
877 4055 989 4126 Ego
1037 4072 1167 4111 vero
1204 4059 1280 4112 ita
1323 4060 1548 4123 omnino
1591 4072 1772 4119 statuo
1811 4077 2005 4137 :post-

426 4160 591 4218 quam
641 4160 815 4216 pauca
860 4146 951 4200 illa
1006 4162 1289 4217 perperam
1338 4150 1407 4211 ab
1448 4152 1533 4215 his
1583 4158 1908 4226 excogitata,
1949 4168 2004 4215 et

2114 3076 2247 3146 σὰρξ
2280 3076 2398 3128 καθ’
2430 3075 2627 3146 ἑαυτὴν
2655 3076 2826 3129 ταῦτα
2855 3078 2957 3130 οὐκ
2981 3080 3213 3148 ἐνεργεῖ,
3242 3077 3336 3130 ἐὰν
3369 3078 3445 3149 μὴ
3469 3079 3573 3149 ἔχῃ
3594 3082 3685 3146 civ

2107 3168 2303 3237 ψυχήν.
2335 3166 2577 3237 Καὶ.γὰρ
2606 3167 2684 3236 τῷ
2714 3169 2811 3236 μὲν
2831 3167 2943 3221 ὄντι
2965 3167 3136 3231 οὕτως
3164 3170 3301 3222 ἐστί.
3337 3170 3403 3221 Τί
3432 3166 3528 3223 οὖν
3555 3173 3684 3233 ἐστι,

2110 3258 2301 3327 φησὶν,
2347 3257 2484 3311 ἀλλά
2512 3275 2564 3310 τι
2601 3259 2633 3327 ἡ
2674 3257 2860 3327 θεότης
2892 3258 3057 3311 αὑτοῦ
3102 3260 3382 3325 ὲπεδέετο;
3430 3262 3557 3321 ἴνα,
3600 3262 3681 3314 ὅτε

2109 3348 2300 3399 εἴπωσι
2329 3347 2427 3417 τὴν
2460 3348 2688 3417 θεότητα
2730 3348 2895 3401 αὑτοῦ
2942 3350 3319 3421 ἐπιδεομένην,
3364 3350 3520 3416 ξένον
3556 3352 3685 3403 ἀπο-

2109 3442 2346 3509 φάνωσιν
2368 3440 2548 3506 αὐτὸν,
2576 3440 2670 3493 καὶ
2698 3438 2977 3510 ἀλλότριον
3006 3441 3105 3511 τῆς
3133 3440 3226 3495 τοῦ
3264 3442 3481 3511 Πατρὸς
3505 3442 3685 3505 οὐσίας

2106 3548 2165 3583 τε
2196 3530 2289 3583 καὶ
2320 3529 2534 3597 φύσεως
2563 3529 2837 3599 ἀληθινῆς.
2893 3530 3116 3601 Νομίζω
3149 3531 3205 3583 δὲ
3243 3531 3319 3601 τῷ
3349 3532 3571 3586 σύνεσιν
3601 3550 3685 3585 κε-

2107 3616 2364 3685 κτημένῳ
2394 3616 2502 3668 ἀπὸ
2547 3618 2699 3687 μιᾶς,
2732 3618 2765 3687 ἢ
2805 3616 2898 3670 δύο
2933 3618 3268 3690 μαρτυριῶν,
3301 3620 3336 3690 ἢ
3372 3620 3542 3675 πέντε
3584 3621 3685 3674 ⁸σῶν

2106 3707 2292 3771 κακῶς
2322 3709 2449 3779 παρ’
2479 3709 2662 3771 αὐτοῖς
2690 3711 3122 3779 ὲπινενοημένων
3153 3711 3248 3764 καλ⁸
3290 3712 3681 3783 ἐλεγχομένων,

2105 3801 2199 3852 καὶ
2223 3800 2696 3871 ἀνατρεπομένων,
2721 3800 2819 3871 τῆς
2851 3801 3027 3872 πάσης
3060 3802 3317 3873 ἀληθείας
3348 3805 3685 3876 κηρυττομέο

2105 3908 2221 3960 νης,
2255 3893 2348 3943 καὶ
2377 3891 2562 3959 σαφῶς
2592 3892 2649 3944 ἐν
2672 3894 2735 3962 τῇ
2766 3892 2945 3943 πίστει
2976 3892 3076 3962 τῆς
3099 3892 3403 3965 ὀρθοδοξίας
3441 3895 3682 3965 βεϐαιου-

2109 3983 2296 4052 μένης,
2332 3981 2749 4052 ἐλεγχθήσονται
2772 3984 2923 4054 παρὰ
2950 3985 3063 4046 τοῖς
3096 3985 3537 4056 προειρημένοις,
3567 3986 3682 4039 νοῦν

2106 4073 2286 4127 θεῖκὸν
2320 4074 2698 4144 κεκτημένοις,
2733 4074 2838 4128 κᾶν
2866 4092 2927 4127 τε
2964 4074 3102 4145 μετὰ
3127 4075 3330 4140 ταύτας
3366 4076 3474 4141 τὰς
3506 4077 3681 4131 ἐπιλύ-

2106 4182 2221 4226 σεις
2262 4165 2687 4235 ἐπινενοημένας
2727 4165 2900 4230 λέξεις
2930 4168 3129 4237 μυρίας
3168 4168 3332 4231 ἄλλας
3362 4169 3678 4237 ὲνέγκωσιν.

426 4237 699 4291 intellecta
743 4238 1053 4295 testimonia
1106 4241 1342 4297 refutata
1398 4260 1701 4317 eversaque
1759 4252 1998 4321 fuerint,

2118 4249 2254 4310 Ἀπδ
2286 4257 2395 4328 γὰρ
2448 4258 2557 4310 τῶν
2592 4257 2787 4326 ὀλίγων
2821 4259 2877 4311 αἱ
2922 4257 3168 4313 πλεῖσται
3206 4258 3560 4330 λυθήσονται,
3592 4261 3679 4331 τὴν

426 4341 549 4380 cum
574 4330 772 4380 veritas
802 4330 982 4383 omnis
1030 4331 1322 4389 manifeste
1353 4336 1663 4403 praedicata,
1714 4352 1878 4412 atque
1941 4348 1997 4403 in

2112 4352 2232 4422 ίσην
2262 4350 2489 4420 δύναμιν
2528 4350 2812 4420 φέρουσαι.

425 4418 725 4520 orthodoxa
770 4420 869 4473 (ide
915 4430 969 4520 et
1019 4423 1277 4520 religione
1307 4430 1661 4484 corroborata
1696 4432 1881 4502 fuerit,
1921 4445 2063 4511 apud
2099 4418 2408 4514 prudentes
2428 4451 2482 4498 et
2511 4418 2786 4513 sapientes
2818 4444 2965 4499 viros
2999 4444 3292 4514 divinaque
3339 4452 3527 4499 mente
3549 4459 3680 4514 prae-

427 4509 569 4564 ditos
598 4512 747 4614 nullo
778 4514 990 4614 negotio
1020 4517 1426 4614 convincendos
1458 4538 1600 4587 esse,
1638 4535 2011 4599 quantumvis,
2046 4546 2171 4607 post
2203 4539 2422 4593 illorum
2462 4538 2709 4593 locorum
2749 4536 3197 4605 dissolutionem,
3253 4536 3503 4591 inﬁnitas
3552 4537 3681 4591 alias

426 4605 719 4701 arcessitus
761 4605 1000 4701 undique
1026 4611 1328 4701 sententias
1360 4610 1413 4667 in
1447 4616 1682 4673 medium
1746 4635 2020 4683 asserant.
2049 4605 2361 4700 ‘Siquideut
2412 4646 2478 4695 ex
2526 4631 2717 4701 paucis
2754 4644 2917 4700 quam
2955 4630 3221 4699 plurima},
3269 4646 3389 4700 quae
3436 4630 3677 4685 eamdem

427 4696 537 4747 vim
566 4693 787 4761 habent,
816 4699 1253 4767 explicabuntur.

500 4782 615 4837 XX.
678 4784 942 4885 Exordiar
988 4789 1150 4871 igitur
1208 4793 1277 4847 ab
1327 4793 1419 4849 illo
1464 4796 1773 4858 Salomonis
1830 4806 1997 4873 dicto,

2173 4811 2257 4863 ΚΩ
2283 4810 2394 4863 Καὶ
2423 4810 2660 4883 ἄρξομαι
2685 4812 2902 4883 πρῶτον
2931 4813 3026 4866 τοῦ
3054 4812 3252 4881 λέγειν,
3280 4815 3400 4869 ὅθεν
3434 4817 3676 4873 διέλαϐον

428 4891 588 4945 quam
639 4881 1039 4931 amarissimam
1088 4881 1357 4952 dogmatis
1405 4888 1491 4943 sui
1536 4892 1773 4949 radicem
1822 4913 2003 4956 serere

2110 4898 2286 4962 κακῶς
2312 4901 2560 4970 φυτεύειν
2587 4903 2683 4974 τὴν
2706 4905 2801 4974 τῆς
2834 4906 3056 4977 πικρίας
3077 4906 3252 4960 αὐτῶν
3281 4907 3437 4978 ῥίζαν
3473 4913 3568 4965 τοῦ
3600 4915 3679 4965 λό-

426 4980 585 5035 posse
619 4965 721 5019 sibi
761 4980 1195 5035 persuaserunt:
1242 4972 1496 5031 Dominus
1542 4983 1734 5037 creavit
1777 5001 1857 5038 me
1898 4987 2003 5040 ini-

2110 5005 2218 5056 γου,
2253 4965 2347 5041 cui?
2385 4990 2489 5043 ὑπὸ
2516 4965 2861 5062 Σολομῶντος
2892 4965 3202 5066 εἰρημένου,
3232 4965 3311 5060 ab,
3340 4965 3561 5069 litim/cc
3589 5005 3679 5058 ἔνι·

426 5063 556 5109 tium
602 5063 807 5110 viarum
856 5075 1077 5113 suarum
1130 5063 1182 5116 in
1221 5080 1379 5133 opera
1398 5085 1501 5122 sua
1525 5072 1565 5124 ".
1602 5072 1774 5138 Quem
1816 5077 1993 5133 locum

2110 5078 2225 5133 ιισέ
2246 5098 2324 5150 με
2351 5081 2549 5151 ἀρχὴν
2574 5083 2730 5137 ὁδῶν
2770 5063 2956 5141 autcf}
2973 5063 3059 5153 sic
3078 5090 3218 5158 ἔργα
3234 5063 3447 5145 autcf):
3480 5063 3591 5147 Kal
3617 5097 3673 5148 οὐ

425 5163 692 5217 nusquam
745 5148 1030 5221 Scriptura
1105 5158 1398 5225 repetendo
1460 5164 1841 5231 conﬁrmavit,
1901 5180 1992 5224 aut

2110 5148 2311 5236 πάντως
2338 5148 2769 5231 πουνὲνὸεὸαίωσε
2790 5179 2999 5251 Γραφὴ,
3030 5148 3417 5256 οὐδεὲμνήσθη
3450 5203 3538 5251 τις
3571 5187 3673 5241 τῶν

423 5242 792 5310 apostolorum
824 5246 1115 5314 quisquam
1148 5257 1620 5320 commemoravit,
1654 5266 1713 5312 ut
1737 5259 1805 5313 ad
1834 5260 1991 5315 Chri-

2110 5263 2409 5319 Ξποστόλων
2439 5266 2540 5337 τῆς
2566 5268 2765 5335 λέξεως
2796 5242 3021 5343 ταύτης,
3063 5272 3149 5326 ἵνα
3178 5242 3477 5349 παραγὰξῃ
3507 5242 3670 5349 αὐτὴν

424 5336 567 5387 stum
633 5341 1091 5395 accommodaret.
1157 5341 1522 5408 Quamobrem
1576 5348 1643 5405 de
1696 5348 1835 5407 Filio
1901 5351 1994 5409 Dei

2110 5358 2180 5422 εἰς
2200 5357 2370 5431 ὄνομα
2387 5360 2645 5432 Χριστοῦ.
2668 5363 2831 5417 Ὥστε
2846 5362 2939 5419 οὖν
2956 5336 3019 5419 οὐ
3044 5336 3527 5443 πάντως-περὶτοῦ
3547 5336 3671 5426 Υίοῡ

492 5532 513 5565 ί
545 5532 732 5592 Matth.
760 5553 851 5595 xx.
886 5539 973 5596 22.

492 5543 513 5565 ι
545 5543 732 5592 Matth.
760 5553 851 5595 xx.
886 5543 973 5596 22.
1075 5546 1095 5575 ¹
1120 5543 1276 5602 Rom.
1310 5565 1363 5615 x,
1386 5551 1439 5607 9.

419 5618 553 5668 nn,
584 5606 673 5663 25.
749 5609 768 5641 ⁷
801 5607 959 5664 Prov.
1003 5629 1113 5668 vm.
1149 5616 1234 5668 l2.

749 5553 851 5641 7xx.
886 5552 973 5596 22.
1075 5552 1095 5575 ²
1120 5552 1276 5602 Rom.
1310 5565 1363 5615 x,
1386 5552 1439 5607 9.
1542 5553 1561 5585 ³
1589 5552 1721 5610 Luc.
1768 5571 1900 5627 xxii,
1936 5560 2005 5615 .53

801 5607 959 5664 Prov.
1003 5629 1113 5676 vm.
1149 5616 1234 5669 l2.

2113 5578 2167 5632 q.
2280 5565 2301 5595 ⁸
2333 5563 2496 5621 Marc.
2536 5582 2624 5630 xv,
2674 5569 2762 5623 51.

2866 5568 3067 5627 'Joan.
3103 5587 3209 5638 xw,
3256 5572 3336 5629 90.
3448 5576 3473 5611 ⁶
3501 5572 3661 5633 Joau.
