3846 6308
411 216 519 274 235

1799 213 1857 270 S.
1898 211 2244 267 EPIPHANII

3594 220 3706 281 236

398 334 613 405 .quibus
649 334 764 389 haec
798 334 1093 405 appellatio
1134 333 1408 391 abusione
1444 333 1677 405 quadam
1712 333 1998 389 convenit:

2123 332 2288 387 πάντα
2335 333 2365 386 δ
2397 330 2529 396 Θεὸς
2584 330 2642 385 ὲν
2696 329 2861 401 σοφία
2915 330 3177 388 ἐπιτελεῖ.
3225 332 3343 387 Μία
3381 337 3441 393 δέ
3493 338 3650 393 ἐστιν
3678 343 3711 411 η

412 427 613 497 quippe
660 427 805 482 Deus
860 430 1045 482 omnia
1090 429 1356 498 sapientia
1410 427 1641 499 perlicit.
1695 426 1801 482 Sed
1842 426 2002 481 unica

414 531 594 576 tamen
620 537 684 576 ac
713 523 1010 592 singularis
1031 531 1115 578 est
1140 524 1230 576 illa
1259 522 1439 578 Patris
1470 521 1761 592 sapientia,
1785 535 1850 573 ac
1875 521 2006 575 sub—

412 614 614 670 sistens
654 614 747 669 Dei
778 614 1043 695 Verbu'm.
1086 614 1274 685 Neque
1303 632 1433 670 vero
1467 616 1560 669 illo
1593 614 1879 684 sapientia:
1909 628 2005 667 vo-

413 705 610 760 cabulo
639 706 1015 777 constringor,
1054 714 1112 759 ut
1146 708 1211 759 ad
1247 705 1341 760 Dei
1370 704 1569 759 Filium
1595 703 1787 759 referri
1822 712 2005 773 putem

413 806 689 867 oportere.
725 798 844 854 Non
873 799 1019 854 enim
1046 797 1099 852 id
1123 807 1216 851 aut
1244 813 1274 851 a
1298 797 1592 853 Salomone
1614 796 2003 866 signiﬁcatum,

416 896 512 941 aut
543 888 613 943 ab
646 890 895 959 apostolo
927 890 1109 958 aliquo
1142 889 1508 953 declaratum,
1542 898 1638 941 aut
1670 888 1725 940 in
1761 885 2007 957 Evange-

416 980 491 1034 lio
520 988 604 1035 est
648 995 992 1050 expressum.
1046 979 1201 1044 Quod
1233 979 1280 1033 si
1313 978 1380 1033 de
1417 978 1511 1034 Dei
1546 977 1687 1032 Filio
1720 986 2005 1048 utcunque

414 1071 796 1141 accipiendum
842 1070 1078 1133 videtur,
1130 1086 1241 1124 non
1287 1077 1581 1126 esttamen
1617 1070 1807 1125 eadem
1844 1085 2008 1124 voca-

418 1164 529 1218 buli
566 1164 670 1223 vis,
722 1179 901 1233 neque
929 1179 995 1217 ex
1039 1162 1276 1233 simplici
1319 1163 1610 1217 verborum
1657 1177 1795 1217 sono
1830 1162 1898 1217 de
1943 1176 2009 1217 eo

408 1257 765 1325 judicandum
797 1265 899 1311 est.
942 1255 1077 1309 Nam
1106 1271 1231 1310 cum
1261 1264 1409 1310 totus
1462 1255 1554 1310 ille
1602 1255 1743 1309 liber
1770 1270 1838 1308 ex
1879 1269 2007 1323 pro-

418 1348 620 1403 verbiis
641 1356 931 1404 contextus
953 1350 1046 1413 sit,
1061 1348 1326 1420 quidquid
1348 1356 1527 1403 autem
1551 1364 1645 1418 per
1662 1347 2008 1418 proverbium

412 1440 661 1505 eﬂ‘ertur,
696 1441 845 1495 aliud
873 1441 1054 1497 verbis
1082 1456 1194 1511 prae
1224 1457 1281 1497 se
1314 1440 1475 1505 ferat,
1503 1439 1651 1494 aliud
1686 1454 1851 1495 sensu
1886 1439 2007 1509 ipso

414 1550 507 1603 per
552 1535 868 1605 allegoriam
917 1533 1224 1606 signiﬁcet;
1268 1534 1314 1588 si
1349 1532 1512 1588 fuerit
1562 1533 1672 1597 illa,
1706 1546 1869 1601 quam
1916 1530 2007 1586 isti

413 1635 643 1697 putant,
666 1626 977 1681 Salomonis
1010 1642 1190 1688 mens,
1237 1636 1290 1680 et
1328 1625 1397 1679 ad
1436 1624 1529 1680 Dei
1564 1623 1761 1678 Filium
1798 1622 2008 1678 referre

414 1689 661 1775 nonnulli
689 1718 956 1775 audeant:
990 1719 1227 1788 primum
1250 1716 1315 1771 de
1338 1717 1625 1771 dixinitate
1650 1716 1824 1785 ipsius
1848 1715 2007 1769 intel-
2038 1689 2081 1743 Β

415 1812 583 1881 ligere
617 1810 843 1863 omnino
890 1806 1045 1862 nefas
1084 1818 1202 1873 est;
1258 1804 1476 1871 deinde,
1526 1806 1575 1860 si
1606 1804 1765 1867 forte,
1816 1803 1885 1857 ad
1920 1818 2008 1857 as-

342 1944 354 1953 .
415 1906 691 1968 sumptam
727 1898 796 1951 ab
822 1911 887 1952 eo
914 1895 1158 1950 hominis
1180 1904 1436 1949 naturam
1462 1893 1759 1949 convenire
1782 1893 2004 1963 poterit.

412 1988 867 2059 Quandoquidem
896 2004 907 2040 :
958 1987 1239 2056 Sapientia
1268 1989 1383 2056 ipsa
1414 1986 1514 2040 sibi
1547 1987 1763 2040 domum
1792 1998 2007 2040 exstru-

410 2083 551 2135 σιν.
612 2080 768 2146 Quod
812 2080 859 2135 si
908 2081 982 2134 ita
1026 2090 1128 2144 est,
1165 2082 1235 2135 ab
1283 2080 1523 2133 humana
1567 2088 1763 2133 natura
1799 2078 2008 2134 dictum

412 2172 716 2227 existimari
763 2173 914 2226 salva
954 2173 1157 2242 pietate
1201 2180 1406 2242 potest.
1441 2186 1565 2242 quae
1610 2175 1677 2226 de
1721 2170 2009 2225 divinitate

413 2280 514 2321 sua
549 2265 838 2335 loquatur:
888 2264 1148 2319 Dominus
1179 2266 1374 2319 creavit
1420 2281 1521 2328 me,
1569 2264 1672 2318 hoc
1710 2276 1816 2328 est,
1843 2264 2011 2318 rediti-

413 2356 559 2412 cavit
603 2372 690 2412 me
721 2357 776 2411 in
813 2367 968 2411 utero
1004 2355 1221 2419 Mariaz,
1271 2357 1484 2410 initium
1524 2356 1729 2409 viarum
1768 2370 2005 2417 suarum,

414 2450 470 2503 in
498 2466 656 2512 opera
681 2450 866 2519 ipsius.
900 2448 1125 2503 Initium
1155 2450 1359 2519 quippe
1390 2448 1633 2514 viarum,
1658 2459 1711 2503 et
1739 2446 2009 2502 adventus

416 2540 473 2594 in
504 2542 651 2595 hunc
678 2540 945 2595 mundum
981 2539 1209 2605 Christi,
1240 2554 1443 2609 corpus
1476 2539 1597 2608 ejus
1625 2547 1709 2593 est
1744 2555 1809 2593 ex
1840 2537 2012 2593 Maria

414 2641 717 2703 sumptum,
748 2634 814 2686 ad
844 2633 1072 2701 justitize
1107 2640 1161 2687 et
1218 2632 1417 2687 salutis
1450 2647 1589 2702 Opus
1623 2631 1875 2687 ascitum.
1904 2630 2010 2687 Ve—

415 2740 538 2780 rum
570 2724 730 2781 facile
764 2733 947 2781 mente
1005 2734 1193 2796 :aptus
1229 2724 1450 2794 aliquis,
1500 2732 1554 2779 et
1582 2726 1736 2794 gravi
1767 2725 1859 2779 illo
1894 2735 2009 2779 tan-

416 2828 580 2884 quam
608 2814 834 2869 vulnere
856 2815 1159 2875 sauciatus,
1187 2814 1391 2884 quique
1422 2814 1478 2868 in
1502 2812 1595 2869 Dei
1620 2812 1816 2868 Filium
1842 2814 2010 2868 animi

414 2908 652 2978 quodam
705 2907 833 2962 odio
877 2908 1117 2974 feratur,
1179 2908 1416 2963 ulterius
1472 2907 1791 2979 prosiliendi
1840 2923 1904 2962 ex
1945 2920 2011 2973 eo

415 3016 607 3056 ansam
642 3002 888 3071 arripiet,
922 3001 1067 3071 quod
1104 3002 1388 3070 sequitur:
1435 2999 1496 3055 Si
1530 3001 1837 3053 nuntiavere
1864 2998 2008 3053 vobis
2035 3035 2078 3091 ο

414 3110 531 3165 qua:
571 3094 805 3164 quotidie
837 3094 991 3162 ﬁunt,
1047 3109 1526 3147 commemorarem
1574 3108 1691 3161 quia
1735 3108 1767 3144 a
1814 3092 2007 3145 swculo

2110 420 2244 478 οὖσα
2292 424 2458 493 σοφία
2503 421 2599 475 τοῦ
2630 422 2868 494 Πατρὸς,
2904 423 2998 475 καὶ⁵
3036 422 3405 490 ὲνυπόστατος
3441 427 3576 494 Θεδς
3612 434 3713 487 Λό.

2109 535 2222 585 γος.
2269 516 2411 569 Αὐτὸ
2455 514 2564 585 γὰρ
2612 516 2675 568 τὸ
2723 516 2876 587 ῥῆμα
2920 516 2981 569 οὺ
3030 515 3250 580 πάντως
3299 519 3609 587 ἀναγκάζει
3648 542 3712 593 με

2111 609 2241 681 περὶ
2280 608 2373 663 τοῦ
2410 608 2542 661 Υίοῦ
2587 607 2681 662 τοῦ
2716 607 2850 661 Θεοῦ
2887 608 3087 677 λέγειν.
3143 610 3219 663 Οὐ
3266 611 3380 683 γὰρ
3411 614 3712 685 ἐδήλωσεν,

2110 701 2230 754 οὐδέ
2260 718 2344 764 τις
2382 700 2490 753 τῶν
2533 701 2849 754 ἀποστόλων
2894 702 3324 773 ἐμνημόνευσεν,
3346 699 3470 758 ἀλλ’
3499 704 3628 760 οῦτε
3654 708 3717 761 τὸ

2110 794 2463 861 Εὑαγγέλιον.
2493 794 2556 846 Ei
2587 793 2643 847 δὲ
2673 794 2781 863 ἄρα
2809 795 2937 864 περὶ
2964 794 3060 847 τοῦ
3090 795 3218 849 Υίοῦ
3253 794 3347 849 τοῦ
3379 797 3521 851 Θεοῦ
3554 799 3716 854 τοῦτο

2114 883 2474 953 ἐλαμϐάνετο,
2513 883 2615 943 οὐκ
2660 882 2777 935 ἐστι
2827 884 3025 937 ταυτὸν
3064 884 3126 938 τὸ
3172 886 3359 957 ῥῆμα,
3406 886 3536 942 οὔτε
3577 891 3716 962 πρὸς

2112 974 2323 1028 εὐθεῖαν
2357 975 2537 1045 κρίσιν
2586 976 2858 1045 κείμενον.
2886 976 3025 1047 Ὀλη
3074 976 3183 1048 γὰρ
3208 980 3242 1047 ἡ
3278 978 3465 1049 βίϐλος
3512 1000 3715 1054 παροι-

2115 1066 2236 1135 μίαι
2271 1068 2561 1133 είσίχπᾶν
2612 1067 2670 1119 δὲ
2722 1069 2783 1121 τὸ
2838 1068 3339 1141 παροιμιαζόμενον
3390 1073 3453 1125 οὐ
3512 1076 3715 1130 ταυτόν

2112 1160 2229 1212 ὲστι
2270 1162 2336 1229 τῇ
2376 1159 2637 1230 δυνάμει,
2689 1159 2825 1213 ἀλλὰ
2860 1159 2993 1232 ἄλλῃ
3045 1161 3145 1233 μὲν
3198 1164 3358 1234 ῥήσει
3402 1164 3712 1235 διηγεῖται,

2111 1251 2245 1322 ἄλλῃ
2279 1252 2335 1305 δὲ
2363 1252 2589 1322 δυνάμει
2636 1253 3043 1325 ἀλληγορεὴαι.
3083 1255 3148 1307 Ei
3194 1256 3374 1312 τοίνυν
3417 1257 3579 1311 τοῦτο
3621 1260 3715 1313 2t-

2112 1360 2219 1412 γει,
2248 1344 2343 1397 καὶ
2373 1344 2614 1415 τολμῶσί
2648 1362 2793 1409 τινες
2833 1346 2925 1398 ἐπὶ
2963 1347 3055 1399 τὸν
3085 1346 3212 1400 Υίὺν
3245 1347 3339 1401 τοῦ
3385 1348 3524 1403 Θεοῦ
3550 1351 3716 1405 τοῦτο

2112 1435 2320 1507 φέρειν,
2360 1437 2435 1509 μὴ
2471 1437 2706 1506 γένοιτοί
2746 1440 2840 1492 ἐπὶ
2872 1442 2939 1509 τῇ
2974 1439 3190 1511 θεότητι
3228 1440 3396 1495 αὑτοῦ
3440 1442 3604 1497 τοῦτο
3652 1448 3714 1499 οὐ

2112 1531 2335 1601 φέρεται
2388 1529 2449 1582 τὸ
2506 1530 2677 1601 ῥῆμα.
2732 1532 2795 1584 Εί
2840 1532 2919 1598 δὲ,
2960 1532 3183 1587 δύναται
3233 1533 3293 1587 ὲν
3344 1537 3412 1605 τῇ
3457 1536 3717 1609 ὲνσάρκῳ

2112 1620 2278 1673 αὐτοῦ
2338 1620 2682 1692 πληροῦσθαι
2737 1623 3032 1693 παρουσίᾳ.
3076 1622 3295 1694 Ἐπειδὴ
3346 1624 3492 1697 γάρ’
3543 1627 3714 1695 Αὐτή

2110 1712 2148 1779 ἡ
2205 1710 2394 1779 σοφία
2438 1710 2829 1779 ᾠκοδόμησεν
2877 1711 3065 1781 ἑαυτῇ
3115 1713 3224 1766 τὸν
3272 1710 3467 1768 οἷκον·
3519 1716 3617 1769 καὶ
3666 1719 3716 1771 εί

2109 1806 2215 1874 ἄρα
2253 1803 2363 1857 ἀπὸ
2397 1801 2686 1874 προσώπου
2730 1803 2831 1874 τῆς
2869 1803 3033 1857 αὑτοῦ
3092 1804 3566 1877 ὲνανθρωπήσεως
3619 1809 3717 1862 εὖ.

2113 1893 2287 1956 σεὸὦς
2328 1891 2569 1963 λεχθείη,
2604 1892 2681 1955 ὡς
2710 1895 2743 1963 ἡ
2782 1893 3043 1965 ἕνσαρκος
3077 1894 3243 1948 αὐτοῦ
3279 1898 3552 1969 παρουσία
3584 1901 3716 1971 περὶ

2108 1985 2207 2056 τῆς
2246 1983 2413 2038 αὐτοῦ
2444 1984 2697 2054 θεότητος
2731 1986 2952 2053 φάσκει,
2987 1985 3071 2051 τὸ,
3117 1987 3332 2055 Κύριος
3372 1988 3585 2043 ἔκτισέ
3614 1978 3738 2060 με,’

2112 2077 2414 2142 τουτέστιν,
2455 2076 2771 2148 ᾠκοδόμησέ
2815 2094 2881 2148 με
2918 2079 2976 2130 ὲν
3009 2079 3210 2149 γαστρὶ
3240 2078 3482 2151 Μαρίας,
3510 2081 3717 2152 ἀρχὴν

2111 2167 2269 2222 ὁδῶν
2322 2167 2509 2221 αὑτοῦ
2560 2170 2649 2235 εις
2697 2167 2845 2237 ἔργα
2897 2169 3107 2224 αὐτοῦ.
3166 2169 3365 2242 Ἀρχὴν
3411 2171 3525 2243 γὰρ
3575 2174 3717 2229 ὁδῶν

2110 2260 2209 2331 τῆς
2245 2260 2478 2314 καθόδου
2510 2259 2746 2333 Χριστοῦ
2800 2263 2881 2325 εἰς
2945 2261 3038 2314 τὸν
3090 2261 3295 2332 κόσμον
3338 2263 3399 2316 τὸ
3449 2264 3617 2335 σῶμα
3651 2269 3717 2320 ἑκ

2112 2350 2327 2422 Μαρίας
2356 2352 2417 2404 τὸ
2465 2352 2669 2423 ληφθὲν
2720 2354 2777 2405 ὲν
2828 2351 2907 2423 τῷ
2939 2352 3086 2424 ἔργῳ
3139 2351 3304 2407 αὑτοῦ
3356 2355 3457 2425 τῆς
3506 2356 3716 2411 δικαιο-

2114 2444 2280 2516 σύνης
2334 2446 2429 2497 καὶ
2485 2446 2777 2516 σωτηρίας.
2817 2444 2978 2499 Ἀλλὰ
3034 2431 3252 2510 πάντως
3306 2448 3717 2519 προπηδήσειεν

2110 2538 2139 2590 ὁ
2171 2537 2268 2609 τὴν
2310 2537 2536 2609 καρδίαν
2576 2537 2968 2609 βεϐλαμμένος,
3020 2540 3116 2592 καὶ
3144 2538 3243 2610 τὴν
3292 2539 3475 2613 δεινὴν
3507 2542 3717 2614 ταύτην

2113 2631 2327 2702 πληγὴν
2361 2629 2763 2700 πεπληγμένος,
2812 2631 2941 2701 περὶ
2972 2630 3067 2683 τοῦ
3108 2630 3241 2684 Υίοῦ
3274 2631 3369 2686 τοῦ
3398 2632 3539 2689 Θεοῦ
3576 2633 3717 2706 ἔχων

2110 2726 2209 2795 τὴν
2256 2724 2456 2796 ἔχθραν
2486 2725 2544 2777 ὲν
2586 2727 2652 2796 τῇ
2684 2724 2916 2795 διανοίᾳ·
2958 2726 3060 2790 ὅτι,
3118 2727 3303 2797 φησιν,
3335 2723 3521 2783 εἶπενο
3576 2732 3715 2785 Ἐὰν

2113 2816 2447 2885 (iram-ele
2469 2814 2611 2884 ὑμῖν
2641 2815 2714 2869 τὰ
2739 2816 2867 2883 καθ’
2892 2816 3121 2885 ἡμέραν
3147 2820 3453 2888 γινόμενα,
3490 2838 3699 2890 μνημο

2112 2908 2312 2960 νεύσω
2332 2906 2403 2959 τὰ
2421 2906 2488 2969 ἐξ
2510 2904 2723 2972 αἰῶνος
2747 2906 2892 2979 [καί]
2915 2908 3260 2978 ἀριθμῆσαι.
3288 2911 3401 2963 Καὶ
3446 2913 3605 2983 ὁρᾷς,
3634 2914 3717 2966 ὅτι

2111 2999 2180 3065 ἐξ
2208 2999 2424 3065 αἰῶνος
2446 2998 2594 3067 λέγει
2614 3016 2627 3029 ·
2660 3002 2693 3070 ἡ
2728 3000 2785 3052 δὲ
2810 3000 3069 3072 ἕνσαρκος
3094 3002 3231 3056 Θεοῦ
3254 3005 3533 3074 παρουσία
3567 3007 3715 3075 μετὰ

2112 3093 2375 3162 ἑξήκοντα
2410 3090 2503 3143 δύο
2532 3091 2724 3160 γενεὰς
2757 3091 2866 3163 (90)
2901 3095 3041 3147 κατὰ
3094 3095 3183 3151 τὸν
3215 3095 3498 3151 Ἀίατθαῖον
3546 3094 3714 3168 mea-

415 3196 560 3250 sunt,
591 3195 647 3238 ut
678 3201 995 3239 enumerem.
1046 3183 1235 3247 Vides,
1279 3186 1558 3255 inquiunt,
1602 3183 1748 3253 quod
1779 3182 1938 3250 dixit,
1976 3200 2006 3236 a

2123 3182 2225 3246 πῶς
2250 3178 2341 3237 οῦν
2364 3182 2584 3237 δύναται
2614 3183 2685 3236 τὰ
2714 3182 2773 3250 ἐξ
2799 3184 2973 3256 ἀρχῆς
2997 3187 3189 3252 αίῶνος
3214 3189 3389 3260 τούτῳ
3419 3189 3680 3259 λέγεσθαι
3701 3209 3716 3254 ;

417 3277 634 3334 siccato.
693 3277 857 3347 Atqui
890 3277 978 3329 illa
1016 3277 1204 3332 carnis
1253 3276 1560 3347 assumptio
1612 3275 1831 3330 nonnisi
1882 3282 2006 3344 post
2038 3275 2176 3331 duas
2210 3284 2265 3331 et
2310 3276 2594 3347 sexaginta
2632 3279 3021 3347 generationes
3068 3277 3320 3334 Mattlueo
3350 3283 3530 3336 teste'
3590 3297 3716 3337 cou-

419 3372 562 3442 tigit.
589 3370 690 3434 Qui
733 3380 960 3439 possunt
1013 3370 1183 3440 igitur
1219 3387 1341 3441 qua:
1373 3370 1442 3424 ab
1495 3370 1674 3434 initio,
1724 3379 1889 3440 atque
1924 3370 1993 3425 ab
2028 3379 2235 3426 azterno
2268 3369 2511 3435 fuerunt,
2546 3370 2615 3425 ab
2648 3371 2742 3425 illo
2767 3373 3190 3427 commemorari
3221 3374 3244 3426 ?

496 3462 661 3516 XXII.
704 3461 898 3515 Verum
932 3462 1063 3516 eieci
1094 3463 1365 3526 homines,
1398 3476 1461 3517 ac
1506 3470 1616 3515 tota
1643 3463 1728 3515 via
1763 3464 2006 3518 veritatis

419 3556 759 3617 aberrantes,
818 3555 957 3607 hanc
1022 3568 1143 3609 esse
1195 3553 1488 3623 Scriptura:
1554 3555 2005 3610 consuetudinem

420 3649 692 3719 ignorant,
738 3654 795 3699 ιιι
841 3660 1181 3716 quaecunque
1209 3646 1403 3701 docere
1436 3645 1584 3710 velit,
1619 3662 1730 3701 non
1763 3648 1831 3701 ab
1866 3649 2000 3701 anti-

418 3738 705 3810 quissimis
733 3738 1071 3808 temporibus
1114 3744 1343 3809 repetat,
1388 3745 1482 3791 aut
1532 3738 1603 3793 ab
1652 3739 1775 3809 ipso
1808 3742 2007 3810 capite,

422 3841 480 3886 ιιι
510 3833 582 3885 ita
603 3832 804 3897 dicam,
826 3840 1090 3897 arcessat,
1113 3831 1207 3887 sed
1230 3832 1299 3886 ab
1329 3832 1417 3896 iis,
1440 3848 1562 3903 quae
1586 3834 1831 3902 proxima
1858 3843 2006 3897 sunt,

423 3934 481 3979 ut
511 3924 656 3992 quod
697 3933 858 3978 antea
891 3925 1162 3979 exstiterit
1190 3931 1523 3994 postremum
1560 3925 1725 3998 746
1754 3927 2007 3997 appellet.

421 4016 600 4087 Atque
630 4032 693 4071 ea
725 4032 893 4071 causa
924 4027 1006 4071 est
1036 4032 1137 4071 cur
1163 4017 1365 4073 dixerit
1397 4035 1407 4069 :
1438 4017 1497 4072 Si
1528 4021 1837 4073 nuntiavere
1867 4019 2008 4073 vobis

420 4125 537 4181 quia
592 4108 824 4178 quotidie
874 4110 1046 4179 fiunt;
1098 4109 1325 4174 deinde,
1371 4112 1788 4167 commemorabo
1822 4130 1938 4177 qua?
1979 4132 2010 4167 ιι

421 4203 614 4258 swculo
643 4212 801 4257 sunt:
836 4218 944 4274 qua
973 4204 1135 4259 etiam
1171 4202 1341 4275 Moysi
1376 4205 1610 4275 primum
1642 4204 1783 4263 Deus
1812 4208 2009 4262 arden-

2186 3463 2313 3517 KB'.
2355 3465 2465 3517 Καὶ
2493 3464 2593 3517 οὐκ
2622 3464 2826 3517 οἴδασιν
2852 3464 2902 3516 οί
2937 3464 3034 3536 τὴν
3065 3467 3244 3519 πᾶσαν
3289 3466 3407 3521 ὁδὸν
3435 3468 3537 3539 τῆς
3580 3469 3716 3541 ἁλη·

2124 3558 2276 3622 Θείας
2326 3557 2762 3629 πεπλανημένοι,
2795 3558 2877 3612 ὅτι
2910 3558 2997 3613 ἀεὶ
3040 3561 3072 3628 ἡ
3123 3559 3241 3613 Θεία
3289 3560 3498 3633 Γραφὴ.
3532 3564 3715 3619 πάντα

2116 3654 2217 3706 ὅσα
2246 3652 2495 3723 βούλεται
2522 3654 2793 3708 διδάσκειν
2818 3655 3042 3726 ἄρχεται
3067 3656 3394 3726 διηγεῖσθαι,
3420 3659 3524 3713 οὐκ
3549 3660 3714 3725 εὐθὺς

2117 3748 2197 3809 εἰς
2224 3746 2285 3799 τὸ
2308 3746 2588 3818 ἀρχαῖζον,
2615 3748 2729 3811 καὶ,
2757 3748 2832 3811 ὡς
2860 3748 3055 3813 είπεῖν,
3084 3750 3164 3813 είς
3188 3748 3249 3801 τὸ
3272 3750 3566 3819 κεφάλαιον
3591 3754 3714 3807 ἐπιο

2119 3839 2393 3906 ϐάλλεται,
2449 3841 2561 3894 ἀλλ’
2595 3841 2705 3895 ἀπὸ
2738 3841 2847 3894 τῶν
2891 3842 3206 3910 ὲγγυτάτων
3237 3842 3488 3914 ἄρχεται,
3526 3845 3617 3899 ἵνα
3651 3849 3716 3900 τὸ

2118 3934 2282 4003 προὺν
2330 3932 2553 4003 ἔσχατον
2599 3934 2861 4005 σημαίνῃ.
2911 3933 3011 3987 Διὰ
3040 3932 3198 3987 τοῦτο
3246 3934 3357 4006 γὰρ
3386 3936 3482 3988 καὶ
3515 3932 3709 3990 εἶπεν·

2129 4024 2266 4077 Ἐὰν
2303 4025 2635 4093 ἀναγγείλω
2669 4024 2811 4094 ὑμῖν
2849 4024 2923 4077 τὰ
2968 4027 3099 4080 καθ’
3130 4026 3360 4096 ἡμέραν
3397 4030 3708 4099 γινόμενα,

2117 4117 2224 4171 ἀπὸ
2257 4117 2460 4169 τούτων
2498 4116 2576 4179 δὲ,
2627 4119 2995 4184 Μνημονεύω
3021 4118 3042 4149 ⁵
3084 4120 3183 4172 καί
3235 4119 3307 4171 τὰ
3344 4119 3413 4183 ἐξ
3451 4120 3709 4188 aliIn-0g“

2115 4211 2190 4275 ὡς
2224 4211 2317 4263 καὶ
2347 4210 2427 4279 τῷ
2458 4211 2681 4263 Μωῡσεῖ
2709 4211 2981 4282 ἐσήμανεν
3012 4212 3041 4265 ό
3070 4211 3201 4275 Θεὸς
3237 4212 3453 4282 πρῶτον
3500 4215 3561 4266 τὸ
3597 4215 3714 4287 πῦρ

426 4302 533 4348 tem
564 4294 742 4364 ignem
774 4293 1017 4350 ostendit
1042 4294 1096 4361 ³;
1152 4294 1423 4363 pauloque
1454 4304 1578 4365 post
1616 4297 1667 4349 in
1694 4297 1871 4352 medio
1895 4298 2006 4352 rubi

2123 4302 2426 4373 καιόμενον,
2458 4302 2551 4355 καὶ
2582 4302 2639 4356 ὲν
2681 4302 2815 4374 πυρὶ
2856 4302 3016 4373 βάτου
3060 4304 3282 4373 γέγονεν
3311 4308 3344 4376 ὴ
3377 4307 3616 4361 ὀπτασία
3648 4310 3712 4362 τὸ

422 4384 676 4439 incendio
719 4385 897 4441 visum
931 4385 1063 4439 illud
1098 4386 1343 4439 oblatum
1379 4394 1483 4440 est.
1533 4386 1667 4441 Tum
1700 4390 1927 4457 angelus
1957 4391 2006 4444 ei

422 4474 653 4531 subinde
693 4477 910 4531 locutus
949 4485 1067 4543 est;
1124 4491 1187 4531 ac
1230 4490 1419 4548 postea
1453 4479 1715 4534 Dominus
1763 4497 1828 4535 ex
1871 4485 2008 4537 rubo

422 4570 677 4624 similiter
699 4568 899 4624 atratus
922 4576 1022 4624 est.
1055 4569 1124 4623 At
1147 4570 1259 4641 ipse
1287 4588 1398 4627 non
1429 4588 1493 4628 ea
1522 4573 1753 4628 subinde
1779 4590 1900 4644 quae
1930 4576 1998 4629 vi-

421 4662 692 4717 debantur
736 4660 1020 4730 alloquens
1064 4662 1335 4732 requirit;
1394 4665 1489 4719 sed
1530 4663 1595 4719 de
1640 4663 1727 4717 his
1771 4680 1893 4734 quze
1937 4667 2006 4719 ab

422 4754 579 4806 initio
608 4752 840 4816 fuerant,
870 4754 1192 4824 interrogat.
1230 4753 1377 4820 Veni,
1415 4756 1609 4826 inquit,
1640 4766 1687 4808 et
1719 4756 1929 4809 mittam
1959 4766 2007 4811 te

421 4848 491 4901 ad
520 4848 665 4917 ﬁlios
694 4846 886 4907 Israel.
913 4857 960 4901 et
990 4847 1129 4901 dices
1156 4847 1224 4899 ad
1250 4865 1337 4901 eos
1360 4865 1377 4900 :
1406 4846 1543 4900 Deus
1566 4857 1775 4914 patrum
1807 4858 1998 4903 vestro-

422 4955 538 4990 rum
574 4938 721 4991 misit
751 4954 851 5001 me,
887 4938 1026 4993 Deus
1063 4938 1361 5002 Abraham,
1396 4937 1533 4991 Deus
1566 4937 1747 5004 Isaac,
1781 4952 1831 4994 et
1862 4941 2004 4995 Deus

421 5030 590 5084 Jacob
612 5030 653 5085 ⁵.
704 5029 802 5085 L'bi
848 5030 1221 5087 Abrahamum
1267 5030 1590 5095 nominavit,
1642 5033 1733 5101 qui
1766 5032 2005 5103 Moysen:

420 5123 663 5193 quinque
706 5129 800 5175 aut
849 5138 943 5176 sex
990 5122 1447 5193 generationibus
1495 5124 1811 5179 antecessit.
1870 5123 2005 5178 Cum

422 5224 603 5271 autem
634 5215 800 5270 Deum
828 5224 1065 5284 patrum,
1090 5214 1252 5278 dixit;
1278 5214 1421 5284 quod
1451 5217 1736 5289 antiquum
1770 5228 1888 5272 erat
1921 5222 2005 5271 in-

421 5307 641 5363 dicavit.
692 5310 761 5361 At
789 5307 1001 5380 Moyses
1028 5308 1293 5379 singulari
1318 5308 1552 5379 quadam
1587 5310 1876 5380 prudentia
1912 5311 2006 5365 Dei

496 5464 514 5494 ‘
552 5462 713 5517 Prov.
749 5481 822 5530 ιι,
861 5466 912 5518 1.
990 5467 1010 5497 ²
1044 5465 1234 5521 Matth.
1275 5482 1314 5532 ι,
1353 5465 1377 5519 1
1410 5480 1531 5536 sqq.

1613 5466 1632 5498 ⁸
1666 5464 1836 5523 Exod.
1866 5482 1948 5533 ιιι,
1981 5465 2017 5519 2
2045 5481 2168 5537 sqq.

2114 4394 2357 4465 ἔναγχος.
2390 4396 2654 4465 Ἀγγελος
2681 4396 2739 4449 δὲ
2778 4396 2927 4468 αὐτῷ
2960 4397 3255 4469 λελάληκεν
3304 4399 3538 4465 εὐθέιιις”
3575 4419 3708 4472 μετ-

2114 4488 2303 4542 έπειτα
2357 4488 2413 4541 δὲ
2450 4488 2649 4560 Κύριος
2688 4490 2795 4543 ἀπὸ
2828 4490 2927 4560 τῆς
2962 4490 3145 4561 βάτου.
3186 4493 3246 4545 '0
3272 4492 3329 4545 δὲ
3360 4492 3498 4565 πρὸς
3544 4495 3711 4549 αὐτὸν

2112 4581 2274 4645 εὐθὺς
2296 4582 2355 4636 οὔ
2378 4580 2446 4634 τὰ
2477 4581 2728 4653 ὁρώμενα
2760 4583 2932 4653 ζητεῖ,
2965 4583 3101 4636 ἀλλὰ
3123 4584 3193 4637 τὰ
3216 4586 3471 4657 ἀπαρχῆς
3503 4588 3704 4659 ἐρωτᾷ.

2112 4673 2293 4741 Δεῦρο
2321 4674 2452 4745 γὰρ,
2485 4676 2669 4745 φησὶν,
2702 4676 3043 4729 ἀποστείλω
3071 4692 3147 4730 σε
3179 4676 3330 4745 πρὸς
3362 4678 3507 4746 τοὺς
3537 4682 3710 4747 υἱοὺς

2127 4764 2384 4832 Ἰσραὴλ,
2416 4765 2515 4819 καὶ
2544 4765 2697 4834 ἐρεῖς
2728 4767 2877 4834 πρὸς
2909 4768 3155 4834 αὐτοὺς,
3190 4768 3280 4822 ὅτι
3317 4770 3370 4822 Ὁ
3405 4771 3551 4837 Θεὸς
3588 4773 3707 4826 τῶν

2116 4858 2385 4926 πατέρων
2434 4858 2605 4928 ἡμῶν
2643 4860 2992 4915 ἀπέσταλκε
3033 4879 3131 4931 με,
3168 4866 3202 4916 ό
3244 4864 3390 4930 Θεὸς
3427 4868 3706 4939 Ἀϐραὰμ,

2116 4951 2213 5002 καί
2248 4954 2281 5003 ὁ
2322 4951 2465 5016 Θεὸς
2507 4952 2735 5015 Ἰσαὰκ,
2788 4954 2890 5006 καί
2936 4957 2967 5006 ό
3006 4956 3151 5021 Θεὸς
3193 4956 3410 5023 Ἰακὼϐ,
3445 4961 3553 5031 πρὸ
3611 4979 3701 5031 γε-

2115 5038 2250 5091 νεῶν
2282 5039 2373 5092 τοῦ
2414 5042 2689 5105 Μωῦσέως
2721 5043 2885 5097 πέντε
2918 5046 2949 5114 ἦ
2992 5043 3051 5110 ἒξ
3092 5048 3369 5117 ὀνομάσας
3415 5051 3545 5113 τοὺς
3581 5056 3707 5125 περὶ

2128 5128 2396 5200 ’Λϐραάμη
2429 5133 2533 5184 Καὶ
2576 5133 2765 5205 ἐπειδὴ
2814 5130 2939 5186 εἷπε
2974 5134 3127 5188 Θεὸν
3163 5136 3281 5191 τῶν
3315 5137 3607 5209 πατέρων,
3650 5145 3707 5192 τὴ

2116 5223 2339 5293 ἀρχαῖον
2374 5224 2707 5297 ἀπεφήνατο.
2750 5227 2807 5279 ὐ
2838 5227 2894 5279 δὲ
2930 5228 3191 5299 Μωῦσῆς,
3227 5231 3439 5284 συνέσει
3473 5234 3539 5285 ἐκ
3570 5233 3704 5285 Θεοῦ

2118 5316 2586 5384 κεκαρπωμένος,
2638 5318 2825 5389 ἠρώτα
2860 5320 2922 5372 οὐ
2969 5320 3171 5386 ταῦτα,
3220 5322 3358 5375 ἀλλὰ
3391 5306 3487 5377 καὶ
3519 5324 3580 5378 τὸ
3628 5326 3703 5377 ἐκ

2249 5468 2271 5499 ⁴
2300 5469 2435 5524 ibid.
2480 5472 2545 5526 15
2576 5488 2695 5543 sqq.
2774 5476 2795 5507 ⁸
2831 5475 2957 5530 Cor.
2997 5477 3379 5548 μνημονεύσω.

494 5616 608 5686 (90)
646 5619 808 5702 Μετά
839 5619 1136 5702 ἐξήκοντα
1167 5621 1277 5702 duo
1312 5622 1546 5702 τεν-δᾴς.
1601 5622 1682 5678 Ab
1710 5624 1917 5677 Adamo
1944 5622 2006 5676 ad

2123 5624 2416 5682 trahamum
2445 5629 2629 5699 γενεαί
2661 5638 2787 5686 sunt
2826 5648 2891 5687 xx
2914 5652 2930 5702 ;
2955 5634 3023 5689 ab
3057 5634 3374 5693 Abrahamo
3427 5636 3497 5692 ad
3543 5635 3689 5693 Chri-

425 5693 570 5746 stum
602 5702 733 5754 xui,
754 5689 854 5743 hoc
883 5699 965 5746 est
997 5689 1084 5745 ter'
1108 5689 1546 5759 quatuordecim.
