3826 6206
153 213 247 272 237

795 212 1166 273 ADVERSUS
1204 216 1544 276 HEBESES
1581 221 1706 278 LIB.
1750 222 1814 280 11.
1856 224 2020 282 TOM.
2061 225 2123 282 ll.
2166 260 2235 270 —
2273 231 2551 294 HERES.
2582 236 2770 297 LXIX.

153 331 424 395 ἀνώτατον,
472 332 555 385 δτι
597 331 732 386 ἐὰν
759 335 997 390 ἀπέλθω
1038 335 1189 405 πρὸς
1215 337 1460 405 αὐτοὺς.
1493 342 1591 396 καί
1621 341 1673 394 ει

1803 345 2070 401 beneﬁcio
2096 348 2379 416 praeditus,
2409 353 2549 408 nihil
2579 355 2647 410 de
2675 357 2762 412 his
2796 357 3110 416 sciscitatus
3135 370 3238 425 est.
3271 363 3370 420 sed

149 436 290 476 πίωσι
315 421 461 490 πρὸς
491 421 567 491 μέ
586 438 600 452 ·
637 423 698 477 Τί
726 423 886 490 αὐτῷ
918 426 1142 496 broad;
1167 429 1226 481 τι
1252 427 1366 497 ἐρῶ
1403 429 1553 498 πρὸς
1595 433 1701 485 αὐ·-

148 511 304 576 τούς;
345 509 398 562 ’0
433 508 491 562 δὲ
537 510 722 566 λοιπὸν
770 515 1169 572 ἀποκαλύπτει·
1210 517 1356 589 Ἐγώ
1384 523 1498 590 είμι
1529 525 1562 576 ό
1593 521 1696 576 ὢν.

145 599 246 654 Καὶ
271 599 339 652 τά
370 597 469 667 μὲν
505 601 697 671 πρῶτα
723 603 830 656 ἀπὸ
873 605 982 658 τῶν
1015 607 1326 676 ὲγγυτάτων
1357 610 1581 680 ἤρξατο,
1619 614 1701 676 είς

143 689 350 759 ἔσχατον
379 690 437 742 δὲ
471 691 530 743 τὸ
559 693 831 747 ἀνώτατον
861 695 1065 768 ἐδήλου.
1104 697 1261 752 Ἀλλά
1301 702 1394 753 καὶ
1423 702 1452 753 6
1483 703 1699 767 Λουκᾶς

142 779 350 852 ἄρχεται
371 781 478 834 ἀπὸ
500 781 610 835 τῶν
636 783 786 837 κάτω
809 786 902 838 καὶ
934 786 1238 855 ἐγγυτάτω,
1263 790 1346 844 ὅτι
1370 785 1490 846 Ἦν
1514 792 1699 858 αὐτὸς

141 874 173 924 ό
203 871 421 938 Ἰησοῦς
446 873 777 943 ἀρχόμενος
800 875 880 941 ὡς
905 877 1056 932 ἐτῶν
1079 881 1413 948 τριάκοντα,
1435 880 1521 936 ὢν
1540 883 1693 950 υίὸς,

138 963 211 1028 ὡς
230 962 540 1032 ἐνομίζετο,
568 965 678 1020 τοῦ
713 967 953 1037 Ἰωσὴφ,
986 970 1095 1024 τοῦ
1119 970 1261 1036 Ἠλὶ,
1291 973 1398 1026 τοῦ
1427 975 1692 1042 Ματθᾶν,

139 1055 234 1107 τοῦ
260 1054 498 1119 Νάθαν,,
530 1057 636 1111 τοῦ
661 1059 866 1125 -Δαόιὸ,
925 1061 1032 1116 τοῦ
1070 1063 1276 1128 Ἰούδα,
1321 1066 1428 1120 τοῦ
1469 1066 1692 1132 Ἰακὼϐ,

138 1145 233 1199 τοῦ
265 1147 524 1217 Ἀϐραὰμ,
546 1149 654 1203 τοῦ
672 1150 904 1221 Ναχὰφ,
918 1153 1022 1208 τοῦ
1043 1154 1190 1218 Νῶε,
1214 1155 1321 1209 τοῦ
1336 1156 1557 1227 Λάμεχ,
1585 1158 1692 1213 τοῦ

147 1235 340 1304 Ἑνὼχ,
359 1237 461 1292 τοῦ
477 1239 622 1308 Σὴθ,
636 1241 744 1296 τοῦ
761 1243 949 1313 Ἀδὰμ,
963 1245 1074 1299 τοῦ
1087 1246 1254 1300 Θεοῦ.
1273 1248 1381 1300 Καὶ
1400 1250 1552 1320 ὁρᾷς,
1573 1250 1691 1315 πῶς

132 1325 218 1398 τὴν
253 1326 512 1398 ἐνσαρκον
559 1333 859 1402 παρουσίαν
889 1334 1104 1406 πρῶτον
1134 1337 1351 1406 ἔδειξεν,
1394 1340 1583 1396 ἔπειτα
1627 1345 1690 1397 τὸ

130 1417 358 1488 ἔσχατον.
385 1420 478 1473 Διὸ
516 1422 608 1475 καὶ
657 1424 932 1490 Ματθαίος
970 1428 1112 1481 κατά
1157 1429 1257 1501 τὴν
1285 1430 1546 1504 ἑνσαρκον
1593 1451 1688 1504 γε-

129 1507 413 1578 νεαλογίαν,
446 1511 764 1585 βουλόμενος
789 1523 1123 1588 καταγαγεῖν
1149 1521 1246 1593 τὴν
1270 1522 1506 1595 Χριστοῦ
1547 1545 1684 1600 παρ-

126 1601 293 1655 ουσίαν
321 1606 401 1668 είς
444 1607 543 1677 τὴν
583 1607 692 1661 τῶν
738 1609 1039 1682 ἀνθρώπων
1071 1613 1328 1679 διάνοιαν,
1374 1618 1474 1671 οὐκ
1524 1620 1686 1685 εὐθὺς

126 1686 282 1754 εἶπεν,
318 1693 399 1746 ὅτι

123 1782 244 1836 ἀλλά
267 1785 401 1839 υἱοῦ
423 1788 604 1842 Δαὸὶδ
628 1791 860 1860 πρῶτον.
891 1789 1010 1847 εἶτα
1042 1795 1177 1849 υἱοῦ
1213 1797 1474 1868 Ἀϐραὰμ,
1512 1802 1597 1855 ’ίνα
1622 1805 1684 1857 τὸ

123 1876 422 1948 πρόσφατον
451 1881 746 1950 ὁρώμενον,
777 1885 870 1938 καὶ
911 1885 972 1938 τὸ
1022 1885 1248 1956 ἔγγιστα
1292 1893 1686 1964 συγκροτούμε-

121 1983 219 2031 νον,
253 1969 342 2020 καὶ
371 1969 436 2022 τὸ
463 1971 543 2024 ἐτι
581 1971 850 2042 ἀνώτερον
885 1976 1230 2034 ὑποδεικνύον
1256 1981 1302 2046 ¹,“
1331 1981 1392 2034 τὸ
1423 1982 1502 2037 ἔτι
1541 1985 1680 2057 ὑπὲρ

121 2058 282 2110 πᾶσαν
313 2059 491 2114 κτίσιν
526 2063 742 2136 σημάνῃ
773 2066 1152 2138 ἀναφαίρετον.

118 2148 431 2220 Abraham‘,
457 2153 550 2210 sed
572 2157 806 2225 primum
832 2159 936 2226 ﬁlii
961 2159 1155 2230 David,
1180 2172 1370 2234 postea
1397 2167 1500 2236 ﬁlii
1517 2168 1809 2236 Abraham,
1845 2180 1901 2226 ut
1931 2174 2078 2242 quod
2142 2191 2336 2234 recens

1803 437 1949 504 quod
1973 438 2405 496 vetustissimum
2434 451 2518 497 est
2546 445 2814 514 quaesivit.
2854 446 2934 513 Si,
2963 449 3157 520 inquit,
3180 454 3368 510 eadem

1800 525 1869 580 ad
1896 528 2037 590 illos,
2070 540 2120 583 et
2148 531 2376 587 dixerint
2401 534 2560 590 milii:
2609 536 2763 602 Quod
2788 547 2865 592 est
2891 542 2939 594 ei
2973 548 3198 600 nomen?
3241 547 3367 616 quid

1797 618 1906 672 illis
1952 620 2313 690 respondebo?
2359 623 2600 681 Tandem
2649 643 2780 698 ergo
2811 629 2955 686 Deus
3004 635 3243 706 seipsum
3288 640 3364 698 illi

1798 710 2154 780 patefaciens,
2194 712 2324 783 Ego,
2352 716 2548 786 inquit,
2573 735 2688 773 sum
2717 722 2807 791 qui
2829 738 2966 777 sum.
3003 723 3105 781 Ubi
3131 731 3365 797 primum

1797 801 1866 856 ab
1893 801 1961 856 iis
1989 818 2111 872 qua:
2142 807 2389 874 proxima
2422 818 2578 863 erant
2611 811 2899 881 incepisse,
2941 823 3054 872 tum
3091 828 3368 890 postremo

1795 894 1941 963 quod
1988 910 2260 952 summum
2291 907 2346 954 et
2385 901 2632 956 ultimum
2677 913 2797 958 erat
2841 907 3152 967 declarasse
3187 917 3367 970 cerni-

1797 1003 1939 1042 mus.
1983 987 2183 1043 Eodem
2218 991 2380 1046 modo
2413 991 2590 1050 Lucas
2619 995 2688 1048 ab
2715 997 2918 1055 inﬁmis
2949 1013 3014 1056 ac
3045 1001 3250 1061 citimis
3274 1023 3368 1061 or-

1793 1078 1958 1132 ditur.
1993 1078 2114 1148 Ipse
2145 1079 2323 1146 Iesus,
2359 1083 2555 1154 inquit,
2596 1098 2712 1141 erat
2744 1089 2996 1159 incipiens
3023 1096 3176 1164 quasi
3197 1106 3366 1154 arma.

1792 1177 1911 1216 rum
1940 1165 2176 1234 triginta,
2197 1169 2362 1236 ﬁlius,
2381 1181 2438 1224 ut
2458 1174 2764 1241 putabatur,
2781 1177 2995 1248 Ioseph,
3011 1184 3101 1250 qui
3125 1185 3226 1254 fuit
3249 1186 3362 1254 Eli,

1789 1255 1879 1323 qui
1917 1255 2018 1324 fuit
2057 1255 2302 1325 Nat/ian,
2343 1263 2433 1332 qui
2475 1264 2579 1332 fuit
2625 1264 2864 1332 Nat/ian,
2908 1274 2998 1341 qui
3032 1275 3134 1343 fuit
3167 1278 3360 1345 David,

1789 1345 1879 1413 qui
1899 1347 2001 1415 fuit
2028 1347 2209 1417 Iudw,
2240 1353 2328 1422 qui
2357 1353 2460 1421 fuit
2487 1353 2674 1423 Iacob,
2702 1363 2794 1430 qui
2819 1363 2922 1431 fuit
2951 1367 3242 1435 Abraham,
3271 1378 3362 1444 qui

1789 1435 1890 1504 fuit
1921 1436 2158 1506 Nachor,
2209 1446 2300 1513 qui
2340 1446 2444 1513 [uit
2466 1446 2602 1514 Noe,
2639 1453 2731 1520 qui
2769 1455 2868 1522 fuit
2897 1457 3106 1524 Lumec,
3142 1466 3232 1534 qui
3258 1435 3360 1535 fuit

1788 1527 1991 1595 Enocli,
2025 1534 2116 1602 qui
2138 1534 2238 1603 fuit
2274 1535 2424 1602 Setlt,
2453 1541 2544 1610 qui
2585 1544 2686 1605 fuit
2719 1547 2912 1615 Adam,
2941 1555 3031 1620 qui
3069 1527 3171 1622 fuit
3204 1527 3356 1617 Dei‘.

1787 1618 1848 1673 In
1892 1623 2088 1690 quibus
2137 1627 2524 1687 animadvertis
2581 1636 2813 1704 primum
2863 1618 3132 1716 susceptae
3173 1653 3359 1710 carnis

441 1695 691 1764 Γένεσις
728 1699 924 1766 Ἰησοῦ
959 1703 1218 1771 Χριστοῦ
1249 1705 1383 1761 υἱοῦ
1419 1708 1673 1779 Ἀϐραὰμ,

1789 1712 2118 1770 mentionem
2149 1733 2271 1774 esse
2310 1719 2506 1776 factam
2555 1743 2568 1778 :
2621 1726 2819 1785 deinde
2849 1736 2992 1802 quod
3022 1695 3356 1806 postremum

1789 1813 1907 1860 erat
1936 1807 2214 1878 injectum.
2261 1813 2434 1879 Quam
2473 1817 2544 1872 ob
2578 1836 2798 1878 causam
2830 1825 3115 1887 Mattheus
3140 1851 3359 1908 quoque

1783 1895 2073 1954 adventum
2107 1916 2230 1957 cum
2265 1920 2431 1963 carne
2466 1910 2668 1967 Christi
2701 1916 2768 1970 ad
2795 1917 3074 1976 hominum
3105 1895 3356 1986 notitiam

1782 1989 2100 2059 perducere,
2139 2010 2203 2050 ac
2224 1999 2474 2066 corporis
2496 2006 2807 2076 prosapiam
2831 2020 3115 2080 pertexere
3142 2021 3352 2088 volens,

1782 2094 1891 2133 non
1943 2081 2022 2136 sic
2067 2098 2298 2140 exorsus
2334 2097 2417 2144 est
2455 2107 2469 2145 :
2517 2092 2796 2153 Generatio
2821 2099 2949 2157 Iesu
2978 2105 3198 2174 Christi,
3253 2081 3355 2182 ﬁlii

2387 2190 2473 2238 est
2531 2199 2903 2258 conspectum.
2937 2212 3002 2254 ac
3033 2202 3176 2271 quod
3229 2221 3359 2276 pro-

117 2243 306 2298 ximum
351 2255 443 2304 est
478 2248 878 2318 conﬁrmatum,
924 2255 1181 2326 quodque
1218 2261 1472 2330 superius
1497 2263 1678 2320 adhuc
1716 2276 1800 2323 est
1849 2268 2121 2336 indicans,
2172 2271 2305 2330 illud
2338 2291 2444 2331 una
2479 2280 2770 2356 signiticet,
2800 2291 2944 2359 quod
2997 2243 3206 2356 creatas
3229 2243 3356 2359 lres

117 2351 294 2393 omnes
323 2347 574 2408 superat,
609 2343 922 2416 auferrique
949 2365 1059 2404 non
1091 2360 1292 2422 potest.

209 2427 330 2481 ΚΡ.
369 2426 468 2481 Διὸ
508 2430 604 2483 καὶ
631 2433 660 2485 6
696 2433 946 2508 Ἰωάννης
983 2439 1153 2494 ἐλθὼν
1188 2443 1217 2494 6
1248 2444 1536 2516 μακάριος,
1581 2448 1676 2501 καὶ

114 2516 271 2588 εὑρὼν
291 2520 424 2582 τοὺς
461 2520 779 2605 ἀνθρώπους
807 2527 1209 2602 ἠσχολημένους
1245 2535 1372 2605 περὶ
1397 2536 1497 2607 τὴν
1526 2537 1676 2591 κάτω

115 2607 331 2679 Χριστοῦ
375 2601 705 2682 παρουσίαν,
749 2617 844 2670 καὶ
879 2619 986 2672 τῶν
1019 2621 1118 2692 μὲν
1161 2623 1488 2682 Ἐὁιωναίων
1534 2628 1668 2682 πλα-

115 2699 370 2769 νηθέντων
424 2703 513 2756 διά
564 2704 662 2776 τὴν
717 2706 981 2781 ἔνσαρκον
1027 2714 1265 2786 Χριστοῦ
1324 2718 1673 2789 γενεαλογίαν

114 2791 206 2844 ἀπὸ
240 2792 494 2866 ’Δὸραὰμ
529 2799 927 2872 καταγομένην,
955 2804 1048 2856 καὶ
1080 2806 1262 2861 Λουκᾶ
1285 2809 1305 2839 ³
1332 2810 1674 2882 ἀναγομένην

114 2881 222 2953 ἀχρι
260 2884 353 2937 τοῦ
391 2885 584 2958 Ἀδὰμ,
635 2890 810 2961 εὑρὼν
852 2893 910 2946 δὲ
959 2895 1086 2959 τοὺς
1132 2899 1529 2970 Κηρινθιανοὺς
1575 2881 1668 2955 καὶ

113 2972 498 3044 Μηρινθιανοὺς
547 2980 611 3032 ἐκ
645 2984 988 3054 παρατρισῑκ
1036 2987 1196 3041 αὐτὸν
1229 2989 1487 3059 λέγοντας
1530 2988 1669 3047 εἶναι
1699 3003 1741 3060 C

111 3060 246 3129 ψιλὸν
277 3065 587 3137 ἄνθρωπον,
634 3071 728 3123 καὶ
768 3075 894 3136 τοὺς
929 3074 1278 3148 Ναζωραίους
1300 3120 1315 3145 ,
1366 3081 1462 3135 καὶ
1505 3082 1671 3148 ἄλλας

112 3151 290 3246 πολλὰς
357 3156 625 3227 αἱρέσεις,
655 3160 732 3225 ὼς
770 3163 997 3218 κατόπιν
1042 3166 1209 3223 ἐλθὼν
1241 3169 1520 3243 (τέταρτος
1563 3175 1672 3246 γὰρ

110 3233 246 3306 οὗτος
282 3245 747 3318 εὐαγγελίζεται),
777 3252 1002 3325 ἄρχεται
1031 3233 1437 3327 ἀνακαλεῖσθαι,
1470 3233 1545 3326 ib;
1575 3233 1670 3316 ἐίο

111 3337 233 3400 πῖν,
255 3337 381 3402 τοὺς
410 3339 802 3412 πλανηθέντας,
830 3348 926 3401 καὶ
969 3349 1372 3422 ἠσχολημένους
1415 3355 1543 3426 περὶ
1571 3357 1668 3426 τὴν

110 3425 242 3479 κάτω
263 3426 506 3499 Χριστοῦ
533 3436 852 3505 παρουσίαν,
884 3439 976 3491 καὶ
1001 3439 1177 3510 λέγειν
1203 3444 1406 3510 αὐτοῖς,
1438 3425 1513 3510 ὡς
1536 3425 1668 3500 κατ-

108 3514 215 3570 όπιν
263 3517 487 3588 βαίνων,
534 3524 627 3578 καὶ
675 3526 816 3598 όρῶν
873 3545 1026 3595 τινας
1087 3534 1167 3597 είς
1210 3537 1469 3606 τραχείας
1517 3538 1669 3604 ὁδοὺς

109 3607 436 3676 ειεχλικότας,
473 3615 566 3667 καὶ
599 3616 834 3686 ἀφέντας
878 3619 976 3692 τὴν
1015 3623 1226 3679 εὐθεῖαν
1257 3629 1350 3682 καὶ
1387 3630 1666 3704 ἀληθινὴν,

108 3697 171 3760 ὡς
205 3702 404 3755 εἰπεῖν·
439 3705 538 3758 Ποῖ
565 3706 830 3779 φέρεσθε;
868 3715 959 3766 ποῖ
985 3713 1260 3784 βαδίζετες
1291 3722 1354 3774 Οί
1396 3697 1509 3794 τὴν
1538 3697 1668 3797 τρα-

108 3791 239 3856 χεῖαν
259 3792 376 3846 ὁδὸν
408 3795 507 3848 καὶ
541 3798 907 3873 σκανδαλώδη,
934 3807 1029 3859 καὶ
1056 3809 1136 3870 είς
1169 3809 1358 3881 χάσμα
1396 3791 1666 3885 φέρουσαν

109 3876 419 3951 βαδίζοντες,
448 3887 825 3960 ἀνακάμψατε.
856 3894 968 3949 Οὐκ
995 3896 1140 3950 ἔστιν
1164 3901 1334 3966 οὕτως
1353 3921 1366 3933 ·
1392 3907 1491 3960 ούκ
1517 3907 1666 3964 ἐστιν

108 3969 200 4066 ἀπὸ
232 3973 457 4046 Μαρίας
485 3977 646 4048 μόνον
680 3983 709 4035 ὁ
743 3982 878 4048 Θεὸς
903 3986 1093 4056 Λόγος,
1125 3992 1154 4044 6
1181 3993 1245 4044 ἐκ
1268 3994 1480 4066 Πατρὸς
1524 3998 1666 4053 ἀνω-

114 4055 193 4111 Θεν
246 4067 646 4136 γεγεννημένος
669 4086 683 4100 ·
741 4072 842 4126 οὐκ
899 4072 1046 4130 ἐστιν
1081 4055 1085 4056 ν
1120 4078 1228 4132 ἀπὸ
1298 4055 1405 4135 τῶν
1458 4055 1664 4156 γρόνων

114 4148 294 4221 Ἰωσὴφ
335 4155 436 4208 τοῦ
469 4157 672 4228 ταύτης
703 4162 977 4234 όρμαστοῦ
1009 4166 1029 4198 ³
1054 4167 1196 4239 (91)·
1226 4171 1325 4226 οὐκ
1360 4148 1509 4229 ἐστίν
1555 4178 1660 4230 ἀπὸ

104 4241 197 4295 τῶν
234 4247 442 4317 χρόνων
489 4249 779 4325 Σαλαθιὴλ,
815 4257 908 4310 καὶ
953 4261 1286 4330 Ζοροϐάϐελ,
1328 4266 1422 4318 καὶ
1472 4269 1656 4335 Δαϐὶδ,

1851 2448 2036 2507 XXIII.
2073 2452 2342 2546 Quocirca
2395 2460 2589 2520 beatus
2633 2464 2870 2529 Joannes
2917 2487 3039 2546 post
3079 2483 3217 2540 alios
3260 2503 3353 2546 ve-

1780 2539 1957 2607 niens,
1991 2557 2113 2597 cum
2161 2545 2409 2606 homines
2450 2553 2503 2607 in
2535 2556 2717 2614 inﬁma
2748 2563 2949 2622 Christi
2979 2581 3172 2630 natura
3208 2588 3350 2640 totos

1779 2637 2035 2702 occupari
2075 2650 2343 2706 cerneret,
2388 2655 2549 2713 atque
2592 2648 2874 2712 Ehionwos
2917 2661 2986 2717 ob
3029 2679 3348 2739 corpoream

1777 2720 1980 2778 Christi
2023 2729 2392 2802 genealogiam
2441 2737 2510 2792 ab
2540 2738 2850 2802 Abrahamo
2885 2720 3350 2823 deductamtet—

1778 2811 1924 2868 Luca
1955 2816 2022 2869 ad
2052 2819 2316 2876 Adamum
2363 2841 2535 2896 usque
2579 2846 2798 2890 sursum
2833 2852 3145 2908 provectam
3177 2851 3231 2905 in
3259 2870 3348 2910 er-

1776 2919 1956 2961 rorem
1999 2908 2263 2967 abductos
2303 2915 2507 2972 videret
2552 2939 2566 2975 :
2620 2924 2730 2980 imo
2767 2937 2820 2983 et
2860 2932 3239 2998 Cerinthianos
3279 2961 3345 3001 ac

1775 2993 2164 3056 Mcrinthianos
2193 3016 2257 3055 ex
2293 3005 2452 3077 747
2488 3011 2774 3084 utriusque
2802 3035 2967 3078 sexus
2998 3031 3342 3097 copulatione

1775 3098 1983 3139 merum
2031 3087 2300 3146 hominem
2335 3109 2519 3150 natum
2560 3101 2713 3156 illum
2756 3123 3037 3181 asserere;
3066 3087 3343 3193 .idemque

1778 3181 1823 3193 Α,
1867 3172 2074 3193 Mum”
2261 3189 2271 3193 _
2500 3188 2529 3193 ,,

1773 3181 1826 3226 et
1865 3172 2170 3245 Nazareos,
2225 3189 2278 3235 ct
2309 3188 2597 3244 nonnullas
2643 3193 2776 3249 alias
2819 3172 3054 3259 haereses
3096 3172 3341 3282 sentiil'e;

1771 3270 2034 3335 tanquam
2089 3279 2396 3338 postremus
2443 3283 2689 3336 omnium
2753 3285 3004 3358 (quartus
3058 3300 3201 3354 enim
3249 3270 3351 3360 1ιὶιὲ

1772 3353 2122 3428 Evangelium
2153 3365 2392 3423 scribere
2415 3385 2707 3442 aggressus
2728 3353 2832 3453 est)
2854 3363 3171 3446 aberrantes
3192 3391 3351 3460 illos,‘

1771 3454 1826 3501 et
1851 3449 1904 3502 in
1931 3452 2223 3508 humanam
2249 3457 2453 3515 Christi
2480 3449 2883 3534 generationem
2913 3477 3037 3546 plus
3061 3498 3218 3551 quam
3245 3503 3342 3556 par

1770 3551 1916 3595 esset
1934 3542 2172 3599 intentos
2183 3561 2437 3606 revocare
2453 3555 2708 3623 instituit,
2716 3542 3046 3636 pei'indeque
3058 3542 3121 3628 ac
3136 3575 3181 3628 si
3198 3542 3340 3634 non-

1769 3636 1952 3693 nullus
1976 3653 2073 3708 per
2094 3641 2248 3697 devia
2270 3659 2334 3699 ac
2358 3650 2636 3708 salebrosa
2653 3655 2918 3728 divagari,
2946 3679 3072 3719 vera
3097 3683 3160 3723 ac
3188 3681 3338 3726 recta

1768 3726 1856 3780 via
1882 3727 2162 3796 derelicta,
2196 3743 2341 3804 pone
2367 3739 2654 3797 ambulans
2684 3726 2950 3816 cerneret,
2985 3771 3048 3808 ea
3075 3758 3339 3826 quodam-

1768 3819 1929 3874 modo
1953 3829 2037 3877 est
2065 3824 2356 3882 allocutus.
2392 3829 2511 3895 Quo
2545 3836 2806 3893 tenditis?
2829 3859 3006 3912 quove
3040 3819 3141 3904 iter
3173 3851 3338 3908 habe-

1768 3909 1877 3963 tis?
1914 3909 2023 3966 Vos
2050 3917 2142 3983 qui
2173 3931 2425 3987 asperum
2450 3929 2503 3976 et
2531 3923 2800 3985 lubricum
2825 3909 2929 3988 iter
2952 3943 3169 4010 tenetis,
3189 3947 3334 4014 quod

1766 3998 1823 4052 in
1857 4005 2167 4074 voraginem
2203 4019 2258 4063 ct
2297 4015 2657 4084 praecipitium
2692 4022 2913 4088 desinit,
2946 4029 3135 4097 pedem
3181 3998 3337 4094 riene—

1766 4087 1914 4144 ctite.
1951 4091 2070 4148 Non
2105 4096 2177 4150 ita
2210 4109 2268 4152 ut
2302 4105 2505 4169 putatis
2538 4122 2659 4161 sese
2693 4125 2781 4166 res
2820 4087 3014 4186 habet;
3064 4087 3240 4193 neque
3267 4144 3334 4184 ex

1767 4180 1881 4233 sola
1913 4182 2082 4238 Maria
2115 4189 2204 4242 Dei
2233 4189 2466 4247 Verbum
2497 4197 2698 4253 editum
2731 4213 2832 4264 est,
2863 4180 3010 4275 quod
3036 4213 3105 4266 ab
3125 4180 3333 4273 aeterno

1765 4265 1925 4323 Pater
1945 4275 2150 4340 genuit,
2181 4293 2356 4346 neque
2387 4283 2456 4336 ab
2474 4281 2698 4356 Iosephi
2720 4265 2960 4362 Virginis
2995 4304 3206 4368 sponsi,
3239 4316 3333 4360 aut

105 4334 184 4385 καὶ
204 4336 476 4410 Ἀϐραάμ,
505 4343 602 4395 καὶ
635 4344 963 4412 ’1ακὼ6,καὶ
994 4351 1137 4418 Νῶε,
1167 4354 1262 4406 καὶ
1290 4356 1459 4428 Ἀδάμ
1478 4374 1502 4406 ο.
1522 4334 1657 4414 ἀλλά

115 4421 197 4469 Ἐν
218 4427 376 4469 δι)νῆ
411 4425 494 4469 ἦν
523 4434 556 4469 Α
595 4434 774 4469 Αιςηηυ.
835 4439 930 4469 nm:
967 4441 997 4469 ,ι
1040 4442 1216 4469 AX“..-
1259 4440 1336 4469 ε--
1369 4449 1506 4469 _-1,
1555 4449 1651 4469 4,.

1947 4334 1971 4340 ν
2139 4334 2147 4338 ,
2269 4334 2281 4346 ,
2427 4334 2446 4336 ν-
2483 4334 2598 4339 η--
2855 4334 2960 4350 ...ω
2995 4334 3020 4352 υ
3063 4334 3182 4357 una.
3239 4334 3330 4360 ..ιη

1779 4357 2045 4426 Salathiel,
2073 4363 2393 4436 Zorobahel,
2424 4334 2936 4452 DavidiAbrath,
2971 4334 3162 4460 Ja‘cob,
3191 4343 3330 4469 i‘ioe,

115 4421 197 4476 Ἐν
218 4427 376 4496 ἀρχῇ
411 4425 494 4499 ἦν
522 4434 556 4485 ό
586 4434 794 4503 Λόγος,
834 4439 932 4492 καὶ
964 4441 997 4492 ό
1026 4442 1216 4512 Λόγος
1257 4440 1336 4514 ἦν
1360 4421 1512 4515 πρὸς
1548 4449 1656 4503 τὸν

106 4516 254 4582 Θεὸν,
288 4521 388 4573 καὶ
435 4523 581 4590 Θεὸς
614 4521 695 4595 ἦν
740 4529 774 4580 ό
805 4530 1014 4598 Λόγος.
1045 4532 1118 4584 Τὸ
1165 4534 1221 4586 δὲ
1265 4535 1365 4604 ἦν,
1408 4539 1501 4592 καὶ
1551 4539 1650 4607 ἦν,

103 4611 183 4661 καὶ
204 4607 300 4681 ἦν,
329 4615 432 4685 οὐχ
462 4616 782 4688 ὑποδέχεται
810 4620 903 4674 τοῦ
927 4621 948 4653 ⁸
983 4623 1057 4696 μὴ
1087 4621 1226 4680 εἷναί
1256 4646 1404 4684 ποτε.

158 4873 262 4926 Καὶ
304 4876 443 4946 ὁρᾷς
487 4875 609 4939 πῶς
651 4877 811 4945 εὐθὺς
861 4881 930 4936 τά
982 4884 1263 4952 ἐγγυτάτω
1309 4888 1522 4960 πρῶτον
1552 4907 1651 4964 ση-

106 4963 297 5030 μαίνει·
327 4967 408 5029 ὡς
448 4968 726 5033 Ματθαίος
775 4971 872 5041 μὲν
919 4974 1020 5044 τὴν
1065 4976 1184 5031 ὁδὸν
1230 4978 1396 5044 ἔδειξε
1425 4980 1513 5035 διὰ
1553 4963 1655 5054 τῆς

101 5056 453 5125 γενεαλογίας,
482 5058 578 5111 καὶ
603 5060 725 5114 οὐδὲ
761 5063 923 5127 αὐτὸς
952 5065 1278 5138 ἠκρίϐωσεν,
1322 5070 1437 5125 ἀλλ’
1465 5075 1652 5147 ἐπειδὴ

103 5142 286 5200 ἀνωθεν
330 5148 499 5220 ἔφερε
567 5151 810 5222 καίτοιγε
841 5155 940 5227 τὴν
975 5161 1355 5230 γενεαλογίαν·
1383 5163 1503 5228 πῶς
1539 5142 1654 5220 τεό

166 5282 179 5309 ¹
205 5281 263 5337 F.
296 5285 688 5343 ὑποδεικνύων.
785 5291 805 5321 ²
837 5289 897 5345 F.
933 5293 1036 5346 ὑπὸ
1080 5299 1281 5352 Λουκᾶ.

108 5346 164 5402 25
185 5366 299 5424 sqq.
378 5356 400 5387 ‘
427 5357 617 5414 Hatth.
644 5374 682 5424 I,
713 5357 766 5412 1.
842 5361 863 5392 ⁷
896 5361 1054 5418 Ioan.
1080 5346 1209 5429 invii.

165 5508 281 5590 (91).
302 5513 415 5600 To}?
446 5515 677 5600 satisne
717 5521 1084 5600 ‘dpjlaa'tO‘tZ._
1104 5521 1231 5593 Leg.
1277 5525 1494 5600 videtur
1545 5528 1648 5600 ap-

109 5580 305 5664 ξυστοῦ.
339 5582 483 5664 liisin
498 5580 1146 5664 [οι-ιε’γλὼσσηματῶδες
1175 5580 1447 5664 quoddam
1484 5580 1647 5652 voca-

110 5647 273 5704 bulum
315 5655 408 5708 sit.
443 5653 651 5728 Quippe
684 5647 816 5715 har.
864 5647 951 5726 τὲ,
985 5647 1143 5717 num:
1164 5647 1274 5725 f3,—
1302 5647 1648 5733 δῐᾴᾶσθῆνᾶι

1762 4457 1816 4504 et
1831 4452 1998 4506 Adam
2029 4461 2364 4526 temporibus
2388 4463 2652 4522 duntaxat
2672 4475 2907 4542 exstitit;
2943 4480 3058 4546 sed,
3097 4452 3164 4536 In
3183 4452 3332 4554 prin:

1761 4543 1894 4609 cipio
1915 4555 2028 4598 erat
2045 4546 2283 4615 Verbum,
2309 4562 2356 4604 et
2376 4551 2594 4610 Verbum
2617 4547 2736 4614 erat
2747 4564 2887 4632 apud
2906 4543 3094 4638 Deum,
3120 4543 3329 4634 etIJeus

1760 4643 1874 4686 erat
1910 4635 2190 4693 Verbum”.
2235 4641 2414 4714 Atque
2447 4646 2562 4701 haec
2594 4644 2860 4720 particula
2899 4671 3016 4715 erat
3061 4635 3145 4719 ter
3175 4664 3330 4739 repe-

1765 4723 1860 4776 tita
1911 4741 2021 4780 non
2064 4732 2288 4799 patitur,
2343 4745 2400 4789 ut
2444 4738 2595 4796 illum
2633 4747 2960 4821 quand0que
2990 4769 3099 4810 non
3157 4723 3328 4818 fuisse

1760 4817 2120 4884 suspicemur.

1827 4901 2229 4968 Animadvertis
2283 4913 2452 4986 igitur
2509 4935 2630 4992 quae
2678 4930 2924 4995 proxima
2973 4948 3102 4991 sunt
3143 4943 3327 5010 priore
3409 4979 3418 4988 -

1758 4987 1881 5087 loco
1931 4992 2101 5052 fuisse
2139 5002 2464 5071 signiﬁcata.
2525 4987 2616 5067 Sic
2653 4987 2940 5077 illatthaeus
2974 4987 3326 5087 Enni-eiii;

1757 5077 1962 5138 Christi
1991 5092 2305 5164 genealogia
2338 5098 2482 5154 viam
2523 5105 2928 5173 quodammodo
2964 5121 3322 5190 monstravit;

1758 5185 1935 5244 neque
1960 5192 2211 5239 accurate
2246 5193 2429 5245 tamen
2467 5192 2572 5248 ista
2601 5201 2873 5265 tractavit,
2913 5218 3038 5259 cum
3068 5185 3323 5278 genealo;

1394 5299 1415 5332 ³
1444 5297 1521 5357 De
1547 5301 1653 5358 hac

1779 5323 1813 5364 :e
1838 5314 2113 5385 όρμαστοῦ
2142 5321 2376 5381 viderint
2422 5329 2643 5387 eruditi.
2720 5333 2744 5366 ⁸
2765 5333 2828 5390 F.
2861 5338 2942 5392 τό.
3017 5348 3040 5380 ι
3067 5341 3201 5400 Luc.
3237 5361 3319 5414 ut,

1757 5534 1942 5613 eadem
1983 5537 2383 5613 signiﬁcatione
2444 5545 2604 5613 dixit,
2649 5558 2704 5605 et
2761 5569 2912 5611 num.

2964 5557 3052 5627 16,
3091 5555 3310 5617 Thecla:

1755 5603 2066 5676 ὀρμαστόνξ
2083 5612 2184 5666 hoc
2209 5620 2291 5668 est
2321 5630 2568 5681 sponsum
