3846 6310
439 266 547 323 259

1855 245 1912 302 S.
1955 236 2292 300 EPIPHANII

3588 243 3695 298 ειο

439 381 583 452 giam
611 375 761 430 illam
786 371 856 427 ab
879 366 1260 440 superioribus
1294 363 1622 428 deduceret;
1655 358 1852 414 deinde
1881 357 2024 412 Mar-

2129 355 2350 427 Μάρκος
2385 353 2512 424 περὶ
2537 350 2642 405 τῶν
2673 351 2729 404 ὲν
2769 349 2846 421 τῷ
2883 350 3072 422 κόσμῳ
3099 354 3695 425 πεπραγματευμένον,

413 450 538 528 -eus
565 483 628 525 ea
659 479 781 537 quae
810 465 867 519 in
892 463 995 518 hoc
1021 459 1222 515 mundo
1251 467 1403 529 gesta
1435 463 1568 512 sunt
1596 451 1832 521 aperuit,
1859 463 1921 504 ac
1945 450 2015 504 de

441 576 572 617 voce
605 559 696 614 illa
740 557 799 617 in
827 560 1048 611 deserto
1076 552 1370 612 clamante,
1413 547 1590 615 deque
1639 541 1888 604 Domino,
1919 539 2014 608 qui

442 663 474 707 a
499 649 778 723 prophetis
805 661 870 700 ac
898 647 1012 715 lege
1042 650 1201 698 antea
1232 641 1518 695 nuntiatus
1542 636 1738 699 fuerat,
1763 633 2012 702 scripsit;

442 741 746 800 secundum
772 751 932 808 quem
954 734 1127 788 Lucas
1161 732 1228 786 ab
1257 728 1611 784 inferioribus
1633 723 1698 778 ad
1732 723 2015 792 superiora

443 830 786 890 conscendit.
829 828 1069 894 Quartus
1101 823 1336 892 denique
1362 819 1601 876 Joannes
1623 815 1768 870 velut
1800 812 2016 868 coroni-

443 935 568 980 aem
607 923 908 991 imponens
947 914 1280 972 sublimioris
1333 913 1386 966 in
1423 908 1644 964 Christo
1685 905 2017 962 conditionis

446 1029 512 1071 ac
551 1021 779 1072 naturae,
820 1017 873 1064 et
905 1007 1246 1076 sempiternae
1285 999 1588 1057 divinitatis
1625 998 1894 1066 interpres
1922 1009 2018 1048 ex-

445 1107 605 1164 stitit.
640 1103 759 1171 Quo
785 1116 948 1157 sensu
982 1098 1152 1152 videri
1192 1101 1373 1167 potest
1402 1093 1660 1148 Salomon
1695 1091 1749 1143 in
1782 1088 2016 1141 Prover-

446 1199 553 1254 biis
578 1196 785 1250 viarum
812 1190 1114 1262 appellasse
1133 1185 1462 1258 principium
1487 1184 1536 1237 ἰ
1568 1181 1615 1237 si
1641 1179 1857 1250 quidem
1881 1193 2019 1231 non-

446 1289 613 1346 nullis
643 1288 757 1341 bzec
783 1285 901 1354 ipsa
929 1281 1094 1337 verba
1127 1278 1382 1345 religiose
1425 1275 1592 1329 libeat
1622 1272 1688 1326 ad
1717 1271 2016 1325 humanam

445 1380 650 1438 Christi
686 1386 932 1432 naturam
972 1370 1291 1434 transferre,
1329 1369 1486 1438 quasi
1515 1367 1582 1421 de
1607 1363 1850 1434 ejusdem
1882 1361 2018 1416 divi-

447 1475 621 1529 nitate
649 1471 754 1526 ista
789 1465 1136 1538 pronuntiet,
1175 1462 1436 1517 nimirum
1468 1457 1805 1513 divinitatem
1842 1456 2015 1524 ipsam

448 1564 670 1619 domum
705 1557 1070 1615 exstruxisse.
1124 1551 1334 1622 Quippe
1362 1563 1587 1604 carnem
1627 1554 1680 1602 et
1709 1555 2016 1614 susceptam

448 1652 688 1710 hominis
716 1658 966 1704 naturam
998 1643 1254 1701 divinitas
1287 1639 1596 1701 fabricavit,
1621 1644 1880 1704 tanquam
1909 1633 2018 1686 via-

448 1762 569 1800 rum
602 1758 818 1798 suarum
843 1739 1072 1801 initium,
1095 1744 1144 1789 et
1173 1733 1242 1788 ad
1270 1748 1425 1801 opera
1467 1730 1629 1796 sua';
1663 1727 1764 1781 hoc
1792 1733 1876 1780 est
1903 1738 2023 1794 quae.
2053 1711 2098 1771 Β

451 1838 518 1892 ad
551 1834 827 1890 hominum
869 1830 1099 1884 salutem
1144 1825 1552 1891 bonitatemque
1590 1819 1883 1889 pertinent.
1919 1815 2025 1870 De-

452 1928 579 1984 inde
610 1939 739 1980 vero
787 1924 840 1977 in
889 1933 1185 1992 progressu
1233 1917 1352 1986 ipso
1385 1928 1600 1977 rerum,
1648 1909 1890 1979 {undavit
1921 1923 2019 1971 me,

451 2019 662 2089 inquit,
709 2015 882 2070 initio.
940 2010 1262 2066 Utrumnatn
1304 1996 1472 2075 igitur
1523 2002 1616 2057 Dei
1652 1999 1845 2061 Filius,
1877 1998 2024 2068 quod

337 2144 355 2159 -
455 2087 894 2168 addivinitatem
924 2101 1141 2163 attinet,
1175 2103 1363 2167 postea
1393 2093 1652 2147 fundatus
1681 2089 1800 2145 est?
1835 2087 2027 2140 Dicant

453 2204 560 2259 hoc
586 2199 744 2255 nobis
773 2192 1058 2250 architecti
1083 2191 1172 2244 isti
1200 2203 1264 2241 ac
1295 2185 1598 2241 ccelestium
1626 2195 1808 2236 rerum
1838 2181 2023 2248 inspe-

455 2303 658 2354 ctores,
693 2301 928 2362 quanam
959 2294 1074 2338 arte
1094 2280 1310 2336 condita
1342 2279 1432 2343 sit,
1459 2290 1634 2346 quove
1661 2276 2024 2328 instrumento

455 2382 684 2439 fundata
716 2377 882 2450 748
909 2373 1211 2443 Sapientia.
1241 2369 1603 2435 Quamobrem
1638 2365 1683 2419 si
1708 2364 1836 2434 quid
1868 2365 2023 2420 nobis

457 2477 526 2532 de
548 2460 617 2530 ea
645 2488 705 2528 re
733 2470 974 2540 cogitare
1001 2467 1148 2529 licet,
1175 2471 1286 2515 tam
1318 2461 1425 2514 alta
1448 2456 1797 2527 blasphemia:
1826 2471 2025 2527 vorago

457 2563 734 2637 fugienda,
763 2574 863 2615 nec
887 2555 1145 2612 tentanda
1171 2549 1434 2621 unigeniti
1465 2548 1584 2602 Filii
1609 2546 1886 2612 divinitas,
1907 2562 2026 2616 qua:

459 2672 582 2714 cum
611 2654 772 2709 Patre
801 2663 1014 2718 semper
1044 2654 1149 2709 est,
1183 2644 1251 2698 ab
1275 2657 1450 2712 eoque
1475 2639 1763 2710 processit.
1793 2637 2025 2693 Verbum

457 2750 604 2806 enim
639 2760 762 2801 cum
792 2741 951 2795 Patre
983 2751 1194 2806 semper
1234 2732 1465 2797 exstitit,
1497 2745 1719 2799 semper
1740 2729 2023 2798 sapientia,

2120 447 2216 499 καὶ
2261 445 2445 515 φωνῆς
2479 443 2687 515 βοὼσης
2717 443 2774 496 ἐν
2809 441 2876 513 τῇ
2918 445 3130 513 ἐρήμῳ,
3178 443 3304 514 περὶ
3351 443 3443 497 τοῦ
3497 445 3698 517 Κυρίου

2119 536 2215 589 τοῦ
2267 535 2354 588 διὰ
2405 533 2701 607 προφητῶν
2756 533 3296 604 προπεφητευμένου,
3347 533 3443 588 καὶ
3491 536 3696 605 νόμου·

2120 628 2239 692 πῶς
2275 645 2340 680 τε
2375 630 2403 680 6
2433 626 2647 688 Λουκᾶς
2675 624 2786 677 ἀπὸ
2814 623 2921 676 τῶν
2946 621 3094 677 κάτω
3125 624 3216 675 ἐπὶ
3243 624 3311 678 τᾶ
3337 624 3450 678 ἀνω
3475 626 3694 696 ἀνῆγεν,

2121 719 2409 790 ἐσύστερον
2442 714 2630 768 ἐλθών.
2664 715 2934 798 ⁸Ιέταρτος
2961 716 2990 766 6
3029 713 3278 786 Ἰωάννης
3305 716 3403 786 τὴν
3430 716 3700 788 κορωνίδα

2122 811 2216 866 καὶ
2251 809 2312 862 τὸ
2348 805 2648 880 ἀκραιφνὲς
2689 806 2789 875 τῆς
2831 805 2944 859 ἄνω
2993 804 3196 870 τάξεως
3217 846 3231 868 ,
3266 808 3361 859 καὶ
3411 806 3502 861 ἀεὶ
3534 807 3699 880 eam:

2123 902 2398 973 θεότητος,
2446 899 2509 953 τὸ
2558 898 2783 968 ὕστερον
2825 890 3088 968 ἐδήλωσεν
3108 913 3121 927 ³
3151 898 3227 961 ὼς
3259 899 3355 952 κα)⁸
3393 900 3423 952 ό
3449 899 3699 970 Σολομιὶιν

2125 993 2509 1066 παροιμιωδῶς
2550 991 2722 1060 λέγων
2763 990 2862 1063 τὴν
2889 992 3062 1063 ἀρχὴν
3102 991 3212 1044 τῶν
3251 991 3408 1059 ὁδῶν,
3436 992 3553 1062 εἴγε
3599 995 3698 1047 κᾶν

2122 1084 2357 1147 εὐσεϐῶς
2399 1081 2682 1155 θελήσαιέν
2724 1098 2868 1146 τινες
2904 1083 3083 1152 λέγειν
3125 1083 3255 1152 περὶ
3287 1084 3385 1152 τῆς
3427 1085 3697 1154 ὲνσάρκου

2121 1174 2453 1245 οἰκονομίας,
2482 1173 2557 1236 ὡς
2593 1171 2764 1240 αὐτῆς
2806 1172 3119 1243 φασκούσης
3149 1173 3275 1242 περὶ
3318 1173 3418 1242 τῆς
3447 1173 3540 1226 τοῦ
3571 1176 3702 1245 Χριο

2124 1265 2249 1320 στοῦ
2299 1265 2567 1336 θεότητος,
2595 1265 2674 1318 ὅτι
2710 1263 2859 1335 Αὐτὴ
2888 1264 2922 1333 η
2956 1262 3146 1334 θεότης
3172 1264 3351 1317 ἔκτισε
3381 1263 3477 1317 τὸν
3520 1261 3695 1319 οἷκον·

2122 1359 2202 1412 ὅτι
2226 1356 2364 1428 αὐτὴ
2389 1357 2425 1427 -ή
2474 1353 2676 1425 θεότης“
2690 1355 2789 1424 τὴν
2825 1354 3002 1423 σάρκα
3043 1355 3137 1406 καὶ
3165 1352 3260 1424 τὴν
3290 1354 3700 1426 ὲνανθρώπησιν

2122 1449 2435 1522 εἰργάσατο
2456 1444 2653 1515 ἀρχὴν
2681 1443 2838 1511 ὁδῶν
2867 1443 3052 1498 αὐτοῦ
3079 1445 3166 1509 εὶς
3187 1446 3331 1514 ἔργα
3367 1444 3574 1511 αὑτοῦ,

2121 1543 2229 1596 τῶν
2252 1541 2552 1613 ἀνθρώπων
2575 1538 2847 1610 σωτηρίας
2868 1538 2962 1592 καὶ
2987 1538 3338 1608 ἁγαθότητος.
3363 1535 3496 1593 Εἶτα
3536 1539 3700 1602 εὐθὺς

2127 1635 2449 1705 μετέπειτα,
2489 1632 2569 1684 ἔτι
2601 1629 3014 1702 προκοπτόντων
3052 1628 3163 1682 τῶν
3211 1629 3568 1699 πραγμάτων,
3615 1630 3701 1683 λέ-

2125 1745 2241 1796 γει·
2290 1723 2682 1793 Ἐθεμελίωσέ
2710 1739 2786 1792 με
2825 1721 2895 1775 ἐν
2935 1719 3112 1790 ἀρχῇ.
3137 1715 3285 1791 *Ᾱρα
3337 1720 3467 1788 γοῦν
3510 1721 3540 1773 6
3574 1721 3700 1783 Υίὴς

2123 1819 2216 1873 τοῦ
2250 1815 2385 1870 Θεοῦ
2417 1815 2560 1868 κατὰ
2599 1814 2697 1886 τὴν
2725 1813 2954 1882 θεότητα
2981 1811 3222 1874 κτισθεὶς
3251 1810 3475 1883 ὕστερον
3507 1811 3701 1881 ἐθεμε-

2125 1907 2326 1978 λιώθη;
2357 1904 2678 1974 Λεγέτωσαν
2713 1906 2846 1974 ἡμῖν
2887 1903 2937 1954 oi
2983 1902 3294 1973 μηχανικοὶ,
3338 1905 3386 1956 οἱ
3427 1903 3538 1955 τῶν
3589 1904 3702 1956 ἄνω

2125 1995 2516 2056 κατοπτευταὶ,
2563 1992 2694 2062 ποίᾳ
2746 1992 2912 2062 τέχνῃ
2967 1991 3186 2062 ἐκτίσθη
3233 1994 3267 2062 ή
3320 1991 3508 2058 σοφία,
3563 1991 3702 2060 ποίῳ

2124 2085 2391 2157 ἐργαλείῳ
2457 2082 2812 2154 ὲθεμελιώθη.
2867 2083 3027 2136 Ἀλλὰ
3080 2087 3128 2136 εί
3177 2082 3312 2145 ὅλως
3375 2082 3702 2135 διανοεῖσθαι

2132 2177 2258 2248 χρὴ,
2288 2175 2479 2244 φεύγει
2503 2175 2524 2206 ³
2556 2174 2654 2245 μὲν
2691 2172 2802 2226 ἀπὸ
2827 2173 3082 2227 τοσούτου
3114 2171 3274 2243 βυθοῦ
3313 2173 3414 2242 τῆς
3463 2173 3703 2243 βλασφη-

2131 2270 2278 2341 μίας,
2309 2268 2403 2320 καὶ
2430 2266 2504 2336 μὴ
2530 2263 2864 2335 προσψαύειν
2887 2265 2953 2334 τῇ
2978 2264 3190 2334 θεότητι
3216 2261 3307 2316 τοῦ
3340 2260 3701 2330 Μοιωγενοῦς,

2128 2363 2193 2430 τῇ
2234 2359 2321 2412 ἀεὶ
2365 2358 2460 2410 σὺν
2505 2355 2680 2425 Πατρὶ
2727 2353 3047 2426 ὑπαρχούσῃ
3089 2353 3183 2407 καὶ
3228 2352 3601 2422 γεγεννημένη
3647 2351 3704 2415 ἐξ

2130 2450 2319 2504 αὐτοῦ.
2354 2449 2465 2500 Ἀεὶ
2493 2445 2600 2516 γὰρ
2627 2441 2695 2516 ἦν
2718 2447 2747 2497 6
2776 2445 2948 2512 Λόγος
2983 2445 3080 2498 σὺν
3114 2443 3309 2513 Πατρὶ,
3337 2442 3422 2495 ἀεὶ
3447 2445 3481 2511 ἡ
3519 2442 3700 2509 σοφία,

2131 2543 2216 2595 ἀεὶ
2245 2542 2375 2604 Θεὸς
2403 2541 2468 2592 ὲκ
2500 2535 2635 2591 Θεοῦ
2673 2535 2894 2605 Κύριος,
2933 2536 3019 2587 ἀεὶ
3062 2534 3175 2604 φῶς
3208 2534 3478 2604 ἀληθινὸν,
3515 2534 3611 2586 καὶ
3642 2532 3704 2584 οὐ

2132 2634 2303 2694 νόθον,
2338 2632 2425 2685 ἀεὶ
2453 2631 2513 2682 τὸ
2537 2628 2596 2682 ὃν
2628 2627 2687 2690 ἐξ
2716 2626 2880 2680 αὐτοῦ
2909 2626 3069 2697 ἔχων,
3100 2629 3194 2680 καὶ
3224 2625 3447 2696 ἀλήθεια
3477 2624 3574 2689 ὢν,
3609 2623 3702 2678 καὶ

2136 2725 2248 2796 ζωὴ
2285 2725 2566 2794 ὑπάρχων.

460 2856 675 2912 semper
721 2838 861 2892 Deus
900 2849 964 2889 ex
1009 2831 1115 2886 Deo
1158 2827 1439 2891 Dominus,
1489 2839 1703 2894 semper
1739 2837 1887 2888 vera,
1938 2839 2039 2878 nec
2072 2819 2377 2877 adulterina
2414 2819 2540 2883 lux;
2585 2830 2800 2886 semper
2833 2814 2880 2868 is
2924 2811 3018 2884 qui
3075 2812 3143 2868 ab
3195 2811 3313 2883 ipso
3348 2819 3600 2867 naturam
3650 2822 3705 2869 et

459 2932 754 2994 essentiam
785 2929 970 2989 habet,
998 2923 1200 2995 quique
1228 2920 1428 2975 veritas
1459 2925 1544 2973 est
1572 2927 1626 2972 et
1660 2917 1790 2970 vita.

529 2975 722 3084 iixw.
762 3022 903 3088 Quid
942 2975 1410 3085 pluribus
1449 3027 1512 3068 ea
1554 3011 1622 3066 de
1663 3027 1722 3067 re
1757 3012 2027 3080 disputare

2206 3001 2332 3052 KA'.
2373 2998 2482 3050 Kal.
2517 2996 2570 3049 τί
2621 3011 2708 3066 μοι
2749 2994 2818 3047 τὰ
2865 2991 3034 3048 πολλὰ
3073 2975 3250 3063 λέγειν
3295 2994 3422 3065 περὶ
3475 2994 3707 3048 τοῦτοοὶ

461 3131 688 3177 necesse
712 3113 835 3169 est?
876 3109 1059 3179 Pergit
1094 3105 1392 3160 Salomon:
1424 3102 1510 3166 Et,
1542 3101 1783 3170 fundavit
1817 3118 1915 3164 me,
1949 3103 2032 3155 iu-

461 3209 603 3282 quit,
630 3205 802 3260 initio.
839 3199 943 3256 Ubi
973 3198 1062 3268 pie
1095 3195 1228 3250 illud
1258 3192 1690 3248 animadvertere
1717 3205 2027 3260 possumus,

463 3281 759 3356 humanam
790 3292 877 3347 bis
914 3290 1094 3346 verbis
1130 3285 1367 3341 animam
1407 3283 1696 3339 declarari.
1751 3281 1886 3336 Nam
1920 3282 2032 3338 haec

466 3387 610 3460 ipsa,
654 3381 910 3438 Dominus
950 3377 1144 3432 creavit
1189 3391 1291 3439 me,
1330 3373 1378 3428 si
1418 3373 1486 3427 ad
1525 3388 1650 3429 eum
1691 3387 1908 3429 sensum
1948 3389 2034 3429 re-

467 3478 610 3534 ferre
636 3473 866 3547 placeat,
895 3469 964 3524 ab
985 3466 1326 3522 humanitate
1349 3463 1603 3534 usurpari
1626 3465 1863 3534 putanda
1882 3471 2029 3518 sunt.

466 3567 624 3636 Quod
669 3573 847 3620 autem
900 3558 1158 3614 fundasse
1199 3555 1354 3619 dicit,
1405 3555 1642 3610 animam
1687 3555 2032 3626 potissimum

467 3665 711 3731 spectat;
747 3654 906 3724 cujus
934 3651 1144 3706 ratione
1176 3647 1435 3703 fundatus
1467 3647 1688 3702 dicitur.
1736 3645 1853 3702 Jam
1886 3647 2031 3718 quod

470 3749 714 3805 additum
739 3753 859 3809 est,
891 3744 1026 3799 Ante
1056 3755 1232 3794 omnes
1254 3737 1412 3792 colles
1445 3739 1620 3809 genuit
1655 3754 1755 3804 me,
1785 3738 1864 3792 sic
1889 3738 2035 3792 acci-

469 3837 724 3910 piendum
751 3843 854 3896 est,
892 3840 952 3886 ut
983 3828 1261 3884 caelestem
1305 3825 1452 3880 illam
1503 3826 1906 3896 generationem
1935 3824 2033 3880 de-

469 3937 762 3988 monstret.
797 3928 974 3996 Atque
1011 3924 1126 3978 haec
1156 3921 1230 3976 ita
1259 3919 1515 3986 dicimus,
1546 3934 1656 3974 non
1685 3925 1744 3973 ut
1772 3932 1838 3973 eo
1871 3917 2034 3971 modo

470 4039 530 4081 se
563 4022 763 4077 habere
791 4017 1006 4089 penitus
1038 4012 1384 4075 deliniamus,
1413 4011 1507 4066 sed
1543 4016 1602 4065 ut
1631 4009 1717 4080 pie
1758 4007 2036 4062 nihilomi-

470 4129 576 4169 nus
629 4109 697 4165 de
724 4107 926 4164 Christi
950 4103 1165 4160 Domini
1214 4102 1384 4157 nostri
1417 4100 1795 4155 incarnatione
1835 4100 2036 4153 sentia-

470 4193 627 4266 mus,
677 4197 945 4270 siquidem
998 4191 1264 4264 ejusmodi
1315 4206 1436 4247 esse
1483 4191 1674 4246 debeat
1716 4189 1821 4244 loci
1871 4189 2034 4258 hujus

419 4337 425 4344 .
470 4293 757 4352 sententia.
817 4290 1139 4359 Quanquam
1183 4299 1343 4340 nemo
1373 4298 1568 4354 cogere
1600 4299 1703 4338 nos
1750 4291 1948 4353 potest,
1976 4290 2034 4337 ut

2132 3088 2268 3145 Εἶτά
2296 3103 2488 3161 φησιν·
2532 3085 2919 3155 Ἐθεμελίωσέ
2950 3101 3026 3155 με
3065 3085 3134 3138 ἐν
3162 3084 3340 3156 ἀρχῇ.
3387 3085 3525 3156 Ἄρα
3557 3087 3708 3140 ἐστιν

2137 3183 2262 3236 ἰδεῖν
2313 3180 2566 3243 εὐσεϐὲς,
2613 3181 2694 3233 ὅτι
2726 3177 2824 3248 τὴν
2867 3176 3043 3248 ψυχὴν
3080 3178 3178 3248 τὴν
3229 3178 3570 3249 ἀνθρωπείαν
3617 3181 3707 3232 ὲν-

2130 3275 2301 3330 ταῦθα
2338 3273 2609 3344 σημαίνει.
2651 3271 2726 3324 Τὸ
2761 3271 2857 3340 μὲν
2884 3269 3012 3341 γὰρ,
3052 3271 3255 3337 Κύριος
3302 3269 3502 3324 ἕκτισέ
3539 3288 3637 3340 με,
3673 3273 3707 3331 ἡ

2133 3365 2540 3438 ὲνανθρώπησις
2571 3363 2716 3431 λέγει
2765 3364 2798 3433 ἡ
2835 3361 3130 3431 ἔνσαρκος,
3177 3357 3271 3412 ἐὰν
3314 3376 3376 3428 γε
3425 3362 3518 3413 καὶ
3563 3362 3708 3414 οὕτω

2131 3460 2333 3512 νοοῖτο·
2368 3456 2428 3509 τὸ
2455 3455 2532 3520 δὲ,
2586 3453 2962 3524 ὲθεμελίωσεν,
3001 3451 3076 3513 ὡς
3109 3452 3166 3504 ὲν
3201 3453 3266 3521 τῇ
3315 3449 3457 3521 ψυχῇ
3509 3450 3707 3521 ἐθεμε-

2133 3548 2299 3620 λιώθη
2323 3565 2337 3577 ·
2374 3547 2435 3600 τὸ
2462 3546 2539 3614 δὲ,
2576 3545 2695 3613 Πρὸ
2729 3543 2970 3597 πάντων
3000 3541 3247 3607 ,Βουνῶν
3276 3540 3458 3610 γεννᾷ
3489 3560 3587 3610 με,
3619 3545 3708 3595 ἵνα

2131 3641 2277 3712 δείξῃ
2321 3641 2419 3711 τὴν
2447 3639 2698 3708 γέννησιν
2727 3634 2951 3691 ἄνωθεν.
2977 3635 3092 3688 Καὶ
3123 3632 3292 3687 ταῦτα
3335 3634 3579 3702 εἴπομεν,
3607 3636 3708 3703 οὐχ

2131 3732 2302 3796 οὕτως
2352 3732 2569 3792 πάντως
2611 3726 2948 3800 ὁριζόμενοι,
2993 3723 3231 3786 εὐσεϐῶς
3277 3723 3333 3776 δὲ
3374 3723 3574 3792 μᾶλλον
3626 3726 3708 3787 είς

2131 3822 2231 3893 τὴν
2272 3821 2531 3891 ἐνσαρκον
2580 3815 2879 3889 παρουσίαν
2915 3813 3306 3884 διανοηθέντες.
3347 3814 3408 3865 Εἰ
3455 3815 3547 3865 καὶ
3599 3815 3707 3884 χρὴ

2133 3913 2273 3967 οὕτω
2317 3913 2516 3980 λέγειν,
2547 3912 2698 3981 ὅμως
2731 3908 2905 3972 οὐδεὶς
2941 3907 3088 3978 ἡμᾶς
3118 3905 3442 3973 ἀναγκάσειε
3484 3905 3708 3968 πάντως

2134 4005 2261 4076 περὶ
2289 4003 2382 4057 τοῦ
2424 4001 2660 4073 Χριστοῦ
2707 4000 2886 4069 λέγειν
2925 3999 2986 4051 τὸ
3018 3998 3167 4069 ῥῆμα
3195 3997 3368 4051 τοῦτο.
3397 3998 3457 4049 Et
3489 3997 3544 4049 δὲ
3577 3997 3708 4067 περὶ

2141 4097 2235 4151 τοῦ
2270 4093 2505 4167 Χριστοῦ
2540 4091 2853 4165 ῥηθήσεται,
2881 4092 2993 4162 ἔχει
3022 4091 3117 4143 καὶ
3143 4089 3240 4158 τὴν
3268 4087 3426 4141 αὑτοῦ
3454 4088 3705 4158 δύναμις,

2134 4189 2195 4243 οὐ
2231 4188 2373 4243 κατὰ
2415 4186 2674 4258 μαντείαν
2712 4183 3031 4254 λεγομένην,
3062 4181 3197 4235 ἀλλὰ
3234 4181 3372 4235 κατὰ
3396 4180 3456 4233 τὸ
3485 4181 3709 4245 εὐσεϐὲς

2135 4281 2227 4336 τοῦ
2260 4277 2541 4350 λογισμοῦ,
2572 4276 2666 4330 τοῦ
2700 4274 2773 4347 μὴ
2823 4273 3132 4343 λογίζεσθαι
3181 4274 3260 4336 είς
3305 4272 3436 4327 Θεὸν
3464 4274 3517 4326 τὶ
3545 4273 3707 4327 ἐλατ-

469 4385 539 4441 de
566 4382 786 4438 Christo
812 4354 1018 4435 dictum
1052 4376 1182 4432 illud
1215 4376 1612 4431 existimemus.
1647 4372 2027 4428 Verumtamen

2136 4373 2403 4444 τώματος,
2429 4369 2828 4440 ὑποϐεϐηκυῖαν
2859 4367 3095 4438 νομίζειν
3120 4367 3280 4420 αὐτὸν
3303 4357 3528 4436 θεότητα
3554 4367 3708 4438 παρὰ

471 4486 532 4531 ιιι
550 4475 619 4529 ad
639 4471 916 4528 Christum
944 4475 1190 4539 spectare
1217 4467 1430 4529 demus,
1453 4479 1612 4520 suum
1636 4465 1836 4519 habere
1859 4470 2038 4533 potest

472 4565 732 4630 senSum;
784 4561 879 4632 qui
925 4574 1037 4615 non
1087 4557 1434 4613 vaticinando
1482 4546 2037 4621 conﬁctus,'sed,ex

471 4654 642 4713 animi
674 4654 877 4724 pietate
915 4648 1191 4721 profectus
1223 4655 1328 4714 est,
1377 4664 1444 4702 ne
1478 4663 1636 4717 quem
1667 4648 1721 4700 in
1752 4645 1918 4700 Deum
1947 4661 2038 4699 ca-

472 4747 604 4802 dere
649 4741 920 4798 defectum
974 4739 1342 4801 arbitremur,
1395 4744 1486 4792 aut
1534 4735 1654 4790 Filii
1700 4735 2037 4789 divinitatem

473 4833 714 4892 essentia
744 4831 920 4887 Patris
955 4829 1267 4885 inferiorem
1299 4843 1419 4884 esse
1457 4826 1557 4882 sibi
1595 4825 1880 4896 quisquam
1917 4840 2037 4895 per-

473 4928 721 4985 suadeat.
775 4922 909 4978 Nam
955 4928 1009 4977 et
1049 4919 1299 4976 nonnulli
1347 4918 1773 4973 orthodoxorum
1816 4916 2034 4971 Patrum

472 5019 655 5073 locum
689 5013 839 5069 illum
879 5011 1186 5066 Salomonis
1218 5009 1285 5063 de
1314 5006 1687 5062 incarnatione
1719 5005 1920 5061 Christi
1956 5006 2038 5059 in—

473 5107 750 5179 terpretati
791 5111 957 5160 sunt:
1007 5101 1260 5154 Dominus
1300 5098 1530 5169 possedit
1569 5115 1670 5163 me,
1702 5108 1750 5152 et
1789 5099 2034 5166 furidavit

473 5215 570 5252 me.
601 5195 804 5264 Estque
833 5193 920 5246 hic
945 5190 1162 5246 demum
1193 5203 1386 5246 sensus
1407 5187 1591 5258 pietati
1616 5197 2034 5253 consentaneus,

474 5305 594 5346 cum
627 5288 722 5349 ita,
767 5293 827 5339 ut
859 5283 993 5348 dixi,
1035 5281 1217 5351 magni
1257 5280 1476 5350 quidam
1518 5278 1706 5333 Patres
1752 5280 2036 5333 intellexe-

475 5381 601 5436 rint.
657 5376 865 5442 Quibus
893 5375 940 5428 si
975 5375 1100 5444 quis
1133 5373 1233 5426 hac
1261 5374 1314 5426 in
1350 5377 1500 5441 parte
1528 5371 1783 5424 assentiri
1813 5369 2037 5426 minime

475 5471 622 5535 velit,
654 5468 775 5537 cogi
802 5467 952 5520 nullo
982 5465 1144 5521 modo
1173 5473 1369 5536 potest.
1410 5463 1564 5530 Quod
1596 5471 1774 5518 autem
1809 5463 1876 5518 ad
1905 5464 2035 5519 alie-

552 5637 571 5670 ί
597 5633 755 5690 Prov.
788 5649 903 5696 vm,
936 5632 1024 5686 ‘22.
1099 5630 1118 5660 '
1147 5626 1274 5682 ibid.
1304 5639 1422 5695 sqq.

1501 5625 1519 5654 ³
1542 5622 1665 5676 Cor.
1703 5620 1921 5687 φεύγειν
1968 5622 2063 5676 δεῖ.

2133 4464 2232 4535 τὴν
2259 4463 2352 4517 τοῦ
2400 4461 2612 4533 Πατρὺς
2661 4460 2802 4530 ἔχειν
2835 4459 3043 4513 οὐσίαν.
3087 4459 3194 4512 Καὶ
3247 4459 3353 4528 γάρ
3401 4475 3542 4522 τινες
3597 4459 3707 4512 τῶν

2135 4553 2389 4625 Πατέρων
2441 4551 2598 4623 ἡμῶν
2643 4553 2736 4604 καὶ
2773 4550 3066 4622 ὀρθοδόξων
3103 4550 3386 4603 ἀπέδωκαν
3430 4550 3588 4603 τοῦτο
3628 4555 3707 4614 είς

2134 4645 2232 4716 τὴν
2271 4646 2530 4714 ἕνσαρκον
2578 4642 2874 4714 παρουσίαν
2924 4642 3316 4713 διανοηθέντες·
3355 4643 3402 4694 εἰ
3453 4644 3544 4695 xui.
3600 4643 3707 4714 χρὴ

2136 4735 2275 4788 οὕτω
2306 4735 2485 4801 λέγειν
2531 4734 2589 4785 τὸ
2639 4733 2766 4802 περὶ
2809 4732 2923 4794 τοῦ,
2973 4734 3187 4800 Κύριος
3227 4733 3428 4786 ἔκτισέ
3463 4751 3558 4799 με,
3611 4736 3709 4787 καὶ

2139 4822 2496 4894 ἐθεμελίωσέ
2520 4840 2613 4892 με.
2644 4825 2753 4876 Καὶ
2781 4818 2932 4886 οὗτός
2967 4825 3112 4877 ἐστιν
3145 4825 3172 4875 6
3201 4823 3360 4893 σεὸὴς
3382 4825 3403 4855 ⁸
3428 4824 3705 4895 λογισμὸς.

2141 4915 2363 4986 μεγάλοι
2402 4914 2642 4982 ΙΙατέρες
2673 4913 2829 4965 τοῦτο
2870 4914 3235 4985 ὑφηγήσαντο.
3265 4913 3373 4968 Καὶ
3423 4917 3471 4968 εἰ
3517 4918 3590 4988 μή
3630 4933 3709 4979 τις

2139 5006 2423 5078 βουληθείη
2470 5003 2578 5057 τῶν
2625 5005 2912 5074 ὀρθοδόξων
2987 5005 3405 5072 καταδέξασθαι,
3452 4995 3532 5059 οῦ
3583 5017 3710 5062 κατ-

2138 5095 2626 5166 αναγκασοήσεται.
2653 5094 2794 5165 Πρὸς
2837 5083 2892 5146 δὲ
2934 5097 3058 5159 τοὺς
3114 5095 3294 5160 ξένους
3323 5097 3419 5168 τῆς
3462 5099 3701 5162 πίστεως

2138 5193 2230 5245 καὶ
2273 5187 2584 5256 ἀλλοτρίους
2619 5186 2697 5248 εἰς
2743 5187 2894 5241 οὐδέν
2941 5188 3087 5242 ἐστιν
3134 5194 3166 5260 ἡ
3204 5189 3393 5259 βλάϐη.
3427 5189 3565 5241 Οῦτε
3606 5192 3710 5260 γὰρ

2135 5280 2291 5333 τοῦτο
2321 5281 2452 5348 ἡμῖν
2488 5274 2741 5346 ὲνσκήψει
2789 5278 2866 5340 εἰς
2903 5279 2955 5331 τί
3005 5279 3405 5350 ἐλαττώματος,
3450 5280 3550 5349 τῆς
3595 5278 3711 5332 θεό-

2135 5388 2294 5441 τητος
2326 5368 2609 5438 ἐλευθέρας
2641 5365 2826 5437 οὔσης,
2854 5370 2946 5421 καὶ
2977 5371 3061 5423 ἀεὶ
3084 5351 3249 5441 οῦσης
3280 5372 3375 5424 σὺν
3408 5369 3485 5439 τῷ
3512 5368 3706 5438 Πατρί.

2135 5465 2244 5518 Καὶ
2271 5465 2298 5516 ὅ
2324 5481 2374 5516 τι
2409 5463 2505 5534 μὲν
2529 5461 2788 5514 πέπονθεν
2818 5464 2846 5515 ό
2878 5464 3130 5534 Χριστὸς,
3155 5463 3439 5526 πέπονθεν,
3468 5463 3585 5517 ἀλλ’
3615 5463 3710 5515 οὐκ

2142 5623 2162 5653 ⁸
2190 5621 2313 5676 Cor.
2344 5623 2590 5694 εὐσεϐής,
2623 5637 2743 5678 mox
2786 5622 2860 5684 ὡς
2895 5620 3142 5691 μεγάλοι.
