3826 6206
149 379 228 444 2n
707 369 1075 427 ADVERSUS
1113 369 1456 426 ιιέΕιιεειιΞ
1494 370 1624 426 LIB.
1665 371 1680 424 ι

1787 370 1936 428 ron.
1978 372 2040 428 ιι.
2083 405 2152 414 -
2192 357 2464 431 "ianus.
2505 375 2690 430 LXIX.

3257 375 3374 456 ειε-

146 493 321 564 ὲτράτιη
351 487 442 558 τὴν
471 487 651 560 φύσιν,
685 483 874 558 ἔμεινε
901 490 956 544 δὲ
996 493 1052 544 ὲν
1084 493 1148 562 τῇ
1183 489 1347 544 αὑτοῦ
1377 489 1616 560 ἀπαθείᾳ
1643 492 1676 562 ἡ

1795 507 1894 550 nos
1929 508 1958 545 a
2003 493 2126 556 ﬁde,
2176 504 2230 550 et
2279 494 2566 550 luereticos
2616 491 2830 558 attinet,
2883 491 3090 546 nullum
3140 491 3366 566 omnino

143 579 282 636 αὐτοῦ
309 569 504 646 θεότης.
535 577 644 642 Διὸ,
677 578 905 648 θελήσας
936 579 1126 632 παθεῖν
1163 579 1264 650 ἰδίᾳ
1297 578 1515 650 εὐδοκία
1543 579 1683 648 ὑπὲρ

141 674 216 734 τοῦ
236 673 405 740 γένους
424 669 528 720 τῶν
543 669 638 721 ἀνθ
649 669 863 740 ρώπων,
877 670 1061 738 ἐπειδὴ
1076 671 1177 724 οὐκ
1199 669 1416 722 ἐδύνατο
1438 671 1470 742 ὴ
1495 669 1685 741 θεότης

142 765 320 825 παθεῖν,
346 760 462 816 καθ’
501 761 694 830 ἑαυτὴν
723 761 940 832 ἀπαθὴς
969 757 1121 822 οὖσα,
1154 761 1311 813 ἔλαϐε
1342 762 1399 816 τὸ
1422 762 1685 834 ἡμέτερον

139 855 344 926 παθητὸν
377 853 550 924 σῶμα,
585 853 741 922 σοφία
777 851 872 918 ὢν,
905 852 992 905 ἵνα
1028 854 1083 905 ἐν
1114 851 1263 922 αὐτῷ
1313 851 1680 926 συνευδοκήσῃ

138 948 214 1002 τοῦ
261 945 455 1009 παθεῖν,
500 945 593 1004 καὶ
629 945 952 1014 ἀναδέξηται
985 943 1056 996 τὰ
1101 943 1348 1016 ἡμέτερα
1400 944 1577 1016 πάθη,
1626 946 1682 998 ἐν

137 1039 274 1112 σαρκὶ
312 1037 568 1109 συνούσης
599 1039 696 1109 τῆς
728 1037 1000 1110 θεότητος.
1029 1037 1138 1090 Καὶ
1179 1038 1346 1110 γὰρὴ
1387 1038 1577 1108 θεότης
1622 1042 1679 1094 ού

137 1135 323 1202 πάσχει.
356 1129 474 1194 Πῶς
508 1129 615 1204 γὰρ
651 1132 680 1184 ό
724 1131 918 1200 λέγων,
957 1127 1097 1199 Ἐγώ
1144 1131 1262 1198 ειμι
1299 1131 1338 1198 ἡ
1380 1127 1514 1196 ζωὴ,
1543 1130 1680 1184 ἀπο-

137 1227 288 1278 θανεῖν
332 1223 649 1292 δυνήσεται;
693 1221 854 1276 Ἀλλὰ
901 1220 1121 1292 ἀπαθὴς
1171 1217 1414 1292 διαμένει
1459 1221 1487 1273 ό
1530 1221 1682 1284 Θεός.

137 1314 417 1384 Συμπάσχει
457 1312 512 1366 δὲ
543 1315 610 1384 τῇ
645 1311 828 1384 σαρκὶ,
859 1312 946 1365 ἵνα
980 1311 1039 1365 τδ
1078 1310 1248 1376 πάθος
1291 1312 1369 1375 εἰς
1417 1311 1516 1383 τὴν
1561 1311 1682 1364 θεό-

136 1423 250 1474 τητα
273 1404 513 1474 λογισθῇ,
560 1403 870 1474 πασχούσης
904 1403 1002 1473 τῆς
1034 1402 1308 1471 θεότητος,
1343 1403 1422 1466 εἰς
1451 1403 1514 1456 τὸ
1539 1399 1684 1456 εἶναι

135 1499 244 1566 ἡμῖν
271 1498 322 1547 ὲν
357 1495 472 1565 Θεῷ
505 1495 602 1566 τὴν
655 1493 960 1565 σωτηρίανο
999 1495 1060 1546 ὲν
1089 1493 1249 1564 σαρκὶ¹
1291 1492 1347 1545 δὲ
1393 1493 1454 1546 τὸ
1487 1493 1679 1559 πάθος,

133 1591 204 1642 ἵνα
235 1588 300 1659 μὴ
348 1586 589 1657 παθητὸν
628 1585 760 1638 Θεὸν
801 1583 1036 1654 ἔχωμεν,
1091 1583 1224 1637 ἀλλὰ
1279 1581 1487 1653 ἀπαθῆ,
1536 1583 1685 1636 ἐλλο-

133 1677 300 1744 γοῦντα
331 1677 406 1739 εις
443 1674 635 1728 ἑαυτὸν
677 1672 737 1726 τὸ
785 1672 977 1737 πάθος,
1025 1673 1165 1727 κατὰ
1214 1673 1550 1745 προαίρεσιν,
1587 1674 1682 1726 καὶ

130 1769 178 1821 οὗ
211 1765 338 1819 κατὰ
362 1766 625 1834 ἀνάγκην.

1790 585 2048 638 damnum
2093 586 2221 640 hinc
2263 592 2506 642 metuere
2557 583 2838 638 debemus.
2905 584 3092 652 Neque
3121 584 3264 637 enim
3295 585 3365 638 ad

1791 677 1956 729 ul'am
1989 676 2292 730 divinitatis
2315 676 2754 730 imminutionem
2788 675 3060 745 pertinere
3091 674 3236 730 istud
3265 689 3367 743 po-

1790 775 1915 832 test,
1945 785 2064 838 quas
2093 770 2261 823 libera
2295 777 2399 836 cst,
2435 777 2488 822 et
2522 784 2646 822 cum
2690 766 2864 832 Patre,
2884 781 3100 836 semper
3133 765 3360 820 exstitit.

1790 857 1955 911 Porro
1997 872 2193 926 passus
2233 867 2316 913 est
2342 856 2562 928 quidem
2595 857 2848 912 Christus
2885 856 3249 925 quodcunque
3270 855 3367 910 dc-

1787 964 1932 1002 nmm
1967 965 2162 1018 passus
2186 959 2306 1018 cst;
2358 949 2453 1006 sed
2481 965 2588 1003 non
2623 949 2742 1018 ejus
2785 957 2977 1004 natura
3021 953 3228 1003 mutata
3259 953 3385 1012 est,

1787 1047 1949 1109 atque
1983 1039 2228 1108 ejusdem
2264 1039 2521 1094 divinitas
2565 1039 2621 1092 in
2669 1054 2770 1092 sua
2821 1037 2911 1090 illa
2953 1035 3228 1106 passionis
3271 1050 3370 1092 ex-

1787 1136 1938 1198 perte
1984 1128 2300 1183 conditione
2353 1128 2610 1198 perstitit.
2681 1126 2861 1193 Quare
2920 1141 3043 1180 cum
3101 1124 3170 1180 de
3241 1139 3370 1195 pro-

1787 1217 1905 1287 pria
1939 1217 2217 1272 voluntate
2247 1233 2344 1287 pro
2379 1218 2660 1272 hominum
2697 1219 2871 1286 salute
2900 1217 3012 1288 pati
3046 1217 3368 1278 constituis-

1785 1314 1886 1372 set,
1918 1308 2062 1376 quod
2096 1307 2354 1363 divinitas
2377 1311 2584 1380 perpeti
2615 1309 2750 1362 nihil
2777 1315 2980 1380 posset,
3010 1323 3130 1378 quae
3153 1322 3251 1378 per
3276 1323 3367 1363 se-

1785 1397 1958 1466 ipsam
1989 1413 2182 1467 expers
2221 1400 2492 1466 passionis
2517 1406 2621 1462 est,
2657 1413 2858 1467 corpus
2907 1407 3183 1462 nostrum,
3219 1399 3366 1468 quod

1784 1489 1896 1559 pati
1939 1489 2104 1562 749
2143 1491 2392 1546 videlicet
2430 1499 2632 1562 potest,
2685 1489 2863 1546 induit
2901 1491 3087 1546 divina
3133 1491 3226 1546 illa
3273 1490 3369 1558 Sua

1785 1581 2012 1650 pientia,
2052 1589 2110 1635 ut
2151 1583 2204 1636 in
2239 1583 2357 1652 ipso
2389 1589 2582 1654 sponte
2630 1599 2727 1640 sua
2773 1591 3076 1654 pateretur,
3128 1597 3191 1636 ac
3234 1597 3368 1648 con-

1781 1674 1973 1744 juncta
2009 1689 2133 1728 cum
2171 1689 2340 1730 carne
2374 1675 2682 1740 divinitate,
2716 1675 3029 1732 affectiones
3065 1681 3281 1729 nostras
3310 1673 3370 1728 in

1786 1777 1906 1818 sese
1929 1763 2254 1834 susciperet.
2289 1763 2502 1819 Etenim
2531 1764 2791 1820 divinitas
2822 1765 2942 1834 ipsa
2964 1771 3120 1818 extra
3149 1779 3365 1819 omnem

131 1869 200 1916 cst
235 1860 458 1930 patiendi
506 1858 902 1914 conditionem.
949 1857 1234 1924 Quomodo
1263 1857 1408 1913 enim
1443 1863 1673 1930 mortem
1704 1855 1754 1914 is
1793 1857 1946 1912 obire
1979 1865 2184 1926 posset,
2216 1857 2308 1926 qui
2345 1856 2506 1911 dicit:
2541 1857 2649 1928 Ego
2673 1872 2788 1910 sum
2822 1857 3002 1910 vita'?
3026 1853 3214 1926 Itaque
3239 1871 3364 1911 cum

131 1951 371 2021 passionis
401 1965 599 2020 expers
640 1957 953 2020 perseveret
987 1948 1151 2012 Deus,
1187 1963 1310 2016 cum
1341 1963 1506 2002 carne
1526 1953 1708 2001 tamen
1742 1946 1964 2016 patitur,
1994 1945 2130 1999 adeo
2157 1952 2217 1999 ut
2263 1943 2538 2000 divinitati
2585 1947 2769 2014 passio
2800 1947 2890 2000 illa
2921 1946 3212 2011 tribuatur,
3239 1959 3363 2000 cum

129 2043 242 2096 nihil
265 2049 434 2095 tamen
459 2055 557 2110 per
586 2054 706 2094 sese
737 2039 827 2092 illa
850 2038 1117 2108 patiatur:
1145 2045 1204 2092 ut
1228 2037 1484 2091 nimirum
1519 2035 1669 2091 Salus
1693 2035 1848 2090 nobis
1877 2049 1974 2104 per
1997 2032 2166 2088 Deum
2200 2041 2568 2104 comparetur,
2591 2049 2720 2090 caro
2743 2043 2922 2091 autem
2955 2037 3070 2106 ipsa
3101 2037 3365 2091 duntaxat
3457 2111 3462 2116 _

131 2133 380 2200 aﬁiciatur,
432 2141 508 2185 ιιι-
529 2146 596 2186 ne
626 2129 980 2200 passionibus
1033 2127 1356 2194 obnoxium,
1388 2127 1483 2182 sed
1527 2127 1596 2181 ab
1643 2127 1711 2181 iis
1744 2125 1926 2195 potius
1972 2124 2268 2179 immunem
2309 2122 2480 2178 Deum
2521 2117 2840 2191 habeamus,
2883 2125 2976 2196 qui
3029 2137 3222 2197 sponte
3255 2143 3356 2184 sua
3441 2165 3444 2168 μ

129 2241 211 2281 nec
257 2225 356 2278 ulla
395 2225 726 2292 necessitate
773 2229 1020 2284 coactus,
1064 2219 1312 2276 eamdem
1358 2220 1506 2274 illam
1550 2218 1893 2274 aﬁ'ectionem
1919 2217 2180 2287 imputari
2209 2217 2314 2272 sibi
2345 2217 2494 2272 velit.
3353 2281 3372 2289 δ

186 2317 300 2372 KE'.
331 2315 525 2385 Ὅμως
541 2315 596 2368 δὲ
619 2315 714 2367 καὶ
736 2307 902 2377 οὗτοι,
921 2313 1019 2377 τὰς
1039 2312 1214 2386 λέξεις
1242 2314 1340 2376 τὰς
1385 2313 1676 2384 Ἐϐραῖκέις

1849 2309 2015 2368 XXV.
2058 2311 2126 2364 At
2173 2311 2260 2366 isti
2304 2326 2428 2366 cum
2459 2309 2756 2368 llebraicas
2779 2329 2945 2369 voces
2992 2331 3060 2370 ne
3087 2316 3366 2388 attigerint

133 2409 234 2461 οὒτε
285 2405 724 2478 ψηλαφήσαντες,
775 2404 898 2458 οὕτε
931 2405 1170 2474 γνόντες,
1199 2403 1322 2459 οὕτε
1366 2404 1484 2468 πῶς
1512 2404 1677 2478 ἔχειὴ

131 2498 302 2552 τθύτων
335 2495 584 2567 δύναμις,
629 2496 884 2566 προαλῶς
929 2497 1024 2550 καὶ
1073 2496 1359 2568 προπετῶς
1405 2496 1682 2565 ἀνέκυψαν

132 2589 267 2642 δεινοὶ
289 2586 490 2664 ἐχθροὶ,
527 2585 816 2656 ζητοῦντες
854 2587 1145 2658 πρόφασιν,
1184 2586 1347 2641 πόθεν
1373 2587 1474 2657 τὴν
1500 2587 1682 2666 πίστιν

131 2659 418 2748 λωϐήσουσι,
446 2677 646 2747 μᾶλλον
675 2677 731 2730 δὲ
762 2676 1015 2740 ἑαυτούς’
1047 2678 1108 2730 οὐ
1135 2676 1243 2748 γὰρ
1275 2675 1374 2747 τὴν
1402 2659 1678 2748 ἀλήθειανο

133 2771 208 2822 καὶ
239 2769 412 2841 ἐπειδὴ
457 2763 639 2840 εὗρον,
676 2769 756 2822 ὅτι
809 2769 871 2822 '0
909 2769 1120 2838 Κύριος
1163 2767 1364 2823 ἐκτισέ
1393 2785 1491 2838 με,
1528 2768 1684 2840 ῥιψο-

135 2861 356 2924 κινδύνως
412 2860 606 2931 ὥσπερ
673 2859 1066 2931 φανταζόμενοι
1123 2859 1560 2932 ὀνειροπολοῦσι,
1613 2859 1682 2914 τὰ

136 2952 272 3022 μηδὲν
307 2953 556 3024 χρήσιμα
595 2951 1077 3018 ὲπεισενέγκαντες
1109 2950 1186 3022 τῷ
1234 2951 1356 3022 βίῳ,
1389 2951 1485 3004 καὶ
1513 2951 1682 3022 ταρά-

136 3043 290 3108 ξαντες
322 3045 418 3115 τὴν
465 3044 811 3114 οἰκουμένην.
853 3043 926 3096 Τὸ
955 3043 1014 3096 δὲ
1068 3043 1350 3116 Ἐϐραῖκὺν
1387 3043 1484 3114 οὐχ
1511 3043 1684 3108 οὕτως

133 3135 254 3205 ἔχει·
281 3137 394 3189 ὅθεν
423 3135 659 3199 Ἀκύλας
683 3136 864 3205 λέγει’
893 3135 1106 3202 Κύριος
1128 3134 1430 3202 ἐκτήσατό
1446 3151 1541 3210 με.
1573 3135 1684 3188 Ἀεὶ

133 3225 178 3277 δὲ
201 3228 244 3278 οἱ
259 3226 550 3295 γεννῶντες
597 3225 788 3289 παῖδας
825 3225 1100 3294 λέγουσιν·
1153 3225 1502 3298 Ἐκτησάμην
1545 3227 1680 3280 υῑόν.

143 3317 256 3369 Ἀλλ’
279 3315 396 3370 οὔτε
423 3314 660 3380 Ἀκύλας
697 3315 796 3385 τὴν
813 3314 1040 3384 δύναμιν
1069 3315 1402 3385 ἡρμήνευσε.
1439 3315 1550 3369 Καὶ
1575 3315 1684 3386 γὰρ

133 3405 200 3469 τὸ,
229 3403 602 3474 Ἕκτησάμην
619 3403 772 3464 υἱὸν,
807 3403 882 3468 ὡς
913 3403 1223 3474 πρόσφατόν
1255 3389 1429 3458 ἐστιν’
1470 3406 1530 3461 ὲν
1564 3405 1684 3478 Θεῷ

131 3495 176 3548 δὲ
215 3495 355 3549 οὐδὲν
417 3495 502 3548 ἔνι
555 3495 886 3568 πρόσφατον.
923 3493 1040 3548 Κάν
1089 3510 1148 3546 τε
1200 3493 1433 3567 ὁμολογῇ
1482 3497 1606 3560 τις²
1657 3495 1686 3548 ὃ

133 3587 420 3655 γεγέννηται
447 3589 478 3640 ό
511 3587 640 3649 Υἱὸς
681 3588 746 3638 ὲκ
777 3584 873 3638 τοῦ
903 3585 1137 3656 Πατρδς,
1165 3586 1260 3640 καὶ
1293 3586 1392 3640 οὐκ
1421 3587 1680 3641 ἔκτισται.

1789 2405 2038 2475 quidem,
2087 2411 2182 2458 aut
2231 2403 2336 2456 ulla
2375 2417 2563 2457 earum
2608 2404 2920 2474 cognitione
2968 2405 3175 2475 perfusi
3223 2407 3365 2474 sint,

1789 2511 1966 2566 neque
1997 2495 2128 2565 quid
2163 2495 2266 2550 sibi
2303 2494 2470 2548 velint
2501 2494 2826 2566 intelligant,
2875 2504 3080 2551 temere
3105 2512 3169 2552 ac
3208 2505 3365 2568 petu-

1790 2585 1968 2639 lanter
2004 2585 2355 2640 vehementes
2397 2583 2586 2640 hostes
2635 2585 2965 2656 insurgunt,
3017 2589 3366 2643 occasionem

1792 2678 2032 2747 undique
2061 2685 2369 2747 captantes,
2403 2693 2511 2748 qua
2545 2677 2704 2732 tidem
2744 2687 3014 2745 nostram,
3047 2681 3128 2735 vel
3157 2683 3368 2762 seipsos

1790 2770 1972 2840 potius
2024 2769 2199 2840 (nihil
2253 2769 2398 2823 enim
2445 2769 2710 2824 adversus
2755 2771 3046 2826 veritatem
3099 2774 3366 2846 possunt)

1790 2875 2116 2930 quacunque
2152 2860 2360 2914 ratione
2397 2860 2746 2916 labefactent.
2783 2861 2938 2918 Unde
2965 2879 3087 2934 cum
3126 2865 3200 2936 ita
3229 2866 3368 2921 scri-

1789 2961 1940 3022 ptum
1969 2953 2324 3020 reperissent,
2355 2950 2611 3005 Dominus
2659 2955 2854 3007 creavit
2890 2971 2988 3020 me,
3021 2955 3269 3030 insubide
3299 2971 3362 3030 ac

1791 3044 1912 3101 sine
1952 3045 2062 3098 ullo
2089 3043 2334 3112 judicio,
2383 3042 2531 3098 velut
2561 3059 2656 3113 per
2689 3048 2959 3101 somnium
2982 3086 2998 3111 ,
3031 3048 3144 3106 visa
3179 3029 3367 3104 nescio

1791 3149 1911 3205 quae
1959 3133 2065 3189 sibi
2111 3133 2420 3201 ﬁnxerunt,
2461 3143 2624 3204 atque
2655 3136 2851 3190 inania
2895 3138 3144 3206 quaedam
3196 3139 3367 3194 intro—

1791 3225 2082 3290 duxerunt,
2125 3227 2326 3296 quibus
2357 3235 2632 3282 terrarum
2665 3227 2852 3282 orbem
2884 3243 3213 3300 magnopere
3243 3246 3366 3300 per—

1793 3319 2102 3373 turbarunt.
2137 3315 2401 3373 Caeterum
2443 3317 2710 3375 Hebraice
2753 3317 2910 3390 longe
2940 3320 3097 3374 aliter
3143 3321 3364 3392 legitur,

1793 3409 2022 3479 ideoque
2066 3409 2146 3463 sic
2177 3409 2374 3480 Aquila
2411 3410 2804 3482 interpretatur
2835 3429 2849 3465 :
2889 3411 3146 3467 Dominus
3185 3411 3368 3484 posse—

1792 3501 1869 3553 dit
1917 3517 2014 3554 me.
2056 3499 2243 3556 Solent
2277 3503 2420 3556 enim
2455 3503 2550 3573 qui
2599 3503 2805 3560 liberos
2850 3504 3160 3576 suscipiunt
3199 3507 3366 3579 vulgo

1794 3595 1978 3650 dicere
2006 3613 2018 3650 :
2046 3593 2272 3650 Possedi
2305 3593 2495 3649 ﬁlium.
2551 3595 2874 3667 Quanquam
2909 3613 2978 3654 ne
3006 3597 3201 3674 Aquila
3238 3601 3363 3672 qui-

135 3678 430 3747 Γεγὲννηται
475 3678 536 3731 δὲ
579 3677 824 3747 ἅχρόνῳς
859 3677 952 3730 καὶ
991 3677 1264 3748 ἀνάρχως.
1305 3678 1441 3731 Οῠτε
1470 3678 1579 3750 γὰρ
1610 3679 1682 3734 ενι

1792 3687 1911 3740 dem
1945 3686 2052 3741 vim
2088 3686 2219 3742 satis
2246 3687 2534 3756 expressit.
2567 3685 2704 3741 Nam
2732 3687 2886 3754 illud,
2917 3689 3129 3758 possedi
3161 3689 3362 3759 ﬁlium,

135 3770 294 3838 χρόνος
319 3768 596 3838 ἀναμέσον
623 3768 752 3822 Υιοῦ
781 3767 874 3820 καὶ
903 3765 1136 3837 Πατρός,
1172 3767 1260 3822 ἵνα
1290 3769 1362 3839 μὴ
1394 3769 1582 3840 χρόνος
1608 3788 1682 3834 τις

1789 3793 1980 3834 recens
2011 3777 2217 3848 aliquid
2265 3792 2329 3830 ac
2375 3793 2575 3832 novum
2625 3779 2928 3849 signiﬁcat,
2961 3780 3267 3850 cujusmodi
3308 3782 3362 3836 in

135 3859 250 3930 ὑπὲρ
279 3859 442 3914 πλείω
485 3857 711 3928 γένηται
747 3857 844 3914 τοῦ
877 3857 1028 3913 Υεοῦ.
1061 3859 1124 3912 Et
1166 3859 1274 3932 γὰρ
1297 3860 1368 3913 δι’
1402 3861 1586 3916 αὐτοῦ
1618 3862 1682 3917 τὰ

1793 3867 1904 3923 Deo
1931 3868 2068 3923 nihil
2098 3875 2200 3924 est.
2227 3868 2304 3923 Ac
2336 3869 2381 3924 si
2420 3870 2544 3938 quis
2575 3869 2932 3946 nihilominus
2962 3869 3098 3930 illud
3134 3885 3363 3946 conces-

137 3952 320 4018 πάντα,
343 3951 453 4023 ἄρα
483 3953 580 4006 καὶ
607 3952 654 4004 oi
681 3955 888 4022 χρόνοι.
915 3951 1122 4020 Χρόνου
1151 3951 1206 4004 δὲ
1237 3952 1571 4023 ὑπάρχοντος
1593 3953 1682 4007 τοῦ

1793 3959 1957 4024 serit,
1991 3959 2207 4030 genitus
2241 3966 2425 4014 tamen
2474 3975 2505 4014 a
2551 3959 2717 4016 Patre
2760 3943 2961 4026 Filius,
2989 3976 3098 4016 non
3144 3943 3362 4018 creatus

137 4043 224 4115 πρό
247 4043 460 4098 πάντων
497 4043 678 4107 ὄντος,
721 4044 840 4106 πῶς
879 4042 1031 4096 ἔσται
1077 4043 1264 4112 τοῦ-τος
1308 4045 1467 4100 Ἀλλὰ
1500 4047 1550 4098 εἰ
1579 4045 1682 4116 ἄρα

1790 4049 2190 4105 existimandus
2239 4058 2343 4105 est.
2377 4050 2554 4120 Atque
2606 4051 2682 4105 ita
2734 4052 2949 4121 quidem
2995 4053 3246 4122 genitus,
3302 4061 3364 4110 ut

137 4130 470 4204 ζητηθήσεται
497 4132 658 4196 ἄλλος
687 4133 838 4196 Υἱὸς,
871 4132 940 4186 δι’
967 4124 1038 4185 οὗ
1079 4134 1187 4205 πρὸ
1218 4134 1310 4189 τοῦ
1343 4135 1472 4192 Υῑοῦ
1500 4137 1682 4205 γέγονε

1791 4139 1909 4194 sine
1957 4146 2201 4209 tempore
2243 4147 2338 4193 aut
2386 4140 2544 4196 initio
2591 4141 2662 4196 sit
2701 4144 2941 4210 genitus.
2990 4139 3175 4212 Neque
3215 4143 3360 4196 enim

140 4223 316 4293 χρόνος.
335 4225 446 4278 Καὶ
487 4223 662 4280 πολλὰ
683 4225 854 4289 ἐστιν,
877 4224 913 4279 ἃ.
938 4227 1016 4290 εἰς
1047 4226 1272 4296 ἄπειρον
1305 4226 1538 4297 ἀπορίαν
1564 4225 1682 4294 ἄγει

1791 4227 1988 4284 Filium
2019 4230 2161 4285 inter
2189 4237 2242 4284 et
2285 4228 2505 4284 Patrem
2547 4213 2762 4300 tempus
2795 4231 2964 4286 ullum
2996 4231 3361 4301 interceptum

139 4317 192 4368 τὰ
215 4315 312 4370 τῶν
343 4315 886 4387 περιεργαζομένων,
912 4317 1006 4370 καὶ
1034 4317 1198 4388 μηδὲν
1230 4318 1434 4385 ἀγαθὸν
1459 4317 1682 4390 ἐργαζο-

1788 4331 1910 4387 est,
1954 4337 2023 4376 ne
2061 4337 2167 4392 qua
2200 4323 2460 4390 temporis
2491 4337 2619 4392 pars
2649 4321 2772 4376 Filii
2820 4323 3083 4392 originem
3115 4332 3363 4378 anteces-

144 4405 290 4472 μένων
309 4407 402 4462 ἀνθ
409 4409 612 4481 ρώπων
629 4410 968 4480 φρονήματα.
987 4409 1074 4462 Ἐν
1091 4409 1148 4463 δὲ
1166 4409 1244 4481 τῷ
1272 4409 1547 4482 Ἑϐραῐκῷ
1569 4410 1682 4482 (92)

1787 4411 1928 4468 sisse
1956 4411 2192 4466 dicatur.
2225 4409 2358 4464 Nam
2387 4412 2432 4467 si
2471 4427 2562 4480 per
2593 4412 2766 4484 ipsum
2801 4405 2944 4480 facta
2969 4421 3092 4465 sunt
3119 4413 3298 4467 omnia
3315 4413 3358 4478 ⁸,

141 4494 280 4562 λέγει,
320 4497 578 4566 Ἆΰωναῒ,
606 4499 636 4552 ὃ
679 4499 894 4569 λέγεται
933 4502 1170 4570 Κύριος·
1203 4502 1438 4568 κανανὶ,
1459 4502 1682 4558 δύναται

1787 4504 1952 4560 etiam
2009 4513 2252 4574 tempora
2297 4503 2416 4573 ipsa
2472 4503 2614 4557 facta
2668 4504 2777 4559 sint
2833 4511 3064 4574 oportet.
3113 4505 3266 4571 Quod
3313 4505 3359 4560 si

141 4583 396 4652 λέγεσθαι,
439 4591 540 4644 καὶ
584 4589 925 4647 ὲνόσσευσέ
969 4609 1046 4662 με
1063 4636 1078 4660 ,
1109 4595 1200 4648 καὶ
1245 4593 1544 4662 ἐκτήσατό
1585 4611 1681 4664 με.

1791 4603 2004 4665 tempus
2033 4593 2254 4664 aliquod
2281 4601 2404 4650 ante
2431 4596 2613 4649 omnia
2645 4595 2923 4650 exstitisse
2952 4594 3192 4660 dicatur,
3225 4612 3363 4666 quo-

141 4676 200 4734 Τὸ
215 4679 266 4732 δὲ
295 4681 684 4753 ἁκριὸέστατον
721 4683 958 4753 λέγεται,
1007 4687 1346 4740 ἐνόσσευσέ
1379 4703 1475 4756 με.
1523 4687 1684 4751 Ποῖος

1789 4703 1914 4742 nam
1949 4688 2111 4742 modo
2149 4687 2283 4742 illud
2314 4687 2580 4743 exsistet?
2625 4687 2964 4754 Quaerendus
2993 4689 3250 4744 nimirum
3283 4693 3361 4745 al-

201 4831 217 4863 ¹
242 4829 436 4894 Vitium
461 4836 656 4896 subest
689 4838 817 4894 huic
854 4839 994 4900 loco.
1069 4840 1090 4870 '
1117 4838 1274 4908 Joan.
1309 4857 1386 4906 XI,
1421 4841 1521 4908 25;
1559 4857 1682 4909 xxv,

1851 4843 1872 4875 ³
1911 4842 2068 4900 Joan.
2103 4859 2144 4912 ι,
2171 4845 2226 4900 5.

201 4993 298 5067 (99..)
333 4995 430 5050 Ἐν
474 4997 546 5052 δὲ
587 4994 670 5062 τῷ
708 4993 980 5063 Ἑϐραϊκῷ
1026 4995 1206 5063 λέγει.
1249 4993 1544 5052 Latissime
1593 4997 1683 5052 hic

149 5085 276 5142 locus
325 5089 655 5158 expenditur
703 5087 757 5140 in
800 5087 1086 5139 Ancorato.
1127 5085 1394 5140 llebraica
1442 5103 1548 5142 vox
1584 5100 1689 5176 mp

146 5177 376 5240 possidere
398 5178 696 5249 signiﬁcat.
732 5175 857 5249 Ideo
889 5177 1083 5249 Aquila
1123 5177 1390 5249 ἐκτήσατο
1412 5177 1592 5249 vertit.
1621 5177 1691 5232 At

149 5245 478 5316 exemplaria"
493 5247 684 5302 Graeca
731 5248 896 5315 vulgo
949 5248 1129 5300 ἔκτισε
1156 5245 1267 5314 jam
1302 5255 1414 5300 tum
1451 5248 1601 5312 olim,
1631 5257 1690 5300 ut

149 5315 382 5388 hodieque
419 5319 738 5388 praeferunt.
771 5317 945 5388 Quam
986 5317 1276 5374 lectionem
1305 5317 1460 5388 haud
1497 5318 1692 5388 probat

151 5379 340 5441 Hieron.
373 5379 436 5442 ad
478 5404 630 5450 xxvr,
665 5379 916 5456 capflsa.
951 5401 1094 5440 com.
1124 5388 1225 5456 715,
1267 5387 1356 5441 ubi
1405 5379 1512 5452 ait,
1541 5403 1688 5456 quae-

151 5455 250 5528 darn
276 5459 600 5527 exemplaria
624 5455 762 5528 male
784 5457 838 5518 in
877 5455 1187 5528 Proverbiis
1218 5472 1313 5528 pro
1353 5455 1678 5528 possessione

155 5521 320 5578 habere
345 5521 664 5580 creaturam.
691 5525 892 5579 Verum
944 5521 1322 5595 antiquissima
1353 5521 1440 5582 est
1467 5527 1680 5583 Greece-

155 5603 252 5666 [um
301 5597 545 5652 codicum
595 5597 684 5650 illa
734 5595 924 5666 lectio;
969 5611 1132 5664 quam
1191 5597 1433 5666 plerique
1489 5609 1681 5653 omnes

157 5657 313 5718 Patres
337 5675 662 5734 agnoscunt,
677 5665 840 5720 etiam
876 5657 952 5718 illi
977 5657 1085 5734 qui
1104 5657 1227 5720 ante
1260 5657 1492 5724 Arianos
1515 5667 1680 5724 exsti-

159 5733 345 5807 lerunt,_
361 5733 436 5788 uti
457 5735 632 5807 (ligni.
667 5735 958 5807 Alexandr.
983 5733 1046 5807 in
1061 5733 1411 5807 _Prolreptico,
1445 5737 1680 5807 lgnatius

160 5799 290 5868 epist.
321 5803 374 5869 ι,
403 5803 472 5858 ad
511 5804 817 5871 Tarsenscs,
845 5803 1214 5862 Tertullianus
1235 5799 1370 5862 lib.c
1398 5799 1513 5864 ⁷οιιῖι.
1549 5807 1682 5862 Iler-

1785 5014 1920 5070 nzog.
1970 5013 2090 5068 cap.
2123 4998 2176 5064 9,
2210 4996 2520 5070 Cyprianus
2555 4999 2650 5054 lib.
2688 5015 2749 5064 ιι,
2789 4999 3073 5058 Testimon.
3107 5002 3356 5060 adversus

1786 5067 2202 5137 Judwos,’cap.
2233 5067 2377 5134 l',’ut
2425 5070 2820 5132 Athanasium,
2873 5071 3190 5138 Gregorium
3251 5071 3357 5127 Na-

1788 5137 1962 5191 zianz.
1999 5153 2062 5193 ac
2099 5146 2328 5193 caeteros
2377 5138 2642 5192 omittam.
2679 5143 2920 5205 Quorum
2957 5137 3047 5194 alii
3085 5141 3152 5195 de
3177 5151 3356 5197 creata

1789 5209 2049 5276 sapientia
2081 5209 2262 5262 locum
2297 5208 2446 5262 illum
2479 5209 2778 5276 accipiunt.
2811 5210 2902 5264 alii
2949 5211 3018 5264 ad
3057 5211 3356 5268 increatam
3415 5233 3424 5252 ι

1791 5223 1846 5261 sa
1890 5223 2049 5261 ienna
2081 5223 2262 5262 locum
2297 5223 2446 5262 mum
2479 5223 2778 5276 aceipiunt.
2811 5223 2902 5264 ani
2949 5223 3018 5264 ad
3057 5223 3356 5268 mcreatam
3415 5233 3420 5252 ι

1791 5223 2054 5350 reFerunt.
2105 5277 2366 5350 Quzenos
2399 5292 2680 5350 sacrarum
2711 5277 3041 5350 Litterarum
3085 5281 3357 5350 interpre--
3417 5291 3420 5294 ’

1791 5347 1938 5401 tibus
1965 5347 2302 5418 enucleanda
2345 5345 2684 5416 reliquimus.
2709 5347 2776 5400 At
2801 5347 3134 5418 Epiphanius
3155 5345 3352 5406 novam

1779 5417 2070 5491 quamdam
2129 5415 2394 5491 Hebraico
2453 5415 2624 5491 verbo
2654 5415 2961 5491 motionem
3011 5421 3237 5491 attingit,
3294 5431 3356 5476 ut

1779 5485 1920 5540 idem
1953 5486 2026 5542 sit
2048 5491 2162 5572 mp
2189 5495 2351 5556 atque
2379 5486 2666 5540 ὲνόσσευσέ
2689 5505 2780 5558 με,
2810 5491 2968 5559 quasi
2995 5485 3257 5561 scripiuni
3281 5496 3354 5548 sit

1777 5585 1894 5663 mp
1925 5592 1958 5630 a
1985 5577 2298 5647 duplicante
2325 5577 2472 5634 Aiin.
2503 5577 2640 5634 Nam
2667 5586 2756 5664 pp
2788 5587 2872 5636 est
2907 5581 3184 5651 nidiﬁcare
3231 5583 3350 5638 sive

1778 5668 1928 5742 nidos
1961 5677 2298 5742 construere:
2327 5669 2472 5739 quod
2503 5685 2617 5742 non
2643 5671 2784 5726 idem
2815 5681 2900 5742 est
2925 5688 2992 5728 ac
3015 5674 3150 5742 fetus
3173 5673 3354 5728 exclu-

1778 5740 1919 5812 dere,
1955 5741 2036 5812 vel
2066 5740 2368 5812 producere,
2393 5747 2465 5812 _ut
2503 5741 2805 5795 arbitratur
2839 5740 3196 5812 Epiphanius.
3221 5744 3348 5799 ideo

1779 5811 1962 5864 nullus
1982 5809 2110 5864 huic
2136 5811 2359 5881 argutiae
2391 5810 2545 5864 locus
2575 5819 2678 5867 est.
