3826 6206
444 406 552 469 245
1866 414 1923 469 S.
1966 412 2028 470 El

2133 412 2304 469 HANII
3615 407 3709 468 ω

446 532 531 577 ter
572 519 730 576 nobis
766 519 979 590 Filius,’
1007 539 1037 579 a
1084 540 1195 596 quo
1246 532 1463 597 tempus
1511 535 1638 583 ante
1673 525 1870 582 Filium
1900 543 2028 597 pro-

2134 528 2191 584 δὲ
2232 523 2422 588 νοσσὸς
2467 523 2568 578 οὐκ
2618 521 2727 577 ἀπὸ
2770 519 2988 591 φύσεως
3031 519 3127 575 τοῦ
3167 517 3560 592 γεγεννηκότος
3596 537 3710 589 γεν-

445 610 672 668 ductum
704 614 796 668 sit.
828 616 1097 672 Sescenta
1128 625 1257 673 sunt
1289 620 1417 685 alia,
1450 620 1651 689 quibus
1681 619 2028 679 curiosorum
2137 621 2315 685 νᾶταις

442 708 766 772 hominum,
824 725 1001 780 neque
1051 711 1177 766 boni
1237 712 1536 783 quidquam
1617 712 1963 768 aﬁ‘erentium
2016 712 2235 784 ingenia
2302 708 2778 766 inextricabilibus
2831 706 3212 762 difﬁcultatum
3277 706 3490 775 laqueis
3548 704 3709 775 impli-

444 809 663 857 cantur.
714 799 833 856 Jam
880 820 1011 859 vero
1064 804 1333 861 Hebraice
1395 808 1469 860 ita
1523 807 1769 877 legitur:
1806 807 2058 873 Adimai,
2114 808 2222 863 hoc
2271 813 2358 862 est
2406 805 2705 872 Dominus,
2758 803 2987 865 canani,
3038 802 3146 856 hoc
3182 809 3297 865 est,
3348 800 3485 855 velut
3524 800 3710 869 pullum

442 892 607 945 edidit
649 910 758 958 me,
812 895 894 949 vel
932 896 1163 964 possedit
1206 914 1307 953 me.
1361 897 1531 952 Multo
1590 908 1770 955 autem
1828 899 2175 955 commodius
2213 906 2333 965 est,
2371 905 2431 953 ut
2461 898 2645 968 priore
2690 895 2855 951 modo
2901 893 3186 959 reddatur,
3248 902 3503 963 tanquam
3564 892 3710 962 750

443 984 649 1053 pullum
681 985 847 1039 edidit
893 1004 996 1043 me.
1036 989 1239 1058 Ecquis
1271 1005 1399 1045 vero
1432 978 1629 1060 pullus
1671 1007 1739 1046 ex
1784 993 1905 1060 ejus
1933 1005 2128 1048 natura
2154 1007 2265 1046 non
2299 990 2694 1061 proﬁciscitur,
2730 1003 2760 1042 a
2790 1002 2901 1057 quo
2934 987 3152 1058 genitus
3186 993 3271 1040 est
3298 985 3322 1039 ’ἒ

514 1077 613 1134 Est
642 1079 733 1133 illa
764 1080 986 1150 quidem
1021 1081 1431 1139 formandorum
1457 1101 1750 1157 corporum
1782 1090 1945 1149 ratio.
1972 1098 2031 1145 ut

443 1185 513 1225 ex
543 1171 834 1243 utriusque
858 1173 1251 1243 conjunctione
1292 1192 1457 1233 sexus
1497 1179 1639 1235 fetus
1664 1196 1855 1237 omnes
1886 1182 2031 1236 exsi-

447 1268 621 1325 stant,
651 1262 815 1333 idque
845 1264 1027 1335 ipsum
1062 1275 1171 1321 tam
1208 1267 1263 1321 in
1296 1269 1534 1335 homine,
1576 1286 1739 1339 quam
1779 1272 1831 1325 in
1862 1287 2031 1342 pecu-

445 1357 632 1425 dibus,
649 1359 993 1427 volucribus,
1021 1376 1085 1416 ac
1116 1364 1331 1419 caeteris
1355 1365 1732 1421 animantibus
1757 1364 2029 1421 videmus.

443 1452 813 1519 Quamobrem
869 1455 1189 1526 unigenitus
1216 1456 1311 1512 Dei
1343 1456 1531 1524 Filius,
1566 1458 1819 1529 idemque
1851 1460 2030 1529 perfe-

442 1548 534 1596 cta
558 1540 738 1599 Patris
762 1544 1032 1615 sapientia
1067 1561 1193 1602 cum
1222 1546 1296 1602 ita
1328 1548 1591 1617 perﬁcere
1621 1551 1807 1604 omnia
1843 1551 2026 1615 Vellet,

443 1646 506 1692 ut
546 1638 613 1692 ad
661 1638 915 1695 homines
961 1640 1329 1697 moderandos
1371 1657 1435 1699 ac
1490 1644 1849 1713 corrigendos
1880 1644 2028 1699 vale-

443 1736 590 1793 rent,
642 1744 713 1783 ne
746 1729 871 1798 quis
906 1727 973 1784 de
1019 1730 1138 1800 ipso
1167 1730 1304 1787 falsa
1344 1732 1593 1803 quasdam
1628 1734 2028 1803 suspicaretur,

443 1826 497 1872 ct
522 1833 554 1873 a
585 1820 813 1876 veritate
832 1820 1104 1877 excideret
1120 1865 1133 1888 ,
1152 1832 1403 1878 naturam
1431 1824 1672 1881 hominis
1694 1827 2028 1896 suscipiens,

443 1918 634 1980 atque,
669 1920 728 1965 ut
776 1921 975 1967 natura
1018 1912 1146 1979 fert,
1173 1914 1239 1970 de
1269 1918 1500 1973 muliere
1525 1917 1770 1989 genitus,
1806 1924 2032 1989 totoque

444 2002 828 2072 parturitionis
883 2014 1127 2076 tempore
1173 2006 1227 2064 in
1266 2008 1510 2080 Virginis
1559 2018 1717 2066 utero
1753 2012 2029 2077 residens,

444 2107 792 2164 nequaquam
823 2105 907 2150 est
951 2111 1018 2150 ex
1050 2097 1187 2152 virili
1241 2100 1451 2155 semine
1496 2100 1753 2171 genitus,
1796 2117 1866 2157 ne
1923 2119 2031 2173 qua

445 2184 531 2240 vel
561 2185 617 2239 in
648 2185 749 2240 hac
781 2201 1045 2257 corporea
1074 2191 1430 2258 generatione
1458 2208 1688 2249 sexuum
1723 2195 1919 2265 copula
1952 2211 2036 2252 es-

444 2283 530 2334 set
581 2291 646 2334 ac
688 2279 1031 2348 conjunctio.
1070 2279 1271 2340 Verum
1318 2284 1435 2339 soia
1478 2301 1545 2341 ex
1596 2295 1771 2343 matre
1808 2302 2032 2343 carnem

452 2372 686 2441 accepit,
741 2373 1149 2446 perfectamque
1193 2377 1249 2432 in
1295 2394 1418 2435 sese
1460 2379 1701 2438 hominis
1748 2392 2029 2448 naturam,

448 2477 625 2533 neque
660 2478 940 2530 mancam,
966 2474 1059 2520 aut
1091 2466 1383 2534 defectam,
1438 2469 1534 2524 sed
1575 2485 1756 2526 veram
1789 2485 1854 2525 ac
1892 2485 2031 2525 con-

448 2562 778 2610 summatam
809 2560 1100 2627 expressit.
1148 2556 1284 2612 Nam
1322 2559 1542 2615 tametsi
1572 2560 1799 2615 minime
1824 2576 1891 2617 ex
1928 2560 2032 2615 viri

445 2654 570 2701 satu
606 2646 897 2717 prodierit,
952 2650 1087 2704 nihil
1118 2650 1165 2705 ei
1202 2658 1384 2707 tamen
1419 2650 1489 2705 ad
1524 2650 1893 2723 integritatem
1935 2651 2033 2708 de-

447 2737 585 2805 fuit;
612 2739 860 2812 adeoque
898 2741 1015 2799 suis
1043 2742 1300 2801 omnibus
1340 2743 1589 2814 partibus
1617 2744 1905 2800 absolutus
1936 2761 2031 2801 ex-

445 2826 606 2892 stitit,
652 2843 838 2897 carne,
869 2833 1080 2897 nervis,
1125 2834 1305 2898 venis,
1348 2848 1413 2888 ac
1460 2835 1686 2905 reliquis
1720 2835 2028 2904 ejusmodi,

446 2915 631 2971 anima
658 2926 923 2988 praeterea
950 2936 1112 2992 quam
1146 2938 1258 2979 non
1288 2926 1472 2994 specie
1498 2932 1683 2991 tenus,
1719 2926 1815 2981 sed
1851 2928 2031 2996 reipsa

446 3008 726 3077 suscepit;
758 3009 1013 3066 similiter
1038 3018 1093 3068 et
1127 3022 1389 3078 mentem,
1422 3015 1638 3085 aliaque
1671 3017 1883 3079 omnia,
1907 3018 2032 3087 qui-

445 3097 554 3154 bus
584 3098 828 3157 hominis
862 3109 1057 3167 natura
1095 3114 1331 3170 constat,
1366 3116 1561 3176 praeter
1591 3117 1903 3179 peccatum,
1933 3125 2032 3180 pro

446 3202 515 3242 eo
564 3203 630 3243 ac
675 3191 942 3262 scriptum
987 3205 1071 3257 est
1112 3211 1126 3247 :
1174 3194 1426 3257 Tantalus
1474 3213 1567 3263 per
1615 3199 1796 3253 omnia
1835 3199 2030 3268 absque

2210 1088 2322 1140 Καὶ
2379 1079 2483 1139 ὧδε
2535 1085 2634 1156 μὲν
2684 1085 2742 1136 ὲν
2792 1085 2904 1146 τοῖς
2943 1082 3278 1152 σωματικοῖς
3316 1079 3599 1144 πλαστίοις
3634 1080 3709 1133 διὰ

2141 1179 2497 1249 συνδυασμῶν
2543 1176 2770 1250 ἄρρενός
2791 1192 2849 1228 τε
2889 1174 2984 1228 καὶ
3009 1173 3230 1244 θηλείας
3262 1171 3330 1225 τὰ
3358 1172 3709 1243 νοσσευὸμενσ

2110 1272 2347 1341 γίνεται
2381 1268 2489 1323 άπὸ
2528 1267 2816 1341 ἀνθρώπου
2861 1267 2966 1330 ἕως
3012 1267 3263 1337 κτήνους,
3312 1266 3405 1319 καὶ
3440 1266 3708 1332 πετεινῶν,

2140 1365 2234 1418 καὶ
2263 1363 2371 1417 τῶν
2393 1362 2587 1418 ἄλλων.
2614 1362 2813 1432 Διόπερ
2837 1363 2865 1414 6
2896 1359 3231 1431 Μονογενὴς,
3259 1358 3327 1413 τά
3349 1358 3530 1412 πάντα
3564 1359 3710 1428 σοφία

2136 1452 2214 1508 ὢν
2253 1454 2349 1507 τοῦ
2401 1453 2634 1524 Πατρὸς,
2673 1453 2767 1504 καὶ
2817 1450 3138 1522 βουλόμενος
3195 1449 3288 1503 ἐπὶ
3333 1448 3614 1520 διορθώσει
3653 1451 3710 1503 τὰ

2137 1546 2315 1601 πάντα
2339 1543 2699 1617 ἐργάσασθαι,
2737 1544 2825 1597 ῖνα
2857 1544 2931 1614 μή
2959 1560 3041 1606 τις
3069 1544 3147 1606 εἰς
3182 1541 3344 1595 αὑτὸν
3380 1539 3657 1610 λογίσηται
3679 1540 3709 1593 ά

2140 1638 2216 1709 μὴ
2266 1637 2403 1702 ἔστι,
2444 1637 2538 1691 καὶ
2588 1635 2796 1708 ἐκπέσῃ
2827 1637 2928 1706 τῆς
2960 1635 3241 1707 ἀληθείας,
3297 1634 3608 1705 ὲνδημήσας
3641 1634 3709 1703 τῷ

2137 1729 2244 1783 τῶν
2272 1728 2573 1801 ἀνθρώπων
2594 1728 2763 1798 γένει,
2798 1728 2891 1781 καὶ
2910 1727 3069 1796 φύσει
3100 1726 3209 1782 ἀπὸ
3240 1726 3499 1796 γυναικὸς
3534 1743 3711 1797 γεννη-

2139 1821 2273 1885 θεὶς,
2333 1822 2427 1875 καὶ
2472 1822 2530 1874 ὲν
2584 1821 2769 1892 μήτρᾳ
2815 1819 3094 1891 Παρθένου
3141 1818 3455 1879 ἀνακλιθεὶς
3494 1818 3585 1871 τὸν
3616 1818 3710 1870 τῶν

2138 1915 2445 1986 κυοφορίων
2489 1914 2703 1985 χρόνον,
2747 1913 2848 1966 οὐκ
2889 1913 2997 1967 ἀπὸ
3027 1912 3343 1983 σπέρματος
3374 1910 3568 1981 ἀνδρὸς
3597 1926 3703 1961 σιιν⁴

2135 2005 2367 2077 ελήφθη,
2400 2006 2488 2058 ἵνα
2515 2006 2590 2077 μὴ
2612 2000 2956 2075 συνδυασμὸς
2999 2004 3093 2057 καὶ
3121 2002 3473 2076 παραπλοκὴ,
3505 2000 3638 2075 [καὶ]
3660 2003 3709 2055 ἐν

2133 2103 2201 2171 τῇ
2235 2100 2484 2171 ὲνσάρκῳ
2528 2099 2780 2168 γεννήσει
2818 2098 3067 2167 γένηται,
3119 2096 3233 2150 ἀλλ’
3272 2097 3339 2149 ὲκ
3388 2095 3596 2165 μητρὸς
3623 2112 3709 2165 μο-

2134 2188 2351 2253 νοειδῶς
2397 2188 2555 2242 ἔλαϐε
2603 2188 2704 2258 τὴν
2732 2187 2935 2259 σάρκα,
2969 2186 3063 2239 καὶ
3097 2186 3178 2249 είς
3209 2183 3402 2237 ἑαυτὸν
3436 2183 3709 2254 ἐπλήρωσε

2133 2281 2344 2335 τελείαν
2368 2280 2465 2352 τὴν
2494 2278 2687 2333 ἑαυτοῦ
2714 2278 3152 2351 ὲνανθρώπησιν,
3182 2278 3282 2331 οὐκ
3308 2276 3505 2345 ἐλλιπῆ
3535 2272 3708 2337 οὖσαν,

2133 2371 2271 2427 ἀλλὰ
2289 2371 2568 2444 ἀληθινήν.
2599 2371 2710 2426 Καὶ
2740 2372 2822 2425 ὅτι
2849 2372 2950 2439 οὐκ
2994 2370 3103 2424 ἀπὸ
3136 2369 3453 2440 σπέρματος
3484 2369 3505 2398 ⁸
3533 2366 3709 2439 ἀνδρὸς

2131 2465 2232 2518 οὐκ
2259 2458 2350 2536 ἦν,
2382 2459 2495 2535 εἶχε
2532 2481 2584 2517 τι
2621 2462 2857 2527 ἐλλιπές.
2893 2463 3078 2517 Πάντα
3111 2461 3218 2532 γὰρ
3246 2460 3470 2524 τελείως
3503 2458 3626 2529 ἔσχε
3650 2458 3708 2512 τὰ

2132 2556 2311 2610 πάντα
2361 2555 2520 2626 ἔχων,
2548 2555 2749 2628 σάρκα,
2788 2554 2882 2609 καὶ
2925 2554 3114 2625 νεῦρα,
3149 2554 3245 2606 καὶ
3280 2551 3507 2621 φλέϐας,
3538 2552 3627 2606 καὶ
3648 2550 3710 2605 τὰ

2133 2649 2270 2710 ἀλλα
2297 2650 2475 2703 πάντα
2499 2649 2599 2702 ὅσα
2628 2648 2745 2701 ἐστί
2766 2664 2783 2680 ο
2813 2647 2991 2719 ψυχὴν
3014 2648 3070 2701 δὲ
3103 2645 3396 2717 ἀληθινῶς,
3428 2647 3528 2699 καὶ
3549 2646 3608 2698 οὐ
3631 2645 3709 2697 δο-

2132 2743 2312 2814 κήσει,
2348 2741 2472 2796 νοῦν
2493 2741 2549 2803 δὲ
2578 2741 2673 2795 καὶ
2706 2740 2773 2795 τὰ
2802 2740 2981 2795 πάντα
3001 2740 3104 2794 ὅσα
3145 2739 3294 2793 ἐστὶν
3336 2740 3393 2790 ὲν
3418 2741 3483 2810 τῇ
3517 2737 3712 2809 ἀνθρω-

2132 2836 2299 2907 πήσει
2322 2836 2489 2906 χωρὶς
2530 2833 2827 2906 ἁμαρτίας,
2859 2834 2935 2898 ὡς
2973 2834 3282 2905 γέγραπται
3305 2850 3319 2863 ο
3357 2829 3711 2899 Πεπειριιμέ-

2131 2945 2240 2993 νος
2287 2927 2440 2981 κατὰ
2496 2926 2697 2981 πάντα
2741 2927 2821 2992 ὡς
2840 2925 3155 2993 ἄνθρωπος
3179 2922 3358 2993 χωρὶς
3384 2922 3673 2992 ἁμαρτίας
3693 2938 3706 2951 ο

2134 3019 2241 3084 ἵνα,
2295 3020 2353 3071 ὲν
2399 3017 2489 3089 τῷί
2538 3017 2826 3089 μονοειδῶς
2876 3017 3107 3077 ἐνταῦθα
3158 3016 3267 3071 ἀπὸ
3310 3015 3519 3086 μητρὸς
3578 3014 3712 3067 κατὰ

2134 3110 2314 3180 σάρκα
2346 3110 2726 3180 γεγεννῆσθαι,
2760 3109 3003 3175 τελείως,
3026 3110 3121 3163 καὶ⁵
3153 3110 3253 3165 οὐκ
3284 3107 3543 3171 ἐλλιπῶς,
3572 3107 3712 3179 δείξῃ

2129 3202 2241 3265 τοῖς
2267 3198 2609 3271 βουλομένοις
2633 3200 2764 3271 ὀρᾷν
2795 3199 2897 3273 τὴν
2924 3197 3202 3269 ἀλήθειαν,
3234 3199 3328 3251 καὶ
3362 3196 3439 3267 μὴ
3470 3196 3711 3266 τυφλώτ-

448 3287 662 3346 peccato
685 3281 726 3334 '.
764 3259 835 3336 [lt
859 3297 983 3337 cum
1014 3285 1128 3347 sola
1154 3301 1217 3341 ex
1246 3295 1419 3342 matre
1448 3259 1710 3357 perfecte,
1738 3298 1792 3344 et
1819 3259 2028 3361 absque

2133 3259 2245 3347 τειν
2267 3259 2359 3347 τὸν
2390 3259 2519 3347 ἴδιον
2546 3259 2831 3351 νοῦν-’.ὅτι
2850 3259 2958 3344 ’καὶ
2994 3259 3105 3345 άνω
3138 3259 3211 3344 ὲκ
3242 3259 3460 3363 Πατρὸς
3501 3259 3711 3351 τελείως

450 3369 564 3425 ullo
587 3370 801 3429 defectu
830 3376 1132 3431 secundum
1164 3370 1388 3435 carnem
1420 3380 1512 3437 hic
1537 3381 1756 3451 genitus
1788 3384 1895 3438 sit:
1922 3384 2027 3438 hoc

448 3461 629 3534 ipsum
672 3464 757 3520 his
785 3468 1060 3533 ostendat,
1098 3469 1191 3540 qui
1215 3470 1497 3526 veritatem
1533 3472 1758 3536 intueri,
1789 3488 1891 3529 nec
1928 3489 2027 3529 ex-

2131 3385 2475 3457 γεγέννηται,
2536 3384 2785 3457 άχρόνως
2836 3383 2932 3436 καὶ
2978 3383 3267 3454 ἀνάρχως,
3310 3382 3407 3436 καὶ
3458 3382 3613 3436 κάτω
3654 3382 3713 3433 ἐκ

2136 3478 2341 3552 μητρὸς
2371 3478 2540 3550 μόνης
2568 3477 2888 3547 γεγέννηται
2914 3475 3201 3546 ἀχράντως
3242 3475 3337 3528 καὶ
3372 3474 3709 3544 ἀμολύντως.

449 3562 648 3609 caecata
680 3565 862 3613 mente
892 3574 1013 3615 esse
1042 3562 1339 3627 voluerint,
1364 3577 1488 3618 cum
1525 3563 1580 3617 in
1611 3565 1753 3621 caelo
1782 3566 2025 3636 perfecte
2061 3570 2183 3626 sine
2210 3573 2321 3627 ullo
2351 3581 2616 3642 tempore,
2651 3578 2747 3624 aut
2781 3569 2940 3623 initio
2969 3583 3037 3623 ex
3068 3566 3253 3634 Patre,
3275 3575 3390 3621 tum
3461 3568 3520 3623 in
3574 3575 3710 3623 terra

448 3645 567 3702 sine
597 3645 715 3703 labe
746 3648 856 3713 ulla
885 3660 940 3705 et
973 3652 1205 3717 macula,
1238 3654 1352 3709 sola
1383 3669 1442 3710 se
1471 3670 1595 3711 esse
1626 3655 1693 3711 de
1719 3664 1895 3713 matre
1924 3659 2188 3728 genitum.

519 3736 710 3793 XXVI.
755 3742 932 3812 Atque
965 3750 1024 3797 ut
1056 3759 1219 3801 voces
1247 3746 1365 3801 illas
1396 3747 1840 3818 interpretemur,
1883 3749 2029 3804 Ado-

447 3831 575 3896 nai,
650 3834 875 3898 canani,
934 3834 1039 3889 hoc
1091 3844 1205 3897 est,
1249 3837 1508 3892 Dominus
1554 3839 1859 3909 fwdiﬁcavit
1911 3858 2026 3903 me;

449 3922 715 3994 quidquid
750 3924 977 3988 alterum
1005 3927 1198 3998 gignit,
1256 3929 1437 3985 simile
1470 3931 1662 3999 utique
1692 3931 1797 3985 sibi
1829 3931 2026 4001 gignit.

452 4015 593 4085 Ergo
618 4022 673 4069 et
705 4016 977 4072 hominem
1020 4018 1182 4072 homo
1220 4029 1476 4091 generat,
1524 4029 1578 4077 et
1621 4022 1765 4081 Deus
1808 4022 1977 4078 Deum
2010 4038 2025 4077 :

448 4107 541 4162 ille
570 4120 757 4171 carne,
786 4108 877 4170 hic
903 4111 1101 4180 spiritu
1130 4122 1375 4183 generat.
1407 4112 1599 4180 Qualis
1634 4130 1802 4185 porro
1832 4123 2031 4188 estge-

448 4214 653 4257 nerans
680 4200 865 4266 homo,
892 4204 1017 4259 talis
1045 4211 1130 4259 est
1153 4210 1209 4259 et
1232 4206 1465 4275 genitus.
1484 4204 1660 4263 Homo
1686 4208 1780 4278 qui
1804 4217 2030 4280 generat

445 4308 573 4349 cum
615 4293 999 4359 aﬁectionibus
1037 4296 1111 4353 sit
1157 4298 1429 4356 obnoxius
1453 4340 1468 4365 ,
1514 4302 1740 4371 perinde
1768 4311 1822 4358 et
1855 4302 2028 4357 ﬁlium

449 4385 661 4456 gignit;
716 4385 858 4442 Deus
903 4397 1088 4445 autem
1129 4391 1279 4445 omni
1330 4392 1619 4449 affectione
1645 4409 1865 4461 carens,
1904 4396 2030 4450 sine

448 4478 639 4533 eadem
669 4486 724 4533 et
756 4479 1000 4549 genitum
1037 4496 1069 4536 a
1095 4497 1155 4537 se
1179 4480 1377 4537 Filium
1404 4485 1701 4553 produxit;
1728 4494 1782 4540 et
1805 4486 2028 4556 quidem

2120 3822 2125 3825 ι
2203 3749 2483 3816 Κεῖ’σ”1να
2515 3753 2573 3807 δὲ
2605 3753 2700 3807 καὶ
2744 3752 3170 3825 ἑρμηνεύσωμεν
3196 3751 3293 3822 τὴν
3342 3749 3441 3805 τοῦ
3485 3752 3712 3808 Ἄδων-οἶ

2130 3844 2346 3901 κανανὶ
2396 3846 2560 3914 λέξιν,
2603 3846 2742 3917 ὅπερ
2786 3846 2923 3909 ἐστὶ,
2961 3846 3175 3913 Κύριος
3222 3844 3571 3898 ἐνόσσευσέ
3610 3858 3708 3914 με·

2132 3940 2242 3992 πᾶν
2264 3938 2372 4010 γὰρ
2424 3937 2485 3991 τὸ
2524 3938 2729 4007 γεννῶν
2778 3936 3040 4009 ὅμοιόνντι
3070 3936 3342 4005 γεννήσει.
3396 3935 3709 4008 ’Λνθρωπος

2130 4029 2419 4103 ἄνθρωπον
2463 4031 2647 4102 γεννᾷ,
2675 4031 2769 4083 καὶ
2806 4029 2938 4092 Θεὸς
2965 4028 3117 4083 Θεόν.
3158 4029 3269 4082 Καὶ
3300 4026 3330 4080 6
3362 4026 3491 4099 ph,
3514 4027 3715 4099 ἄνθρω-

2137 4140 2238 4186 πος
2278 4123 2441 4193 γεννᾷ
2494 4122 2636 4177 κατὰ
2666 4122 2866 4194 σάρκα,
2904 4120 3035 4185 Θεὸς
3066 4121 3124 4175 δὲ
3159 4121 3298 4179 κατὰ
3337 4120 3581 4192 πνεῦμα.
3610 4120 3712 4173 Καὶ

2132 4211 2244 4280 οἷος
2270 4216 2298 4267 6
2332 4214 2535 4283 γεννῶν
2579 4214 2885 4287 ἄνθρωπος,
2944 4214 3187 4277 τοιοῦτος
3225 4213 3321 4267 καὶ¹
3351 4221 3379 4267 6
3415 4214 3513 4267 ὑπ’
3552 4212 3709 4267 αὑτοῦ

2132 4306 2488 4378 γεννώμενος.
2537 4307 2681 4360 Εῖσω
2731 4305 2918 4360 παθῶν
2949 4305 3334 4376 περιεχόμενος
3373 4308 3401 4359 6
3452 4306 3711 4376 γεννήσας

2132 4398 2417 4467 ἄνθρωπος
2447 4400 2538 4452 τὸν
2575 4399 2704 4453 ἴδιον
2752 4398 2893 4451 υἱόν·
2921 4397 3014 4451 καὶ
3040 4398 3068 4449 ὀ
3097 4395 3315 4466 ἀπαθὴς
3348 4396 3485 4459 θεὸς
3511 4396 3604 4447 τὸν
3625 4396 3708 4446 ὑπ’

2131 4490 2294 4545 αὐτοῦ
2318 4492 2714 4562 γεγεννημένον
2731 4491 2858 4544 Υἰὸν
2874 4489 3100 4553 ἀπαθῶς
3120 4489 3405 4559 ἐγέννησεν
3422 4488 3707 4560 ἀληθινὰ,

450 4584 579 4627 vere
609 4586 716 4626 non
754 4572 936 4641 specie
974 4573 1115 4637 sola,
1159 4590 1225 4630 ex
1272 4576 1591 4645 semetipso,
1620 4593 1731 4633 non
1776 4589 1929 4634 extra
1969 4595 2028 4635 se

2134 4583 2225 4636 καὶ
2266 4584 2325 4635 οὑ
2380 4583 2600 4653 δοκήσει
2624 4583 2732 4637 ἀπὸ
2763 4582 2979 4645 ἑαυτοῦ,
3008 4582 3103 4635 καὶ
3142 4583 3242 4635 οὐκ
3271 4582 3471 4648 ἔξωθεν
3500 4582 3706 4646 ἑαυτοῦ,

451 4665 672 4735 genuit;
717 4666 945 4737 spiritus
1000 4668 1208 4737 utique,
1263 4668 1383 4725 sine
1423 4670 1554 4734 ulla,
1606 4672 1685 4725 uti
1714 4670 1860 4735 dixi,
1892 4672 2025 4728 affe-

451 4754 656 4821 ctione,
687 4770 751 4809 ac
779 4755 899 4811 sine
928 4754 1117 4810 eadem
1146 4756 1399 4826 spiritum
1432 4774 1721 4828 generans,
1760 4760 1904 4816 Deus
1943 4762 2027 4817 af-

452 4845 707 4904 fectionis
738 4865 935 4920 expers
965 4864 1151 4905 verum
1194 4850 1363 4905 Deum
1400 4853 1520 4908 sine
1553 4853 1840 4909 aﬁ‘ectione
1865 4854 2022 4925 751

381 5000 387 5007 ,
451 4940 783 5010 producens.
815 4942 1037 5005 Etenim,
1062 4942 1151 4997 ille
1194 4943 1331 5013 ipse,
1362 4945 1456 5013 qui
1487 4946 1691 5000 creavit
1725 4947 1928 5012 omnia,
1971 4947 2025 5001 id

449 5032 594 5104 quod
626 5041 776 5088 netu
813 5035 1031 5105 quidem
1065 5035 1295 5090 inﬁciari
1326 5035 1514 5101 audes,
1541 5051 1574 5091 o
1596 5038 1711 5104 Ari,
1746 5038 1910 5104 idem,
1941 5039 2027 5093 in-

446 5140 647 5197 quam,
682 5124 880 5182 Filium
911 5127 1118 5198 genuit.
1168 5128 1349 5194 Quare
1399 5128 1446 5185 si
1488 5129 1633 5185 istud
1666 5131 1933 5200 objicias:
1972 5130 2029 5186 Si

450 5218 659 5286 genuit,
696 5219 1007 5288 passionem
1049 5220 1289 5291 aliquam
1318 5220 1589 5292 gignendo
1617 5232 1875 5293 expertus
1907 5233 2024 5291 est;

448 5308 545 5362 tibi
578 5308 679 5363 hoc
702 5310 938 5367 vicissim
970 5326 1308 5381 opponemus
1342 5329 1355 5365 :
1395 5311 1451 5367 Si
1478 5315 1791 5384 generando
1821 5318 2035 5387 aliquid.

448 5413 644 5467 passus
686 5408 801 5467 est,
848 5403 1013 5457 etiam
1062 5404 1119 5457 in
1149 5403 1388 5458 creando
1426 5404 1715 5461 laboravit.
1759 5408 1867 5463 Res
1907 5409 2026 5477 ipsa

446 5503 612 5558 porro
633 5489 712 5544 sic
737 5507 796 5546 se
829 5491 1012 5557 habet,
1033 5499 1093 5547 ut
1117 5508 1458 5564 quaecunque
1481 5495 1734 5559 voluerit,
1760 5498 1812 5551 in
1842 5498 2024 5567 seipso

448 5580 687 5651 perfecte
717 5582 1029 5650 contineat;
1062 5599 1126 5639 ac
1170 5589 1346 5656 neque
1385 5586 1438 5641 in
1470 5587 1635 5642 rebus
1669 5588 2024 5657 procreandis

445 5671 787 5730 affectionem
838 5675 1004 5731 ullam
1057 5677 1351 5747 suscipiat,
1403 5693 1581 5749 neque
1614 5690 1836 5751 propter
1882 5681 2025 5736 inte-

2126 4672 2352 4745 Πνεῦμα
2372 4673 2447 4728 ὢν
2470 4674 2698 4741 ἀπαθὲς,
2724 4676 2818 4728 καὶ
2843 4674 3045 4743 γεννῶν
3064 4675 3290 4745 Πνεῦμα
3306 4674 3562 4739 άπαθιᾱ,
3584 4674 3708 4737 Θεὸς

2126 4764 2201 4818 ῶν
2232 4765 2467 4837 ἀπαθὴς,
2495 4765 2626 4819 Θεὸν
2657 4766 2908 4837 ἀληθινὸν
2930 4768 3197 4838 γεννήσας
3228 4766 3475 4828 ἀπαθῶς.
3513 4769 3578 4819 Εἰ
3607 4767 3707 4835 γὰρ

2126 4855 2288 4918 αὐτὸς
2314 4855 2494 4909 ἔκτισε
2521 4856 2590 4909 τά
2612 4857 2811 4920 πάντα,
2846 4858 2940 4910 καὶ
2982 4857 3283 4927 ὁμολογεῖς,
3314 4851 3359 4910 ὧ
3389 4859 3456 4909 'A
3470 4875 3604 4927 ρειε,
3632 4859 3706 4909 ὃτι

2126 4945 2379 5000 κέκτικεν
2404 4949 2433 5000 6
2464 4946 2596 5011 Θεὸς
2623 4948 2692 5002 τὰ
2728 4950 2927 5015 πάντα,
2959 4949 3116 5012 αὐτὸς
3150 4949 3244 5002 καὶ
3270 4949 3360 5002 τὸν
3396 4949 3529 5003 Υἱὸν
3568 4948 3707 5016 ἐγέν-

2128 5053 2311 5108 νησεν.
2338 5039 2403 5091 Et
2426 5038 2483 5091 δὲ
2506 5038 2702 5108 λέγεις,
2742 5039 2869 5094 Ἐὰν
2897 5040 3202 5111 ἐγέννησεν,
3225 5040 3391 5094 ἔπαθε
3418 5043 3704 5112 γεννήσας*

2128 5130 2222 5183 καὶ
2277 5132 2437 5201 ἡμεῖς
2483 5131 2619 5202 πρὸς
2655 5132 2714 5185 σὲ
2752 5132 3006 5203 ἐροῦμεν,
3030 5134 3134 5195 ὅτι,
3166 5134 3215 5186 εἰ
3249 5132 3454 5201 γεννῶν
3510 5132 3705 5195 ἔπαθε,

2128 5224 2377 5295 κέκμηκε
2399 5223 2610 5290 κτίσας,
2655 5223 2793 5277 ἀλλὰ
2824 5226 2940 5296 ἅμα
2969 5226 3147 5279 πάντα
3176 5228 3211 5279 a
3238 5225 3513 5296 βούλεται,
3542 5226 3707 5279 πάντα

2125 5316 2240 5387 ἔχει
2263 5318 2321 5370 ὲν
2375 5317 2551 5387 ἐαυτῷ
2581 5319 2638 5370 ἐν
2663 5318 2998 5388 τελειότητι·
3032 5320 3126 5372 καὶ
3158 5316 3280 5370 οὔτε
3310 5319 3370 5369 ὲν
3401 5318 3485 5387 τῷ
3508 5316 3705 5381 κτίζειν

2123 5407 2204 5470 εἰς
2228 5407 2318 5460 τὸν
2352 5408 2516 5462 Υἰὸν⁸
2544 5409 2712 5473 πάθος
2735 5410 3017 5481 ὲνσκήψει,
3048 5409 3171 5462 οῦτε
3206 5409 3702 5479 πάθεισδνέχεσθαι

2122 5495 2183 5548 τὸ
2210 5497 2362 5552 θεῖον
2397 5498 2485 5553 διὰ
2514 5499 2611 5571 τὴν
2652 5502 2919 5572 ἄχραντον
2946 5501 3040 5555 τοῦ
3070 5502 3200 5555 Υἱοῦ
3235 5502 3490 5572 γέννησιν
3516 5502 3702 5571 ναηθή-

2126 5607 2298 5645 σεται.
2346 5593 2650 5664 ’Ᾱτρεπτος
2706 5593 2815 5665 γὰρ
2857 5595 2886 5646 6
2933 5594 3145 5666 Πατὴρ,
3183 5594 3448 5667 ἄτρεπτος
3485 5599 3517 5649 6
3562 5594 3701 5657 Υἱὸς,

2121 5681 2388 5753 ἄτρεπτον
2417 5684 2478 5737 τὸ
2504 5684 2729 5755 Πνεῦμα
2750 5685 2812 5737 τὸ
2841 5684 3017 5754 ἅγιον,
3042 5687 3139 5757 μία
3159 5687 3338 5754 οὐσία,
3366 5688 3474 5761 μία,
3495 5687 3703 5758 θεότης.

520 5829 538 5864 ⁸
560 5828 722 5886 ilebr.
755 5845 831 5901 ιν,
860 5832 947 5889 15.
1025 5834 1045 5865 ¹
1070 5832 1193 5889 Cor.
1218 5834 1309 5887 καὶ
1340 5834 1437 5904 οὐχ
1473 5836 1553 5889 ὅτι
1588 5834 1693 5890 ἀπὸ
1724 5835 1884 5906 σπέρ.
1914 5835 1998 5891 ἀν.

2136 5878 2149 5892 .
2227 5838 2247 5870 ⁸
2272 5837 2330 5894 F.
2358 5838 2557 5905 ὁτιοῦν,
2590 5855 2690 5912 pro
2719 5842 2799 5906 είς
2824 5841 2911 5896 τὸν
2957 5842 3102 5897 Έίόν.
