3826 6206
111 405 216 463 245

793 409 1166 469 ADVERSUS
1204 412 1552 472 llAERESES
1586 417 1713 476 LIB.
1749 419 1814 476 11.
1855 419 2020 478 ΤΟΜ.
2059 423 2193 478 II.-—
2214 423 2486 481 IUERES.
2529 427 2714 483 LXIX.

3298 429 3402 485 246

129 524 291 582 ’Δλλά
319 525 537 591 πάντως
559 527 703 598 ἐρεῖς
744 547 835 600 μοι
869 532 1003 602 (95)'
1035 533 1217 588 Θέλων
1240 537 1550 608 ἐγέννησεν,
1583 540 1615 610 ἢ
1640 541 1714 611 μὴ

1834 559 1992 614 grant,
2028 559 2090 598 ac
2122 545 2474 615 purissimam
2505 545 2625 601 Filii
2657 546 3063 616 generationem
3105 546 3216 616 puti
3247 546 3406 616 quid-

116 617 307 673 θέλων.
339 619 448 671 Καὶ
480 618 581 673 οὐκ
608 620 727 691 εἰμὶ
759 621 901 675 κατὰ
933 624 1014 688 σὲ,
1060 618 1106 677 ὧ
1140 627 1434 693 φιλόνεικε,
1461 629 1548 682 ἵνα
1575 629 1634 684 ἓν
1659 647 1710 684 τι

115 708 355 764 τοιοῦτον
386 711 466 775 είς
509 709 642 764 Θεὸν
693 711 979 783 διανοηθῶ.
1023 711 1086 766 Ei
1127 716 1226 786 μὲν
1261 717 1368 788 γὰρ
1417 718 1491 789 μὴ
1525 717 1708 788 βουλό-

120 816 283 871 μενος
307 801 619 872 ἐγέννησεν,
643 801 792 856 ἄκων
822 803 1081 875 ἐγέννησε
1104 821 1116 833 ·
1169 807 1264 860 καὶ
1293 809 1341 860 εἰ
1387 807 1710 880 βουλόμενος

118 891 431 964 ἐγέννησεν,
485 892 595 964 ἄρα
625 887 693 965 ἦν
737 893 800 947 τὸ
863 893 1116 966 βούλημα
1151 899 1259 968 πρὸ
1286 896 1380 951 τοῦ
1411 898 1540 952 Υἱοῦ
1569 915 1582 929 ⁸
1616 901 1711 952 κα)⁵

116 985 271 1038 ἔσται
310 985 413 1039 κᾶν
450 985 591 1057 ῥοπὴ
633 987 826 1058 χρόνου
865 989 1072 1058 μεταξὺ
1113 990 1246 1044 Υίοῦ
1275 991 1364 1046 διὰ
1389 991 1484 1045 τοῦ
1515 992 1711 1064 βουλή-

119 1091 313 1144 ματος.
359 1073 450 1129 Ἐν
470 1075 590 1147 Θεῷ
613 1077 672 1130 δὲ
694 1077 756 1130 οὐ
781 1078 970 1148 χρόνος
1001 1079 1080 1143 εἰς
1116 1079 1334 1152 βουλὴν,
1369 1082 1428 1134 οὐ
1456 1080 1714 1154 βούλησις

116 1170 200 1232 εἰς
235 1169 536 1241 διανόησιν.
591 1172 728 1228 Οῦτε
776 1170 870 1228 οὖν
922 1175 1091 1230 θέλων
1135 1177 1446 1249 ἐγέννησεν,
1475 1177 1600 1232 οῦτε
1636 1178 1712 1250 μὴ

119 1259 311 1324 θέλων,
345 1260 483 1316 ἀλλὰ
529 1263 589 1317 ἐν
633 1266 700 1335 τῇ
750 1265 894 1336 ὑπὲρ
938 1264 1131 1337 βουλὴν
1181 1267 1362 1337 φύσει.
1395 1268 1562 1333 Φύσις
1601 1269 1711 1342 γὰρ

117 1351 270 1423 αὐτῷ
329 1354 448 1406 ἐστι
488 1353 768 1425 θεότητος,
801 1356 926 1410 οὕτε
977 1357 1176 1428 βουλῆς
1216 1360 1563 1432 ἐπιδεομένη,
1587 1361 1712 1416 οὔτε

117 1445 246 1496 ἄνευ
287 1442 484 1515 βουλῆς
526 1461 580 1498 τι
632 1446 966 1516 πράττουσα,
1014 1448 1128 1502 ἀλλ’
1163 1449 1277 1520 ἃμα
1321 1450 1382 1514 ἐξ
1422 1451 1588 1521 αὐτῆς
1646 1451 1714 1506 τὰ

119 1535 300 1591 πάντα
336 1535 556 1608 ἔχουσα,
592 1539 687 1592 καὶ
715 1539 869 1594 οὐδὲν
897 1539 1160 1595 λείπουσα
1178 1541 1286 1596 τῶν
1313 1541 1506 1596 ὄντων.

1818 650 1982 704 quam
2043 635 2290 690 divinum
2343 652 2544 692 numen
2609 636 2857 707 aﬂicique
2911 637 3278 706 suspicemur.
3347 633 3408 691 Si

1823 726 2043 796 quidem
2075 727 2435 782 immutabilis
2475 740 2561 784 εει
2587 727 2770 793 Pater,
2818 727 3180 782 immutabilis
3213 726 3406 790 Filius,

1818 819 2177 874 immutabilis
2229 818 2468 890 Spiritus
2515 829 2764 884 sanctus,
2825 834 2936 874 una
2981 820 3244 882 essentia,
3301 835 3410 874 una

1817 910 2096 966 divinitas.
2124 910 2193 964 At
2224 911 2368 966 enim
2400 911 2550 968 dices
2578 932 2592 968 :
2623 911 2718 967 Vel
2753 912 3056 977 voluntate,
3097 911 3184 966 vel
3217 891 3433 980 prmteti

1817 1002 2152 1057 voluntatem
2201 1003 2410 1075 genuit.
2462 1003 2574 1075 Ego
2617 1020 2751 1061 vero
2801 1018 3148 1075 nequaquam
3194 1018 3290 1058 ero
3330 1002 3410 1056 tui

1816 1094 2033 1158 similis,
2066 1095 2229 1150 homo
2252 1097 2782 1162 contentiosissime,
2799 1107 2858 1154 ut
2883 1099 2951 1154 de
2977 1097 3086 1152 Deo
3107 1096 3410 1166 quidquam

1815 1185 2088 1254 ejusmodi
2147 1188 2416 1258 cogitem;
2467 1205 2591 1243 nam
2655 1191 2769 1245 sive
2824 1197 3023 1259 praeter
3072 1189 3412 1242 voluntatem

1815 1277 2038 1352 genuit,~
2071 1277 2275 1332 invitus
2303 1281 2513 1350 genuit,
2567 1280 2682 1335 sive
2731 1281 3014 1334 voluntate
3042 1281 3254 1352 genuit,
3297 1279 3413 1332 haec

1820 1366 1939 1436 ipsa
1968 1367 2218 1423 voluntas
2247 1367 2446 1424 Filium
2473 1371 2770 1426 antecessit
2794 1387 2806 1422 :
2839 1369 2982 1426 unde
3010 1371 3093 1426 vel
3126 1370 3412 1433 minimum

1823 1457 2013 1510 saltem
2066 1467 2405 1514 momentum
2442 1455 2665 1532 propter
2714 1461 2851 1516 illud
2886 1463 3187 1517 voluntatis
3219 1460 3412 1515 decre-

1825 1557 1938 1602 tum
1969 1557 2096 1606 ante
2127 1549 2324 1606 Filium
2358 1553 2608 1625 intercipi
2650 1555 2866 1626 poterit.
2899 1555 2968 1609 At
3003 1556 3058 1608 in
3091 1555 3202 1610 Deo
3231 1569 3414 1622 neque

121 1642 339 1703 tempus
392 1633 462 1689 ad
516 1635 842 1706 capiendum
886 1637 1200 1702 consilium,
1251 1654 1425 1708 neque
1455 1639 1710 1696 voluntas
1737 1642 1802 1698 ad
1835 1647 2218 1716 cogitationem
2278 1652 2595 1722 requiritur.
2651 1653 2923 1718 Quocirca
2985 1667 3162 1723 neque
3222 1651 3414 1707 volens

121 1737 298 1794 neque
331 1739 462 1817 vero
512 1727 705 1783 nolens
741 1729 950 1800 genuit,
991 1729 1087 1785 sed
1143 1731 1196 1785 in
1236 1740 1456 1798 natura,
1501 1747 1622 1802 quae
1655 1737 1888 1791 consilio
1927 1742 2075 1796 omni
2116 1744 2368 1813 superior
2422 1754 2526 1800 est.
2561 1743 2686 1800 Ilaac
2715 1746 2860 1801 enim
2905 1755 2990 1804 est
3033 1755 3227 1801 natura
3276 1742 3417 1797 divi~

121 1817 333 1882 uitatis,
364 1823 426 1872 ut
457 1833 634 1888 neque
683 1819 918 1875 consilio
947 1827 1124 1891 egeat,
1175 1837 1277 1877 nec
1320 1822 1530 1893 absque
1562 1825 1793 1881 consilio
1850 1831 2147 1901 quidquam
2195 1836 2472 1902 moliatur,
2522 1836 2616 1892 sed
2669 1851 2736 1892 ex
2781 1839 2963 1910 seipsa
2997 1837 3161 1894 simul
3217 1835 3416 1891 habent

121 1910 328 1976 omnia,
365 1925 466 1966 nec
506 1911 618 1966 ulla
656 1927 718 1967 re
748 1913 1059 1968 deiiciatur.

189 2009 321 2062 KZ'.
353 2009 473 2062 Ἔτι
505 2008 562 2062 δὲ
584 2008 748 2062 πάλιν
776 2010 805 2061 6
826 2009 990 2072 αὐτὸς
1006 2010 1222 2080 ’Ἄρειος
1250 2009 1487 2082 θηρᾶται
1505 2010 1702 2077 λέξεις,

1887 2013 2099 2071 XXVII.
2140 2013 2259 2071 Jam
2296 2032 2422 2071 vero
2465 2015 2609 2070 idem
2651 2016 2742 2072 ille
2768 2016 2954 2082 Arius,
2987 2017 3080 2086 qui
3109 2017 3164 2072 in
3199 2028 3418 2089 captan-

122 2098 462 2170 περινοστῶν
510 2100 599 2154 ἀεὶ
666 2101 733 2153 τὰ
795 2101 1007 2164 πάντα,
1056 2102 1152 2154 καὶ
1210 2103 1713 2174 περιεργαζόμενος

120 2191 304 2263 ἑαυτῷ
355 2193 426 2246 τὰ
485 2192 754 2265 μοχθηρὰ,
782 2194 881 2264 οὐχ
919 2193 996 2258 ὡς
1033 2192 1146 2263 ἔχει
1178 2194 1240 2247 τὸ
1284 2193 1427 2249 θεῖον
1458 2196 1717 2268 γράμμα,

119 2284 235 2338 ἀλλ’
269 2284 351 2349 ὡς
395 2283 560 2347 αὐτὸς
585 2284 758 2338 νοσῶν
797 2285 926 2357 περὶ⁹
977 2284 1077 2348 τὰς
1117 2285 1374 2358 ζητήσεις
1427 2289 1519 2341 καὶ
1564 2288 1720 2357 λογο-

123 2375 331 2446 μαχίας
370 2378 451 2441 είς
490 2376 643 2431 οὐδὲν
697 2378 1002 2449 χρήσιμον,
1049 2378 1164 2432 ἀλλ’
1209 2379 1302 2432 ἐπὶ
1363 2383 1719 2452 καταστροφῇ

120 2467 318 2521 ἑαυτοῦ
377 2470 476 2522 καὶ
523 2469 634 2522 τῶν
663 2469 753 2522 ὑπ’
789 2469 953 2522 αὑτοῦ
988 2469 1441 2542 πεπλανημένων,
1484 2471 1722 2542 ἐπιλαμ-

120 2561 348 2614 εάνεται
410 2559 505 2615 τοῦ
579 2559 744 2633 ῥητοῦ
773 2605 788 2628 ,
843 2557 904 2616 οὗ
947 2565 976 2617 6
1018 2563 1221 2633 Κύριος
1295 2563 1530 2632 εὐλογῶν
1597 2565 1726 2628 τοὺς

124 2652 376 2725 μαθητὰς
418 2652 554 2724 ἔφη’
591 2653 804 2722 Πάτερ,
855 2653 961 2720 δὸς
1002 2655 1208 2722 αὐτοῖς
1253 2654 1405 2724 ζωὴν
1447 2656 1614 2726 ἐχειν
1659 2657 1727 2711 ἐν

120 2745 381 2812 ἑαυτοῖς.
424 2745 589 2814 Αὕτη
639 2745 708 2800 δέ
741 2746 914 2800 ἐστιν
951 2746 990 2814 ἠ
1030 2745 1264 2814 αἰώνιος
1305 2744 1440 2815 ζωὴ,
1491 2749 1592 2802 ἵνα
1637 2767 1726 2819 γι-

121 2837 409 2893 νώσκωσι
479 2855 552 2894 σε
609 2838 718 2892 τὸν
754 2839 948 2909 μόνον
1011 2839 1307 2907 ἀληθινὸν
1365 2841 1514 2894 Θεὸν
1540 2881 1555 2904 ,
1630 2839 1728 2895 καί

123 2933 195 2985 ὃν
239 2931 611 2998 ἀπέστειλας
666 2931 903 2998 Ἰησοῦν
939 2933 1217 3000 Χριστόν.
1285 2931 1428 2985 Ἀλλ’
1482 2933 1584 3004 ἤδη
1637 2951 1729 3004 μοι

124 3024 624 3097 πεπραγμάτευται
653 3025 782 3097 περὶ⁴
809 3024 1016 3078 τούτων
1055 3023 1272 3078 πάντων
1306 3025 1363 3077 ὲν
1394 3023 1474 3096 τῷ
1503 3025 1724 3097 μεγάλῳ

123 3119 252 3188 περὶ
305 3116 547 3182 πίστεως
591 3115 756 3188 λόγῳ,
795 3109 840 3184 ᾧ
896 3115 1061 3170 πάλιν
1114 3117 1256 3170 κατὰ
1288 3115 1388 3188 τὴν
1426 3116 1585 3188 ήμῶν
1637 3135 1732 3188 με·

124 3209 385 3281 τριότητα
411 3209 507 3263 καὶ
535 3208 844 3274 ἀσθένειαν,
883 3207 1324 3278 ἀναγκασθέντες
1349 3207 1454 3262 ὑπὸ
1481 3207 1584 3279 τῆς
1615 3208 1726 3261 τῶν

125 3300 374 3371 ἁδελιρῶν
432 3299 854 3374 προτρεπικῆς
902 3300 1328 3372 παρακλήσεως,
1374 3301 1734 3373 γεγράφαμεν

1822 2107 1908 2164 dis
1937 2109 2164 2168 vocibus
2190 2109 2264 2164 ita
2294 2116 2440 2164 totus
2465 2117 2573 2176 est,
2603 2109 2788 2164 omnia
2821 2117 2882 2164 ut
2911 2109 3201 2180 diligenter
3229 2111 3414 2174 obeat,

1829 2218 1894 2258 ac
1935 2204 2252 2274 perlustret,
2285 2211 2449 2274 atque
2495 2204 2741 2274 improba
2776 2201 3025 2273 quaedam
3055 2203 3418 2272 undequaque

1822 2295 2073 2366 vestiget,
2118 2311 2224 2350 non
2266 2305 2323 2349 ut
2361 2294 2562 2350 divinis
2598 2292 2819 2348 Litteris
2872 2304 3242 2349 consentanea
3280 2295 3414 2357 sint,

1823 2388 1919 2444 sed
1955 2403 2052 2458 pro
2089 2402 2154 2444 eo
2185 2395 2346 2458 atque
2385 2388 2562 2458 ipsum
2617 2386 2786 2440 animi
2837 2387 3062 2442 morbus
3115 2387 3413 2457 impulerit,

1824 2495 1934 2551 quo
1964 2480 2029 2534 ad
2056 2482 2249 2535 inanes
2297 2479 2632 2550 quaestiones
2651 2517 2665 2542 ,
2693 2485 2747 2532 et
2778 2477 3071 2534 verborum
3102 2479 3405 2534 contentio-

1825 2589 1922 2629 nes
1952 2573 2317 2644 rapitur,qu:e
2347 2572 2480 2627 nulli
2516 2573 2672 2628 alteri
2706 2571 2830 2626 usui
2861 2571 2994 2636 sint,
3021 2588 3184 2643 quam
3213 2581 3272 2628 ut
3309 2583 3417 2627 tam

1828 2669 2041 2738 ipsum,
2073 2681 2236 2737 quam
2287 2673 2587 2722 sectatores
2629 2681 2764 2722 suos
2805 2667 2860 2720 in
2901 2667 3198 2737 perniciem
3241 2667 3416 2734 conji-

1828 2760 1996 2814 ciant.
2034 2757 2234 2813 Eodem
2271 2758 2437 2828 igitur
2472 2757 2726 2812 instituto
2760 2757 2907 2811 illam
2943 2755 3156 2811 Domini
3187 2764 3410 2812 senten-

1832 2847 1962 2900 tiam
1998 2845 2212 2916 arripit,
2245 2861 2375 2915 qua,
2410 2859 2533 2900 cum
2567 2844 2855 2915 discipulis
2895 2846 3013 2900 suis
3059 2845 3199 2902 bene
3233 2861 3421 2916 preca-

1830 2946 2002 3000 retur,
2034 2953 2166 2994 usus
2200 2954 2323 2994 esse
2363 2938 2559 3009 legitur
2592 2955 2606 2990 :
2652 2937 2837 3001 Pater,
2874 2937 2945 2991 da
2975 2938 3085 2992 illis
3122 2939 3284 2993 vitam
3319 2937 3423 2991 Ιιαο.

1832 3031 1950 3086 bere
1993 3031 2049 3084 in
2094 3026 2405 3099 semetipsis.
2444 3029 2569 3082 Ilwc
2596 3037 2675 3083 est
2713 3038 2890 3083 autent
2944 3029 3052 3084 vita
3097 3039 3318 3092 interna,
3357 3042 3415 3081 ut
3468 3070 3482 3082 .

1833 3129 2147 3192 cognoscant
2179 3129 2226 3173 te
2254 3119 2425 3174 solum
2457 3135 2637 3172 verum
2675 3118 2839 3173 Deum
2864 3159 2879 3182 ,
2927 3127 2979 3172 et
3025 3135 3178 3188 quem
3231 3119 3421 3174 misisti

1833 3212 2016 3268 Iesum
2053 3211 2380 3268 Christum'.
2415 3209 2616 3265 Verum
2649 3209 2717 3266 de
2749 3211 2833 3266 his
2860 3211 3117 3266 omnibus
3143 3211 3256 3281 jam
3297 3219 3422 3266 ante

1835 3302 2236 3373 disputavimus
2282 3302 2336 3355 in
2389 3316 2587 3372 magno
2635 3301 2728 3355 illo
2774 3300 2841 3356 de
2889 3300 2989 3356 title
3039 3301 3199 3364 libro,
3233 3316 3419 3370 quem,

127 3393 252 3466 περὶ
278 3393 521 3458 πίστεως
543 3409 557 3424 ’
577 3386 622 3462 ᾧ
647 3392 792 3465 λόγῳ
807 3391 1114 3463 ὲπεθέμεθα
1133 3391 1307 3463 ὄνομα
1332 3393 1716 3463 Ἀγηιιιρωτόν.

1834 3404 1934 3459 pro
1965 3390 2168 3460 ingenii
2200 3390 2376 3446 nostri
2407 3389 2788 3446 mediocritate
2819 3399 2984 3462 atque
3018 3391 3418 3453 imbecillitate,

127 3483 233 3538 Καὶ
261 3483 378 3555 γὰρ
411 3483 664 3552 καθάπερ
703 3484 732 3536 6
769 3483 1034 3554 ἡμέτερος
1063 3482 1310 3555 ἐξίσχυσε
1357 3484 1572 3554 πτωχὸς
1611 3483 1735 3548 νοῦς

127 3576 211 3630 δή
230 3578 335 3649 τῆς
355 3574 455 3630 τοῦ
474 3575 610 3630 Θεοῦ
636 3575 910 3647 βοηθείας,
925 3577 990 3628 ὲκ
1017 3575 1198 3645 πάσης
1221 3575 1445 3647 Γραφῆς
1471 3576 1734 3644 συνάγονρ

128 3687 214 3733 τες
250 3670 324 3724 τὰ
371 3669 605 3742 ἀληθινὰ
636 3669 738 3740 τῆς
774 3668 870 3723 τοῦ
903 3667 1040 3722 Θεοῦ
1068 3669 1438 3737 διδασκαλίας,
1479 3668 1730 3741 ἄγκυραν

130 3762 320 3836 ὥσπερ
348 3767 464 3829 τοίς
518 3763 868 3836 βουλομένοις
905 3764 1006 3835 τὴν
1037 3763 1200 3833 ἁγίαν
1229 3763 1482 3835 πατέρων
1524 3762 1732 3826 πίστιν,

129 3856 500 3928 ἁποστολικήν
523 3873 586 3910 τε
627 3857 721 3912 καὶ
759 3856 1129 3928 προφητικὴν,
1156 3855 1251 3910 καὶ
1282 3855 1376 3908 ἀπ’
1402 3854 1578 3926 ἀρχῆς
1604 3854 1734 3924 ἄχρι

128 3951 219 4004 τοῦ
264 3948 432 4021 δεῦρο
487 3949 549 4003 ὲν
597 3951 667 4020 τῇ
721 3949 854 4019 ἁγίᾳ
896 3946 992 4002 τοῦ
1028 3945 1164 4001 Θεοῦ
1221 3945 1520 4018 Ἐκκλησία
1550 3961 1734 4016 κεκη-

134 4044 436 4116 ρυγμένην,
467 4040 1042 4113 σαφῶςπαρεθέμεθα,
1069 4041 1148 4104 εἰς
1181 4041 1243 4094 τὸ
1275 4039 1603 4110 κατέχεσθαι
1634 4039 1733 4110 τὴν

131 4135 392 4198 διάνοιαν,
425 4135 524 4188 καὶ
573 4131 992 4203 ἁσφαλίζεσθαι,
1050 4131 1126 4204 μὴ
1171 4134 1295 4196 ταῖς
1338 4131 1603 4195 ἐπινοίαις
1637 4130 1731 4184 τοῦ

133 4227 378 4282 διαὸόλω
413 4216 752 4298 ριπίζεσθαι,
783 4225 918 4298 μηδὲ
959 4223 1320 4296 κλυδωνισμῷ
1352 4223 1736 4296 παραϐλάπτε-

137 4321 255 4375 σθαι
281 4321 361 4392 τῷ
396 4322 510 4375 ἀπὸ
561 4321 671 4374 τῶν
720 4320 990 4391 αἱρέσεων
1019 4321 1078 4373 ὲν
1127 4320 1322 4391 κόσμῳ
1346 4317 1732 4383 πολυδλύστως

138 4414 501 4485 κεκινημένῳ.
556 4414 717 4468 Οῦτω
768 4413 879 4486 γὰρ
937 4415 1032 4468 καὶ
1064 4416 1093 4467 6
1122 4412 1328 4484 Κύριος
1368 4411 1578 4477 ἐδίδαξε
1605 4413 1732 4476 τοὺς

139 4505 323 4559 ἑαυτοῦ
398 4503 654 4576 μαθητὰς
706 4504 902 4575 λέγων,
948 4506 1031 4559 ὅτι
1092 4504 1236 4558 Ἐὰν
1282 4503 1428 4572 ὅπερ
1451 4502 1733 4573 ἀπαρχῆς

139 4597 458 4665 ἠκούσατε,
496 4597 658 4668 μένῃ
699 4597 768 4652 ἐν
812 4595 975 4666 ὑμῖν,
1003 4595 1123 4668 [καὶ
1164 4596 1259 4650 ἐὰν
1287 4597 1345 4649 ὲν
1375 4596 1506 4665 ὑμῖν
1541 4595 1676 4667 μένῃ
1703 4594 1732 4648 ὃ

139 4689 399 4757 ἠκούσατε
432 4687 738 4760 ἁπαρχῆς,]
760 4688 930 4759 ὑμεῖς
958 4689 1030 4742 ἐν·
1061 4687 1190 4757 ἐμοὶ
1203 4689 1458 4757 μενεῖτε,
1491 4687 1591 4740 καὶ
1615 4685 1732 4755 ἐγὼ

139 4783 201 4834 ἐν
245 4781 412 4852 ὑμῖν,
464 4782 630 4852 κάγὼ
679 4782 750 4835 ἐν
777 4779 858 4846 τῷ
894 4781 1102 4850 Harp},
1152 4781 1253 4834 καὶ
1281 4780 1454 4850 ὑμεῖς
1481 4781 1552 4834 ἐν
1578 4780 1730 4850 ἐμοί.

143 4870 292 4924 Ὥστε
321 4867 418 4924 οὖν
443 4871 516 4924 τὰ
543 4871 797 4942 ὰπαρχῆς
831 4871 1170 4924 ἀκουσθέν-τα
1201 4870 1307 4924 ὑπὸ
1341 4870 1357 4900 ί
1389 4870 1484 4924 τοῦ
1519 4870 1728 4941 Κυρίου

143 4961 365 5033 ἀληθινὰ
416 4961 524 5032 τῆς
576 4960 814 5025 πίστεως
871 4963 1022 5033 μένει
1083 4964 1142 5015 ἐν
1169 4965 1234 5034 τῇ
1281 4961 1409 5034 ἁγίᾳ
1459 4961 1555 5015 τοῦ
1593 4961 1734 5016 Θεοῦ

153 5049 474 5122 Ἐκκλησιῳ
523 5051 620 5104 καὶ
671 5051 762 5104 δια
803 5051 961 5106 τοῦτο
1016 5051 1167 5123 μένει
1202 5054 1236 5123 ἠ
1276 5053 1408 5121 ἁγία
1445 5051 1544 5106 τοῦ
1596 5052 1732 5106 θεοῦ

153 5139 465 5213 Ἐκκλησία,
536 5142 632 5196 καὶ
679 5142 962 5214 ὀρθόδοξος
1018 5145 1202 5210 πίστις
1253 5147 1312 5198 ἐν
1351 5145 1732 5217 Κυρίῳ,καὶὀ

1837 3481 2068 3537 fratrum
2120 3491 2432 3538 nostrorum
2483 3483 2738 3554 precibus
2781 3490 2835 3538 et
2885 3484 3290 3539 hortationibus
3327 3483 3424 3537 ad-

1835 3578 1986 3633 ducti
2042 3577 2502 3648 perscripsimus,
2541 3576 2629 3631 cui
2670 3581 2938 3631 Ancorata
2975 3591 3174 3632 nomen
3225 3576 3424 3631 indidt-
3480 3591 3498 3602 “

1838 3686 1996 3734 mus,
2029 3679 2322 3742 propterea
2361 3671 2509 3742 quod
2557 3678 2824 3741 quantum
2873 3685 2971 3740 pro
3005 3669 3207 3740 ingenii
3249 3670 3422 3724 nostri

1837 3764 2041 3834 inopia,
2074 3763 2369 3834 adiuvante
2409 3762 2538 3828 Deo,
2572 3764 2834 3836 consequi
2867 3762 3168 3834 potuimus,
3199 3777 3266 3817 ex
3295 3762 3423 3816 uni-

1836 3870 1996 3909 versa
2047 3854 2332 3926 Scriptura
2379 3871 2506 3910 vera
2539 3870 2602 3910 ac
2633 3870 2892 3926 germana
2920 3855 3122 3910 divinae
3159 3854 3425 3909 doctrina:

1836 3944 2089 4015 dogmata
2129 3945 2472 4016 colligentes,
2517 3945 2680 4016 752
2710 3946 2862 4000 velut.
2889 3945 3188 4000 ancltoram
3229 3960 3424 4015 quant-

1835 4036 1961 4092 dam
2008 4037 2286 4092 ineorum
2329 4038 2424 4108 qui
2467 4038 2546 4091 uti
2577 4039 2797 4100 vellent,
2847 4036 3103 4108 gratiam,
3138 4035 3425 4091 sanctissi-

1835 4145 1980 4183 mam
2015 4138 2232 4199 patrum
2265 4139 2584 4185 nostrorum
2623 4129 2806 4193 ﬁdem,
2850 4137 2904 4182 et
2936 4127 3318 4199 apostolicam,
3361 4143 3426 4182 ac

1836 4220 2209 4290 propheticam
2240 4219 2311 4274 ab
2349 4219 2507 4272 initio
2539 4218 2606 4272 ad
2639 4218 2964 4272 hodiernum
3002 4231 3178 4286 usque
3209 4224 3423 4286 tempus

1837 4311 1891 4364 in
1923 4319 2112 4366 sancta
2143 4308 2236 4364 Dei
2274 4308 2521 4364 Ecclesia
2562 4307 2912 4378 pra‘dicatam
2967 4305 3260 4362 manifeste
3295 4321 3423 4375 pro-

1837 4403 2145 4474 posuimus,
2177 4404 2243 4457 ad
2279 4401 2584 4457 fulciendos
2609 4408 2663 4456 et
2694 4399 3054 4456 stabiliendos
3084 4399 3322 4464 animos,
3354 4413 3424 4454 ne

1835 4496 2040 4551 diaboli
2069 4493 2396 4551 commentis
2426 4509 2490 4548 ac
2524 4493 2810 4548 fraudibus
2843 4493 2951 4547 huc
2984 4493 3224 4562 illucque
3244 4490 3422 4561 jacta-

1834 4597 2047 4652 rentur,
2084 4597 2180 4643 aut
2217 4603 2286 4644 ex
2319 4589 2387 4642 iis
2416 4595 2807 4656 tempestatum
2843 4585 3122 4649 ﬂuetibus,
3149 4600 3291 4656 quos
3322 4599 3421 4638 va-

1835 4682 1931 4736 ria:
1979 4683 2031 4736 in
2078 4681 2212 4737 orbe
2253 4680 2488 4736 haereses
2520 4679 2812 4750 multiplici
2842 4679 3141 4748 agitatione
3179 4693 3424 4734 commo-

1838 4784 1988 4838 vent,
2017 4774 2328 4830 detrimenti
2358 4775 2660 4845 quidquam
2686 4774 3020 4843 acciperent.
3075 4774 3167 4828 Sic
3199 4773 3343 4828 enim
3369 4783 3424 4826 et

1837 4865 2138 4938 discipulos
2173 4880 2302 4922 suos
2335 4864 2600 4920 Dominus
2631 4863 2851 4918 edocuit
2885 4883 2896 4917 :
2935 4863 3016 4926 Si,
3049 4863 3250 4933 inquit,
3283 4863 3422 4931 quod

1836 4959 1990 5012 initio
2026 4957 2254 5011 audistis
2282 4957 2337 5010 in
2365 4957 2508 5010 vobis
2543 4957 2797 5010 manserit
2823 4997 2837 5022 ,
2874 4972 2959 5008 vos
2992 4955 3046 5008 in
3074 4955 3418 5028 me‘ntanebi-

1837 5053 1940 5116 lis,
1980 5062 2028 5106 et
2066 5068 2159 5122 ego
2191 5052 2246 5104 in
2287 5049 2430 5104 vobis
2463 5067 2480 5103 :
2515 5067 2607 5120 ego
2647 5052 2700 5104 in
2751 5049 2916 5103 Patre
2955 5057 3005 5102 et
3047 5065 3134 5101 vos
3186 5049 3237 5100 in
3280 5049 3418 5100 me’.

1835 5145 2006 5216 Igitur
2041 5159 2176 5199 verae
2205 5143 2326 5198 lidei
2353 5143 2588 5206 decreta,
2622 5159 2743 5212 qum
2769 5158 2798 5196 a
2837 5141 3054 5196 Christo
3088 5138 3318 5193 Domino
3353 5141 3421 5194 ab

143 5229 334 5301 Κύριος
365 5233 396 5284 6
438 5233 739 5303 μονογενὴς
788 5234 846 5286 ὲν
901 5233 978 5306 τῷ
1012 5235 1208 5307 Πατρὶ,
1239 5237 1336 5289 καὶ
1365 5237 1393 5289 6
1438 5235 1630 5309 Πατὴρ
1672 5239 1728 5293 ὲν

1839 5238 1997 5292 initio
2035 5246 2258 5308 accepta
2303 5245 2452 5301 sunt,
2507 5251 2673 5307 penes
2704 5241 2950 5290 sanctam
2987 5232 3079 5287 Dei
3115 5229 3420 5286 Ecclesiam

208 5392 222 5421 ¹
253 5389 378 5445 Cor.
414 5389 547 5444 ἀπό.
625 5391 646 5423 ⁸
676 5387 834 5445 Joan.
869 5405 1004 5456 xvtt,
1026 5391 1080 5457 (Ξ,
1113 5391 1165 5446 5.
1245 5391 1264 5422 ³
1287 5391 1447 5447 Joan.
1478 5408 1594 5456 vm,
1619 5393 1722 5459 51;

1834 5393 1932 5458 ,λὶς
1968 5408 2098 5456 xvu,
2128 5391 2214 5446 21.

217 5543 328 5616 (93)
355 5544 541 5600 Ἀλλὰ
587 5545 827 5612 πάντως
855 5545 1010 5616 ἐρεῖς
1040 5566 1160 5616 μοι.
1219 5545 1575 5603 Observanda
1613 5546 1728 5601 haec

150 5617 430 5688 Epiphauii
475 5617 552 5688 ad
588 5618 922 5688 Arianorum
981 5619 1198 5688 objecta
1241 5619 1551 5688 responsio,
1600 5633 1725 5672 cum

162 5685 219 5759 [it
248 5685 391 5742 οὔτε
425 5687 673 5751 θέλοντα,
708 5685 835 5741 οὔτε
867 5687 944 5758 μὴ
975 5685 1199 5744 θέλοντα
1227 5685 1442 5744 Patrem
1471 5689 1728 5759 genuisse

159 5756 338 5812 r‘ilium
366 5777 382 5826 ;
415 5774 545 5812 nam
581 5756 988 5815 vetustissriuos
1008 5759 1196 5816 Patres
1223 5761 1359 5815 satis
1379 5756 1598 5813 con'stat
1625 5758 1727 5812 hac

163 5843 205 5882 at
238 5838 388 5901 parte
423 5845 535 5885 non
566 5831 687 5884 sine
711 5828 968 5886 cautione
1003 5831 1284 5901 legendos,
1326 5831 1419 5900 qui
1455 5845 1728 5901 nonnun-

163 5914 311 5970 quam
361 5900 585 5958 Patrem
616 5908 876 5957 asserunt
909 5900 1190 5957 voluntate
1227 5917 1330 5958 sua
1363 5900 1560 5956 Filium
1590 5914 1724 5971 pro-

1836 5546 2081 5601 duxisse.
2135 5545 2213 5600 lta
2275 5545 2628 5607 .lustinus,ut
2673 5559 2839 5613 supra
2898 5546 3232 5609 monuimus,
3281 5546 3424 5600 tea—.1

1837 5618 2037 5688 βουλὴν
2082 5616 2215 5672 Θεὸν
2248 5617 2380 5671 ὄντα
2416 5617 2542 5671 Υἱὸν
2578 5617 2745 5672 αὐτοῦ
2799 5617 2958 5670 dixit.
2991 5615 3424 5688 Caeterum‘Au-

1836 5686 2092 5760 gustinus
2129 5689 2449 5758 sephistica:
2488 5688 2565 5743 illi
2599 5690 2931 5760 Arianorum
2963 5686 3292 5743 cavillationi
3329 5687 3416 5739 in-
3491 5755 3495 5760 θ

1836 5757 2056 5829 geniose
2106 5775 2171 5816 ac
2202 5757 2479 5816 Subtiliter
2505 5760 2774 5827 occurrit,
2819 5757 3000 5813 Trac.
3049 5767 3221 5812 contr.
3259 5771 3421 5812 serm.
3492 5757 3504 5795 ὲ

1837 5830 2028 5884 Arian.
