3846 6346
355 404 461 459 2.37

1762 408 1820 463 S.
1863 406 2209 462 EPIPHANII

3557 401 3688 459 2&8

357 519 614 574 resident.
648 517 883 588 Ideoque
915 518 1103 573 eadem
1144 519 1231 573 illa
1277 519 1366 575 Dei
1398 519 1658 587 Ecclesia,
1684 532 1737 577 et
1760 525 1941 578 ortho-
1968 578 1972 587 ,

2096 525 2181 596 ἰῷ,
2220 525 2315 579 καὶ
2368 525 2529 594 ἡμεῖς
2569 524 2627 577 ὲν
2676 523 2826 593 αύτῷ
2875 520 2963 575 διὰ
2988 520 3081 574 τοῦ
3124 522 3281 589 ἁγίου
3318 520 3688 592 Πνεύματος,

354 611 496 665 dom
530 611 663 665 Ildes
707 611 761 664 in
798 609 1030 663 Domino
1063 618 1285 673 manet;
1326 618 1378 665 et
1420 613 1734 682 unigenitus
1772 613 1952 668 Domi—

357 720 462 757 nus
489 703 544 755 in
580 686 763 765 Patre,
795 710 849 756 et
888 701 1053 757 Pater
1093 703 1149 757 in
1187 701 1349 767 Filio,
1382 715 1435 759 et
1462 718 1563 759 nos
1597 706 1650 759 in
1694 705 1815 774 ipso
1858 723 1952 777 per

361 795 631 865 Spiritum
692 804 994 858 sanctum,
1062 796 1106 850 si
1167 795 1331 849 modo
1393 798 1590 866 templa
1656 797 1954 852 elliciamur

358 887 668 955 ejusmodi,
722 904 843 957 quae
889 897 1142 942 sanctum
1216 888 1338 957 ejus
1389 887 1657 959 Spiritum
1697 891 1952 961 capiant,

359 980 825 1051 quemadmodum
880 982 1178 1050 Apostolus
1229 981 1518 1051 loquitur;
1566 980 1665 1035 Vos
1704 983 1955 1051 templum

366 1072 461 1129 1νεὶ
488 1075 635 1138 estis,
673 1085 720 1127 et
745 1072 978 1139 Spiritus
1005 1072 1102 1125 Dei
1138 1072 1342 1126 habitat
1386 1074 1437 1127 in
1474 1074 1615 1129 vobis
1638 1077 1677 1128 ¹.
1718 1075 1954 1130 Proinde

363 1168 509 1222 Deus
537 1184 602 1221 ex
638 1166 746 1221 Deo
801 1165 1044 1236 Spiritus
1076 1175 1180 1229 est,
1214 1182 1311 1237 per
1342 1184 1501 1236 quem
1533 1169 1736 1238 templa
1776 1169 1953 1223 sancti

364 1258 605 1328 Spiritus
641 1258 1005 1328 appellantur,
1054 1257 1099 1313 si
1148 1258 1325 1328 ipsius
1373 1259 1427 1311 in
1476 1259 1637 1313 nobis
1688 1259 1959 1329 Spiritum

2057 619 2151 673 ἐὰν
2178 616 2465 688 γενώμεθα
2493 617 2609 670 ναοὶ
2634 615 2935 688 χωροῦντες
2953 617 3011 669 τὸ
3026 616 3178 683 ἅγιον
3203 614 3369 669 αὑτοῦ
3403 614 3641 685 Πνεῦμα
3668 634 3687 647 ο

2059 710 2240 770 καθὼς
2305 705 2457 762 εἶπεν
2511 710 2539 761 ὁ
2593 708 2747 777 ἅγιος
2799 707 2894 761 τοῦ
2960 707 3096 761 Θεοῦ
3170 706 3517 768 Ἀπόστολος,
3580 706 3691 758 ὅτι

2075 801 2261 871 Ὗζιιεῖς
2300 802 2448 866 ναὸς
2489 800 2641 855 Θεοῦ
2669 801 2832 866 ἐστε,
2856 801 2953 855 καὶ
2987 800 3055 854 τὸ
3100 797 3345 867 Πνεῦμα
3373 795 3483 851 τοῦ
3515 793 3689 850 Θεοῦ

2058 894 2211 948 οἰκεῖ
2237 894 2307 947 ἐν
2354 892 2519 963 ὑμῖν.
2560 894 2705 965 Ἀρα
2739 892 2869 962 γοῦν
2895 892 3027 955 Θεὸς
3048 893 3113 944 ἐκ
3140 890 3275 943 Θεοῦ
3315 890 3375 942 τὸ
3412 888 3687 957 Πνεῦμα,

2059 986 2125 1039 δι’
2154 979 2219 1039 οἷ)
2250 986 2571 1057 Πνεύματος
2621 986 2780 1055 ἁγίου
2819 986 2940 1040 vaol.
2978 984 3316 1056 καλούμεθα,
3350 984 3448 1038 ἐὰν
3476 1001 3682 1037 κατοι-

2064 1078 2324 1149 κήσωμεν
2374 1080 2434 1131 τὸ
2505 1077 2669 1131 αὐτοῦ
2731 1078 2958 1149 Πνεῦμα
3005 1080 3063 1131 ὲν
3099 1081 3249 1149 ἡμῖν.
3292 1078 3522 1149 Πνεῦμα
3557 1078 3688 1149 γὰρ

2066 1169 2328 1239 Χριστοῦ,
2356 1169 2583 1240 Πνεῦμα
2640 1169 2853 1241 Πατρὸς
2917 1170 3373 1241 ἐκπορευόμενον,
3428 1169 3530 1222 καὶ
3573 1168 3688 1223 τοῦ

2072 1261 2203 1314 Υἰοῦ
2231 1262 2530 1333 λαμϐάνον,
2565 1263 2641 1327 ὼς
2670 1263 2830 1326 αὐτὸς
2856 1264 2885 1316 ὁ
2918 1263 3231 1334 Μονογενὴς
3260 1263 3541 1334 ὁμολογεῖ.

364 1351 612 1408 habitare
654 1356 948 1424 patiamur.
992 1351 1205 1424 Quippe
1259 1352 1464 1407 Christi
1526 1352 1785 1426 Spiritus,
1851 1354 2093 1426 Spiritus
2153 1366 2238 1414 est
2281 1374 2313 1414 a
2357 1358 2519 1415 Patre
2558 1359 2895 1431 procedens,
2936 1370 2992 1416 et
3029 1359 3307 1430 accipiens
3338 1374 3368 1413 a
3398 1358 3565 1423 Filio,
3608 1367 3690 1416 ιιι

370 1445 491 1518 ipse
528 1454 763 1501 testatur
795 1445 1182 1517 Unigenitus'.

442 1534 679 1594 XXVIII.
723 1537 857 1605 Quae
885 1554 988 1594 nos
1022 1540 1208 1593 omnia
1231 1542 1289 1593 in
1324 1551 1390 1595 eo
1427 1552 1589 1609 quem
1623 1537 1865 1595 diximus
1898 1538 1965 1593 li-

371 1628 474 1689 bro
501 1633 726 1688 uberius
758 1631 1177 1702 explicavimus,
1208 1646 1372 1702 quem
1401 1630 1569 1687 etiam
1599 1629 1655 1684 in
1691 1630 1965 1702 Pamphyu

371 1724 499 1780 liam
528 1740 591 1779 ac
622 1721 884 1779 Pisidiam
919 1724 1198 1781 misimus.
1224 1722 1339 1779 Hoc
1368 1739 1499 1779 vero
1530 1724 1674 1789 loco,
1700 1723 1964 1794 quoniam

369 1818 436 1874 ad
464 1832 559 1875 eas
603 1818 909 1874 sententias
936 1818 1005 1873 de
1032 1817 1233 1887 quibus
1272 1816 1536 1888 deinceps
1571 1817 1804 1889 quaestio
1848 1833 1967 1872 mo-

368 1922 547 1975 vetur,
584 1911 958 1981 pervenimus,
1004 1910 1321 1965 necessario
1350 1908 1539 1965 eadem
1570 1917 1817 1980 repetere
1848 1918 1966 1965 stu-

371 2003 614 2064 duimus,
648 2010 872 2073 propter
911 2002 1138 2057 haeresis
1172 2000 1338 2071 hujus
1369 2001 1711 2057 conditorem
1745 2002 1962 2067 Arium,

370 2104 425 2150 et
473 2096 711 2149 Arianus
738 2095 859 2163 ejus
887 2095 1152 2157 asseclas,
1206 2110 1315 2165 quo
1348 2110 1567 2149 omnem
1600 2092 1821 2148 illorum
1864 2092 1968 2147 im-

372 2187 698 2259 probitatem
723 2186 1105 2252 discutiamus,
1130 2203 1252 2257 qua:
1278 2196 1331 2242 et
1355 2187 1407 2241 id
1437 2187 1584 2256 quod
1614 2186 1777 2242 dulce
1802 2187 1966 2241 estin

378 2296 649 2344 amarum,
682 2287 735 2335 et
766 2280 966 2334 bonum
1000 2280 1057 2333 in
1082 2281 1312 2341 malum,
1339 2288 1391 2335 et
1418 2279 1597 2333 lucem
1629 2278 1684 2331 in
1711 2278 1966 2333 tenebras

375 2373 666 2430 convertit.
717 2370 853 2426 Nam
888 2372 1151 2427 adversus
1183 2372 1455 2440 ejusmodi
1510 2374 1760 2428 homines
1791 2390 1865 2428 ea:
1899 2373 1966 2426 il-

374 2458 471 2515 lud
501 2460 727 2515 omnino
752 2476 850 2530 per
882 2459 1079 2517 Isaiam
1115 2461 1435 2532 prophetam
1465 2461 1727 2519 Dominus
1767 2464 1968 2533 impre-

376 2562 557 2618 catur,
602 2554 696 2623 qui
747 2553 891 2608 bona
948 2553 1003 2608 in
1062 2555 1204 2608 mala
1261 2555 1661 2610 commutant’.
1721 2554 1965 2623 Quorum

376 2647 597 2719 quidem
630 2660 797 2701 causa
826 2660 1173 2716 nequaquam
1210 2646 1541 2702 ascribenda
1592 2647 1704 2705 Deo
1729 2659 1832 2717 est,
1870 2650 1966 2705 sed

376 2737 600 2795 cuilibet
643 2739 898 2802 istorum,
950 2739 1066 2795 sive
1109 2755 1249 2795 vana
1286 2741 1521 2811 quadam
1556 2741 1808 2811 gloriola,
1852 2744 1968 2797 sive.

378 2836 676 2906 anticipate
708 2835 876 2888 animi
924 2833 1160 2903 judicio,
1195 2834 1311 2889 sive
1342 2832 1597 2889 affectata
1629 2836 1818 2892 nescio
1859 2852 1969 2905 qua

379 2926 668 2997 sapientia,
694 2926 808 2982 sive
831 2925 1015 2980 alllatu
1050 2926 1316 2982 diemonis
1342 2926 1608 2995 opinione
1637 2937 1895 2998 suscepta
1937 2942 1968 2992 ξι

379 3021 628 3076 veritatis
659 3020 855 3076 itinere
885 3021 1285 3088 aberraverint,
1318 3021 1761 3090 pravitatemque
1785 3035 1965 3084 suam,

382 3114 464 3168 sic
507 3121 768 3182 tanquam
801 3113 1071 3183 ingentem
1103 3112 1495 3178 calamitatem,
1544 3112 1601 3165 in
1634 3111 1825 3167 orbem
1858 3118 1970 3167 ter-

380 3220 567 3260 rarum
604 3203 931 3257 invexerint.
972 3201 1133 3273 753
1160 3203 1271 3273 Age
1311 3202 1480 3274 igitur
1514 3216 1616 3257 nos
1651 3202 1852 3258 iterum
1901 3204 1969 3260 de

2152 1539 2288 1593 KH'.
2322 1537 2509 1592 Ταῦτα
2564 1531 2659 1592 οὖν
2705 1537 2886 1593 πάντα
2920 1538 2979 1591 ὲν
3003 1536 3082 1609 τῷ
3107 1536 3237 1609 περὶ
3259 1536 3498 1602 πίστεως
3524 1536 3689 1610 λόγῳ

2071 1628 2455 1701 προειρημένῳ
2501 1629 2927 1701 ύφηγησάμεθα,
2987 1633 3047 1683 ὲν
3090 1629 3188 1701 τῷ,
3226 1629 3301 1694 ὡς
3329 1625 3507 1696 εῐπον,
3542 1647 3693 1705 γρα-

2073 1724 2225 1794 φέντι
2254 1725 2335 1787 εις
2360 1722 2432 1776 τὰ
2468 1722 2609 1794 μέρη
2639 1724 2739 1794 τῆς
2793 1722 3124 1794 Παμφυλίας
3153 1724 3247 1778 καὶ
3276 1724 3521 1787 Πισίδος,
3562 1725 3675 1778 Ἑν

2070 1815 2243 1870 ταῦθα
2271 1815 2349 1878 δὲ,
2383 1814 2573 1886 ἐπειδὴ
2619 1814 2938 1885 ἐφθάσαμεν
2976 1815 3058 1878 είς
3093 1815 3192 1879 τάς
3237 1797 3693 1886 ἑξῆξζητουμέ-

2070 1927 2168 1973 νας
2197 1908 2390 1975 λέξεις,
2432 1907 2748 1977 ἀναγκαίως
2774 1907 2937 1961 πάλιν
2970 1907 3449 1980 ὲπιμνημονεῦσαι
3479 1912 3692 1963 ἐσπου-

2068 2000 2399 2072 δάσαμεν,τά
2427 2001 2568 2054 αὐτὰ
2589 2040 2604 2065 ,
2631 2000 2707 2062 ὡς
2739 2001 2935 2064 εἰπεῖν,
2961 1999 3052 2053 διὰ
3070 1999 3160 2053 τὸν
3185 1999 3555 2071 προκείμενον
3588 2000 3691 2055 αε-

2074 2093 2369 2165 ρεσιάρχην
2403 2092 2642 2163 Ἀρειον,
2697 2092 2946 2154 καὶτοὺς
2985 2092 3081 2144 ὑπ’
3116 2090 3282 2145 αὑτοῦ
3332 2091 3690 2162 ’Δρειανοὺς,

2070 2186 2157 2238 ἵνα
2192 2184 2507 2255 ὲκλύσωμεν
2538 2183 2636 2247 τὰς
2682 2184 2866 2236 αὐτῶν
2902 2184 3124 2247 κακίας,
3161 2182 3260 2248 τὰς
3287 2182 3349 2236 τὸ
3389 2184 3568 2251 γλυκὺ
3597 2186 3690 2247 εἰς

2070 2278 2268 2350 πικρὸν
2332 2276 2795 2349 μεταϐαλλούσας,
2856 2276 2950 2329 καὶ
2999 2275 3062 2329 τὸ
3102 2274 3305 2343 ἀγαθὸν
3341 2277 3421 2339 εἰς
3447 2276 3691 2345 φαῦλον,

2070 2374 2165 2425 καὶ
2220 2370 2282 2424 τὸ
2330 2369 2445 2440 φῶς
2494 2370 2573 2432 είς
2604 2368 2814 2432 σκότος.
2862 2369 2989 2432 Τοῖς
3014 2368 3124 2440 γὰρ
3151 2367 3421 2431 τοιούτοις
3451 2368 3690 2431 τελείως

2072 2467 2176 2520 ὑπὸ
2201 2464 2292 2519 τοῦ
2319 2463 2521 2536 Κυρίου
2554 2461 2643 2522 διὰ
2666 2462 2761 2517 τοῦ
2788 2462 2944 2530 ἁγίου
2976 2462 3199 2517 Ἡσαΐου
3232 2461 3293 2514 τὸ
3330 2461 3472 2515 οὐαὶ
3496 2461 3691 2532 ὁρίζε-

2068 2576 2180 2627 ται,
2202 2560 2316 2622 τοῖς
2338 2558 2409 2611 τὰ
2428 2555 2620 2626 ἀγαθὰ
2642 2558 2729 2623 εις
2750 2555 2910 2609 κακὰ
2926 2554 3393 2625 μεταϐάλλουσι.
3411 2552 3523 2607 Καὶ
3543 2553 3695 2616 Θεὸς

2070 2651 2308 2723 οὐδαμοῦ
2336 2653 2509 2714 αἴτιος
2539 2649 2650 2703 τῶν
2685 2648 2945 2702 τοιούτων
2963 2663 2980 2682 ο
3006 2646 3123 2701 ἀλλ’
3148 2646 3378 2709 ἕκαστος
3400 2647 3612 2699 τούτων
3644 2645 3687 2718 ἢ

2072 2744 2214 2800 κατὰ
2255 2741 2581 2809 κενοδοξίαν,
2614 2742 2647 2813 ἢ
2677 2740 2818 2796 κατὰ
2853 2738 3144 2813 πρόληψιν,
3185 2740 3220 2810 ἢ
3262 2738 3403 2793 κατά
3428 2739 3691 2792 ὲθελοσο-

2072 2841 2220 2909 φίαν,
2242 2840 2275 2910 ἢ
2304 2838 2445 2892 κατά
2470 2836 2646 2909 οἴησιν
2667 2835 2996 2907 δαιμονιὼδη
3020 2833 3243 2901 ἐξέπεσε
3269 2834 3366 2905 τῆς
3390 2833 3689 2904 ἀληθείας,

2071 2934 2167 2987 καὶ
2191 2932 2270 3002 τῷ
2293 2933 2483 3002 κόσμῳ
2507 2930 2885 3001 παρεισήγαγε
2908 2928 3110 2998 θλίψιν,
3133 2928 3231 2998 τὴν
3262 2927 3440 2982 αὐτῶν
3472 2928 3694 2999 μοχθη-

2074 3025 2215 3096 ρίαν.
2238 3022 2373 3094 Φέρε
2406 3023 2538 3091 γοῦν
2563 3022 2653 3075 διὰ
2690 3022 2896 3092 ταύτης
2936 3020 3035 3091 τῆς
3063 3018 3266 3086 λέξεως
3304 3018 3692 3090 διαλάϐωμεν,

2072 3119 2162 3172 ἴνα
2208 3116 2427 3187 γνῶμεν
2467 3114 2535 3169 τὰ
2582 3115 2686 3169 ὑπὸ
2719 3114 2922 3186 Κυρίου
2962 3114 3326 3185 λελαλημένα,
3354 3111 3431 3177 ὥς
3459 3130 3635 3185 φησιν
3658 3113 3692 3166 ὁ

2074 3209 2227 3277 ἅγιος
2266 3208 2587 3271 Ἀπὸστολος
2605 3224 2620 3240 ο
2646 3206 2758 3262 Kal
2775 3206 2947 3277 ἡμεῖς
2981 3207 3225 3276 Πνεῦμα
3253 3205 3400 3260 Θεοῦ
3429 3206 3692 3275 ἔχομεν,

382 3299 472 3353 his
500 3310 808 3352 sermonem
844 3295 1200 3351 instituamus
1232 3295 1336 3350 hoc
1367 3296 1508 3364 loco,
1540 3304 1601 3350 ut
1634 3312 1755 3368 qua:
1782 3296 1969 3351 Domi-

2095 3303 2177 3354 ’να
2214 3300 2449 3371 γνῶμεν
2472 3302 2544 3355 τὰ
2577 3300 2697 3357 ὑπὸ
2729 3301 2877 3355 Θεοῦ
2910 3300 3271 3370 χαρισθέντα
3313 3299 3478 3369 ἡμῖν,
3511 3298 3553 3354 d
3582 3300 3695 3355 καὶ

382 3405 490 3445 nus
515 3388 763 3441 elocutus
795 3394 880 3442 est
897 3385 1181 3455 pervidere
1204 3386 1501 3456 possimus,
1519 3387 1972 3459 quemadmodum

2095 3393 2410 3463 καλοῦμεν,
2448 3394 2543 3447 καὶ
2596 3393 2665 3447 τὰ
2716 3392 2862 3463 ἑξῆς.
2887 3391 3028 3463 Φησὶ
3061 3390 3192 3459 γοῦν
3216 3390 3246 3442 ὀ
3270 3389 3475 3461 Κύριος
3502 3406 3520 3421 ο
3565 3389 3692 3457 Δὸς

382 3482 681 3553 Apostolus
696 3480 799 3534 ait:
822 3478 887 3531 Et
921 3496 1016 3533 nos
1037 3478 1297 3549 Spiritum
1313 3480 1410 3534 Dei
1423 3481 1695 3541 habemus,
1710 3491 1766 3535 ut
1789 3498 1972 3553 cogno-

2095 3486 2285 3552 ιῠτοῖς
2334 3485 2487 3552 ζωὴν
2534 3486 2802 3553 ἔχειν’ἐν
2846 3483 3107 3551 ἑαυτοῖς.
3140 3482 3305 3551 Αὕτη
3340 3482 3408 3536 δέ
3438 3483 3621 3537 ἐστιν
3644 3482 3690 3550 ἠ

383 3590 594 3630 scamus
612 3588 727 3643 quw
743 3590 775 3625 a
793 3571 903 3626 Deo
916 3572 1116 3627 donata
1130 3582 1251 3628 sunt
1277 3573 1446 3638 nobis,
1465 3591 1582 3644 qum
1594 3584 1644 3629 et
1658 3575 1972 3645 loquimur“.

2095 3576 2316 3642 zidwtoc
2342 3577 2479 3646 ζωὴ,
2535 3578 2638 3631 ἵνα
2692 3575 3037 3649 τινώσκωσί
3071 3589 3146 3630 σε
3178 3576 3286 3630 τὸν
3305 3575 3500 3645 μόνον
3520 3575 3685 3645 ωηο

386 3662 514 3721 Hzec
537 3663 703 3734 igitur
734 3661 954 3718 Domini
981 3663 1146 3720 verba
1170 3672 1332 3718 sunt:
1357 3664 1438 3717 [)a
1464 3665 1569 3719 illis
1594 3666 1757 3719 vitam
1791 3666 1972 3721 habere

2095 3671 2250 3723 ῖινὸν
2276 3669 2442 3733 Θεὸν,
2480 3669 2582 3724 καὶ
2603 3669 2677 3739 ὃν
2702 3669 3068 3733 ἀπέστειλας
3113 3667 3353 3731 Ἰησοῦν
3394 3668 3687 3735 Χριστόν.

384 3765 439 3818 in
461 3765 666 3833 seipsis.
689 3763 818 3818 Hart:
841 3772 917 3817 est
943 3772 1118 3815 autem
1153 3763 1260 3817 vita
1294 3771 1514 3826 (eterna,
1538 3758 1595 3814 ut
1616 3772 1935 3832 cognoscant
1960 3772 2008 3818 te
2038 3766 2210 3819 solum
2231 3782 2407 3820 verum
2437 3764 2625 3825 Beum.
2654 3774 2704 3819 et
2729 3780 2879 3835 quem
2919 3764 3110 3817 misisti
3132 3760 3319 3815 Iesum
3343 3758 3686 3816 διατείνου.

460 3854 652 3911 XXIX.
686 3856 786 3911 IIic
815 3859 998 3911 omnia
1029 3856 1236 3919 turbat,
1272 3872 1337 3911 ac
1369 3856 1665 3925 permiscet
1705 3856 1892 3921 Arius,
1922 3867 1972 3914 et

2151 3862 2284 3916 KG’.
2336 3860 2703 3931 Ἀνατι-ηδᾷνδὲ
2750 3860 2937 3914 κυκῶν
2963 3853 3117 3922 οὗτος
3158 3860 3188 3911 ό
3217 3858 3462 3929 Ἄρειος,
3502 3855 3603 3909 καὶ
3634 3857 3692 3909 οι

387 3951 505 4005 Arii
541 3947 810 4015 fautores,
844 3950 935 4020 qui
956 3950 1060 4003 hoc
1081 3949 1246 4004 nobis
1264 3948 1534 4017 objiciunt
1560 3968 1572 4003 :
1602 3949 1737 4004 Cum
1752 3951 1972 4006 omnino

2095 3956 2173 4008 ὄπ’
2199 3953 2387 4017 αὑτοῦ,
2423 3955 2517 4007 καὶ
2541 3954 2794 4022 λέγουσι·
2829 3953 2902 4005 Τὸ
2919 3952 2939 3983 ⁸
2968 3953 3105 4015 ὅλως
3144 3948 3406 4015 εύξασθαι
3427 3948 3509 4020 τῷ
3537 3949 3691 4021 Θεῷ,

390 4044 563 4099 Deum
598 4044 946 4108 obsecrasse,
982 4050 1150 4113 atque
1194 4042 1311 4100 lucc
1353 4043 1522 4099 verba
1566 4059 1867 4113 usurpasse
1896 4044 1982 4098 di-

390 4148 571 4199 catur,
619 4135 805 4203 Pater,
838 4137 910 4191 da
954 4137 1065 4190 illis
1110 4137 1274 4190 vitam
1314 4134 1504 4190 habere
1534 4137 1586 4189 in
1619 4137 1831 4206 seipsis,
1868 4151 1979 4191 non

390 4238 574 4299 potest
600 4229 649 4285 ei
681 4230 773 4299 qui
811 4230 975 4283 vitam
1018 4230 1258 4299 prmbeat
1279 4228 1508 4299 aequalis
1532 4228 1729 4284 videri.
1761 4228 1896 4283 Nam
1934 4231 1976 4286 si

393 4337 460 4377 ex
494 4319 676 4377 Patris
706 4323 948 4378 essentia
980 4319 1145 4385 foret,
1177 4322 1345 4375 vitam
1380 4321 1498 4391 ipse
1545 4322 1836 4386 tribueret,
1870 4337 1980 4376 non

393 4429 424 4466 a
450 4411 611 4467 Patre
644 4421 870 4483 peteret,
910 4419 970 4466 ut
1005 4414 1072 4467 iis
1104 4413 1251 4466 illam
1287 4412 1466 4477 daret,
1513 4417 1607 4484 qui
1639 4430 1703 4469 ea
1742 4429 1980 4484 quorum

2082 4048 2179 4103 καὶ
2206 4046 2385 4115 λέγειν
2405 4063 2419 4078 ο
2456 4045 2666 4114 Πάτερ,
2689 4044 2796 4111 δὸς
2821 4044 3029 4111 αὐτοῖς
3054 4042 3208 4111 ζωὴν
3238 4041 3410 4110 ἔχειν
3428 4041 3500 4093 ἐν
3540 4044 3688 4095 ἐαυ-

2090 4139 2215 4204 τοῗς
2234 4158 2247 4171 σ
2276 4140 2379 4193 οὐκ
2400 4138 2548 4192 ἔστιν
2578 4137 2693 4201 ἴσος
2727 4136 2807 4207 τῷ
2834 4136 3131 4207 παρέχοντι
3153 4134 3254 4205 τὴν
3285 4132 3449 4203 ζωήν.
3475 4132 3541 4185 Εἰ
3572 4132 3688 4203 γὰρ

2086 4229 2155 4305 ἦν
2201 4234 2267 4287 ὲκ
2299 4232 2401 4305 τῆς
2442 4229 2538 4285 τοῦ
2583 4231 2797 4303 Πατρδς
2836 4230 3046 4293 οὐσίας,
3083 4229 3247 4290 αὐτὸς
3279 4227 3346 4281 ἂν
3394 4224 3690 4300 ἐχαρίζετο

2088 4324 2188 4393 τὴν
2223 4322 2391 4393 ζωὴν,
2426 4321 2522 4376 καὶ
2543 4322 2646 4375 οὐκ
2687 4324 2755 4375 ἂν
2777 4323 2960 4392 ᾐτεῖτο
2988 4320 3081 4374 τὸν
3118 4318 3337 4389 Πατέρα
3364 4317 3548 4371 δοῦναι
3565 4320 3687 4380 τοῖς

2090 4416 2432 4487 λαμϐάνουσι
2459 4416 2529 4468 τὰ
2556 4415 2648 4467 ὑπ’
2676 4412 2844 4467 αὐτοῦ
2874 4413 3130 4483 διδόμενα
3154 4412 3221 4464 δι’
3257 4413 3547 4481 αἰτήσεων.
3574 4412 3689 4466 Καὶ

394 4505 515 4575 ipse
569 4505 799 4575 largitor
852 4505 956 4565 sit,
1002 4504 1265 4575 precibus
1311 4506 1691 4575 impetrarent.
1735 4508 1806 4563 At
1852 4508 1972 4561 illtu

2095 4509 2192 4561 οὐκ
2243 4508 2423 4561 ἴσασιν
2466 4508 2516 4559 οἱ
2569 4506 2692 4560 καθ’
2750 4505 2959 4558 ἑαυτῶν
2997 4506 3098 4575 τὴν
3145 4504 3387 4557 διάνοιαν
3428 4503 3685 4576 διαστρέο

397 4595 660 4660 ignorare
704 4592 959 4649 homines
996 4593 1091 4650 isti
1128 4592 1411 4658 videntur,
1456 4594 1550 4664 qui
1596 4602 1833 4649 mentem
1879 4594 1985 4649 sibi

397 4700 595 4755 magno
619 4701 722 4741 suo
752 4686 897 4739 malo
930 4686 1321 4756 depravarunt,
1354 4687 1425 4742 ob
1457 4686 1512 4741 id
1548 4704 1720 4741 unum
1754 4689 1861 4742 huc
1893 4702 1986 4741 ac-

396 4785 640 4842 cessisse
674 4783 768 4839 Dei
831 4783 1052 4849 Filium,
1095 4785 1257 4840 nobis
1310 4793 1369 4839 ut
1410 4785 1689 4855 exemplar
1730 4799 1793 4839 ac
1838 4785 1988 4840 salus

396 4886 566 4940 esset,
600 4876 780 4934 medio
818 4877 871 4931 in
900 4877 1106 4932 mundo
1144 4877 1476 4945 consistens,
1502 4878 1651 4932 velut
1681 4878 1735 4931 in
1772 4878 1987 4932 theatro

399 4972 639 5042 quodam
668 4970 896 5034 athleta,
922 4972 1015 5042 qui
1045 4970 1228 5027 omnia
1252 4972 1492 5042 disjiciat
1513 4981 1565 5027 et
1600 4978 1832 5035 evertat,
1866 4986 1989 5041 quae

396 5061 662 5118 adversus
690 5062 976 5118 veritatem
1002 5064 1314 5132 insurgunt,
1340 5078 1568 5133 quasque
1600 5062 1893 5117 inlidelitas
1924 5075 1987 5116 ac

401 5156 608 5212 diaboli
643 5156 795 5212 fraus
830 5163 883 5211 et
905 5156 1183 5212 calumnia
1205 5156 1526 5219 concitavit,
1561 5156 1676 5212 sive
1694 5171 1789 5225 per
1813 5156 1988 5211 simu-

399 5250 675 5303 lacrorum
708 5248 941 5313 cultum,
985 5248 1100 5303 sive
1140 5264 1237 5319 per
1258 5246 1570 5305 Iudaeorum
1617 5249 1836 5311 fastum,
1869 5250 1985 5305 sive

397 5356 496 5411 per
524 5340 925 5405 inﬁdelitatem,
963 5341 1079 5396 sive
1099 5356 1197 5411 per
1230 5342 1483 5397 humanae
1516 5342 1794 5413 opinionis
1824 5357 1983 5396 arro-

396 5432 679 5501 gantiam;
717 5449 826 5503 quo
858 5433 1107 5490 homines
1129 5435 1561 5491 moderationem
1595 5433 1764 5488 animi
1796 5441 1850 5488 et
1879 5432 1983 5486 lut-

399 5524 688 5579 militatem
726 5526 985 5591 doceret;
1024 5542 1091 5581 ne
1108 5528 1233 5597 quis
1263 5542 1387 5581 cum
1414 5528 1581 5581 homo
1611 5528 1981 5595 sit,magnum

399 5629 460 5670 se
492 5629 616 5672 esse
640 5615 901 5686 quiddam
943 5620 1259 5683 arbitretur,
1293 5619 1388 5675 sed
1415 5620 1481 5674 ad
1508 5633 1853 5674 communem
1874 5633 1986 5671 om-

400 5709 553 5764 nium
585 5719 864 5778 parentem
896 5711 1151 5767 universa
1175 5712 1392 5766 referat.
1430 5711 1701 5778 Quocirca
1730 5709 1853 5765 licet
1875 5712 1986 5763 vita

477 5822 494 5893 ξ
526 5819 698 5893 lgor.
734 5836 814 5889 ιιι,
852 5820 937 5893 16.

404 5893 425 5926 ⁸
455 5890 495 5948 F
542 5890 639 5962 τῷ.

2092 4602 2315 4671 ψαντες.
2340 4601 2425 4653 ὅτι
2441 4600 2509 4653 τὰ
2535 4600 2715 4653 πάντα
2737 4601 2766 4652 ὁ
2791 4596 3105 4668 Μονογενὴς
3123 4592 3307 4668 ἦλθεν,
3336 4597 3423 4650 ἵνα
3452 4598 3686 4669 γένηται

2097 4693 2225 4760 ύμῖν
2282 4691 2651 4762 ύπογραμμδς
2697 4693 2793 4746 καὶ
2841 4691 3124 4763 σωτηρία,
3178 4690 3342 4761 μέσος
3381 4690 3555 4753 ἑστὼς
3585 4690 3682 4744 τοῦ

2093 4786 2324 4856 κόσμου,
2364 4784 2437 4848 ὡς
2482 4785 2575 4839 ἐπὶ
2619 4785 2850 4857 Θεάτρου
2878 4783 3116 4856 ἀθλητοῦ
3159 4784 3338 4854 δίκην,
3370 4783 3683 4848 διαλύοντος

2095 4875 2273 4929 πάντα
2294 4875 2372 4928 τὰ
2404 4875 2545 4929 κατὰ
2575 4876 2673 4946 τῆς
2701 4874 2962 4946 ἀληθείας
2991 4874 3377 4929 ἐπαναστάντα
3404 4873 3469 4926 ἐκ
3497 4890 3559 4926 τε
3583 4874 3685 4945 τῆς

2090 4967 2349 5030 ἀπιστίας
2375 4970 2471 5021 καὶ⁹
2507 4967 2895 5036 συκοφαντίας,
2926 4968 3023 5020 καὶ
3058 4967 3269 5035 πλάνης
3300 4965 3573 5028 διαϐόλου,
3603 4966 3679 5036 πὴ

2094 5062 2194 5131 μὲν
2226 5061 2317 5115 διὰ
2347 5051 2813 5133 εἰδωλολᾱττρείας,
2848 5061 2924 5133 πὴ
2969 5061 3028 5114 δὲ
3057 5060 3147 5115 διὰ
3193 5058 3490 5130 Ἰουδαϊκῆς
3531 5061 3683 5131 οίκήο

2093 5170 2253 5216 σεως,
2294 5153 2368 5223 πὴ
2398 5153 2456 5207 δὲ
2489 5153 2557 5206 δι’
2598 5154 2884 5217 ἀπιστίας,
2913 5152 2989 5225 πὴ
3028 5153 3085 5206 δὲ
3128 5152 3215 5206 διὰ
3255 5152 3357 5223 τῆς
3395 5152 3681 5222 ὲπάρσεως

2090 5249 2189 5320 τῆς
2216 5248 2324 5304 τῶν
2357 5248 2661 5320 ἀνθρώπων
2697 5249 3020 5320 ὑπολήψεως
3040 5266 3054 5279 υ
3088 5249 3174 5301 ἵνα
3206 5246 3393 5317 διδάξῃ
3420 5247 3549 5310 τοὺς
3583 5246 3679 5298 ἀνι

2093 5340 2345 5414 Θρώπους
2376 5344 2840 5415 ταπεινοφρονεῖν,
2885 5342 2980 5395 τοῦ
3014 5344 3087 5413 μή
3135 5359 3256 5395 τινα
3307 5340 3499 5394 ἑαυτὸν
3543 5339 3680 5409 ἠγήο

2094 5434 2289 5489 σασθαί
2339 5451 2390 5487 τι
2440 5434 2728 5507 ἅνθρωπος
2768 5435 2864 5498 ὢν,
2916 5435 3031 5487 ἀλλ’
3066 5436 3145 5497 εἰς
3179 5433 3268 5487 τὸν
3303 5432 3523 5503 Πατέρα
3570 5430 3675 5483 τῶν

2090 5529 2227 5582 ὅλων
2256 5527 2551 5600 ἀναφέρειν
2579 5527 2639 5581 τὸ
2682 5529 2811 5582 πᾶν.
2846 5528 2957 5581 Καὶ
2993 5527 3083 5581 διὰ
3128 5524 3307 5587 τοῦτο,
3355 5525 3559 5595 καίπερ
3600 5522 3673 5577 ῶν

2094 5621 2229 5692 ζωὴ.
2257 5621 2335 5684 ὡς
2368 5620 2537 5689 λέγει,
2568 5620 2712 5690 Ἐγώ
2738 5623 2853 5693 εἰμι
2884 5622 2922 5689 ἡ
2953 5619 3389 5691 ζωὴ,δυνάμενος
3409 5616 3672 5688 παρέχειν

2094 5713 2192 5784 τὴν
2236 5712 2416 5784 ζωὴν,
2470 5714 2528 5765 ού
2579 5713 2824 5782 βούλεται
2862 5713 3095 5784 ταράξαι
3148 5712 3210 5765 τὸ
3259 5711 3487 5775 δίκαιον,
3540 5706 3671 5763 ἀλλὰ

1042 5826 1062 5856 ⁸
1096 5819 1252 5877 Joan.
1302 5840 1391 5893 xv,
1433 5825 1537 5893 26;
1596 5842 1705 5880 XVI.
1743 5825 1842 5891 II,
1893 5822 1972 5877 15.

2103 5824 2208 5881 Isa.
2257 5844 2307 5891 ν,
2335 5826 2424 5881 20.
2504 5832 2523 5861 ⁸
2549 5827 2568 5881 l
2598 5828 2727 5883 Cor.
2768 5826 3058 5894 11,1Ξ,15.
3133 5828 3153 5858 ⁸
3187 5824 3345 5881 Joan.
3373 5836 3508 5887 xvtt,
3530 5822 3587 5887 2,
3615 5819 3667 5876 3.
3718 5810 3721 5813 ’
