3826 6206
144 421 230 478 249
735 411 1100 470 ADVERSUS
1140 413 1482 472 lleRESES
1523 415 1652 472 LIB.
1697 415 1762 473 ll.

1807 417 1971 474 TOM.
2015 419 2078 476 ιι.
2103 453 2173 462 -
2211 422 2489 481 amnes.
2531 425 2722 481 LXIX.
3268 399 3379 488 sto

144 535 276 609 ἦλθεν
303 535 374 596 είς
417 531 546 602 μίαν
577 530 783 602 ἀρχὴν,
829 533 908 594 εἰς
954 531 1082 603 μίαν
1121 531 1380 603 θεότητα,
1425 535 1506 598 εἰς
1553 535 1682 607 μίαν

1837 553 1901 592 se
1929 539 2020 602 sit,
2057 547 2116 595 ut
2149 549 2397 606 testatur,
2439 543 2552 613 Ego
2593 559 2712 597 sum
2757 543 2925 608 vitai,
2982 559 3213 616 eamque
3245 561 3380 602 con-

143 631 390 700 ἀλήθειαν,
417 627 496 690 εἰς
527 625 658 696 μίαν
701 626 956 696 ὁμόνοιαν
977 667 991 692 ,
1046 627 1126 690 εἰς
1167 627 1298 696 μίαν
1344 625 1682 698 δοξολογίαν,

145 721 432 789 συναγαγεῖν
475 718 588 772 τῶν
639 717 944 790 ἀνθρώπων
995 719 1274 789 σωτηρίαν
1319 737 1380 772 τε
1433 721 1527 774 καὶ
1571 721 1686 775 διά-

141 829 262 868 νοιαν
275 830 286 842 ·
309 811 394 864 καὶ
411 807 644 862 ἐνώπιον
663 807 772 861 τῶν
799 807 1058 878 μαθητῶν
1079 809 1172 864 τὸν
1188 811 1410 882 Πατέρα
1434 811 1682 864 αἰτεῖται.

142 906 220 968 Τίς
241 903 338 973 γὰρ
361 900 468 964 υίὸς
503 897 656 970 παρὰ
687 899 894 968 πατρὸς
935 899 1038 952 οὐκ
1077 901 1350 967 αἰτεῖ-,ταις
1383 901 1468 964 τίς
1499 901 1556 954 δὲ
1580 916 1688 954 πα-

139 999 224 1068 τὴρ
249 995 340 1066 υίῷ
371 995 428 1048 οὐ
471 993 690 1058 δίδωσις
728 994 878 1054 ποῖος
925 991 982 1044 δὲ
1015 991 1132 1055 υἱὸς
1175 991 1388 1056 ἀλλοῖος
1430 993 1689 1062 τυγχάνει

139 1089 267 1160 παρὰ
307 1088 402 1157 τὴν
437 1085 532 1138 τοῦ
582 1084 788 1156 πατρὸς
822 1083 1026 1153 φύσιν;
1079 1085 1190 1138 Καὶ
1225 1083 1315 1138 διὰ
1361 1083 1519 1138 τοῦτο
1561 1083 1688 1148 Υἱὸς

141 1182 398 1255 μονογενὴς
427 1181 578 1250 παρὰ
622 1178 858 1249 Πατρὸς,
901 1178 1117 1250 πλήρης
1154 1178 1377 1250 χάριτος
1417 1178 1513 1231 καὶ
1557 1176 1690 1248 ἀλη-

139 1276 284 1338 θείας,
307 1273 403 1326 οὐκ
447 1270 704 1324 ἑπεδὲετο
743 1269 837 1324 τοῦ
887 1267 1287 1340 πληρώματος,
1321 1271 1424 1322 οὐκ
1467 1268 1690 1340 ἐλλιπὴς

137 1367 220 1437 τῆς
257 1363 528 1435 ἀληθείας,
566 1362 704 1416 ἀλλά
747 1361 964 1434 πλήρης
1007 1361 1232 1433 χάριτος
1269 1361 1365 1415 καὶ
1409 1359 1686 1430 ἀληθείας.

149 1458 198 1515 ’0
237 1459 287 1511 δὲ
316 1457 526 1527 πλήρης
553 1455 630 1509 ὢν
679 1455 776 1508 καὶ
821 1453 1038 1518 δίδωσι,
1082 1453 1177 1507 καὶ
1218 1452 1441 1507 δύναται
1481 1451 1688 1506 δοῦναι.

137 1551 360 1606 Βούλεται
379 1550 438 1602 δὲ
469 1549 652 1602 πάντα
679 1547 902 1616 ἀνάγειν
931 1547 1024 1600 ἐπὶ
1050 1547 1142 1600 τὸν
1173 1545 1414 1617 Πατέρα.
1452 1544 1692 1610 Δοξὰζει

137 1643 230 1712 τὰρ
263 1639 386 1705 Υἱὸς
421 1638 532 1693 τόν
563 1636 798 1707 Πατέρα
817 1655 832 1669 ι
863 1636 1098 1702 δοξάζει
1129 1641 1163 1692 ό
1202 1637 1410 1706 Πατὴρ
1441 1637 1550 1690 τὸν
1571 1641 1691 1692 Mo-

136 1731 346 1803 νογ-ενῆ.
385 1731 532 1801 Ἐγὼ
557 1729 671 1800 γάρ
707 1745 781 1784 σε
827 1729 1095 1794 ἐδόξασα
1127 1729 1226 1783 ἐπὶ
1257 1727 1368 1796 τῆς
1403 1727 1538 1798 γῆς,
1578 1727 1694 1780 ἐλε-

135 1827 264 1895 Υενδ
289 1825 407 1887 Υίδς
443 1823 526 1894 τῷ
566 1822 742 1895 Πατρί
762 1837 778 1852 ·
815 1824 908 1876 καὶ
936 1824 964 1876 ὀ
999 1821 1188 1893 Πατὴρ
1233 1821 1388 1890 ἔλεγε
1417 1819 1498 1891 τῷ
1537 1819 1650 1891 Υἱῷ
1673 1833 1688 1850 ο

1788 627 1930 684 ferre
1953 647 2048 700 per
2075 647 2196 688 sese
2225 635 2420 704 possit,
2443 636 2586 704 juris
2641 643 2823 690 tamen
2859 651 2924 690 ac
2951 637 3181 706 iustitiae
3203 637 3380 710 legem

1788 724 2114 792 perturbare
2141 726 2356 788 noluit;
2406 725 2502 782 sed
2548 726 2756 782 idcirco
2790 727 2961 790 venit,
3003 735 3062 781 ut
3095 729 3162 783 ad
3208 744 3379 782 unum

1789 815 2120 885 principium
2179 833 2455 888 unamque
2491 818 2856 883 divinitatem,
2899 821 3206 884 veritatem,
3247 836 3382 875 con-

1789 906 2056 971 cordiam,
2082 908 2354 978 uniusque
2372 909 2560 979 gloriae
2584 909 3055 975 praedicationem,
3092 909 3382 984 hominum

1789 997 2046 1065 salutem,
2087 1007 2438 1070 mentemque
2470 1002 2810 1056 traduceret.
2857 999 2939 1054 Ob
2975 1001 3030 1055 id
3061 981 3250 1054 coram
3293 1000 3381 1056 di-

1790 1090 2021 1160 scipulis
2050 1089 2201 1144 Patri
2243 1094 2558 1163 supplicare
2596 1094 2791 1147 voluit.
2823 1091 2958 1146 Nam
2985 1094 3113 1164 quis
3157 1093 3384 1148 demum

1791 1181 1936 1236 lilius
1985 1196 2016 1234 a
2051 1191 2204 1252 patre
2251 1198 2362 1238 non
2411 1184 2701 1254 postulat?
2747 1193 2840 1239 aut
2883 1185 3009 1255 quis
3064 1192 3222 1256 pater
3263 1201 3380 1241 non

1790 1273 1906 1328 lilio
1931 1273 2206 1346 largitur?
2250 1277 2377 1346 quis
2405 1291 2574 1347 porro
2616 1277 2761 1332 ﬁlius
2785 1293 2815 1332 a
2857 1279 3036 1345 patris
3074 1287 3272 1333 natura
3298 1279 3386 1334 di-

1791 1381 1990 1423 versus
2021 1367 2140 1422 est?
2167 1365 2464 1438 Propterea
2495 1368 2694 1424 unicus
2723 1367 2817 1423 Dei
2847 1368 3022 1426 Filius
3055 1384 3086 1424 a
3108 1369 3269 1424 Patre
3291 1385 3386 1442 ge-

1791 1455 1964 1518 nitus.
1999 1456 2196 1528 plenus
2230 1458 2419 1528 gratiae
2451 1466 2506 1513 et
2529 1458 2777 1514 veritatis
2821 1459 2865 1522 ³,
2899 1459 3112 1513 nullum
3139 1461 3386 1529 comple-

1793 1557 2040 1604 mentum
2075 1550 2414 1619 requirebat,
2455 1565 2578 1605 cum
2611 1551 2752 1605 nihil
2787 1551 2892 1622 ipsi
2931 1551 2999 1606 de
3025 1551 3262 1607 veritate
3285 1551 3385 1607 de-

1793 1650 1966 1704 esset,
1997 1641 2095 1696 sed
2131 1641 2325 1712 plenus
2355 1642 2545 1712 gratia:
2581 1658 2648 1698 ac
2671 1643 2922 1698 veritatis
2949 1641 3113 1699 foret.
3139 1642 3249 1700 Sed
3276 1643 3386 1700 etsi

1795 1735 1993 1804 plenus
2031 1738 2125 1798 sit,
2163 1743 2330 1805 atque
2364 1743 2418 1791 et
2456 1735 2726 1806 largiatur
2771 1737 2911 1806 ipse,
2943 1743 2998 1791 et
3026 1735 3216 1805 largirl
3255 1751 3385 1806 pos-

1796 1827 1894 1894 sit,
1919 1829 2279 1885 nihilominus
2303 1831 2357 1884 in
2396 1827 2612 1884 Patrem
2643 1827 2938 1884 refundere
2968 1829 3155 1884 omnia
3187 1828 3384 1884 voluit.

143 1889 412 1983 Tddfaad
453 1889 566 1979 (re,
619 1889 720 1968 καὶ
760 1913 950 1968 πάλιν
997 1889 1258 1978 δοξάσω.
1299 1889 1414 1966 οίὺκ
1469 1889 1549 1966 ενι
1581 1889 1692 1983 γαρ

1837 1889 1926 1972 ain
1959 1917 2128 1974 Filius
2168 1919 2439 1990 glorilicat
2476 1917 2698 1973 Patrem
2745 1918 2796 1984 ³,
2826 1932 2892 1972 ac
2938 1918 3181 1972 vicissim
3224 1916 3388 1973 Pater

133 2011 400 2075 διάστασις,
419 2009 530 2062 οὐκ
571 2007 653 2060 ἔνι
695 2006 890 2076 φθόνος
919 2006 1194 2078 θεότητος.
1240 2005 1341 2070 Δὸς
1383 2001 1476 2059 οὖν
1507 2006 1692 2068 αὐτοῖς

134 2103 256 2173 ἱχειν
279 2101 418 2171 ζωὴν
451 2101 512 2152 ιν
545 2101 780 2164 ἑαυτοῖς.
822 2100 884 2152 '0
916 2098 1028 2171 ζωὴ
1068 2097 1144 2154 ὢν
1173 2099 1319 2170 ζωὴν
1351 2097 1494 2151 θέλει
1539 2097 1692 2167 παρὰ

134 2191 318 2264 Πατρὸς
341 2179 786 2262 inﬂammant
827 2189 1029 2244 διδόναι
1055 2191 1171 2253 τοῖς
1202 2187 1491 2260 μαθηταῖς,
1526 2185 1691 2252 αὐτὸς

135 2283 196 2338 ὧν
223 2284 346 2356 ζωὴ,
379 2283 466 2337 ἵνα
525 2284 600 2354 μὴ
631 2283 779 2354 sitan
814 2283 916 2353 τὴν
976 2281 1204 2354 μονάδα,
1237 2283 1325 2335 ἵνα
1373 2281 1451 2353 μὴ
1483 2279 1692 2343 σκῶλος

134 2377 328 2447 γίνηται
375 2380 492 2440 τοῖς
529 2375 834 2439 ἰωδαίοιςο
887 2376 974 2428 ἵνα
1013 2374 1322 2430 ἀκούσωσιν
1357 2376 1405 2428 οἱ
1447 2373 1691 2427 Ἰουδαῖοι

135 2471 264 2541 παρά
287 2469 378 2522 τοῦ
413 2468 635 2540 Πατρὸς
678 2467 965 2534 αἰτοῦντα,
1000 2469 1096 2523 καὶ
1126 2467 1336 2524 διδόντα
1371 2469 1486 2531 τοῖς
1523 2462 1690 2518 αὑτοῦ

137 2563 394 2636 μαθηταῖς.

1794 2007 2018 2062 unicum
2041 2006 2260 2062 ‘Filium
2292 2007 2584 2078 glorilicat.
2631 2007 2744 2078 Ego
2793 2010 2932 2062 enim
2980 2009 3280 2074 clariﬁcavi
3335 2017 3390 2063 te

1791 2114 1949 2167 super
1973 2099 2407 2171 terram‘,75&,
2426 2100 2504 2152 ait
2527 2097 2675 2152 Patri
2703 2097 2979 2166 Filius;et
3007 2098 3173 2154 Pater
3199 2097 3338 2154 Filio
3367 2113 3382 2151 :

1793 2188 2099 2258 Ctariﬁcavi
2121 2199 2188 2252 te,
2213 2201 2262 2244 et
2281 2191 2470 2244 iterum
2493 2190 2803 2259 clariﬁcabo
2838 2190 2879 2242 '.
2909 2188 3096 2259 Neque
3129 2192 3274 2245 enim
3303 2190 3388 2245 ul-

1793 2283 1905 2336 lum
1949 2284 2001 2335 in
2033 2281 2324 2337 Divinitate
2355 2283 2674 2346 dissidium,
2714 2290 2808 2335 aut
2849 2282 3057 2336 invidia
3087 2283 3384 2352 reperitur.

1792 2375 1892 2439 Da,
1936 2375 2135 2445 inquit,
2170 2375 2282 2428 illis
2317 2375 2526 2430 habere
2555 2374 2722 2428 vitam
2755 2375 2812 2429 in
2843 2375 3070 2446 seipsis.
3106 2373 3250 2444 Ergo
3275 2373 3388 2428 vita

1793 2467 1913 2536 ipsa
1945 2466 2113 2520 vitam
2145 2481 2176 2519 a
2225 2463 2386 2520 Patre
2427 2465 2691 2534 postulat,
2725 2479 2890 2534 quam
2936 2479 3062 2518 cum
3098 2459 3392 2531 discipulis

1794 2559 2188 2623 communicet,
2231 2573 2302 2612 ne
2343 2567 2438 2612 aut
2481 2558 2749 2612 unitatem
2808 2557 3114 2622 divideret,
3151 2562 3246 2609 aut
3291 2553 3392 2609 Ju-

1747 2695 1758 2702 .
1793 2650 1930 2704 dacis
1956 2649 2318 2706 oli'ensionem
2357 2649 2643 2718 praeberet,
2671 2655 2730 2702 ut
2751 2648 2930 2719 ipsum
2959 2646 3132 2702 Judaei
3165 2661 3196 2700 a
3227 2646 3393 2702 Patre

192 2839 264 2890 Αε,
305 2833 430 2898 Πῶς
473 2827 570 2888 οὖν
623 2832 768 2886 αἰτεῖ
793 2829 886 2884 τὸν
937 2829 1158 2902 Πατέρα
1201 2828 1230 2881 ὁ
1266 2827 1434 2893 Υί6ς;
1480 2827 1567 2890 Ὡς
1617 2826 1692 2898 μὴ

135 2931 250 3000 εχων
275 2928 366 2984 καὶ
393 2927 564 2982 αἰτῶν
589 2943 606 2992 ;
635 2923 801 2996 Οὐχί·
823 2923 961 2976 ἀλλὰ
987 2921 1084 2992 τὴν
1109 2920 1310 2992 μονάδα
1335 2920 1436 2990 τῆς
1463 2917 1694 2990 Τριὼδος

140 3023 410 3094 Minimum,
451 3019 677 3082 τελείως
725 3016 1072 3089 παρέχουσαν
1125 3013 1204 3085 τῷ
1247 3012 1578 3085 λαμϐάνοντι
1623 3011 1694 3066 τὰ

135 3117 260 3187 δῶρα
289 3115 430 3182 ἀξια.
465 3115 586 3167 Ἵνα
613 3113 672 3165 δὲ
705 3109 948 3181 σημάνῃ,
987 3109 1069 3161 ὅτι
1107 3106 1204 3177 μία
1231 3107 1380 3160 ἐστὶν
1413 3107 1447 3176 ὴ
1479 3103 1689 3172 Θεότης,

137 3209 274 3262 πάλιν
297 3210 350 3260 ὲν
383 3207 532 3274 ἄλλῳ
557 3205 710 3274 τόπῳ
741 3201 926 3256 οὐκέτι
961 3197 1282 3268 αἰτούμενος
1311 3197 1546 3259 δίδωσιν,
1568 3195 1692 3290 αλλ’
1721 3229 1764 3290 c

134 3299 360 3370 αὑθεντία
381 3298 452 3352 τὰ
495 3297 627 3360 ῐδια,
657 3294 734 3359 ὡς
764 3292 916 3364 πηγὴ
941 3292 1018 3346 ὣν
1050 3290 1160 3344 ἀπὸ
1189 3289 1394 3361 πηγῆς,
1433 3287 1529 3340 καὶ
1559 3285 1690 3350 Θεὸς

133 3391 194 3446 ὢν
219 3394 276 3446 ὲκ
301 3389 456 3454 Θεοῦ,
482 3387 814 3458 ἐνεφύσησεν
846 3387 926 3448 είς
953 3384 1014 3436 τὸ
1043 3383 1336 3452 πρόσωπον
1367 3377 1568 3442 αὐτῶν,
1597 3376 1694 3430 καὶ

133 3477 234 3538 εἷς-..ε
253 3498 267 3512 ·
295 3479 520 3538 Λάϐετε
547 3477 792 3546 Πνεῦμα
811 3474 1004 3543 ἄτιον.
1027 3473 1140 3527 Καὶ
1163 3470 1350 3526 ἄλλοτε
1389 3469 1562 3539 ἐπῆρε
1594 3466 1696 3530 τὰς

134 3578 315 3646 χεῖρας,
343 3575 440 3630 καὶ
469 3569 594 3626 εἷπε
614 3587 628 3604 ·
673 3568 896 3626 Λάϐετε
925 3565 1172 3634 Πνεῦμα
1211 3563 1384 3631 ἅγιον
1401 3579 1415 3592 ·
1454 3560 1550 3614 καὶ
1581 3559 1695 3632 ἔχει

133 3667 182 3718 ὲν
208 3665 376 3736 ἑαυτῷ
407 3663 579 3734 ζωὴν,
609 3662 698 3714 ἵνα
733 3653 780 3728 ᾧ
823 3657 1070 3729 βούλεται
1102 3653 1288 3709 δοῦναι
1319 3653 1414 3726 δῷ.
1462 3653 1556 3718 Ὡς
1587 3651 1696 3723 γὰρ

134 3760 161 3812 ὁ
195 3756 384 3826 Πατὴρ
423 3755 554 3824 ἔχει
595 3751 752 3820 ζωὴν
781 3752 855 3806 ἐν
891 3746 1104 3812 ἑαυτῷ,
1137 3746 1294 3800 οὕτω
1339 3745 1438 3800 καί
1473 3747 1507 3800 d
1563 3743 1698 3810 Υἱὸς

133 3848 240 3919 ἔχει
273 3847 428 3912 φῆν
473 3847 545 3902 ἐν
569 3841 788 3909 ἑαυτῷ.
823 3841 944 3906 Καὶ.
983 3841 1137 3912 ὁρᾷς.
1173 3838 1254 3890 ὅτι
1299 3836 1482 3890 ἕνεκεν
1529 3834 1698 3905 τιμῆς

135 3943 252 4014 πρὸς
277 3942 368 3996 τὸν
403 3940 664 4011 Πατέρα,
717 3935 812 3990 καὶ
861 3933 1056 3988 ἕνεκεν
1099 3933 1230 4004 μιᾶς
1281 3929 1554 4001 ἐνότητος,
1603 3927 1700 3981 καὶ

135 4037 246 4106 μιᾶς
283 4033 609 4100 δοξολογίας,
639 4029 736 4084 καὶ
779 4027 876 4082 τοῦ
919 4027 993 4098 μὴ
1022 4025 1152 4088 τοὺς
1185 4022 1435 4095 μαθητὰς
1479 4020 1702 4090 νομίσαι

137 4125 200 4196 μὴ
227 4126 328 4178 ἀπὸ
355 4123 452 4178 τοῦ
479 4121 618 4176 Θεοῦ
644 4119 738 4173 τοῦ
771 4119 940 4189 νόμου
973 4116 1070 4170 καὶ
1100 4115 1210 4168 τῶν
1235 4111 1534 4186 προφητῶν
1562 4127 1702 4182 παρ-

133 4218 378 4271 εκκλίνειν
427 4217 458 4270 ὁ
489 4213 803 4284 Μονογενὴς
848 4207 980 4282 ἦλθε
1021 4208 1124 4272 τὰς
1171 4207 1408 4271 διανοίας
1456 4203 1565 4259 τῶν
1613 4221 1704 4257 πι-

1793 2751 2070 2814 petentem
2111 2757 2176 2797 ac
2210 2741 2505 2812 discipulis
2537 2751 2858 2812 erogantcm
2889 2741 3167 2796 audirent.

1868 2833 2038 2890 XXX.
2082 2834 2371 2900 Quomodo
2419 2833 2586 2905 igitur
2633 2832 2810 2889 Filius
2845 2847 2874 2885 a
2907 2833 3069 2888 Patre
3113 2831 3396 2901 postulati

1794 2928 2079 3000 Tanquam
2133 2927 2188 2982 id
2225 2943 2334 2998 quo
2383 2927 2605 2982 carebat
2649 2927 2900 2996 peteret?
2945 2925 3168 2980 Minime
3213 2939 3393 2990 vero;

1796 3021 1888 3076 sed
1929 3017 2220 3074 Trinitatis
2269 3005 2545 3072 unitatem
2612 3016 2904 3086 expressit,
2943 3031 3064 3085 quae
3107 3025 3394 3071 consenta-

1795 3129 1895 3167 nea
1917 3112 2062 3166 dena
2093 3113 2160 3166 iis
2185 3113 2278 3182 qui
2305 3111 2585 3180 accipiunt
2611 3109 2853 3179 perfecte
2883 3110 3099 3164 tribuit.
3124 3108 3304 3179 Atque
3327 3115 3392 3164 ut

1795 3201 2225 3271 intclligeremus
2257 3201 2476 3254 unicam
2513 3215 2638 3254 esse
2679 3199 3050 3260 divinitatem,
3101 3197 3245 3252 idem
3275 3198 3388 3254 alio

1795 3295 1916 3350 loco
1941 3309 2049 3348 non
2073 3294 2186 3363 jam
2215 3293 2528 3364 postulans,
2548 3291 2645 3347 sed
2678 3292 2898 3362 propria
2921 3289 3254 3346 auctoritate
3271 3289 3388 3345 vel-

1796 3397 1855 3440 ut
1889 3401 1990 3441 sua
2045 3383 2297 3456 largitur,
2331 3383 2672 3455 utpotelons
2711 3397 2778 3439 ex
2825 3383 2996 3447 fonte,
3027 3397 3092 3437 ac
3139 3381 3285 3438 Deus
3323 3397 3394 3438 ex

1797 3478 1912 3534 Deo
1949 3493 2299 3549 progressus,
2336 3491 2460 3533 cum
2495 3476 2705 3532 scilicet
2733 3476 2792 3530 in
2838 3473 3238 3545 discipulorum
3270 3473 3398 3530 vul-

1797 3579 1888 3625 tus
1950 3569 2250 3639 inspirans,
2287 3566 2542 3637 Accipite,
2572 3567 2732 3629 dixit,
2770 3565 3036 3633 Spiritum
3070 3573 3315 3621 sanctum
3349 3565 3396 3622 °.

1798 3663 1950 3717 Alias
1995 3675 2216 3732 quoque
2265 3661 2500 3716 sublatis
2553 3661 2832 3723 manibus,
2882 3659 3145 3728 Accipite,
3197 3659 3396 3730 inquit,

1801 3755 2062 3824 Spiritum
2088 3765 2357 3809 sanctum.
2381 3753 2514 3809 Item
2547 3772 2560 3808 :
2595 3751 2777 3808 Vitam
2805 3753 2975 3808 habet
3005 3752 3062 3806 in
3097 3752 3300 3826 seipso,
3337 3756 3400 3805 ut

1803 3849 2116 3918 cuicunque
2145 3847 2403 3912 voluerit,
2427 3845 2540 3902 det.
2567 3845 2725 3911 Nam,
2767 3845 2834 3898 Ut
2860 3843 3030 3899 Pater
3057 3845 3220 3898 vitam
3245 3842 3402 3898 habet

1805 3943 1858 3994 in
1892 3941 2082 4010 seipse,
2115 3942 2194 3994 sic
2215 3949 2266 3994 et
2303 3939 2480 3994 Filius
2497 3939 2736 3994 eamdem
2766 3938 2922 3992 habet
2947 3939 3002 3991 in
3031 3951 3144 3991 sese
3165 3937 3208 3991 ".
3233 3931 3402 3990 Vides

1802 4035 1970 4107 igitur
1996 4033 2481 4105 quemadmodum,
2530 4041 2591 4086 ut
2633 4027 3090 4090 honorem-:Patri
3137 4027 3401 4090 deferret,

1807 4139 1972 4198 atque
2005 4135 2066 4180 ut
2105 4126 2441 4196 singularem
2477 4139 2602 4179 esse
2643 4123 3010 4184 divinitatem,
3060 4119 3404 4191 gloriamque

1806 4219 2206 4290 signiﬁcarent,
2237 4227 2350 4272 tum
2383 4233 2452 4270 ne
2479 4216 2737 4286 discipuli
2763 4215 2833 4270 ab
2855 4215 2992 4284 legis
3015 4214 3167 4268 illum
3194 4222 3245 4267 et
3271 4227 3402 4282 pro-

136 4309 430 4376 στευόντων,
465 4307 662 4362 τούτου
689 4305 854 4358 ἕνεκα
885 4302 1020 4365 Θεὸς
1047 4301 1144 4366 ὢν,
1175 4299 1272 4354 καὶ
1310 4296 1694 4369 προγινώσκων

1837 4313 2098 4366 ιιιθιιιηιιη
2133 4308 2246 4364 Deo
2276 4308 2520 4363 lidelium
2550 4308 2768 4362 animos
2797 4321 3062 4361 revocare
3101 4305 3239 4360 velle
3279 4305 3405 4358 uni-.

135 4404 216 4475 τὴν
243 4405 344 4458 τῶν
375 4403 686 4475 ἀνθρώπων
729 4397 1088 4470 κακοήθειαν,
1135 4395 1228 4450 τὸν
1261 4395 1418 4463 λόγον
1449 4391 1526 4456 ὡς
1565 4393 1694 4464 πρὸς

1837 4419 1932 4456 :um
1961 4401 2054 4457 Dei
2086 4399 2286 4455 Filium
2313 4401 2626 4466 crederent,
2667 4414 2794 4453 cum
2833 4398 2974 4452 idem
3015 4397 3104 4452 ille
3143 4397 3286 4452 Deus
3315 4411 3404 4450 es-

133 4499 209 4551 τὸν
233 4497 448 4556 Πατέρα
502 4495 734 4567 πέμπει,
777 4493 872 4546 καὶ
899 4492 998 4562 τὴν
1037 4488 1193 4554 δόξαν
1225 4486 1593 4558 ἀναφαίρετον
1627 4483 1694 4556 τᾷ

1839 4503 1914 4561 et,
1937 4501 1994 4550 et
2021 4495 2304 4549 hominum
2342 4491 2750 4561 improbitatem
2777 4497 3159 4560 cognosceret,
3192 4489 3406 4544 oratio-

135 4587 286 4660 Πατρὶ
329 4590 572 4653 δίδωσιν,
621 4587 710 4640 ἵνα
757 4585 1056 4654 Μανιχαῖος
1087 4578 1462 4651 καταισχυνθῇ
1503 4576 1694 4648 ἀρνού-

1837 4603 1932 4641 ιοιη
1969 4586 2036 4641 ad
2077 4585 2296 4640 Patrem
2330 4583 2698 4647 converterit,
2755 4584 2918 4654 eique
2963 4581 3224 4653 gloriam,
3280 4593 3415 4650 qua}

135 4694 272 4748 μενος
299 4679 392 4732 τὸν
415 4678 664 4745 Πατέρα,
687 4675 776 4728 ἵνα
802 4675 852 4728 οἱ
883 4673 1122 4745 μαθηταὶ
1151 4670 1416 4742 μάθωσιν,
1446 4671 1530 4723 ὅτι
1559 4668 1694 4740 αὐτή

1844 4679 2010 4734 uferri
2034 4678 2186 4733 nullo
2203 4675 2366 4732 modo
2392 4683 2573 4747 potest
2605 4676 2894 4742 tribuerit;
2918 4681 3047 4730 utet
3068 4672 3414 4728 Munichqu

135 4771 262 4824 ἐστιν
287 4774 322 4842 ὴ
355 4772 550 4842 θεότης
589 4771 648 4823 ὲν
681 4768 898 4839 Παλαιᾷ
941 4765 1038 4820 καὶ
1077 4765 1254 4835 Καινῇ
1301 4762 1578 4836 Διαθήκῃ·
1613 4762 1700 4815 ἵνα

133 4865 176 4916 oi.
206 4865 438 4918 Ἰουδαῖοι
481 4861 848 4935 ἐντραπῶσιν,
875 4861 962 4914 ὅτι
1003 4860 1103 4912 οὐκ
1129 4853 1294 4930 ἦλθεν
1329 4857 1358 4908 ὸ
1390 4853 1702 4925 Move-favi];

135 4955 318 5020 διδάξαι
371 4957 536 5012 ἄλλον
584 4955 717 5008 Θεὸν
737 4993 754 5020 ,
807 4951 944 5006 ἀλλὰ
985 4947 1336 5018 ἀποκαλύψαι
1385 4947 1552 5001 αὑτοῦ
1602 4947 1704 5016 τὴν

139 5047 365 5119 Θεὰι-ητα,
399 5049 500 5103 καὶ
533 5047 750 5118 Πατρὸς
787 5043 951 5099 αὑτοῦ
985 5041 1080 5096 τοῦ
1115 5040 1464 5112 ἐπουρανίου.
1485 5039 1584 5102 Δὸς
1611 5031 1704 5091 οὖν

138 5143 298 5206 αὐτοῖς
341 5143 486 5214 ἔχειν
511 5140 658 5212 ζωὴν
701 5142 760 5193 ὲν
795 5139 1030 5200 ἑαυτοῖς.
1075 5135 1334 5203 Καίτοιγε
1378 5133 1538 5198 αὐτὸς
1579 5133 1708 5202 ὲκήο

139 5249 278 5303 ρυττε
303 5235 514 5306 ταύτην
557 5235 658 5304 τὴν
695 5233 864 5302 ζωήν.
896 5229 1024 5293 Πῶς
1053 5227 1148 5283 οὖν
1173 5230 1268 5282 τὸν
1309 5226 1528 5300 Πατέρα
1553 5226 1694 5298 ᾔτει,

138 5326 214 5378 ἵνα
235 5326 306 5398 δῷ
329 5329 516 5391 αὐτοῖς
547 5327 576 5380 ὃ
603 5325 769 5388 αὐτὸς
799 5323 1071 5389 ἐδίδασκε,
1093 5323 1192 5376 καὶ
1219 5321 1424 5388 ὲδίδου;
1455 5321 1566 5393 Τὴν
1595 5319 1706 5391 γὰρ

139 5417 262 5492 ζωὴν
286 5421 408 5475 ὓστε
417 5438 510 5493 ρον
530 5421 848 5489 ἀπεφήνατο
873 5417 1045 5486 λέγων
1067 5434 1080 5448 σ
1115 5416 1296 5483 Αὕτη,
1329 5417 1514 5484 φησὶν,
1534 5415 1710 5469 ἐστὶν

141 5513 172 5578 ἠ
205 5511 306 5583 ζωὴ
323 5555 338 5579 ,
389 5515 495 5570 ἶνα
531 5510 884 5588 γινώσκωσι
927 5527 1003 5564 σε
1045 5509 1154 5564 τὸν
1183 5509 1376 5582 μόνον
1413 5508 1710 5578 ἀληθινὸν

143 5605 288 5662 Θεόν.
1225 5619 1230 5626 ”

1807 4769 1935 4852 ille..
1952 4769 2047 4840 qui
2081 4767 2301 4822 Patrem
2341 4768 2600 4838 abnegat,
2639 4767 3022 4829 erubesceret,
3053 4773 3109 4820 et
3141 4763 3410 4834 discipuli

1807 4861 2056 4916 eamdem
2081 4861 2136 4914 in
2165 4859 2346 4915 Veteri
2377 4857 2639 4928 Novoque
2665 4857 3026 4914 Testamento
3057 4857 3406 4911 divinitatem

1810 4971 1936 5012 esse
1961 4956 2269 5022 discerent;
2301 4953 2541 5025 denique
2565 4961 2626 5008 ut
2657 4953 2864 5009 Judteis
2895 4954 3159 5022 pudorem
3192 4953 3406 5006 incute-

1812 5057 1918 5112 ret,
1963 5049 2094 5103 dum
2141 5048 2644 5103 animadverterent
2677 5063 2786 5101 non
2836 5047 3065 5100 alterius
3111 5043 3406 5114 cujusdam

1815 5143 1909 5198 Dei
1947 5143 2280 5213 pranlicandi
2321 5143 2496 5206 gratia
2537 5143 2758 5197 venisse
2799 5139 3016 5202 Filium,
3063 5138 3158 5194 sed
3205 5145 3265 5190 ut
3297 5144 3414 5190 tam

1817 5251 1998 5298 suam,
2031 5251 2198 5306 quam
2235 5235 2480 5291 cmlestis
2524 5233 2608 5290 sui
2639 5230 3273 5287 Parentis'divinitatem
3312 5228 3410 5284 deo

1811 5334 2042 5396 tegeret.
2097 5325 2174 5380 Da
2223 5327 2424 5397 igitur,
2473 5325 2681 5394 inquit,
2723 5323 2832 5377 illis
2881 5321 3046 5375 vitam
3097 5319 3304 5375 habere
3352 5320 3410 5374 in

1809 5421 2030 5489 seipsis.
2071 5420 2238 5490 Atqui
2291 5419 2430 5473 hanc
2461 5419 2639 5487 ipsam
2693 5418 2860 5470 vitam
2903 5414 2996 5470 ille
3044 5413 3404 5484 praedicabat.

1809 5511 1922 5566 Cur
1957 5511 2127 5582 igitur
2153 5529 2182 5565 a
2223 5509 2387 5566 Patre
2427 5509 2757 5580 postulabat,
2795 5517 2852 5566 ut
2891 5507 2996 5561 hoc
3029 5505 3138 5561 illis
3173 5503 3398 5559 confer-
3439 5530 3448 5578 ε

1812 5612 1918 5664 ret,
1965 5604 2111 5674 quod
2141 5605 2256 5676 ipse
2284 5603 2511 5658 doceret
2547 5617 2611 5657 ac
2647 5600 2952 5656 tribueret?
2973 5597 3133 5667 Nam,
3163 5595 3310 5670 quod
3341 5595 3411 5650 ad

142 5695 282 5748 vitam
311 5697 522 5760 attinet,
557 5696 700 5750 hanc
728 5695 846 5764 ipse
872 5701 1059 5763 postea
1085 5691 1408 5748 declaravit.
1440 5691 1568 5748 ch
1593 5703 1693 5758 est,
1728 5696 1825 5760 ait,
1862 5697 1994 5761 vita,
2018 5705 2076 5749 ut
2107 5706 2427 5766 cognoscant
2453 5703 2500 5749 te
2529 5693 2706 5748 solum
2742 5708 2920 5747 rerum
2959 5687 3124 5746 Deum
3154 5689 3198 5744 ⁸.

199 5816 214 5845 ‘
244 5815 393 5871 Joan.
427 5833 504 5882 ιι,
531 5815 637 5880 23;
668 5833 778 5874 xw.
807 5827 860 5868 ι).
940 5815 960 5844 ³
993 5811 1151 5867 Joan.
1181 5829 1220 5880 1,
1250 5815 1335 5872 M.

142 5881 216 5939 ἢ.
281 5887 301 5920 ⁷
329 5887 488 5956 Joan.
517 5887 679 5960 v,26.
757 5887 778 5919 ⁸
808 5885 968 5942 Joan.
994 5899 1126 5954 xm,
1158 5885 1209 5939 5.

1431 5815 1450 5846 ⁸
1481 5813 1640 5872 Joan.
1671 5832 1781 5885 xw,

1815 5817 1901 5876 13.
1983 5815 2184 5876 5Joan.
2221 5821 2358 5886 xvii,
2396 5815 2444 5870 4.
2526 5815 2543 5846 ⁵
2577 5810 2738 5868 Joan.
2777 5825 2876 5872 xu.
2905 5807 3000 5864 ‘28.
3077 5803 3280 5862 'Joan.
3313 5819 3414 5870 xx,
