  <div class='ocr_page' id='page_1' title='image "/cluster/home/n/w/nwhite01/storage/ocr_20150623/42/hvd.32044011752995/125.png"; bbox 0 0 3826 6206; ppageno 0'>
   <div class='ocr_carea' id='block_1_1' title="bbox 398 417 501 477">
    <p class='ocr_par' dir='ltr' id='par_1_1' title="bbox 398 417 501 477">
     <span class='ocr_line' id='line_1_1' title="bbox 398 417 501 477; baseline -0.029 0"><span class='ocrx_word' id='word_1_1' title='bbox 398 417 501 477; x_wconf 64' lang='grc' dir='ltr'><strong>ιιι</strong></span> 
     </span>
    </p>
   </div>
   <div class='ocr_carea' id='block_1_2' title="bbox 1813 415 2264 474">
    <p class='ocr_par' dir='ltr' id='par_1_2' title="bbox 1813 415 2264 474">
     <span class='ocr_line' id='line_1_2' title="bbox 1813 415 2264 474; baseline -0.004 -2"><span class='ocrx_word' id='word_1_2' title='bbox 1813 416 1871 474; x_wconf 89' lang='lat' dir='ltr'><strong>S.</strong></span> <span class='ocrx_word' id='word_1_3' title='bbox 1914 415 2264 471; x_wconf 81' lang='lat' dir='ltr'><strong>EPlPlfANIl</strong></span> 
     </span>
    </p>
   </div>
   <div class='ocr_carea' id='block_1_3' title="bbox 3576 414 3695 472">
    <p class='ocr_par' dir='ltr' id='par_1_3' title="bbox 3576 414 3695 472">
     <span class='ocr_line' id='line_1_3' title="bbox 3576 414 3695 472; baseline -0.017 0"><span class='ocrx_word' id='word_1_4' title='bbox 3576 414 3695 472; x_wconf 68' lang='grc'><strong>232</strong></span> 
     </span>
    </p>
   </div>
   <div class='ocr_carea' id='block_1_4' title="bbox 472 528 1987 608">
    <p class='ocr_par' dir='ltr' id='par_1_4' title="bbox 472 536 1987 608">
     <span class='ocr_line' id='line_1_4' title="bbox 472 536 1987 608; baseline -0.001 -16"><span class='ocrx_word' id='word_1_5' title='bbox 472 536 667 592; x_wconf 68' lang='lat' dir='ltr'><strong>XXXI.</strong></span> <span class='ocrx_word' id='word_1_6' title='bbox 702 536 800 593; x_wconf 88' lang='lat' dir='ltr'><strong>llic</strong></span> <span class='ocrx_word' id='word_1_7' title='bbox 829 536 997 593; x_wconf 86' lang='lat' dir='ltr'><strong>Arius</strong></span> <span class='ocrx_word' id='word_1_8' title='bbox 1038 537 1271 608; x_wconf 87' lang='lat' dir='ltr'><strong>ejusque</strong></span> <span class='ocrx_word' id='word_1_9' title='bbox 1304 536 1547 593; x_wconf 79' lang='lat' dir='ltr'><strong>fautores</strong></span> <span class='ocrx_word' id='word_1_10' title='bbox 1576 536 1877 600; x_wconf 74' lang='lat' dir='ltr'><strong>exsultant,</strong></span> <span class='ocrx_word' id='word_1_11' title='bbox 1905 544 1987 591; x_wconf 89' lang='lat' dir='ltr'><strong>at-</strong></span> 
     </span>
    </p>
   </div>
   <div class='ocr_carea' id='block_1_5' title="bbox 2169 528 3689 608">
    <p class='ocr_par' dir='ltr' id='par_1_5' title="bbox 2169 528 3689 605">
     <span class='ocr_line' id='line_1_5' title="bbox 2169 528 3689 605; baseline -0.002 -16"><span class='ocrx_word' id='word_1_12' title='bbox 2169 537 2285 589; x_wconf 63' lang='grc' dir='ltr'><strong>ΛΜ.</strong></span> <span class='ocrx_word' id='word_1_13' title='bbox 2318 528 2453 586; x_wconf 74' lang='grc' dir='ltr'>Εἶτα</span> <span class='ocrx_word' id='word_1_14' title='bbox 2480 534 2509 586; x_wconf 99' lang='lat'><strong>6</strong></span> <span class='ocrx_word' id='word_1_15' title='bbox 2546 532 2766 604; x_wconf 72' lang='grc' dir='ltr'>’Ἄρειος</span> <span class='ocrx_word' id='word_1_16' title='bbox 2812 532 2906 585; x_wconf 60' lang='grc' dir='ltr'><strong>καὶ⁸</strong></span> <span class='ocrx_word' id='word_1_17' title='bbox 2938 535 2987 587; x_wconf 78' lang='grc' dir='ltr'>οἱ</span> <span class='ocrx_word' id='word_1_18' title='bbox 3033 533 3130 587; x_wconf 78' lang='grc' dir='ltr'><strong>ἀπ’</strong></span> <span class='ocrx_word' id='word_1_19' title='bbox 3162 532 3330 587; x_wconf 79' lang='grc' dir='ltr'>αὑτοῦ</span> <span class='ocrx_word' id='word_1_20' title='bbox 3364 534 3689 605; x_wconf 75' lang='grc' dir='ltr'>ἀναπηδῶσι</span> 
     </span>
    </p>
   </div>
   <div class='ocr_carea' id='block_1_6' title="bbox 400 627 1988 700">
    <p class='ocr_par' dir='ltr' id='par_1_6' title="bbox 400 627 1988 700">
     <span class='ocr_line' id='line_1_6' title="bbox 400 627 1988 700; baseline 0.001 -17"><span class='ocrx_word' id='word_1_21' title='bbox 400 645 507 698; x_wconf 88' lang='lat' dir='ltr'><strong>que</strong></span> <span class='ocrx_word' id='word_1_22' title='bbox 535 645 604 685; x_wconf 81' lang='lat' dir='ltr'><strong>ex</strong></span> <span class='ocrx_word' id='word_1_23' title='bbox 635 629 740 685; x_wconf 82' lang='lat' dir='ltr'><strong>hac</strong></span> <span class='ocrx_word' id='word_1_24' title='bbox 775 644 930 695; x_wconf 84' lang='lat' dir='ltr'><strong>voce,</strong></span> <span class='ocrx_word' id='word_1_25' title='bbox 964 644 1224 700; x_wconf 72' lang='lat' dir='ltr'><strong>magnum</strong></span> <span class='ocrx_word' id='word_1_26' title='bbox 1257 644 1318 685; x_wconf 88' lang='lat' dir='ltr'><strong>se</strong></span> <span class='ocrx_word' id='word_1_27' title='bbox 1351 629 1419 683; x_wconf 92' lang='lat' dir='ltr'><strong>ad</strong></span> <span class='ocrx_word' id='word_1_28' title='bbox 1447 627 1869 699; x_wconf 77' lang='lat' dir='ltr'><strong>oppugnandam</strong></span> <span class='ocrx_word' id='word_1_29' title='bbox 1894 645 1988 685; x_wconf 86' lang='lat' dir='ltr'><strong>ve-</strong></span> 
     </span>
    </p>
   </div>
   <div class='ocr_carea' id='block_1_7' title="bbox 403 710 1986 792">
    <p class='ocr_par' dir='ltr' id='par_1_7' title="bbox 403 710 1986 792">
     <span class='ocr_line' id='line_1_7' title="bbox 403 710 1986 792; baseline -0.001 -16"><span class='ocrx_word' id='word_1_30' title='bbox 403 722 621 776; x_wconf 82' lang='lat' dir='ltr'><strong>ritatem</strong></span> <span class='ocrx_word' id='word_1_31' title='bbox 668 710 1044 791; x_wconf 78' lang='lat' dir='ltr'><strong>adjuinentutn</strong></span> <span class='ocrx_word' id='word_1_32' title='bbox 1099 731 1293 778; x_wconf 89' lang='lat' dir='ltr'><strong>nactos</strong></span> <span class='ocrx_word' id='word_1_33' title='bbox 1347 730 1560 792; x_wconf 88' lang='lat' dir='ltr'><strong>putant.</strong></span> <span class='ocrx_word' id='word_1_34' title='bbox 1604 720 1739 776; x_wconf 85' lang='lat' dir='ltr'><strong>Nam</strong></span> <span class='ocrx_word' id='word_1_35' title='bbox 1792 722 1986 789; x_wconf 86' lang='lat' dir='ltr'><strong>solum,</strong></span> 
     </span>
    </p>
   </div>
   <div class='ocr_carea' id='block_1_8' title="bbox 405 813 1984 885">
    <p class='ocr_par' dir='ltr' id='par_1_8' title="bbox 405 813 1984 885">
     <span class='ocr_line' id='line_1_8' title="bbox 405 813 1984 885; baseline 0.001 -18"><span class='ocrx_word' id='word_1_36' title='bbox 405 814 685 884; x_wconf 87' lang='lat' dir='ltr'><strong>inquittnt,</strong></span> <span class='ocrx_word' id='word_1_37' title='bbox 716 830 893 870; x_wconf 81' lang='lat' dir='ltr'><strong>verum</strong></span> <span class='ocrx_word' id='word_1_38' title='bbox 909 814 1076 868; x_wconf 88' lang='lat' dir='ltr'><strong>Deum</strong></span> <span class='ocrx_word' id='word_1_39' title='bbox 1096 814 1405 885; x_wconf 73' lang='lat' dir='ltr'><strong>appellavit.</strong></span> <span class='ocrx_word' id='word_1_40' title='bbox 1440 813 1599 885; x_wconf 80' lang='lat' dir='ltr'><strong>Ergo,</strong></span> <span class='ocrx_word' id='word_1_41' title='bbox 1621 814 1867 878; x_wconf 88' lang='lat' dir='ltr'><strong>utvides,</strong></span> <span class='ocrx_word' id='word_1_42' title='bbox 1898 830 1984 869; x_wconf 88' lang='lat' dir='ltr'><strong>so-</strong></span> 
     </span>
    </p>
   </div>
   <div class='ocr_carea' id='block_1_9' title="bbox 2091 624 3686 697">
    <p class='ocr_par' dir='ltr' id='par_1_9' title="bbox 2091 624 3686 697">
     <span class='ocr_line' id='line_1_9' title="bbox 2091 624 3686 697; baseline -0.001 -17"><span class='ocrx_word' id='word_1_43' title='bbox 2091 628 2179 681; x_wconf 87' lang='grc' dir='ltr'><strong>διὰ</strong></span> <span class='ocrx_word' id='word_1_44' title='bbox 2204 627 2301 697; x_wconf 84' lang='grc' dir='ltr'>τῆς</span> <span class='ocrx_word' id='word_1_45' title='bbox 2330 624 2552 690; x_wconf 81' lang='grc' dir='ltr'>λέξεως,</span> <span class='ocrx_word' id='word_1_46' title='bbox 2571 625 2646 689; x_wconf 83' lang='grc' dir='ltr'>ὥς</span> <span class='ocrx_word' id='word_1_47' title='bbox 2673 642 2726 678; x_wconf 91' lang='grc' dir='ltr'><strong>τι</strong></span> <span class='ocrx_word' id='word_1_48' title='bbox 2756 625 2901 680; x_wconf 84' lang='grc' dir='ltr'>κατὰ</span> <span class='ocrx_word' id='word_1_49' title='bbox 2925 625 3026 695; x_wconf 82' lang='grc' dir='ltr'><strong>τῆς</strong></span> <span class='ocrx_word' id='word_1_50' title='bbox 3058 626 3319 696; x_wconf 75' lang='grc' dir='ltr'><strong>ἀληθείας</strong></span> <span class='ocrx_word' id='word_1_51' title='bbox 3356 626 3656 696; x_wconf 73' lang='grc' dir='ltr'><strong>εὑράμενοι</strong></span> <span class='ocrx_word' id='word_1_52' title='bbox 3674 644 3686 654; x_wconf 91' lang='grc'><strong>·</strong></span> 
     </span>
    </p>
   </div>
   <div class='ocr_carea' id='block_1_10' title="bbox 2091 715 3692 789">
    <p class='ocr_par' dir='ltr' id='par_1_10' title="bbox 2091 715 3692 789">
     <span class='ocr_line' id='line_1_10' title="bbox 2091 715 3692 789; baseline -0.001 -16"><span class='ocrx_word' id='word_1_53' title='bbox 2091 722 2173 774; x_wconf 83' lang='grc' dir='ltr'>ὅτι</span> <span class='ocrx_word' id='word_1_54' title='bbox 2200 715 2347 785; x_wconf 83' lang='grc' dir='ltr'>εἶπε,</span> <span class='ocrx_word' id='word_1_55' title='bbox 2380 719 2595 788; x_wconf 80' lang='grc' dir='ltr'>μόνον,</span> <span class='ocrx_word' id='word_1_56' title='bbox 2628 719 2795 788; x_wconf 67' lang='grc' dir='ltr'>φησι,</span> <span class='ocrx_word' id='word_1_57' title='bbox 2828 718 2935 773; x_wconf 78' lang='grc' dir='ltr'><strong>τὸν</strong></span> <span class='ocrx_word' id='word_1_58' title='bbox 2974 719 3269 787; x_wconf 78' lang='grc' dir='ltr'>ἀληθινὸν</span> <span class='ocrx_word' id='word_1_59' title='bbox 3305 719 3475 772; x_wconf 86' lang='grc' dir='ltr'>Θεόν.</span> <span class='ocrx_word' id='word_1_60' title='bbox 3522 720 3692 789; x_wconf 74' lang='grc' dir='ltr'>Ὁρᾷς</span> 
     </span>
    </p>
   </div>
   <div class='ocr_carea' id='block_1_11' title="bbox 2092 812 3693 883">
    <p class='ocr_par' dir='ltr' id='par_1_11' title="bbox 2092 812 3693 883">
     <span class='ocr_line' id='line_1_11' title="bbox 2092 812 3693 883; baseline -0.001 -17"><span class='ocrx_word' id='word_1_61' title='bbox 2092 813 2291 877; x_wconf 84' lang='grc' dir='ltr'>τοίνυν,</span> <span class='ocrx_word' id='word_1_62' title='bbox 2319 813 2401 866; x_wconf 83' lang='grc' dir='ltr'>ὅτι</span> <span class='ocrx_word' id='word_1_63' title='bbox 2450 812 2611 882; x_wconf 84' lang='grc' dir='ltr'><strong>μόνος</strong></span> <span class='ocrx_word' id='word_1_64' title='bbox 2653 813 2801 865; x_wconf 75' lang='grc' dir='ltr'>ἐστὶν</span> <span class='ocrx_word' id='word_1_65' title='bbox 2832 814 2860 866; x_wconf 92' lang='lat'><strong>6</strong></span> <span class='ocrx_word' id='word_1_66' title='bbox 2898 812 3089 883; x_wconf 84' lang='grc' dir='ltr'>Πατὴρ</span> <span class='ocrx_word' id='word_1_67' title='bbox 3113 814 3142 865; x_wconf 88' lang='lat'><strong>6</strong></span> <span class='ocrx_word' id='word_1_68' title='bbox 3188 812 3466 883; x_wconf 80' lang='grc' dir='ltr'>ἀληθινός.</span> <span class='ocrx_word' id='word_1_69' title='bbox 3520 812 3693 881; x_wconf 83' lang='grc' dir='ltr'>Ἐρω-</span> 
     </span>
    </p>
   </div>
   <div class='ocr_carea' id='block_1_12' title="bbox 405 892 1987 976">
    <p class='ocr_par' dir='ltr' id='par_1_12' title="bbox 405 905 1987 976">
     <span class='ocr_line' id='line_1_12' title="bbox 405 905 1987 976; baseline 0 -17"><span class='ocrx_word' id='word_1_70' title='bbox 405 906 495 962; x_wconf 88' lang='lat' dir='ltr'><strong>lus</strong></span> <span class='ocrx_word' id='word_1_71' title='bbox 528 905 691 963; x_wconf 89' lang='lat' dir='ltr'><strong>Pater</strong></span> <span class='ocrx_word' id='word_1_72' title='bbox 734 923 897 962; x_wconf 89' lang='lat' dir='ltr'><strong>verus</strong></span> <span class='ocrx_word' id='word_1_73' title='bbox 926 906 1069 961; x_wconf 87' lang='lat' dir='ltr'><strong>Deus</strong></span> <span class='ocrx_word' id='word_1_74' title='bbox 1101 914 1203 961; x_wconf 89' lang='lat' dir='ltr'><strong>est.</strong></span> <span class='ocrx_word' id='word_1_75' title='bbox 1245 905 1405 976; x_wconf 84' lang='lat'><strong>755</strong></span> <span class='ocrx_word' id='word_1_76' title='bbox 1450 905 1553 961; x_wconf 91' lang='lat' dir='ltr'><strong>Sed</strong></span> <span class='ocrx_word' id='word_1_77' title='bbox 1595 921 1699 961; x_wconf 92' lang='lat' dir='ltr'><strong>nos</strong></span> <span class='ocrx_word' id='word_1_78' title='bbox 1741 906 1987 962; x_wconf 84' lang='lat' dir='ltr'><strong>vicissim</strong></span> 
     </span>
    </p>
   </div>
   <div class='ocr_carea' id='block_1_13' title="bbox 2169 892 3694 976">
    <p class='ocr_par' dir='ltr' id='par_1_13' title="bbox 2176 900 3694 976">
     <span class='ocr_line' id='line_1_13' title="bbox 2176 900 3694 976; baseline 0 -19"><span class='ocrx_word' id='word_1_79' title='bbox 2176 920 2273 975; x_wconf 90' lang='grc' dir='ltr'><strong>μεν</strong></span> <span class='ocrx_word' id='word_1_80' title='bbox 2311 905 2368 959; x_wconf 84' lang='grc' dir='ltr'><strong>δὲ</strong></span> <span class='ocrx_word' id='word_1_81' title='bbox 2397 904 2541 976; x_wconf 81' lang='grc' dir='ltr'>ὑμᾶς</span> <span class='ocrx_word' id='word_1_82' title='bbox 2575 906 2671 958; x_wconf 82' lang='grc' dir='ltr'><strong>καὶ</strong></span> <span class='ocrx_word' id='word_1_83' title='bbox 2698 905 2879 959; x_wconf 81' lang='grc' dir='ltr'>αὐτοί·</span> <span class='ocrx_word' id='word_1_84' title='bbox 2916 906 2981 957; x_wconf 87' lang='grc' dir='ltr'><strong>Τί</strong></span> <span class='ocrx_word' id='word_1_85' title='bbox 3006 900 3098 959; x_wconf 79' lang='grc' dir='ltr'><strong>οὖν</strong></span> <span class='ocrx_word' id='word_1_86' title='bbox 3120 922 3255 974; x_wconf 80' lang='grc' dir='ltr'>φατε</span> <span class='ocrx_word' id='word_1_87' title='bbox 3283 923 3297 971; x_wconf 90' lang='grc'><strong>;</strong></span> <span class='ocrx_word' id='word_1_88' title='bbox 3329 906 3510 969; x_wconf 76' lang='grc' dir='ltr'>Μόνος</span> <span class='ocrx_word' id='word_1_89' title='bbox 3538 906 3694 958; x_wconf 75' lang='grc' dir='ltr'>ἐστὶν</span> 
     </span>
    </p>
   </div>
   <div class='ocr_carea' id='block_1_14' title="bbox 406 994 1986 1070">
    <p class='ocr_par' dir='ltr' id='par_1_14' title="bbox 406 994 1986 1070">
     <span class='ocr_line' id='line_1_14' title="bbox 406 994 1986 1070; baseline 0.001 -17"><span class='ocrx_word' id='word_1_90' title='bbox 406 998 531 1055; x_wconf 86' lang='lat' dir='ltr'><strong>illos</strong></span> <span class='ocrx_word' id='word_1_91' title='bbox 563 994 968 1070; x_wconf 70' lang='lat' dir='ltr'><strong>itﬂerrogamus</strong></span> <span class='ocrx_word' id='word_1_92' title='bbox 1005 998 1311 1064; x_wconf 87' lang='lat' dir='ltr'><strong>:Quidnam</strong></span> <span class='ocrx_word' id='word_1_93' title='bbox 1345 999 1512 1069; x_wconf 79' lang='lat' dir='ltr'><strong>igitur</strong></span> <span class='ocrx_word' id='word_1_94' title='bbox 1549 1000 1772 1054; x_wconf 82' lang='lat' dir='ltr'><strong>dicitis?</strong></span> <span class='ocrx_word' id='word_1_95' title='bbox 1802 998 1986 1065; x_wconf 89' lang='lat' dir='ltr'><strong>Solus,</strong></span> 
     </span>
    </p>
   </div>
   <div class='ocr_carea' id='block_1_15' title="bbox 406 1085 1990 1160">
    <p class='ocr_par' dir='ltr' id='par_1_15' title="bbox 406 1085 1990 1160">
     <span class='ocr_line' id='line_1_15' title="bbox 406 1085 1990 1160; baseline 0.003 -19"><span class='ocrx_word' id='word_1_96' title='bbox 406 1085 685 1158; x_wconf 85' lang='lat' dir='ltr'><strong>inquiunt,</strong></span> <span class='ocrx_word' id='word_1_97' title='bbox 723 1086 883 1141; x_wconf 76' lang='lat' dir='ltr'><strong>Pater</strong></span> <span class='ocrx_word' id='word_1_98' title='bbox 911 1103 1073 1141; x_wconf 90' lang='lat' dir='ltr'><strong>verus</strong></span> <span class='ocrx_word' id='word_1_99' title='bbox 1107 1094 1211 1141; x_wconf 90' lang='lat' dir='ltr'><strong>est.</strong></span> <span class='ocrx_word' id='word_1_100' title='bbox 1241 1087 1384 1152; x_wconf 89' lang='lat' dir='ltr'><strong>Quid</strong></span> <span class='ocrx_word' id='word_1_101' title='bbox 1415 1104 1546 1160; x_wconf 82' lang='lat' dir='ltr'><strong>ergo</strong></span> <span class='ocrx_word' id='word_1_102' title='bbox 1574 1088 1641 1144; x_wconf 93' lang='lat' dir='ltr'><strong>de</strong></span> <span class='ocrx_word' id='word_1_103' title='bbox 1668 1089 1808 1145; x_wconf 89' lang='lat' dir='ltr'><strong>Filio</strong></span> <span class='ocrx_word' id='word_1_104' title='bbox 1841 1090 1990 1146; x_wconf 80' lang='lat' dir='ltr'><strong>dice—</strong></span> 
     </span>
    </p>
   </div>
   <div class='ocr_carea' id='block_1_16' title="bbox 407 1178 1990 1248">
    <p class='ocr_par' dir='ltr' id='par_1_16' title="bbox 407 1178 1990 1248">
     <span class='ocr_line' id='line_1_16' title="bbox 407 1178 1990 1248; baseline 0.003 -16"><span class='ocrx_word' id='word_1_105' title='bbox 407 1193 532 1234; x_wconf 91' lang='lat' dir='ltr'><strong>mus</strong></span> <span class='ocrx_word' id='word_1_106' title='bbox 557 1178 580 1231; x_wconf 88' lang='lat'><strong>?</strong></span> <span class='ocrx_word' id='word_1_107' title='bbox 602 1178 719 1231; x_wconf 78' lang='lat' dir='ltr'><strong>Non</strong></span> <span class='ocrx_word' id='word_1_108' title='bbox 756 1186 840 1234; x_wconf 85' lang='lat' dir='ltr'><strong>est</strong></span> <span class='ocrx_word' id='word_1_109' title='bbox 869 1194 1034 1233; x_wconf 90' lang='lat' dir='ltr'><strong>verus</strong></span> <span class='ocrx_word' id='word_1_110' title='bbox 1062 1178 1277 1235; x_wconf 87' lang='lat' dir='ltr'><strong>Filius?</strong></span> <span class='ocrx_word' id='word_1_111' title='bbox 1306 1180 1362 1234; x_wconf 92' lang='lat' dir='ltr'><strong>Si</strong></span> <span class='ocrx_word' id='word_1_112' title='bbox 1391 1197 1556 1236; x_wconf 88' lang='lat' dir='ltr'><strong>vcrus</strong></span> <span class='ocrx_word' id='word_1_113' title='bbox 1587 1198 1693 1237; x_wconf 86' lang='lat' dir='ltr'><strong>non</strong></span> <span class='ocrx_word' id='word_1_114' title='bbox 1720 1190 1827 1248; x_wconf 84' lang='lat' dir='ltr'><strong>est,</strong></span> <span class='ocrx_word' id='word_1_115' title='bbox 1869 1184 1990 1238; x_wconf 87' lang='lat' dir='ltr'><strong>ina-</strong></span> 
     </span>
    </p>
   </div>
   <div class='ocr_carea' id='block_1_17' title="bbox 405 1269 1992 1342">
    <p class='ocr_par' dir='ltr' id='par_1_17' title="bbox 405 1269 1992 1342">
     <span class='ocr_line' id='line_1_17' title="bbox 405 1269 1992 1342; baseline 0.003 -20"><span class='ocrx_word' id='word_1_116' title='bbox 405 1269 495 1324; x_wconf 88' lang='lat' dir='ltr'><strong>nis</strong></span> <span class='ocrx_word' id='word_1_117' title='bbox 544 1278 627 1325; x_wconf 89' lang='lat' dir='ltr'><strong>est</strong></span> <span class='ocrx_word' id='word_1_118' title='bbox 678 1270 812 1324; x_wconf 83' lang='lat' dir='ltr'><strong>ﬁdes</strong></span> <span class='ocrx_word' id='word_1_119' title='bbox 858 1279 1088 1334; x_wconf 85' lang='lat' dir='ltr'><strong>nostra;</strong></span> <span class='ocrx_word' id='word_1_120' title='bbox 1122 1285 1261 1324; x_wconf 88' lang='lat' dir='ltr'><strong>vana</strong></span> <span class='ocrx_word' id='word_1_121' title='bbox 1310 1278 1395 1326; x_wconf 90' lang='lat' dir='ltr'><strong>est</strong></span> <span class='ocrx_word' id='word_1_122' title='bbox 1436 1279 1491 1326; x_wconf 90' lang='lat' dir='ltr'><strong>et</strong></span> <span class='ocrx_word' id='word_1_123' title='bbox 1518 1273 1663 1342; x_wconf 90' lang='lat' dir='ltr'><strong>apud</strong></span> <span class='ocrx_word' id='word_1_124' title='bbox 1706 1289 1808 1329; x_wconf 90' lang='lat' dir='ltr'><strong>nos</strong></span> <span class='ocrx_word' id='word_1_125' title='bbox 1846 1273 1992 1329; x_wconf 86' lang='lat' dir='ltr'><strong>facta</strong></span> 
     </span>
    </p>
   </div>
   <div class='ocr_carea' id='block_1_18' title="bbox 405 1358 1990 1436">
    <p class='ocr_par' dir='ltr' id='par_1_18' title="bbox 405 1358 1990 1436">
     <span class='ocr_line' id='line_1_18' title="bbox 405 1358 1990 1436; baseline 0.005 -23"><span class='ocrx_word' id='word_1_126' title='bbox 405 1358 740 1431; x_wconf 65' lang='lat' dir='ltr'><strong>praedicatio.</strong></span> <span class='ocrx_word' id='word_1_127' title='bbox 777 1359 887 1416; x_wconf 84' lang='lat' dir='ltr'><strong>Vos</strong></span> <span class='ocrx_word' id='word_1_128' title='bbox 914 1371 1093 1417; x_wconf 89' lang='lat' dir='ltr'><strong>autem</strong></span> <span class='ocrx_word' id='word_1_129' title='bbox 1120 1378 1185 1416; x_wconf 86' lang='lat' dir='ltr'><strong>eo</strong></span> <span class='ocrx_word' id='word_1_130' title='bbox 1215 1362 1435 1417; x_wconf 84' lang='lat' dir='ltr'><strong>tandem</strong></span> <span class='ocrx_word' id='word_1_131' title='bbox 1456 1365 1794 1436; x_wconf 77' lang='lat' dir='ltr'><strong>redigcmini,</strong></span> <span class='ocrx_word' id='word_1_132' title='bbox 1812 1374 1990 1421; x_wconf 84' lang='lat' dir='ltr'><strong>utnon</strong></span> 
     </span>
    </p>
   </div>
   <div class='ocr_carea' id='block_1_19' title="bbox 405 1451 1993 1527">
    <p class='ocr_par' dir='ltr' id='par_1_19' title="bbox 405 1451 1993 1527">
     <span class='ocr_line' id='line_1_19' title="bbox 405 1451 1993 1527; baseline 0.005 -20"><span class='ocrx_word' id='word_1_133' title='bbox 405 1451 525 1508; x_wconf 85' lang='lat' dir='ltr'><strong>sine</strong></span> <span class='ocrx_word' id='word_1_134' title='bbox 555 1453 761 1522; x_wconf 82' lang='lat' dir='ltr'><strong>ingenti</strong></span> <span class='ocrx_word' id='word_1_135' title='bbox 798 1454 853 1507; x_wconf 92' lang='lat' dir='ltr'><strong>in</strong></span> <span class='ocrx_word' id='word_1_136' title='bbox 902 1452 1071 1510; x_wconf 90' lang='lat' dir='ltr'><strong>Deum</strong></span> <span class='ocrx_word' id='word_1_137' title='bbox 1114 1457 1468 1521; x_wconf 81' lang='lat' dir='ltr'><strong>contumelia,</strong></span> <span class='ocrx_word' id='word_1_138' title='bbox 1503 1472 1625 1527; x_wconf 78' lang='lat' dir='ltr'><strong>quae</strong></span> <span class='ocrx_word' id='word_1_139' title='bbox 1668 1467 1906 1515; x_wconf 88' lang='lat' dir='ltr'><strong>vestrum</strong></span> <span class='ocrx_word' id='word_1_140' title='bbox 1936 1462 1993 1515; x_wconf 90' lang='lat' dir='ltr'><strong>in</strong></span> 
     </span>
    </p>
   </div>
   <div class='ocr_carea' id='block_1_20' title="bbox 403 1533 1995 1615">
    <p class='ocr_par' dir='ltr' id='par_1_20' title="bbox 403 1533 1995 1615">
     <span class='ocr_line' id='line_1_20' title="bbox 403 1533 1995 1615; baseline 0.007 -18"><span class='ocrx_word' id='word_1_141' title='bbox 403 1551 567 1615; x_wconf 88' lang='lat' dir='ltr'><strong>caput</strong></span> <span class='ocrx_word' id='word_1_142' title='bbox 604 1544 832 1606; x_wconf 86' lang='lat' dir='ltr'><strong>recidat,</strong></span> <span class='ocrx_word' id='word_1_143' title='bbox 862 1544 954 1599; x_wconf 89' lang='lat' dir='ltr'><strong>Dei</strong></span> <span class='ocrx_word' id='word_1_144' title='bbox 986 1543 1185 1600; x_wconf 89' lang='lat' dir='ltr'><strong>Filium</strong></span> <span class='ocrx_word' id='word_1_145' title='bbox 1228 1550 1693 1604; x_wconf 81' lang='lat' dir='ltr'><strong>exsecrandorum</strong></span> <span class='ocrx_word' id='word_1_146' title='bbox 1736 1567 1800 1606; x_wconf 91' lang='lat' dir='ltr'><strong>ac</strong></span> <span class='ocrx_word' id='word_1_147' title='bbox 1845 1533 1995 1608; x_wconf 80' lang='lat' dir='ltr'><strong>dete-</strong></span> 
     </span>
    </p>
   </div>
   <div class='ocr_carea' id='block_1_21' title="bbox 404 1635 1992 1700">
    <p class='ocr_par' dir='ltr' id='par_1_21' title="bbox 404 1635 1992 1700">
     <span class='ocr_line' id='line_1_21' title="bbox 404 1635 1992 1700; baseline 0.004 -9"><span class='ocrx_word' id='word_1_148' title='bbox 404 1635 731 1691; x_wconf 84' lang='lat' dir='ltr'><strong>standorum</strong></span> <span class='ocrx_word' id='word_1_149' title='bbox 757 1638 1179 1693; x_wconf 85' lang='lat' dir='ltr'><strong>simulacrorum</strong></span> <span class='ocrx_word' id='word_1_150' title='bbox 1205 1639 1350 1695; x_wconf 90' lang='lat' dir='ltr'><strong>haud</strong></span> <span class='ocrx_word' id='word_1_151' title='bbox 1369 1641 1691 1697; x_wconf 86' lang='lat' dir='ltr'><strong>dissimilem</strong></span> <span class='ocrx_word' id='word_1_152' title='bbox 1716 1645 1992 1700; x_wconf 88' lang='lat' dir='ltr'><strong>statuatis.</strong></span> 
     </span>
    </p>
   </div>
   <div class='ocr_carea' id='block_1_22' title="bbox 406 1724 1995 1803">
    <p class='ocr_par' dir='ltr' id='par_1_22' title="bbox 406 1724 1995 1803">
     <span class='ocr_line' id='line_1_22' title="bbox 406 1724 1995 1803; baseline 0.004 -21"><span class='ocrx_word' id='word_1_153' title='bbox 406 1724 483 1782; x_wconf 88' lang='lat' dir='ltr'><strong>Dc</strong></span> <span class='ocrx_word' id='word_1_154' title='bbox 520 1726 724 1796; x_wconf 87' lang='lat' dir='ltr'><strong>quibus</strong></span> <span class='ocrx_word' id='word_1_155' title='bbox 771 1727 825 1781; x_wconf 95' lang='lat' dir='ltr'><strong>in</strong></span> <span class='ocrx_word' id='word_1_156' title='bbox 871 1742 1061 1782; x_wconf 90' lang='lat' dir='ltr'><strong>eorum</strong></span> <span class='ocrx_word' id='word_1_157' title='bbox 1100 1728 1194 1798; x_wconf 90' lang='lat' dir='ltr'><strong>qui</strong></span> <span class='ocrx_word' id='word_1_158' title='bbox 1245 1729 1457 1801; x_wconf 89' lang='lat' dir='ltr'><strong>decepti</strong></span> <span class='ocrx_word' id='word_1_159' title='bbox 1500 1731 1719 1787; x_wconf 84' lang='lat' dir='ltr'><strong>fuerant</strong></span> <span class='ocrx_word' id='word_1_160' title='bbox 1762 1749 1995 1803; x_wconf 88' lang='lat' dir='ltr'><strong>persona</strong></span> 
     </span>
    </p>
   </div>
   <div class='ocr_carea' id='block_1_23' title="bbox 406 1818 1993 1893">
    <p class='ocr_par' dir='ltr' id='par_1_23' title="bbox 406 1818 1993 1893">
     <span class='ocr_line' id='line_1_23' title="bbox 406 1818 1993 1893; baseline 0.008 -24"><span class='ocrx_word' id='word_1_161' title='bbox 406 1818 685 1888; x_wconf 72' lang='lat' dir='ltr'><strong>propheta:</strong></span> <span class='ocrx_word' id='word_1_162' title='bbox 715 1832 841 1873; x_wconf 90' lang='lat' dir='ltr'><strong>cum</strong></span> <span class='ocrx_word' id='word_1_163' title='bbox 878 1819 1200 1889; x_wconf 89' lang='lat' dir='ltr'><strong>loquuntur.</strong></span> <span class='ocrx_word' id='word_1_164' title='bbox 1232 1823 1477 1877; x_wconf 88' lang='lat' dir='ltr'><strong>eamdem</strong></span> <span class='ocrx_word' id='word_1_165' title='bbox 1501 1840 1665 1893; x_wconf 88' lang='lat' dir='ltr'><strong>quam</strong></span> <span class='ocrx_word' id='word_1_166' title='bbox 1700 1840 1799 1881; x_wconf 87' lang='lat' dir='ltr'><strong>vos</strong></span> <span class='ocrx_word' id='word_1_167' title='bbox 1824 1827 1877 1879; x_wconf 91' lang='lat' dir='ltr'><strong>in</strong></span> <span class='ocrx_word' id='word_1_168' title='bbox 1901 1825 1993 1881; x_wconf 89' lang='lat' dir='ltr'><strong>Dei</strong></span> 
     </span>
    </p>
   </div>
   <div class='ocr_carea' id='block_1_24' title="bbox 2091 994 3694 1069">
    <p class='ocr_par' dir='ltr' id='par_1_24' title="bbox 2091 994 3694 1069">
     <span class='ocr_line' id='line_1_24' title="bbox 2091 994 3694 1069; baseline -0.001 -19"><span class='ocrx_word' id='word_1_169' title='bbox 2091 1000 2119 1050; x_wconf 88' lang='lat'><strong>6</strong></span> <span class='ocrx_word' id='word_1_170' title='bbox 2159 994 2349 1067; x_wconf 81' lang='grc' dir='ltr'>Πατὴρ</span> <span class='ocrx_word' id='word_1_171' title='bbox 2381 996 2410 1047; x_wconf 94' lang='lat'><strong>6</strong></span> <span class='ocrx_word' id='word_1_172' title='bbox 2462 996 2738 1067; x_wconf 79' lang='grc' dir='ltr'>ἀληθινός.</span> <span class='ocrx_word' id='word_1_173' title='bbox 2786 997 2847 1050; x_wconf 86' lang='lat'><strong>&#39;0</strong></span> <span class='ocrx_word' id='word_1_174' title='bbox 2880 996 2937 1049; x_wconf 82' lang='grc' dir='ltr'><strong>δὲ</strong></span> <span class='ocrx_word' id='word_1_175' title='bbox 2965 996 3093 1060; x_wconf 80' lang='grc' dir='ltr'>Υἱὸς</span> <span class='ocrx_word' id='word_1_176' title='bbox 3121 997 3175 1050; x_wconf 81' lang='grc' dir='ltr'>τί</span> <span class='ocrx_word' id='word_1_177' title='bbox 3212 996 3319 1069; x_wconf 78' lang='grc' dir='ltr'>ἄρα</span> <span class='ocrx_word' id='word_1_178' title='bbox 3356 997 3543 1063; x_wconf 73' lang='grc' dir='ltr'>ἔσταις</span> <span class='ocrx_word' id='word_1_179' title='bbox 3574 998 3694 1051; x_wconf 78' lang='grc' dir='ltr'><strong>Οὔκ</strong></span> 
     </span>
    </p>
   </div>
   <div class='ocr_carea' id='block_1_25' title="bbox 2093 1082 3691 1156">
    <p class='ocr_par' dir='ltr' id='par_1_25' title="bbox 2093 1082 3691 1156">
     <span class='ocr_line' id='line_1_25' title="bbox 2093 1082 3691 1156; baseline 0.003 -21"><span class='ocrx_word' id='word_1_180' title='bbox 2093 1083 2239 1136; x_wconf 80' lang='grc' dir='ltr'>ἔστιν</span> <span class='ocrx_word' id='word_1_181' title='bbox 2272 1082 2527 1154; x_wconf 85' lang='grc' dir='ltr'>ἀληθινὸς</span> <span class='ocrx_word' id='word_1_182' title='bbox 2550 1086 2578 1137; x_wconf 98' lang='lat'><strong>6</strong></span> <span class='ocrx_word' id='word_1_183' title='bbox 2610 1084 2775 1151; x_wconf 80' lang='grc' dir='ltr'><strong>Υἱός;</strong></span> <span class='ocrx_word' id='word_1_184' title='bbox 2807 1085 2869 1138; x_wconf 80' lang='lat' dir='ltr'><strong>Ei</strong></span> <span class='ocrx_word' id='word_1_185' title='bbox 2901 1087 3002 1139; x_wconf 85' lang='grc' dir='ltr'>οὐκ</span> <span class='ocrx_word' id='word_1_186' title='bbox 3030 1086 3178 1141; x_wconf 77' lang='grc' dir='ltr'>ἐστιν</span> <span class='ocrx_word' id='word_1_187' title='bbox 3207 1086 3460 1156; x_wconf 77' lang='grc' dir='ltr'>ἀληθινὸς</span> <span class='ocrx_word' id='word_1_188' title='bbox 3486 1090 3517 1141; x_wconf 93' lang='lat'><strong>6</strong></span> <span class='ocrx_word' id='word_1_189' title='bbox 3539 1088 3691 1151; x_wconf 77' lang='grc' dir='ltr'>Υἱὸς,</span> 
     </span>
    </p>
   </div>
   <div class='ocr_carea' id='block_1_26' title="bbox 2097 1174 3693 1249">
    <p class='ocr_par' dir='ltr' id='par_1_26' title="bbox 2097 1174 3693 1249">
     <span class='ocr_line' id='line_1_26' title="bbox 2097 1174 3693 1249; baseline 0.004 -24"><span class='ocrx_word' id='word_1_190' title='bbox 2097 1174 2298 1243; x_wconf 78' lang='grc' dir='ltr'>ματαία</span> <span class='ocrx_word' id='word_1_191' title='bbox 2335 1176 2368 1245; x_wconf 82' lang='grc' dir='ltr'>ἡ</span> <span class='ocrx_word' id='word_1_192' title='bbox 2406 1174 2591 1238; x_wconf 84' lang='grc' dir='ltr'><strong>πίστις</strong></span> <span class='ocrx_word' id='word_1_193' title='bbox 2640 1175 2827 1247; x_wconf 78' lang='grc' dir='ltr'>ἡμῶν,</span> <span class='ocrx_word' id='word_1_194' title='bbox 2878 1177 3108 1246; x_wconf 78' lang='grc' dir='ltr'>μάταιον</span> <span class='ocrx_word' id='word_1_195' title='bbox 3144 1178 3206 1230; x_wconf 79' lang='grc' dir='ltr'><strong>τὸ</strong></span> <span class='ocrx_word' id='word_1_196' title='bbox 3251 1180 3310 1230; x_wconf 79' lang='grc' dir='ltr'>ἐν</span> <span class='ocrx_word' id='word_1_197' title='bbox 3335 1181 3471 1248; x_wconf 84' lang='grc' dir='ltr'>ἡμῖν</span> <span class='ocrx_word' id='word_1_198' title='bbox 3513 1180 3693 1249; x_wconf 79' lang='grc' dir='ltr'>κήρυ-</span> 
     </span>
    </p>
   </div>
   <div class='ocr_carea' id='block_1_27' title="bbox 2094 1265 3695 1342">
    <p class='ocr_par' dir='ltr' id='par_1_27' title="bbox 2094 1265 3695 1342">
     <span class='ocr_line' id='line_1_27' title="bbox 2094 1265 3695 1342; baseline 0.004 -25"><span class='ocrx_word' id='word_1_199' title='bbox 2094 1282 2210 1333; x_wconf 84' lang='grc' dir='ltr'><strong>γμα</strong></span> <span class='ocrx_word' id='word_1_200' title='bbox 2226 1281 2238 1293; x_wconf 83' lang='lat'><strong><em>°</em></strong></span> <span class='ocrx_word' id='word_1_201' title='bbox 2258 1265 2622 1337; x_wconf 82' lang='grc' dir='ltr'>εὑρεθήσεσθε</span> <span class='ocrx_word' id='word_1_202' title='bbox 2651 1268 3041 1332; x_wconf 76' lang='grc' dir='ltr'><strong>ἀπεικάζοντες</strong></span> <span class='ocrx_word' id='word_1_203' title='bbox 3063 1270 3154 1323; x_wconf 75' lang='grc' dir='ltr'><strong>τὸν</strong></span> <span class='ocrx_word' id='word_1_204' title='bbox 3177 1270 3325 1335; x_wconf 74' lang='grc' dir='ltr'>Υῐὸν,</span> <span class='ocrx_word' id='word_1_205' title='bbox 3354 1269 3497 1342; x_wconf 79' lang='grc' dir='ltr'>[τοῦ]</span> <span class='ocrx_word' id='word_1_206' title='bbox 3528 1271 3695 1341; x_wconf 66' lang='grc' dir='ltr'>βλαύ-</span> 
     </span>
    </p>
   </div>
   <div class='ocr_carea' id='block_1_28' title="bbox 2096 1358 3696 1431">
    <p class='ocr_par' dir='ltr' id='par_1_28' title="bbox 2096 1358 3696 1431">
     <span class='ocr_line' id='line_1_28' title="bbox 2096 1358 3696 1431; baseline 0.001 -19"><span class='ocrx_word' id='word_1_207' title='bbox 2096 1359 2404 1429; x_wconf 83' lang='grc' dir='ltr'>φημοῦντες</span> <span class='ocrx_word' id='word_1_208' title='bbox 2456 1358 2578 1413; x_wconf 75' lang='grc' dir='ltr'>καθ’</span> <span class='ocrx_word' id='word_1_209' title='bbox 2625 1360 2872 1426; x_wconf 79' lang='grc' dir='ltr'><strong>ἑαυτῶν,</strong></span> <span class='ocrx_word' id='word_1_210' title='bbox 2928 1364 3040 1424; x_wconf 86' lang='grc' dir='ltr'>τοῖς</span> <span class='ocrx_word' id='word_1_211' title='bbox 3077 1361 3387 1431; x_wconf 77' lang='grc' dir='ltr'><strong>ἀνωνύμοις</strong></span> <span class='ocrx_word' id='word_1_212' title='bbox 3423 1364 3520 1415; x_wconf 76' lang='grc' dir='ltr'>καὶ</span> <span class='ocrx_word' id='word_1_213' title='bbox 3564 1361 3696 1414; x_wconf 68' lang='lat' dir='ltr'><strong>aea-</strong></span> 
     </span>
    </p>
   </div>
   <div class='ocr_carea' id='block_1_29' title="bbox 2099 1445 3695 1522">
    <p class='ocr_par' dir='ltr' id='par_1_29' title="bbox 2099 1445 3695 1522">
     <span class='ocr_line' id='line_1_29' title="bbox 2099 1445 3695 1522; baseline 0.002 -21"><span class='ocrx_word' id='word_1_214' title='bbox 2099 1450 2275 1520; x_wconf 84' lang='grc' dir='ltr'>μίτοις</span> <span class='ocrx_word' id='word_1_215' title='bbox 2302 1449 2567 1514; x_wconf 84' lang='grc' dir='ltr'>εἰδώλοις,</span> <span class='ocrx_word' id='word_1_216' title='bbox 2611 1445 2694 1514; x_wconf 74' lang='grc' dir='ltr'><strong>οἷς</strong></span> <span class='ocrx_word' id='word_1_217' title='bbox 2727 1451 2957 1522; x_wconf 75' lang='grc' dir='ltr'>εἴρηκαν</span> <span class='ocrx_word' id='word_1_218' title='bbox 2996 1452 3047 1503; x_wconf 78' lang='grc' dir='ltr'><strong>οἱ</strong></span> <span class='ocrx_word' id='word_1_219' title='bbox 3097 1452 3377 1522; x_wconf 83' lang='grc' dir='ltr'><strong>προφῆται</strong></span> <span class='ocrx_word' id='word_1_220' title='bbox 3418 1453 3483 1504; x_wconf 82' lang='grc' dir='ltr'>ὲκ</span> <span class='ocrx_word' id='word_1_221' title='bbox 3520 1468 3695 1522; x_wconf 63' lang='grc' dir='ltr'>πρασ-</span> 
     </span>
    </p>
   </div>
   <div class='ocr_carea' id='block_1_30' title="bbox 2094 1541 3697 1616">
    <p class='ocr_par' dir='ltr' id='par_1_30' title="bbox 2094 1541 3697 1616">
     <span class='ocr_line' id='line_1_30' title="bbox 2094 1541 3697 1616; baseline 0.002 -21"><span class='ocrx_word' id='word_1_222' title='bbox 2094 1541 2245 1597; x_wconf 78' lang='grc' dir='ltr'>ὡπου</span> <span class='ocrx_word' id='word_1_223' title='bbox 2273 1543 2385 1597; x_wconf 88' lang='grc' dir='ltr'><strong>τῶν</strong></span> <span class='ocrx_word' id='word_1_224' title='bbox 2424 1544 2823 1615; x_wconf 79' lang='grc' dir='ltr'>ἠπατημένων,</span> <span class='ocrx_word' id='word_1_225' title='bbox 2863 1544 2941 1605; x_wconf 80' lang='grc' dir='ltr'>ὡς</span> <span class='ocrx_word' id='word_1_226' title='bbox 2981 1545 3211 1608; x_wconf 72' lang='grc' dir='ltr'>ἕκαστος</span> <span class='ocrx_word' id='word_1_227' title='bbox 3249 1544 3359 1598; x_wconf 87' lang='grc' dir='ltr'><strong>τῶν</strong></span> <span class='ocrx_word' id='word_1_228' title='bbox 3390 1544 3697 1616; x_wconf 76' lang='grc' dir='ltr'><strong>προφητῶν</strong></span> 
     </span>
    </p>
   </div>
   <div class='ocr_carea' id='block_1_31' title="bbox 2095 1638 3698 1710">
    <p class='ocr_par' dir='ltr' id='par_1_31' title="bbox 2095 1638 3698 1710">
     <span class='ocr_line' id='line_1_31' title="bbox 2095 1638 3698 1710; baseline 0 -20"><span class='ocrx_word' id='word_1_229' title='bbox 2095 1638 2194 1707; x_wconf 86' lang='grc' dir='ltr'>τῆς</span> <span class='ocrx_word' id='word_1_230' title='bbox 2233 1638 2434 1704; x_wconf 80' lang='grc' dir='ltr'>λέξεως</span> <span class='ocrx_word' id='word_1_231' title='bbox 2485 1638 2691 1710; x_wconf 82' lang='grc' dir='ltr'><strong>ταύτης</strong></span> <span class='ocrx_word' id='word_1_232' title='bbox 2732 1638 3051 1710; x_wconf 75' lang='grc' dir='ltr'><strong>ἐπεμνήσθη</strong></span> <span class='ocrx_word' id='word_1_233' title='bbox 3087 1639 3281 1707; x_wconf 82' lang='grc' dir='ltr'>λέγων,</span> <span class='ocrx_word' id='word_1_234' title='bbox 3309 1638 3509 1703; x_wconf 77' lang='grc' dir='ltr'>καὶτὸ,</span> <span class='ocrx_word' id='word_1_235' title='bbox 3544 1639 3698 1691; x_wconf 77' lang='grc' dir='ltr'><strong>Ψευ-</strong></span> 
     </span>
    </p>
   </div>
   <div class='ocr_carea' id='block_1_32' title="bbox 2096 1729 3699 1803">
    <p class='ocr_par' dir='ltr' id='par_1_32' title="bbox 2096 1729 3699 1803">
     <span class='ocr_line' id='line_1_32' title="bbox 2096 1729 3699 1803; baseline 0.001 -21"><span class='ocrx_word' id='word_1_236' title='bbox 2096 1729 2208 1794; x_wconf 85' lang='grc' dir='ltr'>δεῖς</span> <span class='ocrx_word' id='word_1_237' title='bbox 2258 1731 2521 1802; x_wconf 76' lang='grc' dir='ltr'>ἐποίησαν</span> <span class='ocrx_word' id='word_1_238' title='bbox 2573 1733 2790 1793; x_wconf 79' lang='grc' dir='ltr'><strong>ἑαυτοῖς</strong></span> <span class='ocrx_word' id='word_1_239' title='bbox 2823 1731 2981 1796; x_wconf 78' lang='grc' dir='ltr'>θεοὺς</span> <span class='ocrx_word' id='word_1_240' title='bbox 3025 1732 3076 1785; x_wconf 78' lang='grc' dir='ltr'><strong>οἱ</strong></span> <span class='ocrx_word' id='word_1_241' title='bbox 3113 1732 3344 1803; x_wconf 82' lang='grc' dir='ltr'>πατέρες</span> <span class='ocrx_word' id='word_1_242' title='bbox 3381 1731 3563 1803; x_wconf 80' lang='grc' dir='ltr'>ὑμῶν,</span> <span class='ocrx_word' id='word_1_243' title='bbox 3599 1731 3699 1784; x_wconf 71' lang='grc' dir='ltr'><strong>καὶ</strong></span> 
     </span>
    </p>
   </div>
   <div class='ocr_carea' id='block_1_33' title="bbox 2096 1820 3698 1895">
    <p class='ocr_par' dir='ltr' id='par_1_33' title="bbox 2096 1820 3698 1895">
     <span class='ocr_line' id='line_1_33' title="bbox 2096 1820 3698 1895; baseline 0.002 -22"><span class='ocrx_word' id='word_1_244' title='bbox 2096 1820 2316 1891; x_wconf 70' lang='grc' dir='ltr'>ψευδεῖς</span> <span class='ocrx_word' id='word_1_245' title='bbox 2368 1822 2617 1889; x_wconf 79' lang='grc' dir='ltr'>ἐγένοντο</span> <span class='ocrx_word' id='word_1_246' title='bbox 2650 1825 2699 1876; x_wconf 82' lang='grc' dir='ltr'><strong>οἱ</strong></span> <span class='ocrx_word' id='word_1_247' title='bbox 2755 1823 2955 1894; x_wconf 77' lang='grc' dir='ltr'>βουνοί.</span> <span class='ocrx_word' id='word_1_248' title='bbox 3007 1825 3151 1895; x_wconf 83' lang='grc' dir='ltr'>Ἀρα</span> <span class='ocrx_word' id='word_1_249' title='bbox 3196 1821 3289 1878; x_wconf 76' lang='grc' dir='ltr'><strong>οὖν</strong></span> <span class='ocrx_word' id='word_1_250' title='bbox 3328 1825 3423 1877; x_wconf 78' lang='grc' dir='ltr'><strong>καὶ</strong></span> <span class='ocrx_word' id='word_1_251' title='bbox 3452 1827 3483 1877; x_wconf 89' lang='grc' dir='ltr'>ὁ</span> <span class='ocrx_word' id='word_1_252' title='bbox 3516 1824 3698 1877; x_wconf 69' lang='lat' dir='ltr'><strong>Move-n-</strong></span> 
     </span>
    </p>
   </div>
   <div class='ocr_carea' id='block_1_34' title="bbox 403 1904 1987 1984">
    <p class='ocr_par' dir='ltr' id='par_1_34' title="bbox 403 1904 1987 1978">
     <span class='ocr_line' id='line_1_34' title="bbox 403 1904 1987 1978; baseline 0.007 -15"><span class='ocrx_word' id='word_1_253' title='bbox 403 1904 544 1963; x_wconf 87' lang='lat' dir='ltr'><strong>Filio</strong></span> <span class='ocrx_word' id='word_1_254' title='bbox 572 1924 759 1965; x_wconf 89' lang='lat' dir='ltr'><strong>vocem</strong></span> <span class='ocrx_word' id='word_1_255' title='bbox 784 1910 1182 1978; x_wconf 85' lang='lat' dir='ltr'><strong>adhibuerunt;</strong></span> <span class='ocrx_word' id='word_1_256' title='bbox 1213 1914 1361 1968; x_wconf 85' lang='lat' dir='ltr'><strong>velut</strong></span> <span class='ocrx_word' id='word_1_257' title='bbox 1390 1915 1445 1969; x_wconf 84' lang='lat' dir='ltr'><strong>in</strong></span> <span class='ocrx_word' id='word_1_258' title='bbox 1472 1916 1577 1970; x_wconf 85' lang='lat' dir='ltr'><strong>hoc</strong></span> <span class='ocrx_word' id='word_1_259' title='bbox 1606 1917 1725 1971; x_wconf 88' lang='lat' dir='ltr'><strong>loco</strong></span> <span class='ocrx_word' id='word_1_260' title='bbox 1762 1933 1776 1969; x_wconf 88' lang='lat'>:</span> <span class='ocrx_word' id='word_1_261' title='bbox 1808 1917 1987 1973; x_wconf 76' lang='lat' dir='ltr'><strong>Falsas</strong></span> 
     </span>
    </p>
   </div>
   <div class='ocr_carea' id='block_1_35' title="bbox 2169 1904 3697 1984">
    <p class='ocr_par' dir='ltr' id='par_1_35' title="bbox 2169 1912 3697 1984">
     <span class='ocr_line' id='line_1_35' title="bbox 2169 1912 3697 1984; baseline 0.001 -20"><span class='ocrx_word' id='word_1_262' title='bbox 2169 1912 2263 1984; x_wconf 77' lang='grc' dir='ltr'>νὴς</span> <span class='ocrx_word' id='word_1_263' title='bbox 2290 1914 2421 1984; x_wconf 84' lang='grc' dir='ltr'>παρ’</span> <span class='ocrx_word' id='word_1_264' title='bbox 2450 1914 2578 1984; x_wconf 83' lang='grc' dir='ltr'>ὑμῖν</span> <span class='ocrx_word' id='word_1_265' title='bbox 2612 1913 2783 1977; x_wconf 78' lang='grc' dir='ltr'>οὕτως</span> <span class='ocrx_word' id='word_1_266' title='bbox 2822 1914 3089 1984; x_wconf 85' lang='grc' dir='ltr'>κρίνεται,</span> <span class='ocrx_word' id='word_1_267' title='bbox 3117 1914 3210 1967; x_wconf 79' lang='grc' dir='ltr'>καὶ</span> <span class='ocrx_word' id='word_1_268' title='bbox 3236 1913 3410 1977; x_wconf 77' lang='grc' dir='ltr'>οὕτως</span> <span class='ocrx_word' id='word_1_269' title='bbox 3442 1913 3697 1984; x_wconf 79' lang='grc' dir='ltr'>αἰσχρῶς</span> 
     </span>
    </p>
   </div>
   <div class='ocr_carea' id='block_1_36' title="bbox 404 2001 1992 2073">
    <p class='ocr_par' dir='ltr' id='par_1_36' title="bbox 404 2001 1992 2073">
     <span class='ocr_line' id='line_1_36' title="bbox 404 2001 1992 2073; baseline 0.007 -18"><span class='ocrx_word' id='word_1_270' title='bbox 404 2001 509 2056; x_wconf 83' lang='lat' dir='ltr'><strong>sibi</strong></span> <span class='ocrx_word' id='word_1_271' title='bbox 546 2002 793 2058; x_wconf 89' lang='lat' dir='ltr'><strong>fecerunt</strong></span> <span class='ocrx_word' id='word_1_272' title='bbox 819 2002 951 2058; x_wconf 87' lang='lat' dir='ltr'><strong>deos</strong></span> <span class='ocrx_word' id='word_1_273' title='bbox 980 2012 1162 2073; x_wconf 82' lang='lat' dir='ltr'><strong>patres</strong></span> <span class='ocrx_word' id='word_1_274' title='bbox 1204 2007 1390 2069; x_wconf 82' lang='lat' dir='ltr'><strong>vestri,</strong></span> <span class='ocrx_word' id='word_1_275' title='bbox 1428 2009 1719 2066; x_wconf 83' lang='lat' dir='ltr'><strong>mendaces</strong></span> <span class='ocrx_word' id='word_1_276' title='bbox 1767 2009 1992 2066; x_wconf 85' lang='lat' dir='ltr'><strong>fuerunt</strong></span> 
     </span>
    </p>
   </div>
   <div class='ocr_carea' id='block_1_37' title="bbox 403 2094 1996 2171">
    <p class='ocr_par' dir='ltr' id='par_1_37' title="bbox 403 2094 1996 2171">
     <span class='ocr_line' id='line_1_37' title="bbox 403 2094 1996 2171; baseline 0.004 -20"><span class='ocrx_word' id='word_1_277' title='bbox 403 2094 619 2151; x_wconf 74' lang='lat' dir='ltr'><strong>colles‘.</strong></span> <span class='ocrx_word' id='word_1_278' title='bbox 647 2095 926 2165; x_wconf 81' lang='lat' dir='ltr'><strong>Ejusmodi</strong></span> <span class='ocrx_word' id='word_1_279' title='bbox 958 2098 1186 2168; x_wconf 89' lang='lat' dir='ltr'><strong>proinde</strong></span> <span class='ocrx_word' id='word_1_280' title='bbox 1220 2098 1313 2154; x_wconf 88' lang='lat' dir='ltr'><strong>Dei</strong></span> <span class='ocrx_word' id='word_1_281' title='bbox 1345 2098 1518 2155; x_wconf 82' lang='lat' dir='ltr'><strong>Fiiius</strong></span> <span class='ocrx_word' id='word_1_282' title='bbox 1544 2116 1572 2154; x_wconf 88' lang='lat' dir='ltr'><strong>a</strong></span> <span class='ocrx_word' id='word_1_283' title='bbox 1598 2102 1755 2157; x_wconf 84' lang='lat' dir='ltr'><strong>vobis</strong></span> <span class='ocrx_word' id='word_1_284' title='bbox 1786 2103 1996 2171; x_wconf 76' lang='lat' dir='ltr'><strong>consti-</strong></span> 
     </span>
    </p>
   </div>
   <div class='ocr_carea' id='block_1_38' title="bbox 403 2184 1992 2261">
    <p class='ocr_par' dir='ltr' id='par_1_38' title="bbox 403 2184 1992 2261">
     <span class='ocr_line' id='line_1_38' title="bbox 403 2184 1992 2261; baseline 0.007 -24"><span class='ocrx_word' id='word_1_285' title='bbox 403 2184 599 2249; x_wconf 88' lang='lat' dir='ltr'><strong>tuitur,</strong></span> <span class='ocrx_word' id='word_1_286' title='bbox 635 2201 699 2239; x_wconf 92' lang='lat' dir='ltr'><strong>ac</strong></span> <span class='ocrx_word' id='word_1_287' title='bbox 741 2195 851 2240; x_wconf 89' lang='lat' dir='ltr'><strong>tam</strong></span> <span class='ocrx_word' id='word_1_288' title='bbox 883 2186 951 2243; x_wconf 90' lang='lat' dir='ltr'><strong>de</strong></span> <span class='ocrx_word' id='word_1_289' title='bbox 993 2204 1059 2244; x_wconf 90' lang='lat' dir='ltr'><strong>eo</strong></span> <span class='ocrx_word' id='word_1_290' title='bbox 1096 2191 1349 2259; x_wconf 87' lang='lat' dir='ltr'><strong>turpiter,</strong></span> <span class='ocrx_word' id='word_1_291' title='bbox 1379 2191 1473 2261; x_wconf 85' lang='lat' dir='ltr'><strong>qui</strong></span> <span class='ocrx_word' id='word_1_292' title='bbox 1516 2207 1615 2246; x_wconf 91' lang='lat' dir='ltr'><strong>vos</strong></span> <span class='ocrx_word' id='word_1_293' title='bbox 1657 2193 1911 2258; x_wconf 90' lang='lat' dir='ltr'><strong>redemit,</strong></span> <span class='ocrx_word' id='word_1_294' title='bbox 1944 2195 1992 2249; x_wconf 93' lang='lat' dir='ltr'><strong>si</strong></span> 
     </span>
    </p>
   </div>
   <div class='ocr_carea' id='block_1_39' title="bbox 406 2278 1995 2357">
    <p class='ocr_par' dir='ltr' id='par_1_39' title="bbox 406 2278 1995 2357">
     <span class='ocr_line' id='line_1_39' title="bbox 406 2278 1995 2357; baseline 0.008 -28"><span class='ocrx_word' id='word_1_295' title='bbox 406 2283 588 2331; x_wconf 87' lang='lat' dir='ltr'><strong>tamen</strong></span> <span class='ocrx_word' id='word_1_296' title='bbox 624 2278 936 2344; x_wconf 89' lang='lat' dir='ltr'><strong>redemerit,</strong></span> <span class='ocrx_word' id='word_1_297' title='bbox 966 2282 1241 2353; x_wconf 79' lang='lat' dir='ltr'><strong>cogitatis.</strong></span> <span class='ocrx_word' id='word_1_298' title='bbox 1279 2282 1551 2349; x_wconf 86' lang='lat' dir='ltr'><strong>Quocirca</strong></span> <span class='ocrx_word' id='word_1_299' title='bbox 1588 2285 1724 2340; x_wconf 88' lang='lat' dir='ltr'><strong>nihil</strong></span> <span class='ocrx_word' id='word_1_300' title='bbox 1767 2287 1833 2341; x_wconf 86' lang='lat' dir='ltr'><strong>ad</strong></span> <span class='ocrx_word' id='word_1_301' title='bbox 1875 2287 1995 2357; x_wconf 86' lang='lat' dir='ltr'><strong>ejus</strong></span> 
     </span>
    </p>
   </div>
   <div class='ocr_carea' id='block_1_40' title="bbox 404 2368 1995 2442">
    <p class='ocr_par' dir='ltr' id='par_1_40' title="bbox 404 2368 1995 2442">
     <span class='ocr_line' id='line_1_40' title="bbox 404 2368 1995 2442; baseline 0.008 -21"><span class='ocrx_word' id='word_1_302' title='bbox 404 2368 619 2421; x_wconf 79' lang='lat' dir='ltr'><strong>caulam</strong></span> <span class='ocrx_word' id='word_1_303' title='bbox 646 2371 958 2439; x_wconf 91' lang='lat' dir='ltr'><strong>pertinetis,</strong></span> <span class='ocrx_word' id='word_1_304' title='bbox 995 2388 1120 2427; x_wconf 90' lang='lat' dir='ltr'><strong>cum</strong></span> <span class='ocrx_word' id='word_1_305' title='bbox 1152 2389 1249 2429; x_wconf 89' lang='lat' dir='ltr'><strong>vos</strong></span> <span class='ocrx_word' id='word_1_306' title='bbox 1281 2373 1619 2431; x_wconf 86' lang='lat' dir='ltr'><strong>Salvatorem</strong></span> <span class='ocrx_word' id='word_1_307' title='bbox 1656 2388 1920 2442; x_wconf 90' lang='lat' dir='ltr'><strong>vestrum,</strong></span> <span class='ocrx_word' id='word_1_308' title='bbox 1963 2394 1995 2433; x_wconf 89' lang='lat' dir='ltr'><strong>a</strong></span> 
     </span>
    </p>
   </div>
   <div class='ocr_carea' id='block_1_41' title="bbox 403 2461 1996 2535">
    <p class='ocr_par' dir='ltr' id='par_1_41' title="bbox 403 2461 1996 2535">
     <span class='ocr_line' id='line_1_41' title="bbox 403 2461 1996 2535; baseline 0.01 -26"><span class='ocrx_word' id='word_1_309' title='bbox 403 2472 515 2526; x_wconf 91' lang='lat' dir='ltr'><strong>quo</strong></span> <span class='ocrx_word' id='word_1_310' title='bbox 551 2461 721 2530; x_wconf 90' lang='lat' dir='ltr'><strong>empti</strong></span> <span class='ocrx_word' id='word_1_311' title='bbox 763 2463 920 2528; x_wconf 87' lang='lat' dir='ltr'><strong>estis,</strong></span> <span class='ocrx_word' id='word_1_312' title='bbox 960 2464 1266 2535; x_wconf 80' lang='lat' dir='ltr'><strong>abnegetis.</strong></span> <span class='ocrx_word' id='word_1_313' title='bbox 1306 2465 1514 2521; x_wconf 78' lang='lat' dir='ltr'><strong>Etenim</strong></span> <span class='ocrx_word' id='word_1_314' title='bbox 1550 2466 1595 2521; x_wconf 90' lang='lat' dir='ltr'><strong>si</strong></span> <span class='ocrx_word' id='word_1_315' title='bbox 1645 2481 1809 2523; x_wconf 89' lang='lat' dir='ltr'><strong>verus</strong></span> <span class='ocrx_word' id='word_1_316' title='bbox 1850 2467 1996 2525; x_wconf 83' lang='lat' dir='ltr'><strong>Deus</strong></span> 
     </span>
    </p>
   </div>
   <div class='ocr_carea' id='block_1_42' title="bbox 402 2557 1994 2627">
    <p class='ocr_par' dir='ltr' id='par_1_42' title="bbox 402 2557 1994 2627">
     <span class='ocr_line' id='line_1_42' title="bbox 402 2557 1994 2627; baseline 0.008 -21"><span class='ocrx_word' id='word_1_317' title='bbox 402 2565 514 2607; x_wconf 89' lang='lat' dir='ltr'><strong>non</strong></span> <span class='ocrx_word' id='word_1_318' title='bbox 551 2560 657 2617; x_wconf 91' lang='lat' dir='ltr'><strong>est,</strong></span> <span class='ocrx_word' id='word_1_319' title='bbox 688 2570 863 2625; x_wconf 91' lang='lat' dir='ltr'><strong>neque</strong></span> <span class='ocrx_word' id='word_1_320' title='bbox 896 2557 1215 2615; x_wconf 83' lang='lat' dir='ltr'><strong>adorandus</strong></span> <span class='ocrx_word' id='word_1_321' title='bbox 1247 2569 1350 2616; x_wconf 89' lang='lat' dir='ltr'><strong>est.</strong></span> <span class='ocrx_word' id='word_1_322' title='bbox 1388 2559 1445 2614; x_wconf 89' lang='lat' dir='ltr'><strong>Si</strong></span> <span class='ocrx_word' id='word_1_323' title='bbox 1491 2568 1713 2618; x_wconf 87' lang='lat' dir='ltr'><strong>creatus</strong></span> <span class='ocrx_word' id='word_1_324' title='bbox 1734 2572 1839 2627; x_wconf 87' lang='lat' dir='ltr'><strong>est,</strong></span> <span class='ocrx_word' id='word_1_325' title='bbox 1882 2581 1994 2619; x_wconf 92' lang='lat' dir='ltr'><strong>non</strong></span> 
     </span>
    </p>
   </div>
   <div class='ocr_carea' id='block_1_43' title="bbox 401 2642 1994 2725">
    <p class='ocr_par' dir='ltr' id='par_1_43' title="bbox 401 2642 1994 2725">
     <span class='ocr_line' id='line_1_43' title="bbox 401 2642 1994 2725; baseline 0.008 -25"><span class='ocrx_word' id='word_1_326' title='bbox 401 2650 489 2700; x_wconf 85' lang='lat' dir='ltr'><strong>est</strong></span> <span class='ocrx_word' id='word_1_327' title='bbox 519 2642 681 2701; x_wconf 85' lang='lat' dir='ltr'><strong>Deus.</strong></span> <span class='ocrx_word' id='word_1_328' title='bbox 718 2644 874 2713; x_wconf 85' lang='lat' dir='ltr'><strong>Quod</strong></span> <span class='ocrx_word' id='word_1_329' title='bbox 909 2651 958 2705; x_wconf 89' lang='lat' dir='ltr'><strong>si</strong></span> <span class='ocrx_word' id='word_1_330' title='bbox 987 2650 1213 2707; x_wconf 86' lang='lat' dir='ltr'><strong>minimc</strong></span> <span class='ocrx_word' id='word_1_331' title='bbox 1249 2652 1563 2709; x_wconf 89' lang='lat' dir='ltr'><strong>adorandus</strong></span> <span class='ocrx_word' id='word_1_332' title='bbox 1593 2662 1698 2722; x_wconf 90' lang='lat' dir='ltr'><strong>est,</strong></span> <span class='ocrx_word' id='word_1_333' title='bbox 1717 2657 1994 2725; x_wconf 89' lang='lat' dir='ltr'><strong>quomodo</strong></span> 
     </span>
    </p>
   </div>
   <div class='ocr_carea' id='block_1_44' title="bbox 402 2733 1988 2816">
    <p class='ocr_par' dir='ltr' id='par_1_44' title="bbox 402 2733 1988 2816">
     <span class='ocr_line' id='line_1_44' title="bbox 402 2733 1988 2816; baseline 0.007 -25"><span class='ocrx_word' id='word_1_334' title='bbox 402 2733 548 2793; x_wconf 80' lang='lat' dir='ltr'><strong>Deus</strong></span> <span class='ocrx_word' id='word_1_335' title='bbox 569 2753 694 2793; x_wconf 87' lang='lat' dir='ltr'><strong>esse</strong></span> <span class='ocrx_word' id='word_1_336' title='bbox 714 2741 1082 2810; x_wconf 63' lang='lat' dir='ltr'><strong>praedicatur?</strong></span> <span class='ocrx_word' id='word_1_337' title='bbox 1120 2741 1365 2799; x_wconf 84' lang='lat' dir='ltr'><strong>Desinite</strong></span> <span class='ocrx_word' id='word_1_338' title='bbox 1398 2745 1582 2816; x_wconf 87' lang='lat' dir='ltr'><strong>itaque</strong></span> <span class='ocrx_word' id='word_1_339' title='bbox 1613 2761 1712 2801; x_wconf 88' lang='lat' dir='ltr'><strong>vos</strong></span> <span class='ocrx_word' id='word_1_340' title='bbox 1746 2748 1988 2815; x_wconf 91' lang='lat' dir='ltr'><strong>tandem,</strong></span> 
     </span>
    </p>
   </div>
   <div class='ocr_carea' id='block_1_45' title="bbox 401 2830 1990 2906">
    <p class='ocr_par' dir='ltr' id='par_1_45' title="bbox 401 2830 1990 2906">
     <span class='ocr_line' id='line_1_45' title="bbox 401 2830 1990 2906; baseline 0.006 -23"><span class='ocrx_word' id='word_1_341' title='bbox 401 2830 495 2898; x_wconf 88' lang='lat' dir='ltr'><strong>qui</strong></span> <span class='ocrx_word' id='word_1_342' title='bbox 518 2846 716 2886; x_wconf 90' lang='lat' dir='ltr'><strong>novam</strong></span> <span class='ocrx_word' id='word_1_343' title='bbox 744 2832 835 2887; x_wconf 91' lang='lat' dir='ltr'><strong>hic</strong></span> <span class='ocrx_word' id='word_1_344' title='bbox 858 2832 1193 2906; x_wconf 88' lang='lat' dir='ltr'><strong>Babylonem</strong></span> <span class='ocrx_word' id='word_1_345' title='bbox 1222 2836 1567 2902; x_wconf 88' lang='lat' dir='ltr'><strong>instauratis,</strong></span> <span class='ocrx_word' id='word_1_346' title='bbox 1602 2853 1667 2892; x_wconf 89' lang='lat' dir='ltr'><strong>ac</strong></span> <span class='ocrx_word' id='word_1_347' title='bbox 1691 2837 1990 2895; x_wconf 86' lang='lat' dir='ltr'><strong>Nabucho-</strong></span> 
     </span>
    </p>
   </div>
   <div class='ocr_carea' id='block_1_46' title="bbox 400 2920 1992 3003">
    <p class='ocr_par' dir='ltr' id='par_1_46' title="bbox 400 2920 1992 3003">
     <span class='ocr_line' id='line_1_46' title="bbox 400 2920 1992 3003; baseline 0.008 -27"><span class='ocrx_word' id='word_1_348' title='bbox 400 2921 692 2981; x_wconf 88' lang='lat' dir='ltr'><strong>donosoris</strong></span> <span class='ocrx_word' id='word_1_349' title='bbox 716 2925 947 2997; x_wconf 75' lang='lat' dir='ltr'><strong>efﬁgiem</strong></span> <span class='ocrx_word' id='word_1_350' title='bbox 978 2937 1141 2998; x_wconf 90' lang='lat' dir='ltr'><strong>atque</strong></span> <span class='ocrx_word' id='word_1_351' title='bbox 1168 2920 1465 3001; x_wconf 75' lang='lat' dir='ltr'><strong>imaginem</strong></span> <span class='ocrx_word' id='word_1_352' title='bbox 1496 2931 1734 3002; x_wconf 80' lang='lat' dir='ltr'><strong>erigitis,</strong></span> <span class='ocrx_word' id='word_1_353' title='bbox 1764 2932 1859 3003; x_wconf 90' lang='lat' dir='ltr'><strong>qui</strong></span> <span class='ocrx_word' id='word_1_354' title='bbox 1898 2947 1992 2989; x_wconf 83' lang='lat' dir='ltr'><strong>ce-</strong></span> 
     </span>
    </p>
   </div>
   <div class='ocr_carea' id='block_1_47' title="bbox 402 3013 1991 3091">
    <p class='ocr_par' dir='ltr' id='par_1_47' title="bbox 402 3013 1991 3091">
     <span class='ocr_line' id='line_1_47' title="bbox 402 3013 1991 3091; baseline 0.008 -24"><span class='ocrx_word' id='word_1_355' title='bbox 402 3013 747 3073; x_wconf 84' lang='lat' dir='ltr'><strong>leberrimam</strong></span> <span class='ocrx_word' id='word_1_356' title='bbox 796 3018 937 3073; x_wconf 90' lang='lat' dir='ltr'><strong>banc</strong></span> <span class='ocrx_word' id='word_1_357' title='bbox 981 3020 1166 3075; x_wconf 89' lang='lat' dir='ltr'><strong>tubam</strong></span> <span class='ocrx_word' id='word_1_358' title='bbox 1211 3022 1475 3091; x_wconf 77' lang='lat' dir='ltr'><strong>cogendis</strong></span> <span class='ocrx_word' id='word_1_359' title='bbox 1521 3023 1789 3079; x_wconf 88' lang='lat' dir='ltr'><strong>militibus</strong></span> <span class='ocrx_word' id='word_1_360' title='bbox 1832 3024 1991 3079; x_wconf 80' lang='lat' dir='ltr'><strong>inﬂa-</strong></span> 
     </span>
    </p>
   </div>
   <div class='ocr_carea' id='block_1_48' title="bbox 399 3105 1996 3185">
    <p class='ocr_par' dir='ltr' id='par_1_48' title="bbox 399 3105 1996 3185">
     <span class='ocr_line' id='line_1_48' title="bbox 399 3105 1996 3185; baseline 0.009 -26"><span class='ocrx_word' id='word_1_361' title='bbox 399 3105 495 3169; x_wconf 89' lang='lat' dir='ltr'><strong>tis,</strong></span> <span class='ocrx_word' id='word_1_362' title='bbox 530 3108 625 3176; x_wconf 75' lang='lat' dir='ltr'><strong>qui</strong></span> <span class='ocrx_word' id='word_1_363' title='bbox 661 3108 910 3165; x_wconf 89' lang='lat' dir='ltr'><strong>subdolis</strong></span> <span class='ocrx_word' id='word_1_364' title='bbox 948 3112 1150 3167; x_wconf 86' lang='lat' dir='ltr'><strong>vestris</strong></span> <span class='ocrx_word' id='word_1_365' title='bbox 1172 3114 1423 3177; x_wconf 87' lang='lat' dir='ltr'><strong>vocibus,</strong></span> <span class='ocrx_word' id='word_1_366' title='bbox 1464 3121 1726 3185; x_wconf 87' lang='lat' dir='ltr'><strong>tanquam</strong></span> <span class='ocrx_word' id='word_1_367' title='bbox 1762 3116 1996 3173; x_wconf 85' lang='lat' dir='ltr'><strong>musicis</strong></span> 
     </span>
    </p>
   </div>
   <div class='ocr_carea' id='block_1_49' title="bbox 401 3196 1993 3276">
    <p class='ocr_par' dir='ltr' id='par_1_49' title="bbox 401 3196 1993 3276">
     <span class='ocr_line' id='line_1_49' title="bbox 401 3196 1993 3276; baseline 0.007 -26"><span class='ocrx_word' id='word_1_368' title='bbox 401 3196 809 3263; x_wconf 86' lang='lat' dir='ltr'><strong>instrumentis,</strong></span> <span class='ocrx_word' id='word_1_369' title='bbox 862 3203 1129 3273; x_wconf 85' lang='lat' dir='ltr'><strong>cymbalis</strong></span> <span class='ocrx_word' id='word_1_370' title='bbox 1167 3212 1220 3259; x_wconf 91' lang='lat' dir='ltr'><strong>et</strong></span> <span class='ocrx_word' id='word_1_371' title='bbox 1249 3205 1525 3274; x_wconf 79' lang='lat' dir='ltr'><strong>psalteriis</strong></span> <span class='ocrx_word' id='word_1_372' title='bbox 1554 3206 1787 3276; x_wconf 81' lang='lat' dir='ltr'><strong>populos</strong></span> <span class='ocrx_word' id='word_1_373' title='bbox 1821 3207 1876 3262; x_wconf 93' lang='lat' dir='ltr'><strong>in</strong></span> <span class='ocrx_word' id='word_1_374' title='bbox 1916 3208 1993 3261; x_wconf 87' lang='lat' dir='ltr'><strong>la-</strong></span> 
     </span>
    </p>
   </div>
   <div class='ocr_carea' id='block_1_50' title="bbox 400 3296 1993 3369">
    <p class='ocr_par' dir='ltr' id='par_1_50' title="bbox 400 3296 1993 3369">
     <span class='ocr_line' id='line_1_50' title="bbox 400 3296 1993 3369; baseline 0.007 -25"><span class='ocrx_word' id='word_1_375' title='bbox 400 3304 560 3359; x_wconf 87' lang='lat' dir='ltr'><strong>psum</strong></span> <span class='ocrx_word' id='word_1_376' title='bbox 610 3306 963 3362; x_wconf 84' lang='lat' dir='ltr'><strong>erroremque</strong></span> <span class='ocrx_word' id='word_1_377' title='bbox 994 3296 1370 3365; x_wconf 73' lang='lat' dir='ltr'><strong>praecipitatis,</strong></span> <span class='ocrx_word' id='word_1_378' title='bbox 1423 3313 1562 3367; x_wconf 91' lang='lat' dir='ltr'><strong>quos</strong></span> <span class='ocrx_word' id='word_1_379' title='bbox 1608 3298 1830 3369; x_wconf 77' lang='lat' dir='ltr'><strong>imagini</strong></span> <span class='ocrx_word' id='word_1_380' title='bbox 1877 3316 1993 3355; x_wconf 89' lang='lat' dir='ltr'><strong>ser-</strong></span> 
     </span>
    </p>
   </div>
   <div class='ocr_carea' id='block_1_51' title="bbox 400 3378 1997 3457">
    <p class='ocr_par' dir='ltr' id='par_1_51' title="bbox 400 3378 1997 3457">
     <span class='ocr_line' id='line_1_51' title="bbox 400 3378 1997 3457; baseline 0.01 -25"><span class='ocrx_word' id='word_1_381' title='bbox 400 3378 514 3433; x_wconf 78' lang='lat' dir='ltr'><strong>vire</strong></span> <span class='ocrx_word' id='word_1_382' title='bbox 545 3379 726 3448; x_wconf 91' lang='lat' dir='ltr'><strong>potius</strong></span> <span class='ocrx_word' id='word_1_383' title='bbox 748 3397 912 3451; x_wconf 87' lang='lat' dir='ltr'><strong>quam</strong></span> <span class='ocrx_word' id='word_1_384' title='bbox 946 3382 1054 3440; x_wconf 86' lang='lat' dir='ltr'><strong>Deo</strong></span> <span class='ocrx_word' id='word_1_385' title='bbox 1074 3402 1138 3439; x_wconf 91' lang='lat' dir='ltr'><strong>ac</strong></span> <span class='ocrx_word' id='word_1_386' title='bbox 1161 3386 1374 3442; x_wconf 89' lang='lat' dir='ltr'><strong>veritati</strong></span> <span class='ocrx_word' id='word_1_387' title='bbox 1397 3388 1661 3457; x_wconf 76' lang='lat' dir='ltr'><strong>jubctis&#39;.</strong></span> <span class='ocrx_word' id='word_1_388' title='bbox 1684 3388 1820 3456; x_wconf 86' lang='lat' dir='ltr'><strong>Quis</strong></span> <span class='ocrx_word' id='word_1_389' title='bbox 1846 3392 1997 3448; x_wconf 89' lang='lat' dir='ltr'><strong>enim</strong></span> 
     </span>
    </p>
   </div>
   <div class='ocr_carea' id='block_1_52' title="bbox 401 3473 1993 3553">
    <p class='ocr_par' dir='ltr' id='par_1_52' title="bbox 401 3473 1993 3553">
     <span class='ocr_line' id='line_1_52' title="bbox 401 3473 1993 3553; baseline 0.008 -27"><span class='ocrx_word' id='word_1_390' title='bbox 401 3473 636 3542; x_wconf 88' lang='lat' dir='ltr'><strong>perinde</strong></span> <span class='ocrx_word' id='word_1_391' title='bbox 686 3490 846 3531; x_wconf 77' lang='lat' dir='ltr'><strong>verus</strong></span> <span class='ocrx_word' id='word_1_392' title='bbox 887 3486 970 3532; x_wconf 89' lang='lat' dir='ltr'><strong>est</strong></span> <span class='ocrx_word' id='word_1_393' title='bbox 1012 3480 1149 3532; x_wconf 86' lang='lat' dir='ltr'><strong>alter</strong></span> <span class='ocrx_word' id='word_1_394' title='bbox 1189 3495 1254 3534; x_wconf 92' lang='lat' dir='ltr'><strong>ac</strong></span> <span class='ocrx_word' id='word_1_395' title='bbox 1306 3479 1397 3536; x_wconf 92' lang='lat' dir='ltr'><strong>Dei</strong></span> <span class='ocrx_word' id='word_1_396' title='bbox 1442 3479 1653 3537; x_wconf 85' lang='lat' dir='ltr'><strong>Filius?</strong></span> <span class='ocrx_word' id='word_1_397' title='bbox 1687 3481 1832 3537; x_wconf 82' lang='lat' dir='ltr'><strong>Nam</strong></span> <span class='ocrx_word' id='word_1_398' title='bbox 1875 3486 1993 3553; x_wconf 84' lang='lat' dir='ltr'><strong>quis</strong></span> 
     </span>
    </p>
   </div>
   <div class='ocr_carea' id='block_1_53' title="bbox 399 3565 1996 3644">
    <p class='ocr_par' dir='ltr' id='par_1_53' title="bbox 399 3565 1996 3644">
     <span class='ocr_line' id='line_1_53' title="bbox 399 3565 1996 3644; baseline 0.007 -26"><span class='ocrx_word' id='word_1_399' title='bbox 399 3565 698 3630; x_wconf 73' lang='lat' dir='ltr'><strong>a&#39;quabilur</strong></span> <span class='ocrx_word' id='word_1_400' title='bbox 729 3566 953 3623; x_wconf 82' lang='lat' dir='ltr'><strong>Domino</strong></span> <span class='ocrx_word' id='word_1_401' title='bbox 998 3570 1052 3623; x_wconf 84' lang='lat' dir='ltr'><strong>in</strong></span> <span class='ocrx_word' id='word_1_402' title='bbox 1084 3571 1215 3640; x_wconf 81' lang='lat' dir='ltr'><strong>ﬁliis</strong></span> <span class='ocrx_word' id='word_1_403' title='bbox 1240 3570 1336 3627; x_wconf 88' lang='lat' dir='ltr'><strong>Dei</strong></span> <span class='ocrx_word' id='word_1_404' title='bbox 1359 3573 1478 3643; x_wconf 76' lang='lat' dir='ltr'><strong>’(ut</strong></span> <span class='ocrx_word' id='word_1_405' title='bbox 1501 3571 1782 3643; x_wconf 86' lang='lat' dir='ltr'><strong>Scriptura</strong></span> <span class='ocrx_word' id='word_1_406' title='bbox 1819 3575 1996 3644; x_wconf 74' lang='lat' dir='ltr'><strong>loqui-</strong></span> 
     </span>
    </p>
   </div>
   <div class='ocr_carea' id='block_1_54' title="bbox 399 3660 1991 3734">
    <p class='ocr_par' dir='ltr' id='par_1_54' title="bbox 399 3660 1991 3734">
     <span class='ocr_line' id='line_1_54' title="bbox 399 3660 1991 3734; baseline 0.007 -22"><span class='ocrx_word' id='word_1_407' title='bbox 399 3660 535 3727; x_wconf 87' lang='lat' dir='ltr'><strong>tur);</strong></span> <span class='ocrx_word' id='word_1_408' title='bbox 577 3667 632 3715; x_wconf 74' lang='grc' dir='ltr'><strong>ει</strong></span> <span class='ocrx_word' id='word_1_409' title='bbox 665 3679 678 3715; x_wconf 92' lang='lat'><strong>:</strong></span> <span class='ocrx_word' id='word_1_410' title='bbox 716 3660 868 3715; x_wconf 81' lang='lat' dir='ltr'><strong>Alter</strong></span> <span class='ocrx_word' id='word_1_411' title='bbox 921 3678 1041 3716; x_wconf 87' lang='lat' dir='ltr'><strong>cum</strong></span> <span class='ocrx_word' id='word_1_412' title='bbox 1080 3665 1195 3733; x_wconf 85' lang='lat' dir='ltr'><strong>ipso</strong></span> <span class='ocrx_word' id='word_1_413' title='bbox 1243 3665 1456 3720; x_wconf 82' lang='lat' dir='ltr'><strong>minime</strong></span> <span class='ocrx_word' id='word_1_414' title='bbox 1509 3665 1907 3734; x_wconf 78' lang='lat' dir='ltr'><strong>comparabitur</strong></span> <span class='ocrx_word' id='word_1_415' title='bbox 1948 3667 1991 3723; x_wconf 76' lang='grc'>⁸.</span> 
     </span>
    </p>
   </div>
   <div class='ocr_carea' id='block_1_55' title="bbox 400 3749 1991 3830">
    <p class='ocr_par' dir='ltr' id='par_1_55' title="bbox 400 3749 1991 3830">
     <span class='ocr_line' id='line_1_55' title="bbox 400 3749 1991 3830; baseline 0.008 -26"><span class='ocrx_word' id='word_1_416' title='bbox 400 3749 545 3819; x_wconf 87' lang='lat' dir='ltr'><strong>Quid</strong></span> <span class='ocrx_word' id='word_1_417' title='bbox 571 3754 777 3822; x_wconf 79' lang='lat' dir='ltr'><strong>porro?</strong></span> <span class='ocrx_word' id='word_1_418' title='bbox 806 3752 877 3810; x_wconf 90' lang='lat' dir='ltr'><strong>Ut</strong></span> <span class='ocrx_word' id='word_1_419' title='bbox 906 3754 973 3810; x_wconf 92' lang='lat' dir='ltr'><strong>de</strong></span> <span class='ocrx_word' id='word_1_420' title='bbox 992 3754 1130 3813; x_wconf 87' lang='lat' dir='ltr'><strong>Filio</strong></span> <span class='ocrx_word' id='word_1_421' title='bbox 1159 3772 1466 3813; x_wconf 88' lang='lat' dir='ltr'><strong>sermonem</strong></span> <span class='ocrx_word' id='word_1_422' title='bbox 1504 3775 1628 3815; x_wconf 90' lang='lat' dir='ltr'><strong>esse</strong></span> <span class='ocrx_word' id='word_1_423' title='bbox 1662 3775 1991 3830; x_wconf 72' lang='lat' dir='ltr'><strong>cognoscas,</strong></span> 
     </span>
    </p>
   </div>
   <div class='ocr_carea' id='block_1_56' title="bbox 400 3844 1996 3917">
    <p class='ocr_par' dir='ltr' id='par_1_56' title="bbox 400 3844 1996 3917">
     <span class='ocr_line' id='line_1_56' title="bbox 400 3844 1996 3917; baseline 0.006 -20"><span class='ocrx_word' id='word_1_424' title='bbox 400 3844 665 3914; x_wconf 88' lang='lat' dir='ltr'><strong>deinceps</strong></span> <span class='ocrx_word' id='word_1_425' title='bbox 699 3845 804 3901; x_wconf 89' lang='lat' dir='ltr'><strong>ista</strong></span> <span class='ocrx_word' id='word_1_426' title='bbox 840 3847 1077 3917; x_wconf 84' lang='lat' dir='ltr'><strong>subjecit</strong></span> <span class='ocrx_word' id='word_1_427' title='bbox 1117 3866 1131 3903; x_wconf 87' lang='lat'><strong>:</strong></span> <span class='ocrx_word' id='word_1_428' title='bbox 1165 3847 1376 3903; x_wconf 83' lang='lat' dir='ltr'><strong>Invenit</strong></span> <span class='ocrx_word' id='word_1_429' title='bbox 1413 3868 1621 3907; x_wconf 85' lang='lat' dir='ltr'><strong>omnem</strong></span> <span class='ocrx_word' id='word_1_430' title='bbox 1652 3853 1791 3908; x_wconf 84' lang='lat' dir='ltr'><strong>viam</strong></span> <span class='ocrx_word' id='word_1_431' title='bbox 1823 3854 1996 3907; x_wconf 84' lang='lat' dir='ltr'><strong>scien-</strong></span> 
     </span>
    </p>
   </div>
   <div class='ocr_carea' id='block_1_57' title="bbox 399 3938 1995 4013">
    <p class='ocr_par' dir='ltr' id='par_1_57' title="bbox 399 3938 1995 4013">
     <span class='ocr_line' id='line_1_57' title="bbox 399 3938 1995 4013; baseline 0.006 -23"><span class='ocrx_word' id='word_1_432' title='bbox 399 3938 512 4004; x_wconf 63' lang='lat' dir='ltr'><strong>tia,</strong></span> <span class='ocrx_word' id='word_1_433' title='bbox 552 3947 601 3991; x_wconf 85' lang='lat' dir='ltr'><strong>et</strong></span> <span class='ocrx_word' id='word_1_434' title='bbox 643 3938 786 3993; x_wconf 81' lang='lat' dir='ltr'><strong>dedit</strong></span> <span class='ocrx_word' id='word_1_435' title='bbox 819 3940 971 3993; x_wconf 83' lang='lat' dir='ltr'><strong>illam</strong></span> <span class='ocrx_word' id='word_1_436' title='bbox 999 3942 1044 3997; x_wconf 81' lang='grc'>⁵.</span> <span class='ocrx_word' id='word_1_437' title='bbox 1087 3941 1225 3996; x_wconf 86' lang='grc' dir='ltr'>Τιιιιι</span> <span class='ocrx_word' id='word_1_438' title='bbox 1273 3950 1459 4013; x_wconf 86' lang='lat' dir='ltr'><strong>postea</strong></span> <span class='ocrx_word' id='word_1_439' title='bbox 1507 3943 1620 3998; x_wconf 86' lang='lat' dir='ltr'><strong>:ln</strong></span> <span class='ocrx_word' id='word_1_440' title='bbox 1664 3955 1808 3999; x_wconf 87' lang='lat' dir='ltr'><strong>terra</strong></span> <span class='ocrx_word' id='word_1_441' title='bbox 1854 3948 1995 4000; x_wconf 75' lang='lat' dir='ltr'><strong>visus</strong></span> 
     </span>
    </p>
   </div>
   <div class='ocr_carea' id='block_1_58' title="bbox 395 4032 1997 4094">
    <p class='ocr_par' dir='ltr' id='par_1_58' title="bbox 395 4032 1997 4094">
     <span class='ocr_line' id='line_1_58' title="bbox 395 4032 1997 4094; baseline 0.005 -9"><span class='ocrx_word' id='word_1_442' title='bbox 395 4040 501 4094; x_wconf 81' lang='lat' dir='ltr'><strong>est,</strong></span> <span class='ocrx_word' id='word_1_443' title='bbox 531 4040 579 4085; x_wconf 83' lang='lat' dir='ltr'><strong>et</strong></span> <span class='ocrx_word' id='word_1_444' title='bbox 606 4047 725 4085; x_wconf 87' lang='lat' dir='ltr'><strong>cum</strong></span> <span class='ocrx_word' id='word_1_445' title='bbox 763 4032 1061 4088; x_wconf 80' lang='lat' dir='ltr'><strong>hominibus</strong></span> <span class='ocrx_word' id='word_1_446' title='bbox 1101 4045 1439 4090; x_wconf 75' lang='lat' dir='ltr'><strong>conversatus</strong></span> <span class='ocrx_word' id='word_1_447' title='bbox 1474 4046 1553 4091; x_wconf 87' lang='lat' dir='ltr'><strong>est</strong></span> <span class='ocrx_word' id='word_1_448' title='bbox 1587 4039 1630 4093; x_wconf 84' lang='lat'><strong>‘.</strong></span> <span class='ocrx_word' id='word_1_449' title='bbox 1656 4037 1849 4093; x_wconf 87' lang='lat' dir='ltr'><strong>Nonne</strong></span> <span class='ocrx_word' id='word_1_450' title='bbox 1882 4039 1997 4093; x_wconf 62' lang='lat' dir='ltr'><strong>haec</strong></span> 
     </span>
    </p>
   </div>
   <div class='ocr_carea' id='block_1_59' title="bbox 397 4124 1990 4199">
    <p class='ocr_par' dir='ltr' id='par_1_59' title="bbox 397 4124 1990 4199">
     <span class='ocr_line' id='line_1_59' title="bbox 397 4124 1990 4199; baseline 0.004 -21"><span class='ocrx_word' id='word_1_451' title='bbox 397 4139 528 4180; x_wconf 76' lang='lat' dir='ltr'><strong>vere</strong></span> <span class='ocrx_word' id='word_1_452' title='bbox 547 4124 616 4180; x_wconf 93' lang='lat' dir='ltr'><strong>de</strong></span> <span class='ocrx_word' id='word_1_453' title='bbox 646 4125 740 4180; x_wconf 90' lang='lat' dir='ltr'><strong>illo</strong></span> <span class='ocrx_word' id='word_1_454' title='bbox 769 4126 916 4180; x_wconf 90' lang='lat' dir='ltr'><strong>dicta</strong></span> <span class='ocrx_word' id='word_1_455' title='bbox 964 4129 1131 4183; x_wconf 85' lang='lat' dir='ltr'><strong>sunt?</strong></span> <span class='ocrx_word' id='word_1_456' title='bbox 1162 4129 1254 4199; x_wconf 88' lang='lat' dir='ltr'><strong>qui</strong></span> <span class='ocrx_word' id='word_1_457' title='bbox 1286 4136 1342 4184; x_wconf 93' lang='lat' dir='ltr'><strong>et</strong></span> <span class='ocrx_word' id='word_1_458' title='bbox 1380 4129 1448 4185; x_wconf 86' lang='lat' dir='ltr'><strong>de</strong></span> <span class='ocrx_word' id='word_1_459' title='bbox 1479 4146 1539 4185; x_wconf 92' lang='lat' dir='ltr'><strong>se</strong></span> <span class='ocrx_word' id='word_1_460' title='bbox 1588 4139 1822 4187; x_wconf 88' lang='lat' dir='ltr'><strong>testatus</strong></span> <span class='ocrx_word' id='word_1_461' title='bbox 1856 4140 1943 4187; x_wconf 91' lang='lat' dir='ltr'><strong>est</strong></span> <span class='ocrx_word' id='word_1_462' title='bbox 1978 4150 1990 4185; x_wconf 95' lang='lat'>:</span> 
     </span>
    </p>
   </div>
   <div class='ocr_carea' id='block_1_60' title="bbox 396 4216 968 4288">
    <p class='ocr_par' dir='ltr' id='par_1_60' title="bbox 396 4216 968 4288">
     <span class='ocr_line' id='line_1_60' title="bbox 396 4216 968 4288; baseline 0.009 -18"><span class='ocrx_word' id='word_1_463' title='bbox 396 4216 511 4288; x_wconf 84' lang='lat' dir='ltr'><strong>Ego</strong></span> <span class='ocrx_word' id='word_1_464' title='bbox 539 4234 658 4271; x_wconf 80' lang='lat' dir='ltr'><strong>sum</strong></span> <span class='ocrx_word' id='word_1_465' title='bbox 694 4220 890 4274; x_wconf 82' lang='lat' dir='ltr'><strong>veritas</strong></span> <span class='ocrx_word' id='word_1_466' title='bbox 922 4220 968 4275; x_wconf 82' lang='lat'><strong>&#39;.</strong></span> 
     </span>
    </p>
   </div>
   <div class='ocr_carea' id='block_1_61' title="bbox 471 4308 1995 4381">
    <p class='ocr_par' dir='ltr' id='par_1_61' title="bbox 471 4308 1995 4381">
     <span class='ocr_line' id='line_1_61' title="bbox 471 4308 1995 4381; baseline 0.01 -16"><span class='ocrx_word' id='word_1_467' title='bbox 471 4308 687 4365; x_wconf 74' lang='lat' dir='ltr'><strong>XXXII.</strong></span> <span class='ocrx_word' id='word_1_468' title='bbox 713 4312 783 4365; x_wconf 86' lang='lat' dir='ltr'><strong>At</strong></span> <span class='ocrx_word' id='word_1_469' title='bbox 804 4313 951 4368; x_wconf 93' lang='lat' dir='ltr'><strong>enim</strong></span> <span class='ocrx_word' id='word_1_470' title='bbox 977 4313 1129 4370; x_wconf 90' lang='lat' dir='ltr'><strong>dices</strong></span> <span class='ocrx_word' id='word_1_471' title='bbox 1165 4331 1180 4369; x_wconf 90' lang='lat'><strong>:</strong></span> <span class='ocrx_word' id='word_1_472' title='bbox 1208 4314 1322 4369; x_wconf 90' lang='lat' dir='ltr'><strong>Cur</strong></span> <span class='ocrx_word' id='word_1_473' title='bbox 1344 4314 1439 4372; x_wconf 92' lang='lat' dir='ltr'><strong>Dei</strong></span> <span class='ocrx_word' id='word_1_474' title='bbox 1470 4315 1642 4374; x_wconf 89' lang='lat' dir='ltr'><strong>Filius</strong></span> <span class='ocrx_word' id='word_1_475' title='bbox 1665 4334 1829 4376; x_wconf 86' lang='lat' dir='ltr'><strong>verus</strong></span> <span class='ocrx_word' id='word_1_476' title='bbox 1849 4321 1995 4381; x_wconf 73' lang='lat' dir='ltr'><strong>Deus</strong></span> 
     </span>
    </p>
   </div>
   <div class='ocr_carea' id='block_1_62' title="bbox 396 4401 1988 4475">
    <p class='ocr_par' dir='ltr' id='par_1_62' title="bbox 396 4401 1988 4475">
     <span class='ocr_line' id='line_1_62' title="bbox 396 4401 1988 4475; baseline 0.008 -19"><span class='ocrx_word' id='word_1_477' title='bbox 396 4401 475 4456; x_wconf 81' lang='lat' dir='ltr'><strong>ita</strong></span> <span class='ocrx_word' id='word_1_478' title='bbox 504 4402 775 4473; x_wconf 85' lang='lat' dir='ltr'><strong>loquitur:</strong></span> <span class='ocrx_word' id='word_1_479' title='bbox 806 4402 872 4457; x_wconf 91' lang='lat' dir='ltr'><strong>Ut</strong></span> <span class='ocrx_word' id='word_1_480' title='bbox 899 4416 1223 4475; x_wconf 74' lang='lat' dir='ltr'><strong>cognoscant</strong></span> <span class='ocrx_word' id='word_1_481' title='bbox 1253 4418 1300 4461; x_wconf 85' lang='lat' dir='ltr'><strong>te</strong></span> <span class='ocrx_word' id='word_1_482' title='bbox 1317 4409 1493 4462; x_wconf 87' lang='lat' dir='ltr'><strong>solum</strong></span> <span class='ocrx_word' id='word_1_483' title='bbox 1532 4426 1710 4464; x_wconf 85' lang='lat' dir='ltr'><strong>verum</strong></span> <span class='ocrx_word' id='word_1_484' title='bbox 1732 4411 1902 4466; x_wconf 85' lang='lat' dir='ltr'><strong>Deum</strong></span> <span class='ocrx_word' id='word_1_485' title='bbox 1928 4416 1988 4468; x_wconf 70' lang='lat'><strong>&#39;1&#39;</strong></span> 
     </span>
    </p>
   </div>
   <div class='ocr_carea' id='block_1_63' title="bbox 397 4490 1994 4568">
    <p class='ocr_par' dir='ltr' id='par_1_63' title="bbox 397 4490 1994 4568">
     <span class='ocr_line' id='line_1_63' title="bbox 397 4490 1994 4568; baseline 0.008 -21"><span class='ocrx_word' id='word_1_486' title='bbox 397 4490 479 4548; x_wconf 85' lang='lat' dir='ltr'><strong>Nc</strong></span> <span class='ocrx_word' id='word_1_487' title='bbox 493 4494 710 4547; x_wconf 87' lang='lat' dir='ltr'><strong>scilicet</strong></span> <span class='ocrx_word' id='word_1_488' title='bbox 736 4494 965 4550; x_wconf 86' lang='lat' dir='ltr'><strong>deorum</strong></span> <span class='ocrx_word' id='word_1_489' title='bbox 991 4496 1117 4567; x_wconf 78' lang='lat' dir='ltr'><strong>tingi</strong></span> <span class='ocrx_word' id='word_1_490' title='bbox 1151 4498 1313 4552; x_wconf 90' lang='lat' dir='ltr'><strong>turba</strong></span> <span class='ocrx_word' id='word_1_491' title='bbox 1346 4508 1570 4568; x_wconf 88' lang='lat' dir='ltr'><strong>posset;</strong></span> <span class='ocrx_word' id='word_1_492' title='bbox 1597 4516 1665 4555; x_wconf 93' lang='lat' dir='ltr'><strong>ne</strong></span> <span class='ocrx_word' id='word_1_493' title='bbox 1696 4503 1878 4558; x_wconf 87' lang='lat' dir='ltr'><strong>vitalis</strong></span> <span class='ocrx_word' id='word_1_494' title='bbox 1899 4519 1994 4559; x_wconf 88' lang='lat' dir='ltr'><strong>co-</strong></span> 
     </span>
    </p>
   </div>
   <div class='ocr_carea' id='block_1_64' title="bbox 2100 2004 3698 2076">
    <p class='ocr_par' dir='ltr' id='par_1_64' title="bbox 2100 2004 3698 2076">
     <span class='ocr_line' id='line_1_64' title="bbox 2100 2004 3698 2076; baseline 0 -19"><span class='ocrx_word' id='word_1_495' title='bbox 2100 2004 2345 2075; x_wconf 76' lang='grc' dir='ltr'>περὶτοῦ</span> <span class='ocrx_word' id='word_1_496' title='bbox 2390 2004 2823 2076; x_wconf 81' lang='grc' dir='ltr'>ἐξαγοράσαντος</span> <span class='ocrx_word' id='word_1_497' title='bbox 2860 2006 3026 2075; x_wconf 82' lang='grc' dir='ltr'>ὑμᾶς,</span> <span class='ocrx_word' id='word_1_498' title='bbox 3063 2004 3179 2073; x_wconf 79' lang='grc' dir='ltr'>εἴγε</span> <span class='ocrx_word' id='word_1_499' title='bbox 3210 2004 3537 2075; x_wconf 82' lang='grc' dir='ltr'>ὲξηγόρασε,</span> <span class='ocrx_word' id='word_1_500' title='bbox 3572 2005 3698 2057; x_wconf 81' lang='grc' dir='ltr'>δια-</span> 
     </span>
    </p>
   </div>
   <div class='ocr_carea' id='block_1_65' title="bbox 2100 2095 3700 2168">
    <p class='ocr_par' dir='ltr' id='par_1_65' title="bbox 2100 2095 3700 2168">
     <span class='ocr_line' id='line_1_65' title="bbox 2100 2095 3700 2168; baseline -0.003 -16"><span class='ocrx_word' id='word_1_501' title='bbox 2100 2097 2327 2153; x_wconf 87' lang='grc' dir='ltr'>νοεῖσθε.</span> <span class='ocrx_word' id='word_1_502' title='bbox 2362 2097 2561 2151; x_wconf 78' lang='grc' dir='ltr'>Οὐκέτι</span> <span class='ocrx_word' id='word_1_503' title='bbox 2588 2098 2644 2150; x_wconf 84' lang='grc' dir='ltr'>δὲ</span> <span class='ocrx_word' id='word_1_504' title='bbox 2674 2098 2773 2168; x_wconf 82' lang='grc' dir='ltr'>τῆς</span> <span class='ocrx_word' id='word_1_505' title='bbox 2803 2096 2968 2151; x_wconf 78' lang='grc' dir='ltr'>αὑτοῦ</span> <span class='ocrx_word' id='word_1_506' title='bbox 3002 2095 3282 2160; x_wconf 72' lang='grc' dir='ltr'>ἐπαύλεως</span> <span class='ocrx_word' id='word_1_507' title='bbox 3318 2098 3464 2162; x_wconf 76' lang='grc' dir='ltr'>ἐστε,</span> <span class='ocrx_word' id='word_1_508' title='bbox 3494 2096 3700 2166; x_wconf 78' lang='grc' dir='ltr'>ἀρνού-</span> 
     </span>
    </p>
   </div>
   <div class='ocr_carea' id='block_1_66' title="bbox 2102 2189 3695 2262">
    <p class='ocr_par' dir='ltr' id='par_1_66' title="bbox 2102 2189 3695 2262">
     <span class='ocr_line' id='line_1_66' title="bbox 2102 2189 3695 2262; baseline -0.001 -19"><span class='ocrx_word' id='word_1_509' title='bbox 2102 2207 2253 2261; x_wconf 83' lang='grc' dir='ltr'>μενοι</span> <span class='ocrx_word' id='word_1_510' title='bbox 2284 2190 2378 2245; x_wconf 83' lang='grc' dir='ltr'>τὸν</span> <span class='ocrx_word' id='word_1_511' title='bbox 2410 2190 2566 2261; x_wconf 82' lang='grc' dir='ltr'>ὑμῶν</span> <span class='ocrx_word' id='word_1_512' title='bbox 2605 2189 2858 2262; x_wconf 81' lang='grc' dir='ltr'>Σωτῆρα,</span> <span class='ocrx_word' id='word_1_513' title='bbox 2888 2191 2982 2243; x_wconf 75' lang='grc' dir='ltr'>καὶ</span> <span class='ocrx_word' id='word_1_514' title='bbox 3008 2190 3100 2243; x_wconf 86' lang='grc' dir='ltr'><strong>τὸν</strong></span> <span class='ocrx_word' id='word_1_515' title='bbox 3132 2189 3484 2261; x_wconf 79' lang='grc' dir='ltr'>ἀγοράσαντα</span> <span class='ocrx_word' id='word_1_516' title='bbox 3522 2189 3695 2259; x_wconf 77' lang='grc' dir='ltr'>ὑμᾶς.</span> 
     </span>
    </p>
   </div>
   <div class='ocr_carea' id='block_1_67' title="bbox 2097 2281 3699 2354">
    <p class='ocr_par' dir='ltr' id='par_1_67' title="bbox 2097 2281 3699 2354">
     <span class='ocr_line' id='line_1_67' title="bbox 2097 2281 3699 2354; baseline -0.001 -18"><span class='ocrx_word' id='word_1_517' title='bbox 2097 2283 2161 2336; x_wconf 80' lang='grc' dir='ltr'><strong>Εἰ</strong></span> <span class='ocrx_word' id='word_1_518' title='bbox 2210 2281 2322 2352; x_wconf 83' lang='grc' dir='ltr'><strong>γὰρ</strong></span> <span class='ocrx_word' id='word_1_519' title='bbox 2365 2282 2467 2336; x_wconf 84' lang='grc' dir='ltr'>οὐκ</span> <span class='ocrx_word' id='word_1_520' title='bbox 2500 2281 2650 2337; x_wconf 77' lang='grc' dir='ltr'>ἔστιν</span> <span class='ocrx_word' id='word_1_521' title='bbox 2703 2281 2957 2350; x_wconf 80' lang='grc' dir='ltr'>ἀληθινὸς</span> <span class='ocrx_word' id='word_1_522' title='bbox 2988 2284 3018 2336; x_wconf 93' lang='lat'><strong>6</strong></span> <span class='ocrx_word' id='word_1_523' title='bbox 3054 2281 3225 2347; x_wconf 79' lang='grc' dir='ltr'>Θεὸς,</span> <span class='ocrx_word' id='word_1_524' title='bbox 3273 2281 3398 2336; x_wconf 76' lang='grc' dir='ltr'>οὔτε</span> <span class='ocrx_word' id='word_1_525' title='bbox 3444 2298 3699 2354; x_wconf 83' lang='grc' dir='ltr'>προσκυ-</span> 
     </span>
    </p>
   </div>
   <div class='ocr_carea' id='block_1_68' title="bbox 2097 2374 3697 2445">
    <p class='ocr_par' dir='ltr' id='par_1_68' title="bbox 2097 2374 3697 2445">
     <span class='ocr_line' id='line_1_68' title="bbox 2097 2374 3697 2445; baseline 0.001 -19"><span class='ocrx_word' id='word_1_526' title='bbox 2097 2374 2257 2445; x_wconf 85' lang='grc' dir='ltr'>νητός</span> <span class='ocrx_word' id='word_1_527' title='bbox 2287 2375 2423 2430; x_wconf 78' lang='grc' dir='ltr'>ἐστι.</span> <span class='ocrx_word' id='word_1_528' title='bbox 2466 2375 2578 2430; x_wconf 75' lang='grc' dir='ltr'>Καὶ</span> <span class='ocrx_word' id='word_1_529' title='bbox 2624 2375 2673 2427; x_wconf 76' lang='grc' dir='ltr'><strong>εἱ</strong></span> <span class='ocrx_word' id='word_1_530' title='bbox 2726 2374 2842 2429; x_wconf 78' lang='grc' dir='ltr'>ἐστι</span> <span class='ocrx_word' id='word_1_531' title='bbox 2889 2375 3141 2439; x_wconf 87' lang='grc' dir='ltr'>κτιστὸς,</span> <span class='ocrx_word' id='word_1_532' title='bbox 3190 2375 3251 2428; x_wconf 82' lang='grc' dir='ltr'><strong>οὐ</strong></span> <span class='ocrx_word' id='word_1_533' title='bbox 3284 2376 3439 2439; x_wconf 86' lang='grc' dir='ltr'>Θεος.</span> <span class='ocrx_word' id='word_1_534' title='bbox 3477 2377 3594 2430; x_wconf 75' lang='grc' dir='ltr'>Καὶ</span> <span class='ocrx_word' id='word_1_535' title='bbox 3645 2376 3697 2428; x_wconf 71' lang='grc' dir='ltr'><strong>εἰ</strong></span> 
     </span>
    </p>
   </div>
   <div class='ocr_carea' id='block_1_69' title="bbox 2096 2466 3697 2539">
    <p class='ocr_par' dir='ltr' id='par_1_69' title="bbox 2096 2466 3697 2539">
     <span class='ocr_line' id='line_1_69' title="bbox 2096 2466 3697 2539; baseline 0.001 -19"><span class='ocrx_word' id='word_1_536' title='bbox 2096 2467 2195 2520; x_wconf 75' lang='grc' dir='ltr'><strong>οὐκ</strong></span> <span class='ocrx_word' id='word_1_537' title='bbox 2236 2466 2353 2521; x_wconf 78' lang='grc' dir='ltr'>ἔστι</span> <span class='ocrx_word' id='word_1_538' title='bbox 2384 2467 2783 2539; x_wconf 83' lang='grc' dir='ltr'>προσκυνητὸς,</span> <span class='ocrx_word' id='word_1_539' title='bbox 2817 2466 2935 2531; x_wconf 86' lang='grc' dir='ltr'><strong>πῶς</strong></span> <span class='ocrx_word' id='word_1_540' title='bbox 2976 2466 3085 2539; x_wconf 82' lang='grc' dir='ltr'>ἄρα</span> <span class='ocrx_word' id='word_1_541' title='bbox 3127 2466 3499 2536; x_wconf 65' lang='grc' dir='ltr'>θεολογεῖταις</span> <span class='ocrx_word' id='word_1_542' title='bbox 3539 2466 3697 2521; x_wconf 86' lang='grc' dir='ltr'>Παύ-</span> 
     </span>
    </p>
   </div>
   <div class='ocr_carea' id='block_1_70' title="bbox 2097 2550 3698 2631">
    <p class='ocr_par' dir='ltr' id='par_1_70' title="bbox 2097 2550 3698 2631">
     <span class='ocr_line' id='line_1_70' title="bbox 2097 2550 3698 2631; baseline 0 -19"><span class='ocrx_word' id='word_1_543' title='bbox 2097 2559 2284 2626; x_wconf 88' lang='grc' dir='ltr'>σασθε,</span> <span class='ocrx_word' id='word_1_544' title='bbox 2322 2561 2373 2613; x_wconf 82' lang='grc' dir='ltr'>οἰ</span> <span class='ocrx_word' id='word_1_545' title='bbox 2406 2560 2568 2614; x_wconf 84' lang='grc' dir='ltr'>πάλιν</span> <span class='ocrx_word' id='word_1_546' title='bbox 2621 2550 2917 2631; x_wconf 62' lang='grc' dir='ltr'>τὴνφύσιν</span> <span class='ocrx_word' id='word_1_547' title='bbox 2955 2558 3315 2631; x_wconf 79' lang='grc' dir='ltr'>ἐργαζόμενοι</span> <span class='ocrx_word' id='word_1_548' title='bbox 3356 2558 3457 2631; x_wconf 82' lang='grc' dir='ltr'>τὴν</span> <span class='ocrx_word' id='word_1_549' title='bbox 3511 2560 3698 2612; x_wconf 76' lang='grc' dir='ltr'>Βαϐυ-</span> 
     </span>
    </p>
   </div>
   <div class='ocr_carea' id='block_1_71' title="bbox 2095 2652 3697 2725">
    <p class='ocr_par' dir='ltr' id='par_1_71' title="bbox 2095 2652 3697 2725">
     <span class='ocr_line' id='line_1_71' title="bbox 2095 2652 3697 2725; baseline 0 -19"><span class='ocrx_word' id='word_1_550' title='bbox 2095 2652 2289 2709; x_wconf 81' lang='grc' dir='ltr'>λωνίαν</span> <span class='ocrx_word' id='word_1_551' title='bbox 2316 2656 2359 2720; x_wconf 80' lang='grc'><strong>⁹,</strong></span> <span class='ocrx_word' id='word_1_552' title='bbox 2406 2656 2455 2707; x_wconf 86' lang='grc' dir='ltr'><strong>οἱ</strong></span> <span class='ocrx_word' id='word_1_553' title='bbox 2503 2652 2602 2725; x_wconf 84' lang='grc' dir='ltr'>τὴν</span> <span class='ocrx_word' id='word_1_554' title='bbox 2653 2654 2842 2707; x_wconf 75' lang='grc' dir='ltr'>εἰκόνα</span> <span class='ocrx_word' id='word_1_555' title='bbox 2885 2653 2981 2706; x_wconf 76' lang='grc' dir='ltr'>καὶ</span> <span class='ocrx_word' id='word_1_556' title='bbox 3025 2653 3117 2706; x_wconf 75' lang='grc' dir='ltr'>τὸν</span> <span class='ocrx_word' id='word_1_557' title='bbox 3152 2653 3322 2706; x_wconf 85' lang='grc' dir='ltr'>τύπον</span> <span class='ocrx_word' id='word_1_558' title='bbox 3370 2652 3697 2725; x_wconf 73' lang='grc' dir='ltr'>ἐγείραντες</span> 
     </span>
    </p>
   </div>
   <div class='ocr_carea' id='block_1_72' title="bbox 2093 2744 3696 2816">
    <p class='ocr_par' dir='ltr' id='par_1_72' title="bbox 2093 2744 3696 2816">
     <span class='ocr_line' id='line_1_72' title="bbox 2093 2744 3696 2816; baseline -0.001 -17"><span class='ocrx_word' id='word_1_559' title='bbox 2093 2744 2191 2799; x_wconf 83' lang='grc' dir='ltr'><strong>τού</strong></span> <span class='ocrx_word' id='word_1_560' title='bbox 2240 2745 2734 2816; x_wconf 78' lang='grc' dir='ltr'>Ναϐουχοδονόσορ,</span> <span class='ocrx_word' id='word_1_561' title='bbox 2773 2744 2823 2797; x_wconf 81' lang='grc' dir='ltr'><strong>οἱ</strong></span> <span class='ocrx_word' id='word_1_562' title='bbox 2872 2744 2972 2814; x_wconf 81' lang='grc' dir='ltr'><strong>τὴν</strong></span> <span class='ocrx_word' id='word_1_563' title='bbox 3003 2744 3439 2814; x_wconf 83' lang='grc' dir='ltr'>πολυθρύλλητον</span> <span class='ocrx_word' id='word_1_564' title='bbox 3484 2744 3696 2815; x_wconf 86' lang='grc' dir='ltr'>ταύτην</span> 
     </span>
    </p>
   </div>
   <div class='ocr_carea' id='block_1_73' title="bbox 2096 2836 3699 2907">
    <p class='ocr_par' dir='ltr' id='par_1_73' title="bbox 2096 2836 3699 2907">
     <span class='ocr_line' id='line_1_73' title="bbox 2096 2836 3699 2907; baseline 0 -17"><span class='ocrx_word' id='word_1_565' title='bbox 2096 2837 2373 2907; x_wconf 80' lang='grc' dir='ltr'>σάλπιγγα</span> <span class='ocrx_word' id='word_1_566' title='bbox 2391 2837 2587 2892; x_wconf 70' lang='grc' dir='ltr'>ἕνωσιν</span> <span class='ocrx_word' id='word_1_567' title='bbox 2618 2837 2665 2870; x_wconf 66' lang='grc' dir='ltr'><strong><em>η</em></strong></span> <span class='ocrx_word' id='word_1_568' title='bbox 2687 2836 2796 2891; x_wconf 91' lang='grc' dir='ltr'><strong>τῶν</strong></span> <span class='ocrx_word' id='word_1_569' title='bbox 2819 2836 3198 2907; x_wconf 84' lang='grc' dir='ltr'>πολεμούντων</span> <span class='ocrx_word' id='word_1_570' title='bbox 3227 2836 3611 2901; x_wconf 73' lang='grc' dir='ltr'>σαλπίζοντες.</span> <span class='ocrx_word' id='word_1_571' title='bbox 3644 2838 3699 2891; x_wconf 85' lang='grc' dir='ltr'>οἱ</span> 
     </span>
    </p>
   </div>
   <div class='ocr_carea' id='block_1_74' title="bbox 2094 2928 3701 3002">
    <p class='ocr_par' dir='ltr' id='par_1_74' title="bbox 2094 2928 3701 3002">
     <span class='ocr_line' id='line_1_74' title="bbox 2094 2928 3701 3002; baseline 0.001 -20"><span class='ocrx_word' id='word_1_572' title='bbox 2094 2930 2154 2983; x_wconf 85' lang='grc' dir='ltr'>ὲν</span> <span class='ocrx_word' id='word_1_573' title='bbox 2191 2932 2475 3002; x_wconf 82' lang='grc' dir='ltr'>μουσικοῖς</span> <span class='ocrx_word' id='word_1_574' title='bbox 2501 2931 2598 2983; x_wconf 71' lang='grc' dir='ltr'>καὶ</span> <span class='ocrx_word' id='word_1_575' title='bbox 2629 2930 2689 2982; x_wconf 81' lang='grc' dir='ltr'>ἐν</span> <span class='ocrx_word' id='word_1_576' title='bbox 2720 2928 3042 3000; x_wconf 74' lang='grc' dir='ltr'>κυμϐάλοις,</span> <span class='ocrx_word' id='word_1_577' title='bbox 3077 2928 3171 2982; x_wconf 82' lang='grc' dir='ltr'><strong>καὶ</strong></span> <span class='ocrx_word' id='word_1_578' title='bbox 3207 2930 3265 2983; x_wconf 85' lang='grc' dir='ltr'>ὲν</span> <span class='ocrx_word' id='word_1_579' title='bbox 3289 2929 3582 3001; x_wconf 74' lang='grc' dir='ltr'>ψαλτηρίῳ</span> <span class='ocrx_word' id='word_1_580' title='bbox 3606 2929 3701 2983; x_wconf 75' lang='grc' dir='ltr'><strong>διὰ</strong></span> 
     </span>
    </p>
   </div>
   <div class='ocr_carea' id='block_1_75' title="bbox 2092 3021 3699 3093">
    <p class='ocr_par' dir='ltr' id='par_1_75' title="bbox 2092 3021 3699 3093">
     <span class='ocr_line' id='line_1_75' title="bbox 2092 3021 3699 3093; baseline 0 -17"><span class='ocrx_word' id='word_1_581' title='bbox 2092 3022 2201 3076; x_wconf 89' lang='grc' dir='ltr'><strong>τῶν</strong></span> <span class='ocrx_word' id='word_1_582' title='bbox 2255 3022 2691 3092; x_wconf 80' lang='grc' dir='ltr'>πεπλανημένων</span> <span class='ocrx_word' id='word_1_583' title='bbox 2720 3021 2879 3092; x_wconf 83' lang='grc' dir='ltr'>ὑμῶν.</span> <span class='ocrx_word' id='word_1_584' title='bbox 2906 3021 3168 3093; x_wconf 71' lang='grc' dir='ltr'>ῥημάτων</span> <span class='ocrx_word' id='word_1_585' title='bbox 3204 3025 3284 3085; x_wconf 75' lang='grc' dir='ltr'><strong>εἰς</strong></span> <span class='ocrx_word' id='word_1_586' title='bbox 3324 3023 3538 3076; x_wconf 78' lang='grc' dir='ltr'>πτῶσιν</span> <span class='ocrx_word' id='word_1_587' title='bbox 3564 3024 3699 3085; x_wconf 67' lang='grc' dir='ltr'>τοὺς</span> 
     </span>
    </p>
   </div>
   <div class='ocr_carea' id='block_1_76' title="bbox 2095 3113 3700 3186">
    <p class='ocr_par' dir='ltr' id='par_1_76' title="bbox 2095 3113 3700 3186">
     <span class='ocr_line' id='line_1_76' title="bbox 2095 3113 3700 3186; baseline 0 -18"><span class='ocrx_word' id='word_1_588' title='bbox 2095 3114 2263 3177; x_wconf 80' lang='grc' dir='ltr'>λαοὺς</span> <span class='ocrx_word' id='word_1_589' title='bbox 2291 3114 2569 3185; x_wconf 84' lang='grc' dir='ltr'>φέροντες.</span> <span class='ocrx_word' id='word_1_590' title='bbox 2608 3115 2779 3168; x_wconf 77' lang='grc' dir='ltr'>εἰκόνι</span> <span class='ocrx_word' id='word_1_591' title='bbox 2802 3115 3006 3186; x_wconf 85' lang='grc' dir='ltr'>μᾶλλον</span> <span class='ocrx_word' id='word_1_592' title='bbox 3026 3113 3309 3169; x_wconf 81' lang='grc' dir='ltr'>δουλεῦσαι</span> <span class='ocrx_word' id='word_1_593' title='bbox 3332 3115 3700 3185; x_wconf 76' lang='grc' dir='ltr'>παρασκευά-</span> 
     </span>
    </p>
   </div>
   <div class='ocr_carea' id='block_1_77' title="bbox 2096 3205 3700 3279">
    <p class='ocr_par' dir='ltr' id='par_1_77' title="bbox 2096 3205 3700 3279">
     <span class='ocr_line' id='line_1_77' title="bbox 2096 3205 3700 3279; baseline 0.001 -20"><span class='ocrx_word' id='word_1_594' title='bbox 2096 3206 2282 3270; x_wconf 78' lang='grc' dir='ltr'>ζοντες</span> <span class='ocrx_word' id='word_1_595' title='bbox 2327 3207 2472 3277; x_wconf 74' lang='grc' dir='ltr'>ἥπερ</span> <span class='ocrx_word' id='word_1_596' title='bbox 2522 3205 2643 3277; x_wconf 85' lang='grc' dir='ltr'>Θεῷ</span> <span class='ocrx_word' id='word_1_597' title='bbox 2690 3208 2785 3260; x_wconf 74' lang='grc' dir='ltr'>καὶ</span> <span class='ocrx_word' id='word_1_598' title='bbox 2828 3206 3079 3279; x_wconf 80' lang='grc' dir='ltr'>ἀληθείᾳ.</span> <span class='ocrx_word' id='word_1_599' title='bbox 3132 3208 3244 3260; x_wconf 77' lang='grc' dir='ltr'><strong>Καὶ</strong></span> <span class='ocrx_word' id='word_1_600' title='bbox 3293 3206 3379 3271; x_wconf 83' lang='grc' dir='ltr'><strong>τίς</strong></span> <span class='ocrx_word' id='word_1_601' title='bbox 3433 3206 3700 3278; x_wconf 74' lang='grc' dir='ltr'>ἀληθινὸς</span> 
     </span>
    </p>
   </div>
   <div class='ocr_carea' id='block_1_78' title="bbox 2097 3302 3701 3375">
    <p class='ocr_par' dir='ltr' id='par_1_78' title="bbox 2097 3302 3701 3375">
     <span class='ocr_line' id='line_1_78' title="bbox 2097 3302 3701 3375; baseline -0.001 -20"><span class='ocrx_word' id='word_1_602' title='bbox 2097 3303 2306 3375; x_wconf 78' lang='grc' dir='ltr'>ἔτερος,</span> <span class='ocrx_word' id='word_1_603' title='bbox 2331 3303 2406 3366; x_wconf 85' lang='grc' dir='ltr'><strong>ὼς</strong></span> <span class='ocrx_word' id='word_1_604' title='bbox 2432 3304 2460 3356; x_wconf 89' lang='lat'><strong>6</strong></span> <span class='ocrx_word' id='word_1_605' title='bbox 2486 3303 2613 3366; x_wconf 80' lang='grc' dir='ltr'>Υἱὸς</span> <span class='ocrx_word' id='word_1_606' title='bbox 2644 3302 2738 3355; x_wconf 80' lang='grc' dir='ltr'><strong>τοῦ</strong></span> <span class='ocrx_word' id='word_1_607' title='bbox 2780 3302 2913 3356; x_wconf 82' lang='grc' dir='ltr'>Θεοῦ</span> <span class='ocrx_word' id='word_1_608' title='bbox 2939 3322 2954 3371; x_wconf 90' lang='lat'><strong>;</strong></span> <span class='ocrx_word' id='word_1_609' title='bbox 2997 3304 3091 3370; x_wconf 85' lang='grc' dir='ltr'><strong>Τίς</strong></span> <span class='ocrx_word' id='word_1_610' title='bbox 3114 3303 3225 3373; x_wconf 81' lang='grc' dir='ltr'>γὰρ</span> <span class='ocrx_word' id='word_1_611' title='bbox 3253 3302 3701 3371; x_wconf 75' lang='grc' dir='ltr'>ἐξισωθήσετια</span> 
     </span>
    </p>
   </div>
   <div class='ocr_carea' id='block_1_79' title="bbox 2097 3396 3699 3468">
    <p class='ocr_par' dir='ltr' id='par_1_79' title="bbox 2097 3396 3699 3468">
     <span class='ocr_line' id='line_1_79' title="bbox 2097 3396 3699 3468; baseline -0.001 -18"><span class='ocrx_word' id='word_1_612' title='bbox 2097 3396 2176 3462; x_wconf 84' lang='grc' dir='ltr'>τῷ</span> <span class='ocrx_word' id='word_1_613' title='bbox 2227 3397 2425 3465; x_wconf 82' lang='grc' dir='ltr'>Κυρίῳ</span> <span class='ocrx_word' id='word_1_614' title='bbox 2470 3397 2541 3450; x_wconf 81' lang='grc' dir='ltr'>ἐν</span> <span class='ocrx_word' id='word_1_615' title='bbox 2591 3396 2742 3462; x_wconf 80' lang='grc' dir='ltr'>υἱοῖς</span> <span class='ocrx_word' id='word_1_616' title='bbox 2775 3397 2956 3462; x_wconf 84' lang='grc' dir='ltr'><strong>Θεοῦ;</strong></span> <span class='ocrx_word' id='word_1_617' title='bbox 3003 3397 3168 3467; x_wconf 68' lang='grc' dir='ltr'>φησιν</span> <span class='ocrx_word' id='word_1_618' title='bbox 3205 3400 3238 3468; x_wconf 84' lang='grc' dir='ltr'>ή</span> <span class='ocrx_word' id='word_1_619' title='bbox 3289 3398 3523 3467; x_wconf 75' lang='grc' dir='ltr'>Γραφήο</span> <span class='ocrx_word' id='word_1_620' title='bbox 3562 3397 3699 3461; x_wconf 80' lang='grc' dir='ltr'>καὶ,</span> 
     </span>
    </p>
   </div>
   <div class='ocr_carea' id='block_1_80' title="bbox 2098 3490 3702 3562">
    <p class='ocr_par' dir='ltr' id='par_1_80' title="bbox 2098 3490 3702 3562">
     <span class='ocr_line' id='line_1_80' title="bbox 2098 3490 3702 3562; baseline -0.002 -18"><span class='ocrx_word' id='word_1_621' title='bbox 2098 3490 2345 3557; x_wconf 82' lang='grc' dir='ltr'>Ἕτερος</span> <span class='ocrx_word' id='word_1_622' title='bbox 2401 3490 2552 3559; x_wconf 80' lang='grc' dir='ltr'>πρὸς</span> <span class='ocrx_word' id='word_1_623' title='bbox 2608 3490 2797 3546; x_wconf 73' lang='grc' dir='ltr'>αὐτὸν</span> <span class='ocrx_word' id='word_1_624' title='bbox 2827 3492 2900 3545; x_wconf 83' lang='grc' dir='ltr'><strong>οὐ</strong></span> <span class='ocrx_word' id='word_1_625' title='bbox 2952 3490 3405 3562; x_wconf 75' lang='grc' dir='ltr'>λογισθήσεται.</span> <span class='ocrx_word' id='word_1_626' title='bbox 3466 3491 3583 3544; x_wconf 79' lang='grc' dir='ltr'>Καὶ</span> <span class='ocrx_word' id='word_1_627' title='bbox 3644 3490 3702 3543; x_wconf 81' lang='grc' dir='ltr'><strong>τι</strong></span> 
     </span>
    </p>
   </div>
   <div class='ocr_carea' id='block_1_81' title="bbox 2098 3580 3701 3653">
    <p class='ocr_par' dir='ltr' id='par_1_81' title="bbox 2098 3580 3701 3653">
     <span class='ocr_line' id='line_1_81' title="bbox 2098 3580 3701 3653; baseline 0.002 -21"><span class='ocrx_word' id='word_1_628' title='bbox 2098 3597 2263 3650; x_wconf 80' lang='grc' dir='ltr'>φησιν</span> <span class='ocrx_word' id='word_1_629' title='bbox 2289 3597 2303 3647; x_wconf 89' lang='grc'>;</span> <span class='ocrx_word' id='word_1_630' title='bbox 2334 3582 2453 3635; x_wconf 84' lang='grc' dir='ltr'>Ἵνα</span> <span class='ocrx_word' id='word_1_631' title='bbox 2492 3580 2629 3653; x_wconf 78' lang='grc' dir='ltr'>ἴδῃς,</span> <span class='ocrx_word' id='word_1_632' title='bbox 2661 3582 2745 3634; x_wconf 86' lang='grc' dir='ltr'>ὅτι</span> <span class='ocrx_word' id='word_1_633' title='bbox 2779 3580 3030 3653; x_wconf 76' lang='grc' dir='ltr'>περὶτοῦ</span> <span class='ocrx_word' id='word_1_634' title='bbox 3073 3581 3204 3635; x_wconf 81' lang='grc' dir='ltr'><strong>Υἱοῦ</strong></span> <span class='ocrx_word' id='word_1_635' title='bbox 3245 3581 3419 3649; x_wconf 85' lang='grc' dir='ltr'>λέγει,</span> <span class='ocrx_word' id='word_1_636' title='bbox 3452 3580 3701 3651; x_wconf 79' lang='grc' dir='ltr'>καθεξῆς</span> 
     </span>
    </p>
   </div>
   <div class='ocr_carea' id='block_1_82' title="bbox 2094 3672 3701 3745">
    <p class='ocr_par' dir='ltr' id='par_1_82' title="bbox 2094 3672 3701 3745">
     <span class='ocr_line' id='line_1_82' title="bbox 2094 3672 3701 3745; baseline 0.001 -18"><span class='ocrx_word' id='word_1_637' title='bbox 2094 3672 2451 3745; x_wconf 77' lang='grc' dir='ltr'>διηγούμενός</span> <span class='ocrx_word' id='word_1_638' title='bbox 2485 3692 2651 3745; x_wconf 81' lang='grc' dir='ltr'>φησιν</span> <span class='ocrx_word' id='word_1_639' title='bbox 2672 3693 2684 3706; x_wconf 92' lang='grc'><strong>·</strong></span> <span class='ocrx_word' id='word_1_640' title='bbox 2727 3674 2968 3743; x_wconf 77' lang='grc' dir='ltr'>Ἐξεῦρε</span> <span class='ocrx_word' id='word_1_641' title='bbox 3012 3673 3221 3729; x_wconf 81' lang='grc' dir='ltr'>πᾶσαν</span> <span class='ocrx_word' id='word_1_642' title='bbox 3255 3674 3404 3729; x_wconf 70' lang='grc' dir='ltr'><strong>ὁδὸν</strong></span> <span class='ocrx_word' id='word_1_643' title='bbox 3440 3675 3701 3741; x_wconf 61' lang='lat' dir='ltr'><strong>externi-</strong></span> 
     </span>
    </p>
   </div>
   <div class='ocr_carea' id='block_1_83' title="bbox 2091 3765 3701 3837">
    <p class='ocr_par' dir='ltr' id='par_1_83' title="bbox 2091 3765 3701 3837">
     <span class='ocr_line' id='line_1_83' title="bbox 2091 3765 3701 3837; baseline 0.001 -18"><span class='ocrx_word' id='word_1_644' title='bbox 2091 3784 2244 3836; x_wconf 83' lang='grc' dir='ltr'>μης,</span> <span class='ocrx_word' id='word_1_645' title='bbox 2294 3767 2394 3820; x_wconf 77' lang='grc' dir='ltr'>καὶ</span> <span class='ocrx_word' id='word_1_646' title='bbox 2439 3766 2669 3821; x_wconf 71' lang='grc' dir='ltr'>ἔδωκεν</span> <span class='ocrx_word' id='word_1_647' title='bbox 2712 3765 2938 3835; x_wconf 80' lang='grc' dir='ltr'><strong>αὐτήν·</strong></span> <span class='ocrx_word' id='word_1_648' title='bbox 2985 3767 3081 3820; x_wconf 74' lang='grc' dir='ltr'><strong>καὶ</strong></span> <span class='ocrx_word' id='word_1_649' title='bbox 3128 3767 3264 3837; x_wconf 78' lang='grc' dir='ltr'>μετὰ</span> <span class='ocrx_word' id='word_1_650' title='bbox 3307 3765 3519 3819; x_wconf 78' lang='grc' dir='ltr'>ταῦτα·</span> <span class='ocrx_word' id='word_1_651' title='bbox 3571 3768 3701 3820; x_wconf 66' lang='grc' dir='ltr'><strong>Ἐπὶ</strong></span> 
     </span>
    </p>
   </div>
   <div class='ocr_carea' id='block_1_84' title="bbox 2097 3858 3696 3929">
    <p class='ocr_par' dir='ltr' id='par_1_84' title="bbox 2097 3858 3696 3929">
     <span class='ocr_line' id='line_1_84' title="bbox 2097 3858 3696 3929; baseline -0.001 -16"><span class='ocrx_word' id='word_1_652' title='bbox 2097 3858 2211 3928; x_wconf 74' lang='grc' dir='ltr'>γῆς</span> <span class='ocrx_word' id='word_1_653' title='bbox 2260 3859 2450 3929; x_wconf 72' lang='grc' dir='ltr'>ὤφθη,</span> <span class='ocrx_word' id='word_1_654' title='bbox 2490 3859 2589 3913; x_wconf 71' lang='grc' dir='ltr'>καὶ</span> <span class='ocrx_word' id='word_1_655' title='bbox 2645 3858 2770 3927; x_wconf 83' lang='grc' dir='ltr'>τοῖς</span> <span class='ocrx_word' id='word_1_656' title='bbox 2815 3859 3149 3928; x_wconf 80' lang='grc' dir='ltr'>ἀνθρώποις</span> <span class='ocrx_word' id='word_1_657' title='bbox 3189 3859 3696 3929; x_wconf 65' lang='grc' dir='ltr'>συνανεστρὰέρη.</span> 
     </span>
    </p>
   </div>
   <div class='ocr_carea' id='block_1_85' title="bbox 2096 3947 3703 4023">
    <p class='ocr_par' dir='ltr' id='par_1_85' title="bbox 2096 3947 3703 4023">
     <span class='ocr_line' id='line_1_85' title="bbox 2096 3947 3703 4023; baseline 0.001 -20"><span class='ocrx_word' id='word_1_658' title='bbox 2096 3951 2221 4015; x_wconf 89' lang='grc' dir='ltr'><strong>Πῶς</strong></span> <span class='ocrx_word' id='word_1_659' title='bbox 2247 3947 2341 4006; x_wconf 79' lang='grc' dir='ltr'><strong>οὖν</strong></span> <span class='ocrx_word' id='word_1_660' title='bbox 2370 3952 2470 4004; x_wconf 84' lang='grc' dir='ltr'>οὐκ</span> <span class='ocrx_word' id='word_1_661' title='bbox 2511 3950 2783 4022; x_wconf 81' lang='grc' dir='ltr'>ἀληθινῶς</span> <span class='ocrx_word' id='word_1_662' title='bbox 2815 3952 2953 4022; x_wconf 77' lang='grc' dir='ltr'>πρὸς</span> <span class='ocrx_word' id='word_1_663' title='bbox 2974 3951 3135 4004; x_wconf 79' lang='grc' dir='ltr'>αὑτὸν</span> <span class='ocrx_word' id='word_1_664' title='bbox 3167 3950 3341 4006; x_wconf 82' lang='grc' dir='ltr'>ταῦτα</span> <span class='ocrx_word' id='word_1_665' title='bbox 3385 3951 3644 4023; x_wconf 63' lang='lat' dir='ltr'><strong>simus;</strong></span> <span class='ocrx_word' id='word_1_666' title='bbox 3672 3954 3703 4004; x_wconf 82' lang='lat'><strong>6</strong></span> 
     </span>
    </p>
   </div>
   <div class='ocr_carea' id='block_1_86' title="bbox 2098 4044 3127 4115">
    <p class='ocr_par' dir='ltr' id='par_1_86' title="bbox 2098 4044 3127 4115">
     <span class='ocr_line' id='line_1_86' title="bbox 2098 4044 3127 4115; baseline 0.003 -17"><span class='ocrx_word' id='word_1_667' title='bbox 2098 4047 2192 4099; x_wconf 72' lang='grc' dir='ltr'><strong>καὶ</strong></span> <span class='ocrx_word' id='word_1_668' title='bbox 2221 4046 2422 4115; x_wconf 75' lang='grc' dir='ltr'>λέγων’</span> <span class='ocrx_word' id='word_1_669' title='bbox 2466 4044 2615 4115; x_wconf 76' lang='grc' dir='ltr'><strong>Ἐγώ</strong></span> <span class='ocrx_word' id='word_1_670' title='bbox 2638 4048 2755 4115; x_wconf 82' lang='grc' dir='ltr'>εὶμι</span> <span class='ocrx_word' id='word_1_671' title='bbox 2787 4047 2825 4114; x_wconf 82' lang='grc' dir='ltr'>ἡ</span> <span class='ocrx_word' id='word_1_672' title='bbox 2854 4045 3127 4112; x_wconf 69' lang='grc' dir='ltr'>ἀλήθεια.</span> 
     </span>
    </p>
   </div>
   <div class='ocr_carea' id='block_1_87' title="bbox 2169 4307 3701 4390">
    <p class='ocr_par' dir='ltr' id='par_1_87' title="bbox 2169 4307 3701 4390">
     <span class='ocr_line' id='line_1_87' title="bbox 2169 4307 3701 4390; baseline -0.003 -22"><span class='ocrx_word' id='word_1_673' title='bbox 2169 4315 2291 4370; x_wconf 88' lang='lat' dir='ltr'><strong>AB’.</strong></span> <span class='ocrx_word' id='word_1_674' title='bbox 2338 4315 2476 4369; x_wconf 76' lang='grc' dir='ltr'>Ἀλλ’</span> <span class='ocrx_word' id='word_1_675' title='bbox 2508 4316 2653 4387; x_wconf 81' lang='grc' dir='ltr'><strong>ὲρεῖς</strong></span> <span class='ocrx_word' id='word_1_676' title='bbox 2683 4325 2803 4385; x_wconf 87' lang='grc' dir='ltr'>μοι·</span> <span class='ocrx_word' id='word_1_677' title='bbox 2842 4313 2967 4376; x_wconf 85' lang='grc' dir='ltr'>Πῶς</span> <span class='ocrx_word' id='word_1_678' title='bbox 2991 4307 3143 4365; x_wconf 79' lang='grc' dir='ltr'>εἶπεν</span> <span class='ocrx_word' id='word_1_679' title='bbox 3168 4308 3277 4382; x_wconf 68' lang='lat'><strong>(96)</strong></span> <span class='ocrx_word' id='word_1_680' title='bbox 3309 4312 3338 4363; x_wconf 93' lang='lat'><strong>6</strong></span> <span class='ocrx_word' id='word_1_681' title='bbox 3375 4309 3701 4390; x_wconf 71' lang='grc' dir='ltr'>Μονογενὴς</span> 
     </span>
    </p>
   </div>
   <div class='ocr_carea' id='block_1_88' title="bbox 2098 4403 3699 4479">
    <p class='ocr_par' dir='ltr' id='par_1_88' title="bbox 2098 4403 3699 4479">
     <span class='ocr_line' id='line_1_88' title="bbox 2098 4403 3699 4479; baseline -0.004 -17"><span class='ocrx_word' id='word_1_682' title='bbox 2098 4408 2353 4479; x_wconf 80' lang='grc' dir='ltr'>ἀληθινὸς</span> <span class='ocrx_word' id='word_1_683' title='bbox 2409 4407 2577 4470; x_wconf 73' lang='grc' dir='ltr'>Θεόςο</span> <span class='ocrx_word' id='word_1_684' title='bbox 2628 4407 2767 4461; x_wconf 77' lang='grc' dir='ltr'>Ἵνα</span> <span class='ocrx_word' id='word_1_685' title='bbox 2820 4404 3163 4476; x_wconf 75' lang='grc' dir='ltr'>γινώσκωσί</span> <span class='ocrx_word' id='word_1_686' title='bbox 3209 4418 3284 4459; x_wconf 85' lang='grc' dir='ltr'><strong>σε</strong></span> <span class='ocrx_word' id='word_1_687' title='bbox 3342 4403 3451 4456; x_wconf 75' lang='grc' dir='ltr'>τὸν</span> <span class='ocrx_word' id='word_1_688' title='bbox 3495 4405 3699 4472; x_wconf 70' lang='grc' dir='ltr'>μόνον</span> 
     </span>
    </p>
   </div>
   <div class='ocr_carea' id='block_1_89' title="bbox 2097 4494 3699 4569">
    <p class='ocr_par' dir='ltr' id='par_1_89' title="bbox 2097 4494 3699 4569">
     <span class='ocr_line' id='line_1_89' title="bbox 2097 4494 3699 4569; baseline -0.005 -15"><span class='ocrx_word' id='word_1_689' title='bbox 2097 4498 2390 4567; x_wconf 76' lang='grc' dir='ltr'>ἀληθινὸν</span> <span class='ocrx_word' id='word_1_690' title='bbox 2434 4499 2619 4563; x_wconf 80' lang='grc' dir='ltr'>Θεόν;</span> <span class='ocrx_word' id='word_1_691' title='bbox 2664 4499 2781 4551; x_wconf 81' lang='grc' dir='ltr'>Ἵνα</span> <span class='ocrx_word' id='word_1_692' title='bbox 2835 4496 2910 4569; x_wconf 83' lang='grc' dir='ltr'>μὴ</span> <span class='ocrx_word' id='word_1_693' title='bbox 2958 4496 3215 4550; x_wconf 85' lang='grc' dir='ltr'>πολυθεῖα</span> <span class='ocrx_word' id='word_1_694' title='bbox 3262 4494 3576 4566; x_wconf 77' lang='grc' dir='ltr'>νομισθείη,</span> <span class='ocrx_word' id='word_1_695' title='bbox 3611 4496 3699 4547; x_wconf 79' lang='grc' dir='ltr'>ἵνα</span> 
     </span>
    </p>
   </div>
   <div class='ocr_carea' id='block_1_90' title="bbox 397 4585 1987 4687">
    <p class='ocr_par' dir='ltr' id='par_1_90' title="bbox 397 4585 1987 4657">
     <span class='ocr_line' id='line_1_90' title="bbox 397 4585 1987 4657; baseline 0.009 -17"><span class='ocrx_word' id='word_1_696' title='bbox 397 4585 663 4657; x_wconf 76' lang='lat' dir='ltr'><strong>gnitionis</strong></span> <span class='ocrx_word' id='word_1_697' title='bbox 694 4587 993 4643; x_wconf 84' lang='lat' dir='ltr'><strong>divortium</strong></span> <span class='ocrx_word' id='word_1_698' title='bbox 1018 4590 1190 4645; x_wconf 91' lang='lat' dir='ltr'><strong>ullum</strong></span> <span class='ocrx_word' id='word_1_699' title='bbox 1209 4590 1382 4647; x_wconf 84' lang='lat' dir='ltr'><strong>ﬂeret.</strong></span> <span class='ocrx_word' id='word_1_700' title='bbox 1408 4591 1545 4647; x_wconf 86' lang='lat' dir='ltr'><strong>Nam</strong></span> <span class='ocrx_word' id='word_1_701' title='bbox 1578 4595 1624 4648; x_wconf 93' lang='lat' dir='ltr'><strong>si</strong></span> <span class='ocrx_word' id='word_1_702' title='bbox 1657 4594 1818 4651; x_wconf 77' lang='lat' dir='ltr'><strong>Pater</strong></span> <span class='ocrx_word' id='word_1_703' title='bbox 1838 4599 1987 4654; x_wconf 89' lang='lat' dir='ltr'><strong>solus</strong></span> 
     </span>
    </p>
   </div>
   <div class='ocr_carea' id='block_1_91' title="bbox 2169 4585 3699 4687">
    <p class='ocr_par' dir='ltr' id='par_1_91' title="bbox 2169 4585 3699 4663">
     <span class='ocr_line' id='line_1_91' title="bbox 2169 4585 3699 4663; baseline -0.004 -20"><span class='ocrx_word' id='word_1_704' title='bbox 2169 4611 2176 4663; x_wconf 80' lang='grc' dir='ltr'>ι</span> <span class='ocrx_word' id='word_1_705' title='bbox 2205 4590 2471 4661; x_wconf 81' lang='grc' dir='ltr'>διαίρεσις</span> <span class='ocrx_word' id='word_1_706' title='bbox 2508 4590 2738 4660; x_wconf 87' lang='grc' dir='ltr'>γένηται</span> <span class='ocrx_word' id='word_1_707' title='bbox 2759 4588 2860 4658; x_wconf 80' lang='grc' dir='ltr'>τῆς</span> <span class='ocrx_word' id='word_1_708' title='bbox 2896 4587 3137 4657; x_wconf 77' lang='grc' dir='ltr'>ζωτικῆς</span> <span class='ocrx_word' id='word_1_709' title='bbox 3164 4585 3440 4655; x_wconf 75' lang='grc' dir='ltr'>γνώσεως.</span> <span class='ocrx_word' id='word_1_710' title='bbox 3479 4588 3548 4638; x_wconf 73' lang='lat' dir='ltr'><strong>Ei</strong></span> <span class='ocrx_word' id='word_1_711' title='bbox 3585 4586 3699 4655; x_wconf 72' lang='grc' dir='ltr'>γὰρ</span> 
     </span>
    </p>
   </div>
   <div class='ocr_carea' id='block_1_92' title="bbox 396 4678 1987 4754">
    <p class='ocr_par' dir='ltr' id='par_1_92' title="bbox 396 4679 1987 4753">
     <span class='ocr_line' id='line_1_92' title="bbox 396 4679 1987 4753; baseline 0.008 -18"><span class='ocrx_word' id='word_1_712' title='bbox 396 4696 562 4739; x_wconf 79' lang='lat' dir='ltr'><strong>verus</strong></span> <span class='ocrx_word' id='word_1_713' title='bbox 599 4679 743 4737; x_wconf 91' lang='lat' dir='ltr'><strong>Deus</strong></span> <span class='ocrx_word' id='word_1_714' title='bbox 771 4690 876 4747; x_wconf 87' lang='lat' dir='ltr'><strong>est,</strong></span> <span class='ocrx_word' id='word_1_715' title='bbox 916 4699 1082 4739; x_wconf 90' lang='lat' dir='ltr'><strong>verus</strong></span> <span class='ocrx_word' id='word_1_716' title='bbox 1112 4694 1197 4740; x_wconf 90' lang='lat' dir='ltr'><strong>est</strong></span> <span class='ocrx_word' id='word_1_717' title='bbox 1219 4686 1385 4739; x_wconf 89' lang='lat' dir='ltr'><strong>etiam</strong></span> <span class='ocrx_word' id='word_1_718' title='bbox 1409 4703 1477 4741; x_wconf 83' lang='lat' dir='ltr'><strong>ex</strong></span> <span class='ocrx_word' id='word_1_719' title='bbox 1501 4686 1661 4744; x_wconf 86' lang='lat' dir='ltr'><strong>Patre</strong></span> <span class='ocrx_word' id='word_1_720' title='bbox 1698 4687 1890 4753; x_wconf 89' lang='lat' dir='ltr'><strong>Filius,</strong></span> <span class='ocrx_word' id='word_1_721' title='bbox 1921 4692 1987 4748; x_wconf 90' lang='lat' dir='ltr'><strong>ab</strong></span> 
     </span>
    </p>
   </div>
   <div class='ocr_carea' id='block_1_93' title="bbox 2169 4678 3697 4754">
    <p class='ocr_par' dir='ltr' id='par_1_93' title="bbox 2172 4678 3697 4753">
     <span class='ocr_line' id='line_1_93' title="bbox 2172 4678 3697 4753; baseline -0.002 -18"><span class='ocrx_word' id='word_1_722' title='bbox 2172 4700 2259 4747; x_wconf 88' lang='grc' dir='ltr'><strong>νος</strong></span> <span class='ocrx_word' id='word_1_723' title='bbox 2293 4680 2542 4753; x_wconf 81' lang='grc' dir='ltr'>ἀληθινὸς</span> <span class='ocrx_word' id='word_1_724' title='bbox 2575 4680 2708 4745; x_wconf 82' lang='grc' dir='ltr'>Θεὸς</span> <span class='ocrx_word' id='word_1_725' title='bbox 2743 4683 2772 4734; x_wconf 92' lang='lat'><strong>6</strong></span> <span class='ocrx_word' id='word_1_726' title='bbox 2822 4680 3034 4752; x_wconf 82' lang='grc' dir='ltr'>Πατὴρ,</span> <span class='ocrx_word' id='word_1_727' title='bbox 3087 4678 3343 4750; x_wconf 74' lang='grc' dir='ltr'>ἀληθινὸς</span> <span class='ocrx_word' id='word_1_728' title='bbox 3383 4680 3411 4730; x_wconf 92' lang='lat'><strong>6</strong></span> <span class='ocrx_word' id='word_1_729' title='bbox 3450 4678 3591 4742; x_wconf 70' lang='grc' dir='ltr'><strong>Υἱὸς</strong></span> <span class='ocrx_word' id='word_1_730' title='bbox 3633 4681 3697 4732; x_wconf 74' lang='grc' dir='ltr'>ἐκ</span> 
     </span>
    </p>
   </div>
   <div class='ocr_carea' id='block_1_94' title="bbox 395 4772 1993 4845">
    <p class='ocr_par' dir='ltr' id='par_1_94' title="bbox 395 4772 1993 4845">
     <span class='ocr_line' id='line_1_94' title="bbox 395 4772 1993 4845; baseline 0.005 -16"><span class='ocrx_word' id='word_1_731' title='bbox 395 4772 588 4829; x_wconf 88' lang='lat' dir='ltr'><strong>eodem</strong></span> <span class='ocrx_word' id='word_1_732' title='bbox 618 4789 807 4830; x_wconf 88' lang='lat' dir='ltr'><strong>revera</strong></span> <span class='ocrx_word' id='word_1_733' title='bbox 843 4776 1083 4845; x_wconf 81' lang='lat' dir='ltr'><strong>genitus.</strong></span> <span class='ocrx_word' id='word_1_734' title='bbox 1109 4776 1247 4831; x_wconf 89' lang='lat' dir='ltr'><strong>Cum</strong></span> <span class='ocrx_word' id='word_1_735' title='bbox 1266 4778 1410 4831; x_wconf 85' lang='lat' dir='ltr'><strong>enim</strong></span> <span class='ocrx_word' id='word_1_736' title='bbox 1443 4777 1593 4832; x_wconf 86' lang='lat' dir='ltr'><strong>Patri</strong></span> <span class='ocrx_word' id='word_1_737' title='bbox 1627 4780 1819 4845; x_wconf 81' lang='lat' dir='ltr'><strong>defert,</strong></span> <span class='ocrx_word' id='word_1_738' title='bbox 1838 4799 1993 4837; x_wconf 84' lang='lat' dir='ltr'><strong>eum-</strong></span> 
     </span>
    </p>
   </div>
   <div class='ocr_carea' id='block_1_95' title="bbox 395 4864 1991 4941">
    <p class='ocr_par' dir='ltr' id='par_1_95' title="bbox 395 4864 1991 4941">
     <span class='ocr_line' id='line_1_95' title="bbox 395 4864 1991 4941; baseline 0.003 -20"><span class='ocrx_word' id='word_1_739' title='bbox 395 4882 504 4937; x_wconf 88' lang='lat' dir='ltr'><strong>que</strong></span> <span class='ocrx_word' id='word_1_740' title='bbox 553 4866 731 4921; x_wconf 87' lang='lat' dir='ltr'><strong>solum</strong></span> <span class='ocrx_word' id='word_1_741' title='bbox 789 4881 979 4922; x_wconf 88' lang='lat' dir='ltr'><strong>verum</strong></span> <span class='ocrx_word' id='word_1_742' title='bbox 1025 4864 1198 4922; x_wconf 91' lang='lat' dir='ltr'><strong>Deum</strong></span> <span class='ocrx_word' id='word_1_743' title='bbox 1243 4883 1368 4923; x_wconf 86' lang='lat' dir='ltr'><strong>esse</strong></span> <span class='ocrx_word' id='word_1_744' title='bbox 1415 4867 1694 4935; x_wconf 87' lang='lat' dir='ltr'><strong>declarat,</strong></span> <span class='ocrx_word' id='word_1_745' title='bbox 1748 4872 1991 4941; x_wconf 84' lang='lat' dir='ltr'><strong>seipsum</strong></span> 
     </span>
    </p>
   </div>
   <div class='ocr_carea' id='block_1_96' title="bbox 394 4958 1989 5029">
    <p class='ocr_par' dir='ltr' id='par_1_96' title="bbox 394 4958 1989 5029">
     <span class='ocr_line' id='line_1_96' title="bbox 394 4958 1989 5029; baseline 0.003 -18"><span class='ocrx_word' id='word_1_746' title='bbox 394 4973 614 5029; x_wconf 88' lang='lat' dir='ltr'><strong>quoque</strong></span> <span class='ocrx_word' id='word_1_747' title='bbox 664 4974 852 5013; x_wconf 89' lang='lat' dir='ltr'><strong>verum</strong></span> <span class='ocrx_word' id='word_1_748' title='bbox 885 4974 915 5012; x_wconf 88' lang='lat' dir='ltr'><strong>a</strong></span> <span class='ocrx_word' id='word_1_749' title='bbox 961 4958 1122 5014; x_wconf 85' lang='lat' dir='ltr'><strong>Patre</strong></span> <span class='ocrx_word' id='word_1_750' title='bbox 1185 4959 1426 5029; x_wconf 76' lang='lat' dir='ltr'><strong>genitum</strong></span> <span class='ocrx_word' id='word_1_751' title='bbox 1471 4975 1595 5016; x_wconf 90' lang='lat' dir='ltr'><strong>esse</strong></span> <span class='ocrx_word' id='word_1_752' title='bbox 1641 4963 1989 5016; x_wconf 90' lang='lat' dir='ltr'><strong>monstravit.</strong></span> 
     </span>
    </p>
   </div>
   <div class='ocr_carea' id='block_1_97' title="bbox 394 5049 1985 5123">
    <p class='ocr_par' dir='ltr' id='par_1_97' title="bbox 394 5049 1985 5123">
     <span class='ocr_line' id='line_1_97' title="bbox 394 5049 1985 5123; baseline 0.004 -19"><span class='ocrx_word' id='word_1_753' title='bbox 394 5049 667 5117; x_wconf 91' lang='lat' dir='ltr'><strong>Quocirca</strong></span> <span class='ocrx_word' id='word_1_754' title='bbox 707 5066 872 5107; x_wconf 89' lang='lat' dir='ltr'><strong>verus</strong></span> <span class='ocrx_word' id='word_1_755' title='bbox 906 5049 1067 5105; x_wconf 83' lang='lat' dir='ltr'><strong>Pater</strong></span> <span class='ocrx_word' id='word_1_756' title='bbox 1096 5051 1260 5123; x_wconf 78' lang='lat'><strong>756</strong></span> <span class='ocrx_word' id='word_1_757' title='bbox 1300 5052 1443 5108; x_wconf 92' lang='lat' dir='ltr'><strong>Deus</strong></span> <span class='ocrx_word' id='word_1_758' title='bbox 1483 5060 1587 5117; x_wconf 87' lang='lat' dir='ltr'><strong>est,</strong></span> <span class='ocrx_word' id='word_1_759' title='bbox 1628 5070 1789 5109; x_wconf 86' lang='lat' dir='ltr'><strong>verus</strong></span> <span class='ocrx_word' id='word_1_760' title='bbox 1820 5054 1985 5120; x_wconf 89' lang='lat' dir='ltr'><strong>Deus,</strong></span> 
     </span>
    </p>
   </div>
   <div class='ocr_carea' id='block_1_98' title="bbox 393 5141 1989 5217">
    <p class='ocr_par' dir='ltr' id='par_1_98' title="bbox 393 5141 1989 5217">
     <span class='ocr_line' id='line_1_98' title="bbox 393 5141 1989 5217; baseline 0.002 -19"><span class='ocrx_word' id='word_1_761' title='bbox 393 5150 448 5198; x_wconf 87' lang='lat' dir='ltr'><strong>et</strong></span> <span class='ocrx_word' id='word_1_762' title='bbox 479 5142 797 5212; x_wconf 79' lang='lat' dir='ltr'><strong>unigenitus</strong></span> <span class='ocrx_word' id='word_1_763' title='bbox 828 5141 1022 5199; x_wconf 88' lang='lat' dir='ltr'><strong>Filius.</strong></span> <span class='ocrx_word' id='word_1_764' title='bbox 1045 5142 1151 5199; x_wconf 83' lang='lat' dir='ltr'><strong>Sed</strong></span> <span class='ocrx_word' id='word_1_765' title='bbox 1172 5144 1447 5207; x_wconf 84' lang='lat' dir='ltr'><strong>undenam</strong></span> <span class='ocrx_word' id='word_1_766' title='bbox 1468 5146 1817 5217; x_wconf 90' lang='lat' dir='ltr'><strong>comprobari</strong></span> <span class='ocrx_word' id='word_1_767' title='bbox 1839 5146 1989 5202; x_wconf 91' lang='lat' dir='ltr'><strong>istud</strong></span> 
     </span>
    </p>
   </div>
   <div class='ocr_carea' id='block_1_99' title="bbox 396 5232 1985 5307">
    <p class='ocr_par' dir='ltr' id='par_1_99' title="bbox 396 5232 1985 5307">
     <span class='ocr_line' id='line_1_99' title="bbox 396 5232 1985 5307; baseline 0.005 -21"><span class='ocrx_word' id='word_1_768' title='bbox 396 5234 614 5301; x_wconf 85' lang='lat' dir='ltr'><strong>potest?</strong></span> <span class='ocrx_word' id='word_1_769' title='bbox 636 5232 693 5287; x_wconf 93' lang='lat' dir='ltr'><strong>Si</strong></span> <span class='ocrx_word' id='word_1_770' title='bbox 718 5234 979 5289; x_wconf 88' lang='lat' dir='ltr'><strong>nimirum</strong></span> <span class='ocrx_word' id='word_1_771' title='bbox 1012 5250 1178 5290; x_wconf 92' lang='lat' dir='ltr'><strong>voces</strong></span> <span class='ocrx_word' id='word_1_772' title='bbox 1211 5235 1360 5304; x_wconf 87' lang='lat' dir='ltr'><strong>ipsas</strong></span> <span class='ocrx_word' id='word_1_773' title='bbox 1377 5242 1586 5290; x_wconf 89' lang='lat' dir='ltr'><strong>attente</strong></span> <span class='ocrx_word' id='word_1_774' title='bbox 1616 5239 1985 5307; x_wconf 82' lang='lat' dir='ltr'><strong>perspexeris.</strong></span> 
     </span>
    </p>
   </div>
   <div class='ocr_carea' id='block_1_100' title="bbox 401 5324 1988 5396">
    <p class='ocr_par' dir='ltr' id='par_1_100' title="bbox 401 5324 1988 5396">
     <span class='ocr_line' id='line_1_100' title="bbox 401 5324 1988 5396; baseline 0.005 -17"><span class='ocrx_word' id='word_1_775' title='bbox 401 5324 680 5396; x_wconf 87' lang='lat' dir='ltr'><strong>Siquidem</strong></span> <span class='ocrx_word' id='word_1_776' title='bbox 711 5327 816 5382; x_wconf 82' lang='lat' dir='ltr'><strong>hoc</strong></span> <span class='ocrx_word' id='word_1_777' title='bbox 840 5327 961 5383; x_wconf 90' lang='lat' dir='ltr'><strong>loco</strong></span> <span class='ocrx_word' id='word_1_778' title='bbox 989 5326 1209 5384; x_wconf 86' lang='lat' dir='ltr'><strong>Patrem</strong></span> <span class='ocrx_word' id='word_1_779' title='bbox 1235 5329 1416 5386; x_wconf 90' lang='lat' dir='ltr'><strong>solum</strong></span> <span class='ocrx_word' id='word_1_780' title='bbox 1446 5344 1631 5385; x_wconf 89' lang='lat' dir='ltr'><strong>verum</strong></span> <span class='ocrx_word' id='word_1_781' title='bbox 1664 5329 1836 5386; x_wconf 89' lang='lat' dir='ltr'><strong>Deum</strong></span> <span class='ocrx_word' id='word_1_782' title='bbox 1865 5347 1988 5387; x_wconf 91' lang='lat' dir='ltr'><strong>esse</strong></span> 
     </span>
    </p>
   </div>
   <div class='ocr_carea' id='block_1_101' title="bbox 472 5508 1585 5585">
    <p class='ocr_par' dir='ltr' id='par_1_101' title="bbox 472 5508 1585 5585">
     <span class='ocr_line' id='line_1_101' title="bbox 472 5508 1585 5585; baseline 0.005 -22"><span class='ocrx_word' id='word_1_783' title='bbox 472 5508 718 5585; x_wconf 63' lang='lat' dir='ltr'><strong>fJerem.</strong></span> <span class='ocrx_word' id='word_1_784' title='bbox 757 5528 839 5585; x_wconf 73' lang='lat' dir='ltr'><strong>tu,</strong></span> <span class='ocrx_word' id='word_1_785' title='bbox 886 5512 990 5585; x_wconf 55' lang='grc' dir='ltr'><strong>25ἒ</strong></span> <span class='ocrx_word' id='word_1_786' title='bbox 1055 5514 1074 5543; x_wconf 87' lang='grc'><strong><em>²</em></strong></span> <span class='ocrx_word' id='word_1_787' title='bbox 1106 5513 1243 5568; x_wconf 86' lang='lat' dir='ltr'><strong>Dan.</strong></span> <span class='ocrx_word' id='word_1_788' title='bbox 1278 5529 1367 5579; x_wconf 87' lang='grc' dir='ltr'>ιιι,</span> <span class='ocrx_word' id='word_1_789' title='bbox 1398 5515 1420 5568; x_wconf 84' lang='lat' dir='ltr'><strong>l</strong></span> <span class='ocrx_word' id='word_1_790' title='bbox 1462 5530 1585 5585; x_wconf 89' lang='lat' dir='ltr'><strong>sqq.</strong></span> 
     </span>
    </p>
   </div>
   <div class='ocr_carea' id='block_1_102' title="bbox 1662 5510 2888 5578">
    <p class='ocr_par' dir='ltr' id='par_1_102' title="bbox 1662 5510 2888 5578">
     <span class='ocr_line' id='line_1_102' title="bbox 1662 5510 2888 5578; baseline -0.004 -10"><span class='ocrx_word' id='word_1_791' title='bbox 1662 5515 1684 5546; x_wconf 87' lang='grc'><strong><em>³</em></strong></span> <span class='ocrx_word' id='word_1_792' title='bbox 1719 5514 1865 5571; x_wconf 83' lang='lat' dir='ltr'><strong>Psal.</strong></span> <span class='ocrx_word' id='word_1_793' title='bbox 1901 5530 2181 5578; x_wconf 75' lang='lat' dir='ltr'><strong>Lxxxvut,</strong></span> <span class='ocrx_word' id='word_1_794' title='bbox 2218 5515 2271 5568; x_wconf 90' lang='lat'><strong>7.</strong></span> <span class='ocrx_word' id='word_1_795' title='bbox 2349 5514 2370 5547; x_wconf 71' lang='lat'><strong>&#39;*</strong></span> <span class='ocrx_word' id='word_1_796' title='bbox 2402 5513 2639 5567; x_wconf 87' lang='lat' dir='ltr'><strong>Baruch.</strong></span> <span class='ocrx_word' id='word_1_797' title='bbox 2678 5527 2771 5577; x_wconf 87' lang='lat' dir='ltr'><strong>ut,</strong></span> <span class='ocrx_word' id='word_1_798' title='bbox 2799 5510 2888 5565; x_wconf 80' lang='lat'><strong>36.</strong></span> 
     </span>
    </p>
   </div>
   <div class='ocr_carea' id='block_1_103' title="bbox 2094 4772 3697 4846">
    <p class='ocr_par' dir='ltr' id='par_1_103' title="bbox 2094 4772 3697 4846">
     <span class='ocr_line' id='line_1_103' title="bbox 2094 4772 3697 4846; baseline -0.002 -17"><span class='ocrx_word' id='word_1_799' title='bbox 2094 4775 2344 4846; x_wconf 83' lang='grc' dir='ltr'>Πατρὸς,</span> <span class='ocrx_word' id='word_1_800' title='bbox 2397 4773 2666 4845; x_wconf 80' lang='grc' dir='ltr'>ἀληθινῶς</span> <span class='ocrx_word' id='word_1_801' title='bbox 2724 4773 3143 4843; x_wconf 87' lang='grc' dir='ltr'>γεγεννημένος.</span> <span class='ocrx_word' id='word_1_802' title='bbox 3192 4772 3381 4843; x_wconf 86' lang='grc' dir='ltr'>Τιμῶν</span> <span class='ocrx_word' id='word_1_803' title='bbox 3436 4773 3555 4844; x_wconf 75' lang='grc' dir='ltr'>γὰρ</span> <span class='ocrx_word' id='word_1_804' title='bbox 3603 4774 3697 4826; x_wconf 76' lang='grc' dir='ltr'><strong>τον</strong></span> 
     </span>
    </p>
   </div>
   <div class='ocr_carea' id='block_1_104' title="bbox 2092 4866 3695 4940">
    <p class='ocr_par' dir='ltr' id='par_1_104' title="bbox 2092 4866 3695 4940">
     <span class='ocr_line' id='line_1_104' title="bbox 2092 4866 3695 4940; baseline -0.002 -17"><span class='ocrx_word' id='word_1_805' title='bbox 2092 4869 2336 4940; x_wconf 81' lang='grc' dir='ltr'>Πατέρα,</span> <span class='ocrx_word' id='word_1_806' title='bbox 2386 4868 2482 4921; x_wconf 66' lang='grc' dir='ltr'><strong>καὶ</strong></span> <span class='ocrx_word' id='word_1_807' title='bbox 2532 4868 2693 4939; x_wconf 83' lang='grc' dir='ltr'>μόνον</span> <span class='ocrx_word' id='word_1_808' title='bbox 2728 4868 2891 4921; x_wconf 77' lang='grc' dir='ltr'>αὑτὸν</span> <span class='ocrx_word' id='word_1_809' title='bbox 2934 4866 3068 4919; x_wconf 80' lang='grc' dir='ltr'>Θεὸν</span> <span class='ocrx_word' id='word_1_810' title='bbox 3115 4866 3365 4936; x_wconf 81' lang='grc' dir='ltr'>ἀληθινὸν</span> <span class='ocrx_word' id='word_1_811' title='bbox 3406 4867 3695 4920; x_wconf 81' lang='grc' dir='ltr'>ἀποκαλύ-</span> 
     </span>
    </p>
   </div>
   <div class='ocr_carea' id='block_1_105' title="bbox 2094 4958 3695 5031">
    <p class='ocr_par' dir='ltr' id='par_1_105' title="bbox 2094 4958 3695 5031">
     <span class='ocr_line' id='line_1_105' title="bbox 2094 4958 3695 5031; baseline -0.002 -16"><span class='ocrx_word' id='word_1_812' title='bbox 2094 4979 2267 5027; x_wconf 89' lang='grc' dir='ltr'>πτων,</span> <span class='ocrx_word' id='word_1_813' title='bbox 2309 4962 2503 5015; x_wconf 80' lang='grc' dir='ltr'>ἑαυτὸν</span> <span class='ocrx_word' id='word_1_814' title='bbox 2538 4960 2738 5025; x_wconf 81' lang='grc' dir='ltr'>ἔδειξεν</span> <span class='ocrx_word' id='word_1_815' title='bbox 2774 4964 2837 5013; x_wconf 78' lang='grc' dir='ltr'><strong>ἐκ</strong></span> <span class='ocrx_word' id='word_1_816' title='bbox 2880 4959 3095 5031; x_wconf 37' lang='grc' dir='ltr'>Πατνρὺς</span> <span class='ocrx_word' id='word_1_817' title='bbox 3132 4958 3385 5030; x_wconf 76' lang='grc' dir='ltr'>ἀληθινὸν</span> <span class='ocrx_word' id='word_1_818' title='bbox 3424 4976 3695 5030; x_wconf 77' lang='grc' dir='ltr'>γεγεννη-</span> 
     </span>
    </p>
   </div>
   <div class='ocr_carea' id='block_1_106' title="bbox 2099 5049 3696 5125">
    <p class='ocr_par' dir='ltr' id='par_1_106' title="bbox 2099 5049 3696 5125">
     <span class='ocr_line' id='line_1_106' title="bbox 2099 5049 3696 5125; baseline -0.001 -20"><span class='ocrx_word' id='word_1_819' title='bbox 2099 5054 2279 5125; x_wconf 86' lang='grc' dir='ltr'>μένον.</span> <span class='ocrx_word' id='word_1_820' title='bbox 2317 5052 2419 5106; x_wconf 83' lang='grc' dir='ltr'><strong>Διὰ</strong></span> <span class='ocrx_word' id='word_1_821' title='bbox 2452 5052 2609 5106; x_wconf 76' lang='grc' dir='ltr'>τοῦτο</span> <span class='ocrx_word' id='word_1_822' title='bbox 2641 5052 2895 5123; x_wconf 80' lang='grc' dir='ltr'>ἀληθινὸς</span> <span class='ocrx_word' id='word_1_823' title='bbox 2936 5051 3147 5121; x_wconf 77' lang='grc' dir='ltr'>Πατὴρ,</span> <span class='ocrx_word' id='word_1_824' title='bbox 3182 5053 3211 5102; x_wconf 93' lang='lat'><strong>6</strong></span> <span class='ocrx_word' id='word_1_825' title='bbox 3248 5049 3507 5119; x_wconf 77' lang='grc' dir='ltr'>ἀληθινὸς</span> <span class='ocrx_word' id='word_1_826' title='bbox 3558 5051 3696 5115; x_wconf 75' lang='grc' dir='ltr'><strong>Θεὸς</strong></span> 
     </span>
    </p>
   </div>
   <div class='ocr_carea' id='block_1_107' title="bbox 2095 5137 3696 5214">
    <p class='ocr_par' dir='ltr' id='par_1_107' title="bbox 2095 5137 3696 5214">
     <span class='ocr_line' id='line_1_107' title="bbox 2095 5137 3696 5214; baseline -0.004 -17"><span class='ocrx_word' id='word_1_827' title='bbox 2095 5146 2124 5197; x_wconf 94' lang='lat'><strong>6</strong></span> <span class='ocrx_word' id='word_1_828' title='bbox 2150 5144 2279 5207; x_wconf 83' lang='grc' dir='ltr'>Υἱὸς</span> <span class='ocrx_word' id='word_1_829' title='bbox 2305 5146 2333 5197; x_wconf 94' lang='lat'><strong>6</strong></span> <span class='ocrx_word' id='word_1_830' title='bbox 2369 5144 2685 5214; x_wconf 82' lang='grc' dir='ltr'>μονογενής.</span> <span class='ocrx_word' id='word_1_831' title='bbox 2718 5143 2831 5195; x_wconf 79' lang='grc' dir='ltr'>Καὶ</span> <span class='ocrx_word' id='word_1_832' title='bbox 2856 5140 3017 5194; x_wconf 86' lang='grc' dir='ltr'>πόθεν</span> <span class='ocrx_word' id='word_1_833' title='bbox 3040 5137 3199 5193; x_wconf 79' lang='grc' dir='ltr'>τοῦτο</span> <span class='ocrx_word' id='word_1_834' title='bbox 3234 5138 3513 5203; x_wconf 86' lang='grc' dir='ltr'>δεικτέον;</span> <span class='ocrx_word' id='word_1_835' title='bbox 3555 5140 3696 5191; x_wconf 79' lang='grc' dir='ltr'>Ἀλλ’</span> 
     </span>
    </p>
   </div>
   <div class='ocr_carea' id='block_1_108' title="bbox 2096 5230 3697 5310">
    <p class='ocr_par' dir='ltr' id='par_1_108' title="bbox 2096 5230 3697 5310">
     <span class='ocr_line' id='line_1_108' title="bbox 2096 5230 3697 5310; baseline -0.006 -19"><span class='ocrx_word' id='word_1_836' title='bbox 2096 5239 2199 5310; x_wconf 83' lang='grc' dir='ltr'><strong>ὅρα</strong></span> <span class='ocrx_word' id='word_1_837' title='bbox 2232 5255 2320 5309; x_wconf 90' lang='grc' dir='ltr'><strong>μοι</strong></span> <span class='ocrx_word' id='word_1_838' title='bbox 2350 5237 2449 5301; x_wconf 84' lang='grc' dir='ltr'>τὰς</span> <span class='ocrx_word' id='word_1_839' title='bbox 2474 5237 2651 5304; x_wconf 80' lang='grc' dir='ltr'>λέξεις</span> <span class='ocrx_word' id='word_1_840' title='bbox 2679 5234 2916 5290; x_wconf 74' lang='grc' dir='ltr'>ἐνταῦθα</span> <span class='ocrx_word' id='word_1_841' title='bbox 2949 5234 3026 5297; x_wconf 83' lang='grc' dir='ltr'>ὡς</span> <span class='ocrx_word' id='word_1_842' title='bbox 3062 5233 3221 5303; x_wconf 80' lang='grc' dir='ltr'>μόνον</span> <span class='ocrx_word' id='word_1_843' title='bbox 3260 5230 3521 5303; x_wconf 83' lang='grc' dir='ltr'>ἀληθινὸν</span> <span class='ocrx_word' id='word_1_844' title='bbox 3558 5232 3697 5285; x_wconf 73' lang='grc' dir='ltr'>Θεὸν</span> 
     </span>
    </p>
   </div>
   <div class='ocr_carea' id='block_1_109' title="bbox 2100 5322 3695 5401">
    <p class='ocr_par' dir='ltr' id='par_1_109' title="bbox 2100 5322 3695 5401">
     <span class='ocr_line' id='line_1_109' title="bbox 2100 5322 3695 5401; baseline -0.006 -17"><span class='ocrx_word' id='word_1_845' title='bbox 2100 5331 2298 5401; x_wconf 81' lang='grc' dir='ltr'>φάσκει</span> <span class='ocrx_word' id='word_1_846' title='bbox 2329 5329 2566 5385; x_wconf 80' lang='grc' dir='ltr'>ἐνταῦθα</span> <span class='ocrx_word' id='word_1_847' title='bbox 2594 5328 2687 5383; x_wconf 81' lang='grc' dir='ltr'><strong>τὸν</strong></span> <span class='ocrx_word' id='word_1_848' title='bbox 2714 5328 2961 5398; x_wconf 87' lang='grc' dir='ltr'>Πατέρα.</span> <span class='ocrx_word' id='word_1_849' title='bbox 3000 5326 3088 5379; x_wconf 88' lang='grc' dir='ltr'>Ἐν</span> <span class='ocrx_word' id='word_1_850' title='bbox 3129 5324 3186 5377; x_wconf 83' lang='grc' dir='ltr'><strong>δὲ</strong></span> <span class='ocrx_word' id='word_1_851' title='bbox 3214 5322 3292 5395; x_wconf 83' lang='grc' dir='ltr'>τῷ</span> <span class='ocrx_word' id='word_1_852' title='bbox 3330 5322 3475 5377; x_wconf 75' lang='grc' dir='ltr'>κατὰ</span> <span class='ocrx_word' id='word_1_853' title='bbox 3510 5325 3695 5377; x_wconf 72' lang='grc' dir='ltr'>Ἰακίν-</span> 
     </span>
    </p>
   </div>
   <div class='ocr_carea' id='block_1_110' title="bbox 2991 5507 3688 5564">
    <p class='ocr_par' dir='ltr' id='par_1_110' title="bbox 2991 5507 3688 5564">
     <span class='ocr_line' id='line_1_110' title="bbox 2991 5507 3688 5564; baseline -0.003 -1"><span class='ocrx_word' id='word_1_854' title='bbox 2991 5510 3014 5542; x_wconf 86' lang='grc'><strong><em>⁵</em></strong></span> <span class='ocrx_word' id='word_1_855' title='bbox 3047 5507 3179 5563; x_wconf 90' lang='lat' dir='ltr'><strong>ibid.</strong></span> <span class='ocrx_word' id='word_1_856' title='bbox 3204 5507 3293 5563; x_wconf 76' lang='lat'><strong>32.</strong></span> <span class='ocrx_word' id='word_1_857' title='bbox 3374 5508 3395 5540; x_wconf 85' lang='grc'><strong><em>⁶</em></strong></span> <span class='ocrx_word' id='word_1_858' title='bbox 3430 5507 3568 5564; x_wconf 88' lang='lat' dir='ltr'><strong>ibid.</strong></span> <span class='ocrx_word' id='word_1_859' title='bbox 3596 5509 3688 5563; x_wconf 76' lang='lat'><strong>38.</strong></span> 
     </span>
    </p>
   </div>
   <div class='ocr_carea' id='block_1_111' title="bbox 395 5579 1987 5657">
    <p class='ocr_par' dir='ltr' id='par_1_111' title="bbox 395 5579 1987 5657">
     <span class='ocr_line' id='line_1_111' title="bbox 395 5579 1987 5657; baseline 0.003 -22"><span class='ocrx_word' id='word_1_860' title='bbox 395 5582 419 5615; x_wconf 71' lang='grc' dir='ltr'><strong>ν</strong></span> <span class='ocrx_word' id='word_1_861' title='bbox 456 5579 612 5636; x_wconf 81' lang='lat' dir='ltr'><strong>Joan.</strong></span> <span class='ocrx_word' id='word_1_862' title='bbox 640 5596 751 5649; x_wconf 77' lang='lat' dir='ltr'><strong>xw,</strong></span> <span class='ocrx_word' id='word_1_863' title='bbox 780 5582 834 5637; x_wconf 87' lang='lat'><em>6.</em></span> <span class='ocrx_word' id='word_1_864' title='bbox 912 5585 935 5615; x_wconf 84' lang='grc'><strong>⁸</strong></span> <span class='ocrx_word' id='word_1_865' title='bbox 961 5582 1122 5639; x_wconf 81' lang='lat' dir='ltr'><strong>Joan.</strong></span> <span class='ocrx_word' id='word_1_866' title='bbox 1161 5601 1292 5649; x_wconf 77' lang='lat' dir='ltr'><strong>xvu,</strong></span> <span class='ocrx_word' id='word_1_867' title='bbox 1324 5586 1377 5641; x_wconf 82' lang='grc'>5.</span> <span class='ocrx_word' id='word_1_868' title='bbox 1456 5586 1478 5615; x_wconf 85' lang='grc'><strong>⁹</strong></span> <span class='ocrx_word' id='word_1_869' title='bbox 1509 5579 1571 5642; x_wconf 57' lang='grc' dir='ltr'><strong>ΡΖ</strong></span> <span class='ocrx_word' id='word_1_870' title='bbox 1607 5586 1768 5657; x_wconf 81' lang='grc' dir='ltr'>φύσει</span> <span class='ocrx_word' id='word_1_871' title='bbox 1801 5595 1854 5641; x_wconf 92' lang='lat' dir='ltr'><strong>et</strong></span> <span class='ocrx_word' id='word_1_872' title='bbox 1886 5587 1987 5641; x_wconf 82' lang='grc' dir='ltr'><strong>Βαε</strong></span> 
     </span>
    </p>
   </div>
   <div class='ocr_carea' id='block_1_112' title="bbox 2169 5579 3151 5657">
    <p class='ocr_par' dir='ltr' id='par_1_112' title="bbox 2169 5581 3151 5647">
     <span class='ocr_line' id='line_1_112' title="bbox 2169 5581 3151 5647; baseline -0.006 -9"><span class='ocrx_word' id='word_1_873' title='bbox 2169 5603 2201 5642; x_wconf 89' lang='grc' dir='ltr'><strong>ι.</strong></span> <span class='ocrx_word' id='word_1_874' title='bbox 2282 5586 2325 5617; x_wconf 82' lang='grc'><strong>¹⁰</strong></span> <span class='ocrx_word' id='word_1_875' title='bbox 2360 5585 2419 5639; x_wconf 88' lang='lat' dir='ltr'><strong>F.</strong></span> <span class='ocrx_word' id='word_1_876' title='bbox 2448 5586 2505 5638; x_wconf 80' lang='grc' dir='ltr'>ὲν</span> <span class='ocrx_word' id='word_1_877' title='bbox 2535 5583 2693 5647; x_wconf 80' lang='grc' dir='ltr'>ὠσίν,</span> <span class='ocrx_word' id='word_1_878' title='bbox 2717 5582 2801 5638; x_wconf 80' lang='lat' dir='ltr'><strong>vel</strong></span> <span class='ocrx_word' id='word_1_879' title='bbox 2827 5583 2908 5645; x_wconf 84' lang='grc' dir='ltr'><strong>εἰς</strong></span> <span class='ocrx_word' id='word_1_880' title='bbox 2936 5581 3151 5634; x_wconf 74' lang='grc' dir='ltr'>ἕνωσιν.</span> 
     </span>
    </p>
   </div>
   <div class='ocr_carea' id='block_1_113' title="bbox 478 5783 1971 5856">
    <p class='ocr_par' dir='ltr' id='par_1_113' title="bbox 478 5783 1971 5856">
     <span class='ocr_line' id='line_1_113' title="bbox 478 5783 1971 5856; baseline 0 -15"><span class='ocrx_word' id='word_1_881' title='bbox 478 5784 593 5856; x_wconf 75' lang='grc' dir='ltr'><strong>(θι)</strong></span> <span class='ocrx_word' id='word_1_882' title='bbox 626 5784 791 5840; x_wconf 76' lang='grc' dir='ltr'>Ἀλλ’</span> <span class='ocrx_word' id='word_1_883' title='bbox 826 5783 984 5854; x_wconf 81' lang='grc' dir='ltr'>ἐρεῖς</span> <span class='ocrx_word' id='word_1_884' title='bbox 1009 5797 1130 5850; x_wconf 84' lang='grc' dir='ltr'>μοι·</span> <span class='ocrx_word' id='word_1_885' title='bbox 1165 5786 1300 5851; x_wconf 88' lang='grc' dir='ltr'><strong>Πῶς</strong></span> <span class='ocrx_word' id='word_1_886' title='bbox 1346 5787 1535 5841; x_wconf 78' lang='grc' dir='ltr'>εἶπεν.</span> <span class='ocrx_word' id='word_1_887' title='bbox 1569 5787 1704 5842; x_wconf 81' lang='lat' dir='ltr'><strong>Vide</strong></span> <span class='ocrx_word' id='word_1_888' title='bbox 1749 5787 1971 5842; x_wconf 88' lang='lat' dir='ltr'><strong>concilii</strong></span> 
     </span>
    </p>
   </div>
   <div class='ocr_carea' id='block_1_114' title="bbox 409 5855 1984 5928">
    <p class='ocr_par' dir='ltr' id='par_1_114' title="bbox 409 5855 1984 5928">
     <span class='ocr_line' id='line_1_114' title="bbox 409 5855 1984 5928; baseline -0.001 -15"><span class='ocrx_word' id='word_1_889' title='bbox 409 5855 779 5928; x_wconf 80' lang='lat' dir='ltr'><strong>Aquileiensis</strong></span> <span class='ocrx_word' id='word_1_890' title='bbox 800 5858 960 5928; x_wconf 85' lang='lat' dir='ltr'><strong>Acta,</strong></span> <span class='ocrx_word' id='word_1_891' title='bbox 994 5857 1086 5911; x_wconf 89' lang='lat' dir='ltr'><strong>ubi</strong></span> <span class='ocrx_word' id='word_1_892' title='bbox 1110 5855 1386 5928; x_wconf 87' lang='lat' dir='ltr'><strong>Ambrosii</strong></span> <span class='ocrx_word' id='word_1_893' title='bbox 1417 5874 1582 5928; x_wconf 88' lang='lat' dir='ltr'><strong>opera</strong></span> <span class='ocrx_word' id='word_1_894' title='bbox 1614 5858 1891 5914; x_wconf 86' lang='lat' dir='ltr'><strong>Palladius</strong></span> <span class='ocrx_word' id='word_1_895' title='bbox 1928 5867 1984 5911; x_wconf 89' lang='lat' dir='ltr'><strong>et</strong></span> 
     </span>
    </p>
   </div>
   <div class='ocr_carea' id='block_1_115' title="bbox 415 5925 1983 5999">
    <p class='ocr_par' dir='ltr' id='par_1_115' title="bbox 415 5925 1983 5999">
     <span class='ocr_line' id='line_1_115' title="bbox 415 5925 1983 5999; baseline -0.001 -14"><span class='ocrx_word' id='word_1_896' title='bbox 415 5925 798 5985; x_wconf 73' lang='lat' dir='ltr'><strong>Secundianus</strong></span> <span class='ocrx_word' id='word_1_897' title='bbox 843 5925 1037 5983; x_wconf 78' lang='lat' dir='ltr'><strong>Ariani</strong></span> <span class='ocrx_word' id='word_1_898' title='bbox 1101 5927 1342 5999; x_wconf 86' lang='lat' dir='ltr'><strong>episcopi</strong></span> <span class='ocrx_word' id='word_1_899' title='bbox 1400 5925 1641 5985; x_wconf 68' lang='lat' dir='ltr'><strong>damnati</strong></span> <span class='ocrx_word' id='word_1_900' title='bbox 1690 5936 1839 5996; x_wconf 73' lang='lat' dir='ltr'><strong>sunt,</strong></span> <span class='ocrx_word' id='word_1_901' title='bbox 1891 5929 1983 5997; x_wconf 74' lang='lat' dir='ltr'><strong>qui</strong></span> 
     </span>
    </p>
   </div>
   <div class='ocr_carea' id='block_1_116' title="bbox 2092 5782 3685 5847">
    <p class='ocr_par' dir='ltr' id='par_1_116' title="bbox 2092 5782 3685 5847">
     <span class='ocr_line' id='line_1_116' title="bbox 2092 5782 3685 5847; baseline -0.007 0"><span class='ocrx_word' id='word_1_902' title='bbox 2092 5793 2236 5847; x_wconf 88' lang='lat' dir='ltr'><strong>inter</strong></span> <span class='ocrx_word' id='word_1_903' title='bbox 2261 5798 2459 5846; x_wconf 61' lang='lat' dir='ltr'><strong>caetera</strong></span> <span class='ocrx_word' id='word_1_904' title='bbox 2492 5789 2586 5843; x_wconf 92' lang='lat' dir='ltr'><strong>Dei</strong></span> <span class='ocrx_word' id='word_1_905' title='bbox 2633 5785 2836 5841; x_wconf 85' lang='lat' dir='ltr'><strong>Filium</strong></span> <span class='ocrx_word' id='word_1_906' title='bbox 2878 5799 3066 5840; x_wconf 89' lang='lat' dir='ltr'><strong>verum</strong></span> <span class='ocrx_word' id='word_1_907' title='bbox 3102 5782 3272 5839; x_wconf 90' lang='lat' dir='ltr'><strong>Deum</strong></span> <span class='ocrx_word' id='word_1_908' title='bbox 3312 5783 3480 5841; x_wconf 87' lang='lat' dir='ltr'><strong>fateri</strong></span> <span class='ocrx_word' id='word_1_909' title='bbox 3528 5796 3685 5837; x_wconf 80' lang='lat' dir='ltr'><strong>corn-</strong></span> 
     </span>
    </p>
   </div>
   <div class='ocr_carea' id='block_1_117' title="bbox 2094 5855 3285 5935">
    <p class='ocr_par' dir='ltr' id='par_1_117' title="bbox 2094 5855 3285 5935">
     <span class='ocr_line' id='line_1_117' title="bbox 2094 5855 3285 5935; baseline -0.004 -17"><span class='ocrx_word' id='word_1_910' title='bbox 2094 5863 2238 5935; x_wconf 91' lang='lat' dir='ltr'><strong>pulsi</strong></span> <span class='ocrx_word' id='word_1_911' title='bbox 2272 5861 2427 5918; x_wconf 89' lang='lat' dir='ltr'><strong>miris</strong></span> <span class='ocrx_word' id='word_1_912' title='bbox 2449 5856 2998 5933; x_wconf 77' lang='lat' dir='ltr'><strong>tergiversationibus</strong></span> <span class='ocrx_word' id='word_1_913' title='bbox 3035 5855 3285 5913; x_wconf 89' lang='lat' dir='ltr'><strong>eludunt.</strong></span> 
     </span>
    </p>
   </div>
  </div>
