3826 6206
147 434 249 496 253

821 433 1202 494 ADVERSUS
1236 433 1584 492 HERESES
1621 435 1750 495 LIB.
1795 437 1856 492 I1.
1898 434 2063 492 ΤΟΜ.
2105 435 2246 492 ll.-—-
2277 436 2556 496 HERES.
2585 438 2777 498 LXIX.

3313 438 3431 502 956

147 563 239 621 νην
269 545 604 616 Εὑαγγελίῳ,
653 546 737 601 ὅτι
760 588 774 608 ,
811 550 998 617 φησῖν,
1031 544 1144 607 Ἦν
1180 549 1248 605 τὸ
1303 551 1432 620 φῶς
1472 551 1536 605 τὸ
1575 551 1721 620 άλη-

1835 551 2043 608 delmit.
2074 553 2145 608 At
2174 554 2230 608 in
2256 553 2488 612 Joannis
2534 554 2848 628 Evangelio,
2893 553 3050 620 Erat,
3087 554 3284 628 inquit,
3329 559 3430 613 lus

146 641 327 697 θινόγ.
359 639 470 691 Καὶ
497 641 648 691 ποῖον
675 638 792 708 φῶς
820 640 1074 712 ἀληθινὸν
1114 639 1229 694 ἀλλ’
1255 641 1288 714 ἢ
1310 645 1340 696 6
1375 644 1725 715 Μονογενήςς

145 731 250 786 Καὶ
272 728 432 783 πάλιν
461 729 518 782 αἱ
553 728 769 801 Γραφαί
791 747 922 799 φασι
965 732 1092 803 περὶ
1136 730 1231 785 τοῦ
1262 731 1426 796 Θεοῦ,
1464 735 1548 786 ὅτι
1596 733 1728 803 Φῶς

144 826 176 877 ὁ
193 821 370 888 Θεὸς,
405 821 502 874 καὶ
524 821 626 874 οὐκ
658 817 801 889 εἷπε,
824 822 944 886 Φῶς
978 822 1230 894 ἀληθινὸν
1255 826 1283 878 6
1314 824 1480 889 Θεός·
1514 827 1642 898 περὶ
1668 827 1726 880 δὲ

144 913 229 968 τοῦ
279 913 602 985 μονογενοῦς
642 914 776 968 Υἱοῦ
805 913 900 968 τοῦ
934 914 1094 981 Θεοῦ,
1136 917 1218 971 ὅτι
1255 916 1372 988 φῶς
1415 918 1670 989 ἀληθινὸν
1697 921 1727 972 6

142 1006 475 1078 Μονογενής·
501 1007 638 1079 περὶ
688 1006 744 1060 δὲ
787 1007 882 1062 τοῦ
924 1009 1169 1080 Πατρόςο
1218 1010 1362 1076 Θεὸς
1397 1011 1722 1079 ἀληθινός·

141 1099 230 1152 καὶ
260 1099 362 1151 οὐκ
408 1093 585 1162 εἷπεν,
616 1099 700 1152 ὅτι
747 1099 869 1163 Φῶς
913 1099 1163 1171 ἀληθινὸν
1211 1103 1240 1154 6
1289 1101 1441 1165 Θεός.
1494 1103 1630 1173 Περὶ
1669 1103 1726 1157 δὲ

139 1189 229 1244 τοῦ
269 1190 423 1254 Υίοῦ,
455 1191 540 1244 ὅτι
572 1189 738 1258 Θεὸς,
771 1192 868 1246 καὶ
921 1192 1016 1246 ἐπὶ
1053 1191 1168 1258 τοῦ,
1205 1194 1350 1259 Θεὸς
1393 1196 1428 1246 ό
1475 1193 1627 1260 Υἱὸς,
1661 1195 1724 1248 οὐ

141 1282 432 1354 προσέθετο
475 1283 538 1336 τὸ
571 1282 844 1354 ἀληθινόν.
890 1285 1003 1339 Καὶ
1051 1284 1188 1338 ὅπου
1226 1284 1339 1356 φῶς
1379 1287 1408 1340 6
1453 1284 1623 1353 Θεὸς,
1662 1289 1724 1341 οὐ

142 1374 432 1447 προσέθετο
463 1373 591 1445 φῶς
623 1376 936 1445 ἀληθινόν.
967 1377 1032 1430 Τί
1071 1373 1164 1432 οῦν
1202 1377 1436 1450 λέγομεν
1462 1379 1591 1450 περὶ
1629 1379 1724 1432 τοῦ

141 1467 377 1538 Πατρός;
419 1468 542 1522 Ὀτι
583 1468 684 1539 μὲν
732 1468 842 1540 γὰρ
900 1467 1018 1538 φῶς
1061 1467 1318 1540 ἀληθινὸν
1351 1471 1380 1524 6
1411 1468 1578 1533 Θεὸς⁹
1631 1469 1726 1522 καὶ

141 1561 232 1614 οὐκ
261 1560 372 1631 ἄρα
405 1559 624 1624 ἐλλιπὲς
648 1562 948 1632 ποιήσομεν
978 1560 1040 1614 τὸ
1059 1560 1233 1616 Θεῖον.
1257 1561 1369 1614 Καὶ
1405 1560 1594 1634 ἐπειδὴ
1623 1562 1725 1615 οὐκ

139 1652 244 1706 ἐστι
294 1651 688 1724 γεγραμμένον
737 1652 798 1706 τὸ
845 1652 960 1724 φῶς
1015 1653 1078 1707 τὸ
1122 1652 1408 1725 ἀληθινὸν,
1453 1654 1720 1724 είπομενί

139 1742 562 1816 ἁμαρτάνοντες,
590 1744 670 1798 ὅτι
692 1746 792 1798 οὐκ
815 1745 930 1799 ἔστι
960 1744 1076 1815 φῶς
1096 1745 1373 1817 ἀληθινόν.
1394 1745 1508 1799 Καὶ
1533 1745 1721 1817 ἐπειδὴ

137 1838 164 1890 6
193 1836 317 1899 Υίὸς
346 1837 683 1907 γέγραπται,
725 1837 808 1891 ὅτι
854 1837 986 1901 Θεὸς
1030 1840 1148 1891 ἐστι
1174 1851 1189 1867 ·
1243 1837 1355 1892 Καὶ
1406 1833 1475 1909 ἦν
1516 1839 1545 1890 6
1591 1837 1724 1901 Θεὸς

1839 664 1962 703 vera
1988 650 2044 718 ';
2073 661 2325 719 quaenam
2351 665 2480 705 vera
2507 650 2599 704 illa
2631 651 2722 704 lux
2753 657 2860 714 est,
2909 657 3272 720 praeterquam
3303 653 3427 706 uni-

1837 739 2055 810 genitus
2084 738 2294 795 Filius?
2318 741 2544 796 Accedit
2567 742 2711 812 quod
2748 758 2921 797 sacra:
2951 741 3171 798 Littera:
3201 743 3348 799 hunc
3368 744 3423 799 in

1837 831 2060 886 modum
2091 831 2159 888 de
2195 832 2303 888 Deo
2338 834 2640 904 loquuntur
2673 853 2684 888 :
2714 833 2832 888 Lua:
2860 846 2935 890 est
2978 835 3120 890 Deus
3157 835 3212 902 ';
3246 852 3426 907 neque

1834 937 2022 977 veram
2060 924 2365 994 adjiciunt;
2393 924 2486 981 Dei
2521 941 2653 981 vero
2695 925 2895 981 Filium
2935 942 3118 982 veram
3169 943 3293 983 esse
3341 929 3429 984 lu-

1835 1029 1953 1071 cem
2009 1027 2286 1072 asserunt.
2322 1017 2392 1072 At
2428 1018 2494 1073 de
2533 1015 2697 1074 Patre
2729 1035 2879 1073 verus
2922 1019 3095 1082 Deus;
3140 1017 3246 1075 nhn
3292 1021 3420 1076 item

1833 1108 1929 1162 tua:
1953 1124 2076 1163 vera
2106 1109 2249 1165 Deus
2278 1110 2653 1167 estdixernnt.
2684 1111 2820 1167 Cum
2851 1123 3033 1168 autem
3076 1113 3143 1170 de
3170 1112 3309 1169 Filio
3337 1115 3431 1169 10--

1833 1212 2102 1271 quuntur,
2135 1203 2217 1258 sic
2241 1218 2366 1259 esse
2388 1202 2559 1259 Deum
2589 1206 2882 1270 allirmant,
2912 1214 2971 1260 ut
2989 1207 3054 1262 ad
3089 1207 3212 1264 illas
3236 1223 3418 1273 voces,

1833 1293 1974 1349 Deus
1999 1303 2078 1350 est
2107 1291 2309 1360 Filius,
2337 1297 2454 1352 veri
2482 1297 2812 1353 vocabulum
2838 1314 2946 1354 non
2967 1299 3292 1369 adiecerint.
3317 1299 3421 1356 Ubi

1833 1401 1962 1440 vero
1990 1387 2085 1440 lux
2114 1384 2260 1442 Deus
2290 1388 2628 1454 nominatur,
2653 1388 2749 1442 tua:
2773 1406 2896 1443 uera
2925 1405 3034 1445 non
3059 1391 3282 1447 dicitur.
3315 1389 3420 1447 Ec-

1829 1474 1964 1544 quid
2009 1476 2176 1548 igitur
2209 1477 2278 1532 de
2313 1476 2476 1533 Patre
2513 1479 2857 1536 sentiemus?
2908 1480 3006 1537 Est
3035 1485 3181 1538 enim
3229 1481 3422 1556 utiq’ue

1831 1583 1963 1624 vera
1999 1568 2092 1624 lux
2128 1567 2310 1634 Deus;
2345 1585 2524 1641 neque
2565 1586 2825 1626 mancum
2850 1612 2866 1636 ,
2901 1583 2996 1628 aut
3028 1574 3302 1632 defectum
3332 1557 3426 1631 di-

1829 1659 2018 1714 vinum
2040 1675 2164 1716 esse
2199 1676 2402 1716 numen
2431 1663 2893 1719 existimabimus.
2931 1665 2996 1720 Et
3025 1669 3278 1738 quamvis
3316 1669 3426 1724 mi-

1831 1752 1982 1806 nime
2011 1754 2279 1823 scriptum
2311 1754 2404 1820 sit,
2436 1770 2621 1810 veram
2647 1757 2800 1810 illum
2829 1771 2950 1812 esse
2975 1758 3176 1824 lucem,
3200 1775 3310 1814 non
3336 1768 3418 1814 ta.

1831 1857 1958 1898 men
2005 1844 2434 1912 committemus,
2480 1862 2668 1902 veram
2720 1857 2779 1902 ut
2829 1864 2953 1905 esse
2997 1850 3171 1906 lucem
3211 1851 3432 1908 inficieo.

139 1928 266 2001 πρὸς
306 1929 402 1981 τὸν
453 1929 585 1982 ὸντα
620 1929 874 2000 Πατέραο
918 1929 1014 1982 καὶ
1051 1927 1161 2000 γὰρ
1185 1924 1258 2000 ἦν
1290 1928 1424 1992 Θεὸς
1461 1931 1490 1982 6
1523 1929 1718 1998 Λόγος.

1835 1950 1986 2003 mur;
2019 1939 2327 2006 praesertim
2359 1953 2485 1993 cum
2524 1939 2593 1994 de
2617 1938 2755 1995 Filio
2789 1941 3058 2012 scriptum
3085 1944 3178 2007 sit,
3214 1943 3416 1999 Filium

136 2023 237 2077 Καὶ
267 2022 370 2076 οὐκ
401 2017 578 2086 εἶπεν,
613 2021 694 2074 ὃτι
727 2020 860 2085 θεὸς
895 2020 1114 2091 ἐγένετο
1139 2022 1168 2074 6
1197 2022 1388 2090 Λόγος,
1417 2020 1554 2074 ἀλλὰ
1589 2020 1722 2084 Θεὸς

134 2111 218 2189 ἦν.
251 2117 347 2170 Ἐκ
377 2117 439 2170 δὲ
466 2115 574 2170 τῶν
599 2115 693 2169 δύο
725 2115 793 2170 τὰ
833 2116 1096 2185 ίσόρῤοπα
1129 2114 1495 2186 δειχθήσεται,
1521 2116 1585 2168 ὲκ
1623 2114 1720 2168 τοῦ

139 2209 231 2280 μὲν
271 2208 409 2272 Θεὸς
454 2207 710 2280 ἀληθινὸς
746 2209 775 2261 ὁ
828 2208 1058 2278 Πατὴρ,
1111 2208 1207 2260 καὶ
1255 2207 1371 2277 φῶς
1411 2206 1662 2278 ἀληθινὸν
1692 2208 1722 2260 6
1766 2245 1774 2252 -

134 2300 272 2364 Υἱὸς,
305 2301 377 2354 τὰ
434 2300 662 2369 ίσόζυγα
702 2303 950 2370 φανεῖται
983 2299 1082 2369 τῆς
1134 2298 1324 2366 ἀξίαςο
1382 2298 1478 2352 καὶ
1527 2301 1592 2352 ὲκ
1624 2299 1720 2353 τοῦ

133 2392 258 2448 Θεοῦ
290 2396 320 2448 6
340 2394 496 2460 Υἱὸς,
528 2395 623 2447 καὶ
656 2393 772 2463 φῶς
793 2395 822 2445 6
854 2392 1008 2457 Θεὸς,
1044 2391 1114 2445 τὰ
1145 2393 1407 2464 ίσόρῤοπα
1440 2395 1538 2464 τῆς
1567 2393 1716 2458 δοξο-

132 2487 308 2555 λογίας
346 2487 742 2558 εὑρεθήσεταιο
778 2485 873 2539 καὶ
904 2485 1056 2539 οὐδὲν
1087 2485 1299 2544 διοίσει.
1343 2485 1464 2538 οὐδὲ
1507 2485 1717 2537 ἀντιλέ-

133 2578 232 2647 ξειέ
262 2597 346 2643 τις
379 2581 451 2650 τῇ
493 2578 723 2650 ἀληθείᾳ
744 2618 759 2642 ,
794 2577 933 2631 ἀλλὰ
977 2577 1230 2650 ἀληθινὸς
1273 2577 1407 2642 Θεὸς
1431 2579 1459 2631 6
1505 2577 1716 2649 Πατὴρ,

132 2669 219 2722 καὶ
247 2668 512 2740 ἀληθινὸς
542 2669 667 2733 Υἱὸς
687 2671 716 2721 6
749 2669 1064 2740 μονογενής.

1821 2041 1947 2082 esse
1979 2027 2148 2084 Deum
2176 2047 2190 2084 :
2214 2027 2279 2082 Et
2296 2029 2578 2087 eratDeus
2599 2033 2741 2103 apud
2765 2034 3125 2090 exsistentem
3156 2034 3417 2104 Patrem;

1822 2126 1942 2174 erat
1977 2119 2126 2174 enim
2173 2119 2318 2176 Deus
2349 2118 2612 2176 Verbum.
2649 2121 2765 2177 Non
2813 2124 2975 2188 dixit.
3021 2124 3166 2181 Deus
3210 2126 3426 2180 factum,

1821 2217 1906 2265 est
1953 2208 2230 2276 Verbum,
2285 2211 2382 2268 sed
2421 2212 2562 2267 Deus
2614 2224 2751 2268 erat.
2794 2214 3166 2281 Quamobrem
3208 2232 3276 2273 ex
3321 2219 3413 2274 his
3521 2263 3544 2284 .

1823 2301 2041 2359 duobus
2071 2304 2261 2360 eadem
2287 2313 2452 2376 atque
2473 2307 2702 2377 aequalia
2727 2308 3077 2379 colligantur.
3111 2308 3188 2364 Ex
3218 2325 3305 2375 eo,
3331 2309 3419 2364 iu-

1823 2412 2012 2467 quam,
2052 2396 2198 2463 quod
2247 2411 2410 2452 verus
2466 2395 2612 2454 Deus
2659 2399 2965 2468 appellatur
3002 2399 3186 2470 Pater,
3235 2412 3290 2457 et
3324 2402 3419 2456 lux

1823 2502 1952 2542 vera
1995 2485 2196 2552 Filius,
2258 2487 2490 2558 aequalis
2541 2489 2832 2560 utriusque
2876 2491 3118 2563 dignitas
3165 2502 3414 2564 apparet.

1824 2577 2068 2647 Itemque
2094 2593 2161 2633 ex
2203 2593 2268 2632 eo
2294 2578 2440 2648 quod
2463 2587 2516 2634 et
2546 2579 2688 2636 Deus
2709 2580 2907 2645 Filius,
2939 2595 2990 2638 et
3017 2584 3109 2638 lux
3127 2600 3254 2641 esse
3274 2585 3418 2643 Deus

1825 2670 2050 2736 dicitur,
2083 2685 2182 2740 par
2209 2670 2510 2741 eademque
2543 2673 2831 2727 amborum
2858 2674 3031 2744 gloria
3061 2677 3366 2746 reperietur
3396 2697 3412 2734 :

132 2759 258 2816 adeo
292 2768 351 2815 ut
377 2760 517 2821 nihil
549 2759 767 2816 intersit
798 2760 1046 2822 omnino.
1074 2774 1175 2815 nec
1200 2758 1418 2814 veritati
1444 2757 1710 2832 refragari
1741 2761 2018 2832 quispiam
2045 2761 2173 2831 jure
2202 2762 2380 2832 possit
2405 2779 2419 2817 :
2449 2760 2686 2834 denique
2710 2771 2770 2821 et.
2811 2779 2974 2819 verus
3023 2763 3166 2821 Deus
3221 2765 3412 2832 Pater,

131 2868 287 2908 verus
318 2853 552 2924 perinde
578 2851 756 2908 Filius
787 2851 1100 2927 unigenitus
1127 2859 1430 2907 asseratur.

195 2943 312 2999 Al”.
381 2945 510 2999 Ἔτι
559 2944 617 2997 δὲ
668 2944 764 2998 καὶ
818 2945 948 3017 περὶ
1017 2944 1112 3000 τοῦ
1178 2943 1332 3014 ἁγίου
1405 2943 1726 3016 Πνεύματος

127 3033 508 3106 ἀναγκάζομαι
538 3033 633 3088 τοῦ
662 3034 842 3103 λέγειν
875 3025 1130 3098 ἐνταῦθα,
1157 3034 1246 3088 ἵνα
1273 3033 1347 3104 μὴ
1379 3033 1722 3106 παραλείψας

131 3143 202 3197 τι,
221 3127 296 3181 δῶ
320 3131 442 3192 τοῖς
472 3126 815 3198 βουλομένοις
849 3125 1058 3198 ἐχθροῖς
1085 3126 1186 3194 τὰς
1214 3126 1394 3183 αὐτῶν
1409 3125 1555 3197 ἔχειν
1583 3143 1722 3198 προ-

1894 2939 2134 2996 ΧΧΧΙΙΙ.
2167 2940 2244 2998 De
2284 2941 2494 3012 Spiritu
2525 2958 2656 2998 vero
2675 2953 2880 3000 sancto
2924 2960 3150 3002 necesse
3185 2955 3272 3003 est
3311 2947 3423 3004 alia

1825 3033 1956 3100 quid
1996 3034 2101 3088 hoc
2124 3033 2245 3088 loco
2268 3035 2588 3103 disputare;
2624 3050 2711 3097 ne,
2749 3035 2796 3090 si
2823 3035 2957 3105 quid
2987 3038 3412 3105 praetermisero,

1827 3139 1928 3180 sua
1961 3125 2215 3182 hostibus
2236 3126 2447 3182 nostris
2471 3135 2794 3197 argumenta
2821 3142 2885 3181 ac
2918 3128 3171 3198 priesidia
3203 3129 3417 3199 integra

133 3221 336 3289 φάσεις.
361 3219 526 3274 Οὕτω
550 3219 662 3290 γὰρ
692 3219 786 3273 xui.
815 3220 875 3272 τὸ
897 3219 1126 3290 Πνεῦμα
1153 3217 1215 3271 τὸ
1252 3218 1428 3288 ἅγιον,
1456 3218 1533 3282 ὡς
1561 3219 1721 3282 αὐτὸς

1835 3217 2123 3288 reliquisse
2161 3217 2372 3274 videar.
2420 3217 2626 3274 Eodem
2661 3219 2834 3290 igitur
2882 3221 3047 3274 modo
3087 3219 3154 3276 de
3203 3220 3417 3291 Spiritu

131 3315 158 3366 6
185 3313 386 3386 Κύριος
421 3314 693 3384 μαρτυρεῖ
716 3311 914 3382 λέγων,
946 3311 1010 3365 τὸ
1049 3311 1276 3382 Πνεῦμα
1314 3311 1414 3378 τῆς
1440 3310 1722 3382 ἀληθείας,

129 3407 186 3463 τὸ
211 3407 443 3479 Πνεῦμα
497 3405 593 3460 τοῦ
632 3406 878 3477 Πατρόςο
933 3407 961 3459 6
1008 3405 1066 3458 δὲ
1107 3403 1453 3470 Ἀπόστολος,
1495 3402 1725 3475 Πνεῦμα

130 3499 382 3572 Χριστοῦ.
407 3500 552 3572 Ἀρα
577 3498 711 3568 γοῦν
732 3498 794 3552 τὸ
823 3497 1042 3569 πνεῦμα
1069 3497 1169 3566 τῆς
1194 3495 1474 3567 ἀληθείας,
1503 3495 1726 3568 πνεῦμα

130 3593 406 3664 ἀληθείας,
444 3589 664 3662 πνεῦμα
695 3589 853 3653 Θεοῦ,
889 3589 965 3653 ὡς
1006 3588 1142 3652 Θεὸς
1190 3587 1466 3660 ἀληθινὸς,
1498 3588 1574 3650 ὡς
1607 3588 1724 3658 φῶς

130 3685 396 3758 ἀληθινὸν,
429 3685 505 3749 ὼς
535 3683 758 3754 πνεῦμα
789 3682 1023 3753 Πατρὸς,
1055 3681 1131 3746 ὡς
1153 3681 1372 3753 πνεῦμα
1400 3681 1553 3738 Υίοῦ.
1601 3682 1722 3736 Μία

128 3779 230 3848 γάρ
256 3780 412 3832 ἐστιν
440 3777 683 3849 ήΤριὰς,
707 3776 851 3848 μίαή
874 3774 1174 3844 δοξολογία,
1201 3775 1299 3846 μία
1322 3777 1356 3846 ἡ
1377 3773 1589 3847 θεότης,
1623 3775 1723 3846 μία

130 3875 161 3942 ὴ
187 3871 472 3943 κυριότης.
500 3869 691 3942 Πατὴρ
719 3868 926 3939 Πατὴρ,
961 3867 1088 3932 Υἱὸς
1114 3867 1264 3931 Υίὸς,
1317 3865 1475 3936 ἅγιον
1496 3867 1723 3939 Πνεῦμα

130 3966 274 4035 ἅγιον
307 3965 540 4036 Πνεῦμα
561 3982 575 3996 ·
609 3964 670 4016 οὑ
704 3961 998 4033 συναλοιφὴ
1040 3963 1074 4033 ἡ
1100 3959 1292 4032 Τριὰς,
1337 3953 1398 4014 οῦ
1442 3960 1713 4015 διεστῶσα

129 4059 219 4129 τῆς
240 4058 378 4121 ἰδίας
405 4056 576 4126 αὐτῆς
603 4055 848 4126 μονάδος,
864 4055 963 4107 οὐκ
986 4051 1210 4124 ἐλλιπὴς
1230 4052 1328 4124 τῆς
1356 4051 1718 4124 τελειότητος,

130 4152 220 4205 οὐκ
243 4151 439 4203 ἀλλοία
457 4151 556 4220 τῆς
590 4147 727 4211 ἰδίας
754 4146 1035 4218 ἰδιότητος,
1061 4144 1198 4199 ἀλλὰ
1220 4145 1398 4198 πάντα
1417 4145 1714 4218 τελειότης,

131 4244 250 4315 τρία
287 4243 503 4306 τέλεια,
540 4241 641 4313 μία
685 4240 896 4312 θεότης.
925 4240 1037 4293 Καὶ
1089 4239 1381 4293 πέπτωκεν
1411 4240 1446 4310 ή
1497 4238 1606 4292 τῶν
1653 4237 1722 4290 δι’

133 4338 374 4400 ἐναντίας
431 4336 698 4406 μάχαιρα.
741 4333 851 4386 Καὶ
887 4333 996 4405 γὰρ
1048 4332 1193 4386 οὕτω
1240 4332 1583 4403 γέγραπται,
1639 4332 1722 4384 ὅτι

131 4428 307 4496 Beloc
350 4430 592 4494 νηπίων
643 4424 1040 4496 ἐγενήθησαν.
1079 4423 1191 4476 Καὶ
1233 4421 1344 4494 γὰρ
1395 4421 1464 4475 τὰ
1511 4421 1720 4492 νήπια,

132 4522 224 4574 κᾶν
250 4537 308 4572 τε
340 4519 479 4590 θελῃ
517 4516 818 4586 λαμϐάνειν
840 4514 1003 4585 βέλη,
1029 4513 1300 4585 ἀνίσχυρα
1330 4511 1612 4580 τυγχάνει,
1645 4508 1720 4582 μὴ

1828 3316 2022 3364 sancto
2057 3309 2264 3365 sentire
2294 3326 2395 3366 nos
2428 3320 2676 3381 oportet,
2716 3312 3179 3382 quemadmodum
3229 3313 3415 3368 Domi-

1828 3416 1934 3458 nus
1967 3401 2084 3471 ipse
2111 3410 2364 3468 testatur,
2395 3417 2520 3458 cum
2555 3401 2824 3473 Spiritum
2850 3405 3098 3461 veritatis
3121 3405 3163 3471 ⁸,
3191 3421 3256 3462 ac
3290 3405 3418 3477 Spi-

1823 3495 1989 3548 ritum
2035 3494 2216 3551 Patris
2268 3496 2538 3564 appellat;
2591 3496 2889 3566 Apostolus
2941 3512 3092 3562 vero,
3142 3496 3413 3569 Spiritum

1823 3587 2030 3644 Christi
2060 3590 2101 3642 ⁸.
2134 3587 2233 3642 Est
2262 3589 2430 3660 igitur
2458 3587 2700 3660 Spiritus
2725 3589 2997 3657 veritatis,
3032 3590 3272 3661 Spiritus
3294 3590 3415 3656 Dei,

1825 3683 1906 3735 uti
1937 3695 2103 3736 verus
2139 3679 2306 3746 Deus,
2342 3697 2472 3737 vera
2508 3682 2624 3746 lux,
2647 3680 2887 3751 Spiritus
2916 3680 3119 3747 Patris,
3171 3681 3416 3753 Spiritus

1821 3771 1969 3828 Filii.
1999 3773 2097 3829 Est
2117 3775 2263 3829 enim
2302 3789 2412 3841 una
2444 3772 2689 3828 Trinitas
2709 3815 2723 3840 ,
2754 3788 2862 3828 una
2900 3773 3074 3844 gloria
3097 3811 3112 3838 ,
3153 3772 3418 3830 divinitas

1824 3880 1952 3932 una,
2005 3880 2112 3919 una
2175 3863 2498 3931 dominatio,
2543 3863 2705 3920 Pater
2752 3865 2936 3931 Pater,
2981 3864 3155 3922 Filius
3213 3863 3420 3932 Filius.

1825 3955 2065 4028 Spiritus
2119 3967 2347 4016 sanctus
2399 3956 2640 4028 Spiritus
2669 3971 2924 4026 sanctus;
2957 3960 3109 4014 nulla
3147 3958 3203 4014 in
3231 3957 3416 4014 Trini-

1822 4059 1936 4106 tate
1975 4052 2284 4106 commistio
2330 4051 2411 4106 vel
2449 4049 2730 4117 conlusio;
2784 4065 2884 4106 nec
2940 4051 3010 4106 ab
3056 4050 3270 4107 unitate
3311 4065 3412 4107 sua

1822 4142 2091 4211 dissidet;
2119 4159 2221 4199 nec
2265 4144 2333 4198 ad
2366 4143 2760 4215 perfectionem
2803 4143 2957 4200 deest
2985 4144 3059 4197 illi
3101 4142 3418 4214 quidpiam;

1824 4251 1926 4290 nec
1962 4243 2048 4290 est
2077 4249 2105 4288 a
2141 4236 2479 4305 proprietate
2519 4251 2622 4292 sua
2671 4235 2910 4299 diversa,
2945 4235 3105 4306 757
3137 4235 3232 4291 sed
3282 4236 3410 4291 nni-

1822 4341 1980 4382 versa
2016 4327 2282 4397 perfectio
2309 4335 2564 4398 occupat,
2600 4335 2661 4382 ut
2689 4335 2745 4384 et
2774 4328 3017 4397 perfecta
3057 4329 3159 4382 tria
3193 4328 3325 4393 sint,
3357 4335 3415 4384 et

1825 4419 1988 4473 trium
2025 4419 2388 4476 nihilominus
2424 4436 2532 4475 una
2576 4420 2863 4475 divinitas.
2918 4419 3037 4487 Qua
3078 4419 3291 4475 ratione
3317 4421 3415 4475 ad-

1824 4511 2086 4567 versariis
2115 4513 2323 4568 nostris
2368 4513 2585 4583 gladius
2627 4498 2664 4569 ὁ
2711 4514 2966 4569 manibus
3001 4528 3271 4569 excussus
3302 4521 3410 4570 cst.

130 4613 393 4684 δυνάμενα
423 4614 484 4665 ὲν
524 4610 711 4681 χερσὶν
739 4607 920 4661 αὐτῶν
958 4623 1013 4658 τι
1049 4604 1332 4676 πράττειν.
1377 4602 1504 4656 Ἐὰν
1529 4603 1587 4655 δὲ
1617 4601 1714 4655 καὶ

1835 4603 2005 4674 quue
2031 4602 2334 4674 Scriptura!
2358 4605 2513 4660 locus
2540 4605 2633 4660 ille
2664 4607 2902 4676 pertinet
2935 4623 2950 4658 ι
2977 4603 3200 4676 Sagitta:
3219 4619 3414 4673 parvu-

133 4703 528 4779 παραταραχθῇ
555 4702 624 4755 τὰ
677 4703 871 4772 νήπια,
925 4699 1125 4770 μᾶλλον
1158 4697 1329 4752 ἑαυτὰ
1365 4695 1582 4766 σφάζει,
1625 4695 1719 4748 καὶ

1835 4698 1997 4753 lorum
2038 4698 2196 4768 [actia
2229 4705 2352 4752 sunt
2400 4698 2442 4751 ⁸.
2490 4697 2627 4752 Nam
2677 4700 2782 4754 tela
2820 4699 2949 4754 dum
2999 4699 3066 4754 ab
3109 4698 3417 4753 infantibus

133 4800 289 4853 ἑαυτὰ
328 4799 535 4859 ἀδικεῖ,
585 4793 661 4867 μὴ
716 4793 990 4865 δυνάμενα
1041 4791 1225 4855 ἄλλοις
1277 4790 1576 4859 ἐπιχειρεῖν
1621 4786 1718 4840 τοῦ

1835 4801 2131 4846 tractantur
2160 4790 2431 4845 imbecilla
2475 4800 2628 4857 sunt,
2674 4807 2775 4848 nec
2819 4793 2874 4846 in
2913 4807 3106 4847 eorum
3155 4790 3416 4846 manibus

134 4891 308 4961 βέλους
337 4892 404 4944 τὸ
455 4889 832 4960 ἑπιχείρημα³
870 4885 946 4948 ὡς
997 4883 1095 4936 καὶ
1144 4875 1290 4936 οὗτοι
1337 4879 1460 4934 καθ’
1511 4877 1720 4932 ἑαυτῶν

1835 4883 2122 4952 quidquam
2154 4883 2367 4940 edicere
2392 4891 2647 4954 possunt.
2679 4883 2835 4950 Quod
2863 4884 2908 4939 si
2936 4884 3274 4940 consternati
3303 4891 3413 4936 tur-

135 4984 569 5056 ἐπεστράτευσαν
620 4980 718 5050 τὴν
766 4977 976 5048 πλάνην
1000 4993 1015 5007 ο
1061 4976 1213 5030 οὐδὲν
1256 4975 1314 5029 δὲ
1359 4972 1721 5044 ὲνσκήψουσιν

1835 4973 2050 5043 batique
2079 4974 2306 5040 fuerint,
2339 4975 2551 5044 seipsos
2579 4973 2854 5044 iugulant.
2887 4983 2981 5026 aut
3006 4973 3109 5027 sibi
3145 4973 3408 5027 damnum

85 5121 92 5129 .
134 5080 203 5141 είς
228 5078 354 5142 τοὺς
393 5076 549 5140 υἱοὺς
575 5073 680 5145 τῆς
707 5071 988 5142 ἀληθείας.

1835 5065 2074 5123 inferunt
2107 5067 2288 5134 potius
2314 5081 2480 5136 quam
2515 5074 2574 5120 ut
2607 5066 2746 5120 alios
2778 5066 2888 5120 illis
2912 5064 3132 5136 aggredi
3163 5073 3218 5120 et
3243 5079 3412 5135 appe-

135 5181 237 5227 tere
260 5178 488 5242 queant.
526 5166 621 5223 Sic
652 5175 705 5221 et
724 5165 814 5221 isti
848 5178 1094 5221 errorem
1123 5176 1286 5219 suum
1315 5167 1508 5216 contra
1541 5158 1870 5228 semctipsos
1894 5166 2264 5227 convertunt;
2301 5175 2481 5231 neque
2506 5159 2806 5230 quidquam
2837 5157 3107 5212 adversus
3155 5157 3411 5214 veritatis

137 5265 569 5336 ﬁliosinﬂigu'nl.
1892 5340 2112 5346 #______
2177 5339 2221 5346 η
2413 5340 2427 5346 _
3316 5336 3347 5346 ..

198 5361 312 5414 AA'.
349 5356 774 5429 Παρελεύσομαι
800 5353 857 5408 δὲ
886 5354 981 5408 καὶ
1011 5354 1090 5417 είς
1123 5352 1317 5424 ἑτέρας
1344 5347 1521 5415 λέξεις
1557 5347 1721 5404 πάλιν

1891 5340 2135 5399 XXXIV.
2177 5339 2334 5396 Nunc
2362 5340 2430 5396 ad
2465 5339 2604 5396 alios
2636 5339 2853 5394 illorum
2897 5351 3182 5393 sermones
3211 5339 3415 5390 oratio-

138 5451 223 5514 τὰς
266 5452 357 5504 ὑπ’
405 5449 587 5504 αὐτῶν
621 5447 1041 5519 ὲπινοουμένας.
1081 5446 1192 5499 Καὶ
1232 5443 1450 5514 πρῶτον
1495 5442 1592 5514 μὲν
1631 5444 1721 5495 ὲκ-

1835 5455 1946 5496 nem
2008 5436 2253 5492 confero.
2314 5435 2372 5490 In
2421 5451 2531 5506 quo
2578 5435 2815 5506 primum
2869 5432 3001 5487 illud
3052 5432 3415 5486 admiratione

139 5542 372 5612 πλήξεώς
400 5545 519 5596 ἐστι
544 5541 606 5596 τὸ
636 5543 826 5614 ἔργον,
862 5540 938 5604 ὡς
967 5538 1221 5611 εἰρωνείᾳ
1259 5537 1558 5608 κέχρηνται
1585 5535 1721 5608 πρὸς

1835 5533 2041 5602 plenum
2078 5538 2202 5596 est;
2235 5535 2496 5599 quantam
2525 5527 2592 5582 ad
2617 5525 3130 5582 circumveniendos
3162 5524 3326 5580 rudes
3359 5530 3417 5578 ct

140 5634 341 5707 ἀπάτην
373 5635 485 5689 τῶν
510 5635 730 5703 ἀφελῶν
766 5633 862 5688 καὶ
896 5632 1172 5704 ἀκεραίων
1206 5632 1388 5702 φύσει.
1424 5629 1511 5693 Ὠς
1543 5630 1571 5682 6
1599 5627 1721 5698 ὄφις

1835 5625 2102 5696 simplices
2151 5621 2508 5678 calliditatem
2548 5637 2611 5678 ac
2652 5621 3054 5677 simulationem
3094 5619 3409 5674 adhibeant.

147 5726 374 5797 ἱιτῑάτησε
405 5727 506 5800 τὴν
529 5726 674 5781 Εῦαν
705 5726 976 5798 ἀκεραίαν
1018 5720 1208 5790 οὖσαν,
1246 5721 1325 5795 τῷ
1356 5719 1506 5792 αὑτῷ
1538 5719 1721 5792 τρόπῳ

1835 5715 1958 5772 Nam
1987 5722 2047 5770 ut
2092 5727 2319 5787 serpens
2361 5713 2528 5771 Evam
2569 5715 2852 5770 mulierem
2896 5713 3201 5769 simplicem
3245 5712 3408 5768 dece-

1804 5895 1827 5929 ⁸
1856 5893 2017 5951 Joan.
2065 5910 2178 5962 xw,
2220 5893 2307 5950 l7.
2387 5892 2406 5925 '
2435 5890 2740 5961 Rom.vut,
2774 5889 2828 5948 9.
2908 5889 2928 5922 ⁸
2967 5887 3115 5945 Psal.
3153 5901 3312 5956 mu,
3345 5888 3406 5947 8.

205 5905 223 5939 ⁸
251 5902 312 5970 Ε.
351 5904 454 5963 οὐκ
477 5905 726 5979 εἴπομεν.
807 5907 829 5938 ¹
856 5901 1018 5959 Joan.
1056 5917 1093 5962 ι.
1120 5900 1176 5958 9.
1287 5897 1308 5931 ³
1341 5894 1542 5953 lloan.
1568 5912 1608 5967 ι,
1641 5895 1702 5954 5.
