3826 6206
339 3331 346 3360 l

341 3411 350 3458 ἐ

351 3191 358 3210 ='
387 3178 555 3232 etiam
583 3181 915 3236 creaturam,
939 3171 1217 3238 inquiunt,
1241 3183 1363 3223 esse
1393 3166 1736 3220 conﬁtemur.
1761 3162 1978 3218 Etenim

389 3270 646 3324 Christus
692 3266 861 3336 janua
908 3263 1135 3325 dicitur,
1177 3269 1233 3316 et
1278 3260 1402 3324 via,
1439 3260 1732 3325 columna,
1784 3257 1977 3322 nubes,

354 319 461 376 9.35
1759 298 1814 352 S.
1853 293 1985 352 ΕΡΙΙ

2127 291 2195 346 ili
3521 287 3636 344 256»

357 433 434 500 pit
461 429 513 482 ίε
545 425 616 480 ita
653 423 728 478 illi
764 436 904 493 quos
937 417 1006 475 ad
1035 426 1220 488 partes
1259 427 1388 470 suas
1419 411 1673 484 pellicere
1703 410 1889 463 volunt
1917 445 1930 469 ,
1963 412 1985 467 Α

2127 445 2131 456 .
2167 396 2334 468 οῦτοι,
2385 400 2480 454 ἐὰν
2521 399 2718 454 θέλωσι
2769 396 3264 472 περιποιήσασθαιξ
3311 392 3372 446 τὸ
3412 397 3629 470 πρῶτον

359 490 592 591 primum
651 490 933 570 blanditiis
983 526 1046 566 ac
1119 506 1520 568 muniﬁcentia,
1576 503 1939 570 omnibusque

2127 514 2144 549 ν
2178 494 2491 558 κιλακείαις
2540 493 2785 558 πολλαῖς,
2826 496 2923 548 καὶ
2964 491 3215 563 δαψιλείᾳ
3241 490 3334 554 καὶ
3365 493 3631 562 προσοχῇ,

360 581 670 667 sedulitatis
713 606 914 660 ofﬁciis
946 602 1162 674 aggredi
1199 599 1410 663 solent;
1447 605 1558 650 tum
1595 590 1942 664 pollicitatio-

2127 588 2333 658 οσχέσει
2367 603 2425 640 τε
2459 585 2575 656 ἅμα
2609 587 2701 640 καὶ
2738 584 3109 657 φοϐερισμοῖς,
3144 585 3227 636 ὅτι
3261 582 3388 645 Τοῖς
3424 581 3631 651 βασιλι-

361 720 480 766 nes,
530 716 594 755 ac
643 711 882 754 terrores
940 695 1225 764 adjiciunt.
1286 688 1395 744 Vos
1441 688 1606 750 enim,
1666 684 1940 754 inquiunt,

2127 684 2159 748 ’ς
2207 679 2612 750 προστάγμασι,
2662 679 2757 731 καὶ
2793 677 2871 749 τῷ
2902 677 2997 733 τοῦ
3033 677 3301 748 βασιλέως
3335 675 3635 738 θὺάλεντθς

364 793 628 865 principis
666 791 882 855 edictis,
915 796 969 843 et
1020 783 1367 856 imperatoris
1399 779 1645 834 Valentis
1675 775 1943 831 voluntati

2127 770 2203 842 μῷ
2254 770 2620 836 ὲναντιοῦσθε,
2661 775 2773 835 τοῖς
2824 771 2899 842 μὴ
2946 770 3294 842 βουλομένοις
3345 769 3492 823 κατὰ
3541 768 3637 838 τὴν

364 885 638 942 resistitis.
691 885 764 937 lta
796 899 890 938 eos
925 881 1280 948 alloquuntur
1313 873 1404 945 qui
1451 890 1608 927 suum
1652 873 1716 925 ad
1749 871 1946 941 dogma

2127 864 2223 916 τῶν
2255 864 2433 917 πίστιν
2470 863 2754 936 φέρεσθαι.
2791 864 2903 918 Καὶ
2930 863 2982 916 τί
3013 873 3179 932 (pust;
3209 861 3264 915 τί
3307 861 3416 932 γάρ
3445 859 3640 913 ἐστινὸ

366 980 602 1032 transire
648 975 942 1030 noluerint.
1001 969 1204 1025 Deinde
1253 968 1382 1038 quid
1427 967 1642 1021 tandem
1691 965 1818 1019 est?
1861 964 1947 1016 in-

2127 971 2316 1025 (ομεν;
2352 954 2491 1027 αὕτη
2538 956 2686 1010 ἐστὶν
2718 957 2751 1027 ἡ
2785 956 2986 1023 πίστις,
3020 955 3181 1028 μόνον
3218 955 3274 1008 δὲ
3317 957 3401 1010 ὅτι
3437 952 3646 1006 κενοδο-

364 1072 581 1141 quinnt.
608 1067 747 1133 Quid
786 1062 1256 1135 porro‘dicimus?
1293 1059 1492 1114 Eadem
1528 1058 1658 1111 ﬁdes
1682 1065 1804 1122 est;
1841 1054 1946 1108 nisi

2127 1048 2209 1100 τε.
2234 1045 2461 1116 Ἴδωμεν
2487 1042 2601 1111 οὖν,
2633 1048 2680 1100 εί
2776 1047 2914 1118 αὑτή
2946 1048 3061 1100 ἐστι
3091 1043 3293 1109 πίστις.
3325 1044 3499 1097 Φασὶν
3523 1039 3644 1098 οὖν·

362 1132 510 1231 quod
542 1132 689 1213 inani
738 1132 924 1227 gloriae
975 1155 1158 1210 studio
1201 1153 1487 1207 ducimini.
1527 1149 1825 1204 Videamus
1853 1147 1951 1201 ita-

2127 1135 2462 1206 μολογοῦμεν
2487 1136 2576 1189 τὸν
2599 1137 2998 1210 γεγεννημένον
3030 1132 3160 1189 Υίὸν
3185 1138 3251 1189 ὲκ
3278 1134 3520 1205 Πατρὸς,
3557 1134 3650 1187 καὶ

363 1225 474 1324 que
507 1225 770 1307 eademne
802 1249 872 1301 sit
908 1246 1059 1300 ﬁdes.
1107 1245 1284 1314 Atque
1307 1243 1382 1296 illi
1431 1241 1651 1312 quidem
1688 1239 1768 1295 sic
1799 1253 1951 1293 asse-

2127 1245 2150 1280 ιι
2182 1227 2514 1300 ἀρνούμεθα.
2556 1228 2717 1282 Ἀλλὰ
2741 1228 2822 1286 δεῖ
2846 1229 3013 1301 ἡμᾶς,
3040 1228 3320 1304 φασὶκκαὶ
3348 1227 3412 1280 τὸ
3443 1225 3651 1296 κτίσμα

366 1319 537 1400 runt:
585 1343 922 1398 Conﬁtemur
971 1337 1167 1391 Filium
1219 1351 1283 1391 ex
1332 1335 1492 1390 Patre
1526 1333 1805 1407 genitum;
1850 1343 1952 1385 nec

2127 1320 2354 1390 ολογεῖν,
2384 1322 2476 1374 καὶ
2498 1321 2560 1376 τὸ
2585 1322 2710 1394 ποίη
2720 1339 2817 1394 μα.
2855 1322 3020 1376 Οὐδὲν
3042 1321 3100 1375 δὲ
3125 1319 3502 1392 ὴλιθιώτερον.
3541 1320 3652 1372 Πᾶν

364 1449 490 1491 eum
541 1447 836 1503 negamus;
885 1444 1073 1484 verum
1127 1427 1290 1482 nobis
1337 1437 1556 1495 quoque
1607 1433 1857 1476 creatura
1898 1424 1953 1475 et

2133 1432 2163 1485 ρ
2197 1414 2256 1467 τὸ
2283 1414 2599 1486 κτιζόμενον
2637 1415 2735 1486 οὑχ
2775 1415 2957 1486 ὅμοιον
2990 1414 3248 1485 τυγχάνει
3282 1413 3363 1483 τῷ
3389 1428 3658 1482 γεγεννη-

368 1527 648 1598 opiﬁcium
689 1521 1082 1578 conﬁtendum.
1115 1519 1236 1585 Quo
1270 1517 1489 1588 quidem
1534 1514 1671 1569 nihil
1718 1521 1803 1568 est
1835 1511 1953 1566 ine-

2130 1525 2225 1578 νῳ,
2255 1506 2378 1560 οὑτε
2409 1508 2468 1571 τὸ
2498 1506 2838 1579 γεννώμενον
2865 1509 3049 1579 ὅμοιον
3079 1507 3159 1579 τῷ
3188 1506 3521 1578 κτιζομένῳ,
3553 1503 3660 1575 μάν

369 1622 549 1692 ptius;
592 1616 858 1689 quidquid
916 1615 1060 1670 enim
1113 1619 1357 1667 creatum
1397 1617 1515 1674 est,
1568 1606 1835 1663 dissimile
1870 1611 1954 1659 est

2127 1617 2214 1652 na
2247 1600 2380 1671 πρὸς
2423 1601 2636 1671 ἐκείνην
2681 1601 2781 1668 τὴν
2829 1602 2959 1672 μίαν
2991 1601 3273 1673 ἀκραιφνῆ
3313 1601 3408 1654 καὶ
3439 1600 3666 1654 τελεία*

371 1714 576 1783 genito.
607 1724 781 1780 neque
811 1705 957 1777 quod
988 1705 1227 1774 genitum
1253 1709 1337 1757 est
1365 1742 1380 1765 ,
1419 1708 1603 1755 creato
1627 1697 1805 1755 simile
1835 1701 1952 1760 est;

2127 1692 2266 1745 σίαν.
2304 1693 2488 1747 Πάντα
2517 1693 2625 1765 γὰρ
2671 1692 2775 1745 ὑπὸ
2813 1692 2949 1747 Θεοῦ
2996 1693 3276 1756 ἔκτισται·
3319 1693 3485 1764 μόνος
3531 1692 3594 1745 δὲ
3633 1693 3663 1745 ό

371 1753 576 1783 θυαμ..
607 1753 781 1780 ..-γη
813 1753 957 1777 τ.--
1258 1753 1333 1757 -__
1367 1753 1380 1765 ,
1429 1753 1463 1755 _,
1489 1753 1502 1754 ,
1636 1753 1645 1755 ν
1939 1753 1950 1760 ,

371 1803 676 1876 praesertim
721 1799 766 1855 si
812 1798 879 1853 de
930 1799 1146 1853 sincera
1199 1794 1290 1847 illa
1361 1791 1714 1864 perfectaque
1761 1795 1955 1842 natura

2129 1784 2187 1848 ὸς
2221 1783 2315 1837 τοῦ
2338 1782 2474 1836 Θεοῦ
2494 1753 2838 1855 γεγέννηται,
2854 1785 2947 1836 καὶ
2978 1753 3138 1854 μόνον
3163 1753 3224 1836 τδ
3248 1753 3404 1876 iri-0v
3431 1753 3665 1854 Πνεῦμα

374 1909 554 1951 sermo
583 1893 672 1948 sit.
711 1888 844 1944 Nam
873 1888 1056 1942 omnia
1080 1901 1109 1940 a
1140 1887 1250 1940 Deo
1273 1891 1454 1939 creata
1490 1889 1652 1946 sunt;
1685 1879 1837 1934 solus
1864 1877 1957 1932 Dei

2165 1876 2378 1947 Πατρδς
2410 1875 2668 1946 προῆλθε,
2706 1875 2800 1928 και
2846 1875 2905 1940 ιε
2939 1873 3068 1929 Υίοῦ
3105 1875 3284 1930 ἔλαϐε.
3323 1861 3403 1928 Τὰ
3434 1875 3492 1928 δὲ
3526 1875 3663 1930 ἄλλα

376 1985 547 2039 Filius
578 1983 794 2053 genitus
827 1988 931 2043 est,
969 1993 1032 2032 ac
1071 1977 1225 2032 solus
1259 1973 1498 2045 Spiritus
1533 1979 1758 2027 sanctus
1793 1984 1823 2022 a
1859 1968 1960 2022 Pa-

2127 1973 2238 2024 ὶντα
2263 1969 2477 2032 κτιστὰ,
2507 1968 2602 2022 κα)⁸
2623 1967 2748 2023 οὕτε
2775 1968 3108 2041 προελθόντα
3131 1970 3195 2024 ὲκ
3220 1963 3434 2041 Πατρὸς
3458 1969 3666 2040 προῆλ-

377 2086 459 2132 tre
493 2075 798 2146 processit'
841 2079 896 2126 et
925 2086 955 2125 a
995 2068 1132 2123 Filio
1173 2067 1385 2136 accepit
1415 2067 1458 2118 ³.
1507 2063 1716 2119 Czetera
1776 2060 1961 2117 omnia

2127 2081 2173 2127 ν,
2207 2061 2331 2115 οὔτε
2363 2061 2457 2115 τοῦ
2488 2061 2618 2115 Υίοῦ
2644 2061 3011 2132 λαμϐάνοντα,
3043 2062 3180 2126 ἀλλά
3213 2063 3278 2116 ὲκ
3307 2061 3401 2124 τοῦ
3435 2060 3670 2134 πληρώ-

378 2176 561 2224 creata
619 2173 783 2229 sunt;
842 2176 1021 2232 neque
1051 2177 1080 2214 a
1125 2159 1284 2212 Patre
1325 2164 1742 2228 processerunt;
1785 2170 1963 2224 neque

2127 2171 2234 2216 ιτος
2260 2152 2352 2206 τοῦ
2405 2151 2558 2219 Υῐοῦ,
2606 2152 2789 2216 καθὼς
2830 2154 3182 2225 γέγραπται·
3228 2153 3311 2222 Τῷ
3350 2153 3462 2222 γὰρ
3496 2155 3668 2223 Λόγῳ

2064 2245 2171 2298 τοῦ
2201 2243 2349 2298 Θεοῦ
2378 2244 2450 2298 τὰ
2479 2243 2677 2298 πάντα
2703 2243 3182 2314 ἐστερεώθησαν,
3215 2246 3314 2298 καὶ
3356 2243 3440 2310 τῷ
3482 2247 3669 2299 πνεύ-

2060 2356 2201 2409 ματι
2244 2337 2350 2391 τοῦ
2405 2328 2706 2408 στόματος
2751 2339 2937 2392 αὑτοῦ
2992 2337 3161 2409 arida
3202 2339 3240 2406 ἡ
3267 2339 3530 2409 δύναμις
3559 2341 3672 2398 αἰε-

2067 2429 2206 2485 τῶν,
2256 2429 2438 2494 Ἀλλὰ,
2498 2429 2654 2499 φασὶ,
2713 2429 2793 2482 δεῖ
2843 2429 3126 2501 ὁμολογεῖν
3168 2431 3264 2495 καὶ
3317 2429 3379 2482 τὸ
3426 2430 3668 2501 κτίσμα·

2069 2522 2256 2593 ἐπειδὴ
2285 2517 2437 2574 εἶπεν
2473 2523 2505 2590 ἡ
2553 2520 2766 2592 Γραφὴ,
2817 2521 3222 2594 τροπικώτερον
3263 2521 3566 2593 λεγόμενον
3612 2522 3675 2574 τὸ

2069 2614 2296 2685 κτίσμα,
2349 2614 2443 2668 καὶ
2486 2613 2766 2685 τροπικῶς
2804 2614 3093 2686 λεγόμενον
3144 2615 3205 2672 τὸ
3239 2616 3511 2686 γέννημα.
3554 2614 3678 2670 Κᾶν

378 2730 490 2787 que
537 2713 680 2769 fetus
727 2728 822 2783 per
873 2719 1090 2781 tropum
1124 2723 1188 2762 ac
1239 2707 1615 2776 metaphoram
1662 2703 1967 2772 usurpavit.

2127 2706 2266 2777 ηγὰρ
2300 2705 2544 2780 εἴπωμεν
2575 2707 2842 2777 γέννημα,
2887 2707 2985 2777 οὑχ
3044 2706 3119 2772 ὡς
3160 2707 3216 2761 ἓν
3246 2708 3355 2761 τῶν
3396 2707 3683 2778 γεννημά-

383 2807 566 2875 Quare
596 2805 698 2861 etsi
729 2804 896 2859 fetum
940 2802 1300 2873 appellemus,
1346 2815 1452 2852 non
1489 2797 1678 2853 eadem
1715 2795 1835 2867 ejus
1864 2803 1970 2861 est,

2127 2817 2179 2852 ev
2214 2798 2466 2870 ἐροῦμεν.
2513 2799 2655 2869 "Apr:
2707 2794 2799 2852 οὑν
2839 2801 2898 2852 ὲν
2951 2793 2995 2868 ᾧ
3051 2800 3236 2871 ἐροῦσι
3283 2801 3344 2860 τὸ
3399 2801 3681 2874 γέννημα,

385 2917 450 2956 ac
477 2906 802 2954 czeterorum
848 2895 1054 2950 fetuum
1115 2894 1276 2947 ratio.
1312 2890 1479 2961 753
1523 2887 1795 2956 Quocirca
1842 2887 1974 2941 dum

2127 2893 2167 2945 tt
2209 2893 2307 2944 οὑκ
2356 2892 2608 2964 ἀληθινὸν
2654 2893 2714 2945 τὺ
2763 2893 3029 2965 γέννημα,
3083 2894 3209 2958 τοὺς
3248 2875 3686 2967 ἀκεραιοτὲρους

389 2993 531 3048 fetus
553 2991 878 3046 vocabulum
913 2990 994 3044 sic
1029 2995 1335 3059 usurpant,
1365 3000 1552 3038 verum
1579 2990 1637 3037 ut
1661 2996 1782 3036 esse
1806 2979 1974 3034 fetum

2127 2985 2351 3040 πατῶσι.
2404 2985 2513 3038 Καὶ
2563 2985 2624 3039 τὸ
2677 2987 2885 3058 κτίσμα
2931 2987 2987 3040 δὲ
3033 2988 3432 3060 ὁμολογοῦμεν,
3488 2991 3684 3060 φασίν.

390 3087 483 3142 Dei
515 3084 712 3139 Filium
733 3090 952 3154 negent,
978 3077 1410 3150 simplicioribus
1433 3075 1688 3131 illudunt.
1708 3074 1974 3127 Praeterea

2127 3079 2311 3152 Επειδὴ
2338 3078 2444 3153 γὰρ
2474 3081 2566 3134 καὶ
2599 3080 2740 3152 θύρα
2767 3080 3027 3152 κέκληται
3059 3083 3088 3135 ὁ
3117 3083 3371 3153 Χριστὸς,
3409 3085 3504 3138 κα)⁵
3534 3085 3686 3156 ὁδὸς,

2081 3171 2174 3224 καὶ
2208 3171 2418 3236 στύλος,
2451 3171 2544 3224 καὶ
2572 3172 2794 3242 νεφέλη,
2842 3174 2937 3226 καὶ
2982 3174 3176 3245 πέτρα,
3210 3176 3303 3230 καὶ
3338 3176 3552 3248 ἀρνίον,
3588 3177 3691 3232 καὶ

2083 3261 2274 3332 ἀμνὸς,
2305 3263 2399 3318 καὶ
2438 3263 2695 3336 χίμαρος,
2727 3265 2822 3317 καὶ
2857 3264 3077 3335 μόσχος,
3109 3266 3202 3320 καὶ
3244 3266 3402 3332 λέων,
3443 3269 3542 3336 καί
3581 3287 3692 3342 πη-

2083 3353 2174 3423 γὴ,
2204 3353 2298 3406 καὶ
2324 3353 2504 3422 σοφία,
2535 3355 2630 3408 καὶ
2656 3354 2849 3424 Λόγος,
2883 3356 2980 3408 καὶ
3003 3355 3150 3426 Υἱὸς,
3175 3360 3271 3412 καὶ
3304 3359 3560 3429 ἄγγελος,
3593 3364 3694 3418 καὶ

2084 3446 2339 3515 Χριστὸς,
2378 3447 2470 3504 καὶ
2503 3446 2718 3519 Σωτὴρ,
2751 3446 2844 3501 καὶ
2876 3447 3098 3519 Κύριος,
3127 3450 3219 3503 καὶ
3251 3450 3563 3523 ἄνθρωπος,
3597 3455 3692 3508 καὶ

2088 3539 2215 3606 Υἱὸς
2250 3537 2560 3611 ἀνθρώπου,
2607 3539 2701 3594 καὶ
2733 3539 2881 3604 λίθος
2913 3542 3330 3612 ἀκρογωνιαῖος,
3375 3545 3470 3604 καὶ
3510 3546 3690 3620 ἣλιος,

378 2277 409 2314 a
444 2259 583 2314 Filio
610 2265 963 2326 acceperunt;
983 2253 1076 2309 sed
1096 2270 1159 2308 ex
1187 2251 1524 2323 plenitudine
1546 2249 1691 2314 Filii,
1719 2250 1794 2303 uti
1824 2249 1964 2304 scri-

379 2364 531 2424 ptum
565 2359 649 2406 est
674 2350 736 2402 δε
771 2349 1017 2418 Quippe,
1063 2346 1226 2400 Verbo
1268 2345 1479 2398 Domini
1515 2344 1693 2396 omnia
1746 2343 1965 2413 ﬁrmata

379 2453 523 2506 sinit,
547 2449 596 2495 et
632 2440 821 2507 spiritu
845 2439 955 2492 oris
979 2436 1092 2506 ejus
1123 2436 1290 2488 omnis
1319 2434 1482 2487 virtus
1511 2447 1692 2486 eorum
1722 2431 1765 2483 ⁵.
1798 2431 1963 2500 Atqui

379 2533 544 2587 etiam
583 2540 893 2584 creaturam
942 2527 1194 2582 conﬁteri
1246 2541 1347 2580 nos
1396 2531 1645 2594 oportet,
1691 2523 1966 2593 inquiunt,

381 2621 822 2695 quandoquidem
858 2620 1144 2690 Scriptura
1184 2626 1453 2672 creaturae
1495 2629 1716 2678 nomen,
1748 2613 1968 2668 itidem-

395 3368 571 3433 petra,
601 3359 742 3424 ovis,
775 3371 969 3428 agnus,
1032 3352 1244 3418 haedus,
1290 3350 1518 3415 vitulus,
1555 3349 1660 3414 leo,
1703 3347 1848 3410 fons,
1893 3361 1982 3402 sa-

383 3449 621 3532 ;pieutia,
663 3445 924 3510 Verbum,
970 3442 1166 3507 Filius,
1199 3441 1450 3512 angelus,
1485 3439 1763 3505 Christus,
1801 3438 1986 3493 Salva-

384 3537 502 3603 tor.
541 3540 826 3601 Dominus,
862 3538 1053 3600 homo,
1085 3534 1258 3590 Filius
1285 3533 1524 3588 hominis
1545 3574 1559 3598 ,
1585 3533 1723 3602 lapis
1753 3532 1982 3602 angula-

396 3637 497 3698 ris,
530 3635 632 3697 sol,
656 3631 939 3702 propheta,
973 3629 1152 3701 panis,
1182 3643 1298 3693 rex,
1329 3627 1688 3691 architectus,
1723 3627 1982 3697 agricola,

357 3739 362 3744 '
397 3733 608 3796 pastor,
641 3721 792 3787 vitis,
817 3728 872 3774 et
903 3720 954 3774 id
983 3734 1157 3790 genus
1184 3719 1309 3772 alia.
1342 3718 1419 3772 Ita
1448 3725 1502 3773 et
1536 3726 1869 3780 creaturam,
1905 3719 1989 3770 in-

330 3812 338 3828 ’
397 3817 614 3889 quium,
655 3816 829 3869 abusu
859 3812 1094 3883 quodam
1126 3810 1371 3866 nominis
1413 3809 1753 3881 appellamus
1782 3826 1796 3877 ;
1825 3809 1988 3880 idque

399 3910 559 3966 nobis
593 3908 823 3962 omnino'
847 3903 1130 3960 fatendum
1171 3910 1277 3958 est.

415 4031 418 4034 -
469 3999 690 4056 XXXV.
741 4002 926 4070 Apage
972 3999 1295 4053 sceleratam
1351 3995 1499 4050 illam
1560 3995 1876 4066 opinionem
1937 4003 1992 4050 et

400 4097 693 4160 callidam;
726 4108 826 4148 nec
856 4093 1136 4163 permittat
1162 4105 1402 4160 unquam
1439 4089 1725 4152 Dominus,
1761 4091 1906 4145 ullus
1931 4096 1992 4143 ut

401 4205 470 4244 ex
507 4189 755 4243 veritatis
801 4185 932 4240 ﬁliis
973 4183 1244 4254 ejusmodi
1289 4183 1640 4238 cavillatione
1688 4185 1994 4238 circumve-

404 4283 589 4338 niatur
613 4298 628 4347 ;
655 4289 815 4350 atque
858 4279 925 4334 iis
954 4277 1259 4332 rationibus
1297 4277 1558 4334 inductus
1594 4289 1861 4335 creaturae
1891 4294 1993 4334 no-

407 4391 530 4428 men
560 4373 628 4428 ad
665 4372 756 4426 Dei
787 4369 986 4425 Filium
1019 4372 1421 4425 accommodari
1451 4387 1615 4442 posse
1640 4374 1742 4428 sibi
1769 4388 1997 4444 persua-

2088 3633 2184 3697 καὶ
2222 3633 2528 3704 προφήτης,
2580 3632 2673 3686 καὶ
2711 3632 2897 3704 ἄρτος,
2953 3635 3048 3688 καὶ
3097 3635 3372 3706 βασιλεὺς,
3419 3639 3516 3694 καὶ
3544 3640 3694 3694 οίκο-

2088 3724 2269 3795 δόμος,
2309 3725 2401 3782 καὶ
2433 3725 2698 3795 γεωργὸς,
2749 3726 2843 3778 καὶ
2889 3727 3116 3799 ποιμὴν,
3153 3730 3247 3782 καὶ
3291 3729 3561 3800 ἄμπελος,
3599 3733 3693 3788 καὶ

2089 3819 2190 3871 ὅσα
2239 3815 2483 3877 τοιαῦτα.
2535 3816 2712 3880 Οὑτω,
2756 3817 2911 3886 φασὶ,
2963 3819 3142 3872 καὶτὸ
3188 3820 3394 3892 κτίσμα
3433 3821 3691 3894 λέγομεν.

2091 3907 2578 3980 καταχρηστικῶς·
2615 3907 2698 3962 δεῖ
2724 3908 2835 3981 γὰρ
2857 3909 3004 3981 ἡμᾶς
3032 3910 3331 3981 ὁμολογεῖν.

2163 4000 2284 4059 AE’.
2323 4000 2495 4069 Φεῦγε
2529 4001 2630 4073 τῆς
2672 4001 2929 4074 τοιαύτης
2958 4004 3136 4075 κακῆς
3165 3994 3420 4070 ὑπονοίας
3459 4009 3560 4062 καὶ
3595 4027 3696 4063 πα-

2093 4096 2371 4168 νουργίας.
2411 4094 2503 4167 Μὴ
2541 4095 2652 4168 δῴη
2703 4095 2910 4168 Κύριός
2965 4115 3069 4150 τινι
3115 4097 3224 4152 τῶν
3281 4099 3382 4170 τῆς
3432 4101 3695 4172 ἀληθείας

2095 4189 2227 4242 υἱῶν
2260 4189 2570 4264 ὑπαχθῆναι
2599 4192 2664 4263 τῇ
2707 4189 2930 4262 τοιαύτῃ
2961 4193 3233 4264 είρωνείᾳ,
3267 4193 3352 4246 ἵνα
3387 4195 3428 4226 ¹¹
3461 4195 3557 4255 διὰ
3592 4197 3695 4250 τῶν

2098 4281 2356 4334 τοιούτων
2393 4273 2706 4335 ὑποθέσεων
2741 4281 2836 4334 καὶ
2866 4281 2926 4333 τὸ
2949 4282 3043 4336 τοῦ
3077 4284 3377 4353 κτίσματος
3407 4284 3587 4357 ὄνομα
3618 4291 3696 4352 εἰς

2097 4375 2186 4429 τὸν
2218 4373 2346 4428 Υίὺν
2379 4373 2472 4428 τοῦ
2499 4373 2633 4427 Θεοῦ
2657 4373 3034 4446 εἰσδεξάμενον
3064 4375 3373 4446 πεισθῆναι,
3400 4379 3499 4431 καὶ
3525 4378 3698 4442 οὕτως

408 4463 554 4528 deat,
597 4471 760 4532 atque
787 4462 860 4515 ita
888 4461 1230 4530 proﬁteatur.
1271 4461 1478 4515 Etenim
1516 4461 1680 4532 hujus
1714 4466 1870 4520 nobis
1899 4481 1985 4536 ap-

2134 4467 2380 4538 μολογεῖν
2397 4485 2409 4498 ·
2443 4466 2684 4520 δότωσαν
2709 4465 2818 4537 γὰρ
2852 4468 2985 4539 ἡμῖν
3017 4466 3208 4521 τούτου
3235 4468 3335 4540 τὴν
3359 4471 3582 4540 χρῆσιν,
3609 4473 3699 4524 καὶ

410 4556 718 4628 pellalionis
746 4569 930 4616 usum,
963 4565 1124 4624 atque
1146 4555 1448 4625 explicatas
1477 4556 1718 4613 rationes
1744 4557 1993 4612 aﬁ‘erant.

409 4643 545 4698 Nam
580 4643 672 4696 illa
719 4643 940 4712 quidem
987 4643 1168 4696 omnia
1211 4659 1308 4712 per
1347 4645 1689 4701 catachresin
1729 4663 1999 4718 usurpan-

410 4753 522 4806 tur,
573 4757 749 4812 neque
785 4738 908 4794 Filii
958 4739 1301 4795 divinitatem
1363 4742 1653 4812 impetunt,
1701 4752 1793 4798 aut
1851 4745 1997 4802 illius

409 4837 706 4893 essentiam
746 4851 773 4887 a
807 4842 1030 4904 paterna
1062 4835 1171 4887 ulla
1198 4851 1262 4888 ex
1289 4844 1443 4903 parte
1477 4835 1710 4892 deﬁcere
1740 4847 1996 4908 arguunt.

412 4929 540 4984 Sive
574 4928 782 4998 janua‘
817 4939 1039 4982 vocetur
1088 4945 1100 4989 ;
1143 4928 1400 4997 quoniam
1449 4945 1544 4998 per
1590 4929 1738 4984 illum
1776 4932 2008 5002 ingredi-

411 5037 567 5088 mur;
619 5009 739 5075 sive'
777 5020 865 5074 via
895 5020 938 5086 ",
967 5020 1225 5090 quoniam
1262 5036 1356 5090 per
1393 5021 1572 5090 ipsum
1617 5023 2002 5090 ambulamus;

413 5115 527 5170 sive
563 5114 844 5179 columna,
886 5113 1029 5184 quod
1064 5113 1311 5167 veritatis
1340 5113 1741 5168 ﬁrmamentum
1776 5116 1865 5170 ille
1898 5116 2001 5180 sit;

418 5208 532 5263 sive
564 5209 768 5272 nubes,
815 5207 962 5277 quod
1003 5207 1285 5263 lsraelitas
1315 5207 1612 5275 protexerit
1641 5208 1693 5273 κς
1728 5209 1841 5264 sive
1895 5211 2003 5264 alio

420 5302 583 5355 modo
612 5302 890 5365 columna,
922 5311 1142 5373 propter
1174 5301 1317 5373 ignis
1345 5301 1492 5355 illius
1518 5301 1889 5370 splendorem,
1911 5305 2003 5374 qui

421 5408 519 5462 per
551 5395 898 5449 solitudinem
947 5395 1124 5449 illuxit
1151 5397 1203 5460 9;
1245 5395 1360 5450 sive
1407 5411 1607 5448 manna
1636 5395 1700 5460 ιο,
1746 5399 2002 5465 quoniam

420 5486 698 5540 cmlestem
734 5487 886 5541 illum
917 5503 1105 5557 panem
1139 5496 1504 5559 negaverant;
1534 5487 1648 5544 sive
1682 5489 1860 5558 panis,
1881 5491 2007 5560 quia

500 5743 516 5773 ί
559 5739 695 5795 Gen.
727 5755 811 5801 Ill,
844 5740 866 5793 1
899 5755 1017 5810 sqq.
1043 5809 1072 5810 η
1098 5740 1117 5769 ¹
1147 5737 1307 5794 Joan.
1344 5755 1431 5797 xv.
1467 5736 1556 5810 26.

424 5813 448 5845 τ
475 5810 642 5881 ξοοιι.
676 5828 788 5881 xnv,
810 5810 864 5867 6.

1642 5739 1659 5768 ³
1685 5737 1843 5790 Joan.
1876 5753 1987 5792 XVI.
2019 5735 2101 5796 Η,
2137 5734 2219 5786 13.

979 5807 999 5844 ⁸
1033 5809 1206 5866 Exod.
1238 5825 1358 5878 xm,
1383 5810 1475 5880 2|,
1497 5808 1588 5862 (ἑοὶ.
1667 5811 1686 5840 ο
1712 5807 1883 5863 Exod.
1915 5823 2022 5874 xiv,
2063 5807 2150 5862 l9.

2103 4558 2200 4630 τὴν
2232 4559 2340 4612 τῶν
2381 4557 2659 4628 λογισμῶν
2691 4558 2969 4612 ἀπόδοσιν.
3006 4561 3191 4624 Πάντα
3221 4559 3330 4633 γὰρ
3372 4564 3561 4617 ἐκεῖνα
3605 4581 3699 4618 κα-

2104 4650 2488 4722 ταχρηστικῶς
2515 4651 2748 4722 εἴρηται.
2783 4651 2936 4704 οὐδὲν
2962 4653 3041 4718 εἰς
3067 4652 3164 4726 τὴν
3193 4652 3424 4725 θεότητα
3449 4655 3548 4709 τοῦ
3574 4656 3699 4710 rio-3

2107 4743 2502 4813 ὲνσκήπτοντα,
2538 4742 2662 4796 οὔτε
2707 4741 2900 4813 ἐλλιπῆ
2936 4744 3234 4815 ποιούμενα
3283 4747 3421 4815 πρὸς
3459 4749 3556 4802 τὸν
3590 4749 3701 4802 Πα-

2105 4837 2239 4910 τέρα
2268 4839 2370 4910 τῆς
2417 4837 2580 4892 αὑτοῦ
2626 4839 2959 4910 οὑσιότητος.
3006 4841 3125 4894 Κᾶν
3165 4858 3224 4894 τε
3272 4841 3412 4916 θύρα
3457 4843 3699 4916 λεχθείη,

2105 4930 2290 5002 ἐπειδὴ
2322 4931 2390 4983 δι’
2424 4929 2587 4983 αὑτοῦ
2618 4931 3005 5002 εἰσερχόμεθα·
3039 4935 3140 4988 κᾶν
3171 4951 3230 4987 τε
3255 4934 3394 4999 ὁδὸς,
3425 4938 3616 5008 tri-sttit
3640 4939 3700 4991 δι’

2105 5019 2270 5073 αὑτοῦ
2312 5019 2622 5092 βαδίζομεν,
2659 5020 2760 5074 κάν
2800 5039 2858 5074 τε
2908 5021 3120 5088 στύλος,
3150 5025 3336 5094 ἐπειδὴ
3366 5027 3532 5091 αὑτός
3558 5030 3699 5081 ἐστιν

2109 5113 2389 5184 ἑδραίωμα
2422 5114 2520 5184 τῆς
2546 5113 2832 5185 ἀληθείας·
2867 5113 2966 5168 κᾶν
2991 5133 3048 5168 τε
3078 5117 3294 5187 νεφέλη,
3324 5119 3512 5188 ἐπειδὴ
3545 5103 3727 5174 ὲσκέ·’

2110 5221 2251 5256 πασε
2300 5205 2427 5268 τοὺς
2459 5206 2609 5268 υἱοὺς
2653 5205 2897 5279 Ἰσραήλ·
2937 5206 3037 5260 κᾶν
3074 5224 3133 5259 τε
3169 5208 3357 5272 στύλος
3387 5209 3476 5262 διὰ
3507 5211 3568 5264 τὸ
3600 5229 3698 5280 (pw—

2111 5296 2284 5350 τεινὸν
2325 5296 2417 5350 τοῦ
2452 5296 2643 5368 πυρὸς,
2677 5297 2705 5349 ὃ
2751 5297 3017 5366 ἐφώτισεν
3057 5300 3114 5354 ἐν
3143 5303 3209 5370 τῇ
3247 5302 3438 5373 ἐρήμῳ
3461 5319 3474 5332 ·
3522 5303 3624 5355 κᾶν
3650 5320 3698 5356 τε

2118 5390 2311 5460 μάννα,
2345 5389 2535 5461 ἐπειδὴ
2585 5390 2895 5461 ἠρνήσαντο
2943 5391 3105 5444 αὑτὸν
3139 5393 3302 5465 ἄρτον
3350 5395 3697 5466 ἐπουράνιον·

2117 5483 2217 5537 κᾶν
2247 5501 2305 5535 τε
2338 5482 2524 5553 ἄρτος,
2551 5483 2739 5553 ἐπειδὴ
2763 5483 2831 5535 δι’
2861 5483 3023 5536 αὑτοῦ
3055 5486 3578 5558 ίσχυροποιούμ-εθα·
3611 5491 3700 5544 κᾶν

2299 5733 2318 5762 ⁸⁸
2345 5731 2502 5785 Joan.
2531 5746 2568 5790 l,
2600 5731 2682 5783 16.
2764 5732 2784 5761 ³
2816 5728 2960 5784 Psal.
2989 5747 3160 5795 xuii,
3191 5733 3244 5785 ί).
3325 5733 3344 5759 ⁸
3375 5731 3531 5784 Joau.
3565 5747 3618 5796 ι,
3648 5729 3696 5785 9.

2230 5805 2272 5836 ¹⁰
2305 5801 2477 5858 l‘lxod.
2513 5818 2625 5868 xvi,
2653 5803 2735 5858 l5.
2817 5803 2858 5834 “
2894 5800 3000 5858 Pro
3035 5802 3122 5855 ἴνα
3161 5803 3263 5869 leg.
3297 5799 3413 5857 καί.
