3826 6206
156 251 262 311 *ιε-ι

889 256 1261 318 ADVERSUS
1297 261 1640 323 ILERESES
1675 268 1804 330 LIB.
1834 271 1900 329 ll.
1925 272 2089 331 ΤΟΜ.
2131 277 2192 333 ll.
2215 310 2280 322 -
2307 281 2579 342 HIERES.
2619 285 2804 346 LXIX.

3297 299 3404 382 ea

161 382 217 420 τε
244 364 483 435 ἄγγελος,
523 365 709 438 ὶπὲιδὴ
743 369 987 443 μεγάλης
1031 373 1226 448 βουλῆς
1256 377 1503 447 ἄγγελος.
1551 381 1696 453 Ὁμώ

1829 399 1928 442 nos
1959 387 2245 445 conﬁrmat
2279 406 2342 448 ac
2375 397 2600 451 roborat
2628 399 2680 466 ¹;
2715 399 2830 456 sive
2874 403 3117 474 angelus,
3149 401 3403 478 quoniam

157 477 314 530 νυμον
338 460 442 530 γάρ
473 461 587 514 ἐστι
625 461 686 516 τὸ
717 461 812 516 τοῦ
842 464 1076 533 ἀγγέλου
1103 463 1291 540 ὄνομα.
1342 465 1587 536 Ἐδέξατο
1615 472 1723 546 γὰρ

160 549 189 623 ἡ
231 548 390 603 Ῥαὰϐ
426 550 548 613 τοὺς
591 551 857 619 ἀγγέλους
882 570 896 585 ι
922 555 1016 608 καὶ
1067 557 1178 610 οὐκ
1219 555 1358 630 ἦσαν
1420 561 1639 630 ἄγγελοι
1671 567 1720 617 οἱ

153 640 558 710 ἀπεσταλμένοι,
594 643 708 695 ἀλλ’
735 643 768 715 ἢ
803 647 852 698 οἱ
897 647 1321 718 ἁναγγείλαντες
1349 653 1599 726 περὶτοῦ
1631 657 1720 710 τόδ

161 748 268 786 που.
312 732 462 785 Οῦτω
503 734 598 786 καὶ
637 737 666 788 ὁ
699 738 1030 810 Μονογενὴς,
1097 743 1283 815 ἐπειδὴ
1327 745 1619 817 ἀνήγγειλε
1657 750 1719 803 τὸ

151 823 349 894 θέλημα
378 825 468 878 τοῦ
501 828 711 900 [ἰατρὸς
741 831 852 894 τοῖς
883 831 1212 904 ἀνθρώποις,
1253 829 1493 910 μεγάλης
1523 841 1718 914 βουλῆς

149 915 382 984 ἄγγελος,
412 920 467 970 ὲν
493 918 573 989 τῷ
607 920 795 992 κόσμῳ
823 923 1172 993 ἀναγγέλλων
1197 929 1297 999 τὴν
1326 931 1566 1003 μεγάλην
1592 929 1717 1002 βου-

150 1007 255 1078 λήν.
283 1008 382 1062 Καὶ
407 1008 574 1074 λίθος,
610 1013 709 1066 οὐκ
751 1015 1076 1088 ἀναίσθητος
1113 1019 1142 1071 ὁ
1171 1019 1336 1087 λίθος,
1376 1021 1510 1077 ἀλλὰ
1543 1033 1715 1079 κατα-

148 1095 461 1164 χρηστικῶς,
493 1098 582 1152 διά
617 1100 678 1153 τὸ
719 1103 1050 1176 πρόσκομμα
1093 1110 1375 1177 γεγονέναι
1419 1111 1712 1182 Ἰουδαίοις,

143 1185 265 1256 ἡμῖν
302 1185 356 1238 δὲ
395 1187 640 1258 θεμέλιον
671 1194 961 1265 σωτηρίας.
985 1198 1096 1250 Καὶ
1125 1199 1517 1271 ἀκρογωνιαϊος
1545 1205 1711 1272 λίθος,

138 1276 223 1330 διὰ
242 1276 299 1330 τὺ
319 1279 634 1348 ὲπισφίγξαι
663 1284 906 1339 Παλαιὰν
937 1291 1030 1342 καὶ
1055 1289 1200 1345 Νέαν
1229 1291 1527 1367 Διαθήκην,
1556 1313 1714 1370 περι-

144 1367 304 1437 τομήν
328 1384 385 1421 τε
434 1371 528 1423 καὶ
562 1373 927 1443 ἀκροδυστίαν
971 1380 1050 1443 εἰς
1104 1382 1234 1451 μίαν
1263 1383 1477 1441 ἕνωσιν.
1518 1367 1713 1459 Ἀμνὺς

145 1458 211 1522 δὲ,
235 1458 315 1513 διὰ
341 1461 403 1513 τὸ
429 1462 656 1530 ἄκακον,
687 1467 778 1520 καὶ
807 1468 868 1520 τὸ
896 1469 963 1522 δι’
993 1473 1156 1526 αὑτοῦ
1187 1475 1285 1546 τὴν
1309 1458 1712 1549 ἁμαρτίανάπὸ

143 1550 238 1603 τῶν
284 1551 586 1623 ἀνθρώπιον
633 1559 949 1627 ἠφανίσθαι,
989 1565 1048 1618 ὲν
1091 1566 1170 1636 τῷ
1212 1567 1376 1621 αὑτὸν
1423 1572 1500 1642 τῷ
1537 1567 1712 1645 Harp).

144 1646 553 1717 προσενηνέχθαι
583 1650 854 1722 πρόὸατον
894 1655 974 1718 είς
1023 1659 1266 1730 σφαγήν·
1313 1659 1501 1731 ἐπειδὴ
1545 1659 1708 1734 ἦλθεν

143 1735 266 1808 ὑπὲρ
308 1739 468 1810 ἡμῶν
515 1742 707 1797 παθεῖν
738 1747 768 1798 ὁ
799 1746 1039 1819 ἀπαθὴς,
1070 1723 1166 1802 divad
1192 1723 1372 1821 vilitati;
1421 1723 1704 1827 σωθιῦμεν.
1739 1723 1782 1784 Β

136 1831 238 1883 Καὶ
261 1830 313 1883 ετ
336 1833 388 1886 τί
432 1835 581 1888 ἐστιν
617 1836 802 1909 ἕτερον
834 1843 953 1903 ταῖς
986 1842 1174 1907 αὑταῖς
1206 1846 1436 1915 κρήσεσι
1465 1849 1707 1920 συμϐαλδ

141 1918 346 1990 λόμενον
397 1926 480 1988 είς
531 1929 804 1999 σωτηρίαν
844 1931 977 1985 υίῶν
1007 1933 1115 1988 τῶν
1163 1933 1487 2007 ἀνθρώπων,
1538 1918 1708 1995 κατα-

139 2018 432 2085 χρηστικῶς
458 2021 567 2074 άπὸ
595 2021 694 2090 τῆς
718 2022 866 2088 θείας
893 2024 1114 2097 Γραφῆς
1147 2029 1226 2091 είς
1251 2029 1412 2083 αὑτὸν
1437 2029 1708 2105 ἀναφέρε-

1827 479 2010 550 magni
2042 484 2254 538 consilii
2290 488 2514 556 angelus
2547 494 2630 543 est
2666 489 2708 543 '.
2751 489 2844 546 Est
2885 495 3027 548 enim
3076 499 3251 566 angeli
3301 515 3403 557 vox

1826 564 2174 649 homonyma.
2205 571 2418 644 Quippe
2447 574 2638 630 Rahab
2667 579 2900 649 [angelos
2941 564 3221 653 excepisse
3267 587 3407 644 dici-

1825 665 1913 712 tur
1941 658 1984 713 ³.
2021 659 2206 732 Neque
2241 672 2421 720 tamen
2459 669 2632 738 angeli
2661 677 2816 724 erant
2840 672 2930 740 qui
2967 674 3118 728 missi
3150 675 3405 743 fuerunt;

1823 751 1917 805 sed
1957 755 2160 820 nuntii,
2195 757 2289 826 qui
2313 757 2380 811 de
2416 759 2655 828 regionis
2692 769 2889 815 natura
2922 766 3055 817 certi
3084 766 3288 836 aliquid
3319 777 3406 823 re-

1819 845 2078 900 tulerunt.
2105 845 2224 913 Qua
2249 848 2438 905 eadem
2472 853 2684 908 ratione
2717 847 2809 909 Del
2841 853 3013 911 Filius
3039 867 3138 927 pro
3166 873 3232 912 eo
3259 862 3403 929 quod

1818 931 1997 989 Patris
2031 939 2366 996 voluntatem
2395 945 2663 999 nuntiavit
2685 945 3018 1014 hominibus,
3054 950 3239 1020 magni
3262 965 3400 1004 con-

1818 1027 1926 1083 silii
1960 1030 2196 1110 Angelus
2240 1035 2461 1102 dicitur,
2513 1038 2605 1107 qui
2644 1053 2900 1110 magnum
2945 1041 3077 1095 illud
3110 1043 3400 1099 consilium

1817 1121 2024 1176 mundo
2071 1123 2426 1194 signiﬁcavit.
2479 1128 2595 1183 .lam
2640 1137 2762 1185 “cum
2809 1131 2945 1201 lapis
2990 1134 3248 1201 dicitur‘,
3289 1151 3400 1191 non

1817 1223 2012 1268 sensus
2041 1227 2239 1287 expers
2283 1220 2422 1290 lapis
2471 1222 2670 1291 aliquis
2722 1224 3109 1294 intelligendus
3152 1236 3254 1290 est,
3305 1229 3400 1285 sed

1818 1319 1916 1374 per
1963 1310 2307 1366 catachresin
2357 1319 2670 1382 usurpatur,
2705 1329 2770 1368 eo
2803 1316 2948 1385 quod
2994 1315 3194 1373 Judaeis
3232 1313 3400 1375 oden-

1815 1397 1957 1452 sioni
2000 1399 2203 1456 fuerit:
2248 1401 2408 1459 nobis
2440 1417 2569 1458 vero
2599 1404 3011 1462 fundamentum
3040 1410 3254 1465 salutis.
3286 1411 3398 1467 Au-

1814 1488 2022 1558 gularis
2073 1505 2204 1546 vero
2241 1493 2378 1564 lapis
2407 1493 2449 1559 ⁵,
2483 1494 2690 1551 idcirco
2720 1497 2864 1567 quod
2896 1498 3062 1554 Vetus
3091 1516 3153 1554 ac
3183 1500 3396 1557 Novum

1814 1577 2247 1648 Testamentum,
2299 1586 2775 1642 circumcisionem
2841 1603 2904 1643 ac
2961 1593 3285 1662 praeputium
3340 1593 3396 1652 in

1812 1677 1980 1725 unum
2010 1675 2348 1730 consociarit
2386 1690 2449 1731 ac
2491 1677 2818 1734 devinxerit.
2843 1679 3069 1752 Agnus“
3094 1686 3223 1740 item
3268 1700 3395 1756 pro-

1811 1770 1934 1833 pter
1961 1764 2329 1822 innocentiam
2364 1785 2379 1822 :
2424 1774 2540 1822 tum
2585 1769 2733 1839 quod
2764 1770 3047 1827 hominum
3081 1777 3261 1831 scelus
3299 1790 3396 1847 per

1809 1855 1990 1926 ipsum
2043 1853 2209 1928 759
2255 1859 2474 1928 penitus
2515 1861 2843 1916 exstinctum
2892 1861 3085 1932 fuerit,
3124 1881 3245 1920 cum
3275 1869 3394 1925 ovis

1808 1949 1985 2002 instar
2006 1949 2282 2020 iugulatus
2313 1965 2376 2006 ac
2401 1951 2548 2007 Patri
2573 1955 2788 2012 oblatus
2811 1966 2928 2024 est;
2954 1960 3392 2032 quandoquidem

1805 2048 1868 2094 ut
1896 2050 1994 2110 pro
2033 2042 2192 2097 nobis
2222 2052 2525 2112 pateretur,
2549 2047 2597 2100 is
2630 2048 2723 2115 qui
2756 2048 2893 2102 nihil
2919 2050 3030 2118 pati
3055 2059 3268 2122 poterat
3294 2052 3391 2106 ad-

1805 2130 1976 2195 venit,
2013 2139 2072 2185 ut
2103 2147 2204 2189 nos
2231 2135 2368 2190 salvi
2400 2147 2521 2192 esse
2549 2152 2859 2206 possemus.
2887 2139 2967 2194 Ac
2997 2141 3044 2196 si
3079 2142 3211 2212 quid
3239 2133 3389 2197 aliud

139 2205 214 2250 est
255 2200 394 2268 quod
426 2201 620 2257 eodem
663 2217 765 2260 usu
795 2205 863 2262 ad
895 2207 1126 2264 salutem
1165 2211 1448 2267 hominum
1479 2219 1884 2277 aecommodari
1927 2223 2131 2293 possit,
2190 2237 2285 2294 per
2322 2200 2671 2283 catachresin
2710 2229 2767 2283 in
2815 2229 2988 2285 sacris
3045 2200 3268 2287 Litteris
3324 2227 3390 2287 ad

137 2291 272 2348 illum
305 2297 655 2355 transfertur.

196 2403 323 2474 AG”.
343 2409 409 2460 Τί
424 2405 520 2464 οῦν
546 2411 606 2464 τὸ
635 2413 837 2484 κτίσμα
860 2412 1222 2488 ὼφελήσειεν;
1253 2417 1285 2490 ἢ
1320 2421 1478 2474 ποίαν
1506 2424 1700 2494 χρῆσιν

135 2501 347 2552 ποιεῖται
380 2503 520 2573 πρὸς
549 2503 645 2575 τὴν
670 2507 700 2575 ἡ
712 2506 826 2574 μῶν
857 2509 1148 2578 σωτηρίαν,
1185 2512 1279 2565 κα)⁵
1315 2515 1450 2584 πρὸς
1477 2516 1574 2586 τὴν
1603 2514 1697 2570 τοῦ

135 2587 252 2641 Θεοῦ
285 2590 458 2658 Λόγου
497 2591 759 2663 ἕνσαρκον
793 2594 1098 2664 δοξολογίαν
1143 2599 1238 2652 καὶ
1271 2600 1480 2655 τελείαν
1513 2604 1699 2675 θεότη-

133 2693 220 2742 ea;
245 2679 681 2754 Τίώφελεῖήμᾶς
701 2684 761 2737 τὸ
781 2684 958 2754 λέγειν
975 2688 1137 2742 αὑτὸν
1157 2691 1389 2762 κτίσμα;
1412 2693 1476 2745 Τί
1493 2696 1696 2766 κτίσμα

132 2771 237 2834 ταῖς
265 2773 510 2827 κτίσεσιν
541 2777 866 2846 ὲργάζεται;
903 2779 954 2831 τί
988 2780 1189 2851 κτίσμα
1230 2782 1430 2851 ὠφελεῖ
1459 2785 1557 2848 τὰς
1585 2787 1701 2839 κτί-

134 2876 260 2925 auc;
293 2863 415 2927 Πῶς
459 2863 518 2917 δὲ
568 2864 779 2920 ἔκτισεν
824 2869 852 2920 ὀ
889 2869 1023 2932 Θεὸς
1063 2870 1195 2926 Θεὸν
1223 2874 1302 2936 εἰς
1331 2877 1698 2948 προσκύνησιν

131 2952 302 3017 διδοὺς,
357 2957 525 3009 ὁπότε
582 2957 766 3027 λέγει·
826 2961 922 3029 Μὴ
974 2961 1237 3033 ποιήσῃς
1293 2968 1528 3032 σεαυτῷ
1577 2967 1699 3024 πᾶν

1878 2420 2119 2478 XXXVI.
2169 2421 2378 2494 Ecquid
2432 2441 2562 2497 ergo
2613 2427 2880 2498 prodesse
2930 2429 3090 2486 nobis
3140 2439 3389 2491 creatura

1804 2515 2023 2585 posset?
2067 2523 2160 2569 aut
2208 2516 2337 2585 quid
2372 2518 2437 2571 ad
2477 2519 2710 2574 salutem
2756 2521 3036 2576 hominum
3071 2524 3384 2594 conferret.

1803 2603 1888 2658 vel
1912 2603 1976 2657 ad
1997 2603 2166 2657 divini
2188 2603 2350 2659 Verbi
2376 2607 2644 2662 incarnati
2664 2609 2912 2678 gloriam,
2937 2611 3388 2685 divinitatemquo

1807 2694 2145 2764 perfectam?
2174 2693 2335 2761 Quid,
2376 2699 2618 2768 inquam.
2647 2703 2807 2758 nobis
2839 2703 3123 2772 profuerit,
3151 2705 3196 2761 si
3227 2722 3386 2762 crea-

1807 2791 1986 2838 turam
2046 2786 2198 2839 illum
2245 2786 2582 2842 dixerimus?
2631 2789 2772 2854 Quid
2825 2801 2909 2846 est
2953 2794 3099 2862 quod
3137 2805 3385 2851 creatum

1807 2874 2012 2944 aliquid
2076 2877 2344 2931 creaturis
2404 2877 2684 2947 prodesse,
2739 2890 2833 2933 aut
2881 2882 3139 2937 utilitatis
3190 2885 3385 2941 all'erre

1805 2966 2014 3034 possit?
2060 2966 2139 3019 Ad
2179 2967 2294 3020 haec
2328 2970 2601 3038 quomodo
2649 2961 2793 3025 Deus
2846 2969 3018 3026 Deum
3066 2976 3290 3040 crearit,
3327 2984 3383 3032 et

132 3047 370 3116 ὁμοίωμα
411 3047 569 3117 μήτε
615 3050 712 3104 ἐπὶ
750 3051 880 3122 γῆς,
909 3054 1064 3123 μήτε
1110 3057 1179 3110 ἐν
1206 3059 1461 3126 οὐρανῷ,
1497 3061 1594 3114 καὶ
1615 3060 1696 3131 μὴ

1808 3056 2146 3111 adorandum
2187 3058 2508 3127 proposuit,
2541 3074 2664 3113 cum
2714 3061 2944 3130 ipsemet
2979 3061 3175 3117 dixerit
3205 3081 3217 3116 :
3255 3064 3382 3123 Non

131 3135 564 3204 προσκυνήσεις
588 3139 783 3204 aurci);
814 3141 934 3204 Πῶς
964 3138 1056 3196 οὖν
1091 3143 1302 3199 ἔκτισεν
1341 3148 1516 3218 ἐαυτῷ
1544 3149 1692 3216 Υἱὸν,

130 3225 210 3277 καὶ
239 3227 460 3292 ἐπέταξε
489 3231 946 3301 προσκυνεῖσθαις
985 3235 1217 3304 μάλιστα
1241 3237 1334 3290 τοῦ
1373 3240 1692 3293 Ἀποστόλου

129 3315 385 3384 λέγοντος·
439 3321 552 3374 Καὶ
605 3322 980 3391 ἐλάτρευσαν
1027 3326 1101 3396 τῇ
1142 3329 1334 3382 κτίσει
1380 3333 1540 3397 παρὰ
1586 3332 1695 3386 τὸν

127 3411 414 3478 κτίσαντα,
448 3413 550 3467 καὶ
575 3415 1025 3483 ἐμωράνθησαν.
1059 3419 1257 3491 Μωρὸν
1294 3421 1402 3493 γὰρ
1427 3423 1486 3475 τὸ
1516 3424 1693 3477 κτίσιν

128 3499 394 3572 θεολογεῖν,
427 3505 643 3558 ἀθετεῖν
668 3506 725 3558 δὲ
765 3508 987 3581 πρώτην
1016 3511 1233 3582 ἐντολὴν
1259 3513 1356 3584 τὴν
1387 3514 1650 3582 λέγουσαν
1674 3529 1688 3544 ⁸

127 3593 324 3660 Κύριον
357 3595 469 3648 τὸν
511 3598 660 3651 Θεόν
701 3615 816 3652 σου
863 3603 1334 3671 προσκυνήσεις,
1383 3605 1482 3658 καὶ
1530 3604 1690 3672 αὐτῷ

121 3686 266 3751 μόνῳ
304 3689 686 3754 λατρεύσεις.
729 3689 820 3742 Διὸ
860 3691 893 3762 ἡ
929 3693 1059 3759 ἁγία
1087 3693 1180 3745 τοῦ
1219 3694 1354 3747 Θεοῦ
1395 3695 1690 3766 Ἐκκλησία

126 3774 176 3825 οὐ
201 3775 398 3846 κτίσμα
427 3781 751 3848 προσκυνεῖ,
771 3781 905 3835 ἀλλὰ
927 3781 1052 3836 Υίὸν
1071 3785 1350 3856 γεννητὸν,
1383 3788 1603 3860 Πατέρα
1631 3789 1690 3843 ὲν

126 3863 240 3935 Υἰῷ,
270 3868 397 3922 Υίδν
423 3871 483 3922 ὲν
513 3871 707 3941 Πατρὶ,
740 3873 834 3926 σὺν
865 3873 1004 3944 ἁγίῳ
1046 3875 1341 3946 Πνεῦματι.
1391 3878 1548 3932 Ἀλλὰ
1579 3879 1688 3946 ναὶ,

125 3958 284 4026 φησιν.
327 3951 456 4014 Ἐὰν
489 3961 600 4033 γὰρ
631 3963 705 4033 μὴ
749 3965 907 4029 εἴπω,
941 3966 1024 4017 ὅτι
1057 3967 1281 4036 κτίσμα,
1313 3970 1494 4039 φησὶν,
1535 3969 1690 4024 ἐλάτ-

124 4062 267 4102 τωσιν
290 4052 588 4122 προσφέρω
609 4052 689 4123 τῷ
715 4055 907 4126 Πατρί.
938 4055 1010 4109 Τὸ
1032 4056 1139 4128 γὰρ
1167 4059 1381 4111 κτιστὸν
1407 4061 1506 4112 οὐκ
1535 4060 1689 4114 ἐλατ-

125 4144 194 4193 τοῖ
222 4143 307 4195 τὸν
357 4147 647 4200 κτίσαντα.
677 4147 751 4200 Τὸ
781 4148 838 4201 δὲ
869 4150 1268 4220 γεγεννημένον
1295 4152 1358 4205 ὲκ
1390 4152 1623 4221 φύσεως,
1653 4154 1686 4224 ἢ

127 4232 360 4305 συστολὴν
391 4234 709 4306 ἐργάζεται,
744 4239 777 4308 ἢ
811 4238 1148 4310 πλατυσμὸν,
1180 4241 1212 4311 ἢ
1251 4241 1495 4312 μείωσιν,
1525 4243 1556 4313 ἢ
1599 4259 1690 4296 το-

127 4322 234 4392 μὴν,
261 4325 293 4395 ἦ
322 4335 377 4378 τι
409 4327 526 4379 τῶν
554 4328 809 4382 τοιούτων
837 4329 1026 4385 παθῶν
1054 4333 1358 4402 προσάπτει
1385 4331 1462 4403 τῷ
1491 4349 1684 4401 γεγεν-

1797 3149 1964 3218 [acies
1999 3149 2094 3201 tibi
2123 3148 2527 3203 similitudinem
2568 3151 2735 3204 ullam
2759 3192 2772 3216 ,
2806 3169 2968 3222 neque
2998 3155 3050 3207 in
3088 3165 3250 3217 terra,
3283 3173 3376 3211 ue-

1795 3257 1893 3310 que
1918 3242 1972 3293 in
2003 3241 2164 3305 caelo;
2188 3257 2348 3308 neque
2375 3241 2619 3296 adorabis
2646 3243 2795 3296 illam
2817 3247 2836 3278 ⁷
2859 3243 2880 3296 ?
2905 3245 3188 3310 Quomodo
3213 3248 3380 3316 igitur

1794 3333 1898 3388 sibi
1946 3332 2142 3387 Filium
2173 3335 2414 3399 creavit,
2467 3334 2794 3404 adorarique
2836 3334 3039 3405 jussit?
3067 3336 3374 3394 Praesertim

1792 3439 1916 3479 cum
1945 3425 2240 3495 Apostolus
2268 3425 2452 3480 dicat:
2483 3423 2551 3478 Et
2583 3429 2872 3480 servierunt
2917 3439 3174 3484 creaturw
3199 3431 3374 3499 potius

1797 3531 1957 3585 quam
1997 3516 2264 3582 Creatori,
2297 3527 2344 3570 et
2380 3517 2532 3570 stulti
2559 3517 2693 3587 {acti
2719 3528 2841 3572 sunt
2871 3519 2913 3572 ⁸.
2947 3521 3184 3574 Stultum
3227 3522 3371 3576 enim

1792 3613 1878 3659 est
1911 3615 2177 3660 creaturae
2210 3606 2550 3661 divinitatem
2582 3608 2851 3672 tribucre,
2882 3624 2944 3662 ac
2975 3610 3208 3678 primum
3239 3611 3371 3680 legis

1789 3697 1993 3752 violare
2021 3698 2336 3752 mandatum
2367 3717 2379 3753 :
2412 3697 2698 3752 Dominum
2722 3699 2891 3753 Deum
2919 3709 3065 3754 tuum
3094 3701 3367 3765 adorabis,

1788 3797 1836 3843 et
1883 3789 1967 3841 illi
2001 3789 2106 3842 soli
2136 3789 2326 3842 servies
2363 3790 2404 3841 '.
2431 3785 2721 3859 Propterea
2757 3797 2944 3845 sancta
2985 3785 3083 3846 'Dei
3124 3791 3368 3847 Ecclesia

1789 3887 2099 3935 creaturam
2136 3897 2246 3934 non
2266 3881 2480 3946 adorat,
2513 3881 2605 3937 sed
2637 3875 2831 3936 Filium
2864 3884 3126 3952 genitum,
3150 3883 3363 3941 Patrem

1788 3972 1842 4026 in
1879 3970 2039 4037 Filio,
2059 3969 2279 4026 .Filium
2315 3973 2368 4027 in
2392 3971 2573 4038 Patre,
2608 3989 2732 4028 cum
2771 3967 2974 4044 Spiritu
3010 3984 3222 4030 sancto.
3253 3975 3368 4033 ιιηο

1785 4079 1937 4131 vero,
1987 4065 2262 4135 inquiunt,
2313 4067 2418 4122 nisi
2475 4066 2619 4121 enim
2680 4077 2991 4121 creaturam
3035 4069 3188 4122 illum
3239 4085 3364 4125 esse

1787 4156 2006 4224 dixero,
2041 4156 2215 4211 Patris
2262 4156 2600 4224 majestalem
2636 4155 2924 4212 imminuo.
2971 4157 3184 4213 Etenim
3216 4158 3364 4229 quod

1785 4255 2027 4301 creatum
2066 4244 2284 4309 dicitur,
2319 4242 2635 4298 Creatorem
2671 4258 2778 4296 non
2813 4243 3029 4297 minuit.
3069 4241 3224 4309 Quod
3260 4259 3361 4298 au-

1786 4345 1893 4390 tem
1941 4347 2006 4392 ex
2042 4343 2238 4391 natura
2273 4335 2516 4404 genitum
2553 4344 2656 4399 est,
2696 4337 3122 4390 contractionem
3167 4350 3361 4405 quam-

125 4416 303 4486 vtjxért.
332 4419 516 4489 Πολλὴ
568 4418 624 4472 δὲ
668 4422 847 4493 μωρία
878 4423 987 4475 τῶν
1033 4425 1256 4478 τοιαῦτα
1298 4425 1682 4495 λογιζομένων,

1802 4428 1934 4492 lam,
1960 4435 2055 4482 aut
2087 4423 2513 4492 collatationem,
2551 4439 2643 4482 aut
2674 4427 3113 4493 diminutionem,
3149 4437 3242 4481 aut
3273 4443 3362 4483 se-

124 4507 184 4571 ὼς
225 4511 309 4580 ἀφ’
338 4512 552 4565 ὲαυτῶν
579 4513 639 4566 τὸ
672 4515 824 4569 Θεῖον
865 4516 1124 4580 εἰκάζειν,
1149 4515 1243 4570 καὶ
1279 4516 1348 4569 τὰ
1376 4519 1454 4581 είς
1488 4518 1684 4582 αὐτοὺς

124 4601 246 4674 πάθη
294 4602 370 4674 τῷ
421 4603 545 4674 Θεῷ
596 4605 928 4674 προσάπτειν
980 4605 1350 4677 βουλομένων,
1404 4606 1497 4659 τοῦ
1545 4607 1680 4659 Θεοῦ

121 4691 337 4757 ἀπαθοῦς
379 4695 534 4757 ὄντος
574 4696 888 4762 παντελῶς,
911 4697 1004 4750 καὶ
1049 4701 1105 4751 ὲν
1135 4697 1210 4767 τῷ
1239 4700 1455 4769 γεννᾷν,
1487 4698 1581 4750 καὶ
1623 4700 1680 4751 ὲν

123 4784 183 4853 τῷ
205 4787 419 4850 κτίζεινο
458 4788 548 4850 Ὠς
572 4787 681 4859 γὰρ
704 4791 864 4859 ἡμεῖς
892 4790 1172 4861 πάσχομεν
1195 4791 1510 4858 γεννῶντες,
1533 4793 1681 4843 ἐπει-

121 4874 172 4944 δὴ
191 4878 390 4930 κτιστοί
423 4880 616 4948 ἐσμεν,
645 4879 786 4932 οὕτω
809 4881 901 4933 καὶ
929 4881 1208 4951 κάμνομεν
1240 4881 1533 4945 κτίζοντες.
1563 4883 1674 4935 Καὶ

122 4967 159 5016 εἱ
192 4969 379 5039 πάσχει
407 4973 436 5022 ὁ
474 4971 664 5042 Πατὴρ
708 4971 930 5040 γεννῶν,
967 4973 1073 5043 ἄρα
1104 4973 1196 5025 καὶ
1228 4973 1426 5037 κτίζων
1451 4975 1669 5043 κάμνει.

122 5056 224 5119 Πῶς
245 5052 296 5112 δὲ
325 5063 453 5131 περὶ
477 5061 614 5115 Θεοῦ
636 5063 807 5128 πάθος
833 5063 978 5117 ἔστιν
1009 5067 1198 5129 εἰπεῖν,
1228 5067 1320 5119 καὶ
1342 5067 1400 5118 τδ
1421 5067 1670 5138 κάμνειν,

124 5146 256 5220 εἴπερ
285 5153 518 5222 κάμνεις
560 5155 699 5208 Ἀλλ’
734 5156 795 5208 οὐ
826 5157 1046 5227 κάμνει,
1082 5158 1155 5229 μὴ
1184 5159 1423 5227 γένοιτοῑ
1457 5163 1536 5214 Οὐ
1575 5178 1672 5214 κο-

125 5239 295 5297 πιάσει
327 5247 457 5315 γὰρ,
492 5249 657 5318 φησιν
683 5251 716 5320 ἡ
741 5249 950 5322 Γραφή.
977 5249 1196 5320 Πνεῦμα
1225 5247 1315 5306 οὖν
1342 5253 1369 5305 ὁ
1397 5252 1550 5318 Θεὸς,
1582 5255 1675 5308 καὶ

124 5329 317 5404 Πνεῦμα
367 5339 623 5410 άνάρχως
657 5341 750 5394 καὶ
795 5343 1038 5414 ἀχρόνως
1079 5343 1171 5396 τὸν
1208 5344 1336 5399 Υἱὸν
1365 5346 1673 5416 ἐγέννησεν,

183 5535 365 5614 Hann:
390 5555 467 5614 ξι,
498 5541 585 5614 53.
664 5542 685 5572 ⁸
714 5539 819 5614 lsa.
849 5557 927 5614 ntl
952 5543 1004 5597 5.
1082 5543 1103 5574 ³
1143 5541 1255 5596 Jos.
1292 5561 1348 5600 ιι.
1385 5546 1406 5598 1
1442 5561 1561 5614 sqq.

1786 4522 2048 4586 cti‘onem,
2078 4529 2171 4575 aut
2194 4519 2466 4588 ejusmodi
2499 4519 2838 4574 affectionem
2863 4521 3096 4590 aliquam
3128 4521 3176 4575 ei
3204 4520 3360 4575 all‘ert

1785 4626 1816 4664 a
1871 4627 1980 4682 quo
2031 4611 2272 4682 genitum
2311 4621 2417 4665 cst.
2477 4609 2582 4664 Sed
2621 4626 2811 4665 eorum
2855 4612 2946 4682 qui
3008 4612 3082 4665 ita
3117 4618 3360 4681 cegitant

1785 4719 1996 4760 summa
2039 4705 2197 4772 plane
2242 4703 2470 4757 stultitia
2517 4713 2632 4764 cst,
2670 4705 2762 4773 qui
2801 4703 2867 4758 de
2900 4704 3086 4759 divino
3132 4705 3359 4761 numin

1782 4797 2154 4864 conjecturam
2178 4813 2243 4850 ex
2277 4796 2472 4865 seipsis
2502 4796 2746 4866 capiunt,
2780 4794 3204 4866 aliectionesque
3227 4812 3354 4852 suas

1783 4889 1838 4944 in
1883 4889 2049 4944 Deum
2101 4888 2484 4943 transfundere
2531 4898 2818 4954 conantur,
2859 4905 2982 4943 cum
3029 4896 3205 4941 tamen
3240 4896 3349 4940 tam

1782 4983 1834 5036 in
1870 4982 2200 5054 generando,
2230 4999 2392 5053 quam
2425 4983 2478 5036 in
2514 4985 2754 5038 creando
2785 4985 2852 5038 ab
2885 4986 3032 5038 omni
3063 4983 3352 5037 alleclioue

1782 5076 1852 5131 sit
1890 5075 2167 5128 immunis.
2194 5073 2326 5127 Nam
2350 5074 2492 5144 quod
2520 5075 2585 5128 ad
2611 5091 2710 5130 nos
2732 5077 2945 5138 attinet,
2979 5076 3054 5128 uti
3081 5075 3349 5144 gignendo

1779 5167 2036 5238 patimur,
2072 5181 2138 5220 eo
2176 5165 2318 5235 quod
2357 5166 2523 5219 crcati
2577 5183 2788 5224 sumus.
2820 5167 2890 5218 ita
2925 5175 2976 5219 et
3007 5165 3245 5218 creando
3287 5181 3350 5220 ac

1780 5257 2053 5310 moliendo
2084 5255 2393 5324 fatigamur.
2423 5255 2602 5321 Quare
2629 5255 2671 5310 si
2697 5254 3005 5324 generando
3031 5253 3190 5306 Pater
3213 5268 3349 5306 non-

1781 5347 1917 5401 nihil
1969 5347 2194 5417 patitur,
2251 5347 2414 5401 etiam
2471 5345 2708 5402 creando
2769 5344 3044 5415 fatigatur.
3110 5344 3346 5410 Quinam

1639 5545 1660 5576 ’⁸
1697 5545 1712 5597 l
1743 5544 1867 5599 Cor.
1900 5533 1954 5604 χ’,
1985 5545 2039 5598 4.
2114 5545 2134 5575 ⁵
2164 5543 2265 5599 lsa.
2300 5542 2615 5609 xxvnr,16;
2649 5541 2846 5613 Ephes.
2876 5558 2933 5608 ιι,
2967 5543 3057 5597 20.
3135 5542 3155 5574 ⁸
3179 5539 3344 5599 ιῐοιιη.

128 5615 160 5663 Ι.
187 5605 267 5662 56.
337 5611 355 5641 τ
389 5609 560 5666 Exod.
592 5628 681 5676 xx,
709 5613 763 5667 ὂ.
841 5613 861 5643 ⁸
899 5613 1056 5671 Rom.
1095 5630 1130 5679 ι,
1160 5615 1249 5668 2⁸5.
1327 5619 1346 5646 ν
1379 5605 1539 5669 Deut:
1567 5632 1641 5679 vr,
1678 5617 1696 5668 1

1818 5615 2005 5668 Matth.
2040 5614 2092 5680 4,
2121 5615 2210 5692 ιο.
