3826 6206
420 237 528 296 259
1848 222 1907 279 S.

2166 217 2284 274 lNII
3586 200 3677 260 τοι

421 372 552 413 vero
593 355 703 411 Deo
742 352 909 410 tribui
949 352 1062 407 ulla
1098 350 1370 423 ejusmodi
1416 355 1596 421 potest
1639 343 1854 401 atfectio
1886 344 1931 398 si

2171 338 2235 393 ,δν
2259 338 2324 391 ὲκ
2345 332 2505 399 Θεοῦ,
2534 330 2651 402 φῶς
2682 329 2751 383 lit
2778 326 2979 398 φωτὸς,
3011 324 3147 380 Θεὸν
3178 320 3433 393 ἀληθινὸν
3465 313 3533 373 ὲκ
3558 316 3682 372 Θεοῦ

421 448 775 521 defatigatio?
800 446 959 503 Absit
987 415 1217 502 vero'ut
1259 415 1476 515 fatigari
1517 438 1836 495 credamus!
1870 434 1932 489 Ni

1949 452 1997 488 ιη
2105 425 2382 501 ἀληθινοῦ,
2412 421 2746 494 γεννηθέντα
2771 419 2833 472 οὐ
2872 415 3193 521 λιιι-ισθέψξεπη⁸
3230 505 3243 517 .
3448 502 3460 514 α

422 498 1489 613 enini-ilaborabiwt‘,"inquitScriptura
1524 534 1565 587 ¹.
1613 530 1858 598 Denique
1918 540 2043 580 cum
2090 498 2237 578 Deus
2287 519 2359 575 sit
2417 516 2703 613 SpiritusL
2726 510 2956 583 perinde
2999 517 3055 565 et
3098 505 3367 613 Spiritum
3416 502 3540 559 sine
3588 498 3687 555 ullo

422 635 580 689 initio
613 601 724 688 'aut
763 599 1011 702 tempore
1035 599 1244 702 fgenuit
1289 599 1525 692 Filium,
1562 624 1732 681 Deum
1762 622 1831 677 de
1875 619 2007 684 Deo,
2051 617 2238 671 lumen
2277 612 2346 669 de
2384 610 2593 667 lumine
2616 648 2632 676 ,
2662 606 2841 663 Deum
2874 619 3064 661 verum
3095 603 3165 658 de
3223 599 3338 657 Deo
3376 613 3546 665 vero,
3606 612 3689 667 ge-

423 729 598 785 nitum
638 743 747 783 non
773 734 1040 809 creatum.
1844 806 1855 809 _
1984 804 2000 809 _
2193 798 2361 809 ’,η-κ
2468 795 2485 809 ,
2544 794 2555 809 ,
2758 792 2802 809 Μ
2904 792 2917 809 ,
2992 790 3039 809 ί..

495 820 659 890 760
691 790 955 871 XXX‘VIL
994 816 1077 870 Ab
1120 814 1221 868 hac
1274 811 1573 883 Scripturae
1620 806 1895 864 sententia
1935 804 2004 859 ad

2179 799 2303 853 AZ'.
2314 794 2730 868 Παρελεύσομαι
2754 792 2811 846 δὲ
2832 792 2927 846 καί⁸
2948 790 3105 845 τοῦτο
3126 791 3188 845 τὸ
3217 790 3377 863 ῥητόν
3395 809 3408 821 ·
3439 792 3526 860 ἐφ’
3540 792 3690 864 ἕτερα

425 912 563 965 alias
608 908 1004 963 transeundum
1039 906 1202 960 modo
1228 905 1390 960 nobis
1417 911 1521 967 est,
1553 917 1692 972 quas
1716 914 1936 971 pet-pera

2190 888 2353 942 πάλιν
2376 886 2603 947 ἑαυτοὺς
2634 882 2910 951 ὲπιδῶμεν
2941 880 3052 934 τῶν
3084 881 3175 933 ὑπ’
3203 878 3383 933 αὐτῶν
3415 880 3476 931 ὲν
3503 882 3691 942 κακαῖς

425 1000 758 1070 accipientes
783 1012 1051 1068 usurpare
1076 1012 1140 1050 ac
1171 997 1463 1051 decantare
1495 994 1695 1056 solent,
1718 1006 1857 1063 quas
1884 1006 1936 1061 qi

2183 979 2388 1041 τονοίαις
2430 975 2739 1045 λεγομένων
2782 988 2845 1024 τε
2888 970 2985 1024 καὶ
3034 968 3331 1039 ᾀδομένων,
3384 966 3583 1022 ἀνωδέ
3612 980 3694 1035 μοι

426 1092 550 1147 dem
577 1092 736 1146 initio
770 1087 1337 1146 commemoravimus.
1378 1085 1457 1140 Ae
1488 1086 1723 1156 primum
1754 1084 1937 1153 Aposti

2186 1068 2589 1139 νοτεταγμένων.
2627 1065 2738 1118 Καὶ
2766 1064 2876 1134 γὰρ
2922 1061 3083 1115 πάλιν
3118 1060 3352 1131 χυδαίως
3380 1060 3517 1128 φασὶ
3547 1060 3697 1112 τοῦτο

426 1182 635 1237 dictum
667 1182 801 1235 illud
847 1190 1051 1233 temere
1098 1177 1413 1248 proierunt,
1459 1151 1514 1231 et
1552 1151 1934 1245 interpretatio

2205 1162 2366 1235 ῥητὸν
2398 1157 2926 1233 παρερμηνεῦοντες,
2967 1154 3047 1219 τὸ,
3075 1152 3339 1218 Δέξασθε
3375 1151 3485 1206 τὸν
3508 1153 3699 1221 ἀρχιε-

426 1288 529 1330 sua
556 1272 899 1343 depravant:
951 1244 1215 1337 Suscipite
1264 1268 1566 1336 pontiﬁcem
1604 1244 1866 1330 uestrum,
1917 1282 1937 1335 q

2187 1272 2219 1308 α
2249 1252 2419 1323 ὑμῶν
2461 1250 2683 1305 πιστόν
2723 1248 2868 1301 ὄντα
2896 1245 2976 1311 τῷ
2998 1244 3321 1311 ποιήσαντι
3350 1244 3563 1298 αὐτόν.
3597 1244 3698 1296 Καὶ

428 1366 602 1436 ﬁdelis
626 1334 711 1418 Ls:
744 1364 800 1418 ei
842 1362 932 1433 qui
973 1334 1357 1431 fecit-seips-um
1387 1334 1429 1413 ’ξ
1469 1358 1577 1414 Sed
1610 1361 1845 1430 primum
1880 1334 1939 1427 Et

2188 1345 2335 1399 νῶτον
2392 1344 2491 1415 μὲν
2555 1342 2655 1413 τὴν
2715 1336 3033 1409 Ἐπιστολὴν
3086 1335 3291 1405 ταύτην
3318 1376 3334 1401 ,
3410 1334 3513 1405 τὴν
3571 1335 3699 1404 πρὸς

430 1426 632 1510 stolam
673 1426 1006 1525 illain,'quce
1050 1454 1115 1509 ad
1157 1426 1410 1508 Hebraeos
1446 1426 1652 1522 scripta
1690 1459 1808 1515 est,
1838 1426 1935 1520 rep

2189 1435 2410 1505 ϐραίους
2440 1429 2991 1503 φημὶ,ἀπωθοῦνται,
3024 1426 3185 1497 φύσει
3218 1426 3387 1497 αὐτὴν
3421 1426 3700 1497 ἀναιροῦν·

429 1544 617 1611 diant,
648 1552 702 1600 et
738 1545 807 1600 ab
828 1512 1169 1614 apostolicis
1219 1543 1443 1614 scriptis
1474 1512 1756 1613 rejiciunt.
1788 1541 1867 1595 Ex

2188 1544 2203 1591 ;
2237 1526 2345 1580 ἀπὸ
2373 1523 2468 1578 τοῦ
2504 1521 2850 1585 Ἀποστόλου,
2896 1519 2990 1573 καὶ
3022 1518 3273 1587 λέγοντες
3308 1516 3384 1588 μὴ
3433 1512 3581 1569 εἶναι
3613 1515 3699 1569 τοῦ

428 1644 613 1691 tamen
651 1637 832 1702 illam,
868 1636 950 1691 uti
989 1636 1124 1702 dixi,
1170 1635 1497 1690 sententiam
1537 1649 1636 1705 pro
1666 1633 1880 1703 privato
1909 1648 1936 1687 s

2190 1618 2301 1675 τοῦ.
2336 1618 2411 1672 Τὸ
2442 1618 2499 1671 δὲ
2548 1616 2709 1688 ῥητὸν
2743 1614 2833 1669 διὰ
2861 1615 2959 1685 τὴν
2992 1614 3130 1668 ίδίαν
3165 1612 3319 1666 νόσον
3348 1613 3430 1675 εἰς
3458 1612 3701 1678 ἑαυτοὺς,

432 1729 601 1783 animi
634 1729 825 1783 morbo
857 1728 998 1784 male
1023 1729 1088 1782 ad
1116 1728 1428 1784 institutum
1449 1742 1611 1782 suum
1639 1725 1943 1782 transferun

2240 1714 2523 1783 προεῖπον,
2570 1708 2759 1774 κακῶς
2801 1708 3133 1777 ἐκδέχονται,
3169 1704 3331 1776 δῆθεν
3362 1706 3474 1759 ἀπὸ
3500 1704 3600 1759 τοῦ
3633 1705 3703 1756 εί-

432 1828 489 1875 et
517 1835 584 1875 ex
617 1820 702 1875 his
732 1820 938 1884 verbis,
971 1819 1062 1888 qui
1095 1819 1267 1887 ﬁdelis
1301 1827 1378 1872 est
1412 1818 1460 1872 ei
1484 1818 1574 1888 qui
1605 1816 1729 1885 fecit
1759 1817 1943 1883 seipsu.

2196 1800 2379 1871 μένου,
2424 1800 2509 1852 ὅτι
2546 1798 2766 1853 πιστὸν
2799 1797 2945 1851 ὄντα
2998 1796 3078 1862 τῷ
3128 1796 3454 1862 ποιήσαντι
3496 1795 3700 1860 αὑτὸν,

432 1922 741 1969 creaturam
780 1926 903 1967 esse
956 1909 1156 1965 Filium
1203 1917 1481 1967 astruunt.
1531 1908 1733 1965 Verum
1776 1910 1943 1967 interr

2207 1892 2414 1963 κτίσμα
2446 1891 2928 1963 παρεισφέροντες.
2972 1889 3299 1961 Ἐρωτήσειε
3327 1889 3372 1943 δ’
3399 1890 3471 1944 ἀν
3498 1907 3587 1953 τις
3616 1890 3702 1943 αὖ·

432 2020 562 2076 gare
589 2003 711 2058 illos
740 2003 1065 2073 prudentior
1103 2002 1304 2072 aliquis
1336 2003 1574 2072 poterit,
1601 2009 1654 2057 et
1686 2002 1762 2056 ita
1794 2016 1943 2070 urget

2191 1990 2226 2049 ῖς
2253 1985 2466 2039 σύνεσιν
2488 1983 2844 2055 κεκτημένος,
2875 1983 2971 2036 καὶ
2994 1984 3353 2053 ἀπορήσουσι,
3387 1982 3465 2053 μὴ
3491 1982 3702 2053 ἔχοντες

434 2073 649 2166 utquid
683 2093 1050 2164 respondeant
1080 2093 1212 2147 nihil
1236 2094 1503 2161 habeant;
1533 2094 1637 2147 hoc
1666 2092 1811 2148 enim
1843 2107 1945 2161 qua

2200 2077 2661 2147 ἀποκριθήσονται
2695 2076 2778 2128 ὅτι
2831 2074 2935 2127 Τὸν
2962 2073 3223 2145 ἀρχιερέα
3255 2074 3385 2127 πότε
3438 2075 3705 2145 7:903:15:-

434 2162 617 2258 potest
649 2205 662 2240 :
704 2162 1069 2251 Quandonam
1112 2184 1387 2255 pontiﬁcis
1424 2200 1622 2240 nomen
1662 2184 1795 2238 illud
1824 2182 1945 2239 Don‘

2192 2184 2243 2220 ro
2268 2169 2296 2221 ό
2323 2165 2529 2238 Κύριος
2560 2164 2716 2236 ἡμῶν
2743 2162 2913 2234 ὄνομα
2943 2163 3092 2234 αὐτῷ
3116 2164 3418 2217 καλεῖσθαι.
3451 2164 3703 2236 Οὑδαμοῦ

437 2254 540 2331 nus
577 2284 767 2330 noster
798 2254 1178 2346 assumpserit.
1220 2273 1340 2330 Non
1371 2276 1515 2331 enim
1543 2284 1670 2329 ante
1701 2282 1948 2344 suscepta

2196 2275 2226 2329 ρ
2243 2257 2349 2328 πρὸ
2376 2258 2475 2328 τῆς
2503 2256 2768 2327 ένσάρκου
2794 2254 2960 2309 αὐτοῦ
2980 2255 3281 2327 παρουσίας
3303 2255 3478 2309 ταῦτα
3498 2256 3627 2328 ἔσχε
3643 2255 3707 2310 τὰ

437 2384 658 2423 carnem
717 2367 1028 2423 istiusmodi
1074 2368 1296 2421 nomina
1339 2367 1569 2423 sortitus
1609 2374 1731 2432 est,
1767 2374 1827 2420 ut
1877 2366 1948 2436 lat

2195 2350 2380 2420 ίματα,
2413 2349 2474 2402 τὸ
2498 2348 2644 2402 λίθον
2670 2349 2969 2413 καλεῖσθαι,
3002 2349 3063 2403 τὸ
3093 2349 3363 2420 πρόϐατον
3384 2352 3466 2414 εἰς
3492 2350 3706 2422 σφαγήν

439 2466 748 2523 vocaretur,
779 2466 833 2512 et
879 2458 1000 2512 ovis
1035 2460 1100 2510 ad
1142 2458 1478 2513 occisionem
1522 2458 1704 2512 oblata
1740 2458 1790 2524 ³;
1832 2458 1950 2512 item

2197 2441 2402 2513 ρεσθαι,
2424 2440 2487 2493 τὸ
2513 2440 2797 2511 ἄνθρωπον
2826 2442 2920 2495 καὶ
2944 2442 3069 2495 Υίδν
3095 2440 3406 2515 ἀνθρώπου,
3440 2442 3503 2494 τὸ
3530 2443 3704 2508 ἀετὸς,

440 2548 627 2612 homo,
658 2556 710 2602 et
739 2546 911 2601 Filius
936 2546 1194 2613 hominis,
1223 2549 1429 2617 aquila,
1456 2563 1650 2618 agnus,
1686 2556 1740 2603 et
1767 2548 1819 2603 id
1846 2563 1947 2619 gen

2197 2536 2216 2587 i.
2257 2535 2463 2606 ἀρνίον,
2498 2534 2593 2587 καὶ
2626 2534 2696 2587 τὰ
2741 2533 2878 2589 ἄλλα
2921 2535 3120 2599 πάντα,
3161 2536 3372 2605 ὅσαπερ
3419 2538 3500 2598 εἰς
3548 2535 3708 2587 αὑτὸν

440 2641 566 2703 alia,
604 2655 726 2709 quae
750 2649 873 2710 post
901 2640 1335 2694 incarnationem
1362 2639 1539 2694 eidem
1570 2641 1831 2695 attributa
1868 2657 1951 2695 sui

2199 2629 2261 2682 τὰ
2307 2630 2404 2701 τὴν
2440 2628 2703 2701 ἔνσαρκον
2752 2629 3057 2701 παρουσίαν
3102 2629 3458 2699 ἀναφέρεται,
3491 2630 3569 2692 ὡς
3618 2630 3710 2683 καὶ

440 2727 559 2795 Qua
590 2730 801 2784 ratione
828 2730 1067 2800 pontifex
1100 2745 1316 2801 quoque
1346 2730 1527 2785 dictus
1551 2739 1656 2797 est,
1684 2731 1755 2785 ob
1779 2732 1951 2803 elogiu

2199 2721 2381 2794 χιερέα
2426 2723 2587 2775 αὑτὸν
2640 2721 2921 2775 καλεῖσθαι
2964 2720 3031 2774 δι’
3080 2721 3145 2791 ἢν
3182 2723 3211 2774 ὁ
3248 2722 3410 2792 νόμος
3439 2722 3710 2791 ἐκήρυττε

440 2820 573 2876 illud
594 2860 608 2884 ,
638 2821 784 2891 quod
810 2821 875 2876 de
906 2822 1028 2891 ipso
1067 2821 1121 2875 in
1153 2823 1267 2892 lege
1291 2820 1619 2891 praedicatur
1646 2841 1659 2877 :
1694 2822 1951 2892 Propheta

2201 2816 2250 2885 ρὶ
2280 2814 2445 2868 αὐτοῦ
2484 2815 2759 2880 ὑπόθεσιν,
2807 2817 2890 2868 ὅτι
2920 2816 3242 2884 Προφήτην
3279 2816 3347 2869 ἐκ
3387 2814 3510 2869 τῶν
3536 2817 3712 2871 ἀδελ-

438 2922 505 2961 ex
531 2908 791 2978 fratribus
822 2910 1009 2964 vestris
1038 2909 1316 2963 suscitabit
1348 2910 1605 2965 Dominus
1630 2910 1770 2965 Deus
1802 2911 1944 2965 vobis

2202 2910 2253 2959 ir
2286 2905 2451 2977 ὑμῶν
2480 2907 2677 2977 ἐγερεῖ
2700 2909 2915 2975 Κύριος
2954 2912 2986 2962 d
3024 2909 3166 2975 Θεὸς
3210 2908 3373 2979 ὑμῖν.
3409 2910 3553 2980 ’Δρα
3584 2908 3713 2979 γοῦν

440 2998 622 3066 Quare
651 2998 996 3070 prophetam,
1028 3006 1082 3054 et
1115 3000 1453 3069 pontificem,
1488 3007 1542 3055 et
1578 3016 1642 3054 ex
1676 3000 1810 3070 ipsis
1844 3017 1951 3056 SUSI

2203 3015 2215 3049 ι
2249 3000 2554 3071 προφήτην,
2588 3000 2684 3053 καὶ
2713 3001 2996 3072 ἀρχιερέα,
3033 3002 3128 3054 καὶ
3157 3002 3218 3054 τὸ
3244 3001 3302 3066 ἐξ
3335 3002 3537 3067 αὐτῶν,
3577 3003 3714 3072 μετά

442 3096 615 3141 tatum
647 3099 766 3155 post
799 3090 943 3142 illam
975 3088 1030 3143 in
1074 3088 1237 3145 terris
1278 3089 1670 3146 habitationem
1691 3132 1706 3154 ,
1742 3092 1953 3163 Scriptu

2200 3110 2226 3144 ν
2269 3092 2502 3145 ἐνταῦθα
2534 3096 2859 3165 κατακωχήν
2893 3093 3183 3165 έρμηνεῦει
3220 3093 3407 3165 σαφῶς
3438 3095 3468 3147 ό
3515 3094 3674 3162 λόγος
3700 3110 3711 3121 ·

444 3179 737 3234 manifeste
769 3177 1033 3234 declarat.
1068 3181 1147 3236 Ex
1186 3196 1297 3252 quo
1330 3183 1637 3238 certissime
1678 3184 1808 3239 illud
1848 3197 1955 3256 poti

2236 3188 2329 3240 καὶ
2362 3187 2645 3257 ἀραρότως
2674 3187 2822 3240 ἔστιν
2858 3188 3004 3253 ίδείν,
3047 3187 3164 3250 πῶς
3208 3187 3428 3258 πάλινή
3459 3188 3717 3256 ἀνίκητος

445 3270 735 3341 intelligi:
790 3272 1250 3341 quemadmodum
1328 3274 1530 3330 invicta
1589 3275 1682 3331 Dei
1742 3278 1917 3333 virtus

2206 3277 2221 3330 3
2249 3277 2383 3330 Θεοῦ
2413 3276 2640 3347 δύναμις
2681 3279 2774 3330 καὶ
2811 3278 3143 3345 προγνωσία,
3179 3280 3259 3340 είς
3282 3278 3344 3330 τὸ
3372 3277 3579 3348 φράξαι
3612 3278 3717 3330 πᾶν

446 3362 821 3434 ριίεεοίοιιιίτι,
869 3373 931 3416 ut
958 3379 1023 3418 os
1052 3379 1215 3420 omne
1254 3366 1555 3435 praecludat
1585 3366 1849 3423 adversus
1885 3386 1957 3424 vei

2208 3369 2306 3439 ipa
2336 3369 2751 3441 ἐπεγειρόμενον
2777 3370 2919 3423 κατά
2943 3371 3041 3440 τῆς
3064 3369 3341 3441 ἀληθείας,
3375 3372 3554 3425 πάντα
3585 3371 3719 3440 μετὰ

446 3459 613 3507 tatem
642 3452 953 3525 insurgens,
984 3468 1111 3507 cum
1136 3454 1444 3511 admirabili
1475 3458 1712 3527 quadam
1742 3458 1862 3514 luce
1890 3476 1956 3528 pr

2210 3461 2453 3530 υμαστῆς
2478 3461 2839 3530 φωταγωγίας
2866 3450 3249 3533 προεθέσπισε,
3288 3461 3382 3514 καὶ
3416 3461 3721 3531 ἠσφαλίσα-

447 3542 651 3599 dixerit
681 3559 744 3599 ac
786 3545 1087 3599 lirmaverit
1116 3548 1322 3601 omnia.
1362 3548 1454 3603 Sic
1485 3549 1651 3619 igitur
1689 3551 1783 3605 illo
1818 3552 1939 3607 loco

2257 3552 2458 3606 Φάσκει
2506 3553 2616 3623 γὰρ
2670 3552 2842 3617 οὕτως
2891 3555 2948 3605 ὲν
2995 3555 3060 3624 τῇ
3108 3553 3245 3623 αὐτῇ
3281 3552 3611 3623 ἀκολουθίαν
3642 3552 3722 3605 ὅτι

448 3635 809 3705 sequentibus
852 3636 1092 3706 legitur:
1124 3635 1310 3693 Omnis
1346 3640 1584 3708 pontifex
1622 3656 1687 3694 ea;
1732 3641 1959 3696 hominib

2211 3642 2259 3710 ῐς
2285 3644 2593 3713 ἀρχιερεὺς
2623 3644 2692 3709 ἐξ
2726 3643 3054 3713 ἀνθρώπων
3078 3645 3534 3713 λαμϐανόμενος
3574 3644 3722 3709 ὑπὲρ

449 3736 774 3796 assumptus,
836 3742 931 3795 pro
980 3727 1281 3785 hominibus
1326 3734 1689 3797 constituitur,
1739 3743 1796 3787 ut
1843 3736 1960 3804 o/fet

2213 3734 2460 3803 θρώπων
2485 3736 2857 3801 καθίσταται,
2880 3738 2967 3802 είς
2990 3736 3055 3790 τὸ
3070 3734 3445 3805 προσφέρειν
3476 3733 3641 3803 δὼρά
3666 3751 3724 3787 τε

448 3818 589 3873 dona
627 3831 676 3873 et
710 3822 983 3891 sacriﬁcia
1024 3840 1121 3892 pro
1166 3827 1429 3892 peccatis;
1459 3829 1548 3896 qui
1583 3830 1750 3897 possit
1780 3845 1959 3898 compa

2215 3828 2233 3880 ί
2275 3828 2514 3891 θυσίας,
2553 3827 2889 3897 δυνάμενος
2929 3827 3367 3896 μετριοπαθεῖν.
3425 3825 3725 3895 Ἀνάγκην

452 3909 836 3966 Necessitatem
871 3915 1010 3967 enim
1041 3914 1193 3969 habet
1228 3926 1277 3970 et
1319 3932 1414 3985 pro
1442 3920 1553 3971 suis
1582 3917 1793 3973 delictis
1821 3921 1963 3990 oﬁ‘eri

2213 3938 2247 3988 p
2278 3919 2402 3989 ἔχει
2433 3919 2531 3973 καί
2570 3920 2703 3988 περὶ
2752 3919 2870 3973 τῶν
2907 3920 3072 3973 ίδίων
3099 3918 3415 3989 ἁμαρτιῶν.
3454 3918 3521 3972 ’0
3551 3919 3621 3972 δὲ
3639 3919 3724 3987 μὴ

452 4004 562 4070 Qui
589 4014 765 4060 autem
796 4017 1066 4075 peccatum
1100 4025 1204 4062 non
1240 4008 1414 4074 habet,
1448 4012 1676 4079 seipsum
1707 4000 1897 4067 obtulit
1922 4014 1963 4068 Ρ

2214 4029 2294 4065 ων
2318 4012 2612 4081 ἁμαρτίαν
2641 4013 2859 4065 ἑαυτὸν
2887 4010 3263 4081 προσήνεγκε
3286 4011 3366 4077 τῷ
3383 4012 3593 4079 Πατρί.
3618 4012 3725 4064 Καὶ

452 4096 524 4149 tri
552 4096 597 4152 ⁸.
635 4095 738 4152 Ubi
766 4098 881 4153 haec
915 4099 1100 4165 verba,
1134 4115 1199 4154 ex
1223 4100 1523 4165 hominibus
1544 4142 1558 4168 ,
1591 4103 1658 4158 ad
1704 4104 1963 4160 incarnati

2231 4101 2330 4172 μὲν
2372 4102 2441 4155 ἐκ
2473 4119 2504 4154 τ
2510 4100 2594 4155 ὧν
2630 4102 2958 4171 ἀνθρώπων
2992 4102 3083 4155 διὰ
3124 4103 3223 4172 τὴν
3254 4102 3547 4171 ὲνδημίαψ
3580 4102 3642 4153 τὸ
3671 4102 3725 4154 δὲ

449 4204 576 4245 nem
608 4190 915 4261 pertinent;
948 4193 1062 4247 hac
1093 4203 1301 4261 autem,
1340 4212 1445 4250 non
1474 4211 1538 4250 ex
1566 4195 1866 4253 hominibus
1893 4239 1908 4263 ,
1947 4216 1960 4254 ι

2216 4212 2251 4248 κ
2284 4194 2354 4258 ἐξ
2388 4195 2737 4263 ἀνθρώπων,
2781 4194 2942 4264 τὸμὴ
2987 4196 3143 4264 ἔχων
3182 4193 3455 4263 ἀνάγκην
3506 4193 3596 4247 διὰ
3633 4194 3726 4263 τὴν

451 4300 556 4337 non
598 4282 795 4337 habens
828 4286 1211 4352 necessitatem,
1265 4287 1606 4344 divinitatem
1653 4288 1936 4356 indicant,

2215 4287 2373 4356 5mm
2391 4303 2404 4320 ·
2436 4287 2531 4341 καὶ
2557 4288 2686 4358 περὶ
2713 4290 2812 4358 τῆς
2839 4286 3005 4340 αὑτοῦ
3040 4286 3290 4357 θεότητός
3320 4301 3483 4357 φησιο
3515 4286 3726 4353 καίπερ

452 4383 507 4429 et
536 4376 648 4442 illa,
678 4379 916 4446 quamvis
951 4387 1086 4431 esset
1123 4376 1320 4433 Filius.
1353 4375 1479 4434 Hcce
1507 4388 1718 4443 autem,
1753 4381 1941 4435 didicit

2214 4398 2224 4413 ·
2260 4381 2412 4445 Υἱός.
2471 4380 2605 4451 Περὶ
2653 4379 2709 4433 δὲ
2755 4380 2854 4451 τῆς
2888 4380 3155 4451 ὲνσάρκου
3197 4378 3363 4432 αὐτοῦ
3400 4379 3725 4451 παρουσίας,

454 4466 533 4521 his
566 4483 681 4537 qua:
714 4483 904 4536 passus
942 4479 1060 4535 est,
1111 4470 1180 4524 ad
1234 4480 1576 4543 assumptam
1619 4488 1841 4529 carnem
1894 4480 1965 4530 rei

1528 4487 1576 4525 m
1619 4488 1841 4529 carnem
1894 4474 2037 4530 refe-
2148 4472 2403 4541 Ἔμαθεν
2428 4470 2497 4536 ἐξ
2524 4465 2612 4524 ὧν
2642 4470 2847 4537 ἔπαθε,
2888 4470 3039 4544 φησί.

456 4562 624 4617 renda
656 4571 805 4617 sunt.

530 4653 820 4711 XXXVIII.
861 4653 1029 4711 Vides
1081 4663 1141 4709 ut
1181 4655 1366 4710 omnia
1420 4672 1541 4728 quae
1576 4656 1798 4714 Christo
1838 4674 2039 4713 convc-

2221 4646 2352 4702 AH'.
2386 4649 2497 4702 Ka‘t
2521 4647 2676 4719 δρᾷς,
2721 4648 2804 4701 ὅτι
2835 4649 3015 4703 πάντα
3045 4648 3137 4703 τοῦ
3190 4648 3431 4722 Χριστοῦ
3470 4650 3614 4715 λεῖα,
3644 4653 3731 4705 καὶ

456 4747 640 4810 niunt,
674 4748 834 4817 plana
873 4748 984 4802 sint
1002 4757 1056 4804 et
1084 4749 1371 4819 perspicua
1391 4790 1407 4815 ,
1444 4765 1622 4820 neque
1648 4750 1946 4820 quidquam

2223 4738 2299 4791 5ὲν
2332 4741 2389 4791 ἐν
2428 4740 2613 4799 αὐτοῖς
2660 4738 3120 4810 πραγγαλιῶδες.
3170 4739 3245 4793 Τὸ
3283 4739 3415 4811 γὰρ,
3458 4741 3734 4812 ἀρχιερέα

458 4838 547 4895 his
598 4840 669 4894 sit
706 4840 1026 4910 impeditum
1074 4848 1168 4895 aut
1204 4841 1543 4911 perplexum.
1590 4840 1725 4895 Nam
1773 4842 1889 4897 haec
1924 4843 1969 4913 ip

2225 4830 2371 4884 στὸν
2411 4830 2555 4885 ὄντα
2585 4829 2665 4897 τῷ
2704 4826 3025 4896 ποιήσαντι
3053 4832 3260 4898 αὑτὸν,
3289 4833 3409 4887 οὐδὲ
3436 4837 3539 4904 τὴν
3569 4837 3736 4907 αὐτην

456 4931 645 4987 verba.
674 4932 970 5000 pontiﬁcem
993 4973 1007 4997 ,
1055 4934 1145 5002 qui
1186 4931 1357 5001 ﬁdelis
1394 4940 1471 4985 est
1496 4932 1564 4998 ei,
1590 4933 1676 5002 qui
1696 4930 1817 5001 fecit
1846 4934 1961 5002 ipsu

2227 4923 2345 4975 ἀσιν
2396 4923 2629 4976 ἐνταῦθα
2678 4922 2945 4993 διηγεῖται
2990 4923 3085 4977 τοῦ
3137 4924 3411 4993 σώματος,
3466 4927 3594 4981 οὐδὲ
3643 4930 3738 4998 τῆς

457 5020 616 5092 761
653 5021 787 5081 nihil
816 5023 882 5077 ad
916 5024 1163 5093 corporis
1194 5022 1577 5078 formationem
1599 5064 1613 5087 ,
1653 5031 1745 5077 aut
1786 5023 1968 5078 incarn

2225 5016 2311 5070 τοῦ
2352 5017 2836 5089 ὲνανθρωπήσεως,
2854 5018 2914 5071 οὐ
2940 5018 3069 5089 περὶ
3092 5018 3322 5081 κτίσεως
3348 5018 3488 5083 ὅλως
3518 5021 3736 5088 φάσκει,

458 5116 686 5177 tionem,
716 5100 810 5167 aut
841 5129 969 5169 vero
993 5116 1328 5169 creationem
1360 5120 1612 5183 spectant
1637 5128 1653 5176 ;
1688 5112 1782 5167 sed
1812 5113 1958 5184 digni

2224 5110 2281 5163 λά
2319 5110 2456 5180 μετά
2484 5109 2581 5181 τὴν
2611 5110 2732 5181 ὲνδη
2742 5110 2869 5181 μίαν
2896 5109 2989 5162 τοῦ
3030 5110 3337 5181 ἀξιώματος
3370 5111 3433 5163 τὸ
3458 5112 3735 5181 χάρισμα·

459 5218 568 5263 tem
610 5208 784 5273 illam,
838 5224 901 5262 ac
944 5210 1169 5264 cmleste
1217 5223 1420 5262 munus
1468 5205 1738 5272 indicant,
1773 5208 1916 5277 quod
1966 5210 1970 5260 i

2259 5205 2355 5259 καὶ
2404 5204 2466 5257 τὸ
2519 5205 2845 5275 εἰρημένονο
2906 5205 3172 5258 Ἔδωκεν
3221 5202 3384 5269 αὐτῷ
3436 5206 3630 5276 ὄνομα
3676 5208 3738 5260 τὸ

460 5310 741 5371 assumpta
761 5302 872 5371 jam
897 5316 1062 5357 carne
1083 5302 1341 5357 collatum
1370 5306 1477 5355 est.
1522 5298 1642 5366 Quo
1672 5299 1918 5371 etiamet
1964 5302 1971 5351 1

2229 5298 2301 5367 ’ἐρ
2337 5298 2459 5353 πᾶν
2490 5298 2696 5375 ὄνομα.
2749 5298 2859 5350 Καὶ
2907 5299 2969 5351 οὐ
3018 5297 3209 5369 πρώην
3244 5297 3405 5351 τοῦτο
3435 5299 3740 5372 ἐπληροῦτο

463 5408 561 5447 cus
594 5394 693 5449 iste
728 5394 1049 5451 referendus
1081 5404 1167 5452 est
1202 5415 1215 5451 :
1256 5395 1417 5451 Dedit
1463 5395 1512 5449 ei
1544 5384 1750 5455 nomen,
1796 5392 1936 5463 quod
1965 5416 1974 5446 ι

2232 5394 2299 5462 τῇ
2334 5390 2573 5462 θεότητι,
2606 5390 2743 5444 ἀλλά
2774 5395 2840 5462 τῇ
2888 5390 2984 5443 νῦν
3034 5389 3341 5461 παρουσίᾳ*
3376 5390 3679 5463 ἐπειδήπερ
3714 5394 3738 5443 i

465 5499 619 5554 super
650 5503 800 5541 omne
844 5504 1027 5542 nomen
1064 5489 1105 5543 ‘.
1148 5487 1261 5543 Hoc
1290 5489 1437 5543 cnim
1468 5501 1577 5541 non
1626 5492 1785 5538 antea
1814 5484 1868 5539 in
1905 5486 1976 5539 du

2227 5483 2314 5536 τοῦ
2364 5482 2776 5556 ὲνανθρώπησις
2823 5485 2857 5555 ή
2904 5486 2968 5538 ὲκ
3004 5482 3219 5556 Μαρίας
3259 5480 3451 5537 ἔλαϐεν
3483 5484 3658 5555 ὄνομα
3685 5484 3738 5536 τὶ

2049 3012 2093 3069 ϐ

538 5660 558 5694 ¹
581 5660 687 5717 Isa.
722 5677 810 5731 ιι,
841 5663 930 5718 23.
1006 5665 1027 5694 ¹
1052 5662 1217 5722 Hebr.
1246 5678 1328 5734 tn,
1364 5664 1411 5733 I,
1442 5664 1497 5721 9.
1580 5666 1601 5698 ³
1626 5664 1732 5721 Isa.
1765 5678 1884 5729 ιιιι,
1919 5661 1972 5715 7.

2229 5669 2259 5717 ι.
2304 5676 2461 5732 mil,
2499 5661 2583 5718 l5.
2663 5662 2682 5695 '
2715 5659 2882 5720 Hebr.
2916 5659 3024 5731 πί
3061 5675 3183 5733 sqq.
3262 5665 3283 5698 ι
3315 5657 3558 5728 Philipp.
3586 5676 3648 5723 ιι.
3688 5660 3740 5715 9.
