3826 6206
135 175 212 248 ﬂii
715 171 1089 231 ADVERSUS
1125 170 1472 232 IIAERESES
1508 173 1638 232 LIB.

1787 175 1950 234 TOM.
1993 177 2130 234 ll.—
2170 178 2446 240 HEBES.
2483 179 2675 238 LXIX.

3244 183 3357 244 262

134 290 243 359 ὑπὲρ
268 287 360 340 πᾶν
387 284 576 356 ὄνομα,
624 286 722 341 σὺν
869 287 988 360 Θεῷ
1027 289 1189 360 Λόγῳ
1218 289 1503 344 καλεῖσθαι
1538 290 1662 345 Υἱὸν

1779 292 1966 359 nitate,
1994 295 2092 351 sed
2119 295 2176 350 in
2209 295 2590 352 incarnatione
2619 294 2923 367 perfectum
2955 304 3059 363 est,
3095 312 3219 353 cum
3247 297 3358 354 sci-

130 379 252 434 θεοῦ.
288 378 383 430 Καὶ
430 375 517 429 διὰ
555 377 715 430 τοῦτο
757 380 852 432 καὶ
881 379 950 432 δι’
987 380 1152 432 αὑτοῦ
1199 379 1294 434 τοῦ
1341 382 1665 436 Ἀποστόλου

131 467 317 524 ἐνταῦθα
341 466 492 521 πάλιν
517 469 706 539 εἴρηκε
727 486 742 501 ο
775 470 886 524 Τὸν
905 470 974 523 δὲ
992 471 1196 541 ,ϐραχύ
1222 489 1277 526 τι
1313 475 1453 542 παρ’
1478 473 1669 542 ἀλλή-

126 565 243 624 λους
267 558 670 628 ἠλαττωμένον
693 560 1013 630 βλέπομεν
1053 563 1299 630 Ἰησοῦν
1323 563 1422 618 διὰ
1452 564 1520 618 τὸ
1551 564 1666 618 πά-

127 658 254 720 θημα
278 650 372 703 τοῦ
391 650 654 705 θανάτου
677 652 828 724 δόξῃ
855 655 953 708 καὶ
983 655 1122 725 τιμῇ
1145 657 1668 729 ἐστεφανωμένον*

128 743 192 794 ἵνα
220 744 244 794 6
274 741 522 812 δεσπότης
564 743 812 812 ἀγγέλων
842 745 937 798 καὶ
974 747 1204 820 ποιητὴς
1239 751 1370 820 παρ’
1402 751 1668 820 ἀγγέλους

125 833 454 904 ἡλαττωμένος
478 835 674 906 φανείη
712 837 742 889 6
779 837 1005 908 φρικτὸς
1039 841 1134 892 καὶ
1165 839 1394 912 φοϐερὸς
1419 844 1533 906 τοῖς
1564 844 1666 912 ἀγ-

124 926 286 996 γέλοις,
313 925 396 978 καὶ
419 925 478 990 ἐξ
502 927 601 980 οὐκ
627 927 796 982 ὄντων
821 931 1018 994 αὐτοὺς
1050 931 1242 997 κτίσας
1269 934 1366 988 σὺν
1397 933 1474 1005 τῷ
1493 935 1668 1006 Πατρὶ

123 1021 196 1072 καὶ
219 1020 301 1072 σὺν
324 1017 394 1088 τῷ
419 1018 560 1088 ἁγίῳ
585 1019 864 1092 Πνεῦματι
893 1022 1275 1095 ἡλαττωμένος
1307 1025 1547 1095 λέγοιτο·
1573 1027 1668 1082 καὶ

123 1111 279 1182 φανείη
313 1111 512 1180 σαφῶς,
543 1113 624 1166 ὅτι
650 1115 711 1166 οὺ
738 1116 866 1187 περὶ
897 1115 1153 1188 Θεότητος
1177 1117 1414 1172 ἐνταῦθα
1440 1119 1664 1188 φάσκει,

121 1201 230 1254 ἀλλὰ
255 1201 369 1272 ’περὶ
393 1201 492 1272 τῆς
535 1203 701 1258 αὑτοῦ
733 1207 954 1275 σαρκός.
999 1209 1238 1280 Πάθημα
1278 1209 1388 1282 γάρ
1429 1209 1663 1264 θανάτου

121 1295 168 1348 οὐ
189 1294 278 1365 πρὸ
311 1293 506 1366 σαρκὸς
534 1297 615 1359 είς
639 1296 730 1351 τὸν
758 1299 930 1369 Λόγον
971 1301 1341 1371 ἀναλογεῖται,
1369 1303 1502 1358 ἀλλά
1528 1304 1666 1376 μετὰ

120 1387 195 1458 τὴν
231 1388 477 1459 ἐνσαρκον
525 1392 829 1461 παρουσίαν
880 1394 975 1449 τοῦ
1017 1395 1184 1450 αὑτοῦ
1234 1398 1481 1462 ἀπαθοῦς
1511 1399 1666 1465 ὄντος

120 1481 195 1533 καὶ
222 1479 448 1550 παθητοῦ
470 1497 484 1510 ·
513 1482 760 1547 ἀπαθοῦς
787 1483 886 1555 μὲν
918 1485 1075 1551 δντος
1104 1489 1166 1542 ὲν
1199 1491 1265 1561 τῇ
1294 1489 1528 1560 θεότητι,
1561 1491 1667 1545 πά-

119 1589 302 1642 σχοντος
336 1570 389 1624 δὲ
437 1575 496 1626 ὲν
542 1577 608 1644 τῇ
638 1573 988 1649 ἀνθρωπήσει
1007 1596 1020 1610 ο
1050 1579 1126 1644 ὡς
1152 1581 1247 1634 καὶ
1278 1581 1346 1634 τὰ
1379 1582 1664 1653 ἀμφότερα

1773 387 1900 442 licet
1921 387 2160 442 humana
2182 389 2356 459 ipsius
2379 398 2598 452 natura,
2623 404 2786 459 quam
2809 405 2876 445 ex
2899 389 3070 445 Maria
3094 391 3353 462 sumpsit,

1771 495 1973 536 nomen
2024 488 2109 538 est
2151 480 2424 552 ejusmodi
2484 488 2806 549 consecuta,
2843 481 2992 552 quod
3034 483 3215 537 omnia
3257 497 3357 538 no-

1770 573 1922 628 mina
1952 573 2220 646 dignitate
2247 581 2555 645 superaret,
2585 581 2645 627 ut
2666 588 2791 628 cum
2821 573 3008 629 divino
3021 572 3202 629 Verbo
3223 589 3359 630 con-

1764 665 1977 738 juncta,
2031 666 2124 722 Dei
2155 664 2328 722 Filius
2367 667 2756 736 appellaretur.
2797 665 2977 734 Quam
3026 666 3098 720 ob
3130 681 3357 721 causam

1770 774 1868 830 per
1897 757 2146 813 eumdem
2178 757 2499 829 Apostolum
2529 758 2633 813 hoc
2684 759 2808 814 loco
2837 758 2975 813 dixit
3008 776 3023 812 :
3061 757 3218 812 Hunc
3253 773 3356 811 au-

1771 849 1874 905 teni
1900 849 2063 920 paulo
2093 850 2268 904 minus
2303 850 2367 903 ab
2401 850 2606 921 angelis
2639 851 2963 904 minoratum
2988 849 3224 904 videmus
3263 847 3359 905 Jo-

1769 959 1887 997 sum
1921 947 1984 996 ob
2030 941 2332 1012 passionem
2368 943 2555 996 mortis
2594 942 2770 1012 gloria
2811 950 2859 996 et
2907 941 3105 996 honore
3135 956 3360 996 corona-

1771 1044 1883 1088 tum
1914 1036 1954 1088 ⁸.
1981 1033 2102 1101 Quo
2129 1035 2340 1089 scilicet
2369 1034 2687 1104 angelorum
2709 1029 2976 1088 Dominus
2997 1039 3052 1087 et
3078 1031 3356 1098 conditor,

1769 1126 1978 1198 angelis
2018 1127 2200 1182 minor
2234 1125 2412 1181 factus
2443 1140 2567 1180 esse
2603 1124 2907 1190 videretur,
2950 1125 3072 1188 ille,
3107 1125 3356 1194 inquam,

1767 1218 1888 1288 ipse
1918 1217 2127 1289 angelis
2155 1218 2485 1273 metuendus
2511 1232 2574 1272 ac
2601 1217 2884 1284 terribilis,
2911 1232 3053 1288 quos
3082 1215 3151 1272 de
3184 1217 3358 1274 nihilo

1769 1323 1893 1362 cum
1929 1306 2093 1364 Patre
2120 1318 2175 1362 et
2201 1307 2409 1378 Spiritu
2443 1314 2634 1363 sancto
2669 1308 2895 1373 creavit,
2931 1306 3114 1360 minor
3145 1305 3360 1363 dicere-

1770 1401 1880 1456 tur,
1930 1401 2192 1464 certoque
2248 1401 2550 1457 constaret,
2600 1408 2708 1448 non
2769 1393 2836 1449 de
2893 1393 3014 1463 ejus
3069 1393 3358 1453 divinitate

1768 1486 2098 1542 mentionem
2137 1485 2240 1540 hoc
2272 1485 2392 1540 loco
2436 1485 2548 1541 fieri
2577 1527 2590 1552 ,
2619 1485 2714 1542 sed
2749 1486 2816 1542 de
2846 1501 3016 1542 carne
3061 1486 3352 1544 duntaxat.

1767 1574 1960 1651 Mortis
1993 1575 2138 1630 enim
2168 1573 2354 1645 passio
2388 1590 2498 1629 non
2526 1575 2848 1645 priusquam
2879 1590 3101 1631 carnem
3143 1575 3356 1632 induis-

119 1670 182 1721 ἐνὶ
202 1667 477 1738 πληροῦται
503 1669 593 1722 τδι
627 1669 755 1734 Υἱὸς
783 1671 1071 1743 ἀνθρώπου
1100 1675 1158 1727 ὲν
1189 1674 1393 1746 ταυτῷ,
1429 1676 1524 1728 καὶ
1540 1675 1662 1740 Υίὺς

1779 1675 1876 1730 set,
1909 1665 2090 1722 Verbo
2120 1666 2213 1722 Dei
2247 1667 2460 1721 ratione
2487 1665 2723 1736 quadam
2755 1667 3224 1735 accommodatur,
3257 1668 3356 1725 sed

115 1760 223 1813 Θεοῦ
267 1762 317 1814 ἐν
352 1761 554 1832 ταυτῷ.
594 1763 760 1832 Ὁμοῦ
789 1763 897 1836 γὰρ
927 1766 1164 1838 Χριστὸς
1192 1768 1249 1820 ὲν
1283 1770 1394 1831 τοῖς
1421 1767 1662 1839 ἀμφοτέ-

118 1869 208 1920 ροις
229 1853 254 1904 6
276 1852 394 1916 Υἱὸς
422 1853 690 1908 καλεῖται.

1771 1758 2179 1829 post'ejusdem
2227 1759 2660 1814 incarnationem
2703 1775 2718 1810 :
2759 1758 2853 1828 qui
2893 1773 3002 1812 una
3051 1766 3106 1814 et
3135 1761 3355 1830 passio-

1767 1853 1855 1909 nis
1879 1866 2080 1922 expers
2118 1859 2234 1916 est,
2269 1860 2322 1908 et
2355 1850 2629 1907 obnoxius
2671 1851 2916 1921 passioni
2949 1870 2962 1907 :
2999 1867 3194 1924 expers
3227 1852 3354 1925 qui-

114 1947 238 2004 dem,
267 1944 401 2014 quod
459 1945 526 1999 ad
571 1946 910 2004 divinitatem
953 1948 1187 2016 attinet;
1240 1950 1512 2006 obnoxius
1566 1962 1719 2012 vero,
1785 1945 1832 2001 si
1874 1943 2117 1999 hominis
2169 1951 2422 1998 naturam
2472 1940 2808 1997 consideres.
2859 1943 3016 2011 Quod
3059 1955 3356 2016 utrumque

118 2040 160 2092 in
190 2056 284 2096 uno
332 2039 655 2110 completur,
691 2048 753 2094 ut
811 2049 864 2096 et
897 2039 1070 2098 Filius
1119 2043 1359 2098 hominis
1407 2042 1463 2098 in
1517 2042 1730 2104 eodem,
1781 2046 1837 2094 et
1888 2036 1984 2092 Dei
2030 2034 2203 2092 Filius
2262 2037 2316 2090 in
2364 2036 2556 2093 eodem
2612 2041 2866 2097 exsistat.
2901 2039 3160 2096 Christus
3206 2038 3356 2094 enim

117 2133 370 2192 utrohioue
401 2131 499 2188 Dei
529 2131 700 2189 Filius
723 2143 972 2189 vocatur.

166 2226 270 2277 ΛΘ’.
306 2225 368 2278 Τί
393 2220 488 2279 οὖν
529 2227 819 2295 ἐποίησεν
861 2229 1083 2294 αὐτόν;
1128 2229 1192 2284 Οἱ
1220 2226 1656 2299 φιλονεικοῦντες

115 2315 323 2385 μάθωσιν
353 2316 463 2370 ἀπὸ
506 2316 615 2370 τῶν
657 2320 1072 2391 προειρημένων
1108 2320 1350 2387 πάντων,
1391 2323 1473 2375 ὅτι
1507 2320 1657 2374 οὐδὲν

113 2411 175 2470 είς
198 2409 283 2478 τὴν
311 2407 539 2481 οεότητα
559 2412 618 2463 ὲν
641 2410 721 2482 τῷ
746 2411 901 2484 ρητῷ
920 2413 1097 2484 τούτῳ
1124 2413 1495 2483 ἀναλογεῖται,
1523 2413 1660 2466 ἀλλά

111 2500 176 2563 είς
196 2500 282 2568 τὴν
308 2499 571 2573 ἐνσαρκον
598 2503 923 2573 παρουσίαν.
954 2504 1063 2558 Καὶ
1089 2505 1210 2558 οὐδὲ
1237 2505 1314 2568 ὡς
1339 2505 1468 2576 περὶ
1501 2505 1660 2576 ποιή-

113 2609 224 2656 σεως
246 2593 276 2663 ἢ
298 2593 595 2664 κτίσματος
618 2634 634 2658 ,
673 2593 788 2648 ἀλλ’
820 2594 896 2661 ὡς
923 2597 1050 2668 περὶ
1072 2595 1384 2668 ἀξιώματος
1402 2596 1541 2668 μετὰ
1559 2595 1658 2664 τὴν

111 2683 395 2752 παρουσίαν,
432 2683 498 2737 τὸ
538 2684 849 2751 ἐποίησεν.
901 2686 1074 2739 Αὐτὸν
1118 2687 1402 2758 ἐρωτήσας
1433 2685 1542 2758 γάρ
1575 2687 1660 2749 τίς

110 2790 207 2826 τινα
227 2772 441 2843 βασιλέα
477 2773 720 2845 περὶτοῦ
755 2774 884 2828 ἰδίου
930 2775 1070 2840 υίοῦ,
1105 2775 1189 2828 ὅτι
1222 2775 1287 2828 Τί
1311 2791 1392 2828 σοι
1419 2775 1659 2845 πέφυκεν

109 2857 265 2932 οἷτοςς
291 2865 381 2920 καὶ
414 2865 642 2920 ἀκούσει
682 2868 812 2938 παρ’
862 2865 1060 2930 αὐτοῦ,
1099 2867 1332 2931 ὅτιΥίός
1383 2866 1484 2937 μού
1521 2869 1656 2920 ἐστι.

109 2956 300 3028 Γνήσιος
321 2953 413 3011 οὖν
445 2974 531 3010 σοι
554 2956 812 3028 ὑπάρχει,
842 2957 876 3028 ἢ
907 2957 1095 3020 νόθοςς
1141 2957 1198 3010 ’0
1230 2956 1286 3009 δέ
1317 2974 1451 3028 φησι
1477 2974 1490 2987 ·
1525 2957 1662 3026 Γνή-

1829 2215 2074 2272 XXXIX.
2115 2215 2390 2283 Quidnam
2440 2216 2606 2289 igitur
2635 2227 2722 2274 est
2749 2218 2896 2290 quod
2940 2218 3121 2290 ipsum
3157 2217 3356 2275 fecisse

1763 2311 2006 2368 dicitur?
2042 2309 2268 2365 Discant
2298 2310 2477 2380 arguti
2519 2324 2584 2364 ac
2641 2309 2972 2365 contentiosi
3002 2309 3252 2366 homines
3284 2326 3353 2366 ex

1764 2405 1834 2460 iis
1864 2416 1986 2473 qua:
2015 2402 2283 2463 hactenus
2312 2399 2465 2454 dicta
2504 2409 2656 2464 sunt,
2699 2399 2838 2454 nihil
2868 2399 2972 2454 hoc
3001 2399 3056 2455 in
3081 2399 3202 2454 loco
3230 2415 3356 2455 esse

1762 2495 1911 2566 quod
1951 2494 2019 2549 ad
2051 2493 2395 2549 divinitatem
2424 2492 2716 2563 pertineat,
2765 2491 2859 2546 sed
2903 2491 2968 2546 ad
3017 2491 3350 2547 incarnatio-

1765 2603 1887 2643 nem
1919 2586 2104 2642 omnia
2160 2583 2376 2641 referri.
2407 2585 2483 2639 Ita
2541 2595 2744 2650 tamen,
2779 2592 2841 2638 ut
2874 2582 2943 2638 de
2990 2583 3268 2639 creatione
3300 2593 3356 2639 ct

1765 2677 2052 2734 effectione
2092 2677 2242 2731 nulla
2296 2677 2369 2730 sit
2403 2676 2649 2738 mentio;
2706 2674 2804 2730 sed
2851 2675 2920 2731 de
2957 2689 3020 2731 ea
3070 2675 3354 2746 dignitate,

1765 2784 1930 2840 quam
1961 2775 2218 2838 suscepta
2267 2781 2434 2823 carne
2473 2775 2805 2823 consecutus
2836 2773 2942 2833 εει,
2972 2782 3050 2822 eae
3072 2782 3233 2824 V0083
3262 2783 3356 2823 ac-

1766 2861 2032 2930 cipiendae
2072 2859 2206 2924 sint,
2242 2859 2364 2928 fecit
2389 2861 2583 2927 ipsum.
2622 2857 2713 2913 Sic
2739 2860 2884 2915 enim
2908 2874 3029 2915 sese
3045 2875 3135 2916 res
3167 2859 3354 2927 habet,

1766 2961 1827 3007 ut
1858 2953 1903 3008 si
1923 2952 2047 3022 quis
2070 2952 2138 3006 ab
2165 2967 2292 3021 rege
2307 2951 2373 3006 de
2401 2952 2511 3006 lilio
2544 2966 2646 3007 suo
2675 2960 3060 3023 percontetur:
3101 2951 3353 3018 Quanam

111 3060 204 3108 σιος
234 3044 289 3108 ἐξ
318 3044 454 3116 ἐμοῦ
491 3045 750 3116 ὑπάρχει.
785 3046 849 3098 Τί
887 3041 981 3099 οὖν
1021 3045 1183 3100 αὑτὸν
1219 3046 1515 3118 ὲποίησας;
1551 3047 1661 3100 Βα-

1779 3056 1871 3100 stc
1897 3044 1997 3098 tibi
2049 3044 2336 3114 sanguinis
2370 3044 2696 3114 cognatione
2723 3043 3058 3114 conjunctus
3085 3045 3202 3101 est?
3237 3052 3353 3098 tum

110 3135 232 3189 σιλέα
271 3137 429 3217 αὐτον
471 3137 727 3206 ἐποίησα.
769 3136 940 3206 Δῆλον
990 3137 1157 3208 μηδὲν
1203 3137 1660 3208 παρηλλαγμένον

107 3228 186 3297 τῆς
217 3228 300 3281 τοῦ
341 3233 555 3302 πατρὸς
599 3228 767 3282 αὐτοῦ
802 3229 978 3294 ἀξίας.
1014 3229 1124 3283 Καὶ
1166 3229 1288 3300 οὺχὶ
1323 3231 1541 3295 πάντως
1573 3231 1662 3285 διὰ

107 3320 153 3371 τὸ
179 3322 468 3392 εἰρηκέναι,
525 3322 792 3393 Ἑποίησα
823 3320 984 3375 αὑτὸν
1022 3320 1247 3392 βασιλέα
1267 3361 1283 3386 ,
1315 3323 1468 3394 παρὰ
1502 3321 1661 3378 τοῦτο

108 3410 303 3464 Ἐκτισα
335 3413 522 3476 αὑτὸν,
542 3413 738 3482 λέγειὸ
763 3413 1043 3484 βασιλεύς·
1067 3413 1128 3467 οὐ
1157 3414 1266 3485 γὰρ
1285 3414 1384 3485 τὴν
1409 3415 1660 3487 γέννησιν

103 3503 365 3574 ἠρνήσατο,
388 3507 458 3574 ἢν
488 3504 809 3578 ὡμολόγησε
837 3506 1249 3578 γεγεννηκέναι,
1275 3506 1334 3559 ὲν
1357 3506 1434 3578 τῷ
1464 3509 1657 3572 εἰπεῖν,

114 3595 344 3667 Ἐποίησα
363 3614 374 3629 ’
407 3598 526 3651 ἀλλ’
545 3597 760 3670 ἐκείνην
787 3599 883 3669 μὲν
914 3597 1101 3668 σαφῶς
1133 3598 1468 3670 ἀπεφήνατο,
1493 3599 1555 3651 τὸ
1580 3599 1658 3662 δὲ,

104 3686 456 3760 ὲποίησα,περ“ι
471 3685 630 3752 ἀξίας
649 3687 940 3758 ἐδήλωσεν.
958 3687 1116 3741 Οὕτω
1133 3689 1226 3741 καὶ
1239 3689 1269 3740 6
1287 3687 1412 3753 Υἱὸς
1425 3688 1553 3752 Υἱὸς
1564 3688 1660 3742 τοῦ

105 3777 284 3850 Harpe;
319 3779 711 3850 ἀναμφιϐόλως
742 3781 854 3845 τοῖς
890 3779 1034 3851 ζωὴν
1065 3779 1308 3834 ἐθέλουσι
1344 3780 1662 3835 πιστεύεται

102 3886 147 3920 τε
168 3872 251 3924 καὶ
277 3873 708 3943 προσκυνεῖται·
745 3871 806 3924 τὸ
835 3870 890 3924 δὲ
918 3871 1181 3943 ἀρχιερέα
1211 3871 1494 3940 γενέσθαι,
1525 3873 1660 3926 διότι

104 3961 148 4011 ἐν
170 3962 238 4033 τῷ
268 3963 481 4035 σώματι
531 3962 696 4034 αὑτοῦ
728 3961 807 4034 τῷ
837 3965 1018 4035 Πατρὶ
1054 3963 1246 4017 ἑαυτὸν
1286 3966 1662 4037 προσήνεγκεν

103 4054 219 4125 ὑπὲρ
243 4057 337 4126 τῆς
357 4055 458 4110 ἀνθ
469 4056 809 4127 ρωπότητος,
835 4055 996 4119 αὐτὸς
1021 4055 1222 4127 ἱερεὺς,
1250 4056 1412 4120 αὐτὸς
1444 4058 1659 4128 ἱερεῖον,

104 4144 262 4199 ἑαυτὸν
291 4148 388 4219 μὲν
441 4149 823 4222 προσήνεγκεν
855 4146 997 4219 ὑπὲρ
1043 4147 1224 4216 πάσης
1277 4148 1376 4217 τῆς
1429 4148 1663 4213 κτίσεως

103 4236 479 4310 ἀρχιερατεύων
499 4258 515 4272 ο
551 4239 756 4303 ἀναϐὰς
785 4239 840 4292 δὲ
873 4240 1257 4309 πνευματικῶς
1282 4241 1374 4294 καὶ
1402 4240 1660 4308 ἐνδόξως,

105 4331 149 4382 ὲν
174 4332 305 4403 αὐτῷ
341 4334 423 4404 τῷ
463 4332 680 4405 σώματι
720 4332 972 4387 ἐκάθισεν
1003 4335 1060 4386 ὲν
1097 4334 1248 4406 δεξιᾷ
1280 4333 1376 4387 τοῦ
1416 4336 1660 4408 Πατρὺς,

105 4424 314 4492 γεγονὼς
353 4427 655 4498 ἀρχιερεὺς
699 4429 780 4491 εἰς
806 4427 867 4480 τὸ
894 4426 1174 4496 διηνεκὲς,
1217 4426 1313 4479 καὶ
1348 4425 1675 4499 διεληλυθὼς

103 4518 204 4581 τοὺς
232 4520 500 4591 οὐρανοὺς
535 4521 620 4588 ἐφ’
657 4519 823 4586 ἅπαξ,
847 4519 923 4581 ὼς
956 4521 1224 4590 μαρτυρεῖ
1253 4519 1380 4590 περὶ
1413 4519 1578 4572 αὐτοῦ
1603 4521 1661 4572 ὲν

101 4611 198 4672 ταῖς
241 4611 484 4682 καθεξῆς
543 4611 754 4679 λέξεσιν
799 4613 828 4664 6
877 4610 1040 4673 αὐτὸς
1100 4612 1254 4679 ἆγιος
1317 4610 1663 4674 Ἀπόστολος.

102 4699 191 4754 Καὶ
217 4703 436 4766 ἐξέπεσε
468 4704 636 4757 πάλιν
679 4701 885 4756 τούτων
925 4704 958 4772 ἡ
992 4701 1398 4774 προφασιστικὴ
1441 4702 1663 4774 διαλογὴ

102 4788 180 4860 τῆς
199 4790 339 4858 Θείας
372 4795 642 4866 Γραφῆς,
677 4793 918 4863 ζωτικῆς
949 4791 1008 4846 οῦ
1022 4811 1118 4863 της
1137 4834 1150 4857 ,
1181 4793 1275 4846 καὶ
1307 4794 1472 4865 μηδὲν
1505 4795 1664 4864 ἐχού-

105 4899 183 4952 σης
217 4889 291 4949 εἰς
336 4889 682 4960 πρόσκομμα
726 4889 967 4951 πιστοῖς,
995 4885 1029 4957 ἢ
1059 4888 1139 4950 εἰς
1167 4887 1458 4959 ἐλάττωμα
1496 4887 1662 4958 βλασ-

105 4976 284 5046 τιμίας
310 4981 452 5052 πρὸς
472 4979 569 5034 τὸν
594 4978 787 5049 Λόγον.

1765 3136 1857 3192 ille
1913 3135 2280 3208 respondeat:
2311 3134 2484 3189 Filius
2532 3149 2690 3191 meus
2745 3144 2860 3203 est;
2903 3144 3092 3207 pergat
3131 3135 3352 3201 deinde,

1764 3237 1818 3284 et
1850 3244 2214 3299 germanusne
2254 3230 2326 3284 sit
2354 3243 2424 3283 an
2479 3230 2704 3299 spurius
2751 3234 2904 3299 roget
2934 3247 2948 3283 :
2981 3226 3092 3284 Rex
3121 3236 3304 3284 autem
3337 3245 3353 3283 :

1767 3319 2100 3386 Germanus,
2131 3329 2186 3375 et
2218 3335 2249 3375 a
2287 3336 2375 3376 me
2404 3320 2643 3392 genitus,
2681 3320 2962 3390 subjiciat.
2997 3319 3140 3387 Quid
3187 3321 3356 3392 igitur

1765 3415 1915 3470 illum
1953 3414 2169 3470 fecisti?
2203 3414 2424 3485 Regem,
2449 3415 2647 3485 inquit,
2673 3413 2799 3470 feci.
2829 3413 2906 3468 Ex
2932 3430 3041 3485 quo
3067 3414 3356 3471 manifeste

1765 3506 2034 3578 sequitur,
2067 3506 2293 3561 minime
2323 3501 2472 3561 hunc
2505 3522 2628 3562 esse
2650 3506 2936 3578 dignitatis
2970 3515 3211 3576 paternae
3241 3506 3357 3562 dis-

1764 3599 2021 3656 similem.
2050 3596 2162 3653 Nec
2191 3613 2259 3653 eo
2294 3597 2442 3668 quod
2474 3613 2568 3653 rex
2598 3596 2778 3651 dicat:
2803 3595 3003 3666 Regem
3041 3597 3194 3650 illum
3225 3597 3354 3666 feci,

1763 3691 2016 3748 eumdem
2055 3705 2116 3746 se
2147 3704 2366 3745 creasse
2425 3689 2738 3745 confitetur.
2785 3686 2903 3742 Non
2946 3688 3092 3744 enim
3122 3704 3357 3760 genera~

1765 3786 1968 3840 tionem
2011 3783 2308 3846 inficiatur,
2339 3797 2465 3838 cum
2513 3797 2639 3856 eum
2678 3796 2738 3838 se
2776 3781 3037 3850 genuisse
3075 3781 3222 3837 dicat
3250 3781 3356 3836 hoc

1766 3879 1906 3950 ipso,
1937 3877 2092 3960 quod
2137 3875 2336 3931 fecisse
2383 3889 2442 3930 se
2472 3857 2683 3939 narrat,
2717 3872 3014 3944 762‘sed
3051 3889 3175 3928 cum
3207 3873 3354 3928 illam

1750 3980 1953 4054 .aperle
1987 3973 2328 4042 profiteatur,
2361 3968 2598 4023 faciendi
2629 3968 2989 4022 nihilominus
3025 3968 3254 4022 verbum
3285 3968 3353 4021 ad

1765 4066 2084 4137 dignitatem
2132 4063 2341 4119 retulit.
2379 4061 2648 4116 Similiter
2691 4068 2747 4116 et
2794 4059 2969 4116 Filius
3013 4059 3193 4116 Patris
3232 4062 3358 4130 qui-

1765 4160 1888 4216 dem
1916 4157 2088 4214 Filius
2123 4157 2241 4212 sine
2269 4156 2381 4210 ulla
2415 4155 2756 4209 dubitatione
2789 4155 2858 4208 ab
2886 4154 2998 4210 illis
3031 4154 3276 4210 creditur
3301 4163 3358 4208 et

1768 4251 2032 4307 adoratur
2057 4251 2150 4320 qui
2181 4250 2348 4305 vitam
2380 4247 2631 4303 obtinere
2660 4247 2891 4315 cupiunt
2921 4264 2934 4302 :
2961 4245 3202 4317 pontifex
3225 4261 3358 4301 vero

1769 4343 1976 4397 idcirco
2033 4341 2225 4404 fuisse,
2260 4339 2408 4411 quod
2459 4340 2515 4394 in
2573 4353 2674 4395 suo
2713 4352 2945 4408 corpore
2980 4353 3080 4408 pro
3113 4337 3359 4393 humano

1708 4425 1753 4481 D
1783 4444 1982 4502 genere
2009 4428 2156 4483 Patri
2192 4429 2544 4500 semetipsum
2577 4428 2870 4496 obtulerit;
2922 4428 3064 4485 idem
3094 4437 3149 4484 et
3173 4443 3358 4485 sacer-

1765 4524 1867 4579 dos
1895 4523 2079 4588 simul,
2099 4529 2158 4577 et
2184 4522 2364 4578 hostia
2399 4537 2500 4593 pro
2537 4523 2688 4578 omni
2710 4528 2966 4578 creatura
2996 4520 3356 4593 pontificatus

1767 4615 1945 4672 oﬂicio
1992 4615 2223 4685 fungens
2281 4617 2522 4686 seipsum
2563 4615 2780 4681 obtulit,
2811 4624 2925 4670 tum
2966 4613 3199 4686 spiritali
3220 4631 3357 4685 quo~

1767 4708 1892 4764 dam
1927 4706 2112 4773 modo,
2144 4715 2199 4762 et
2254 4707 2460 4779 ingenti
2515 4722 2641 4762 cum
2673 4708 2845 4778 gloria
2880 4707 3198 4770 subvectus,
3228 4721 3355 4761 cum

1766 4801 1956 4858 eodem
2006 4804 2101 4858 illo
2150 4817 2384 4874 corpore
2429 4802 2497 4856 ad
2541 4801 2722 4857 Patris
2763 4800 3046 4855 dexteram
3082 4799 3354 4862 consedit,

1771 4895 2105 4950 constitutus
2138 4895 2192 4949 in
2227 4904 2492 4950 aeternum
2533 4892 2775 4964 pontifex
2797 4893 2841 4958 ⁸,
2877 4906 2940 4946 ac
2978 4893 3232 4947 caelestes
3269 4905 3358 4945 or.

1772 4982 1868 5040 bes
1921 4985 2091 5040 semel
2144 5000 2491 5055 permensus,
2527 4991 2586 5038 ut
2635 4984 2776 5039 idem
2823 4981 3128 5054 Apostolus
3164 4981 3220 5035 in
3273 4994 3333 5035 se

105 5076 365 5138 quentibus
401 5077 673 5132 declarat.
705 5074 859 5133 Unde
897 5084 1013 5133 tota
1043 5077 1160 5132 haec
1199 5077 1415 5131 illorum
1453 5076 1520 5130 ad
1570 5076 1903 5133 calumniam
1946 5082 2426 5152 captationemque
2462 5080 2766 5150 composita
2797 5079 2864 5134 de
2905 5075 3207 5146 Scripturis
3242 5073 3354 5128 dis-

107 5171 282 5238 putatio
322 5174 583 5229 corruit:
621 5189 745 5242 quae
796 5174 1018 5244 quidem
1072 5172 1371 5244 Scriptura:
1412 5187 1538 5227 cum
1591 5173 1714 5228 vitre
1772 5174 2150 5247 impertienda:
2193 5179 2302 5232 vim
2339 5178 2560 5244 habent,
2613 5185 2727 5230 tum
2769 5175 2906 5230 nihil
2941 5172 3246 5238 continent,
3291 5171 3356 5226 ad

105 5263 225 5327 quod
272 5262 460 5320 ﬁdeles
515 5264 831 5330 offendant;
865 5274 959 5320 aut
996 5265 1144 5336 quod
1187 5265 1255 5320 ad
1297 5265 1463 5320 ullam
1499 5263 1663 5321 Verbi
1699 5270 2112 5336 contumeliam,
2174 5271 2406 5342 ejusque
2437 5270 2721 5343 dignitatis
2786 5266 3226 5324 imminutionem
3267 5278 3353 5316 ac.

105 5357 406 5412 commodari
427 5356 560 5428 jure
585 5358 776 5429 possit.

158 5452 234 5510 Μ’.
273 5454 405 5513 Εἶτα
442 5457 722 5530 μέμνηται
751 5457 913 5513 πάλιν
940 5458 1132 5531 ἑτέρου
1159 5457 1347 5532 ῥητοῦ,
1372 5458 1449 5524 ὡς
1491 5458 1666 5514 Ἰωάν-

169 5613 183 5642 ⁸
217 5611 276 5669 F.
311 5613 414 5686 τῷ.
495 5615 520 5647 ¹
563 5611 728 5670 Hebr.
764 5628 825 5680 ιι,
856 5613 910 5669 9.
991 5615 1012 5648 ⁸
1046 5613 1211 5672 Hebr.
1241 5631 1317 5681 vr,
1348 5613 1438 5669 20.

1850 5454 1962 5510 XL.
2005 5455 2182 5510 Alium
2213 5463 2476 5526 praeterea
2535 5454 2716 5510 locum
2747 5453 2912 5510 Arius
2942 5469 3355 5512 commemorat.
