3826 6206
488 208 598 269 ιιι

1909 203 1967 257 S.
2011 200 2355 257 EPlPllANll

3668 210 3754 268 264

484 330 544 387 in
602 345 715 401 quo
748 326 1009 394 Joannes,
1051 341 1178 383 cum
1219 344 1275 383 in
1316 326 1537 383 deserto
1581 334 1775 391 staret,
1834 335 1889 381 et
1931 342 2068 380 aece

2196 343 2293 397 νης
2321 324 2496 390 ἑστὼς
2526 328 2586 380 ὲν
2612 329 2678 398 τῇ
2710 328 2906 400 ἐρήμῳ
2953 328 3048 382 καὶ
3076 328 3420 400 θεασάμενος
3450 330 3608 385 αὐτὸν
3632 336 3757 404 ἐρχό-

487 422 708 477 dentem
738 420 891 475 illum
922 421 1151 484 videret,
1194 420 1402 475 dixisse
1428 418 1604 474 fertur
1640 438 1651 472 :
1684 418 1788 471 llic
1814 428 1891 472 est
1933 434 2085 488 quem

489 513 606 566 dixi
629 512 772 565 vobis
804 529 821 564 :
855 511 1121 576 Quoniam
1154 511 1284 565 venit
1336 520 1451 578 post
1482 527 1561 564 me
1599 512 1698 574 vir,
1734 511 1823 580 qui
1859 518 1979 563 ante
2006 525 2086 562 me

488 603 663 672 factus
692 614 791 669 est,
815 607 936 675 quia
956 606 1103 672 prior
1140 622 1217 658 me
1240 614 1353 658 erat
1380 606 1419 660 ⁸.
1452 604 1695 659 Primum
1721 606 1884 676 igitur
1922 620 2085 661 voces

485 694 659 764 ipsas,
704 704 964 765 tanquam
1007 696 1234 765 crapula
1260 704 1315 749 et
1349 696 1613 750 ebrietate
1652 697 1913 764 correpti,
1937 698 2083 765 quod

487 785 552 838 ad
581 802 805 841 sensum
827 789 1041 851 attinet,
1074 786 1781 858 immutant.thuomodo,
1807 789 2080 858 inquiunt,

485 877 553 931 de
605 878 987 932 incarnatione
1030 878 1239 931 dictum
1299 879 1432 932 illud
1472 880 1648 949 accipi
1706 889 1902 949 potest,
1956 896 2081 934 cum

486 978 613 1024 ante
645 967 911 1024 Joannem
964 972 1019 1024 in
1078 971 1263 1025 Maria:
1313 983 1469 1026 utero
1500 976 1717 1042 genitus
1754 990 1864 1027 non
1896 974 2084 1027 fuerit?

483 1061 643 1125 Nam,
688 1073 743 1116 nt
767 1064 1095 1133 evangelista
1130 1071 1317 1118 narrat
1349 1083 1363 1118 :
1403 1064 1561 1118 Sexto
1590 1083 1766 1120 mense
1794 1068 1984 1120 missus
2005 1076 2082 1120 est

486 1158 706 1223 angelus
757 1155 972 1209 Gabriel
1012 1159 1067 1210 in
1112 1159 1380 1211 civitatem
1427 1156 1668 1213 Galilwm
1699 1161 1767 1213 ad
1828 1162 2079 1229 virginem

2193 437 2377 489 μενον,
2424 420 2646 488 ἔλεγεν·
2686 417 2877 487 Οὗτός
2909 421 3105 488 ἐστιν,
3161 420 3237 475 ὃν
3263 419 3440 476 εἶπον
3487 425 3641 493 ὑμῖν,
3685 426 3753 481 ὅτι

2204 510 2426 564 Ὀπίσω
2444 527 2563 579 μου
2595 509 2833 580 ἔρχεται
2863 510 3045 579 ἀνὴρ,
3074 510 3143 576 ὃς
3166 510 3515 581 ἔμπροσθέν
3545 531 3652 581 μου
3682 515 3756 583 τέ-

2186 619 2386 671 γονεν,
2417 602 2505 656 ὅτι
2535 602 2765 672 πρῶτός
2788 619 2911 671 μου
2944 600 3043 673 ἦν.
3082 604 3195 656 Καὶ
3227 602 3446 673 πρῶτον
3488 604 3586 673 μὲν
3616 607 3757 670 αὑτὰς

2187 696 2285 759 τὰς
2318 694 2492 761 λέξεις
2519 696 2595 758 ὡς
2622 694 3068 767 καρηϐαροῦντες
3102 695 3435 748 ἀλλάσσουσι
3462 699 3528 765 τῇ
3552 696 3755 767 διανοίᾳ,

2187 790 2282 841 καὶ
2320 788 2571 857 λέγουσι·
2614 788 2740 852 Πῶς
2781 788 2941 842 τοῦτο
2989 788 3297 860 πληροῦται
3328 790 3387 841 ἐν
3420 789 3488 858 τῇ
3536 789 3756 859 ὲνσὰρκψ

2186 882 2485 953 παρουσίᾳ,
2509 883 2591 934 ὃτι
2617 882 2719 934 οὐκ
2742 878 2811 952 ἦν
2835 882 2941 954 πρὸ
2976 882 3225 935 Ἰωάννου
3248 882 3308 933 ὲν
3329 882 3534 951 γαστρὶ
3566 883 3755 952 Μαρίας

2187 973 2654 1044 συνειλημμένος;
2704 970 2866 1025 Ἀλλά
2892 1011 2906 1035 ,
2948 972 3134 1041 φησὶν,
3184 970 3262 1033 ὼς
3292 972 3321 1023 ὁ
3354 970 3752 1040 εὐαγγελιστὴςι

2196 1066 2299 1119 Ἐν
2333 1064 2402 1118 δὲ
2451 1065 2531 1131 τῷ
2563 1066 2717 1131 ἕκτῳ
2760 1064 2907 1134 μηνί
2941 1062 3260 1129 ἀπεστάλη
3301 1066 3334 1116 ό
3377 1062 3630 1131 ἄγγελος
3660 1066 3704 1117 Γ
3703 1081 3756 1116 a-

2184 1157 2360 1226 ϐριὴλ
2380 1160 2468 1224 εὶς
2516 1158 2700 1211 πόλιν
2736 1156 2846 1225 τῆς
2889 1157 3250 1222 Γαλιλαίας,
3293 1154 3445 1223 πρὸς
3483 1158 3755 1223 παρθένον

483 1251 862 1315 desponsatam
888 1252 1019 1314 viro,
1044 1252 1128 1303 cui
1159 1268 1344 1305 nomen
1369 1249 1585 1319 Ioseph.
1616 1250 1681 1303 Et
1707 1252 1974 1321 ingressus
2012 1270 2068 1305 aa

2183 1250 2725 1320 μεμνηστευμένην
2770 1250 2976 1318 ἀνδρί,
3033 1243 3081 1316 ᾧ
3127 1249 3318 1319 ὄνομα
3375 1249 3619 1317 Ἰωσήφ.
3666 1250 3755 1303 Kal

486 1356 602 1393 eam
630 1342 763 1393 dixit
792 1358 807 1395 :
836 1344 958 1405 Ave,
988 1344 1164 1412 gratia
1192 1343 1367 1410 plena,
1406 1342 1665 1397 Dominus
1705 1354 1875 1397 tecum
1900 1347 1942 1407 ²,
1970 1359 2068 1400 etc.

2183 1344 2472 1399 εἰσελθὼν
2504 1344 2655 1412 πρὸς
2675 1343 2870 1412 αὐτὴν
2894 1345 3009 1412 ἔφη
3039 1362 3050 1372 ·
3076 1342 3277 1410 Χαῖρε,
3310 1341 3751 1411 κεχαριτωμένη,

484 1434 735 1503 Cumque
777 1434 940 1505 Virgo
972 1437 1042 1490 ob
1072 1452 1190 1491 eam
1231 1437 1619 1492 salutationem
1651 1439 1871 1491 turbata
1917 1438 2068 1501 foret,

2183 1444 2215 1493 ό
2244 1442 2459 1507 Κύριος
2486 1436 2637 1507 μετὰ
2668 1435 2806 1499 σοῦ,
2838 1435 2935 1490 καὶ
2969 1435 3037 1489 τὰ
3078 1434 3243 1488 λοιπὰ
3292 1433 3393 1505 τῆς
3441 1434 3751 1496 ἀκολουθίας.

483 1525 717 1595 subjecit
750 1542 764 1578 :
793 1525 928 1580 Ecce
978 1529 1236 1595 cencipies
1286 1530 1342 1581 in
1386 1538 1536 1582 utero
1561 1529 1757 1597 ﬁlium,
1792 1542 1839 1582 et
1867 1532 2068 1584 vocabit

2194 1533 2284 1595 Ὦς
2328 1528 2422 1585 οὖν
2455 1533 2489 1601 ἡ
2542 1529 2821 1602 Παρθένος
2862 1528 2956 1581 ἐπὶ
2999 1528 3077 1598 τῷ
3107 1527 3390 1598 ἀσπασμῷ
3420 1526 3751 1597 ἐταράσσετο,

483 1633 671 1671 nomen
721 1618 837 1687 ejus
889 1616 1095 1672 Iesum.
1129 1618 1196 1671 Et
1231 1635 1347 1673 ecce
1393 1629 1623 1689 cognata
1672 1630 1763 1672 tua
1803 1619 2068 1674 Elzsabet/t

2183 1623 2285 1693 ἔφη
2310 1622 2459 1694 κπρὺς
2491 1622 2690 1691 αὐτήνο
2728 1618 2889 1674 Ἰδοὺ
2928 1618 3233 1687 συλλήψῃ
3272 1618 3344 1671 ἐν
3399 1616 3635 1687 γαστρί,
3674 1615 3752 1670 zal

474 1710 715 1778 concepit
739 1709 911 1779 [ilium
936 1711 988 1764 in
1024 1720 1287 1764 senectute
1315 1727 1433 1773 sua,
1463 1721 1513 1764 et
1546 1711 1629 1763 hic
1660 1714 1853 1765 "tensis
1904 1724 2068 1766 sextio

2188 1714 2335 1781 τέξῃ
2363 1693 2517 1775 υίὸν,
2544 1710 2643 1766 καὶ
2668 1710 2950 1776 καλέσεις
2980 1710 3048 1763 τὸ
3071 1710 3260 1779 ὄνομα
3287 1707 3480 1763 αὐτοῦ
3521 1708 3751 1775 Ἰησοῦν.

480 1810 559 1854 ut
585 1802 666 1855 illi
690 1818 807 1872 qua?
836 1812 1054 1856 vocatur
1075 1802 1292 1856 sterilis.
1315 1803 1721 1857 Animadvertis
1740 1812 1796 1856 ut
1824 1819 1918 1857 sex
1955 1813 2083 1857 ante

480 1895 790 1961 mensibus,
846 1910 1011 1965 quam
1063 1893 1252 1948 Maria:
1305 1898 1584 1950 nuntiaret
1630 1897 1777 1952 istud
1828 1898 2079 1967 angelus,

472 1983 722 2040 Joannes
747 1986 1041 2041 exstiterit.
1080 1985 1314 2051 Quinam
1374 1986 1539 2056 igitur
1586 1986 1701 2041 haze
1736 1988 1926 2050 verba,
1960 1997 2083 2041 ante

478 2093 563 2130 sne
592 2077 769 2146 factus
801 2088 904 2142 est,
938 2079 993 2131 in
1032 2078 1181 2133 illius
1215 2080 1595 2132 incarnatione
1649 2079 1861 2148 impleri
1897 2088 2085 2147 potue-

479 2166 650 2219 runt?
682 2165 819 2230 Quis
844 2173 928 2220 est
956 2182 987 2221 e
1019 2166 1336 2221 rudioribus
1384 2182 1448 2221 ae
1472 2168 1838 2237 simplicibus,
1875 2171 2080 2239 quique

476 2261 619 2314 satis
672 2260 828 2313 tirmo
874 2273 939 2312 ac
988 2261 1349 2315 corroborata
1408 2260 1628 2331 ingenio
1678 2276 1787 2314 non
1837 2261 2076 2328 fuerint,

479 2351 576 2420 qui
621 2365 728 2404 non
758 2350 945 2405 audita
999 2352 1088 2406 illa
1122 2352 1391 2407 sententia
1426 2352 1816 2422 perturbetur?
1864 2353 2076 2409 Etenim

480 2442 817 2498 necessariis
869 2456 935 2495 ac
989 2442 1244 2504 sinceris,
1281 2450 1333 2496 et
1367 2445 1433 2495 ad
1463 2445 1630 2497 vitam
1672 2445 2077 2500 conciliandam

480 2534 697 2590 idoneis
758 2534 1058 2607 Scriptum
1114 2537 1297 2592 verbis
1334 2538 1536 2603 utitur;
1588 2554 1711 2608 quae
1744 2540 1907 2611 763
1946 2556 2075 2607 pro-

479 2626 625 2683 fecto
647 2628 715 2683 iis
758 2630 914 2699 ipsis,
946 2631 1038 2700 qui
1072 2629 1214 2683 mala
1248 2638 1441 2699 sponte
1472 2630 1577 2685 sibi
1607 2632 1741 2700 ipsis
1768 2642 2075 2699 arcessunt,

483 2720 665 2789 majus
690 2720 967 2790 quoddam
996 2721 1383 2775 detrimentum
1416 2723 1795 2777 consciscunt:
1817 2726 2077 2778 tumalio~

477 2813 573 2883 qui
603 2828 798 2868 omnes
831 2814 937 2867 illic
970 2815 1257 2869 sententia:
1311 2813 1550 2883 Spiritus
1595 2818 1771 2870 sancti
1806 2817 1926 2872 ince
1965 2818 2078 2873 col-

478 2905 802 2963 lustrentur.
837 2906 971 2960 Nam
1002 2906 1132 2976 quid
1164 2916 1248 2961 est
1282 2907 1337 2961 in
1376 2908 1468 2961 illo
1490 2909 1554 2962 de
1582 2923 1692 2978 quo
1716 2908 1929 2979 agimus
1957 2908 2076 2962 loco

477 3003 547 3057 ad
589 3002 900 3057 cautionem
960 3001 1429 3072 praetermissum?
1475 2999 1608 3055 Ecce
1650 3002 1789 3055 enim
1814 3044 1828 3068 ,
1870 3003 2072 3072 inquit,

478 3096 680 3160 hicest,
722 3104 783 3150 ut
812 3096 1199 3165 aspectabilem
1234 3095 1389 3147 illum
1422 3109 1545 3148 esse
1568 3094 1861 3161 signiﬁcet,
1900 3104 1956 3148 et
1996 3096 2081 3148 in-

478 3190 761 3245 tuentibus
791 3195 1187 3243 commonstret
1216 3206 1230 3241 :
1260 3190 1430 3254 Quem
1465 3186 1579 3239 dixi
1606 3187 1786 3241 vobis:
1814 3190 2081 3254 Quoniam

477 3290 597 3351 post
628 3298 709 3335 me
749 3282 906 3335 venit.
938 3278 1075 3345 Quis
1108 3280 1197 3334 ille
1223 3282 1370 3334 venit
1398 3287 1760 3350 praeterquam
1793 3281 1911 3334 vir?

554 3373 659 3428 Sed
718 3387 879 3427 nemo
931 3370 1290 3441 intelligentia
1339 3371 1524 3440 aliqua
1578 3371 1840 3441 praeditus
1872 3371 2079 3425 nudum

479 3466 759 3522 hominem
789 3465 927 3519 'esse
981 3462 1274 3517 Dominum
1315 3463 1618 3527 existimet,
1669 3464 1775 3518 nisi
1812 3462 1952 3518 forte
1985 3479 2081 3518 su-

480 3560 726 3632 periores
779 3558 886 3612 illa:
950 3556 1208 3621 haereses,
1250 3570 1391 3626 quas
1445 3563 1607 3610 antea
1662 3557 2076 3627 proposuimus.

479 3651 729 3708 Cerintiii
778 3650 1055 3713 videlicet,
1109 3648 1369 3703 Μαι-ἰηιὴί
1420 3655 1478 3703 et
1517 3647 1765 3703 Ebionis.
1806 3648 2078 3703 (laterum

481 3754 845 3817 praeterquam
900 3743 1045 3814 quod
1084 3742 1166 3796 vir
1192 3749 1278 3798 est
1318 3741 1484 3812 idque
1537 3743 1793 3797 consulto
1854 3742 1923 3797 ad
1986 3758 2078 3798 se-

480 3834 771 3889 curitatem
820 3833 1149 3899 ostenditur,
1193 3847 1299 3887 una
1330 3833 1496 3888 etiam
1531 3840 1586 3887 et
1626 3832 1914 3887 Dominum
1956 3848 2079 3889 esse

402 3948 403 3951 η
480 3942 594 3983 ιιοιι
640 3926 893 3982 dubitant
938 3926 1032 3997 qui
1068 3939 1196 3981 vere
1251 3925 1443 3982 ﬁdeles
1500 3933 1650 3979 sunt.
1703 3924 1863 4001 Quod
1897 3925 2075 3995 ipsum

477 4017 709 4075 Joannis
752 4032 972 4089 quoque
999 4015 1342 4081 ltestimouio
1379 4022 1599 4071 constat
1629 4032 1643 4069 :
1674 4012 1831 4080 Quod
1867 4012 2076 4066 audiri-

476 4127 621 4175 nnu,
676 4082 983 4181 inqhitJab
1048 4110 1203 4163 initio
1234 4109 1255 4141 ³
1288 4126 1301 4162 :
1333 4115 1391 4162 ut
1424 4124 1549 4163 eum
1607 4107 1848 4163 declaret
1878 4107 1972 4177 qui
2006 4082 2092 4163 ab.

478 4204 639 4261 initio
677 4205 911 4268 exstitit,
941 4202 1034 4259 Dei
1068 4200 1303 4257 Verbum
1336 4201 1549 4256 scilicet
1581 4199 1728 4272 quod
1761 4199 1934 4255 videri
1966 4215 2075 4254 non

476 4306 701 4368 potest:
737 4297 996 4368 quodque
1044 4296 1221 4352 sacris
1289 4294 1345 4349 in
1405 4292 1631 4349 Litteris
1688 4302 1741 4348 et
1794 4292 2075 4364 prophetis

476 4391 790 4445 nuntiatum
822 4390 1157 4453 audivimus,
1183 4399 1234 4443 et
1264 4388 1318 4441 in
1355 4388 1498 4441 eoilo
1538 4387 1829 4441 sublimem
1858 4387 1925 4441 ad
1964 4387 2075 4457 glo-
2107 4422 2151 4477 Β

474 4481 616 4536 riam
667 4488 1006 4551 provectum.
1050 4480 1229 4546 Quare
1271 4480 1344 4532 ita
1400 4480 1685 4548 loquitur:
1717 4478 1870 4545 Quod
1913 4481 2067 4533 initio

476 4570 801 4633 audivimus,
855 4580 905 4624 et
961 4570 1129 4624 oculis
1171 4570 1422 4624 vidimus.
1465 4569 1535 4623 Ut
1582 4587 1706 4625 cum
1751 4571 1973 4626 audisse
2007 4586 2067 4627 se

475 4661 630 4727 dicit,
660 4663 827 4719 Deum
876 4664 947 4718 ab
981 4664 1137 4717 initio
1190 4664 1363 4718 fuisse
1409 4664 1676 4728 fateatur;
1717 4679 1842 4717 cum
1884 4672 2065 4718 autem

474 4756 687 4811 vidisse
724 4766 928 4820 narrat,
954 4757 1239 4811 hominem
1276 4755 1570 4827 signiﬁcet,
1596 4756 1663 4810 de
1686 4771 1796 4825 quo
1826 4753 2067 4812 Joannes

474 4847 719 4918 Baptista
757 4849 1102 4918 loquebatur,
1130 4864 1255 4903 cum
1284 4849 1511 4911 diceret,
1546 4849 1680 4903 venit
1716 4858 1831 4918 post
1855 4864 1934 4902 me
1968 4850 2064 4905 vir.

472 4942 613 4997 Illud
676 4957 829 5004 vero,
861 4951 911 4996 et
949 4956 1137 4995 manus
1188 4951 1381 4995 nostris
1420 4952 1899 5008 contrectarcrunt,
1938 4957 2060 4997 eum
2112 4982 2117 4987 .

471 5051 636 5091 usum
678 5035 862 5099 habet,
897 5041 957 5087 ut
980 5049 1104 5087 cum
1148 5033 1216 5088 ab
1241 5034 1399 5087 initio
1426 5032 1569 5088 Deus
1601 5032 1785 5098 fuerit,
1810 5038 2060 5088 eumdem

471 5128 635 5181 etiam
676 5125 1144 5195 conspectabilem
1207 5124 1484 5179 hominem
1516 5140 1582 5179 ex
1614 5123 1782 5179 Maria
1819 5126 2059 5194 genitum

473 5219 645 5276 fuisse
699 5222 1061 5287 demonstret,
1111 5218 1349 5289 indeque
1401 5234 1431 5272 a
1477 5219 1704 5274 mortuis
1755 5222 2064 5274 surrexisse

471 5314 800 5384 perlectum,
830 5315 968 5371 adeo
1016 5322 1079 5370 ut
1109 5320 1363 5371 sanctum
1406 5312 1539 5368 illud
1573 5328 1691 5375 vas,
1727 5314 1870 5383 quod
1907 5328 2064 5368 acce-

472 5416 648 5475 perat,
681 5408 784 5463 hoc
805 5418 888 5463 est
912 5408 1210 5479 perlectam
1240 5407 1479 5462 hominis
1508 5412 1781 5470 naturam,
1825 5420 1933 5459 non
1971 5408 2065 5461 ab-

467 5501 689 5572 jecerit,
727 5502 823 5558 sed
848 5518 971 5558 cum
1005 5502 1154 5558 illius
1185 5502 1329 5558 latus
1359 5500 1750 5569 clavorumque
1771 5499 2065 5554 cicatrices

544 5661 565 5695 ⁸
599 5658 759 5721 Joan.
795 5679 833 5727 I,
864 5661 953 5717 27.
1032 5664 1050 5695 '
1089 5661 1223 5716 Luc.
1259 5678 1297 5727 ι,
1329 5662 1397 5715 26
1432 5677 1552 5731 sqq.
1635 5661 1651 5689 ³
1683 5660 1701 5713 I
1728 5656 1888 5713 Joan.
1934 5674 1969 5726 ι,
2010 5658 2057 5713 1.

2191 1808 2297 1862 Καὶ
2324 1804 2453 1858 ἰδοὺ
2479 1805 2516 1873 ἠ
2541 1803 2843 1874 συγγενής
2883 1817 3000 1857 σου
3038 1802 3347 1856 Ἑλισὰὅετ
3375 1801 3754 1871 συνειληφυῶ

2190 1899 2325 1952 υἱὸν
2380 1899 2451 1951 ἐν
2522 1895 2677 1967 γήρᾳ
2724 1892 2952 1963 αὐτῆς,
3017 1895 3117 1949 καὶ
3172 1889 3352 1960 οὗτος
3408 1893 3545 1964 μὴν
3606 1894 3752 1959 ἕκτος

2190 1991 2365 2045 ἐστὶν
2419 1987 2576 2057 αὐτῇ
2631 1986 2705 2055 τῇ
2762 1986 3113 2055 καλουμένῃ
3168 1986 3395 2053 στειρᾳ.
3448 1985 3563 2039 Καὶ
3617 1985 3751 2055 ὁρᾷς,

2190 2084 2377 2154 φησὶν,
2401 2082 2482 2136 ὅτι
2506 2081 2611 2153 πρὸ
2637 2080 2695 2147 ἓξ
2721 2078 2907 2151 μηνῶν
2932 2080 3025 2132 τοῦ
3052 2078 3515 2148 εὐαγγελισθῆναι
3541 2078 3750 2147 Μαρίαν,

2189 2177 2291 2248 ἤδη
2322 2174 2677 2247 προϋπῆρχεν
2704 2174 2731 2224 ὁ
2772 2173 3047 2242 Ἰωάννης.
3088 2173 3213 2235 Πῶς
3247 2168 3343 2226 οὖν
3370 2170 3454 2232 τὸ,
3495 2170 3603 2238 πρὸ
3631 2167 3751 2238 ἐμοῦ

2185 2268 2444 2338 ἐγένετο,
2480 2269 2538 2320 ὲν
2583 2268 2649 2336 τῇ
2684 2265 2935 2337 ἑνσάρκῳ
2964 2266 3242 2337 παρουσίᾳ
3274 2263 3518 2337 Χριστοῦ
3567 2262 3752 2333 πλημυ-

2189 2364 2450 2433 θήσεταις
2491 2364 2589 2426 Τίς
2627 2362 2682 2415 δὲ
2727 2361 2833 2415 τῶν
2881 2360 3159 2432 ἀκεραίων
3208 2359 3283 2432 μὴ
3319 2360 3415 2413 καὶ
3469 2361 3529 2412 ἑν
3576 2356 3752 2427 διανοίᾳ

2186 2455 2430 2528 ἐναργῶς
2457 2453 2858 2526 ὲδραιωμένων,
2891 2452 3132 2516 ἀκούσας
3164 2452 3225 2506 τὸ
3262 2453 3449 2524 ῥητὸν,
3505 2453 3569 2505 οὐ
3611 2467 3750 2520 ταρα-

2186 2548 2487 2619 χθήσεταις
2520 2547 2684 2615 Λέγει
2731 2545 2872 2616 γάρ⁶
2911 2546 2992 2599 Τὰ
3040 2546 3337 2614 ἀναγκαῖα,
3375 2544 3473 2598 καὶ
3513 2543 3748 2615 ἀκέραια.

2184 2637 2283 2690 καὶ
2314 2634 2525 2701 ζωτικὰ
2574 2634 2645 2688 τὰ
2679 2637 2780 2705 τῆς
2832 2633 2985 2698 θείας
3019 2635 3245 2706 Γμφῆς
3295 2637 3411 2699 τοῖς
3450 2634 3521 2688 τὰ
3568 2632 3749 2701 πονηρὰ

2185 2730 2397 2792 ἑαυτοῖς
2434 2728 2842 2799 ὲπισπωμένοις
2880 2726 3082 2797 μᾶλλον
3136 2727 3557 2800 βλαϐλερῶτερα
3590 2732 3748 2797 φαίνε-

2182 2839 2293 2889 ται,
2321 2821 2428 2875 τῶν
2460 2820 2638 2892 ῥητῶν
2692 2821 2869 2891 πάντη
2919 2822 2977 2874 ὲν
3012 2819 3292 2892 Πνεύματι
3330 2822 3475 2894 ἁγίῳ
3505 2840 3750 2893 sermun—

2184 2913 2421 2985 σμένων.
2452 2913 2517 2965 Τί
2546 2912 2655 2984 γὰρ
2687 2911 3119 2984 παραλέλειπται
3149 2913 3227 2983 τῷ
3255 2914 3407 2985 ῥητῷ
3442 2915 3579 2987 πρὸς
3602 2917 3749 2984 tissi-

2183 3003 2334 3057 λειαν
2360 3022 2374 3069 ;
2429 3004 2585 3060 Ἰδοὺ
2617 3004 2750 3074 γὰρ,
2786 3004 2958 3072 λέγει,
2984 3005 3067 3057 ὅτι
3100 3000 3279 3070 οὗτός
3304 3006 3461 3070 ἐστι,
3494 3007 3557 3059 τὸ
3584 3008 3749 3077 ὁρατὸν

2188 3097 2490 3166 σημαίνων,
2534 3097 2630 3149 καὶ
2672 3093 3039 3148 ὑποδεικνύων
3080 3096 3191 3157 τοῖς
3227 3094 3453 3167 ὁρῶσιν,
3504 3096 3577 3151 ὃν
3605 3094 3750 3151 εἷπον

2180 3187 2347 3258 ὑμῖν,
2394 3189 2485 3242 ὅτι
2540 3189 2734 3243 ὀπίσω
2782 3207 2903 3258 μου
2955 3188 3212 3257 ἕί-χεται.
3267 3189 3379 3242 Καὶ
3428 3191 3517 3255 τις
3560 3191 3749 3263 ἔρχεται

2180 3280 2301 3333 ἀλλ’
2344 3280 2375 3351 ἦ
2408 3282 2549 3351 ἀνήρ
2574 3296 2589 3345 ;

2254 3369 2444 3432 Οὐδεὶς
2479 3368 2537 3421 δὲ
2571 3365 2682 3419 τῶν
2721 3366 2938 3421 σύνεσιν
2990 3370 3349 3439 κεκτημένων
3400 3368 3576 3442 ἄνδρα
3619 3370 3750 3441 ψιλὸν

2181 3461 2421 3532 νομίσειε
2455 3461 2548 3513 τὸν
2580 3458 2784 3531 Κύριον
2814 3458 2992 3530 ἡμῶν,
3030 3459 3168 3514 ἀλλὰ
3201 3462 3257 3515 ai
3286 3462 3401 3515 ἀνω
3440 3464 3676 3535 αἱρέσεις
3704 3466 3746 3516 αἱ

2181 3552 2285 3624 ἤδη
2313 3552 2697 3623 σημανθεῖσαι,
2728 3554 2778 3605 oi
2826 3554 2956 3624 περὶ
3008 3553 3305 3624 Κήρινθον,
3342 3557 3443 3609 καὶ
3477 3558 3746 3629 Μήρινθον,

2180 3646 2276 3699 καί
2335 3644 2588 3700 Ἐὁίωνα.
2658 3642 2818 3697 Ἀλλὰ
2870 3644 3010 3715 μετά
3051 3645 3147 3698 τοῦ
3198 3646 3360 3717 ἀνὴρ,
3423 3648 3639 3712 πάντως
3683 3650 3746 3702 ὅτι

2178 3737 2603 3809 ἡσφαλισμένως
2626 3778 2640 3803 ,
2671 3738 2765 3791 καὶ⁵
2808 3738 3014 3809 Κύριον
3044 3738 3206 3791 αὐτὸν
3236 3738 3417 3792 ἴσασιν
3452 3741 3504 3794 οξ
3533 3742 3746 3813 ἀληθινοὶ

2180 3833 2383 3894 πιστοὶ,
2413 3832 2489 3896 ὡς
2523 3833 2615 3885 καὶ
2673 3831 2929 3903 Ἰωάννης
2965 3835 3234 3904 μαρτυρεῖ
3259 3848 3275 3863 ·
3324 3834 3399 3887 Ὃ
3429 3835 3746 3903 ἀκηκόαμεν

2179 3925 2492 3994 ἁπαρχῆς·
2526 3925 2613 3977 ἵνα
2648 3924 2778 3997 εἴπῃ
2819 3923 2911 3977 τὸν
2941 3924 3199 3995 ἁπαρχῆς
3235 3923 3389 3988 ὄντα,
3420 3926 3517 3979 τὸν
3546 3927 3745 3994 ἀόρατον

2179 4017 2312 4071 Θεὸν
2362 4017 2557 4085 Λόγον,
2611 4015 2671 4069 ὃν
2721 4014 3040 4086 ἠκούσαμεν
3090 4016 3149 4068 ὲν
3194 4015 3371 4079 Θείαις
3417 4017 3658 4089 Γραφαίς
3699 4017 3745 4069 ἐν

2178 4112 2486 4182 προφήταις
2518 4108 3042 4179 καταγγελλόμενον.
3095 4109 3155 4161 ἐν
3183 4107 3401 4179 οὐρανῷ
3433 4109 3741 4179 ἐξυπνούμε-

2177 4218 2288 4256 νον.
2316 4200 2429 4255 Καὶ
2453 4200 2543 4254 διὰ
2565 4198 2724 4253 τοῦτο
2747 4198 2778 4252 ὃ
2803 4200 2872 4253 ὲν
2896 4197 3052 4267 ἀρχῇ
3073 4199 3452 4271 ἠκούσαμεν,
3484 4201 3580 4254 καί
3610 4201 3743 4253 ἐθεα-

2177 4292 2409 4362 σάμεθα
2438 4291 2562 4357 τοῖς
2589 4290 2937 4361 ὀφθαλμοῖς,
2974 4292 3061 4344 ἵνα
3089 4292 3201 4345 ἀνω
3219 4292 3280 4344 τὸ
3308 4294 3609 4363 ἀκηκοέναι
3633 4294 3743 4346 Θεὸν

2177 4386 2485 4459 ὁμολογήσῃ
2519 4386 2578 4452 ἐξ
2620 4385 2906 4457 ὑπαρχῆς·
2944 4385 3006 4438 τὸ
3033 4386 3092 4438 δὲ
3129 4385 3443 4458 ἑωρακέναι
3488 4388 3742 4459 ἄνθρωπον

2177 4480 2417 4552 σημάνῃ,
2475 4477 2535 4531 ὃν
2591 4478 2686 4531 καὶ
2737 4480 2765 4530 ὁ
2805 4478 3118 4547 Βαπτιστὴς
3184 4478 3446 4549 Ἰωάννης
3504 4480 3635 4550 ἔφη,
3676 4481 3741 4532 ὅτι

2187 4574 2411 4625 Ὀπίσω
2433 4589 2551 4640 μου
2572 4572 2806 4639 ἔρχεται
2834 4570 3009 4639 ἀνήρ.
3036 4571 3145 4624 Καὶ
3168 4570 3247 4632 τὸ,
3277 4575 3348 4624 Αἱ
3378 4572 3580 4641 χεῖρες
3602 4572 3741 4641 ἡμῶν

2174 4665 2611 4734 ἐψηλάφησαν.
2638 4665 2726 4717 ἵνα
2751 4664 2883 4717 Θεὸν
2917 4663 3123 4717 ἄνωθεν
3155 4666 3400 4738 σημάνῃ,
3439 4670 3536 4719 καὶ
3564 4666 3741 4738 ἀνθρωο

2177 4776 2278 4812 πον
2310 4758 2504 4829 ὁρατὸν
2542 4755 2800 4828 ὑποδείξῃ
2830 4757 2938 4809 ἀπὸ
2972 4756 3188 4828 Μαρίας
3216 4760 3639 4829 γεγεννημένον,
3663 4759 3737 4809 καὶ

2174 4852 2239 4905 ἐκ
2270 4850 2477 4922 νεκρῶν
2507 4848 2817 4905 ἀναστάντα
2845 4849 3076 4915 τέλειον,
3118 4849 3190 4920 μὴ
3236 4849 3673 4921 ἀποϐαλλόμενον
3692 4848 3739 4901 τδ

2174 4945 2327 5012 ἆγιον
2358 4943 2550 5007 σκεῦος
2571 4984 2584 5007 ,
2613 4943 2641 4996 ὃ
2674 4944 2886 5015 εἴληφε,
2916 4945 3011 4996 καὶ
3039 4945 3137 5014 τὴν
3170 4944 3385 4997 τελείαν
3413 4944 3579 4998 αὑτοῦ
3609 4948 3737 4997 ἑνιγ-

2173 5036 2477 5107 θρώπησιν,
2508 5035 2643 5088 ἀλλὰ
2672 5035 2761 5089 διὰ
2798 5036 2890 5089 τοῦ
2927 5035 3337 5106 ἐψηλαφηκέναι
3369 5038 3475 5108 τὴν
3504 5037 3734 5105 πλευρὰν.

2170 5129 2261 5181 τόν
2299 5146 2359 5180 τε
2388 5128 2559 5181 τύπον
2596 5128 2704 5182 τῶν
2731 5128 2897 5199 ἥλων,
2931 5128 3000 5181 τὰ
3028 5129 3154 5199 τρία
3185 5129 3508 5201 ὁμολογήσῃ
3549 5131 3735 5196 ἀπαρι-

2173 5221 2467 5284 σαλεύτως.
2503 5220 2660 5275 Οὖτω
2694 5240 2782 5293 μοι
2807 5223 2901 5275 καὶ
2929 5222 3163 5275 ἐνταῦθα
3190 5223 3323 5285 νόει,
3352 5223 3442 5285 τὸ,
3475 5225 3556 5275 ὅτι
3576 5218 3737 5285 Οὗτός

2169 5314 2341 5367 ἐστιν
2368 5314 2440 5367 ὃν
2454 5311 2628 5368 εἷπον
2650 5315 2812 5385 ὑμῖν,
2832 5316 2925 5369 ὅτι
2951 5317 3146 5369 ὀπίσω
3174 5333 3294 5384 μου
3319 5316 3558 5385 ἔρχεται
3585 5314 3733 5378 ἀνὴρ.

2171 5406 2257 5458 ἵνα
2295 5405 2393 5475 τὴν
2427 5406 2688 5478 ἕνσαρκον
2731 5408 2950 5480 σημάνῃ
2995 5408 3321 5478 παρουσίαν.
3357 5408 3487 5461 Ὅτι
3531 5404 3732 5474 Πρώτίς

2162 5517 2283 5569 μου
2324 5496 2422 5570 ἦν,
2451 5500 2540 5554 ἵνα.
2578 5501 2677 5573 τὴν
2725 5502 2956 5574 θεότητα
2997 5500 3254 5574 ὑποδείξῃ
3278 5542 3291 5565 ,
3332 5499 3427 5554 ὅτι
3463 5499 3576 5568 ,πρὸ
3613 5491 3734 5564 ἐμεῦ
