3826 6206
163 327 246 384 265
811 315 1182 371 ιωγιιιιδυδ
1218 310 1558 366 ΗᾸΕΗΕΒΕδ
1595 311 1693 364 LII!

1803 312 1832 363 Ι.
1875 309 2040 364 TUM.
2087 311 2149 363 ll.
2195 339 2260 352 —
2297 308 2572 364 HASBES.
2620 308 2804 363 LXIX.

3269 309 3378 366 5366

161 443 367 516 ἐγένετο·
393 430 462 490 ἐν
483 434 566 502 τῷ
588 436 796 505 κόσμῳ
823 435 932 507 γὰρ
958 430 1058 504 ἦν,
1085 433 1220 504 φησι
1245 433 1307 486 τὸ
1337 432 1490 499 ἅγιον
1520 430 1691 497 Εὐαγ-

1803 444 1860 484 ac
1885 428 2113 500 vestigia
2153 435 2570 496 contrectasset,
2604 429 2710 482 tria
2769 428 2860 482 illa
2911 428 3030 484 sine
3065 427 3174 482 ulla
3216 428 3378 484 lursi-

161 537 320 608 γέλων,
368 529 460 584 καὶ
517 533 549 583 ὀ
601 528 828 598 κόσμος
865 527 940 580 δι’
987 525 1174 581 αὑτοῦ
1204 525 1458 596 ἐγένετο,
1509 525 1606 578 καὶ
1657 525 1690 576 ό

159 629 341 694 κόσμος
360 619 542 694 αὐτὸν
578 620 692 672 οὐκ
725 617 900 687 ἔγνω.

1800 519 2002 573 talione
2071 517 2360 573 confessus
2405 527 2510 575 est.
2573 518 2666 574 Sic
2717 521 2884 590 igitur
2925 519 3068 590 quod
3101 535 3132 572 ιι
3167 518 3380 577 Joanne

1799 608 2040 680 Baptista
2086 610 2322 665 dicitur:
2355 609 2454 664 llic
2479 620 2726 680 estquem
2754 609 2869 663 dixi
2899 611 3040 664 vobis
3067 625 3083 663 :
3109 609 3376 676 Quoniam

157 719 267 776 venit
303 723 408 786 post
451 728 532 766 me
589 712 687 772 uir,
739 709 1172 764 incarnationem
1211 708 1476 763 declarat.
1542 704 1670 760 Hice
1715 697 1919 769 autem,
1973 703 2120 771 prior
2155 719 2236 756 me
2278 712 2416 768 erat,
2471 703 2592 772 ejus
2654 703 2989 757 divinitatem
3042 702 3375 772 signiﬁcant,

155 815 359 886 quoniam
379 817 498 862 ante
527 823 608 861 me
627 806 800 875 factus
819 817 921 860 est.
945 805 1156 876 Quippe
1198 813 1258 859 ut
1304 804 1360 858 in
1394 802 1686 874 Evangelia
1725 801 1988 870 scriptum
2013 809 2136 856 est:
2175 800 2241 854 In
2269 803 2463 854 mundo
2495 809 2630 864 erat,
2685 809 2736 854 et
2785 798 3009 853 mundus
3052 814 3143 868 per
3205 801 3376 868 ipsum

157 910 298 974 factus
323 911 414 966 est,
434 911 480 956 et
501 899 728 954 mundus
761 915 882 954 eum
914 915 1016 954 non
1043 898 1282 967 cognovit
1300 896 1340 949 ³.

206 1020 320 1074 MA'.
360 1015 416 1067 Εἰ
461 1013 518 1066 δὲ
555 1014 612 1066 ἐν
660 1013 851 1084 κόσμῳ
881 1007 953 1084 ἦν
998 1011 1110 1083 (95)
1141 1011 1248 1084 πρὸ
1285 1009 1376 1064 τοῦ
1437 1007 1687 1079 Ἰωάννην

153 1108 432 1182 γεννηθῆναι
459 1107 557 1158 καὶ
585 1104 958 1176 συλληφθῆναι
979 1146 994 1170 ,
1027 1105 1134 1175 πρὸ
1177 1103 1344 1157 αὐτοῦ
1375 1102 1596 1172 γέγονεν
1631 1103 1688 1154 ὲν

151 1205 334 1272 κόσμῳ,
373 1198 428 1250 οὗ
464 1198 592 1268 περὶ
631 1197 859 1260 κτίσεως
882 1237 896 1260 ,
929 1197 991 1248 οὐ
1023 1197 1152 1268 περὶ
1183 1199 1452 1267 ποιήσεως
1487 1195 1710 1266 σημαίε

153 1312 256 1356 νων,
286 1290 408 1346 ἀλλὰ
453 1289 596 1344 κατὰ
623 1289 720 1359 τὴν
749 1289 966 1360 χρῆσιν,
997 1288 1062 1359 ἣν
1099 1287 1405 1359 ὁμωνύμως
1433 1285 1688 1340 εἰώθασιν

149 1390 189 1442 οἱ
217 1385 466 1456 ἄνθρωποι
511 1381 726 1450 λέγειν’
792 1381 1092 1451 Ἐγενόμην
1145 1383 1202 1434 ὲν
1265 1378 1687 1451 Ἱεροσολύμοις,

151 1475 376 1544 ἐγενόμην
397 1473 454 1524 ὲν
472 1471 770 1535 Βαϐυλῶνι,
797 1471 1062 1541 ἐγενόμην
1081 1473 1138 1524 ὲν
1165 1469 1418 1543 Αἰθιοπίᾳ
1439 1471 1478 1533 ί,
1507 1471 1688 1538 ἐγενό-

151 1587 238 1640 μην
261 1569 312 1619 ἐν
365 1563 770 1634 Ἀλεξανδρείῳ
801 1563 861 1614 οὐ
905 1561 1084 1614 κτίσιν
1113 1562 1396 1633 σημαίνων
1433 1559 1687 1626 ἐνταῦθα,

149 1658 261 1712 ἀλλὰ
285 1653 524 1708 ὲπίϐασίν
553 1670 610 1706 τε
639 1652 733 1706 καὶ
763 1650 1088 1722 παρουσίαν.
1119 1651 1193 1703 Τὸ
1216 1651 1345 1725 γὰρ,
1391 1647 1688 1717 Ἐγενόμην

1867 1005 2004 1062 XLI.
2037 1005 2194 1072 Quod
2221 1006 2269 1062 si
2296 1006 2352 1059 in
2389 1007 2594 1061 mundo
2623 1013 2760 1070 erat,
2788 1019 3077 1078 antequam
3123 1025 3378 1064 nascere-

1793 1107 1884 1152 tur
1920 1105 2014 1152 aut
2036 1097 2347 1168 gigneretur
2371 1095 2632 1164 Joannes,
2677 1105 2802 1153 ante
2864 1099 3016 1152 illum
3061 1099 3116 1152 in
3170 1105 3376 1154 mundo

1792 1190 1999 1246 exstitit
2031 1207 2046 1244 :
2076 1188 2222 1259 quod
2263 1188 2332 1244 de
2378 1193 2655 1245 creatione
2697 1198 2790 1243 aut
2819 1189 3104 1246 ell‘ectione
3148 1191 3374 1264 intelligi

1795 1297 1904 1336 non
1953 1279 2136 1347 debet,
2188 1279 2284 1335 sed
2313 1279 2380 1334 ad
2412 1296 2757 1335 communem
2805 1281 3062 1351 loquendi
3103 1284 3374 1338 rationem

1795 1371 2265 1428 accommodatum
2317 1379 2422 1438 est,
2467 1387 2572 1442 qua
2603 1373 2766 1443 vulgo
2797 1373 2876 1428 sic
2907 1373 3206 1444 loquuntur
3233 1389 3249 1428 :
3275 1373 3373 1429 Fui

1793 1464 2183 1536 Jerosolymis,
2221 1463 2298 1518 fui
2351 1464 2644 1537 Babylone,
2702 1463 2776 1518 fui
2839 1466 2892 1519 in
2943 1464 3252 1537 IEthiopia,
3297 1467 3376 1522 I‘ui

1795 1561 2174 1617 Alexandriae:
2210 1559 2302 1614 ubi
2341 1575 2449 1614 non
2508 1559 2715 1643 creatio
2773 1561 2902 1623 ulla,
2943 1561 3026 1615 vel
3063 1561 3374 1630 productio,

1793 1653 1958 1727 764
2006 1655 2100 1710 sed
2151 1653 2395 1708 accessio
2443 1663 2494 1709 et
2531 1653 2800 1708 adventus
2845 1655 3190 1724 exprimitur.
3237 1653 3372 1708 Nam

147 1754 194 1804 ἐν
216 1747 474 1802 Βαϐυλῶνι
493 1746 527 1817 ἢ
549 1747 606 1799 ὲν
632 1746 802 1816 ἑτέρῳ
824 1743 974 1815 τόπῳ
993 1785 1006 1808 ,
1033 1745 1114 1797 ὅτι
1142 1739 1367 1796 Ἦλθον.
1399 1740 1518 1809 Πρὸ
1545 1740 1692 1810 ἐμοῦ

1803 1749 1938 1803 istud
1989 1767 2001 1802 :
2049 1746 2145 1800 Fui
2191 1747 2486 1819 Babylone,
2543 1748 2626 1802 vel
2685 1747 2792 1801 alio
2851 1747 2993 1812 loco,
3037 1748 3178 1803 idem
3233 1749 3373 1802 valet
3435 1793 3444 1802 .

147 1837 225 1895 οὖν
250 1839 504 1909 ἐγένετο,
539 1837 626 1890 ἵνα
662 1836 811 1909 δείξῃ
847 1837 941 1889 ἐπὶ
970 1836 1066 1907 τῆς
1109 1835 1214 1905 γῆς
1253 1833 1350 1905 τὴν
1394 1831 1486 1886 τοῦ
1515 1833 1686 1901 Λόγου

145 1933 218 1987 ea
239 1929 504 1983 ἐπίϐασιν·
533 1928 626 1980 καὶ
653 1927 733 1991 τὸ,
763 1926 999 1995 Πρῶτός
1025 1943 1146 1995 μου
1171 1920 1269 1994 ἦν,
1295 1923 1384 1976 ἵνα
1411 1920 1560 1996 δείξῃ
1591 1922 1690 1993 τὴν

147 2023 344 2093 θεότητα
377 2021 464 2073 ἀεὶ
499 2015 662 2073 οὖσαν
687 2034 700 2046 ·
737 2017 800 2070 τὸ
840 2018 918 2082 δὲ,
957 2017 1151 2070 ὀπίσω
1188 2033 1306 2085 μου
1337 2014 1686 2084 ἐρχόμενον,

149 2117 220 2170 ἵνα
241 2115 376 2188 δείξῃ
403 2115 506 2184 τὴν
543 2111 808 2182 σύλληψιν
853 2110 988 2182 μετὰ
1021 2109 1112 2164 τὸν
1156 2108 1430 2179 Ἰωάννην.
1467 2107 1576 2160 Καὶ
1605 2105 1692 2159 διὰ

145 2211 303 2274 τοῦτο,
363 2206 512 2276 Ἐγὼ
535 2206 704 2275 φωνὴ
731 2203 1006 2271 βοῶντος
1026 2203 1094 2256 ἐν
1121 2201 1196 2272 τῇ
1223 2201 1438 2271 ἐρήμῳ,
1467 2202 1692 2270 ἑτοιμα-

147 2301 278 2370 στικὴ
307 2299 452 2369 φωνὴ
485 2299 582 2369 τῆς
610 2297 718 2350 τῶν
751 2295 1051 2368 ἀνθρώπων
1097 2295 1284 2364 ἀκοῆς.
1327 2292 1550 2364 Πρῶτον
1584 2291 1691 2364 γὰρ

145 2391 483 2462 ἀδιάρθρωτον
507 2389 758 2444 εἰώθασιν
779 2392 828 2443 οἱ
851 2387 1152 2458 φωνοῦντες
1179 2385 1486 2440 ἀποδιδόναι
1509 2390 1692 2456 φωνὴν

143 2483 416 2552 ἠχήεσσαν,
454 2481 808 2554 ἀπομήκοθεν
855 2478 1148 2542 καλοῦντες
1198 2479 1320 2541 τοὺς
1367 2479 1422 2530 τὶ
1474 2477 1693 2548 ἔχοντας

145 2574 254 2644 παρ’
302 2571 461 2626 αὐτοῦ
512 2572 768 2626 ἀκούειν’
818 2571 911 2625 καὶ
951 2570 1090 2625 ὲπὰν
1128 2573 1324 2624 ἐκεῖνοι
1367 2569 1466 2639 τῆς
1512 2569 1694 2639 φωνῆς

146 2664 388 2718 ἀκούσωσι
423 2665 594 2736 μόνης
615 2705 631 2731 ,
677 2665 771 2718 καὶ
798 2663 1010 2717 δὼσωσι
1040 2663 1132 2716 τὸν
1159 2661 1284 2716 νοῦν
1317 2661 1410 2715 τοῦ
1451 2661 1690 2726 ἀκούειν,

145 2761 224 2814 καὶ
271 2761 596 2831 ὲτοιμάσωσι
643 2759 743 2831 τὴν
785 2757 974 2830 ἀκοὴν,
1032 2758 1152 2810 τότε
1195 2760 1225 2811 6
1273 2757 1371 2828 τὴν
1418 2758 1694 2826 ἠχήεσσαν

145 2853 304 2924 φωνὴν
331 2855 561 2917 ἀποδοὺς
605 2851 792 2907 λοιπὸν
840 2851 1139 2906 διαστέλλει
1181 2851 1271 2904 τὸν
1303 2850 1478 2918 λόγον,
1527 2850 1694 2921 ὅνπερ

143 2943 389 3015 ἢϐουλήθη
432 2947 627 2999 εἰπεῖν.
675 2943 830 2999 Οὕτω
857 2945 952 2997 καὶ
1009 2944 1262 3014 Ἰωάννης
1290 2943 1440 3012 φωνὴ
1481 2943 1694 3010 ἐγένετο

145 3035 481 3106 ἒτοιμὰζουσα
509 3038 608 3110 τὴν
652 3037 820 3106 ἀκοὴν
848 3037 954 3090 τῶν
1002 3035 1324 3107 ἀνθρώπων.
1360 3036 1433 3089 Οὐ
1482 3034 1590 3107 γὰρ
1622 3030 1690 3105 ἦν

1795 1849 1977 1912 atque,
2029 1839 2104 1893 Eo
2141 1840 2380 1910 perveni.
2436 1837 2795 1906 Quamobrem
2839 1849 2893 1894 et
2929 1840 3060 1893 illud
3098 1841 3266 1894 :Ante
3297 1857 3376 1895 me

1798 1933 1970 2002 [actus
1994 1939 2092 1995 est,
2124 1931 2244 1986 ideo
2275 1930 2482 1985 dictum
2523 1939 2627 1994 est,
2654 1939 2714 1986 ut
2745 1925 2904 1988 Verbi
2943 1934 3007 1988 ad
3051 1941 3252 1989 terram
3283 1951 3375 1990 ae-

1797 2024 2102 2079 ccssionem
2141 2025 2500 2079 demonstret.
2549 2023 2676 2079 Iteiu
2716 2025 2850 2080 illud
2887 2044 2900 2078 τ
2933 2023 3090 2080 Prior
3128 2043 3208 2080 me
3236 2039 3372 2092 erat,

1798 2116 2158 2178 divinitatem,
2175 2133 2295 2186 quae
2313 2131 2526 2186 semper
2545 2116 2779 2176 exsistit.
2799 2117 3066 2182 ostendit;
3087 2117 3201 2171 haec
3223 2132 3374 2179 vero,

1796 2211 1886 2280 qui
1915 2220 2032 2278 post
2055 2225 2134 2262 me
2155 2211 2312 2272 venit.
2357 2219 2480 2280 post
2504 2207 2764 2264 Joannem
2799 2225 2922 2266 esse
2951 2209 3215 2278 genitum.
3243 2209 3380 2266 Pro-

1799 2311 2003 2374 pterea,
2067 2301 2176 2371 Ego
2199 2317 2316 2363 vom,
2344 2303 2539 2372 inquit,
2568 2303 2852 2356 clamantis
2884 2303 2936 2356 in
2969 2302 3172 2356 deserto
3195 2311 3239 2369 ι,
3273 2303 3378 2358 hoc

1781 2404 1902 2462 'est,
1929 2411 2029 2449 vox
2083 2395 2150 2448 ad
2199 2395 2582 2464 praeparandas
2630 2395 2911 2449 hominum
2949 2409 3112 2449 aures
3153 2395 3372 2450 emissa.

1797 2485 1901 2553 Qui
1937 2488 2082 2542 enim
2123 2487 2379 2548 clamant.
2417 2495 2476 2540 ut
2526 2488 2742 2542 eminus
2793 2501 2888 2542 eos
2915 2495 3144 2541 evocent
3175 2487 3377 2557 quibus

1800 2577 2111 2648 signiﬁcare
2141 2577 2345 2646 aliquid
2377 2577 2625 2647 cupiunt,
2664 2593 2918 2639 sonoram
2943 2578 3236 2648 quamdam
3269 2577 3378 2632 ini-

1799 2669 1878 2724 tio
1918 2685 2128 2730 vocem.
2165 2686 2266 2724 nec
2295 2670 2639 2723 articulatam
2672 2669 2956 2740 proferunt
2987 2689 3000 2724 :
3028 2687 3261 2741 cumque
3297 2672 3378 2726 illi

1799 2757 1916 2812 sola
1945 2757 2198 2812 exaudita
2230 2773 2362 2814 voce
2386 2757 2451 2811 ad
2483 2759 2814 2814 audiendum
2841 2768 3078 2816 mentem
3111 2762 3378 2816 adhibue-

1801 2845 1931 2911 rint,
1964 2858 2128 2917 atque
2161 2861 2349 2901 aurem
2379 2848 2741 2913 admoverint,
2778 2857 2894 2904 tum
2937 2849 3264 2907 vocil'erator
3289 2853 3379 2909 ille

1799 2940 1945 3010 quod
1996 2939 2179 2994 dicere
2210 2939 2568 2994 constituerat
2597 2939 2912 2996 distinctius
2959 2941 3254 3012 eloquitur.
3298 2941 3377 2998 Ita

1798 3045 1928 3102 ergo
1953 3029 2192 3086 Joannes
2226 3046 2329 3085 vox
2356 3031 2603 3103 quaedam
2654 3030 2756 3086 I'uit
2806 3033 3178 3103 praeparandis
3209 3035 3380 3089 homi-

143 3129 283 3192 αὐτὸς
301 3131 330 3182 6
359 3131 554 3199 Λόγος,
583 3130 714 3184 ἀλλὰ
750 3130 864 3200 μετ’
893 3129 1052 3182 αὑτὸν
1081 3127 1242 3199 ἦλθεν
1262 3129 1293 3180 6
1325 3128 1516 3196 Λόγος,
1546 3127 1612 3180 δι’
1637 3126 1693 3183 ὃν

1803 3135 1928 3176 num
1961 3121 2208 3176 auribus.
2241 3119 2360 3176 Non
2403 3120 2548 3176 enim
2585 3121 2779 3177 Sermo
2825 3123 2944 3193 ipse
2989 3121 3110 3189 fuit,
3135 3123 3230 3179 sed
3252 3133 3376 3194 post

141 3221 170 3290 ἡ
215 3222 560 3293 ἑτοιμαστικὴ
607 3223 760 3294 φωνὴ
809 3222 1020 3291 γέγονε.
1063 3222 1169 3273 Καὶ
1208 3220 1294 3272 διὰ
1319 3219 1478 3272 τοῦτο
1509 3219 1692 3287 λέγει·

141 3311 291 3380 Φωνή
307 3312 582 3378 ,ϐοῶντος
603 3305 674 3366 Er
695 3311 772 3381 τῇ
783 3312 1002 3382 ἐρήμῳ·
1029 3310 1379 3381 ἑτοιμάσατε
1392 3311 1498 3376 τὰς
1515 3309 1693 3376 ὀδοὺς

142 3407 356 3472 Κυρίου.
405 3407 476 3460 Ἦ
517 3406 628 3478 γὰρ
657 3409 810 3479 φωνὴ
855 3405 1165 3476 ὲτοιμάζει,
1210 3406 1238 3458 6
1273 3404 1329 3457 δὲ
1372 3403 1575 3476 Κύριος
1605 3405 1698 3456 ὲκε-

139 3495 294 3549 ϐαίνει
334 3500 458 3559 ταῖς
493 3499 946 3570 ἡτοιμασμέναις.
996 3499 1105 3552 Καὶ
1148 3500 1181 3569 ὴ
1226 3499 1376 3569 φωνὴ
1409 3497 1559 3552 λαλεῖ
1599 3497 1696 3568 τὴν

143 3586 290 3658 ἀκοήν
309 3592 350 3642 ³.
384 3591 560 3644 Ὅταν
603 3591 722 3663 δὲαή
769 3591 904 3662 ἀκοὴ
946 3591 1177 3661 σχολάσῃ
1199 3629 1213 3653 ,
1247 3591 1368 3643 τότε
1391 3591 1420 3643 ό
1451 3589 1606 3658 λόγος
1639 3591 1698 3642 ἐν

140 3681 195 3748 τῇ
225 3681 353 3752 ἀκοῇ
386 3683 788 3738 καταϐάλλεται
808 3683 915 3736 τῶν
945 3680 1266 3752 δεχομένων.
1299 3679 1550 3752 οὐδαμοῦ
1585 3680 1694 3733 τοί-

139 3785 221 3822 νυν
261 3773 585 3845 ἐπιλήψεται
635 3777 883 3848 Ἄρειος,
915 3773 1010 3828 καὶ
1036 3775 1084 3826 oi
1129 3775 1226 3828 ἀπ’
1255 3772 1420 3826 αὑτοῦ
1460 3772 1561 3842 τῆς
1601 3771 1695 3825 τοῦ

139 3859 258 3917 Θεοῦ
297 3865 558 3937 ἀληθείας
594 3869 681 3921 ἀεὶ
712 3866 1160 3938 καταυγαζούσης
1197 3863 1420 3936 καρδίας
1467 3863 1694 3925 πιστῶν,

139 3955 210 4017 εἰς
231 3957 289 4010 τὸ
318 3961 390 4029 μὴ
427 3961 772 4031 ἐκτραπῆναι
798 3959 904 4014 ἀπὸ
924 3959 1021 4030 τῆς
1049 3961 1106 4012 ἐν
1135 3957 1210 4028 τῷ
1239 3957 1394 4027 Λόγῳ
1421 3955 1536 4026 Υἱῷ
1561 3954 1695 4009 Θεοῦ

140 4045 188 4097 ἐν
215 4046 434 4122 ἀληθείᾳ.
465 4051 710 4122 ἁκτίστῳ
742 4051 836 4104 καὶ
863 4051 1138 4122 ἀγεννήτιρ
1166 4048 1453 4119 σωτηρίας-

1795 3213 1946 3268 illum
1981 3213 2173 3269 Sermo
2203 3213 2424 3269 tandem
2481 3213 2722 3278 advenit,
2759 3215 2918 3285 cujus
2962 3217 3130 3286 gratia
3171 3232 3380 3288 praapa-

1793 3304 1969 3360 ratrix
2007 3304 2100 3358 illa
2147 3320 2247 3360 vox
2281 3312 2671 3360 antecesserat.
2707 3302 2859 3360 Unde
2901 3306 3064 3360 etiam
3097 3307 3171 3360 ita
3205 3308 3404 3378 loqui-3

1796 3405 1932 3452 tur:
1973 3395 2086 3450 Vox
2134 3398 2416 3452 clamantis
2467 3399 2522 3452 in
2570 3397 2817 3452 deserto:
2849 3396 3044 3453 Parate
3097 3400 3209 3453 uias
3271 3399 3380 3455 Do-

1797 3487 1929 3542 mini
1955 3487 1999 3542 '.
2041 3486 2249 3557 Quippe
2269 3501 2376 3541 vox
2424 3499 2716 3559 praeparat,
2751 3487 3015 3543 Dominus
3041 3497 3220 3544 autem
3246 3505 3380 3559 pnu-

1803 3589 2027 3653 paratas
2055 3581 2166 3650 jam
2191 3581 2307 3635 vias
2340 3579 2663 3650 ingreditur.
2693 3579 2938 3651 Itemque
2974 3595 3073 3635 vox
3106 3595 3266 3635 aures
3311 3583 3381 3635 ad

1803 3675 2138 3730 audientiam
2169 3673 2450 3743 componit
2487 3693 2498 3728 :
2531 3690 2652 3744 quin
2680 3673 2770 3728 ubi
2805 3687 3006 3728 vacuas
3045 3688 3106 3728 se
3135 3673 3373 3744 praebue-

1801 3767 1936 3830 rint,
1969 3773 2085 3818 tum
2143 3780 2325 3820 sermo
2381 3765 2718 3820 audientium
2775 3765 2998 3822 auribus
3047 3766 3377 3820 immittitur.

1801 3859 1944 3914 Nihil
1975 3868 2059 3914 est
2089 3859 2254 3930 igitur
2285 3859 2432 3930 quod
2485 3859 2650 3916 Arius
2701 3859 2930 3930 ejusque
2969 3857 3211 3916 fautores
3243 3859 3380 3912 arri~

1803 3957 1954 4027 piant
1983 3969 2050 4009 ex
2077 3955 2179 4009 hoc
2203 3954 2353 4017 loco,
2377 3969 2500 4008 cum
2524 3952 2706 4008 divina
2741 3955 2943 4010 veritas
2978 3953 3216 4008 ﬁdelium
3258 3958 3379 4008 aui~

1803 4063 1922 4103 mos
1943 4057 2203 4119 perpetuo
2235 4047 2540 4110 collustret,
2572 4063 2639 4102 ne
2659 4047 2727 4101 ab
2756 4061 2820 4100 ea
2857 4047 3033 4102 salute
3068 4046 3376 4109 dellectant,

141 4155 249 4209 qua:
289 4159 384 4212 per
429 4143 676 4200 Verbum
707 4144 802 4200 Dei
844 4142 1042 4197 Filium
1076 4159 1264 4198 revera
1303 4143 1602 4196 increatum
1635 4156 1700 4196 ac
1740 4141 1978 4212 genitura
2014 4140 2310 4195 obtinetur.

201 4233 322 4290 MB'.
371 4237 806 4308 Προκοπτόντων
839 4235 893 4287 δὲ
933 4235 1094 4289 πάλιν
1131 4235 1307 4305 ἡμῶν,
1335 4235 1428 4286 καὶ
1462 4233 1552 4285 ἐπὶ
1597 4231 1694 4295 τὰς

140 4325 247 4380 ἑξῆς·
287 4329 606 4392 θαινόντων,
641 4327 794 4380 nitate
832 4326 1237 4398 παραλείψομεν
1269 4325 1376 4378 τῶν
1419 4325 1531 4378 ἄνω
1562 4341 1696 4395 προ-

203 4497 216 4512 ’
247 4489 304 4544 [ι’.
345 4491 680 4560 Ἀντιοχείᾳ.
755 4490 776 4520 ⁸
805 4487 865 4542 F.
891 4489 970 4549 είς
1000 4486 1098 4556 τὴν
1129 4486 1222 4540 ἀκ.

201 4645 302 4714 (95)
333 4648 400 4699 Et
432 4644 508 4697 δὲ
537 4643 610 4696 ἐν
639 4643 842 4711 κόσμῳ
872 4637 970 4710 ἦν.
1006 4639 1158 4714 Nova

139 4709 342 4770 Joannis
399 4716 494 4768 illa
561 4715 720 4768 verba
752 4709 1004 4766 declarat
1032 4731 1045 4766 :
1070 4713 1181 4776 ’Ὃς
1208 4709 1546 4779 ἔμπροσθέν
1574 4728 1694 4780 μου

147 4784 344 4853 [ἕπον-ε,
382 4785 491 4852 Qui
534 4793 658 4838 ante
683 4799 762 4836 me
793 4783 964 4851 factus
1008 4792 1105 4846 est,
1132 4789 1191 4834 ut
1219 4782 1489 4853 interpres
1508 4789 1697 4836 noster

139 4852 374 4918 reddidit,
395 4857 562 4926 quasi
585 4855 805 4926 γέγονεν
829 4853 968 4907 idem
996 4853 1262 4922 signiﬁcet
1287 4867 1349 4905 ac
1378 4852 1560 4926 fuisse,
1584 4853 1698 4905 sive

145 4921 428 4990 proiectum
492 4933 595 4978 aut
645 4925 846 4978 alicubi
880 4921 1156 4977 versatum
1207 4937 1349 4976 esse.
1383 4921 1502 4986 Quo
1531 4937 1698 4976 sensu

141 4998 273 5064 prius
315 4995 536 5051 Joanne
597 4993 690 5050 Dei
743 4993 915 5048 Filius
963 4995 1191 5057 exstitit,
1235 5001 1520 5064 propterea
1553 4991 1700 5060 quod

143 5063 338 5134 Saepius,
393 5068 480 5120 vel
531 5078 824 5135 antequam
860 5065 1392 5135 humanamearnem
1426 5063 1696 5122 indueret,

141 5132 395 5192 veteribus
449 5132 790 5207 patriarchis
832 5139 1105 5207 apparuit.
1154 5132 1380 5207 Te_r_tu_ll.
1418 5149 1480 5196 ιι,
1515 5143 1698 5185 contra

141 5208 314 5272 Mam,
332 5203 468 5278 cap:
487 5207 587 5278 εἷς
621 5205 764 5260 Nam
785 5215 834 5260 et
865 5203 1176 5278 proﬁtemur
1205 5203 1474 5278 City-istum
1502 5219 1700 5268 semper

139 5279 286 5344 egisse
305 5282 358 5333 in
385 5275 484 5332 Dei
525 5277 711 5331 Patris
743 5278 971 5338 nomine,
999 5277 1168 5334 ipsum
1202 5275 1266 5326 ab
1298 5275 1448 5326 initio
1491 5290 1702 5326 conver—

143 5357 314 5413 satum,
331 5351 504 5417 ipsum
529 5364 864 5417 congressum
885 5345 1328 5417 cumpatriarchis
1351 5353 1399 5398 et
1416 5345 1696 5412 prophetis,

143 5427 187 5488 et
213 5415 421 5482 uetera,
454 5434 586 5488 qua:
618 5415 795 5483 caute,
820 5417 896 5469 uti
931 5417 1076 5488 dixi,
1105 5415 1340 5488 legenda
1374 5423 1532 5484 sunt;
1561 5423 1700 5488 utet

141 5484 320 5543 Justini
349 5484 508 5544 locus
541 5490 654 5554 ille,
686 5505 750 5542 ex
790 5503 898 5556 quo
929 5485 1299 5540 Tertullianus
1325 5487 1426 5538 ista
1445 5487 1693 5553 sumpsit.

145 5557 268 5614 Idem
289 5577 473 5631 porro,
515 5560 616 5614 sed
667 5561 823 5628 longe
867 5557 1210 5631 prudentius,
1252 5557 1413 5631 docet
1443 5557 1696 5631 Aitgusti-

147 5644 234 5684 nus
255 5627 434 5686 contra
461 5631 742 5688 Adimam.
766 5627 888 5697 eap.
907 5628 938 5680 9
960 5644 972 5677 :
992 5628 1127 5692 Quia
1149 5629 1258 5696 ipse
1283 5627 1482 5688 Filius,
1499 5627 1697 5695 inquit.

147 5700 305 5764 quiest
337 5703 568 5756 Verbum
584 5699 696 5761 Dei,
719 5716 818 5752 non
837 5699 1006 5752 solum
1035 5699 1328 5752 novissimis
1358 5697 1696 5767 temporibus,

146 5785 248 5826 cum
275 5773 326 5828 in
357 5789 522 5828 carne
565 5787 816 5840 apparere
845 5769 1091 5838 dignatus
1122 5779 1220 5835 est,
1252 5770 1340 5823 sed
1367 5769 1526 5822 etiam
1549 5767 1695 5834 prius

443 5863 722 5924 PATBOL.
768 5860 884 5920 Gn.
925 5859 1116 5920 XLII.

1299 4483 1320 4514 ³
1349 4483 1508 4540 Joan.
1545 4501 1580 4549 ι,
1627 4485 1710 4542 ιο.

1871 4231 2036 4288 XLII.
2075 4229 2193 4284 Jam
2223 4247 2351 4287 vero
2409 4231 2818 4302 progredientes
2865 4247 3052 4302 porro,
3105 4237 3159 4287 et
3203 4232 3268 4285 ad
3315 4247 3378 4286 ea

1800 4340 1922 4394 qua:
1969 4335 2277 4393 sequuntur
2321 4326 2582 4395 deinceps
2613 4334 2984 4390 transeuntes,
3017 4326 3151 4382 nihil
3187 4342 3378 4382 eorum

1791 4485 1812 4515 ⁸
1834 4485 2022 4539 Matth.
2051 4500 2133 4552 ιιι,
2167 4487 2219 4540 5.
2297 4488 2316 4518 ⁵
2343 4487 2470 4542 ibid.

1249 4639 1442 4694 uadam
1487 4640 1701 4694 ratione
1732 4645 1776 4699 D
1806 4659 1837 4694 a
1871 4643 2241 4695 constitutione
2272 4643 2476 4708 mundi,
2509 4645 2595 4698 cui
2625 4645 2786 4698 voluit
2819 4645 2884 4698 de
2909 4645 3074 4700 Patre
3105 4649 3388 4701 annuntia-

1805 4713 1894 4776 oit,
1912 4714 2014 4765 sive
2030 4713 2304 4782 loquendo,
2327 4715 2432 4788 siue
2449 4716 2767 4784 apparando,
2785 4717 2858 4770 rei
2885 4733 2976 4786 per
2988 4719 3274 4788 angelicam
3289 4721 3384 4772 alt-

1803 4799 1958 4852 quam
1975 4793 2304 4856 potestatem,
2325 4785 2402 4856 vei
2417 4801 2507 4854 per
2519 4788 2803 4856 quamlibet
2823 4785 3142 4850 creaturam,
3161 4789 3380 4844 etc.Setl

1805 4867 1926 4926 eam
1954 4855 2314 4926 quaestionem
2348 4855 2572 4910 uberius
2599 4859 2820 4926 exponit
2857 4859 2948 4911 lib.
2983 4875 3041 4922 ιι,
3079 4858 3156 4912 De
3187 4859 3380 4913 Trimt.

1809 4921 1996 4998 Redeo
2023 4925 2088 4976 ad
2126 4923 2514 4998 Epiphanium,
2543 4929 2636 4996 qui
2668 4921 2881 4996 ἐγένετο
2912 4921 3187 4998 (sicenim
3227 4931 3374 4996 legit,

1807 5008 1918 5068 pro
1935 4995 2176 5068 γέγονεν)
2210 4995 2350 5068 idem
2387 5012 2509 5051 esse
2559 4995 2717 5066 putat
2740 5007 2900 5068 atque
2924 4995 2930 4998 ”
2953 4999 3168 5051 accessit
3199 5009 3250 5068 et
3283 4995 3380 5052 ad-

1807 5065 1961 5138 venit.
1991 5063 2162 5138 Quod
2189 5065 2320 5117 mihi
2358 5063 2572 5138 quidem
2631 5085 2737 5122 non
2773 5063 2985 5138 pi'obat.
3021 5071 3098 5122 Ac
3128 5070 3172 5121 si
3207 5067 3376 5122 Graio:

1807 5135 2058 5206 vocabuli
2089 5134 2192 5186 vim
2227 5137 2562 5201 consideres,
2601 5134 2790 5206 γέγονέ
2820 5140 2958 5192 idem
3008 5153 3130 5192 esse
3179 5150 3377 5206 potest,

1810 5219 1883 5283 ac
1907 5205 2216 5271 productus,
2243 5207 2326 5283 vel
2348 5209 2551 5276 genitus
2578 5205 2688 5283 est:
2708 5210 2852 5278 quod
2893 5208 2986 5262 Dei
3017 5207 3154 5261 Filio
3179 5205 3380 5283 conve-

1811 5275 1922 5337 nit;
1947 5288 2070 5328 nam
2102 5285 2228 5328 ante
2252 5274 2516 5348 Joannem
2547 5274 2762 5348 genitus
2793 5289 2908 5344 est;
2933 5289 3028 5332 aut
3059 5291 3206 5335 certe
3235 5281 3377 5336 idem

1811 5351 1910 5417 est,
1942 5353 2104 5413 atque
2132 5347 2466 5417 exstitit._At
2504 5347 2690 5402 naster
2742 5349 3012 5417 interpres
3048 5350 3153 5405 alio
3187 5366 3374 5413 sensu,

1802 5415 1976 5482 factus
2010 5425 2107 5480 est,
2143 5419 2323 5470 vertit.
2361 5415 2530 5483 Quasi
2571 5419 2624 5472 id
2668 5419 2796 5472 velit
2828 5415 3099 5475 Joannes:
3125 5424 3257 5476 Ante
3297 5439 3382 5476 me

1802 5485 1975 5558 {actus
2011 5495 2110 5548 est,
2145 5486 2198 5539 id
2242 5495 2326 5558 est
2367 5489 2562 5558 majori
2591 5489 2821 5558 quadam
2868 5492 2920 5544 in
2963 5493 3282 5547 excellentia
3313 5509 3378 5548 ac

1803 5555 2066 5634 dignitate
2089 5557 2444 5612 constitutus.
2477 5555 2731 5634 Potestet
2752 5561 2816 5613 ad
2840 5561 3074 5617 divinam
3099 5566 3380 5634 praedesti-

1804 5629 2098 5750 aationem,
2140 5643 2204 5680 ac
2246 5631 2576 5754 τὶροορισμόν
2629 5634 2870 5687 revocari
2900 5653 2911 5688 :
2945 5637 3011 5691 de
3040 5629 3146 5706 qua
3175 5633 3376 5691 Paulus

1851 5711 1957 5751 om.
1995 5713 2030 5754 ι.
2068 5713 2210 5754 com.
2291 5739 2304 5752 .

1851 5711 1957 5751 om.
1995 5713 2030 5762 ι,
2068 5713 2210 5754 cozu.
2253 5711 2304 5754 ι.

3023 5870 3058 5930 9
