3846 6302
453 369 561 426 ςθπ

1817 361 1873 417 S.
1915 359 2254 416 EPIPHANII

455 488 924 561 praetermittemus
978 501 1096 555 quat
1139 484 1204 538 ad
1259 483 1658 540 dissolvendum
1705 480 1859 536 initio
1891 496 2016 551 pro.

2137 483 2459 554 τεταγμένων
2499 483 2578 545 είς
2608 481 2875 543 ἐπίλυσιν,
2904 475 3041 532 ἀλλὰ
3075 470 3228 538 αὖθις
3273 472 3432 528 πάλιν
3482 471 3680 542 ἐπιλη-

461 581 766 653 posuimus,
819 578 913 635 sed
973 577 1356 648 consequentia
1391 577 1589 640 ordine
1647 581 2007 645 pertexemus.

455 671 534 724 Ex
581 671 686 724 alio
734 672 915 739 itaque
970 669 1090 721 loco
1126 667 1400 738 opinionis
1447 682 1558 722 suae
1598 663 2011 734 comprobanda:

411 815 416 820 .
457 771 833 834 argumentum
887 762 1148 816 eliciunt:
1184 777 1248 816 ex
1293 775 1358 814 eo
1381 799 1397 822 .
1435 758 1675 829 inquam,
1712 755 1854 826 quod
1915 753 2014 808 Pe-

456 867 578 912 trus
626 857 677 909 in
723 856 872 908 Actis
906 854 1273 924 apostolorum
1312 851 1516 905 dixisse
1560 850 1798 920 legitur:
1835 846 2014 901 Mani-

456 951 649 1019 [estum
680 950 745 1002 sit
771 948 935 1012 vobis,
972 947 1139 1000 omnis
1178 946 1362 998 domus
1394 943 1583 1006 Israel,
1614 944 1858 1012 quoniam
1881 941 2014 994 hunc

454 1043 661 1102 Jesum,
701 1056 850 1110 quem
878 1037 1240 1107 rruciﬁxistis,
1263 1048 1311 1091 et
1333 1035 1634 1099 Dominunt,
1670 1043 1718 1088 et
1749 1033 2014 1087 Christum

459 1136 629 1203 ipsum
664 1132 798 1186 Deus
833 1131 950 1200 fecit
978 1132 1018 1184 ¹.
1051 1129 1256 1195 Quibus
1312 1129 1364 1181 in
1398 1127 1578 1180 verbis
1620 1124 2014 1179 observandum

460 1226 589 1279 illud
620 1231 858 1286 monent,
901 1220 1044 1291 quod
1096 1219 1216 1288 fecit
1263 1219 1550 1281 scribatur,
1599 1231 1699 1270 nec
1742 1215 1809 1268 ad
1843 1215 2014 1282 ipsam

463 1315 783 1370 sententiam
815 1311 1118 1374 attendunt,
1148 1325 1267 1380 quae
1291 1309 1521 1379 scipsam
1547 1308 1806 1362 declarat.
1841 1304 2013 1369 "unc,

465 1408 658 1476 inquit,
709 1404 909 1468 Jesum,
943 1412 1000 1456 ut
1048 1409 1377 1471 assumptatn
1423 1414 1453 1453 a
1500 1398 1722 1452 Domino
1768 1406 2016 1452 naturam

465 1499 700 1554 hominis
735 1497 1088 1551 demonstret.
1115 1492 1248 1546 Nam
1275 1508 1337 1547 ex
1381 1491 1467 1546 his
1496 1490 1675 1546 verbis
1702 1507 1713 1542 :
1753 1488 1904 1542 llum:
1925 1486 2016 1541 Je-

465 1608 579 1645 sum
634 1606 782 1660 quem
840 1585 1200 1654 cruciﬁxistis,
1250 1583 1595 1653 perspicuum
1628 1591 1710 1636 est
1742 1581 1808 1634 de
1857 1594 2020 1633 carne

467 1686 556 1738 illa
595 1699 714 1738 esse
748 1693 1071 1740 sermonem,
1106 1692 1267 1746 quam
1319 1675 1406 1738 isti
1447 1673 1845 1750 cruciﬁxerant.
1889 1671 2020 1725 Pro—

470 1787 648 1845 pterea
702 1772 958 1827 Dominus
1022 1770 1076 1823 in
1137 1767 1422 1837 Evangelio
1454 1782 1465 1816 :
1505 1764 1661 1818 Nunc
1696 1773 1888 1826 autent,
1921 1763 2016 1826 ait,

2114 575 2326 648 ψόμεθα
2366 575 2465 644 τῆς
2507 572 2844 635 ἀκολουθίας.
2887 565 3315 640 Προφασίζονται
3353 563 3464 637 γὰρ
3511 563 3680 616 πάλιν

2116 668 2306 740 ἑτέραν
2335 667 2603 740 πρόφασιν
2634 665 2732 736 τὴν
2761 663 2863 717 ὑπὸ
2895 662 2988 715 τοῦ
3019 661 3171 730 ἁγίου
3207 659 3412 730 Πέτρου
3460 660 3521 711 ὲν
3557 658 3685 720 ταῖς

2118 760 2382 832 Πράξεσιν
2415 758 2742 830 εἰρημένην·
2774 757 2853 811 ὅτι
2878 753 3142 822 Φανερὸν
3176 753 3330 808 ἔστω
3354 750 3519 820 ὑμῖν,
3561 748 3686 813 πᾶς

2118 848 2281 916 οἶκος
2322 849 2583 918 Ἰσραὴλ,
2606 848 2692 900 ὅτι
2717 846 2931 901 τοῦτον
2952 844 3058 899 τὸν
3092 843 3333 908 Ἰησοῦν
3369 841 3440 894 ὃν
3461 840 3691 892 ἐσταυ-

2111 941 2366 1010 ρώσατε,
2413 940 2512 994 καὶ
2547 941 2766 1008 Κύριον
2802 936 2900 992 καὶ
2942 934 3203 1005 Χριστὸν
3243 933 3430 986 αὑτὸν
3460 933 3494 984 ό
3536 928 3690 993 Θεὸς

2119 1036 2388 1102 ἐποίησε.
2414 1034 2524 1086 Καὶ
2551 1031 2764 1100 λέγουσι
2789 1029 2968 1092 πάλιν,
2992 1029 3074 1081 ὅτι
3097 1026 3156 1080 τὸ
3175 1024 3408 1078 ἐνταῦθα
3428 1021 3692 1087 ἐποίησε

2120 1127 2446 1198 γέγραπται.
2502 1126 2612 1178 Καὶ
2651 1125 2749 1193 οὐχ
2788 1121 2954 1193 ὁρῶσι
2999 1121 3060 1172 τὸ
3107 1118 3268 1189 ῥητὸν
3321 1115 3521 1186 (αὐτὸς
3571 1112 3695 1183 γὰρ

2123 1217 2297 1288 ἑαυτῷ
2325 1218 2382 1270 τὸ
2405 1216 2564 1288 ῥητὸν
2591 1214 2825 1286 μηνύει).
2857 1211 3080 1266 Τοῦτον
3129 1210 3238 1281 γὰρ
3266 1208 3388 1261 -τὸν
3414 1205 3694 1273 Ἰησοῦν,

2123 1309 2208 1361 ἵνα
2227 1307 2440 1377 σημάνῃ
2460 1307 2558 1377 τὴν
2579 1303 2985 1375 ὲνανθρὼπησιν
3009 1300 3234 1370 Κυρίου.
3279 1297 3409 1351 ’Λπὸ
3429 1295 3525 1350 τοῦ
3550 1293 3695 1365 γὰρ,

2130 1398 2346 1452 Τοῦτον
2366 1397 2471 1450 τὸν
2511 1395 2772 1462 Ἰησοῦν,
2801 1393 2872 1446 ὃν
2895 1389 3330 1459 ἐσταυρώσατε,
3371 1387 3610 1457 φανερόν
3639 1385 3701 1437 τί

2125 1494 2272 1545 ἐστιν
2298 1491 2378 1543 ὃτι
2412 1490 2477 1560 ἣν
2505 1487 2850 1555 ἐσταύρωσαν
2879 1484 3076 1555 σάρκα.
3121 1483 3307 1552 Σὰρκα
3347 1480 3452 1552 γὰρ
3489 1477 3704 1531 ἐσταύο

2128 1600 2327 1654 ρωσαν.
2369 1582 2478 1635 Καὶ
2517 1580 2603 1634 διὰ
2631 1578 2788 1632 τοῦτο
2814 1579 2842 1630 6
2876 1577 3077 1647 Κύριος
3118 1577 3175 1629 ὲν
3219 1573 3297 1645 τῷ
3328 1571 3658 1640 Εὐαγγελίῳ
3679 1586 3697 1598 θ

2124 1675 2252 1728 Νῦν
2281 1673 2347 1727 δὲ
2376 1671 2594 1740 ζητεῖτέ
2619 1689 2693 1741 με
2719 1669 3061 1725 ἀποκτεῖναι
3106 1666 3436 1735 ἄνθρωπον,
3475 1663 3546 1729 ὃς
3571 1662 3705 1729 τὴν

2125 1766 2415 1835 ἀλήθειαν
2453 1763 2593 1832 ὑμῖν
2629 1762 2922 1830 ἐλάλησα,
2967 1759 3048 1827 ἣν
3093 1759 3328 1828 ἤκουσα
3373 1755 3535 1823 παρὰ
3576 1755 3703 1808 τοῦ

469 1867 702 1938 qmcritis
744 1881 821 1918 me
861 1862 1148 1930 interﬁcere
1176 1859 1453 1920 hominem,
1503 1858 1590 1927 qui
1630 1857 1896 1910 veritatem
1941 1855 2022 1908 ιο.

2137 1856 2351 1924 Πατρός
2383 1871 2522 1923 μου·
2557 1853 2669 1906 ἀλλ’
2707 1853 2767 1905 οὐ
2801 1852 2897 1922 τῆς
2938 1848 3397 1919 ὲνανθρωπήσεως
3437 1845 3705 1915 διορίζων

471 1970 619 2012 cutus
649 1973 761 2011 sum
792 1955 952 2018 vobis,
983 1970 1138 2024 quant
1165 1953 1339 2006 audivi
1390 1969 1421 2004 a
1460 1949 1621 2011 [ἔπινε
1659 1966 1769 2003 meo
1790 1951 1830 2003 ’.
1865 1948 2022 2020 765

471 2048 655 2120 Neque
704 2058 882 2101 tamen
913 2047 981 2100 ab
1017 2046 1249 2099 humana
1308 2045 1398 2098 illa
1458 2052 1651 2097 natura
1693 2040 2024 2096 divinitatem

473 2142 756 2198 abstraxit.
778 2139 1058 2210 Siquidem
1082 2138 1194 2192 haec
1219 2137 1288 2192 ab
1308 2137 1398 2191 illa
1435 2137 1746 2189 imminente
1773 2132 2027 2204 passione

477 2242 720 2304 separata
782 2247 890 2285 non
948 2231 1066 2293 fuit,
1123 2243 1222 2283 nec
1260 2227 1313 2281 in
1369 2227 1485 2296 ipsa
1523 2224 1737 2279 demum
1775 2223 2029 2294 passione

475 2327 660 2380 eadem
697 2334 779 2378 est
829 2340 857 2377 ιι
901 2322 1075 2377 Verbo
1106 2322 1195 2375 illa
1245 2320 1520 2375 derelicta.
1556 2317 1660 2371 Sed
1701 2331 1875 2385 neque
1895 2313 2029 2370 Ver-

479 2421 602 2472 bum
655 2415 924 2486 passionis
991 2411 1167 2467 omnis
1227 2425 1421 2479 expers
1479 2414 1633 2461 antea
1667 2421 1884 2476 passum
1921 2415 2026 2469 est,

478 2513 722 2582 quamvis
755 2512 808 2564 in
833 2524 991 2562 carne
1029 2490 1263 2577 patiente
1301 2503 1580 2559 resideret.
1610 2502 1820 2556 Etenim
1845 2515 1947 2555 una
1977 2507 2031 2554 et

478 2607 661 2661 eadem
714 2601 997 2673 appellatio
1047 2608 1153 2652 tam
1184 2597 1296 2662 Dei,
1329 2611 1489 2666 quam
1535 2595 1790 2656 hominis,
1829 2605 2033 2647 natura:

480 2715 604 2752 vere
643 2703 694 2749 et
725 2693 936 2764 proprie
961 2693 1232 2752 convenit,
1277 2703 1338 2741 ac
1373 2696 1481 2740 tam
1513 2695 1766 2755 suscepta
1798 2685 2032 2739 hominis

479 2806 507 2842 a
551 2788 724 2844 Verbo
753 2795 965 2848 natura,
996 2798 1154 2852 quam
1187 2779 1446 2835 Dominus
1473 2779 1524 2830 in
1561 2783 1837 2845 assumpta
1870 2791 2034 2830 carne

479 2881 783 2936 subsistens
807 2877 1054 2932 Christus
1077 2872 1292 2928 dicitur.
1331 2869 1530 2924 Verum
1559 2884 1754 2938 passus
1781 2868 1838 2921 in
1866 2881 2033 2921 carne

480 2971 545 3024 ad
580 2986 703 3025 eum
744 2966 962 3021 modum
1009 2964 1227 3026 dicitur,
1271 2977 1376 3031 quo
1429 2959 1617 3014 Petrus
1655 2959 1865 3013 locutus
1900 2964 1983 3012 est
2017 2974 2030 3010 :

481 3061 690 3117 Christo
710 3075 865 3128 passo
887 3074 979 3126 pro
1007 3056 1150 3110 nobis
1181 3056 1232 3108 in
1261 3069 1415 3107 carne
1437 3052 1478 3116 ⁸,
1509 3066 1618 3120 quo
1650 3051 1942 3104 immunem
1967 3045 2035 3100 ab

2124 1949 2221 2022 τὴν
2259 1947 2504 2015 θεότητα.
2548 1945 2683 1998 Οὕτε
2729 1944 2837 2015 γὰρ
2884 1941 3040 2005 ὲκτὺς
3082 1943 3180 2011 τῆς
3221 1939 3702 2010 ὲνανθρωπήσεως

2127 2041 2370 2111 ὑπῆρχεν
2403 2042 2435 2111 ὴ
2471 2039 2679 2110 θεότης,
2722 2035 2955 2106 ὁπηνίκα
2981 2033 3169 2103 ἔμελλε
3195 2031 3440 2101 πάσχειν,
3470 2028 3597 2082 οὒτε
3635 2030 3702 2080 ὲν

2124 2133 2202 2204 τῷ
2234 2133 2457 2203 πάσχειν
2484 2127 2873 2200 ἐγκατελείφθη
2912 2126 3016 2180 ὑπὸ
3039 2124 3132 2178 τοῦ
3162 2125 3334 2192 Λόγου
3365 2125 3398 2194 ἡ
3426 2121 3702 2192 ἒνσαρκος

2128 2225 2418 2297 παρουσία.
2475 2222 2612 2276 Ἀλλ’
2658 2219 2780 2274 οὔτε
2822 2221 2849 2271 6
2883 2217 3097 2288 ἀπαθὴς
3136 2217 3304 2284 Λόγος
3352 2212 3589 2267 πέπονθε
3631 2211 3704 2264 τὸ

2130 2320 2387 2391 πρότερον
2432 2318 2489 2369 ὲν
2539 2314 2699 2386 σαρκὶ
2743 2313 2817 2365 ὣν
2857 2313 2922 2382 τῇ
2974 2308 3275 2379 πασχούσῃ.
3322 2304 3549 2374 ’Λληθὲς
3582 2304 3705 2373 γάρ

2130 2414 2276 2465 ἐστιν
2315 2410 2398 2462 ἐπ’
2431 2407 2749 2478 ἀμφοτέρων
2777 2405 2837 2457 τὸ
2865 2403 2921 2456 ἒν
2957 2403 3155 2472 ὄνομα,
3189 2400 3244 2453 ἐν
3277 2416 3337 2452 τε
3363 2401 3430 2469 τῇ
3478 2397 3704 2465 θεότητι

2132 2504 2224 2556 καὶ
2255 2505 2310 2554 ὲν
2339 2503 2404 2571 τῇ
2435 2498 2796 2570 ἀνθρωπήσει.
2826 2493 3057 2566 Χριστὸς
3087 2492 3195 2562 γὰρ
3219 2493 3254 2562 ἡ
3281 2487 3705 2560 ὲνανθρὼπησις

2131 2593 2294 2650 αὑτοῦ
2339 2592 2432 2646 τοῦ
2474 2592 2676 2660 Λόγου,
2720 2588 2814 2642 καὶ
2840 2586 3070 2658 Χριστὸς
3098 2583 3299 2654 Κύριος
3335 2583 3392 2635 ὲν
3437 2581 3576 2650 αὐτῇ
3629 2581 3703 2648 τῇ

2133 2688 2377 2757 ὲνσάρκῳ
2410 2684 2697 2756 παρουσία.
2754 2679 2910 2733 Ἀλλὰ
2937 2679 2996 2731 τὸ
3038 2677 3134 2747 μὲν
3182 2673 3371 2728 παθεῖν
3403 2674 3460 2726 ὲν
3503 2671 3704 2740 σαρκὶ,

2134 2779 2313 2842 καθὼς
2349 2775 2468 2830 εἷπε
2512 2776 2750 2847 Πέτρος,
2795 2773 2877 2825 ὅτι
2918 2767 3174 2838 Χριστοῦ
3211 2767 3503 2829 παθόντος
3540 2761 3706 2828 ὑπὲρ

2135 2871 2301 2941 ἡμῶν
2327 2869 2528 2938 σαρκὶ,
2565 2869 2652 2922 ἴνα
2693 2865 2840 2938 δείξῃ
2865 2863 2962 2934 τὴν
2997 2861 3259 2916 ἀπάθειαν
3291 2861 3388 2929 τῆς
3415 2855 3704 2925 θεότητος⁸

2135 2966 2229 3018 καὶ
2261 2963 2440 3016 πάλινο
2486 2956 2826 3015 Ἀποθανὼν
2866 2956 2936 3008 ἐν
2975 2952 3174 3022 σαρκὶ,
3222 2948 3602 3020 ζωογονηθεὶς
3628 2944 3707 2998 δὲ

2136 3054 2216 3121 τῷ
2253 3054 2566 3121 Πνεύματι.
2597 3049 2775 3104 Τοῦτο
2797 3050 2818 3080 ⁶
2853 3043 2946 3101 οὖν
2976 3045 3080 3099 τὸν
3127 3042 3358 3111 Ἰησοῦν
3378 3039 3451 3093 ὃν
3472 3039 3704 3091 ἐσταυ-

481 3155 628 3206 omni
672 3149 908 3220 patiendi
977 3147 1287 3201 conditione
1337 3143 1679 3196 Divinitatem
1746 3137 2031 3208 signiﬁcet.

2137 3147 2384 3218 ρώσατε,
2422 3145 2505 3197 ἵνα
2541 3143 2615 3213 μὴ
2652 3138 2992 3212 παραλειφθῇ
3025 3139 3058 3208 ἡ
3107 3135 3234 3204 ἁγία
3263 3133 3522 3203 ἑνσαρκος
3552 3132 3708 3182 uino-

481 3246 615 3298 ltem
649 3241 926 3296 :Mortuus
949 3241 1002 3293 in
1022 3253 1210 3302 carne;
1240 3237 1527 3306 viviﬁcatus
1566 3242 1740 3287 autem
1778 3232 1969 3300 spiritu
1992 3229 2032 3280 δ.

481 3335 642 3406 Ergo,
673 3334 805 3387 hunc
832 3332 1032 3398 Jesum,
1071 3348 1219 3404 quem
1252 3328 1609 3399 cruciﬁxistis,
1629 3326 1750 3381 ideo
1783 3323 1939 3388 dixit,
1971 3338 2040 3377 ne

484 3444 515 3482 a
546 3427 814 3497 passionis
847 3437 897 3480 et
929 3424 1220 3480 creationis
1259 3429 1478 3492 experte
1506 3417 1684 3474 Verbo
1716 3416 1905 3471 relicta
1937 3415 2039 3469 ltu-

482 3535 640 3576 mana
664 3527 854 3573 natura
885 3516 1152 3580 videatur,
1192 3515 1286 3571 sed
1319 3528 1441 3569 cum
1489 3511 1678 3568 eodem
1723 3509 2034 3580 conjuncta.

485 3614 565 3670 Ob
600 3614 652 3668 id
686 3611 970 3667 Dominum
1005 3607 1388 3676 Christumque
1439 3604 1563 3658 fecit
1623 3603 1763 3658 Deus
1806 3602 1859 3656 id
1892 3600 2036 3671 quod

485 3721 550 3760 ex
579 3704 744 3780 Maria
778 3702 1014 3772 genitum
1052 3706 1192 3762 erat,
1246 3705 1300 3752 et
1338 3711 1460 3750 cum
1502 3694 1786 3747 divinitate
1816 3692 2039 3763 copula-

488 3805 622 3850 tum.
652 3795 769 3848 Non
802 3795 944 3847 enim
993 3790 1158 3844 Maria
1196 3789 1338 3845 Deus
1366 3786 1572 3844 exstitit
1602 3804 1618 3843 :
1651 3785 1793 3841 unde
1819 3785 2041 3840 verbum

487 3886 640 3948 illud,
673 3884 812 3952 fecit,
837 3897 960 3935 mox
984 3880 1205 3934 addidit.

558 3977 660 4032 Sed
692 3985 743 4032 et
774 3975 995 4046 angelus
1021 3971 1236 4027 Gabriel
1264 3969 1613 4041 interroganti
1649 3967 1827 4022 Mariae
1855 3985 1870 4022 :
1901 3965 2037 4031 Quo-

489 4072 640 4126 modo
678 4070 765 4139 ﬁet
807 4065 968 4130 istud,
990 4065 1233 4137 quoniam
1278 4064 1445 4118 virum
1491 4078 1593 4114 non
1633 4060 1920 4130 cognosco?
1958 4072 2044 4112 re-

490 4163 704 4234 spondit
730 4179 742 4215 :
777 4158 1004 4228 Spiritus
1037 4155 1246 4209 Domini
1275 4152 1587 4222 superveniet
1623 4151 1676 4205 in
1707 4160 1774 4222 te,
1800 4158 1847 4203 et
1881 4149 2043 4202 virtus

493 4253 747 4310 Altissimi
773 4249 1098 4306 obumbrabit
1132 4257 1198 4302 te.
1246 4245 1469 4316 Ideoque
1505 4243 1639 4315 quod
1663 4243 1898 4312 gignetur
1917 4255 2044 4294 san-

489 4357 648 4410 ctum,
683 4346 949 4399 vocabitur
981 4341 1076 4395 Dei
1106 4339 1278 4392 Filius
1303 4339 1346 4393 '.
1393 4335 1511 4390 Jam
1555 4351 1676 4390 cum
1717 4334 1872 4395 dixit,
1909 4330 2041 4402 quod

492 4441 745 4508 gignetur,
782 4447 932 4490 extra
960 4448 1171 4487 onmem
1203 4430 1628 4486 controversiam
1656 4429 1722 4482 de
1749 4427 1841 4481 Dei
1869 4424 2045 4480 Verbo

2138 3240 2299 3312 νομία
2331 3238 2435 3292 ἀπὸ
2476 3235 2568 3290 τοῦ
2616 3233 2855 3296 ἀπαθοῦς
2899 3232 2992 3285 καὶ
3033 3229 3285 3284 ἀκτίστου
3324 3226 3518 3294 Λόγου,
3559 3222 3708 3275 ἀλλὰ

2141 3333 2411 3404 συνενωθῇ
2437 3331 2548 3386 ἅνω
2574 3329 2650 3400 τῷ
2673 3327 2913 3397 ἁκτίστῳ
2938 3326 3114 3394 Λόγῳ.
3142 3323 3242 3375 Διὰ
3266 3320 3421 3374 τοῦτο
3453 3318 3549 3372 καὶ
3585 3314 3709 3369 Κύ-

2144 3444 2257 3499 ριον
2281 3425 2375 3479 καὶ
2404 3423 2636 3494 Χριστὸν
2670 3421 2699 3472 6
2725 3419 2855 3482 Θεὸς
2891 3416 3114 3486 ἐποίησε
3141 3413 3200 3466 τὸ
3227 3415 3292 3465 ὲκ
3318 3407 3536 3481 Μαρίας
3572 3405 3707 3459 συλ-

2139 3497 2360 3590 ληφθὲν,
2396 3516 2457 3570 τὸ
2486 3517 2544 3569 ὲν
2577 3513 2787 3583 θεότητι
2834 3505 3129 3562 συνενωθέν
3149 3519 3161 3532 ·
3200 3504 3260 3556 οὐ
3290 3502 3398 3572 γὰρ
3426 3503 3458 3572 ἡ
3508 3497 3711 3569 Μαρία

2141 3614 2273 3676 Θεὸς
2306 3610 2444 3666 κατὰ
2476 3608 2655 3680 φύσιν.
2685 3604 2782 3658 Διά
2814 3601 2970 3656 τοῦτο
3001 3599 3125 3669 ἑξῆς
3168 3595 3227 3649 τὸ
3259 3593 3546 3659 ἐποίησεν
3579 3592 3707 3642 ὲπι-

2144 3704 2318 3775 φέρει.

2226 3966 2310 4028 Ὠς
2339 3964 2431 4018 καὶ
2456 3964 2483 4016 6
2511 3959 2737 4030 ἄγγελος
2766 3958 2804 4010 Γ
2807 3956 3002 4026 αόριήλ
3025 3968 3207 4023 φησιν,
3231 3945 3582 4020 spuitnonqu
3607 3944 3677 3994 αὑ

2156 4059 2356 4131 εῆς,ὃτι
2384 4053 2516 4120 Πῶς
2541 4055 2709 4108 ἔσται
2735 4049 2928 4113 τοῦτο,
2951 4045 3080 4099 ἐπεὶ
3101 4042 3286 4111 ἄνδρα
3307 4043 3378 4093 οὐ
3397 4036 3667 4108 γινώσκω
3687 4049 3709 4098 ;

2148 4128 2279 4225 φήσί
2299 4169 2313 4182 ο
2361 4147 2599 4215 Πνεῦμα
2631 4143 2850 4211 Kvplov
2879 4138 3263 4193 ἐπελεύσεται
3297 4133 3391 4186 ἐπὶ
3441 4131 3514 4184 σὲ
3537 4169 3552 4191 ,
3605 4128 3709 4181 καὶ

2147 4246 2395 4313 δύναμις
2420 4240 2698 4308 Ὑψίστου
2721 4232 3053 4288 ἐπισκιάσει
3083 4247 3202 4284 σοι.
3221 4227 3315 4281 Διὸ
3339 4225 3437 4278 καί
3474 4225 3536 4276 τὸ
3570 4238 3708 4290 γεν-

2147 4339 2414 4409 νώμενον
2454 4334 2623 4403 ἅγιον
2654 4327 3016 4396 κληθήσεται
3067 4323 3199 4388 Υἱὸς
3240 4312 3406 4373 Θεοῦ.
3446 4318 3613 4368 Ὅταν
3644 4314 3710 4367 δὲ

2151 4406 2277 4501 εἴπῃ
2288 4471 2301 4489 .
2318 4427 2413 4482 καὶ
2431 4425 2495 4478 τὸ
2510 4421 2900 4493 γεννώμενον,
2919 4416 3114 4479 ἔδειξεν
3128 4409 3552 4480 ἀκαταζητήτως
3575 4406 3711 4476 περὶ

492 4528 830 4598 significavit,
876 4525 1031 4578 'haud
1093 4525 1253 4578 dubie
1316 4521 1511 4576 Filium
1571 4536 1727 4583 esse,
1793 4519 1886 4588 qui
1946 4531 2032 4571 net

2147 4496 2280 4576 θεοῦ
2305 4519 2495 4586 Λόγου,
2511 4519 2592 4570 ὅτι
2612 4514 2739 4576 Υἱός
2766 4515 2910 4564 ἐστιν
2935 4503 3330 4576 ἀναμφιϐόλως,
3355 4501 3416 4553 οὐ
3443 4496 3708 4560 κτισθεὶς,

493 4623 760 4675 creatione
787 4633 886 4671 nec
913 4616 1192 4671 effectione
1221 4613 1517 4684 productus
1551 4611 1728 4665 fuerit.
1762 4608 1836 4663 De
1862 4622 2047 4663 susce-

492 4725 581 4784 pta
629 4722 806 4766 autem
849 4725 878 4764 e
928 4707 1094 4760 Maria
1140 4705 1374 4758 hominis
1420 4711 1613 4756 natura
1670 4713 1794 4754 cum
1840 4696 2047 4752 addita-

493 4813 674 4860 mento
704 4804 814 4869 illo,
839 4800 974 4872 quod
996 4801 1252 4869 giynetur,
1306 4795 1437 4850 illud
1478 4793 1645 4862 accipi
1689 4790 1863 4852 debet,
1897 4790 2048 4842 Chri-

493 4907 631 4948 stum
661 4902 709 4946 et
743 4890 1020 4944 Dominum
1049 4888 1190 4956 fecit,
1221 4884 1441 4954 perinde
1475 4892 1634 4949 atque
1677 4880 1731 4934 in
1760 4879 1881 4933 aliis
1913 4877 2047 4931 locis

493 4986 776 5040 manifeste
829 4982 1043 5051 impleta
1100 4980 1281 5034 omnia
1351 4984 1512 5037 sunt,
1567 4987 1666 5028 nec
1720 4969 2048 5026 dillicultatis

495 5079 787 5149 quidquam
818 5075 1114 5130 continent.
1151 5071 1250 5134 Ita,
1305 5069 1545 5138 inquam,
1575 5064 1718 5136 quod
1777 5063 1880 5117 hoc
1929 5062 2050 5116 loco

495 5171 712 5234 dicitur,
743 5169 796 5222 in
826 5165 1195 5221 incarnatione
1234 5160 1529 5232 perfectum
1570 5165 1674 5212 est.
1705 5155 1884 5222 Quare
1918 5153 2054 5210 nihil

493 5272 573 5317 est
602 5261 744 5332 quod
775 5260 830 5313 hi
874 5259 964 5328 qui
993 5257 1116 5310 vita:
1156 5269 1267 5309 sum
1314 5266 1496 5307 curam
1538 5257 1752 5318 gerunt,
1790 5248 1963 5318 abripi
1993 5263 2052 5303 se

494 5355 549 5407 in
606 5365 848 5406 errorem
895 5349 1004 5402 ullo
1047 5347 1206 5401 modo
1251 5345 1542 5416 patiantur.
1594 5341 1834 5410 Denique
1866 5342 2047 5394 vivum

494 5443 728 5498 Verbum
780 5458 810 5495 a
853 5443 975 5496 vivo
1010 5438 1168 5495 Patre
1201 5438 1488 5510 processit,
1512 5432 1677 5489 Filius
1711 5432 1906 5496 Patris,
1938 5447 2047 5486 non

496 5537 564 5590 ab
600 5550 665 5590 eo
697 5541 933 5589 creatus.
980 5530 1148 5586 Porro
1179 5531 1360 5585 omnia
1405 5530 1459 5584 in
1505 5527 1876 5583 incarnatione
1923 5540 2047 5595 per-

2151 4615 2212 4668 οὐ
2261 4608 2522 4680 ποιηθείς.
2565 4606 2699 4676 Περὶ
2725 4606 2744 4636 ⁷
2792 4603 2849 4656 δὲ
2891 4600 2992 4654 ἀπὸ
3039 4597 3256 4668 Μαρίας
3302 4589 3402 4662 τῆς
3439 4590 3710 4660 ἐνσάρκου

2151 4700 2459 4771 οἰκονομίας
2477 4738 2490 4762 ,
2541 4697 2677 4768 μετὰ
2711 4693 3024 4765 προσθήκης
3043 4730 3057 4752 ,
3089 4687 3183 4741 καὶ
3208 4685 3272 4740 τὸ
3298 4681 3668 4754 γεννώμενον
3689 4720 3707 4742 ,

2151 4794 2257 4847 τὸν
2294 4789 2546 4860 Χριστὸν
2587 4787 2682 4840 καὶ
2724 4787 2939 4854 Κύριον
2981 4780 3296 4845 ἐποίησεν·
3347 4774 3421 4836 ὡς
3463 4773 3552 4824 ἐπὶ
3588 4771 3713 4832 ταῖς

2152 4859 2343 4944 ἄλλαις
2384 4879 2570 4950 ρήσεσι
2619 4875 2796 4928 πάντα
2839 4870 3022 4940 σαφῶς
3053 4865 3342 4938 ἐπληρώθη
3367 4905 3382 4928 ,
3423 4861 3515 4915 καὶ
3555 4859 3727 4936 οὐδὲν.

2152 4973 2397 5044 καμάτου
2427 4968 2786 5040 περιέχουσιν.
2829 4962 2985 5015 υῦτω
3016 4960 3110 5014 καὶ
3146 4955 3378 5011 ἐνταῦθα
3419 4955 3476 5005 ὲν
3506 4953 3568 5021 τῇ
3619 4951 3710 5002 ὲν-

2153 5069 2340 5139 σάρκῳ
2391 5061 2661 5132 παρουσίᾳ
2714 5054 3094 5124 πεπλήρωται·
3149 5048 3243 5102 καὶ
3314 5044 3536 5113 οὐδεμία
3591 5042 3713 5093 ἐστὶ

2151 5154 2505 5230 παρεκτροπὴ
2555 5154 2666 5213 τοῖς
2717 5150 2813 5218 τῆς
2862 5144 2994 5205 ἰδίας
3044 5140 3189 5206 ζωῆς
3239 5131 3708 5205 ἐπιμελουμένοις.

2154 5223 2268 5302 Ζῶν
2301 5223 2405 5315 γὰρ
2437 5244 2465 5294 ὀ
2496 5223 2668 5308 Λόγος
2693 5237 2798 5290 ἀπὸ
2825 5233 3023 5298 ζῶντος
3057 5230 3290 5300 Πατρὸς,
3319 5226 3445 5285 Υἱὸς
3465 5223 3558 5275 τοῦ
3592 5223 3712 5274 Πα-

2151 5338 2300 5410 τρδς,
2349 5336 2442 5388 καὶ
2466 5334 2526 5386 οὺ
2556 5329 2788 5391 κτιστός.
2818 5327 3001 5379 Πάντα
3027 5323 3082 5376 δὲ
3110 5323 3168 5375 ὲν
3191 5322 3257 5390 τῇ
3290 5319 3539 5388 ὲνσάρκῳ
3571 5331 3712 5383 παρ-

2153 5404 2309 5500 ουσία
2359 5425 2741 5496 πεπλήρωται,
2781 5420 2867 5472 ἵνα
2901 5418 3036 5487 μήτε
3069 5414 3357 5484 φάντασμα
3395 5404 3710 5478 νομισθείη,

2159 5499 2294 5594 μήτε
2335 5517 2612 5589 ὁμοούσιος
2654 5515 2687 5584 ἡ
2740 5511 2872 5581 σὰρξ
2905 5513 2970 5580 τῇ
3013 5507 3125 5562 ἄνω
3152 5505 3384 5574 θεότητι,
3425 5499 3562 5554 ἀλλὰ
3589 5513 3716 5551 συν-

568 5712 582 5743 ¹
611 5711 728 5766 Act.
757 5726 816 5773 Il,
840 5711 927 5765 56.
1002 5711 1023 5741 ’
1047 5707 1202 5764 Joan.
1232 5726 1326 5774 vu,
1358 5707 1444 5763 19.
1520 5706 1582 5762 ⁸1
1615 5704 1849 5770 Petr.tv,
1879 5705 1924 5758 ί.
2000 5703 2032 5776 ⁸.

2139 5711 2239 5758 etr.
2276 5716 2356 5764 In,
2380 5698 2462 5752 £8.
2545 5699 2564 5729 '
2597 5695 2726 5749 Luc.
2761 5710 2796 5758 ι,
2831 5693 2895 5749 34
2924 5707 3043 5762 sqq.
3121 5690 3141 5720 ⁸
3172 5687 3297 5756 Leg.
3330 5685 3468 5740 forte
3501 5679 3707 5734 τοῦτον.

495 5781 516 5814 ⁷
545 5781 829 5838 lntricatus
861 5781 946 5835 hic
971 5780 1142 5840 locus.
