3826 6206
158 311 238 367 269
729 301 1096 359 ADVERSUS
1124 303 1473 360 HERESES
1506 303 1633 359 LIB.
1664 303 1731 360 ll.
1770 301 1932 359 ΤΟΜ.
1975 301 2036 356 ΙΙ.
2060 333 2126 342 —-
2148 301 2420 358 HERES.
2459 302 2644 358 LXIX.
3277 301 3382 357 9.70

157 424 360 500 ηνωμένη
389 424 420 492 ἡ
450 422 861 495 ὲνανθρώπησις
900 423 1065 477 αὐτοῦ
1110 426 1190 489 εἰς
1226 425 1356 497 μίαν
1399 426 1686 492 ἀπάθειαν,

1800 422 1938 478 fecta
1974 430 2120 486 sunt,
2159 437 2226 476 ne
2259 430 2352 476 aut
2380 420 2560 476 inanis
2595 419 2841 491 quaedam
2895 419 3126 491 species,
3163 431 3258 475 aut
3296 420 3383 476 di-

161 520 344 592 μάλιστα
374 513 510 585 μετά
537 513 636 586 τὴν
662 516 725 568 ὲκ
752 516 964 587 νεκρῶν
986 516 1303 574 ἀνάστασιν.
1342 518 1550 573 Οὐκέτι
1576 521 1686 590 γὰρ

1800 514 2015 568 vinitati
2073 512 2556 569 consubstantialis
2607 527 2735 566 caro
2788 511 3120 577 crederetur,
3171 509 3265 567 sed
3323 511 3383 568 in

153 607 471 675 ἀποθνήσκει
494 645 509 670 ,
573 608 738 678 φησὶ,
785 607 1038 674 θάνατος
1084 610 1272 664 αὐτοῦ
1335 612 1536 667 οὐκέτι
1587 631 1689 668 κυ-

153 704 312 772 ριεύει.
336 701 486 753 Ἔστι
515 699 625 769 γὰρ
659 693 740 764 εἷς
769 700 993 771 Κύριος,
1019 697 1100 766 εἷς
1124 704 1378 774 Χριστὸς,
1414 700 1496 770 εἷς
1525 707 1684 777 βασι-

154 797 266 859 ὶεὺς,
292 794 343 845 ὲν
369 791 521 862 δεξιᾷ
558 793 770 864 Πατρὸς
795 792 1126 864 καθήμενος,
1157 795 1218 848 τὸ
1243 795 1553 866 σωματικὸν
1587 797 1681 852 καὶ

151 885 490 958 πνευματικὸν,
511 884 610 955 μία
630 884 843 949 ἓνωσις,
873 884 969 956 μία
1000 884 1188 957 θεότης
1218 889 1588 960 πνευματικὴ,
1611 889 1680 944 τὰ

150 981 387 1053 ἀμφότερα
412 976 647 1046 φωτεινὰ
679 977 774 1031 καὶ
819 977 1023 1043 ἔνδοξα.
1053 980 1174 1033 Ἔτι
1208 980 1267 1034 δὲ
1307 981 1688 1053 ὑπερϐήσομαι

147 1075 194 1127 τὸ
215 1071 350 1144 ῥητὸν
390 1069 591 1133 ἱκανῶς
622 1069 1056 1141 ἑρμηνευόμενον
1087 1069 1343 1141 νομίζων,
1375 1073 1470 1126 καὶ
1503 1073 1596 1125 ἐπὶ
1620 1073 1689 1126 τὰ

147 1165 280 1233 ἔτερα
307 1159 430 1229 τῆςί
459 1157 639 1211 αὐτῶν
660 1159 740 1221 εἰς
768 1156 1081 1229 ἀνατροπὴν
1098 1157 1210 1211 τῶν
1234 1158 1542 1212 ἀκουόντων
1567 1159 1687 1212 ὲπι-

147 1249 402 1322 νενοημένα
428 1247 522 1301 τοῦ
555 1247 734 1316 λέγειν
761 1244 1096 1315 ὲπιλάὄοιμι.

1796 623 1959 661 unam
1999 605 2273 675 passionis
2303 611 2581 675 expertem
2609 612 2818 658 natura:
2852 604 3219 659 conditionem
3254 618 3383 658 con-

1797 699 2003 753 sociata
2033 707 2226 752 natura
2255 697 2491 752 hominis
2516 697 2910 766 intelligeretur
2938 717 2951 752 :
2981 696 3040 752 id
3071 696 3212 766 quod
3242 711 3384 766 pra:-

1797 791 1959 860 cipue
1989 797 2113 861 post
2152 789 2612 846 resurrectionem
2655 788 2900 857 contigit.
2932 785 3056 840 Non
3089 787 3225 839 enim
3263 803 3382 840 am-

1799 883 1938 952 ptius
1961 883 2208 946 moritur,
2236 881 2443 952 inquit;
2479 897 2620 935 mors
2655 878 2738 932 illi
2773 879 2917 932 ultra
2950 895 3053 932 non
3082 877 3381 932 dominabi-

1795 984 1882 1028 tur
1918 975 1957 1028 ".
2009 974 2104 1029 Est
2149 976 2293 1029 enim
2346 989 2490 1029 unus
2553 972 2836 1034 Dominus,
2891 988 3032 1027 unus
3083 971 3377 1039 Christus,

1795 1065 1960 1136 766
1993 1080 2134 1120 unus
2161 1081 2256 1120 rex
2269 1065 2334 1120 ad
2353 1065 2630 1120 dexteram
2657 1063 2832 1118 Patris
2862 1063 3177 1126 considcns,
3210 1077 3378 1117 unum

1787 1157 2044 1227 quiddam
2112 1157 2356 1228 spiritale
2386 1157 2591 1227 pariter
2619 1164 2671 1210 et
2701 1169 3057 1226 corporeum,
3085 1153 3380 1224 singularis

1787 1249 1992 1312 unitas,
2050 1265 2159 1303 una
2213 1249 2474 1320 spiritalis
2526 1247 2806 1312 divinitas,
2862 1247 3166 1316 splendoris
3214 1243 3378 1298 aniho

145 1345 396 1417 gloriaeque
431 1338 767 1410 plenissima.
786 1335 998 1407 .Verum
1031 1335 1098 1391 de
1125 1336 1231 1390 hoc
1261 1336 1384 1391 loco
1409 1336 1709 1402 hactenus;
1739 1338 1955 1394 abunde
1985 1340 2130 1394 enim
2164 1355 2193 1393 a
2239 1340 2399 1396 nobis
2452 1339 2781 1408 explicatum
2833 1337 3091 1390 arbitror.
3122 1334 3277 1390 Nunc
3307 1335 3377 1390 ad

145 1437 228 1492 alia
255 1432 589 1492 veniendum,
621 1444 741 1500 quae
765 1429 832 1483 ad
863 1429 1200 1483 audientium
1231 1428 1528 1498 perniciem
1557 1430 1626 1482 ab
1659 1430 1768 1487 illis
1799 1433 2108 1502 excogitata
2139 1441 2285 1487 sunt.

199 1530 314 1586 Ml".
349 1526 484 1579 Φασὶ
513 1525 622 1596 γὰρ
653 1523 817 1578 πάλιν
841 1522 990 1594 (96)·
1011 1524 1076 1576 El
1110 1523 1256 1578 ἔστιν
1285 1525 1350 1577 ἐκ
1377 1524 1475 1596 τῆς
1497 1525 1682 1589 οὐσίας

144 1622 218 1677 τοῦ
241 1619 460 1689 Πατρὸς,
491 1617 607 1680 πῶς
639 1617 740 1670 οὐκ
767 1611 874 1669 οἵδε
905 1615 1002 1687 τὴν
1035 1614 1183 1686 ὥραν
1203 1617 1297 1670 καὶ
1323 1615 1420 1688 τὴν
1446 1617 1679 1687 ἡμέραν,

144 1714 257 1771 ἀλλὰ
280 1711 382 1782 ἰδίῳ
415 1710 562 1779 λόγῳ
590 1708 844 1780 ὁμολογεῖ
862 1711 975 1773 τοῖς
1013 1707 1281 1778 μαθηταῖς
1311 1709 1385 1779 μὴ
1416 1708 1612 1762 εἰδέναι
1646 1707 1683 1763 ἃ

142 1805 354 1876 ὁΠατὴρ
383 1791 708 1869 ἐπίσταται,
756 1803 964 1873 φήσας,
1014 1802 1096 1854 ὅτι
1144 1801 1285 1870 Περὶ
1317 1800 1426 1869 τῆς
1459 1803 1684 1870 ἡμέρας

143 1900 343 1965 ἐκείνης
369 1895 470 1950 καὶ
489 1895 600 1964 τῆς
630 1894 787 1963 ὥρας
818 1893 1018 1959 οὐδεὶς
1040 1889 1222 1958 οἶδεν,
1261 1893 1400 1947 οὔτε
1425 1898 1479 1948 οι
1507 1894 1680 1966 ἄγγει

141 1994 221 2045 λοι
241 1991 302 2043 ἐν
327 1986 562 2057 οὐρανῷ
582 2028 597 2053 ,
624 1987 762 2042 οὔτε
808 1989 841 2041 ὁ
893 1985 1027 2053 Υἱὸς
1048 2026 1063 2050 ,
1102 1988 1157 2039 εὶ
1176 1985 1264 2055 μὴ
1294 1989 1325 2039 ό
1355 1986 1557 2054 Πατὴρ
1582 1987 1686 2057 μό-

142 2098 230 2146 νος
247 2097 265 2145 ;
294 2081 352 2134 El
382 2081 587 2143 τοίνυν,
619 2079 804 2147 φασὶν,
841 2079 870 2132 6
897 2077 1086 2149 Πατὴρ
1117 2073 1245 2140 οἶδε,
1278 2078 1370 2131 καὶ
1396 2078 1558 2142 αὐτὸς
1585 2079 1684 2133 οὐκ

139 2171 254 2238 οἶδε,
277 2173 386 2237 πῶς
417 2173 641 2226 δύναται
689 2174 724 2243 ἡ
770 2170 906 2242 αὐτὴ
946 2170 1135 2240 θεότης
1169 2169 1382 2242 Πατρός
1423 2171 1517 2224 καὶ
1552 2170 1682 2224 Υίοῦ

142 2264 371 2332 ὑπάρχειν
391 2305 406 2327 ,
458 2262 619 2315 ὁπότε
663 2261 700 2315 ἂ
743 2257 879 2314 οἶδεν
911 2262 940 2313 6
973 2259 1190 2332 Πατὴρ,
1242 2261 1272 2312 ό
1305 2259 1432 2323 Υἱὸς
1466 2261 1679 2328 ἀγνοεῖ;

141 2356 258 2408 Ὅσα
276 2355 326 2408 δὲ
350 2355 654 2426 μυστικῶς,
673 2354 766 2407 καὶ
794 2354 852 2406 ὲν
881 2355 946 2423 τῇ
972 2351 1140 2423 ὲνθέῳ
1161 2351 1328 2407 αὐτοῦ,
1356 2352 1521 2423 σοφίᾳ
1545 2351 1683 2423 πρὸς

139 2446 397 2515 ἀσφάλειαν
425 2444 681 2515 γνώσεως
715 2444 1109 2518 ἀληθεστάτης,
1139 2448 1168 2500 6
1197 2446 1508 2518 Μονογενὴς
1538 2446 1684 2500 διδά-

139 2555 262 2592 σκων
290 2539 573 2610 ὑφηγεῖτο,
609 2529 755 2590 οῦτοι
789 2536 1111 2606 ἀγνοοῦντες
1141 2535 1211 2590 τὰ
1253 2537 1679 2609 ἀνθρωποπαθῆ,

139 2633 288 2686 πάντα
318 2635 395 2694 εἰς
424 2630 638 2685 ἑαυτῶν
671 2630 906 2703 βλάϐην,
939 2629 1127 2702 ῶσπερ
1153 2630 1301 2685 δεινά
1333 2633 1559 2705 ὲρπετά,
1591 2632 1686 2686 καὶ

137 2725 202 2786 εἰς
225 2724 417 2776 ἑαυτῶν
467 2723 645 2795 λύμην
681 2723 750 2778 τὰ
796 2724 901 2777 ὑπὸ
933 2723 1027 2777 τοῦ
1059 2723 1369 2795 πανούργου
1419 2723 1682 2797 θηρευτοῦ

137 2816 502 2888 δεδελεασμένα
569 2815 1015 2889 ἀφαρπάζουσιν,
1065 2817 1167 2870 οὑκ
1217 2817 1452 2881 εἰδότες,
1496 2818 1579 2872 ὅτι
1625 2817 1686 2870 τδ

137 2907 306 2978 ψεῦδος
328 2909 568 2980 οὐδαμοῦ
595 2909 946 2980 σταθήσεται,
975 2911 1010 2980 ἡ
1031 2907 1088 2961 δὲ
1111 2907 1337 2981 ἀλήθεια
1359 2909 1536 2980 πάντη
1558 2910 1686 2972 τοὺς

139 2999 280 3063 ἰδίους
307 3001 478 3071 αὐτῆς
507 3001 655 3064 υἱοὺς
695 2999 1020 3072 διορθοῦται,
1051 3001 1144 3054 καὶ
1173 2999 1444 3072 ἐξελέγχει
1469 3001 1530 3054 τὸ
1550 2999 1682 3071 ψεῦ-

1864 1527 2045 1581 XLlll.
2077 1527 2190 1582 lioc
2220 1527 2363 1582 enim
2409 1525 2677 1596 objiciunt
2704 1543 2716 1578 :
2754 1523 2810 1578 Si
2841 1541 2905 1578 ex
2942 1523 3176 1579 essentia
3197 1520 3377 1576 Patris

1789 1628 1896 1683 est,
1923 1621 2194 1690 quomodo
2227 1620 2416 1674 horam
2454 1635 2517 1673 ac
2559 1617 2701 1672 diem
2748 1617 2983 1686 ignorat,
3035 1632 3200 1686 seque
3228 1611 3375 1686 quod

1716 1745 1759 1802 Β
1789 1709 1951 1766 Pater
1988 1713 2136 1766 novit
2183 1711 2398 1767 nescire
2431 1710 2715 1780 discipulis
2755 1709 2872 1764 suis
2910 1708 3146 1764 fatetur?
3178 1707 3255 1763 De
3289 1705 3376 1762 die

1800 1804 1918 1868 illa,
1947 1804 2142 1875 inquit,
2175 1815 2223 1859 et
2247 1806 2376 1859 liora
2397 1821 2544 1859 nemo
2575 1805 2735 1867 novit,
2761 1819 2922 1873 neque
2947 1803 3119 1872 angeli
3144 1803 3198 1855 in
3223 1801 3372 1865 caelo,

1784 1911 1946 1966 neque
1975 1894 2024 1947 F
2027 1896 2173 1960 ilius,
2211 1897 2312 1949 nisi
2349 1895 2494 1950 solus
2524 1894 2688 1949 Pater
2713 1895 2757 1950 ⁸.
2800 1894 2856 1948 Si
2890 1895 3056 1964 igitur
3083 1892 3243 1949 Pater
3274 1910 3376 1948 no-

1784 1990 1863 2043 vit
1915 1991 2058 2060 quod
2115 1991 2326 2060 ignorat
2377 1991 2510 2060 ipse,
2562 1991 2654 2060 qui
2704 1997 2885 2060 potest
2923 1988 3102 2044 Patris
3144 2003 3206 2042 ac
3249 1987 3374 2042 Filii

1784 2081 1971 2137 eadem
2009 2097 2133 2136 esse
2161 2081 2444 2146 divinitas,
2486 2097 2609 2136 cum
2640 2080 2811 2136 Filius
2834 2097 2953 2150 quae
2982 2081 3128 2136 Patri
3158 2081 3375 2151 cognita

1785 2178 1913 2226 sunt
1967 2171 2214 2225 nesciat?
2241 2168 2445 2224 Verum
2492 2185 2615 2240 qua:
2660 2173 2907 2242 mystice,
2939 2186 3003 2226 ac
3050 2186 3149 2240 pro
3191 2169 3376 2225 divina

1786 2277 1885 2318 sua
1918 2261 2184 2333 sapientia
2218 2261 2287 2316 ad
2314 2263 2632 2318 certissima:
2676 2262 2920 2318 scientize
2967 2261 3278 2316 ﬁrmitatem
3310 2275 3376 2316 ac

1785 2353 2182 2408 munimentum
2237 2351 2330 2408 Dei
2366 2351 2538 2407 Filius
2581 2351 2832 2408 docendo
2882 2353 3188 2423 proposuit,
3222 2347 3378 2420 quae»

1784 2461 1890 2516 que
1922 2446 1988 2500 ad
2027 2445 2322 2499 humanam
2357 2444 2723 2500 conditionem
2765 2443 3181 2499 accommodata
3222 2451 3375 2508 sunt,

1784 2538 1955 2609 ignari
1989 2539 2081 2594 isti
2120 2553 2276 2593 suam
2316 2538 2385 2593 ad
2420 2545 2628 2608 pestem
2667 2552 2731 2592 ac
2773 2538 3071 2608 perniciem
3115 2535 3374 2604 trahunt;

1786 2639 2043 2701 tanquam
2098 2637 2380 2700 serpentes
2434 2629 2657 2700 quidam
2708 2628 3046 2694 exitiabiles,
3089 2638 3253 2699 atque
3306 2629 3376 2685 ab

1786 2722 1985 2777 callido
2017 2728 2306 2792 captatore
2335 2736 2461 2777 esca
2488 2722 2722 2792 quadam
2755 2730 2810 2778 et
2835 2721 3089 2776 illecebra
3120 2723 3371 2792 pellecti;

1787 2828 1889 2869 nec
1924 2813 2056 2867 illud
2088 2813 2353 2880 sentiunt,
2390 2813 2531 2867 hanc
2559 2828 2680 2868 esse
2714 2811 2982 2868 mendacii
3007 2816 3282 2879 natu’ram,
3312 2821 3375 2868 ut

1787 2907 2092 2962 consistere
2129 2906 2382 2977 nuspiam
2431 2907 2636 2976 possit;
2698 2913 2886 2961 contra
2926 2906 3212 2962 veritatem
3264 2922 3378 2962 non

1787 3014 1886 3056 eos
1919 2999 2118 3064 solum,
2149 3013 2288 3069 quos
2322 3005 2581 3068 tanquam
2621 2997 2760 3053 ﬁlios
2799 2998 2984 3061 habet,
3008 2997 3282 3054 moderari
3311 3013 3377 3053 ac

135 3088 224 3153 δος.
255 3091 401 3144 Εἴπω
426 3093 538 3164 γὰρ
559 3092 688 3163 ὑμῖν
705 3093 724 3123 ²
753 3093 801 3146 οἱ
823 3092 923 3165 τὴν
951 3091 1127 3163 κακὴν
1158 3091 1411 3146 ὑπόνοιαν
1442 3093 1569 3166 περὶ
1592 3092 1686 3147 τοῦ

1800 3107 1996 3163 regere,
2034 3091 2129 3147 sed
2167 3099 2222 3147 et
2260 3090 2604 3146 mendacium
2659 3105 2821 3145 omne
2873 3091 3217 3146 convincere.
3250 3087 3378 3148 Hoc

135 3181 344 3251 Χριστοῦ
367 3183 694 3254 κεκτημένοι
731 3183 827 3236 ἀπ’
856 3183 1032 3254 ἀρχῆς
1050 3202 1064 3215 ·
1097 3183 1161 3236 Τί
1191 3183 1374 3255 μεῖζόν
1398 3184 1516 3238 ἐστι
1543 3185 1685 3238 κατά

135 3270 274 3340 φύσιν
301 3273 394 3326 καὶ
419 3272 560 3344 πρὸς
578 3271 677 3344 τὴν
706 3273 930 3343 εἴδησιν,
961 3275 990 3325 ό
1026 3272 1159 3336 Θεὸς
1187 3275 1218 3326 6
1251 3273 1468 3327 πάντων
1494 3273 1687 3326 δεσπό-

133 3379 234 3432 της,
256 3363 347 3416 καὶ
379 3363 580 3436 Πατὴρ
604 3361 698 3418 τοῦ
725 3365 930 3436 Κυρίου
963 3363 1120 3436 ἡμῶν
1157 3365 1330 3436 Ἰησοῦ
1363 3363 1620 3437 Χριστοῦ,
1650 3364 1684 3435 ἢ

134 3456 160 3526 ὴ
190 3456 359 3529 ἡμέρα
390 3457 500 3510 ὑπὸ
531 3455 780 3527 Πατρὺς,
810 3455 906 3509 καὶ
939 3454 1088 3520 Υίοῦ,
1119 3457 1212 3510 καὶ
1245 3456 1400 3525 ἁγίου
1441 3457 1688 3527 Πνεῦμα-

130 3561 205 3608 τος
234 3546 475 3618 ἀγομένη
525 3564 588 3600 τε
614 3587 630 3609 ,
671 3547 765 3600 καὶ
797 3545 1077 3617 γινομένη,
1119 3547 1214 3600 καὶ
1246 3549 1281 3618 ή
1319 3546 1436 3619 ὥρα
1469 3547 1684 3617 ἐκείνης

132 3639 334 3704 Πάντως
375 3640 433 3694 δὲ
476 3639 820 3711 ἐρωτώμενοι
852 3636 1356 3710 ἀναγκασθήσονται
1402 3639 1496 3692 ἀπ’
1519 3638 1687 3709 αὐτῆς

130 3733 214 3804 τῆς
253 3733 516 3804 ἀληθείας
555 3732 646 3786 τὸν
691 3732 911 3803 Πατέρα
953 3731 1176 3804 μείζονα
1220 3732 1419 3802 λέγειν,
1463 3732 1540 3796 ὡς
1594 3733 1689 3786 καὶ

131 3822 279 3878 ἐστιν,
313 3826 378 3878 El
401 3827 588 3878 τοίνυν
618 3824 819 3895 φάσκει
855 3827 882 3878 ὁ
916 3825 1044 3889 Υἱὸς
1074 3825 1249 3894 λέγων
1270 3842 1284 3856 ’
1323 3825 1533 3892 Οὐδεὶς
1563 3821 1689 3878 οἶδε

129 3915 222 3968 τὸν
253 3916 492 3985 Πατέρα
533 3920 586 3970 εὶ
628 3917 715 3987 μὴ
757 3919 789 3970 ό
827 3916 990 3982 Υἱὸς,
1025 3917 1126 3971 καὶ
1172 3916 1372 3984 οὐδεὶς
1426 3914 1552 3972 οἶδε
1583 3917 1690 3971 τὸν

130 4006 264 4072 nor,
294 4010 346 4061 εὶ
364 4009 456 4078 μὴ
487 4011 522 4062 ὀ
553 4006 756 4075 Πατήρ
777 4022 792 4036 ⁸
825 4007 854 4059 ὁ
885 4007 945 4061 τὸ
977 4007 1160 4079 μεῖζον
1192 4008 1498 4077 γινώσκων,
1533 4025 1689 4062 τουτ-

129 4098 229 4151 έστι
266 4101 356 4154 τὸν
386 4100 610 4173 Πατέρα
637 4139 653 4164 ,
687 4099 802 4164 πῶς
826 4099 887 4153 τὸ
920 4093 1088 4172 ἧσσον
1116 4100 1335 4168 ἀγνοεῖ;
1377 4101 1539 4154 Ἀλλά
1576 4100 1691 4154 ἐστι

133 4188 235 4243 θεῖα
269 4193 336 4246 τὰ
367 4195 594 4265 ῥήματα
643 4192 919 4264 Πνεύματι
954 4193 1093 4264 ἁγίῳ
1118 4193 1407 4264 λεγόμενα,
1439 4195 1691 4263 ἄγνωστα

129 4282 177 4335 δὲ
218 4288 327 4349 τοῖς
371 4286 452 4358 μὴ
504 4285 746 4357 εἰληφόσι
780 4284 1096 4356 Πνεῦματος
1143 4287 1298 4355 ἁγίου
1344 4285 1552 4357 δωρεὰν
1598 4287 1693 4340 καὶ

133 4377 290 4446 χάριν.
326 4378 580 4432 Τοιοῦτοι
611 4379 716 4451 γὰρ
745 4379 897 4443 ὄντες
934 4381 981 4432 oi
1014 4378 1435 4451 προειρημένοι,
1463 4379 1692 4434 ἄστατον

1791 3185 1934 3240 enim
1969 3191 2153 3254 petere
2175 3199 2207 3238 a
2241 3183 2394 3239 vobis
2423 3183 2573 3246 libet,
2619 3199 2652 3237 ο
2688 3182 2896 3246 miseri,
2924 3183 3017 3253 qui
3060 3182 3128 3238 de
3155 3181 3376 3240 Christo

1793 3273 2024 3330 Domino
2062 3283 2172 3328 tam
2207 3275 2347 3330 male
2391 3275 2460 3329 ab
2501 3276 2620 3345 ipso
2662 3274 2929 3345 principio
2973 3274 3234 3330 sentitis:
3275 3271 3378 3330 Ec-

1794 3369 1925 3440 quid
1968 3369 2035 3424 ad
2078 3379 2286 3424 natura:
2329 3368 2643 3439 dignitatem
2670 3375 2764 3420 aut
2801 3366 3164 3436 cognitionem
3197 3365 3377 3435 majus

1793 3475 1916 3516 esse
1947 3459 2214 3524 videatur,
2249 3459 2465 3516 Deusne
2498 3457 2763 3514 Dominus
2795 3457 3059 3523 omnium,
3106 3471 3172 3511 ac
3217 3455 3378 3513 Pater

1795 3551 2012 3606 Domini
2050 3551 2226 3606 nostri
2267 3548 2394 3606 Jesu
2420 3548 2645 3612 Christi,
2683 3563 2752 3604 an
2807 3549 2923 3604 dies
2966 3549 3056 3602 illa
3098 3549 3184 3604 vel
3216 3547 3374 3615 hora,

1795 3657 1915 3714 quae
1959 3657 1990 3696 a
2043 3641 2222 3709 Patre,
2274 3641 2413 3696 Filio
2459 3649 2513 3698 et
2565 3641 2771 3712 Spiritu
2825 3650 3015 3698 sancto
3055 3641 3378 3712 producitur

1796 3745 1959 3806 atque
1997 3733 2265 3790 edicitur?
2309 3733 2544 3790 Necesse
2581 3743 2665 3790 est
2708 3735 2929 3790 omnino
2956 3734 3038 3790 vel
3081 3734 3198 3805 ipsa
3229 3735 3374 3790 veri-

1795 3836 1906 3885 tate
1953 3835 2178 3898 cogente
2233 3828 2616 3898 respondeant,
2669 3828 2862 3893 multo,
2917 3833 2978 3881 ut
3030 3842 3219 3882 revera
3267 3835 3372 3890 est,

1797 3921 2060 3992 majorem
2092 3935 2215 3976 esse
2245 3918 2480 3974 Patrem.
2513 3919 2698 3990 Itaque
2725 3935 2851 3973 cum
2883 3920 2988 3974 hoc
3022 3917 3193 3974 Filius
3221 3932 3374 3975 asse-

1797 4022 1883 4067 rat
1909 4031 1923 4067 :
1957 4010 2126 4066 Nemo
2155 4011 2294 4065 novit
2325 4011 2564 4076 Patrem,
2593 4012 2698 4065 nisi
2726 4009 2898 4064 Filius
2923 4026 2942 4073 ;
2974 4019 3024 4064 et
3059 4027 3206 4065 nemo
3235 4011 3376 4064 novit

1799 4103 2001 4158 Filium
2048 4104 2149 4157 nisi
2190 4101 2416 4168 Pater";
2459 4102 2550 4172 qui
2607 4101 2752 4172 quod
2793 4103 2971 4172 majus
3014 4109 3118 4166 est,
3157 4101 3374 4156 Patrem

1798 4193 2069 4256 videlicet,
2106 4191 2276 4258 novit,
2302 4191 2447 4262 quod
2487 4192 2668 4246 minus
2716 4200 2834 4260 est,
2875 4193 3125 4262 ignorare
3156 4191 3249 4264 qui
3277 4207 3375 4262 po-

1799 4284 1944 4340 test?
1995 4283 2100 4338 Sed
2145 4282 2414 4352 ejusmodi
2448 4291 2577 4340 sunt
2623 4282 2790 4337 divini
2844 4283 2922 4338 illi
2981 4299 3280 4350 sermones,
3314 4292 3377 4339 ut

1801 4389 1923 4430 cum
1956 4390 2023 4429 ex
2054 4374 2228 4430 sancti
2279 4373 2514 4445 Spiritus
2550 4375 2725 4429 aﬂlatu
2765 4375 2962 4445 prolati
2992 4376 3121 4443 sint,
3153 4375 3376 4430 minime

130 4468 417 4536 έχουσικαὶ
463 4472 529 4525 τὸ
577 4472 863 4542 φρόνημα,
910 4472 1117 4542 ἠλίθιόν
1163 4489 1222 4525 τε
1267 4472 1366 4543 τὴν
1423 4470 1686 4534 διάνοιαν,

1800 4468 1868 4522 ab
1920 4467 2028 4522 illis
2087 4466 2476 4537 percipiantur,
2512 4467 2604 4538 qui
2658 4467 2896 4537 Spiritus
2951 4468 3127 4539 sancti
3171 4466 3375 4522 donum

132 4559 198 4620 εἰς
216 4561 534 4628 ὲπιὸλαδείς
555 4565 648 4616 καὶ
677 4565 756 4627 εἰς
775 4564 1008 4634 ἥσσονας
1033 4581 1108 4616 πα
1118 4563 1422 4636 ρεκτροπάς
1452 4562 1694 4616 ὀλισθαί-

129 4664 208 4702 νου
214 4668 306 4706 σαν
313 4693 327 4707 ο

189 4921 310 4976 ΜΔν.
364 4925 860 4995 Προῦπαντήσεται
905 4925 1013 4997 γὰρ
1059 4927 1242 4990 αὐτοῖς
1293 4927 1353 4979 τὸ
1394 4927 1484 4980 ὑπ’
1528 4926 1694 4980 αὒτοῦ

131 5010 210 5065 τοῦ
251 5015 466 5087 Κυρίου
517 5017 832 5088 εἰρημένον·
897 5018 978 5071 ὅτι
1023 5019 1278 5073 Γίνεσθε
1340 5019 1577 5089 ἕτοιμοι.
1627 5023 1697 5075 Al

133 5104 340 5174 ὀσφύες
416 5108 594 5178 ὑμῶν
652 5109 1104 5180 περιεζωσμέναι
1124 5153 1139 5177 ,
1190 5113 1288 5166 καὶ
1347 5114 1408 5166 al
1457 5112 1694 5182 λαμπά-

131 5191 218 5261 δες
237 5196 406 5266 ὑμῶν
424 5199 504 5253 ἐν
523 5199 652 5266 ταῖς
671 5200 885 5269 χερσὶν
914 5199 1100 5271 ὑμῶν.
1118 5201 1227 5256 Καὶ
1251 5203 1468 5257 ἔσεσθε
1487 5203 1566 5269 ὠς
1593 5220 1695 5258 κα-

131 5287 212 5338 Jol
239 5287 450 5344 δοῦλοι
469 5332 489 5358 ,
539 5291 992 5360 προσδοκῶντες
1018 5292 1128 5347 τόν
1163 5293 1316 5348 ἴδιον
1365 5293 1689 5364 δεσπότην.

1797 4561 2138 4629 gratiamque
2176 4575 2284 4613 non
2315 4560 2645 4630 acceperint.
2681 4558 2998 4630 Cujusmodi
3037 4575 3162 4615 cum
3209 4561 3376 4615 haere-

1795 4652 1890 4707 tici
1923 4653 1999 4707 illi
2031 4653 2164 4716 sint,
2198 4652 2432 4706 instabili
2459 4661 2513 4707 et
2546 4651 2876 4708 inconstanti
2908 4653 3144 4725 ingenio,
3175 4669 3239 4708 ac
3268 4660 3375 4708 sto~

1799 4746 1906 4800 lida
1935 4756 2112 4800 mente
2135 4744 2346 4815 praediti
2378 4754 2526 4810 sunt,
2556 4760 2676 4815 quae
2705 4745 2760 4799 in
2790 4745 3376 4816 perniciosissimorum

1803 4844 1964 4905 atque
1995 4833 2306 4889 inﬁmorum
2340 4849 2590 4895 errorum
2619 4835 2938 4891 diverticula
2965 4837 3198 4892 labatur.

1871 4929 2057 4985 XLIV.
2088 4929 2222 4984 Nam
2251 4945 2541 4986 occurrere
2589 4929 2806 4986 illorum
2851 4931 3138 4986 conatibus
3179 4939 3377 5000 potest,

1803 5021 1947 5092 quod
2002 5037 2030 5075 a
2074 5020 2305 5076 Domino
2362 5022 2748 5091 pronuntiatur
2813 5037 2829 5075 :
2889 5020 3072 5077 Estate
3125 5021 3375 5090 parati‘.

1803 5115 1964 5187 767
2004 5115 2120 5170 Sint
2151 5116 2317 5170 lumbi
2347 5119 2504 5194 uestri
2531 5118 2820 5186 praecincti,
2845 5127 2895 5172 et
2941 5120 3164 5172 lucerna:
3195 5127 3377 5171 vestra

1802 5209 1856 5262 in
1903 5207 2144 5262 manibus
2195 5209 2402 5264 vestris.
2458 5208 2525 5263 Et
2579 5210 2728 5263 eritis
2771 5219 3022 5278 tanquam
3057 5209 3178 5262 boni
3218 5211 3374 5277 servi,

1801 5306 2156 5368 exspectantes
2187 5299 2458 5354 dominum
2486 5317 2639 5356 suum
2667 5301 2710 5354 ⁷.
2741 5299 2809 5354 Ut
2838 5302 2975 5355 enim
3003 5301 3092 5371 fur
3118 5301 3182 5356 de
3205 5311 3372 5368 nocte,

189 5444 204 5473 ¹
241 5443 343 5526 Pro
367 5447 479 5526 τῆς
496 5445 653 5526 ioue
679 5449 794 5502 ὑπ’.
810 5446 924 5526 _V:el
949 5451 1075 5526 apii
1087 5449 1288 5526 αὐτοῖς.
1364 5451 1386 5482 ¹
1408 5449 1469 5526 F_.
1488 5453 1686 5526 sint»;

1800 5461 1856 5509 eti
1879 5456 2037 5526 ἡμῖν,
2109 5453 2130 5486 ³
2163 5452 2321 5510 Rom.
2358 5471 2434 5519 vr.
2467 5456 2520 5512 9.
2610 5457 2633 5488 ‘
2670 5455 2860 5513 Matth.
2893 5473 3041 5525 uir,
3068 5457 3173 5525 56;
3205 5457 3372 5516 Marc.

134 5526 235 5577 xm,
275 5517 365 5572 52.
436 5517 466 5550 ⁷³
494 5517 684 5574 Matth.
708 5536 784 5586 ιι,
808 5519 897 5573 27.

191 5669 293 5736 (96)
330 5673 495 5728 Φασὶ
535 5676 640 5744 γὰρ
671 5675 876 5730 πάλιν.
917 5674 994 5731 De
1028 5675 1132 5730 hoc
1166 5675 1332 5732 Marci
1371 5678 1687 5733 testimonio

135 5735 332 5798 ditserit
378 5735 720 5803 Athanasius
761 5755 904 5802 orat.
941 5746 976 5800 4
1016 5745 1266 5804 adversus
1297 5747 1560 5814 Arianos;
1587 5750 1698 5806 Au-

974 5521 995 5552 ⁶
1027 5520 1218 5576 Matth.
1251 5538 1398 5590 niv,
1437 5523 1528 5578 44.
1605 5525 1624 5554 ⁷
1662 5523 1795 5579 Luc.
1838 5520 1939 5590 xli,
1973 5525 2064 5580 55.

1794 5680 2071 5762 gustLlih.
2111 5680 2232 5762 Ille
2269 5681 2615 5758 Trinit.,cap.
2653 5687 2752 5757 l2;
2796 5686 2967 5745 Hilar.
3001 5704 3053 5744 Ix
3095 5688 3171 5746 De
3199 5689 3378 5756 Trita,

1805 5758 1859 5807 et
1892 5753 1983 5807 alii
2015 5755 2347 5824 complures.
