3846 6298
429 356 528 410 271

1832 351 1887 405 S.
1930 349 2271 406 EPlPliANll

3601 341 3729 394 272

430 471 506 526 sic
564 469 765 524 advenit
813 468 922 524 dies
971 467 1121 523 illa‘.
1176 469 1272 522 Cui
1323 479 1374 522 et
1441 478 1665 524 sanctus
1713 469 2008 539 Apostolus

2127 470 2217 535 Ὡς
2243 467 2353 539 γὰρ
2387 466 2625 537 ,λῃστὴς
2663 465 2733 519 ἐν
2766 463 2962 526 νυκτὶ,
3005 461 3190 527 οὕτως
3235 457 3642 528 παραγίνεται
3689 457 3733 520 ἡ

432 562 752 632 astipulatur
785 579 798 615 :
837 559 956 614 Non
987 561 1136 623 estis,
1171 560 1369 630 inquit,
1413 561 1740 614 tenebrarum
1779 561 1899 630 ﬁlii,
1923 559 2012 614 sed

430 654 576 715 diei;
609 670 670 707 ne
699 653 807 706 dies
840 662 1090 722 tanquam
1136 653 1224 722 {ur
1260 667 1348 706 vos
1384 651 1737 721 apprehendat
1760 653 1801 704 '.
1835 651 2016 716 Quare

433 759 558 796 cutn
589 741 694 796 diei
731 741 826 795 ﬁlii
855 742 1094 796 tenebris
1145 757 1254 795 non
1301 741 1667 802 obducantur,
1709 740 1802 795 sed
1841 740 2016 810 parati

433 836 564 898 sint,
593 833 849 903 quoniam
882 849 986 904 qua
1028 833 1114 888 die
1162 833 1434 895 nesciunt,
1479 843 1532 888 et
1573 851 1676 904 qua
1729 834 1863 886 hora
1903 848 2015 887 non

431 932 768 996 exspectant,
789 923 1307 995 dominusipsoruin
1333 925 1583 990 advenit;
1616 926 1770 987 nihil,
1796 924 2012 995 opinor,

431 1033 462 1071 ει
498 1017 671 1072 servis
705 1018 842 1079 suis,
884 1033 947 1072 ac
981 1017 1087 1071 diei
1130 1018 1254 1071 filiis
1286 1018 1354 1080 is,
1389 1018 1480 1087 qui
1513 1018 1742 1072 istorum
1770 1017 2013 1070 omnium

431 1123 596 1163 causa
633 1109 738 1163 illis
767 1117 871 1172 est,
904 1109 1347 1180 splendidissima
1378 1127 1475 1164 sua
1507 1125 1740 1180 persona
1776 1125 1840 1165 ac
1873 1109 2014 1165 divi-

431 1200 602 1256 nitate
639 1200 991 1271 discrepabit.
1035 1202 1113 1256 Ac
1152 1201 1383 1265 scilicet,
1421 1201 1645 1272 perinde
1697 1209 1755 1257 ut
1802 1202 1909 1256 diei
1951 1202 2018 1256 il-

430 1291 537 1347 lius
571 1290 747 1360 ignari
789 1291 1164 1360 imparatique,
1219 1290 1432 1345 nescius
1479 1300 1532 1346 et
1576 1291 1890 1361 imprudens
1923 1307 2016 1346 oc-

427 1381 743 1462 pupabitur,
787 1382 887 1435 hac
933 1382 1051 1450 ipsa
1101 1397 1160 1435 re
1209 1395 1438 1435 mancus
1484 1395 1547 1435 ac
1581 1381 1846 1436 defectus.
1881 1383 2015 1448 Quis

431 1473 567 1530 adeo
605 1472 845 1529 furiosus
877 1482 962 1529 est
1007 1489 1071 1528 ac
1116 1489 1332 1541 vecors,
1361 1481 1419 1527 nt
1467 1475 1735 1544 ejusmodi
1767 1478 2014 1548 quaedam

430 1565 498 1619 de
533 1565 755 1621 Christo
787 1565 1008 1636 cogitet,
1056 1565 1316 1620 nimirum
1359 1567 1600 1636 ejusdem
1641 1569 1792 1623 illum
1822 1572 2014 1626 condi-

429 1657 596 1713 tionis
622 1673 764 1723 esse,
795 1659 954 1728 cujus
999 1658 1248 1714 homines
1295 1668 1424 1714 sunt
1467 1660 1587 1730 ejus
1622 1661 1922 1718 dominatui
1952 1678 2016 1718 ac

428 1749 733 1822 disciplinae
763 1751 1030 1821 subjecti;
1065 1761 1158 1806 aut
1189 1760 1247 1806 ut
1279 1753 1580 1809 deteriores
1612 1755 1688 1809 illi
1719 1757 1813 1827 qui
1851 1756 2018 1827 impa-

429 1845 532 1898 rati
559 1843 846 1915 ignarique
871 1845 1037 1900 sunt?
1068 1845 1164 1899 Est
1215 1845 1347 1900 illud
1387 1861 1520 1901 sane
1563 1862 1725 1917 quam
1758 1850 2018 1904 stolidum

428 1952 494 1992 ac
526 1937 837 1993 ridiculum.
864 1938 1227 2004 Quamobrem
1257 1953 1382 1993 cum
1427 1939 1540 1995 haec
1592 1940 1665 1994 ita
1716 1957 1776 1996 se
1817 1942 2020 1998 habere

433 2035 729 2098 nequeant,
771 2033 825 2082 et
857 2027 1034 2081 oratio
1063 2028 1182 2097 ipsa
1211 2041 1334 2080 cum
1367 2043 1470 2081 usu
1506 2038 1820 2097 comparata
1861 2044 2020 2098 repu-

401 2165 408 2172 .
442 2133 611 2188 gnare
641 2117 910 2182 videatur,
938 2117 1297 2187 excogitanda
1340 2118 1499 2172 nobis
1532 2117 1711 2186 aliqua
1744 2119 1882 2171 ratio
1912 2126 2017 2182 est,

434 2214 498 2262 ut
549 2207 797 2277 utrisque
849 2208 966 2262 sine
1000 2207 1108 2261 ulla
1159 2208 1591 2264 contradictione
1647 2209 1834 2274 salvis,
1866 2225 1895 2262 a
1926 2225 2019 2264 ve-

433 2297 598 2353 ritate
631 2313 742 2354 non
773 2298 1112 2355 excidamus.
1145 2297 1358 2353 Mentiri
1391 2300 1590 2370 quippe
1618 2298 1879 2356 Dominus
1908 2317 2019 2356 non

432 2395 634 2459 potest,
666 2396 760 2442 aut
803 2387 870 2442 ad
905 2388 1069 2442 vitam
1109 2394 1352 2442 nostram
1387 2389 1777 2443 instituendam
1815 2390 2020 2448 frustra

429 2480 637 2552 aliquid
682 2480 995 2552 prmcipere.
1051 2479 1320 2545 Qudcirca
1361 2483 1644 2552 cognoscit
1673 2481 1836 2536 Pater
1870 2483 2016 2538 diem

428 2571 603 2637 illum,
652 2571 935 2643 cognoscit
994 2579 1048 2626 et
1101 2570 1294 2636 Filius,
1353 2575 1634 2643 cognoscit
1682 2581 1735 2629 et
1784 2573 2019 2645 Spiritus

432 2676 680 2724 sanctus.
713 2665 825 2722 Nec
852 2673 936 2722 est
964 2666 1262 2737 quidquam
1320 2667 1375 2721 in
1403 2665 1563 2722 Patre
1606 2683 1636 2721 a
1670 2667 1806 2723 Filio
1839 2669 2020 2724 diver-

436 2774 582 2828 sum,
641 2767 735 2813 aut
787 2759 842 2812 in
900 2757 1037 2814 Filio
1085 2773 1115 2812 a
1176 2757 1383 2829 Spiritu
1436 2771 1623 2816 sancto
1662 2761 2015 2832 discrepans;

428 2851 892 2924 quemadmodum
925 2851 980 2904 in
1016 2866 1340 2921 unaquaque
1372 2851 1714 2920 superiorum
1739 2853 2019 2909 luereseon

428 2940 741 3004 refutanda,
776 2940 867 2995 ubi
914 2939 967 2993 id
1016 2955 1238 2995 necesse
1281 2940 1401 3007 fuit,
1434 2941 1757 2998 certissimis
1790 2944 2020 2998 rationi-

430 3034 534 3090 bus
567 3033 929 3098 ostendimus,
958 3042 1366 3087 sacrosanctam
1401 3034 1654 3088 videlicet
1689 3033 2015 3091 Trinitatem

432 3139 540 3178 una
571 3123 854 3178 divinitate
881 3131 1153 3187 constare,
1187 3140 1364 3194 neque
1411 3124 1706 3194 quidquam
1738 3127 2016 3182 diversum

433 3217 487 3270 in
535 3230 656 3271 sese
699 3215 1017 3284 variumque
1061 3217 1382 3280 continere;
1431 3215 1528 3270 sed
1566 3217 1739 3284 ipsam
1788 3218 2014 3273 omnino

430 3307 820 3378 perfectionem
850 3323 993 3372 esse,
1030 3306 1082 3360 in
1113 3323 1217 3377 qua
1249 3307 1351 3361 tria
1379 3307 1618 3378 perfecta
1651 3309 1782 3374 sint,
1815 3311 2014 3379 quibus

432 3400 598 3455 unius
631 3408 684 3455 et
711 3399 1007 3469 singularis
1041 3399 1226 3470 gloriae
1268 3400 1582 3470 praedicatio
1621 3415 1685 3456 ac
1719 3401 2016 3473 singularis

433 3492 732 3548 dominatio
773 3492 1060 3547 tribuatur.

503 3583 668 3639 XLV.
703 3584 860 3640 Dices
894 3602 908 3638 :
944 3583 1054 3639 Cur
1091 3584 1256 3657 igitur
1284 3585 1387 3640 hoc
1417 3585 1506 3642 ille
1538 3586 1712 3642 dicit?
1746 3585 1865 3641 Jam
1896 3587 2014 3658 qui-

434 3677 556 3734 dem
588 3679 724 3733 alias
757 3678 910 3732 nobis
939 3678 1028 3730 illa
1060 3678 1332 3748 disputata
1359 3679 1588 3748 quaestio
1618 3688 1722 3744 est,
1753 3681 1846 3736 sed
1881 3681 2018 3734 nihil

433 3769 598 3824 modo
647 3768 930 3839 prohibet,
985 3769 1276 3838 quominus
1323 3768 1511 3823 eadem
1567 3771 1658 3823 illa
1708 3779 2018 3840 repetamus

441 3863 546 3918 hoc
578 3861 718 3916 loco.
757 3860 930 3930 Atque
959 3859 1178 3914 eosdem
1228 3861 1350 3916 illos
1385 3861 1698 3916 verissimus
1739 3877 2020 3918 sermones

443 3967 712 4023 usurpare
742 3965 917 4020 neque
945 3966 1031 4005 me
1061 3951 1260 4022 pigebit
1289 3951 1330 4013 ³,
1388 3959 1441 4006 et
1473 3952 1768 4006 lectoribus
1796 3953 1860 4006 ad
1886 3969 2018 4008 cau-

438 4046 639 4101 tionem
707 4044 873 4107 utile,
933 4052 1095 4112 atque
1153 4040 1220 4096 ad
1289 4042 1612 4097 refellendos
1674 4044 2019 4102 adversarios

436 4138 757 4208 cumprimis
792 4147 1157 4208 opportunum
1189 4134 1419 4190 videtur.
1452 4135 1542 4190 Sic
1582 4137 1745 4207 igitur
1784 4153 1903 4194 sese
1932 4155 2021 4194 res

435 4233 616 4288 habet.
676 4231 964 4302 Triplicem
1016 4229 1068 4282 in
1134 4229 1224 4282 illo
1287 4229 1406 4283 loco
1459 4229 1712 4285 Christus
1770 4232 2020 4288 ordinem

435 4323 762 4395 propcsuit:
802 4321 1035 4384 Patrem,
1085 4321 1321 4390 seipsum
1371 4337 1434 4375 ac
1485 4323 1734 4378 ccnlcstes
1771 4325 2017 4395 angelos.

439 4415 516 4469 Ex
545 4415 744 4484 quibus
785 4412 932 4466 Patri
967 4412 1184 4482 quidem
1228 4413 1392 4484 768
1425 4414 1567 4468 illius
1615 4415 1722 4468 diei
1770 4416 2018 4470 notitiam

2116 562 2327 631 ἡμέρα.
2377 560 2487 613 Καὶ
2523 561 2551 612 6
2591 557 2744 626 ἆγιος
2783 553 3103 616 Ἀπόστολός
3150 568 3346 622 φησιν·
3393 551 3522 602 Οὐκ
3563 544 3728 600 ἐστὲ

2117 656 2375 718 σκότους
2405 651 2608 716 τέκνα,
2639 647 2801 703 ἀλλὰ
2848 647 3099 716 ἡμέρας,
3128 645 3227 698 ἵνα
3254 643 3292 710 ἠ
3328 641 3523 711 ἡμέρα
3551 635 3727 708 ὑμᾶς

2111 746 2199 816 μὴ
2251 747 2331 810 ὡς
2363 743 2628 811 κλέπτης
2661 741 2988 807 καταλάϐῃ.
3039 739 3102 791 Εἰ
3149 735 3326 789 τοίνυν
3368 735 3417 786 οἱ
3458 731 3574 785 υἱοὶ
3620 729 3736 800 τῆς

2119 839 2330 911 ἡμέρας
2357 839 2454 908 οὐχ
2495 837 2598 890 ὑπὸ
2629 836 2856 898 σκότους
2890 831 3288 888 καλύπτονται.
3326 828 3463 881 άλλά
3497 827 3732 895 ἕτοιμοι

2119 933 2382 1002 γίνονται,
2426 931 2508 982 ὅτι
2597 929 2697 980 ούκ
2730 927 2934 979 οίδασιν
2965 925 3164 994 ἡμέρᾳ,
3195 922 3287 974 καὶ
3390 920 3450 971 ού
3484 917 3736 990 προσδοο

2121 1025 2289 1078 κῶσιν
2324 1022 2464 1094 ὥρα,
2497 1023 2526 1074 6
2559 1019 2826 1090 δεσπότης
2859 1017 3037 1072 αὐτῶν
3074 1013 3468 1085 παραγίνεταιο
3504 1011 3626 1080 ἄρα
3661 1008 3731 1059 οὐ

2119 1115 2388 1182 διαλλάξει
2443 1112 2592 1176 παρά
2641 1111 2767 1173 τοὺς
2820 1108 2985 1164 αὑτοῦ
3025 1107 3245 1168 δούλους
3288 1104 3380 1158 καὶ
3411 1103 3566 1166 υἱοὺς
3620 1101 3732 1172 τῆς

2119 1210 2333 1280 ἡμέρας
2378 1207 2464 1259 διὰ
2509 1205 2606 1276 τὴν
2653 1201 2816 1256 αὑτοῦ
2859 1199 3125 1271 φωτεινὴν
3168 1195 3464 1252 ὑπόστασιν
3518 1211 3581 1247 τε
3627 1193 3731 1246 καὶ

2122 1301 2369 1373 θεότητα,
2406 1298 2566 1361 αὐτὸς
2606 1297 2776 1359 αἴτιος
2807 1295 2989 1356 αὐτοῖς
3033 1290 3236 1345 τούτων
3277 1289 3596 1359 τυγχάνων.
3648 1286 3729 1338 Ἦ

2120 1393 2222 1457 ὄτι,
2251 1393 2326 1455 ὡς
2353 1392 2401 1443 oi
2431 1389 2748 1457 ἀγνοοῦντες
2799 1385 2898 1456 τὴν
2930 1384 3142 1456 ἡμέραν
3167 1424 3181 1448 ,
3214 1383 3308 1435 καὶ
3353 1379 3429 1450 μὴ
3485 1381 3728 1448 ἑτοιμα-

2125 1483 2360 1547 σθέντες.
2391 1480 2866 1551 καταληφθήσεται
2893 1475 3122 1545 ἀγνοῶν,
3157 1474 3250 1527 καὶ
3277 1473 3366 1526 ὑπ’
3401 1470 3725 1524 ἐλαττώσει

2121 1576 2421 1646 τυγχάνων.
2459 1576 2555 1637 Τίς
2585 1573 2641 1626 δὲ
2676 1569 2934 1642 μεμηνὼς
2982 1566 3156 1622 ταῦτα
3201 1566 3326 1636 περὶ
3367 1565 3582 1634 Κυρίου
3627 1564 3725 1616 λο-

2123 1669 2346 1737 γίσοιτο,
2379 1669 2460 1723 δτι
2495 1666 2655 1730 αὐτὸς
2690 1665 2863 1727 ἔσται,
2910 1663 2986 1724 ὡς
3011 1662 3061 1713 οἱ
3123 1660 3214 1714 ὑπ’
3250 1658 3412 1714 αὑτοῦ
3445 1657 3726 1720 δεσποζόο

2127 1773 2276 1825 μενοι
2303 1755 2602 1826 ἄνθρωποι,
2624 1754 2716 1806 καὶ
2746 1769 2811 1822 με
2822 1750 3242 1822 μαθητευμένοι,
3266 1748 3299 1818 ἢ
3321 1748 3395 1810 ὡς
3415 1749 3466 1800 οί
3493 1748 3726 1818 χείρους

2052 1829 2092 1883 Β
2120 1848 2207 1901 διὰ
2253 1847 2350 1918 τὴν
2403 1847 2580 1900 αὐτῶν
2639 1843 3022 1914 ἀνετοιμασίαν
3059 1843 3152 1894 κω.
3198 1839 3453 1909 ἄγνοιαν;
3505 1840 3626 1894 Καὶ
3661 1839 3726 1891 τὺ

2121 1941 2241 1994 ὅλον
2271 1941 2417 1994 ἐστὶν
2460 1939 2684 2008 ἠλίθιον.
2724 1937 2787 1991 Εἰ
2824 1937 3002 1990 τοίνυν
3029 1934 3200 1988 ταῦτα
3227 1935 3286 1988 οὑ
3318 1932 3543 1987 δύναται
3574 1933 3726 2002 πλη-

2124 2034 2381 2106 ροῦσθαι,
2425 2035 2454 2086 6
2497 2033 2552 2086 δὲ
2585 2033 2742 2101 λόγος
2790 2030 3277 2102 παρεκτεινόμενος
3321 2028 3608 2092 άντίθετος
3651 2032 3722 2100 τῇ

2121 2131 2310 2198 χρήσει
2345 2125 2695 2197 εὑρεθήσεται
2714 2142 2726 2154 ·
2756 2124 2864 2194 ἄρα
2891 2123 3148 2194 ζητητέον
3179 2123 3322 2187 ἐστὶ,
3345 2121 3470 2175 τίνα
3499 2123 3594 2175 τὸν
3622 2121 3720 2174 λό⁸

2121 2235 2214 2286 γον
2237 2216 2506 2288 εὕρωμεν,
2545 2217 2630 2270 ἶνα
2651 2257 2665 2281 ,
2710 2216 3070 2278 ἀναντιθέτως
3097 2215 3204 2268 τῶν
3239 2215 3570 2284 ἀμφοτέρων
3604 2231 3720 2268 σω-

2122 2309 2363 2380 ζομένων
2391 2349 2404 2373 ,
2441 2309 2514 2380 μὴ
2555 2309 2918 2380 ἐκτραπῶμεν
2956 2308 3054 2378 τῆς
3103 2306 3377 2377 ἀληθείας.
3420 2304 3718 2359 Ἀδύνατον

2121 2399 2228 2468 γὰρ
2267 2399 2357 2452 τὸν
2388 2399 2592 2470 Κύριον
2625 2398 2915 2468 ψεύδεσθαι
2937 2439 2949 2461 ,
2987 2399 3080 2450 καὶ
3110 2396 3366 2450 ἀδύνατον
3399 2396 3569 2449 αὑτὸν
3599 2396 3720 2466 μά-

2119 2506 2218 2560 την
2250 2491 2353 2553 τὰς
2383 2488 2670 2560 ἐξηγήσεις
2705 2491 2783 2551 εἰς
2807 2488 3081 2560 ἡμετέραν
3107 2486 3250 2556 ζωὴν
3281 2485 3581 2539 ποιεῖσθαι.
3624 2487 3718 2538 Γι-

2120 2582 2316 2635 νώσκει
2349 2582 2526 2634 τοίνυν
2553 2583 2580 2634 ὁ
2611 2579 3092 2651 Πατὴρ,γινώσκει
3119 2581 3147 2631 6
3179 2579 3326 2641 Υἱὸς,
3354 2577 3629 2646 γινώσκει
3654 2577 3719 2630 τὸ

2121 2671 2274 2741 ἅγιον
2319 2671 2562 2740 Πνεῦμα.
2620 2671 2784 2722 Οὐδὲν
2830 2669 2936 2739 γὰρ
2987 2671 3044 2722 ἐν
3089 2669 3262 2739 Πατρὶ
3311 2667 3719 2738 διηλλαγμένον

2121 2762 2270 2834 παρά
2297 2762 2386 2814 τὸν
2420 2761 2570 2824 Υίὸν,
2594 2760 2713 2813 οὐδὲ
2740 2763 2796 2812 ἐν
2829 2759 2942 2829 Υίῴ
2972 2757 3423 2830 παρηλλαγμένον
3463 2757 3623 2828 παρά
3656 2756 3722 2809 τὺ

2120 2853 2366 2924 Πνεῦμα,
2399 2854 2473 2916 ὡς
2505 2855 2563 2905 ἐν
2593 2852 2798 2923 ἑκάστῃ
2835 2851 2944 2904 τῶν
2986 2850 3399 2920 προειρημένων
3433 2849 3724 2919 αἱρέσει-πει

2121 2947 2178 2998 ἐν
2237 2946 2397 3017 χρείᾳ
2444 2944 2811 3006 καταστάντες,
2880 2941 3271 3013 ἀπεδείξαμεν,
3322 2941 3380 3004 ἐξ
3436 2941 3724 3011 ἀληθινῶν

2121 3037 2431 3088 συστάσεων
2460 3036 2556 3106 τὴν
2601 3035 2808 3107 Τριάδα
2839 3031 2978 3087 εἶναι
3023 3035 3150 3105 μίαν
3180 3031 3408 3104 θεότητα
3427 3073 3441 3094 ,
3471 3033 3572 3085 καὶ
3605 3051 3727 3104 μη-

2118 3127 2205 3180 δὲν
2231 3127 2373 3198 ἔχειν
2401 3129 2458 3180 ὲν
2494 3129 2658 3199 ἑαυτῇ
2697 3125 3169 3198 παρηλλαγμένον,
3216 3124 3348 3178 ἀλλὰ
3376 3123 3439 3177 τὸ
3478 3127 3591 3178 πᾶν
3625 3142 3726 3178 τε·

2119 3221 2365 3290 λειότης,
2402 3219 2528 3291 τρία
2569 3217 2786 3285 τέλεια,
2837 3217 2936 3289 μία
2971 3216 3276 3286 δοξολογία,
3328 3215 3423 3268 καὶ
3468 3216 3572 3287 μία
3616 3234 3727 3269 κυ-

2121 3315 2324 3388 ριότης.

2190 3577 2321 3632 ME'.
2366 3575 2503 3628 Ἀλλ’
2538 3575 2681 3646 ὲρεῖς
2713 3591 2801 3644 μοι
2821 3589 2834 3602 ⁸
2866 3571 2985 3626 Τίνι
3021 3572 3200 3626 τοίνυν
3229 3571 3305 3642 τῷ
3338 3570 3482 3639 λόγῳ
3513 3571 3720 3643 εἴρηκε

2118 3667 2304 3733 τοῦτος
2334 3669 2444 3721 Καὶ
2486 3667 2586 3739 ἠδη
2617 3667 2714 3737 μὲν
2742 3665 2877 3738 ἄλλῃ
2910 3682 2998 3734 μοι
3035 3664 3162 3734 περὶ
3196 3664 3288 3716 τοῦ
3317 3663 3475 3731 λόγου
3507 3661 3716 3716 τούτου

2121 3762 2428 3832 πέφρασται
2445 3775 2459 3788 ⁸
2482 3761 2633 3814 οὐδὲν
2655 3759 2712 3812 δὲ
2737 3758 2970 3811 κωλύσει
2996 3759 3109 3818 τοῖς
3143 3757 3323 3818 αὐτοῖς
3353 3753 3706 3824 προσθεῖναι.

2121 3856 2229 3907 Καὶ
2272 3855 2339 3908 τὰ
2378 3853 2516 3907 αύτά
2550 3851 2775 3924 ἀληθινά
2812 3852 3030 3922 ῥήματα
3075 3850 3254 3918 λέγειν
3309 3847 3432 3918 ἐμοὶ
3471 3847 3573 3918 μὲν
3605 3848 3714 3902 οὐκ

2123 3948 2353 4018 ὀκνηρὸν
2374 3988 2389 4012 ,
2425 3950 2536 4010 τοῖς
2562 3946 2618 3998 δὲ
2648 3945 3064 4013 ἐντυγχάνουσιν
3095 3941 3332 4011 ἀσφαλὲς
3363 3939 3517 3992 ἔσται
3540 3978 3555 4001 ,
3588 3941 3710 4001 τοῖς

2128 4041 2186 4094 δὲ
2219 4040 2477 4103 ἐναντίοις
2530 4041 2610 4102 εἰς
2656 4037 2896 4108 ἔλεγχον.
2945 4036 3008 4089 Ἦ
3049 4034 3158 4104 γὰρ
3205 4032 3461 4094 ὑπόθεσις
3514 4029 3710 4084 τοῦτον

2122 4132 2353 4203 ἔχειτὸν
2381 4130 2600 4201 τρόπον.
2637 4129 2776 4200 Τρία
2826 4126 2934 4197 γὰρ
2965 4127 3223 4195 τάγματα
3258 4125 3315 4176 ὲν
3371 4121 3552 4192 ταυτῷ
3600 4123 3706 4175 61:-

2122 4224 2437 4294 εισήνεγκεν
2467 4225 2524 4274 ὲν
2550 4221 2716 4292 μέσῳ,
2738 4219 2983 4291 Πατέρα,
3011 4218 3106 4271 καὶ
3135 4216 3344 4277 ἑαυτὸν,
3365 4215 3456 4267 καὶ
3491 4214 3705 4277 πάντας

2122 4315 2387 4385 ἀγγέλους
2417 4316 2475 4367 ἐν
2511 4312 2745 4385 οὐρανῷ.
2778 4313 2887 4365 Καὶ
2918 4311 2993 4381 τῷ
3027 4311 3124 4381 μὲν
3156 4309 3330 4380 Πατρὶ
3362 4307 3613 4360 ἀπέδωκε
3646 4307 3707 4360 τὸ

2125 4409 2342 4471 εἰδέναι,
2389 4408 2449 4459 ού
2501 4405 2660 4476 μόνον
2692 4405 2894 4474 εἴδησιν
2928 4399 3294 4454 ὑποδεικνύων
3334 4399 3428 4452 καὶ
3479 4398 3703 4466 γνῶσιν,

438 4507 647 4561 detulit.
702 4503 886 4573 Neque
939 4505 1077 4557 hanc
1118 4504 1291 4558 solum
1345 4505 1622 4569 indicavit,
1673 4505 1765 4560 sed
1819 4515 1872 4561 et
1913 4508 2015 4560 alia

2127 4502 2261 4556 ἀλλά
2289 4502 2382 4554 καὶ
2407 4499 2475 4553 τὰ
2501 4501 2588 4554 ἀεὶ
2616 4499 2764 4568 παρά
2797 4497 2974 4568 Πατρὶ
3010 4496 3104 4549 καὶ
3135 4494 3282 4564 παρὰ
3323 4492 3436 4563 Υἱῴ
3465 4493 3708 4562 ἀναμφι-

438 4599 643 4662 omnia,
668 4612 788 4668 qua:
833 4597 886 4649 in
939 4594 1117 4649 Patris
1160 4611 1224 4649 ac
1282 4593 1403 4648 Filii
1451 4603 1715 4664 potestate
1760 4597 1879 4650 sine
1913 4598 2020 4650 ulla

439 4687 813 4746 controversia
851 4694 1110 4755 perpetuo
1141 4685 1380 4747 fuerunt,
1406 4701 1632 4754 quaeque
1668 4686 1736 4739 ab
1766 4687 1871 4742 illis
1902 4703 2022 4756 pro-

444 4783 600 4838 tlucta
637 4795 701 4834 ac
741 4776 979 4848 perfecta
1027 4785 1174 4830 sunt.
1227 4774 1387 4828 Novit
1437 4776 1620 4846 itaque
1665 4775 1829 4831 Pater
1875 4778 2018 4834 diem

439 4875 622 4938 illam;
676 4872 844 4934 novit,
902 4867 1144 4936 inquam,
1186 4876 1239 4920 et
1288 4866 1563 4936 produxit,
1624 4883 1686 4920 ac
1730 4867 2015 4935 judicavit,

437 4976 598 5038 prout
647 4965 700 5018 in
737 4959 962 5016 Joannis
998 4957 1284 5028 Evangelia
1330 4956 1590 5012 Dominus
1629 4969 1858 5012 narrat:
1903 4959 2014 5012 Pa—

440 5070 536 5121 ter,
577 5056 772 5126 inquit,
821 5051 1074 5106 neminem
1100 5049 1384 5120 judicabit,
1419 5053 1505 5105 sed
1561 5068 1710 5105 omne
1746 5050 2013 5120 judicium

437 5151 580 5206 dedit
616 5147 758 5202 Filio
779 5148 820 5201 ⁸.
877 5144 990 5199 Hoc
1021 5145 1166 5200 enim
1200 5148 1317 5214 ipso
1355 5145 1496 5214 quod
1532 5144 1801 5214 judicium
1842 5146 2012 5208 dedit,

434 5244 711 5314 jndicasse
739 5240 1010 5312 putandus
1042 5245 1144 5293 est.
1181 5236 1320 5308 Ergo
1348 5253 1470 5290 cum
1498 5236 1842 5306 jutlicaverit,
1868 5240 2017 5292 novit

438 5335 654 5405 quando
685 5338 754 5389 sit
795 5334 884 5386 illa
913 5332 1030 5386 dies
1062 5337 1307 5386 ventura.
1342 5328 1476 5383 Nam
1506 5331 1594 5400 qui
1627 5347 1728 5383 non
1762 5329 1926 5384 credit
1958 5334 2014 5386 in

439 5427 664 5488 Filium,
707 5425 825 5494 jam
880 5424 1144 5489 iudicatus
1203 5432 1278 5476 est
1303 5423 1344 5474 '.
1393 5421 1509 5476 Non
1565 5423 1708 5493 quod
1747 5423 2013 5492 judicium

435 5520 548 5584 jam
594 5514 934 5586 prteterierit,
976 5514 1070 5569 sed
1127 5513 1268 5583 quod
1306 5528 1426 5584 quze
1478 5525 1609 5570 tunc
1657 5513 1836 5567 futura
1891 5523 2019 5568 sunt

438 5608 600 5663 modo
623 5606 967 5661 declarentur
1000 5624 1012 5658 :
1045 5605 1349 5674 cujusmodi
1381 5604 1640 5676 quiddam
1676 5603 1728 5658 in
1761 5605 2017 5674 praesenti

510 5792 524 5822 ⁸
564 5787 580 5840 l
613 5785 804 5841 Τίνες.
846 5802 897 5842 v.
926 5785 980 5838 2.
1057 5787 1076 5816 ¹
1109 5783 1235 5839 ibid.
1321 5780 1373 5835 4-.
1489 5783 1510 5816 ³
1547 5783 1775 5853 Philipp.
1813 5799 1893 5851 In,
1928 5787 1969 5840 ι.

2049 5785 2070 5816 ⁸
2095 5784 2249 5841 Joan.
2284 5802 2333 5851 v,
2372 5785 2459 5839 ‘29.
2539 5787 2557 5817 ³
2589 5784 2747 5840 Joan.
2794 5802 2871 5850 Ill,
2915 5783 2990 5838 18.

2129 4593 2299 4655 ϐόλως
2333 4591 2721 4662 κεκρατημένα
2747 4607 2806 4642 τε
2837 4589 2931 4640 καὶ
2965 4587 3358 4656 γεγεννημένα,
3388 4584 3483 4636 καὶ
3511 4585 3704 4654 εἰργα-

2130 4685 2320 4756 σμένα.
2356 4684 2462 4736 Καὶ
2490 4685 2518 4736 6
2553 4684 2649 4753 μὲν
2677 4682 2866 4754 Πατὴρ
2891 4678 2999 4734 οἶδε
3029 4680 3126 4750 τὴν
3151 4679 3391 4750 ἡμέραν·
3435 4673 3575 4730 οἶδεν
3607 4677 3706 4728 αύ-

2125 4776 2224 4845 τὴν
2254 4774 2348 4827 καὶ
2374 4773 2687 4844 εἰργάσατο,
2742 4774 2836 4825 καὶ
2890 4773 3161 4842 πέπραχε.
3209 4769 3301 4822 καὶ
3348 4767 3584 4838 ἔκρινεν,
3626 4766 3703 4828 ὡς

2127 4867 2230 4937 ἔφη
2264 4867 2321 4918 ὲν
2346 4866 2424 4936 τῷ
2458 4866 2597 4918 κατά
2632 4864 2884 4934 Ἰωάννην
2917 4860 3232 4931 Εύαγγελίῳ
3253 4875 3265 4887 ·
3299 4861 3379 4913 ὅτι
3421 4859 3473 4910 Ὀ
3498 4857 3703 4925 Πατὴρ

2125 4961 2342 5014 οὐδένα
2387 4958 2604 5028 κρινεῖ,
2634 4957 2794 5012 ἀλλὰ
2843 4956 2957 5024 τὴν
2991 4953 3198 5010 πᾶσαν
3234 4953 3436 5020 κρίσιν
3483 4949 3704 5003 δέδωκε

2123 5032 2201 5116 τῷ
2241 5049 2367 5115 Υίῴ.
2416 5051 2503 5103 Ἐν
2547 5049 2653 5123 γὰρ
2687 5048 2764 5119 τῷ
2791 5047 3121 5111 δεδωκέναι,
3165 5044 3442 5114 κέκρικεν.
3496 5042 3703 5113 Κρίνας

2121 5144 2298 5196 τοίνυν
2325 5143 2486 5212 ἔγνω,
2517 5144 2678 5211 γνοὺς
2702 5137 2809 5194 οἵδε
2839 5140 2968 5193 πότε
3000 5139 3239 5209 ἔρχεται.
3283 5137 3343 5189 ’0
3369 5136 3478 5206 γάρ
3503 5135 3590 5204 μὴ
3615 5151 3701 5186 :u-

2121 5236 2354 5288 στεύων
2378 5237 2463 5300 εἰς
2484 5237 2590 5288 τὸν
2621 5235 2756 5286 Υίὸν
2788 5232 2904 5301 ἤδη
2939 5231 3218 5300 κέκριται,
3247 5230 3305 5283 ού
3340 5229 3438 5300 τῆς
3468 5229 3700 5297 κρίσεως

2123 5325 2527 5398 παρελθούσης,
2563 5325 2699 5379 ἀλλὰ
2721 5324 2832 5377 τῶν
2866 5324 2984 5376 τότε
3024 5322 3322 5393 μελλόντων
3347 5319 3565 5373 έσεσθαι
3600 5319 3698 5388 ἥδη

2123 5418 2615 5487 ἀποδεικνυμένων,
2657 5417 2732 5480 ὡς
2769 5417 2863 5469 καὶ
2893 5418 2984 5468 ἐπὶ
3021 5416 3176 5483 τύπῳ
3209 5415 3269 5467 τὸ
3293 5412 3534 5467 τοιοῦτον
3567 5412 3673 5478 πλη

2127 5509 2330 5580 ροῦται.
2356 5505 2472 5562 Οίδε
2493 5511 2513 5540 ⁸
2535 5510 2642 5579 γὰρ
2664 5512 2695 5580 ἡ
2719 5510 2755 5561 Γ
2763 5508 2906 5580 ραφὴ
2928 5508 3129 5577 εἴδησιν
3152 5507 3245 5560 καὶ
3267 5505 3490 5576 εἴδησιν,
3507 5505 3582 5580 ᾡς
3607 5503 3692 5557 καθ

2125 5601 2386 5666 πολλάκις
2415 5604 2492 5666 εἰς
2518 5603 2577 5655 τὸ
2613 5603 2928 5656 συνεκτικὸν
2955 5602 3346 5671 κατερχόμενοι
3370 5599 3477 5652 άπὸ
3501 5599 3682 5667 ὀμοιω

3099 5785 3119 5813 ⁶
3159 5781 3313 5839 Deest
3348 5778 3603 5836 nonnihil
