3846 6354
170 423 264 479 275

858 436 1225 498 ADVERSUS
1267 442 1606 502 llAER-ESES
1644 446 1773 504 LIB.
1802 449 1865 504 II.
1910 450 2073 506 ΤΟΜ.
2114 451 2178 508 II.
2211 480 2280 491 --
2322 451 2591 509 IIIERES.
2637 453 2818 510 LXIX.

3306 459 3412 514 27L

170 539 340 608 μάτων
375 543 470 595 καὶ
511 548 974 621 παραδειγμάτων
1022 556 1130 610 τῶν
1170 559 1269 630 ἤδη
1303 576 1725 632 πεπραγματευ-

1833 566 2049 636 negotio
2111 567 2374 622 cernitur.
2435 566 2647 639 Quippe
2720 567 2999 638 Scriptura
3063 583 3171 623 non
3242 585 3408 625 unum

171 631 333 699 μένων
358 634 458 705 τὴν
490 642 793 709 σαφήνειαν
824 645 917 697 καὶ
953 645 1049 717 τὴν
1086 652 1286 721 φράσιν
1322 652 1558 725 ἑκάστης
1594 654 1726 707 ὑπο-

166 721 368 789 θέσεως,
397 730 771 799 παριστῶντες
798 736 860 789 ού
888 735 1250 811 διελείψαμεν.

1832 657 2072 711 scientiae
2118 673 2290 728 genus
2337 659 2740 727 complectitur.
2782 656 3050 714 Caeterum
3084 659 3231 729 quod
3278 659 3410 713 hac-

1830 756 1989 802 tenus
2029 765 2169 819 saepe
2199 764 2263 803 ac
2303 757 2624 805 constanter
2668 749 2919 817 fecimus,
2965 758 3024 805 ut
3060 751 3126 806 ad
3165 751 3267 818 rei,
3304 766 3410 821 qua

166 817 441 914 (le-agitur,
476 821 900 882 illustrationem
958 837 1012 885 ct
1072 834 1487 903 explicationem
1536 836 1923 897 similitudines
1963 817 2225 911 quasdam
2275 851 2328 895 et
2374 843 2621 913 exempla
2678 857 3108 914 proponeremus
3153 857 3217 898 ex
3279 858 3413 911 pra:-

167 908 323 1005 teritis
360 912 529 1005 rebus
569 930 632 1005 ac
672 920 862 987 gestis.
909 937 937 974 a
984 923 1186 991 quibus
1244 926 1309 979 ad
1362 937 1740 998 argumentum
1797 908 1993 1004 ipsuin'
2028 941 2082 987 et
2126 940 2288 1003 caput
2342 934 2729 1005 disputationis
2777 934 3203 1005 perveniremus,
3268 933 3410 990 idem

166 998 216 1052 in
241 989 531 1070 prasentia
565 1003 876 1063 faciendum
903 989 1110 1080 judico.

218 1092 366 1161 MC’.
409 1095 685 1168 Δάϐωμεν
712 1100 892 1155 τοίνυν
924 1103 1234 1177 ὲξυπαρχῆς
1258 1104 1437 1173 αὖθις,
1469 1111 1562 1163 καὶ
1599 1111 1728 1183 περὶ

160 1183 346 1239 τούτων
367 1187 634 1259 εἴπωμεν.
653 1191 719 1243 Τί
738 1210 900 1261 φατε,
924 1189 970 1249 ὦ
992 1191 1169 1265 οὗτοι;
1204 1199 1358 1270 ¹ᾙδει
1394 1201 1563 1273 Ἀδὰμ
1587 1202 1731 1256 Εὕαν

159 1275 242 1346 τὴν
266 1280 507 1345 γυναῖκα
536 1282 704 1335 αὐτοῦ
731 1286 826 1337 καὶ
862 1288 966 1355 πρὸ
990 1289 1086 1360 τῆς
1125 1291 1408 1362 παρακοῆς
1439 1293 1532 1346 καὶ
1564 1310 1736 1365 παρα-

159 1368 391 1436 δάσεως,
434 1372 467 1443 ἢ
510 1375 611 1428 οὐκ
643 1377 794 1447 ᾔδει;
845 1380 952 1432 Καὶ
987 1381 1046 1433 ού
1085 1381 1313 1435 δύνασθε
1354 1385 1629 1438 ἀντειπεῖν
1664 1389 1730 1459 τῇ

160 1460 395 1534 ἀληθείᾳ.
452 1465 580 1519 Ἐὰν
629 1469 740 1542 γὰρ
784 1470 858 1542 μὴ
894 1471 1156 1544 Θελήσητε
1192 1474 1552 1546 ὀρθοποδῆσαι
1594 1478 1728 1548 πρὸς

166 1555 245 1606 τὸν
270 1556 516 1610 τοιοῦτον
547 1559 694 1623 νοῦν,
739 1561 1149 1635 ἐλεγχθήσεσθε.
1176 1562 1372 1621 Ἦσαν
1407 1569 1534 1641 γὰρ,
1575 1571 1727 1640 φησὶ,

160 1648 357 1715 γυμνοὶ
374 1688 391 1711 ,
416 1650 515 1703 καὶ
546 1654 660 1707 οὐκ
686 1655 1033 1725 ᾐσχύνοντο
1051 1674 1065 1688 ο
1097 1660 1319 1730 γυμνῶν
1356 1661 1413 1714 δὲ
1442 1648 1621 1715 αὐτῶν
1644 1663 1730 1716 ὃν·

159 1754 251 1789 των
271 1780 286 1802 ,
312 1742 407 1793 καὶ
433 1742 495 1794 ού
521 1744 942 1812 τυφλωττὸντων
962 1765 976 1779 ο
1010 1748 1133 1803 οὔτε
1173 1750 1282 1823 γὰρ
1305 1752 1463 1807 τοῦτο
1491 1755 1730 1826 ἀρνήσα-

1896 1102 2083 1160 XLVI.
2116 1104 2293 1171 Quare
2350 1105 2514 1161 altius
2565 1108 2794 1177 repetito
2847 1108 3137 1178 principio,
3180 1110 3245 1164 ad
3285 1128 3410 1167 cum

1826 1196 2046 1250 modum
2099 1212 2221 1250 cum
2275 1197 2381 1253 illis
2429 1212 2669 1268 agamus.
2730 1196 2869 1264 Quid
2926 1200 3141 1254 tandem
3191 1202 3412 1260 dicitis?

1827 1285 1965 1341 Num
2004 1286 2244 1340 Adamus
2290 1302 2511 1341 uxorem
2549 1287 2714 1342 Evam
2748 1290 2831 1342 vel
2870 1300 2993 1365 ante
3022 1300 3304 1360 peccatum
3347 1309 3412 1350 ac

1828 1378 2082 1433 violatam
2118 1379 2289 1447 legem
2326 1386 2571 1438 noverat.
2604 1381 2814 1434 necne?
2862 1379 2979 1435 Non
3015 1383 3243 1452 potestis
3266 1384 3411 1439 veri-

1828 1470 1924 1524 tati
1962 1486 2283 1541 rcpugnare.
2332 1469 2446 1525 Nisi
2479 1472 2622 1526 enim
2653 1472 2707 1525 in
2744 1472 2907 1541 hujus
2951 1474 3026 1528 rei
3059 1474 3412 1545 intelligentia

1827 1570 1975 1615 recta
2051 1562 2298 1632 progredi
2380 1562 2593 1628 velitis,
2668 1563 2923 1619 facillime
2986 1566 3409 1621 convincemini.

1830 1653 2022 1719 Erant,
2064 1655 2240 1726 inquit
2282 1653 2558 1725 Scriptura
2598 1656 2642 1720 ⁸,
2692 1658 2857 1723 nudi,
2910 1674 3000 1712 nec
3050 1659 3247 1728 pudore
3298 1661 3413 1730 alii-

1828 1747 2119 1802 ciebantur.
2145 1749 2307 1815 Atqui
2340 1759 2451 1802 tum
2477 1748 2605 1802 nudi
2631 1757 2808 1815 erant,
2833 1764 3008 1820 neque
3037 1758 3215 1806 tamen
3238 1752 3365 1806 caeci
3394 1771 3407 1808 :

162 1830 269 1918 aiat
318 1832 583 1899 δύνασθε,
636 1838 711 1911 μὴ
762 1838 1063 1910 βλέποντας
1108 1844 1305 1909 αὐτοὺς
1358 1846 1725 1918 ὁμολογῆσαν

1830 1840 1970 1911 quod
2002 1840 2219 1911 quidem
2253 1840 2481 1894 inliciari
2505 1856 2609 1894 non
2645 1842 2897 1911 potestis,
2927 1850 3021 1895 aut
3055 1858 3164 1896 non
3192 1843 3412 1899 videndi

159 1916 285 1976 Εἲὸε
320 1924 468 1992 γὰρ,
503 1927 691 1996 φησὶν,
741 1931 867 1983 Εὔα
916 1931 979 1985 τὸ
1028 1932 1239 2000 ξύλον,
1281 1933 1370 1987 ὅτι
1398 1916 1614 1990 καλὸν
1642 1939 1730 2002 εις

150 2012 406 2081 βρῶσιν,
442 2018 541 2071 καὶ
579 2019 796 2088 ὡραῖον
839 2022 946 2077 τοῦ
989 2025 1376 2093 κατανοῆσαι.
1419 2029 1562 2097 Ἀρα
1598 2028 1726 2098 γοῦν

159 2103 287 2173 ᾔδει,
314 2108 409 2160 καὶ
435 2107 674 2179 ᾔδεισαν.
711 2113 925 2178 Εξδὸτες
951 2115 1028 2183 δὲ,
1067 2116 1160 2171 καὶ
1189 2117 1442 2190 ὁρῶντες,
1466 2120 1728 2193 ἀλλήλους

154 2194 534 2265 ἐπεγίνωσκον.
560 2195 669 2255 Ἦν
697 2204 835 2274 μετὰ
866 2206 1030 2261 πολὺν
1052 2211 1067 2239 ¹
1094 2210 1305 2281 χρόνον,
1335 2212 1499 2282 φησὶν
1523 2213 1555 2283 ἡ
1584 2213 1726 2285 Γρα-

158 2285 256 2356 ςὴ,
291 2289 392 2341 καὶ
430 2289 587 2360 ἔγνω
633 2294 817 2365 Ἀδὰμ
854 2298 1020 2352 Εὕαν
1063 2298 1179 2369 τὴν
1217 2301 1475 2371 γυναῖκα
1516 2303 1723 2359 αὐτοῦ.

165 2378 318 2433 Ἀλλὰ
344 2381 446 2452 τὴν
480 2383 581 2437 μὲν
615 2384 839 2459 πρώτην
876 2389 1082 2462 εἴδησιν
1112 2392 1204 2445 καὶ
1230 2391 1414 2463 βλέψιν
1439 2394 1567 2466 περὶ
1589 2394 1727 2467 εἰδή-

154 2486 282 2534 σειικ·
304 2471 372 2525 δι’
388 2475 637 2545 ὁράσεως
663 2482 1059 2554 συνισταμένης
1091 2483 1238 2553 λέγει
1264 2487 1358 2539 καὶ
1380 2486 1469 2541 διὰ
1491 2488 1722 2552 ἐννοίας’

153 2565 273 2635 περὶ
298 2564 356 2618 δὲ
395 2567 499 2637 τῆς
544 2569 806 2643 δευτέρας
854 2572 1127 2641 γνώσεως,
1177 2578 1305 2649 περὶ
1337 2578 1596 2651 εἰδήσεως
1632 2580 1728 2634 καὶ

149 2658 394 2728 χρήσεως
435 2660 772 2731 ἀπαγγέλλει
798 2680 811 2695 ο
845 2665 919 2730 ὡς
954 2668 1047 2721 καί
1093 2685 1197 2722 που
1243 2670 1407 2725 Δαεὶδ
1442 2674 1689 2742 γηράσας
1709 2713 1724 2738 ν

146 2751 217 2815 ὡς
254 2752 402 2823 λέγει
439 2756 472 2826 ἡ
513 2754 635 2810 Θεία
672 2758 862 2832 Γραφή
884 2776 898 2790 ’
934 2761 1044 2815 Kal
1077 2762 1342 2834 ἐγήρασε
1383 2765 1580 2833 Δαόὶὸ,
1628 2766 1726 2820 καὶ

147 2846 251 2899 οὐκ
303 2847 713 2917 ἐθερμαινετο.
758 2856 865 2907 Kal
910 2849 1084 2909 εἷπον
1112 2855 1272 2922 αὐτῷ
1297 2858 1352 2911 οι
1377 2856 1585 2924 παῖδες
1616 2861 1727 2914 αὐ-

149 2938 248 2992 τοῦ
272 2956 287 2969 ’
315 2940 643 3009 Ζητηθήτω
665 2943 745 3009 τῷ
759 2944 1016 3009 ,βασιλεῖ
1038 2948 1353 3017 παρθένος.
1378 2950 1485 3003 Καὶ
1514 2951 1724 3020 εὑρέθη

157 3030 386 3086 Ἇεισὰκ
432 3034 471 3101 ἡ
510 3035 854 3106 Συναμῗτις.
908 3039 1017 3093 Καί
1058 3056 1251 3109 φησιν’
1287 3040 1591 3097 Ἕθαλπεν
1617 3044 1725 3096 αὐ-

144 3119 263 3181 τῦν,
292 3122 394 3177 καὶ
423 3125 824 3196 συνεκοιμᾶτο
853 3126 1030 3194 αὐτῷ.
1074 3130 1183 3183 Kal
1208 3132 1318 3183 οὐκ
1345 3129 1496 3198 ἔγνω
1530 3130 1727 3199 αὐτὴν

1831 1930 2090 1987 facultate
2142 1931 2399 2002 prmditos
2455 1946 2713 1987 asserere.
2764 1932 2908 1985 Vidit
2963 1934 3137 1997 enim,
3197 1934 3410 2006 inquit,

1832 2020 1944 2076 Era
1983 2023 2202 2093 lignum,
2239 2023 2484 2093 quoniam
2534 2022 2722 2076 bonum
2768 2038 2845 2077 est
2899 2022 2968 2077 ad
3013 2023 3411 2089 comedendum,

1828 2124 1877 2168 et
1921 2116 2194 2186 pulchrum
2238 2117 2351 2170 visu
2393 2116 2435 2168 '.
2478 2114 2824 2187 Proindeque
2873 2125 2928 2171 et
2977 2116 3213 2174 Adamus
3262 2116 3410 2173 illam

1830 2216 2078 2271 noverat,
2102 2218 2156 2263 et
2187 2209 2403 2277 utrique
2435 2223 2494 2261 se
2523 2216 2715 2263 mutuo
2744 2209 3147 2278 cognoscebant
3170 2225 3234 2264 ac
3260 2209 3413 2267 vide-

1827 2302 1981 2367 bant,
2016 2310 2068 2358 et
2101 2312 2281 2357 tamen
2316 2303 2474 2372 longo
2512 2311 2698 2373 postea
2741 2310 3006 2373 tempore,
3035 2312 3095 2357 ut
3130 2303 3413 2377 Scriptura

1827 2403 2034 2456 narrat.
2070 2394 2306 2464 cognovit
2334 2392 2509 2446 Adam
2545 2391 2703 2447 Evam
2739 2395 3011 2465 conjugem
3043 2398 3257 2453 suam“.
3305 2396 3413 2453 Sed

1828 2484 2086 2539 nimirum
2126 2485 2276 2555 prior
2316 2484 2406 2538 illa
2446 2486 2685 2554 cognitio
2730 2500 2793 2539 ac
2824 2486 2962 2541 visio
2995 2486 3062 2542 de
3102 2503 3165 2543 ea
3194 2487 3409 2552 notitia,

1827 2592 1949 2647 quae
1987 2575 2204 2630 videndi
2243 2590 2406 2631 sensu
2449 2584 2503 2630 et
2556 2577 2907 2648 intelligentia
2938 2586 3175 2645 constat,
3209 2581 3414 2651 accipi-

1828 2676 1938 2721 tur.
1999 2665 2069 2720 At
2118 2664 2359 2721 secunda
2414 2674 2611 2737 praeter
2670 2669 2917 2723 notitiam
2980 2686 3137 2723 usum
3195 2687 3413 2742 quoque

1828 2757 2225 2828 complectitur.
2252 2755 2717 2824 Quemadmodum
2743 2760 2931 2815 Davidi
2965 2769 3123 2816 actate
3145 2762 3258 2829 jam
3289 2763 3413 2820 allec

1826 2856 1912 2903 cta
1936 2848 2182 2919 contigit,
2204 2856 2263 2902 ut
2288 2851 2550 2919 scriptum
2585 2859 2664 2907 est
2694 2869 2707 2905 :
2733 2850 2798 2905 Et
2820 2853 2989 2905 senuit
3016 2852 3203 2916 Darid,
3229 2863 3276 2908 et
3305 2871 3411 2910 non

1827 2938 2120 3008 caleﬁebat.
2172 2938 2242 2993 Et
2284 2940 2531 2995 dixerunt
2569 2943 2615 2996 ei
2657 2944 2789 2996 servi
2822 2944 2905 2995 sui
2936 2959 2954 2998 :
2984 2942 3271 3009 Quwratur
3302 2946 3412 3017 regi

1827 3028 1990 3098 virgo.
2015 3026 2085 3080 Et
2108 3028 2314 3084 inventa
2337 3039 2414 3084 est
2440 3029 2632 3084 Abisnc
2655 3030 2972 3088 Sunamitis.
3007 3031 3074 3087 Et
3107 3034 3183 3087 ait
3209 3054 3221 3088 :
3253 3033 3411 3090 Cale-

1827 3116 2053 3187 faciebat
2087 3119 2278 3185 ipsum,
2319 3129 2367 3173 et
2403 3120 2695 3174 dormiebat
2729 3138 2844 3175 cum
2895 3120 3011 3176 illo.
3067 3121 3137 3176 Et
3183 3141 3285 3178 non
3318 3141 3410 3179 co-

145 3212 337 3267 Δαείδ.
364 3213 481 3285 Τὴν
506 3214 792 3287 σύσσωμον
816 3216 910 3271 καὶ
933 3217 1279 3290 σύμπλευρον
1311 3218 1427 3281 πῶς
1453 3220 1552 3272 οὐκ
1571 3219 1718 3290 ᾕδεις

1830 3212 1995 3281 gnovit
2025 3227 2142 3264 eam
2172 3210 2399 3266 David".
2436 3210 2631 3279 Quzero
2694 3230 2815 3285 quae
2858 3214 2925 3269 ad
2971 3214 3092 3285 ejus
3124 3231 3323 3288 corpus
3346 3232 3411 3272 ac

324 3305 565 3361 ἐνταῦθα
593 3308 801 3380 εἴδησιν
847 3310 907 3364 οὐ
934 3311 1031 3383 τὴν
1059 3312 1124 3366 δι’
1153 3312 1362 3376 εὐνοίας
1380 3312 1402 3343 ³
1432 3312 1722 3385 διηγεῖται,

144 3398 277 3453 ἀλλὰ
306 3401 409 3471 τὴν
436 3402 529 3456 διὰ
561 3404 831 3475 χρήσεως.
865 3406 975 3458 Καὶ
998 3404 1107 3478 γὰρ
1141 3406 1236 3461 καὶ
1261 3407 1355 3460 ἐπὶ
1378 3405 1470 3460 τοῦ
1508 3408 1721 3461 Ἰακώᾶ

141 3491 217 3545 ὅτι
247 3494 349 3564 μὲν
376 3495 490 3565 γὰρ
515 3495 656 3549 ἑπτὰ
680 3496 774 3568 ἐτη
806 3496 1066 3568 ἐτύγχανε
1104 3498 1410 3570 ποιμαίνων
1433 3499 1570 3570 μετὰ
1608 3499 1727 3552 Ῥα-

142 3584 239 3655 lt).
275 3585 376 3639 καὶ
399 3586 559 3649 Δίας,
598 3588 693 3641 καὶ
725 3588 842 3659 ᾔδει
880 3591 1046 3653 αὑτάς
1073 3606 1086 3618 ⁸
1112 3590 1201 3642 ὅτε
1239 3590 1294 3643 δὲ
1322 3590 1450 3661 περὶ
1480 3590 1579 3661 τῆς
1609 3607 1727 3642 συν-

140 3660 336 3744 αφείας
382 3676 486 3748 τῆς
513 3675 608 3730 τοῦ
638 3677 837 3748 σεμνοῦ
876 3679 1053 3731 αὐτῶν
1082 3679 1262 3751 γάμου
1296 3660 1584 3751 διηγεῖται,
1619 3697 1723 3750 φη-

141 3768 221 3821 σὶν
247 3785 265 3797 ·
301 3769 506 3838 Ἔγνω
548 3769 701 3823 Δίαν
728 3769 841 3837 τὴν
874 3770 1125 3839 γυναῖκα
1153 3769 1360 3825 αὑτοῦ.
1394 3770 1517 3822 Ὅτι
1551 3771 1585 3841 ἡ
1628 3770 1724 3840 μὲν

140 3857 330 3932 πρώτη
365 3859 574 3931 εἰδησις
616 3861 685 3914 δι’
716 3863 921 3927 ἐννοίας
951 3858 1018 3933 ἦν
1062 3864 1156 3917 καὶ
1186 3861 1253 3915 δι’
1280 3862 1550 3935 ὁράσεως,
1586 3865 1620 3931 ἡ
1667 3861 1724 3915 δὲ

139 3951 369 4024 δευτέρα
398 3953 604 4021 γνῶσις
634 3954 726 4007 καὶ
755 3955 959 4027 εἴδησις
1004 3955 1134 4028 περὶ
1175 3956 1426 4027 χρήσεως
1457 3957 1551 4008 καὶ
1574 3958 1724 4027 ὲνερ-

139 4043 315 4109 τείας.
341 4042 505 4097 υῦτω
530 4045 625 4099 καὶ
667 4047 727 4098 ἐν
765 4049 831 4118 τῇ
871 4045 990 4118 Θείᾳ
1020 4047 1208 4118 Γραφῇ
1236 4064 1246 4075 ·
1279 4047 1475 4116 Ἔγνω
1506 4048 1724 4115 Κύριος

139 4136 279 4204 τοὺς
307 4136 495 4203 ὄντας
527 4138 738 4192 αὐτοῦ.
800 4139 908 4209 Οὐχ
949 4139 1023 4202 ὼς
1066 4137 1439 4207 ἀγνοοῦντας⁸
1479 4139 1604 4202 τοὺς
1648 4138 1722 4221 μὶ]

138 4232 322 4297 ὂντας,
366 4231 509 4286 ἀλλά
546 4232 609 4285 τὸ
636 4233 861 4304 ἐναργὲς
905 4232 1005 4303 τῆς
1033 4232 1127 4286 τοῦ
1156 4232 1358 4303 Κυρέου
1389 4231 1724 4303 ἀντιλήψεως

143 4323 396 4394 σημαίνει
412 4338 426 4352 ·
463 4321 581 4383 καὶ,
615 4321 936 4389 Ἀπόστητε
961 4322 1062 4376 ἀπ’
1084 4320 1251 4391 ἐμοῦ,
1275 4324 1327 4376 οἱ
1352 4320 1591 4391 ἐργάται
1613 4319 1725 4390 τῆς

142 4414 413 4485 ἀνομίας,
444 4414 618 4467 οὔπω
645 4413 838 4483 ἔγνων
859 4413 1035 4483 ὑμᾶς.
1066 4408 1212 4485 *Αρα
1246 4415 1346 4467 οὐκ
1375 4413 1490 4485 ᾔδει
1526 4414 1724 4477 αὐτοὺς

142 4507 278 4561 κατὰ
310 4505 566 4577 εἴδησινς
613 4504 752 4557 Ἀλλ’
785 4505 973 4577 ἐπειδὴ
994 4506 1093 4558 οὐκ
1118 4501 1258 4576 ἦσαν
1287 4503 1428 4571 ἄξιοι
1453 4505 1639 4569 αὑτοῦ,
1664 4505 1724 4558 τὸ

1835 3302 1976 3357 latus
2007 3301 2330 3365 accubabat,
2367 3318 2495 3355 num
2536 3318 2654 3357 cam
2701 3306 2953 3374 ignorare
2993 3304 3163 3361 David
3203 3307 3413 3377 potuit?

1836 3390 2031 3448 Verum
2066 3394 2170 3449 hoc
2202 3394 2254 3449 in
2288 3395 2408 3450 loco
2442 3394 2606 3467 769
2644 3411 2750 3449 non
2790 3396 2857 3451 de
2887 3411 2951 3451 ea
2988 3398 3298 3467 cognitione
3330 3400 3411 3452 lo-

1832 3485 2039 3555 quitur,
2085 3502 2208 3557 quae
2258 3488 2372 3542 sola
2411 3488 2579 3541 animi
2634 3488 3117 3558 comprehensione
3173 3498 3408 3555 constat,

1832 3577 1927 3632 sed
1955 3594 2076 3648 quae
2115 3579 2182 3633 ad
2226 3595 2386 3635 usum
2425 3578 2681 3634 refertur.
2721 3578 2854 3633 Nam
2889 3589 2943 3635 et
2973 3582 3112 3637 idem
3147 3582 3213 3637 de
3240 3580 3411 3638 Jacob

1832 3682 2130 3742 usurpatur
2160 3691 2174 3727 :
2205 3673 2297 3743 qui
2338 3679 2542 3743 septem
2583 3688 2756 3729 annos
2790 3688 2914 3727 cum
2959 3673 3193 3729 Rachele
3232 3683 3285 3728 et
3314 3672 3413 3728 Lia

1831 3778 2026 3835 pecora
2079 3772 2319 3836 paverat,
2359 3780 2561 3835 easque
2612 3766 2777 3837 probe
2827 3774 3172 3836 cognoverat.
3203 3765 3411 3820 Nihilo-

1831 3856 2013 3911 minus
2043 3872 2166 3911 cum
2216 3857 2284 3911 de
2338 3857 2582 3912 honestis
2623 3858 2838 3911 illorum
2879 3858 3083 3929 nuptiis
3127 3856 3410 3929 Scriptura

1831 3947 2092 4017 loquitur,
2146 3946 2431 4016 Cognovit,
2471 3950 2668 4021 inquit,
2712 3948 2867 4003 Liam
2914 3966 3129 4006 uxorem
3184 3967 3333 4005 suam
3363 3950 3407 4005 ⁸.

1832 4040 1987 4107 Quod
2023 4040 2271 4096 videlicet
2306 4044 2479 4113 prima
2510 4043 2749 4114 cognitio
2790 4043 2856 4098 ad
2899 4044 3308 4115 intelligentiam
3355 4055 3411 4099 et

1828 4131 2046 4186 videndi
2086 4148 2306 4187 sensum
2332 4173 2346 4194 ,
2401 4136 2672 4204 posterior
2717 4135 2782 4189 ad
2823 4151 2979 4190 nsum
3029 4137 3412 4206 actionemque

1829 4224 2116 4279 referatur.
2151 4223 2350 4281 Eodem
2393 4225 2556 4279 modo
2596 4237 2650 4281 et
2696 4229 2749 4280 in
2797 4228 2971 4282 sacris
3014 4227 3235 4283 Litteris
3278 4229 3411 4300 legi-

1831 4336 1952 4375 mus
1980 4339 1992 4375 :
2029 4319 2282 4391 Cognovit
2322 4320 2577 4378 Dominus
2614 4324 2703 4394 qui
2734 4337 2852 4376 sunt
2886 4323 2998 4393 ejus
3020 4325 3064 4376 ’.
3107 4321 3227 4376 Non
3260 4322 3407 4393 quod

1829 4427 1924 4467 eos
1951 4412 2182 4483 ignoret,
2214 4413 2306 4484 qui
2342 4415 2424 4468 sui
2456 4430 2565 4469 non
2595 4422 2743 4477 sunt,
2777 4415 2870 4469 sed
2906 4414 3105 4468 divina:
3138 4398 3408 4485 cognitio-

1831 4504 1916 4558 nis
1964 4519 2026 4557 ac
2080 4504 2433 4573 perfectionis
2482 4508 2565 4560 vis
2613 4514 2667 4560 ct
2730 4504 3017 4562 cﬂicacitas
3062 4506 3407 4577 exprimitur.

143 4598 446 4669 πρακτικὸν
492 4598 590 4650 ἀπ’
635 4596 816 4650 αὐτῶν
849 4598 1079 4668 ἀναιρεῖ.
1113 4598 1224 4652 Kal
1252 4600 1311 4650 ἐν
1343 4596 1487 4668 ἄλλῳ
1528 4598 1679 4669 τόπῳ
1705 4615 1719 4628 ·

1831 4596 1961 4649 Item
2013 4595 2146 4649 illud
2183 4616 2195 4651 :
2232 4597 2496 4653 Discedite
2546 4615 2576 4650 a
2619 4615 2732 4660 me,
2776 4599 3006 4669 operarii
3060 4598 3352 4667 iniquitatis
3390 4615 3410 4653 :

151 4689 319 4762 ’Υμᾶς
351 4692 557 4761 ἔγνων
588 4690 657 4742 ἐκ
692 4688 933 4743 πάντων
953 4686 1163 4743 ἐθνῶν.
1201 4686 1348 4760 Ἀρα
1371 4688 1481 4760 γὰρ
1504 4688 1571 4741 τὰ
1597 4687 1722 4759 ἔθνη

141 4782 312 4836 πάντα,
338 4821 354 4844 ,
382 4780 486 4833 καί
511 4780 539 4831 ὁ
575 4777 808 4849 ἀριθμὸς
842 4778 1020 4849 πάσης
1050 4777 1472 4850 ἀνθρωπότητος
1494 4778 1601 4830 ἀπὸ
1621 4778 1724 4848 τῆς

143 4872 299 4925 αὑτοῦ
344 4870 610 4941 γνώσεως
655 4868 1113 4943 παραλέλειπται;
1145 4870 1255 4923 Kal
1281 4871 1402 4941 οὐχὶ
1429 4869 1627 4941 μᾶλλον
1665 4871 1722 4922 αἱ

141 4963 318 5033 τρίχες
346 4961 598 5032 ἑκάστης
619 4960 861 5031 κεφαλῆς
887 4960 1198 5033 ἀνθρώπου,
1220 4960 1328 5014 τῶν
1358 4978 1417 5013 τε
1440 4960 1589 5032 αὐτῷ
1611 4962 1725 5015 δου-

142 5054 404 5110 λευόντων
426 5056 527 5108 καὶ
551 5054 661 5107 τῶν
692 5054 841 5125 αὐτῷ
859 5054 1225 5109 ἀπειθούντων
1245 5055 1305 5108 ού
1330 5054 1686 5124 γινώσκονται
1708 5072 1722 5121 ;

144 5148 244 5201 Kal
276 5146 468 5213 ὀδοὺς
491 5146 603 5217 γὰρ
635 5145 739 5212 τὰς
777 5146 846 5199 ἐκ
887 5144 1101 5210 δεξιῶν
1137 5144 1300 5199 older
1328 5148 1361 5198 ὁ
1392 5144 1554 5211 Θεός.
1579 5141 1726 5218 Ἀρα

144 5242 242 5314 γὰρ
277 5243 477 5311 ἀγνοεῖ
518 5238 619 5303 τὰς
658 5238 718 5303 ἐξ
763 5238 1106 5310 ἁριστερῶν;
1144 5240 1253 5292 Καὶ
1287 5238 1427 5291 πόσα
1466 5238 1583 5291 ἐστὶ
1613 5256 1725 5293 τοι·

144 5333 273 5389 αὔτα
306 5335 492 5389 εἰπεῖν
534 5332 664 5401 περὶ
694 5329 953 5401 εἰδήσεως
986 5329 1079 5382 καὶ
1108 5328 1401 5399 εἰδήσεως;

1832 4689 2005 4742 nescio
2037 4705 2123 4743 vos
2150 4690 2214 4744 ¹⁰.
2238 4690 2377 4745 Num
2420 4691 2568 4753 illos.
2596 4691 2740 4761 quod
2780 4692 2846 4746 ad
2870 4690 3235 4762 cognitionem
3287 4693 3413 4761 alti:

1831 4786 1944 4842 net,
1982 4782 2298 4836 nesciebat?
2329 4781 2432 4837 Sed
2473 4783 2757 4849 nimirum,
2783 4783 2927 4857 quod
2958 4783 3077 4853 ipso
3119 4782 3268 4849 digni
3299 4796 3412 4836 non

1831 4882 2007 4935 erant,
2038 4874 2366 4944 cognitionis
2391 4875 2537 4930 illius
2559 4874 2906 4929 efficientiam
2937 4890 3003 4930 co
3029 4874 3194 4928 verba
3227 4880 3403 4928 sustu-

1831 4963 1910 5019 lit.
1951 4966 2033 5020 Ad
2068 4967 2180 5020 haec
2216 4966 2269 5023 in
2294 4968 2401 5022 alio
2441 4969 2561 5024 loco
2593 4989 2607 5024 :
2660 4969 2788 5034 Vas,
2822 4970 3016 5040 inquit,
3048 4969 3166 5021 novi
3198 4981 3264 5036 ea:
3296 4983 3380 5019 om
3402 4998 3416 5008 -

1829 5056 1981 5112 nibus
2026 5057 2342 5128 gentibus".
2390 5057 2536 5115 Itane
2586 5061 2747 5115 vero?
2793 5059 3055 5121 Nationes
3104 5071 3295 5111 omnes
3349 5071 3415 5109 ac

1827 5147 1998 5203 totius
2040 5148 2263 5203 humani
2317 5150 2534 5220 generis
2581 5150 2871 5216 multitudo
2916 5151 3061 5204 illius
3109 5145 3410 5221 cognitioni

1827 5239 2215 5295 subtrahetur?
2260 5240 2459 5296 Annon
2497 5257 2526 5296 e
2556 5244 2837 5297 contrario
2872 5243 2955 5296 vel
2984 5241 3187 5311 capilli,
3226 5239 3320 5310 qui
3353 5238 3407 5291 in

1825 5331 2089 5401 cujusque
2133 5330 2370 5385 hominis
2416 5333 2592 5402 capite
2650 5333 2859 5401 sunt“,
2918 5343 3027 5388 tam
3087 5346 3278 5403 eorum
3317 5336 3414 5402 qui

145 5431 237 5499 ipsi
260 5427 554 5485 serviunt.
596 5439 771 5499 quau
804 5423 894 5493 qui
945 5423 1232 5493 imperium
1292 5422 1626 5488 detrectant;
1657 5423 1726 5477 ab
1754 5425 1945 5480 eodem
1999 5426 2092 5481 illo
2145 5424 2483 5481 noscuntur?
2550 5424 2721 5483 Item:
2778 5424 2904 5499 Via:
2950 5441 3068 5497 qua
3124 5441 3157 5479 a
3204 5421 3407 5494 dextris

144 5536 254 5580 sunt
311 5524 458 5578 novit
511 5520 651 5574 Deus
687 5508 929 5575 ".‘Num
981 5520 1235 5576 sinistras
1273 5518 1519 5591 ignorat?
1568 5518 1740 5585 Quam
1771 5520 1944 5574 multa
1977 5520 2028 5575 id
2057 5536 2228 5592 genus
2258 5521 2325 5576 de
2357 5520 2731 5593 cognitionum
2786 5520 3105 5577 discrimine
3159 5534 3402 5581 comme-

146 5615 343 5671 morari
376 5614 649 5686 possunt?
730 5610 747 5689 I'

209 5778 227 5809 '
254 5777 320 5833 F.
354 5775 559 5830 τοίνυν.
638 5774 660 5805 ⁹
697 5771 826 5829 Cor.
862 5772 1088 5839 ἐννοίας.
1168 5773 1189 5805 ³
1223 5771 1350 5827 Cor.
1389 5771 1727 5841 ἀγνοοῦντος.

217 5848 252 5901 ’ἱ
293 5864 420 5901 sua.
501 5845 525 5877 ⁸
555 5843 694 5901 Gen.
722 5860 875 5901 xxix.
898 5846 986 5901 5|.
1063 5847 1084 5879 ’
1114 5841 1157 5901 II
1187 5842 1330 5899 Tim.
1367 5844 1540 5901 ".19.
1615 5844 1660 5876 ⁸⁸
1700 5842 1727 5898 1

149 5861 187 5910 ι,
217 5861 252 5901 ‘z
293 5864 420 5920 sqq.

147 5934 236 5989 xu,
261 5920 317 5977 'l.
345 5914 360 5920 ⁷
383 5914 445 5951 ’⁸³
484 5914 646 5973 Prov.
678 5932 753 5983 iv,
776 5914 867 5970 27.

1807 5771 1828 5803 ⁸
1854 5771 1989 5829 Gen.
2014 5771 2187 5833 ".25.
2259 5774 2279 5803 ⁸
2319 5771 2560 5835 Gutum.
2598 5772 2650 5826 6.
2696 5772 2716 5803 ⁸
2741 5770 2875 5826 Gen.
2913 5787 2984 5835 IV,
3022 5769 3069 5822 Ι.
3126 5769 3145 5805 ⁷
3177 5765 3241 5819 ΙΙΙ
3275 5764 3408 5835 Reg.

501 5845 525 5877 ⁸
555 5843 694 5901 Gen.
722 5860 875 5908 xxix,
898 5846 986 5901 5|.
1050 5835 1084 5879 ’θ
1114 5841 1157 5901 II
1187 5842 1330 5899 Tim.
1367 5835 1540 5909 11,19.
1615 5844 1660 5876 "
1700 5842 1725 5898 Ι

1830 5884 1832 5894 .
1874 5860 1993 5908 xm,
2026 5843 2115 5898 27.
2197 5844 2235 5875 “
2274 5842 2431 5900 Deut.
2466 5860 2576 5911 xlv,
2606 5843 2660 5897 2.
2742 5843 2783 5875 ¹¹
2816 5840 3002 5897 Matth.
3044 5856 3099 5905 κ,
3131 5837 3234 5905 50;
3272 5835 3409 5891 Luc.
