3846 6322
450 376 557 431 275

1851 380 1909 435 S.
1952 378 2293 435 EPIPHANII

3602 368 3716 429 276

520 489 725 547 XLVII.
762 491 1126 558 Quamobrem
1176 494 1279 550 hoc
1331 496 1509 568 ipsum
1561 499 1875 569 unigenitus
1926 498 2020 554 Dei

2196 502 2326 555 MZ'.
2357 498 2513 552 Οῦτω
2538 498 2631 552 καὶ
2656 499 2684 551 ὀ
2719 494 3013 567 μονογενὴς
3036 490 3163 554 Υἱὸς
3179 487 3273 542 τοῦ
3290 483 3445 539 Θεοῦ.
3485 484 3716 554 Ἐπειδὴ

447 580 620 638 Filius
654 584 841 639 voluit.
876 583 1009 639 Nam
1043 601 1166 639 cum
1206 587 1363 644 Pater
1396 587 1533 645 Filio
1560 592 1828 661 judicium
1860 607 2012 647 com-

448 676 730 741 miserit‘,
775 676 1017 732 vicissim
1070 678 1159 732 hic
1204 680 1396 748 judicii
1448 683 1591 739 illius
1646 684 2014 754 cognitionem

448 766 594 821 Patri
621 767 851 823 detulit:
882 767 1072 832 Nemo,
1106 772 1302 841 inquit,
1334 776 1473 829 novit
1494 774 1771 843 diem,nisi
1802 775 2018 831 Pater”.

446 857 601 923 Quod
633 857 853 914 duobus
886 860 1061 914 modis
1089 864 1345 931 explicari
1380 873 1576 935 potest.
1609 864 1851 920 Primum
1878 864 2022 934 quod

445 948 665 1018 quando
701 960 926 1004 ventura
962 955 1033 1006 sit
1081 954 1381 1025 intelligat;
1436 972 1559 1010 cum
1594 972 1659 1012 ex
1706 958 1854 1012 illius
1886 967 2022 1011 nutu

446 1054 508 1092 ac
554 1040 829 1093 voluntate
870 1041 1002 1095 liora
1046 1043 1134 1097 illa
1181 1060 1244 1097 ac
1288 1045 1405 1101 dies
1450 1047 1723 1102 adveniat.
1770 1047 2023 1102 Secundo

446 1129 569 1185 ideo
603 1146 766 1186 nosse
799 1133 1021 1197 dicitur,
1058 1136 1204 1204 quod
1247 1135 1384 1193 Filio
1421 1154 1520 1194 suo
1548 1139 1659 1207 jam
1690 1154 1907 1194 omnem
1942 1138 2006 1191 ιι-

446 1220 552 1274 lam
583 1220 777 1290 judicii
823 1224 1159 1280 {unctionem
1206 1227 1514 1282 tradiderit.
1544 1227 1653 1282 Nec
1686 1228 1869 1283 minus
1897 1228 2024 1282 huic

447 1314 551 1385 ipsi
578 1314 672 1370 Dei
704 1314 865 1379 Filio,
912 1325 1097 1387 utpote
1130 1317 1263 1382 Deo,
1295 1334 1395 1373 nec
1441 1321 1549 1373 ulla
1593 1334 1650 1373 re
1683 1334 1712 1371 a
1742 1318 1904 1374 Patre
1936 1321 2022 1375 di-

446 1421 624 1470 verso,
653 1407 840 1462 eadem
868 1419 952 1463 est
977 1410 1273 1464 tribuenda
1297 1410 1557 1480 cognitio.
1592 1410 1772 1476 Quare
1801 1419 1855 1465 et
1878 1410 2021 1466 diem

447 1498 597 1552 illam
626 1500 798 1564 novit,
832 1510 886 1555 et
912 1502 1158 1557 eamdem
1189 1503 1472 1573 producit,
1503 1519 1565 1557 ac
1589 1503 1835 1574 perﬁcit,
1867 1504 2025 1573 etju-

446 1590 649 1645 dicium
681 1593 1053 1659 administrat,
1082 1610 1182 1649 nec
1226 1595 1429 1665 absque
1472 1596 1565 1650 illo
1598 1611 1826 1665 prorsus
1859 1596 2027 1651 adve-

447 1679 581 1734 niet.
625 1678 812 1751 Neque
854 1691 1055 1748 tamen,
1098 1682 1246 1754 quod
1285 1683 1352 1737 ad
1387 1684 1724 1740 eﬂ‘ectionem
1767 1687 2020 1757 pertinet,

447 1785 569 1825 eam
601 1788 763 1828 nosse
796 1773 1019 1838 dicitur,
1044 1776 1172 1845 quia
1202 1775 1442 1830 nondum
1465 1776 1735 1845 judicium
1762 1778 2019 1833 instituit.

2127 592 2234 663 γὰρ
2281 593 2309 644 ὁ
2356 590 2545 663 Πατὴρ
2592 591 2691 661 τὴν
2741 587 2921 660 κρίσιν
2955 584 3156 637 δέδωκε
3188 580 3266 651 τῷ
3299 577 3433 647 Υἱῷ,
3465 576 3567 646 τὴν
3612 576 3719 645 τῆς

2124 686 2377 755 γνώσεως
2405 685 2498 737 καὶ
2530 683 2765 754 κρίσεως
2803 679 3004 749 γνῶσιν
3042 674 3326 730 ἀπέδωκεν
3358 669 3457 739 ⁸ἤδη
3488 667 3567 739 τῷ
3598 669 3720 721 Πα-

2122 781 2243 852 τρί·
2279 781 2359 832 ὃτι
2388 776 2598 842 Οὐδεὶς
2628 773 2754 830 οἶδε
2792 772 2908 837 τὴν
2933 769 3185 839 ἡμέραν,
3221 767 3270 819 εὶ
3297 762 3383 834 μὴ
3416 766 3447 816 ό
3468 761 3716 852 Πατήρ·

2124 851 2267 927 κατά
2306 870 2399 924 δύο
2430 871 2683 941 τρόπους,
2731 868 2811 920 ὅτι
2845 861 2977 927 οἶδε,
3009 860 3143 914 πότε
3187 858 3440 927 ἔρχεται·
3477 853 3573 905 καὶ
3604 851 3719 920 γὰρ

2124 966 2217 1018 ἐπὶ
2246 966 2311 1035 τῇ
2340 962 2503 1016 αὐτοῦ
2535 960 2753 1029 ἐξουσίᾳ
2773 960 2806 1028 ἡ
2847 954 3032 1027 ἡμέρα
3056 953 3151 1005 καὶ
3181 949 3298 1020 ῶρα
3323 947 3564 1017 ἔρχεται.
3600 944 3722 995 Καὶ

2122 1052 2260 1110 οἶδεν
2293 1055 2490 1125 αὑτήν·
2534 1053 2632 1123 ἤδη
2682 1050 2790 1121 γὰρ
2838 1047 3153 1118 πέπρακται
3199 1038 3350 1109 αὐτῴ
3410 1036 3722 1107 παραδεδο-

2129 1145 2262 1217 μένη
2297 1145 2329 1214 ἠ
2361 1143 2541 1215 κρίσις
2568 1140 2647 1210 τῷ
2680 1139 2992 1205 Μονογενεῖ.
3035 1133 3192 1187 Οὕτω
3220 1130 3315 1184 καὶ
3347 1130 3403 1182 ἐν
3436 1128 3514 1197 τῷ
3552 1143 3722 1196 μονο-

2126 1238 2275 1305 γενεῖ
2304 1233 2419 1303 Υἱῷ
2443 1231 2536 1285 τοῦ
2558 1230 2714 1293 Θεοῦ,
2742 1229 2860 1298 Θεῷ
2886 1229 3021 1291 ὄντι,
3053 1225 3147 1278 καλ¹
3177 1221 3343 1293 μηδὲν
3368 1219 3473 1272 ἀπδ
3498 1218 3723 1287 Πατρὸς

2126 1326 2588 1399 παρηλλαγμένῳ,
2649 1326 2682 1394 ή
2724 1322 2861 1391 αὐτὴ
2902 1320 3125 1389 εἴδησις.
3179 1316 3348 1377 Αὐτὸς
3406 1312 3517 1381 γὰρ
3570 1308 3722 1363 οἶδεν

2126 1416 2316 1487 αὐτὴν,
2353 1416 2447 1469 καὶ
2479 1414 2639 1477 αὐτὸς
2679 1411 2801 1480 ἄγει
2831 1409 3023 1479 αὐτὴν,
3067 1406 3163 1458 καὶ
3197 1404 3375 1475 φέρει,
3406 1404 3501 1455 καὶ
3540 1401 3720 1461 τελεῖ,

2127 1510 2221 1563 καὶ
2269 1508 2474 1578 κρίνει·
2509 1506 2604 1559 καὶ
2644 1504 2771 1557 ἄνευ
2826 1496 2990 1553 αὑτοῦ
3024 1498 3124 1549 οὑκ
3175 1494 3411 1565 ἔρχεται.
3444 1489 3617 1544 Οὔπω
3662 1488 3724 1542 δὲ

2127 1600 2267 1670 ἔγνω
2287 1600 2456 1669 αὐτὴν
2481 1598 2622 1652 κατά
2643 1597 2862 1666 πρᾶξιν,
2876 1590 3152 1646 τουτέστιν
3171 1587 3323 1641 οῦπω
3343 1584 3722 1656 ἐκρινεν.Ἕτι

2126 1688 2235 1759 γάρ
2263 1686 2477 1749 ἀσεϐεῖς
2515 1682 2792 1745 ἀσεϐοῦσι,
2827 1683 2921 1735 καὶ
2963 1679 3136 1733 ἄδικοι
3168 1674 3584 1729 πλεονεκτοῦσιο
3620 1672 3724 1723 καὶ

2128 1781 2338 1852 πόρνοι,
2375 1779 2466 1831 καὶ
2496 1777 2694 1848 μοιχοὶ,
2727 1774 2819 1828 καὶ
2869 1770 3249 1840 εἰδωλολάτραι
3282 1764 3543 1835 ἀνομοῦσι
3564 1781 3576 1793 δ
3620 1764 3725 1814 καὶ

445 1859 581 1917 Nam
610 1872 664 1918 et
687 1864 834 1934 impii
867 1866 1044 1920 adhuc
1072 1868 1404 1937 impietatem
1437 1879 1713 1934 exercent,
1740 1878 1794 1924 et
1838 1870 2023 1938 injusti

2131 1876 2159 1927 ὁ
2184 1872 2425 1933 διάϐολος
2459 1873 2688 1941 ἐνεργεῖ,
2725 1868 2818 1921 καὶ
2844 1867 3086 1937 αἱρέσεις
3112 1862 3522 1916 ἐπανίστανται·
3554 1857 3658 1909 καὶ
3687 1857 3721 1924 ἡ

447 1954 625 2010 aliena
669 1971 765 2026 per
791 1958 899 2011 vim
939 1968 1238 2029 usurpant;
1279 1968 1333 2015 et
1372 1968 1733 2031 stupratores,
1770 1961 2024 2028 adulteri,

446 2062 513 2103 ac
544 2048 960 2106 simulacrorum
1010 2053 1246 2107 cultores
1295 2052 1498 2123 ﬂagitia
1546 2070 1644 2110 sua
1697 2063 2026 2125 perpetrant,

447 2146 504 2193 et
536 2139 788 2197 diabolus
820 2143 1042 2197 molitur
1076 2144 1316 2215 aliquid;
1352 2156 1405 2201 et
1436 2146 1669 2202 haereses
1704 2148 2026 2216 insurgunt;

446 2239 502 2286 et
572 2246 822 2287 errorum
892 2234 1105 2291 falsitas
1178 2238 1578 2307 quamplurima
1665 2239 2026 2301 machinatur,

448 2320 622 2375 donec
672 2324 878 2378 scilicet
929 2323 1071 2378 diem
1130 2326 1281 2380 illum
1314 2326 1482 2383 Filius
1536 2328 1624 2383 Dei
1683 2328 1943 2398 proterat,
1974 2336 2029 2384 et

449 2414 745 2487 unicuique
788 2416 935 2485 quod
979 2416 1188 2486 justum
1233 2428 1317 2474 est
1360 2420 1524 2489 77o
1573 2422 1864 2486 attribuat;
1911 2430 2027 2474 tum

448 2507 689 2574 demum,
721 2507 867 2561 illam
898 2526 1061 2564 nosse
1093 2510 1327 2573 dicetur,
1364 2512 1466 2565 hoc
1496 2519 1580 2565 est
1616 2514 1666 2564 vi
1701 2526 1820 2578 sua,
1854 2526 1916 2564 ac
1940 2528 2030 2581 po-

362 2594 363 2597 “
446 2604 649 2653 testate
680 2596 882 2653 facere.
929 2599 1073 2671 Ergo
1115 2601 1245 2655 illud
1295 2603 1348 2655 in
1384 2600 1546 2657 Patre
1595 2601 1810 2657 duobus
1849 2602 2025 2657 modis

447 2690 740 2762 impletur;
769 2694 820 2747 in
844 2692 980 2749 Filio
1005 2711 1133 2749 vero
1160 2695 1388 2751 scientia
1410 2706 1464 2750 et
1493 2697 1807 2767 cognitione
1827 2710 2021 2761 tenus;

445 2798 550 2839 nec
595 2784 642 2840 is
688 2793 869 2840 tamen
910 2786 1151 2858 ignorat;
1206 2788 1301 2843 sed
1342 2788 1584 2842 nondum
1639 2788 1853 2842 actione
1907 2789 2023 2857 ipsa

446 2874 704 2946 perfecit;
763 2878 1003 2932 nondum
1052 2880 1196 2933 enim
1247 2880 1537 2949 judicavit.
1589 2880 1813 2950 Angelis
1863 2895 2024 2949 porro

447 2968 665 3026 duobus
687 2973 861 3026 modis
885 2973 1000 3027 haec
1029 2973 1268 3043 cognitio
1294 2974 1602 3028 detrahitur
1631 2992 1643 3027 :
1675 2974 1819 3043 quod
1850 2988 2025 3041 neque

449 3061 670 3130 quando
709 3062 893 3123 futura
924 3063 994 3118 sit
1033 3063 1359 3133 intelligant,
1407 3077 1507 3117 nec
1536 3062 1753 3116 actione
1784 3062 1899 3131 ipsa
1928 3077 2021 3115 co-

447 3161 736 3224 gnoscant,
787 3153 887 3208 hoc
934 3168 1019 3209 est
1062 3156 1198 3208 nihil
1242 3154 1418 3208 adhuc
1462 3153 1763 3209 eﬂ‘ecerint.
1816 3152 2024 3223 Quippe

447 3242 692 3299 nondum
742 3246 1057 3299 mandatum
1109 3247 1217 3301 illis
1258 3255 1361 3308 est,
1400 3254 1458 3299 ut
1491 3254 1705 3309 exeant,
1746 3252 1800 3300 et
1829 3246 2023 3314 impios

448 3335 598 3390 velut
620 3336 809 3391 lolium
843 3338 895 3391 in
928 3337 1220 3394 fasciculos
1249 3339 1529 3409 colligant,
1559 3347 1615 3393 et
1648 3337 1754 3409 igni
1786 3337 1852 3392 ad
1875 3352 2026 3391 com-

448 3423 754 3481 burendum
807 3437 1112 3498 praeparent
1130 3430 1169 3483 ⁸.
1215 3430 1683 3495 Animadvertitis,
1736 3433 1954 3504 Opinor,
1992 3445 2025 3485 ο

2133 1966 2310 2034 πλάνη
2358 1963 2671 2035 ἐργάζεται,
2715 1961 2820 2022 ἓως
2867 1958 3067 2029 ἐνέγκῃ
3111 1954 3278 2025 αὐτὴν
3306 1952 3402 2022 τὴν
3438 1948 3662 2020 ἡμέραν
3693 1950 3725 1999 ὁ

2135 2055 2427 2128 μονογενὴς
2475 2054 2602 2117 Υἱὸς
2650 2051 2744 2105 τοῦ
2787 2048 2943 2113 Θεοῦ,
2993 2049 3089 2101 καὶ
3129 2046 3189 2099 τὸ
3237 2045 3444 2097 δίκαιον
3491 2040 3724 2109 ἑκάστῳ

2131 2149 2423 2219 ἀπονείμῃ.
2460 2147 2572 2200 Καὶ
2596 2142 2866 2214 γνώσεται
2896 2140 3087 2211 αὐτὴν,
3116 2138 3365 2192 τουτέστι
3390 2131 3590 2205 πράξει
3620 2132 3722 2185 αῦ-

2128 2239 2224 2312 τὴν
2261 2239 2510 2308 δυνάμει.
2551 2236 2661 2290 Καὶ
2692 2237 2748 2288 ἐν
2784 2233 2882 2305 μὲν
2929 2232 3108 2303 Πατρὶ
3150 2228 3290 2283 κατά
3334 2225 3428 2279 δύο
3472 2223 3724 2294 τρόπους

2130 2331 2516 2402 πεπλήρωται’
2554 2330 2612 2380 ἐν
2643 2327 2701 2380 δὲ
2743 2325 2818 2398 τῷ
2851 2323 2967 2395 Υἱῷ
3000 2324 3143 2377 κατὰ
3173 2320 3375 2391 εῐδησίν
3424 2318 3564 2377 ἐστι,
3617 2317 3722 2368 καὶ

2128 2425 2228 2477 οὐκ
2283 2424 2591 2491 ἀγνοεῖται’
2643 2418 2784 2473 κατὰ
2842 2418 2899 2471 δὲ
2952 2414 3149 2489 πρᾶξιν
3199 2412 3351 2467 οῦπω
3405 2409 3714 2480 ἐτελέσθη”

2130 2515 2315 2587 ἐπειδὴ
2345 2513 2499 2567 οῦπω
2539 2513 2816 2584 κέκρικεν.
2859 2510 2991 2564 Ἀπὸ
3015 2508 3072 2562 δὲ
3101 2506 3210 2561 τῶν
3253 2501 3721 2573 ἀγίωνάγγέλων

2130 2611 2270 2666 κατά
2293 2608 2384 2662 δύο
2413 2609 2650 2681 τρόπους
2683 2605 3078 2678 παραλέλυται,
3114 2603 3207 2656 καὶ
3241 2603 3296 2654 ἐν
3330 2598 3407 2669 τῷ
3433 2597 3664 2669 μηδέπω
3696 2597 3720 2627 ⁸

2128 2703 2266 2757 κατά
2295 2701 2493 2773 πρᾶξιν
2517 2699 2812 2769 ἐγνωκέναι
2835 2698 3054 2761 αὐτοὺς,
3076 2694 3353 2767 τουτέστιν
3373 2690 3717 2743 ἐπιτελέσαι.

2129 2795 2295 2850 Οὔπω
2326 2795 2434 2866 γὰρ
2462 2791 2911 2865 προσετάχθησαν
2954 2787 3208 2853 ἐξελθεῖν,
3250 2785 3343 2838 καὶ
3379 2785 3718 2850 συναγαγεῖν

2127 2890 2252 2949 τοὺς
2282 2885 2522 2949 ἀσεϐεῖς,
2563 2884 2638 2947 ῶς
2667 2883 2736 2936 τὰ
2771 2881 3010 2947 ζιζάνια,
3039 2876 3267 2949 δεσμάς,
3296 2876 3389 2929 καὶ
3416 2873 3717 2943 ἑτοιμάσαι

2126 2978 2206 3040 εἰς
2234 2976 2295 3028 τὸ
2328 2973 2439 3045 πῦρ
2468 2972 2851 3050 κατακαῆναι.
2881 2970 2988 3024 Καὶ
3013 2970 3198 3040 ὁρᾶτε,
3232 2960 3276 3018 ὦ
3307 2963 3586 3033 ἀγαπητοὶ
3613 2963 3716 3015 καὶ

2126 3069 2222 3121 τοῦ
2252 3066 2386 3120 Θεοῦ
2413 3064 2609 3127 δοῦλοι,
2650 3065 2732 3117 ὅτι
2766 3063 2942 3134 μάτην
2985 3062 3214 3123 ἕκαστος
3251 3058 3356 3111 τῶν
3403 3057 3547 3109 κατά
3585 3073 3715 3107 τινα

2128 3158 2398 3231 πρόληψιν
2428 3159 2639 3220 ἑαυτοῖς
2667 3155 2736 3209 τὰ
2783 3155 2931 3209 δεινά
2965 3151 3364 3222 ἐπισπωμένων
3407 3146 3680 3218 ἐστρατεύ
3701 3175 3716 3187 ο

2081 3237 2093 3257 ⁸
2133 3268 2282 3312 σατο,
2333 3249 2606 3319 διαφόρως
2654 3247 2884 3308 ἕκαστος
2916 3245 3037 3299 καθ’
3090 3241 3282 3297 ἐαυτοῦ
3327 3243 3405 3303 εἰς
3447 3239 3539 3292 τὸν
3580 3238 3716 3289 ne»

2130 3340 2224 3393 τοῦ
2276 3339 2409 3392 Θεοῦ
2454 3338 2523 3391 τὰ
2560 3338 2761 3409 ἥσσονα
2808 3336 2903 3390 καὶ
2954 3334 3311 3406 ἡλαττωμένα
3367 3332 3715 3403 βλασφημεῖν

2133 3430 2559 3501 ἐπιχειροῦντες.

450 3517 784 3583 charissimi,
828 3519 1032 3590 Deique
1074 3522 1240 3584 servi,
1290 3537 1385 3577 eos
1427 3537 1632 3591 omnes
1664 3564 1678 3589 ,
1727 3525 1821 3595 qui
1900 3532 2093 3593 sponte
2133 3538 2232 3576 sua
2275 3521 2551 3589 animique
2600 3518 2882 3589 proposito
2920 3506 3024 3572 sibi
3067 3518 3358 3585 pernmmm
3394 3516 3706 3570 arcessunt,

450 3612 658 3669 frustra
699 3614 912 3669 veritati
967 3615 1164 3670 bellum
1205 3614 1429 3681 inferre,
1469 3631 1596 3671 cum
1638 3619 2019 3689 unusquisque
2051 3631 2247 3686 magno
2275 3631 2375 3669 suo
2407 3616 2569 3677 malo,
2597 3614 2811 3668 diversa
2876 3613 3089 3665 ratione
3130 3608 3441 3663 inferiorem
3506 3620 3712 3676 quam-

451 3706 579 3761 dam
607 3706 978 3761 conditioncm
1013 3721 1077 3760 ac
1106 3716 1309 3760 sortem
1354 3706 1448 3762 Dei
1478 3706 1619 3762 Filio
1647 3725 1742 3777 per
1769 3724 2037 3765 summam
2068 3707 2452 3762 contumeliam
2483 3712 2713 3758 conatur
2741 3702 3035 3757 ascribere.

522 3797 755 3853 XLVIII.
809 3798 1009 3854 Verum
1044 3816 1169 3854 cum
1205 3801 1471 3855 hactenus
1509 3801 1578 3857 de
1611 3803 1703 3856 illo
1735 3801 2032 3872 Scripturae

454 3891 577 3946 loco
620 3892 754 3946 satis
804 3892 974 3945 multa
1026 3891 1348 3958 dixerimus,
1395 3900 1616 3958 caztera,
1667 3910 1788 3964 qua
1819 3896 1887 3949 ab
1923 3894 2029 3950 illis

452 3982 778 4051 atteruntur,
806 3982 991 4037 divino
1027 3983 1147 4040 freti
1174 3983 1447 4054 praesidio,
1466 3985 1773 4055 cujusmodi
1805 3988 1913 4040 sint
1944 3986 2028 4040 vi-

453 4078 701 4134 deamus.
739 4076 951 4132 Etenim
982 4078 1232 4148 generosi
1270 4078 1347 4131 illi
1388 4092 1453 4132 ac
1498 4078 1725 4132 nimium
1770 4079 2026 4144 audaces,

451 4167 669 4223 tametsi
720 4184 829 4221 non
880 4167 1069 4223 eadem
1121 4183 1247 4223 cum
1297 4168 1630 4235 Manichzeis,
1686 4180 1847 4243 atque
1904 4171 2029 4227 aliis

452 4273 616 4330 quam
657 4257 908 4329 plurimis
960 4257 1260 4314 hazresibus
1303 4259 1563 4325 sentiant,
1605 4260 1700 4316 sed
1742 4277 1923 4315 veram
1971 4262 2027 4315 in

452 4351 674 4406 Christo
706 4367 927 4407 carnem
982 4354 1273 4417 retineant,
1312 4354 1416 4409 hoc
1455 4354 1632 4425 ipsum
1686 4364 1863 4409 tamen
1915 4371 2025 4410 non

452 4444 609 4514 plene
638 4451 800 4511 atque
829 4444 1057 4513 integre,
1094 4446 1187 4500 sed
1222 4461 1347 4499 cum
1391 4445 1608 4525 deiectu
1648 4447 1831 4517 aliquo
1861 4447 2024 4517 proti-

2199 3802 2343 3855 MH'.
2399 3799 2560 3853 Ἀλλά
2597 3798 2692 3852 καὶ
2742 3797 2945 3869 ταύτης
2990 3794 3187 3858 ἱκανῶς
3231 3792 3330 3862 τὴν
3366 3790 3567 3862 φράσιν
3611 3808 3716 3844 πε-

2130 3893 2435 3963 ποιημένοι,
2470 3892 2554 3945 ἐπ’
2595 3889 2759 3952 ἄλλας
2794 3889 2952 3943 πάλιν
2994 3888 3174 3941 αὐτῶν
3204 3886 3377 3952 λέξεις
3404 3883 3583 3954 δῶμεν
3614 3882 3713 3937 τὸν

2128 3984 2272 4047 νοῦν,
2303 3984 2399 4036 σὺν
2429 3985 2494 4051 τῇ
2530 3981 2623 4034 τοῦ
2651 3980 2785 4034 Θεοῦ
2816 3980 3063 4051 δυνάμει.
3093 3980 3154 4032 Οἱ
3188 3978 3296 4048 γὰρ
3330 3975 3713 4043 γεννάδαι·καὶ

2128 4078 2206 4141 εἰς
2234 4076 2410 4129 πάντα
2433 4073 2706 4144 εῦτολμοι,
2734 4073 2911 4126 καίτοι
2930 4089 2993 4139 γε
3018 4068 3403 4142 ὁμολογοῦντες
3425 4067 3545 4136 οὐχ).
3564 4066 3713 4119 κατὰ

2135 4172 2262 4233 τοὺς
2289 4166 2644 4238 Μανιχαίους,
2687 4165 2805 4218 οὐδὲ
2840 4164 2980 4218 κατὰ
3011 4163 3175 4226 ἄλλας
3210 4160 3407 4223 πολλὰς
3440 4158 3710 4230 αἱρέσεις,

2135 4259 2272 4313 ἀλλά
2306 4257 2408 4311 κᾶν
2458 4258 2519 4310 τὸ
2559 4255 2700 4310 κατά
2751 4254 2929 4325 σάρκα
2978 4252 3177 4323 ἀληθὲς
3217 4249 3554 4319 κατέχοντες,
3611 4250 3712 4301 καὶ

2142 4351 2275 4404 αὐτὸ
2308 4350 2361 4402 δὲ
2398 4348 2651 4411 ἐλλιπῶς,
2686 4346 2778 4399 καὶ
2822 4346 2881 4397 οὐ
2934 4344 3300 4415 πληρέστατα.
3353 4338 3711 4411 Ὀμολογοῦσι

2131 4444 2239 4513 γὰρ
2257 4442 2345 4496 τὸν
2370 4441 2598 4511 Σωτῆρα
2624 4439 2799 4509 σάρκα
2819 4435 3085 4505 ἀληθινῶς
3115 4433 3425 4505 ἐσχηκέναι.
3459 4430 3713 4483 Ἀκούονς-

452 4540 655 4587 tentur.
709 4530 844 4584 Nam
906 4532 1246 4588 Salvatorem
1312 4522 1558 4587 nostrum
1622 4550 1748 4589 vera
1805 4536 2022 4603 quidem

2131 4553 2220 4598 τες
2250 4534 2307 4586 δὲ
2336 4534 2429 4586 ἀπ’
2479 4530 2641 4584 αὐτοῦ
2679 4530 2771 4583 τοῦ
2832 4527 3184 4596 Εὑαγγελίου,
3212 4528 3293 4579 ὅτι
3328 4524 3606 4593 κέκμηκεν
3642 4524 3712 4579 ἐκ

450 4632 617 4672 carne
643 4619 925 4687 praeditum
956 4618 1123 4675 fuisse
1144 4622 1470 4675 concedunt.
1500 4621 1603 4677 Sed
1627 4638 1751 4676 cum
1772 4623 1824 4676 in
1850 4622 2025 4676 Evan-

451 4709 594 4781 gelio
625 4709 853 4762 audiunt
870 4710 911 4773 δ,
936 4710 1184 4765 eumdem
1206 4725 1273 4764 ex
1295 4711 1489 4766 itinere
1514 4711 1798 4783 fatigatum
1820 4712 2022 4778 fuisse;

450 4816 665 4855 necnon
718 4809 773 4856 et
821 4800 1014 4856 famem
1045 4802 1302 4873 sitimque
1322 4804 1631 4873 pertulisse,
1663 4805 1933 4861 dormisse
1960 4820 2025 4873 ac

451 4894 778 4957 surrexisse,
794 4893 907 4948 haec
923 4894 1102 4947 omnia
1121 4896 1436 4966 colligentes
1454 4896 1521 4951 ad
1543 4896 1662 4965 ejus
1680 4896 2020 4953 divinitatem

448 4980 693 5037 referunt
723 5002 736 5037 :
769 4999 931 5053 quam
962 4984 1180 5053 quidem
1214 4986 1551 5053 argumentis
1580 4986 1849 5056 ejusmodi
1897 4988 2018 5042 freti

456 5078 688 5132 alienam
733 5091 762 5129 a
807 5084 1003 5130 natura
1030 5075 1208 5132 Patris
1241 5077 1509 5133 allirmare
1559 5089 1849 5133 cernantur.
1881 5079 2017 5136 Cum

449 5170 592 5225 enim
624 5167 782 5223 Pater
812 5185 919 5224 non
952 5170 1179 5232 laboret,
1201 5185 1372 5238 neque
1403 5171 1571 5235 sitiat,
1593 5188 1691 5226 nec
1714 5172 1940 5236 esuriat,
1967 5182 2027 5226 ut

451 5261 735 5332 Scriptura
775 5278 931 5317 sacra
970 5264 1251 5334 loquitur:
1282 5262 1405 5318 Non
1444 5264 1730 5327 laborabit,
1766 5282 1925 5335 neque
1954 5267 2027 5319 si-

453 5355 562 5415 tiet.
592 5371 683 5408 nec
710 5357 922 5415 esuriat,
954 5373 1043 5409 nec
1070 5367 1146 5409 est
1172 5358 1500 5427 investigatio
1526 5357 1819 5425 prudentia:
1838 5359 2021 5427 ejus“;

448 5446 639 5500 eadem
675 5447 763 5499 illa
797 5464 925 5502 vero
970 5449 1024 5501 in
1070 5448 1204 5503 Filio
1236 5450 1475 5519 perfecta
1512 5458 1827 5515 cernantur,
1858 5466 1886 5503 a
1920 5450 2024 5503 Pa-

450 5537 574 5600 tris,
605 5538 879 5606 inquiunt,
904 5543 1140 5595 essentia
1166 5550 1217 5593 et
1241 5553 1434 5596 natura
1459 5544 1528 5596 sit
1550 5542 1757 5594 alienus
1785 5552 2018 5610 oportet.

451 5627 629 5692 Atque
661 5627 773 5681 hate
807 5630 1023 5695 quidem
1065 5632 1248 5683 omnia
1284 5639 1410 5685 ante
1458 5632 1890 5685 incarnationem
1925 5631 2028 5684 mi-

2132 4626 2229 4697 τῆς
2262 4623 2586 4693 ὁδοιπορίας,
2614 4624 2706 4675 καὶ
2738 4621 3009 4691 ἐπείνησε,
3042 4621 3136 4671 καὶ
3170 4618 3408 4687 ἐδίψησε,
3438 4616 3531 4668 καῖ⁵
3562 4617 3713 4668 ἐκοι-

2138 4717 2305 4787 μήθη,
2337 4717 2431 4769 καὶ
2460 4716 2679 4786 ἀνέστη,
2715 4715 2887 4769 ταῦτα
2916 4713 3093 4767 πάντα
3122 4710 3465 4774 συνάξαντες,
3494 4709 3575 4771 εἰς
3607 4708 3713 4778 τὴν

2135 4809 2364 4880 θεότητα
2399 4809 2729 4879 ἀναφέρουσι
2758 4808 2855 4879 τὴν
2887 4805 3073 4867 αὐτοῦ,
3112 4804 3419 4875 βουλόμενοι
3457 4800 3554 4871 τὴν
3590 4800 3713 4853 θεό-

2131 4916 2270 4970 τητα
2308 4898 2471 4953 αὐτοῦ
2500 4899 2575 4962 ὡς
2616 4900 2678 4950 ἐκ
2716 4898 2823 4951 τῶν
2850 4895 3108 4949 τοιούτων
3138 4890 3445 4946 ὑποθέσεων
3469 4889 3713 4944 ἀπαλλο-

2129 4991 2312 5063 τριοῦν
2340 4991 2447 5061 ’τῆς
2470 4990 2563 5043 τοῦ
2607 4990 2821 5061 Πατρὸς
2861 4987 3067 5050 οὐσίας.
3105 4988 3227 5039 Ὅτι
3257 4986 3304 5038 εἰ
3337 4984 3471 5047 ἐστι,
3515 4982 3705 5052 φησὶν,

2128 5088 2192 5136 ἐκ
2229 5083 2322 5136 τοῦ
2346 5083 2579 5152 Πατρὸς,
2611 5081 2701 5136 τοῦ
2743 5080 2957 5150 Πατρὸς
2994 5078 3067 5148 μὴ
3098 5076 3414 5137 κοπιῶντος,
3464 5071 3597 5142 μηδέ
3625 5070 3711 5123 6t-

2129 5174 2357 5244 ψῶντος,
2390 5175 2523 5244 μήτε
2561 5172 2869 5235 πεινῶντος,
2897 5169 3079 5232 καθὼς
3108 5171 3140 5238 ἡ
3163 5166 3280 5219 θεία
3304 5164 3494 5237 Γραφὴ
3515 5162 3668 5229 λέγει
3687 5178 3701 5190 ο

2125 5267 2207 5318 Οὐ
2234 5265 2532 5327 κοπιάσει,
2579 5263 2721 5317 οὐδὲ
2762 5260 3055 5321 πεινάσει,
3082 5256 3225 5311 οὐδὲ
3263 5254 3528 5323 διψήσει,
3562 5252 3708 5305 οὔτε

2129 5353 2415 5417 ὐπνώσει,
2471 5352 2613 5407 οὐδὲ
2657 5353 2828 5405 ἔστιν
2866 5349 3172 5417 ἑξεύρεσις
3212 5344 3321 5412 τῆς
3355 5340 3708 5411 φρονήσεως

2127 5444 2313 5498 αὑτοῦ
2333 5461 2345 5473 ·
2380 5443 2582 5496 τούτων
2613 5443 2670 5495 δὲ
2699 5442 2871 5505 οὕτως
2899 5442 2977 5503 εἰς
3011 5440 3101 5492 τὸν
3138 5437 3267 5490 Υἱὸν
3290 5432 3705 5493 τελειωθέντων,

2133 5537 2409 5607 ἀλλότριος
2452 5536 2578 5605 ἄρα,
2609 5537 2791 5604 φασιν,
2833 5535 3067 5603 ὑπάρχει
3098 5532 3200 5601 τῆς
3227 5528 3320 5583 τοῦ
3368 5527 3581 5598 [ἰατρὸς
3612 5525 3696 5576 οὑο

2141 5630 2261 5694 σίας
2287 5646 2343 5682 τε
2374 5632 2467 5681 καὶ
2506 5629 2742 5697 φύσεως.
2787 5626 2897 5681 Καὶ
2928 5627 3010 5679 ὅτι
3044 5628 3140 5696 μὲν
3164 5623 3337 5679 ταῦτα
3364 5624 3443 5685 εἰς
3473 5621 3564 5673 τὸν
3590 5618 3709 5673 M9-

524 5783 537 5799 '
579 5780 733 5838 Joan.
768 5800 817 5849 v,
845 5783 934 5838 22.
1014 5786 1032 5817 ²
1074 5785 1236 5843 Marc.
1274 5804 1391 5854 xm,
1422 5787 1509 5843 3'2.
1593 5789 1610 5819 ³
1640 5786 1821 5841 Matth.
1858 5804 1973 5851 xm,
2005 5787 2092 5842 30.
2174 5796 2192 5817 '
2227 5784 2381 5841 Joan.
2411 5802 2482 5851 tv,
2518 5786 2567 5838 6.
2646 5785 2664 5815 ⁸
2698 5784 2796 5838 Isa.
2835 5800 2922 5848 XL,
2952 5781 3043 5837 28.
3125 5783 3142 5809 ‘
3177 5780 3332 5835 Deest
3360 5774 3584 5845 aliquid.
