3826 6206
167 305 246 364 277
734 294 1098 353 ADVERSUS
1137 295 1474 354 HERESES
1510 296 1638 353 LIB.
1674 295 1688 352 l

1795 297 1941 356 I‘OM.
1979 297 2114 356 ll.-——
2148 299 2422 358 HERES.
2455 301 2638 356 LXIX.

167 417 318 490 νογενῆ
343 415 432 469 οὐκ
463 411 764 484 ἐπληροῦτο
792 413 898 486 πρὸ
925 415 1024 486 τῆς
1057 415 1320 489 ὲνσάρκου
1357 416 1676 487 παρουσίας,

1795 416 1930 473 nime
1961 418 2283 474 convenisse
2316 416 2476 482 Filio,
2510 416 2596 472 vel
2630 415 2732 486 ipsi
2765 413 3052 472 fateantur.
3084 411 3185 466 Cui
3219 427 3346 466 cunt

166 512 286 570 αὐτοὶ
303 506 704 580 ὁμολογήσουσιν
724 519 738 535 ·
767 506 895 559 ὅταν
918 505 974 560 δὲ
1003 506 1410 578 ὁμολογήσωσιν
1435 507 1676 577 ἀναγκα-

165 606 353 676 ζόμενοι,
375 596 558 652 ἔλθωσι
581 597 637 651 δὲ
665 599 746 662 είς
776 597 844 652 τὰ
871 599 931 652 ὲν
962 601 1027 670 τῇ
1057 599 1306 672 ὲνσάρκῳ
1339 599 1504 654 αὑτοῦ
1537 618 1678 673 παρ-

164 696 288 765 ουσίᾳ
321 689 697 761 τετελειωμένα
720 731 734 754 ,
787 690 884 744 καὶ¹
935 690 1210 746 ἀκούσωσι
1229 733 1244 757 ,
1279 691 1469 764 διόπερ
1517 691 1678 746 ἔλαϐε

163 785 308 855 σῶμα,
346 779 422 833 διὰ
451 779 611 832 τοῦτο
637 777 810 832 ταῦτα
853 779 1086 849 εὐλόγως
1120 781 1409 848 ἐπιτελεῖν,
1446 782 1679 847 ἐνδιδοὺς

165 871 543 946 ὥσπερήνίοχος
571 871 650 943 τῷ
683 871 888 944 ἅρματι
933 873 1013 936 εἰς
1055 873 1156 936 τὰς
1185 873 1437 943 εὐλόγους
1469 874 1676 948 χρείας,

161 971 225 1022 ὅτι
259 963 380 1020 κατὰ
415 962 671 1035 ἀλήθειαν
729 965 908 1036 σάρκα
949 965 1256 1030 ἐνεδύσατο,
1299 967 1394 1021 καὶ
1430 969 1490 1021 οὐ
1539 967 1680 1022 κατὰ

163 1061 372 1130 δόκησιν·
406 1057 526 1110 τότε
554 1057 823 1128 φάσκουσι
861 1056 937 1130 μὴ
979 1060 1042 1111 ὲκ
1083 1058 1285 1131 σαρκὸς
1333 1056 1473 1114 εἶναι
1507 1059 1681 1114 ταῦτα

163 1152 316 1225 μόνης.

213 1333 322 1392 Μθῖ
359 1333 462 1387 Καὶ
483 1332 594 1404 γὰρ
618 1332 696 1404 τῷ
727 1334 824 1404 μὲν
855 1333 970 1387 ὄντι
1005 1333 1126 1388 καθ’
1154 1334 1352 1406 ἑαυτὴν
1380 1332 1502 1387 οὔτε
1529 1334 1684 1407 διψή-

161 1447 240 1492 σει,
266 1426 374 1482 οὔτε
396 1424 676 1480 κοπιάσειο
708 1425 809 1479 οὐκ
837 1409 984 1479 ίσασι
1022 1427 1080 1480 δὲ
1109 1427 1157 1480 οί
1184 1427 1281 1498 τὴν
1311 1427 1427 1480 ὁδὸν
1457 1427 1684 1481 καταλε-

157 1521 379 1582 λοιπότες,
405 1519 500 1573 καὶ
530 1519 622 1572 ἐπὶ
643 1517 742 1582 τὰς
771 1519 1018 1582 ὲναντίας
1047 1519 1268 1591 τρίϐους
1297 1519 1680 1589 ἐκτραπέντες,

155 1613 220 1664 ὅτι
253 1609 304 1663 οὐ
336 1607 484 1680 μόνον
516 1607 694 1682 σάρκα
725 1610 754 1662 ὁ
799 1607 927 1672 Υἱὸς
973 1608 1066 1662 τοῦ
1103 1607 1238 1662 Θεοῦ
1267 1607 1460 1663 ἔλαϐεν
1494 1607 1682 1675 ἐλθὼν,

153 1701 266 1758 ἀλλὰ
291 1702 373 1755 καὶ
399 1701 596 1771 ψυχὴν,
641 1701 738 1754 καὶ
770 1700 918 1766 νοῦν,
947 1703 1040 1756 καὶ
1069 1701 1246 1755 πάντα
1273 1701 1396 1754 εῐτί
1423 1703 1569 1756 ὲστιν
1590 1701 1684 1756 ἀν-

155 1794 372 1866 θρώποις,
401 1793 572 1864 χωρὶς
615 1793 910 1864 ἁμαρτίας,
955 1793 1058 1862 οὐκ
1096 1792 1203 1846 ἀπὸ
1253 1792 1566 1866 σπέρματος
1593 1793 1686 1848 ἀν·
1715 1781 1756 1836 Β

153 1889 270 1959 δρὸς,
313 1885 438 1942 ἀλλὰ
481 1887 591 1940 ἀπὸ
647 1887 865 1958 Μαρίας
896 1889 996 1958 τῆς
1047 1886 1206 1957 ἁγίας
1252 1887 1544 1958 παρθένου,
1595 1885 1686 1940 διὰ

153 1979 426 2050 Πνεῦματος
461 1977 641 2048 ἁγίου.
677 1979 749 2033 Οὐ
789 1978 1068 2049 βούλονται
1101 1979 1118 2009 ¹
1153 1978 1548 2044 καταδέξασθαι
1581 1979 1685 2049 ψυ-

154 2073 236 2145 χὴν
262 2072 410 2126 αὐτὸν
449 2071 732 2144 εἰληφέναι
772 2072 862 2126 διὰ
893 2072 985 2126 τὸν
1023 2071 1261 2126 τοιοῦτον
1308 2072 1445 2144 πρὸς
1489 2072 1687 2136 αὐτοὺς

153 2165 355 2236 ἔλεγχον,
389 2165 526 2237 ὅπερ
559 2165 706 2219 ἐστὶν
733 2167 1116 2237 εὐχερέστερον
1143 2165 1400 2220 ἁπάντων
1427 2164 1564 2236 πρὸς
1588 2165 1686 2218 ἀν-

152 2261 322 2316 τίθεσιν
347 2261 440 2331 τῆς
459 2261 642 2314 αὐτῶν
675 2261 1080 2332 ματαιολογίας.
1113 2260 1284 2325 Αὐτὸς
1305 2259 1413 2332 γὰρ
1433 2259 1691 2329 ὁμολογεῖ

152 2353 321 2425 ἀληθὴς
371 2353 498 2418 Θεὸς
549 2353 722 2423 λέγων
764 2353 892 2425 περὶ
935 2353 1130 2420 αὐτοῦ,
1187 2353 1270 2407 ὃτι
1317 2351 1458 2423 Ἐγώ
1499 2354 1616 2422 είμι
1648 2351 1687 2420 ἡ

151 2445 388 2512 ἀλήθεια⁹
423 2446 508 2500 ὅτι
543 2446 608 2502 Ἠ
645 2445 815 2516 ψυχή
852 2463 974 2516 μου
1003 2443 1384 2514 τετάρακται·
1425 2443 1540 2510 καὶ,
1583 2447 1691 2498 Πε-

146 2537 364 2605 ρίλυπός
395 2539 569 2594 ἐστιν
607 2540 647 2608 ἡ
683 2537 854 2608 ψυχή
873 2555 992 2608 μου
1015 2557 1028 2569 ·
1060 2539 1176 2602 καὶ,
1222 2537 1545 2601 Ἐξουσίαν
1573 2535 1691 2605 ἔχω

151 2635 306 2690 θεῖναι
327 2636 434 2706 τὴν
455 2635 675 2707 ψυχήν
687 2654 830 2706 μου,
855 2636 956 2689 καί
982 2634 1192 2689 λαϐεῖν
1209 2633 1407 2702 αὐτήν
1427 2651 1440 2664 ·
1474 2634 1569 2688 καὶ
1603 2633 1692 2686 ἵνα

147 2727 270 2801 δείξῃ
295 2729 478 2782 ἑαυτὸν
500 2727 636 2782 Θεὸν
665 2727 764 2799 μὲν
789 2721 925 2780 εἶναι
951 2726 1141 2797 ἔχοντα
1168 2725 1268 2797 τὴν
1295 2724 1547 2790 ἐξουσίαν
1568 2743 1580 2755 ·
1606 2725 1693 2778 ἀν-

149 2815 338 2888 θρώπου
389 2816 496 2889 γὰρ
541 2819 646 2870 οὐκ
691 2815 838 2870 ἔστιν
871 2808 1028 2880 οὗτος
1062 2819 1090 2870 ὁ
1130 2815 1308 2885 λόγος.
1355 2816 1544 2882 Οὐδεὶς
1584 2816 1691 2890 γὰρ

149 2911 240 2980 ἔχει
266 2911 505 2978 ἐξουσίαν
536 2910 632 2964 τοῦ
662 2909 835 2964 θεῖναι
861 2909 960 2982 τὴν
980 2909 1155 2981 ψυχὴν
1179 2909 1368 2974 αὐτοῦ,
1398 2909 1493 2962 καὶ
1507 2909 1692 2962 λαϐεῖν

150 3005 308 3076 αὑτήν.
343 3007 510 3060 Ὅταν
554 3007 612 3059 δὲ
672 3007 802 3079 περὶ
851 3006 1034 3078 ψυχῆς
1080 3006 1372 3078 διηγεῖται,
1422 3004 1692 3058 δείκνυσιν

147 3095 306 3149 ἑαυτὸν
333 3095 605 3168 ἀληθινῶς
635 3096 1152 3168 ὲνανθρωπήσαντα,
1187 3097 1282 3150 καὶ
1314 3095 1388 3166 μὴ
1431 3095 1687 3164 δοκήσει·
1719 3134 1760 3192 C

147 3186 224 3237 καὶ
251 3186 430 3240 πάλιν·
476 3185 622 3256 Ἐγώ
651 3189 768 3257 είμι
799 3187 833 3240 ό
861 3185 1095 3255 Ποιμήν
1134 3188 1167 3238 ό
1205 3185 1414 3250 καλὸς,
1447 3186 1480 3238 ό
1513 3183 1692 3250 τιθεὶς

145 3275 240 3343 τὴν
275 3279 483 3348 ψυχὴν
519 3280 708 3333 αὑτοῦ
737 3277 890 3346 ὑπὲρ
916 3277 1034 3331 τῶν
1075 3277 1404 3345 προϐάτων.
1449 3276 1560 3328 Καὶ
1605 3275 1692 3328 ἵνα

145 3366 268 3438 δείξῃ
297 3368 525 3440 ἀληθινὰ
547 3367 726 3422 ταῦτα
755 3368 904 3431 ὄντα,
929 3367 1022 3420 ἐπὶ
1049 3367 1142 3420 τοῦ
1172 3364 1409 3439 σταυροῦ
1437 3365 1590 3434 ἔλεγε
1615 3365 1694 3436 τῷ

145 3459 322 3530 Πατρί·
371 3463 480 3527 Είς
529 3459 734 3531 χεζοάς
775 3473 892 3514 σου
935 3459 1296 3528 παρατίθημι
1338 3457 1407 3512 τὸ
1457 3457 1696 3526 πνεῦμά

141 3565 259 3616 μου.
281 3547 402 3611 Καὶ.
421 3553 782 3616 Ἐλθόντων,
805 3551 957 3621 φησὶ,
973 3549 1090 3604 τῶν
1106 3547 1500 3618 στρατιωτῶν,
1516 3544 1696 3616 εὗρον

143 3641 304 3695 αὑτὸν
332 3643 448 3712 ἤδη
479 3644 937 3698 ἐκπεπνευκότα
955 3660 968 3673 ·
1003 3643 1094 3696 καὶ
1121 3641 1304 3706 πάλιν,
1335 3641 1444 3696 Καὶ
1471 3639 1696 3710 κράξας

145 3732 290 3801 φωνῇ
305 3735 542 3805 μεγάλῃ
565 3732 760 3789 εἶπεν·
781 3734 930 3798 Ἠλὶ,
968 3733 1119 3797 Ἠλὶ,
1143 3731 1306 3801 λαμᾶ
1322 3732 1690 3802 σαϐαχθανίέ·

143 3825 406 3893 τουτέστι,
464 3829 577 3883 Θεέ
609 3847 730 3898 μου
749 3869 764 3892 ,
825 3826 932 3880 Θεέ
965 3843 1106 3896 μου,
1139 3827 1239 3878 ἵνα
1267 3826 1325 3879 τί
1370 3843 1447 3896 με
1488 3825 1697 3896 ἐγκατ-

144 3914 362 3983 έλιπες;
399 3920 476 3983 ὡς
513 3921 616 3992 ἥδη
657 3921 750 3974 καὶ¹
775 3919 978 3990 ταύτην
1017 3919 1116 3989 τὴν
1146 3917 1375 3988 δύναμιν
1412 3918 1505 3971 τοῦ
1539 3917 1694 3987 λόγου

144 4007 457 4082 ἐφράσαμεν.
500 4015 614 4066 Kal
677 4012 1030 4078 ἐξέπνευσε,
1065 4011 1200 4081 φησὶ
1235 4011 1298 4063 τὸ
1341 4009 1694 4078 Εὑαγγέλιον.

145 4099 206 4153 To
235 4102 304 4168 δὲ,
333 4105 693 4169 ἐξέπνευσε,
725 4107 839 4168 καὶ,
872 4107 958 4170 εὶς
987 4103 1188 4174 χεῖράς
1219 4117 1358 4168 σου,
1404 4103 1499 4155 καὶ
1531 4101 1612 4168 τὸ,
1658 4103 1696 4170 ἡ

143 4191 290 4262 ψυχή
327 4213 448 4264 μου
505 4195 858 4264 τετάρακται
877 4235 892 4258 ,
941 4193 1037 4247 καὶ
1081 4191 1152 4246 τὰ
1191 4191 1327 4246 ἄλλα
1375 4192 1552 4244 πάντα
1597 4191 1698 4260 τῆς

146 4281 375 4354 ἀληθείας
417 4287 714 4358 λεγούσης,
751 4288 834 4350 τίς
879 4286 1086 4356 ἠλίθιος
1126 4287 1212 4356 εἴη
1258 4283 1550 4354 πεισθῆναι
1600 4283 1698 4354 μὲν

145 4376 342 4450 τοιούτῳ
376 4381 736 4452 ἐργαστηρίῳ
771 4377 1078 4452 ἀνθρώπων
1125 4377 1551 4450 μυωπαζόντων.
1603 4376 1699 4430 καὶ

1782 511 1946 564 etiam
1989 511 2144 565 inviti
2173 511 2526 574 assenscrint,
2558 515 2613 564 et
2649 508 2716 562 ad
2749 522 2814 562 ea
2848 505 3190 577 pervenerint
3222 521 3345 575 quae

1783 609 2038 674 suscepta
2055 601 2166 672 jam
2193 617 2358 658 carne
2389 602 2442 656 in
2473 616 2540 658 eo
2561 599 2804 672 perfecta
2833 598 3123 660 dicuntur;
3156 599 3346 654 audie-

1782 695 1894 748 rint
1935 709 2064 748 vero
2104 701 2322 764 propter
2376 701 2688 763 susceptum
2737 691 2806 745 ab
2851 690 2943 744 illo
2975 703 3196 759 corpus,
3235 690 3350 744 haec
3427 690 3430 713 ί

1781 787 1977 842 merito
1999 801 2064 841 ac
2090 785 2416 856 justissimis
2445 785 2511 842 de
2549 784 2733 840 causis
2761 783 3101 840 necessarios
3131 783 3196 838 ad
3225 785 3350 838 vitae

1784 894 1914 934 usus
1944 879 2012 934 ab
2041 879 2133 932 illo
2172 878 2462 949 permissa,
2493 876 2954 948 quemadmodum
2997 875 3186 944 auriga
3229 889 3350 928 Ino-

1782 971 1963 1026 derari
1995 986 2216 1026 currum
2251 972 2421 1038 solet;
2453 969 2896 1041 quandoquidem
2935 983 3042 1023 non
3075 968 3191 1022 sola
3221 983 3347 1037 spe-

1782 1063 1886 1126 cie,
1921 1063 2015 1118 sed
2040 1077 2228 1118 revera
2256 1077 2476 1116 carnem
2509 1062 2666 1132 771
2703 1061 2912 1129 induit;
2947 1061 3062 1116 haec
3089 1076 3211 1116 cum
3241 1060 3346 1114 illis

1784 1154 2140 1223 objiciuntur,
2169 1161 2370 1225 negant
2397 1168 2466 1209 ex
2494 1154 2610 1210 sola
2636 1169 2804 1210 carne
2825 1153 3100 1224 proficisci
3125 1153 3215 1206 illa
3247 1167 3346 1223 po-

1783 1246 1976 1302 tuisse.

1854 1335 2040 1390 XLIX.
2069 1335 2133 1390 Et
2153 1352 2283 1392 vero
2301 1351 2397 1408 per
2419 1337 2658 1409 seipsam
2682 1336 2796 1392 sola
2819 1349 2948 1390 caro
2971 1349 3148 1405 neque
3175 1333 3348 1397 sitire,

1785 1445 1964 1501 neque
1993 1431 2208 1504 fatigari
2241 1432 2474 1503 poterit;
2515 1430 2612 1488 sed
2641 1433 2744 1486 hoc
2775 1430 2888 1491 isti.
2919 1430 3010 1500 qui
3043 1429 3234 1484 relicta
3265 1429 3352 1481 via

1785 1525 2093 1580 contrarias
2127 1526 2194 1581 ad
2225 1525 2450 1582 semitas
2485 1523 2844 1589 deﬂexerunt,
2879 1525 3134 1596 ignorare
3163 1521 3353 1578 viden—

1785 1625 1896 1682 tur,
1931 1615 2028 1673 Dei
2051 1617 2246 1673 Filium
2279 1633 2388 1673 non
2419 1619 2582 1674 modo
2613 1633 2858 1682 carnem,
2888 1617 2981 1672 sed
3007 1625 3060 1672 et
3089 1617 3349 1680 animam,

1786 1719 1839 1766 et
1869 1719 2125 1777 mentem,
2156 1722 2317 1782 atque
2341 1712 2524 1766 omnia
2553 1712 2790 1782 denique
2817 1725 2939 1780 quae
2961 1717 3088 1766 sunt
3115 1708 3352 1764 hominis

1787 1804 2030 1874 propria,
2062 1803 2392 1874 suscepisse,
2423 1811 2620 1876 praeter
2641 1811 2962 1876 peccatum;
2993 1818 3171 1874 neque
3197 1802 3300 1857 hoc
3321 1819 3354 1858 e

1787 1893 1931 1948 virili
1971 1895 2200 1958 semine,
2239 1895 2334 1952 sed
2377 1911 2444 1952 ex
2479 1894 2700 1966 Virgine
2733 1894 2924 1960 Maria,
2961 1909 3057 1964 per
3087 1893 3354 1965 Spiritum

1789 1992 2062 2042 sanctum.
2084 1985 2153 2040 At
2183 1986 2274 2043 isti
2299 1995 2500 2059 negant
2519 1987 2753 2042 animam
2783 1987 2934 2041 illum
2964 1986 3351 2056 assumpsisse,

1787 2093 1896 2148 quo
1933 2079 2081 2135 illius
2130 2081 2438 2150 argumenti
2474 2080 2582 2134 vim
2628 2079 2909 2151 eﬂ‘ugiant,
2951 2081 3096 2151 quod
3130 2080 3197 2134 ad
3233 2081 3354 2134 illo-

1789 2185 1908 2224 rum
1941 2170 2158 2223 inanem
2203 2169 2668 2239 comprimendam
2707 2171 3098 2240 loquacitatem
3143 2171 3356 2226 caeteris

1789 2261 2046 2316 omnibus
2069 2260 2375 2331 promptius
2395 2269 2480 2316 est
2499 2277 2564 2316 ac
2587 2261 2824 2318 facilius.
2853 2261 2928 2318 De
2953 2263 3136 2333 seipso
3157 2264 3358 2334 quippe

1788 2367 1952 2409 verus
1982 2353 2098 2424 ipse
2131 2354 2454 2411 testificatus
2502 2361 2585 2410 est
2625 2353 2790 2420 Deus,
2842 2355 2935 2425 qui
2980 2357 3267 2410 veritatem
3300 2371 3382 2410 se'

1789 2459 1912 2500 esse
1941 2443 2104 2510 dixit,
2143 2445 2248 2501 hoc
2283 2445 2462 2517 ipsum
2509 2445 2656 2516 quod
2703 2445 2962 2509 dicimus,
3005 2447 3094 2504 his
3130 2447 3356 2503 verbis:

1791 2534 1987 2590 Anima
2043 2553 2162 2591 mea
2211 2537 2426 2591 turbata
2461 2537 2608 2604 est’;
2655 2547 2707 2592 et
2741 2555 2754 2592 :
2791 2537 2984 2591 Tristis
3039 2545 3120 2592 est
3180 2539 3362 2592 anima

1791 2627 1943 2682 mea“
1957 2646 1975 2693 ;
1999 2637 2086 2684 et:
2117 2628 2439 2684 Potestatem
2470 2628 2632 2683 habeo
2653 2628 2878 2698 ponendi
2906 2630 3142 2682 animam
3167 2645 3359 2694 meum,

1791 2732 1840 2775 et
1866 2719 2105 2776 sumendi
2136 2721 2312 2788 eam“;
2345 2731 2406 2775 ut
2453 2729 2510 2776 et
2551 2721 2790 2792 seipsttm
2825 2719 2995 2776 Deum
3039 2737 3166 2778 esse
3205 2737 3360 2777 mon-

1792 2817 2013 2878 straret,
2052 2827 2220 2882 penes
2251 2827 2410 2882 quem
2445 2812 2756 2868 istiusmodi
2789 2813 2860 2868 sit
2889 2821 3152 2883 potestas.
3187 2811 3362 2868 Usur-

1792 2903 1908 2972 pari
1967 2904 2110 2957 enim
2163 2903 2279 2957 haec
2330 2903 2396 2957 ab
2451 2902 2668 2958 homine
2725 2918 2833 2958 non
2893 2915 3126 2974 possunt
3170 2924 3182 2959 :
3233 2905 3361 2974 quia

1793 3009 1952 3050 nemo
1994 3005 2098 3060 est,
2145 2995 2238 3065 qui
2287 2995 2551 3066 ponendae
2602 2995 2797 3050 animm
2862 3011 2993 3059 suae,
3055 2996 3361 3066 iterumque

1795 3088 2071 3143 sumendae
2117 3085 2430 3142 facultatem
2487 3088 2703 3142 habeat.
2753 3088 2822 3140 At
2876 3103 3000 3143 cum
3057 3088 3124 3144 de
3180 3093 3360 3142 anima

1795 3180 2050 3250 loquitur,
2097 3179 2371 3235 hominem
2417 3196 2476 3236 se
2529 3195 2750 3246 revera,
2783 3195 2894 3234 non
2945 3181 3060 3234 sola
3105 3181 3364 3251 opinione

1795 3271 1997 3326 factum
2047 3273 2306 3327 ostendit.
2351 3273 2480 3329 Item
2531 3291 2544 3326 :
2598 3271 2708 3344 Ego
2747 3289 2864 3327 sum
2919 3271 3118 3328 Pastor
3174 3273 3360 3340 bonus,

1794 3363 1883 3432 qui
1929 3363 2160 3417 animant
2216 3379 2364 3418 suam
2414 3364 2560 3432 ponit
2603 3379 2698 3432 pro
2746 3362 2925 3418 ovibus
2978 3364 3090 3418 suis
3115 3359 3154 3416 ⁸.
3187 3362 3365 3433 Atque

1797 3464 1856 3510 ut
1897 3455 2012 3510 haec
2063 3455 2278 3510 veritati
2324 3471 2448 3511 esse
2505 3462 2878 3511 consentanea
2927 3455 3254 3522 declararet,
3305 3456 3364 3509 in

1795 3561 1962 3602 cruce
2007 3561 2306 3618 suspensus
2343 3548 2417 3601 ita
2447 3547 2660 3602 Patrem
2705 3546 3126 3618 alloquiturzln
3176 3563 3363 3602 "ianus

1799 3650 1916 3694 tuas
1951 3639 2253 3695 commendo
2281 3641 2529 3710 spiritum
2563 3641 2793 3696 meum'.
2834 3639 2902 3693 Et
2937 3657 3055 3694 cum
3084 3641 3362 3704 venissent,

1799 3733 1996 3803 inquit,
2017 3733 2228 3794 milites,
2258 3735 2558 3788 invenerunt
2581 3735 2698 3803 jam
2721 3734 2871 3788 illum
2895 3734 3253 3803 exspirasse“.
3280 3733 3364 3788 Ad

1799 3823 1953 3878 hac:
1989 3821 2058 3876 Et
2089 3825 2416 3890 exclamans,
2441 3824 2638 3894 inquit,
2671 3840 2790 3877 voce
2819 3840 3013 3894 magna
3050 3825 3184 3876 dixit
3209 3837 3225 3874 .'
3252 3822 3363 3887 Eli,

1801 3913 1909 3980 Eli,
1949 3915 2092 3969 [ama
2137 3915 2472 3970 subacthani.
2523 3915 2638 3970 Hoc
2685 3926 2783 3980 est,
2825 3916 2967 3971 Deus
3020 3933 3184 3978 meus,
3229 3914 3366 3969 Deus

1799 4025 1966 4071 meus,
1989 4025 2150 4079 quare
2178 4025 2259 4062 me
2287 4003 2679 4080 dereliquisti”
2713 4009 2885 4080 Cujus
2910 4008 3124 4080 quidem
3156 4010 3362 4064 oratio-

1801 4101 1888 4156 nis
1925 4100 2034 4154 vim
2063 4101 2176 4170 jam
2225 4108 2354 4155 ante
2397 4101 2812 4157 declaravimus.
2855 4100 2920 4154 Et
2951 4102 3259 4169 suspiravit,
3291 4101 3368 4155 in-

1801 4192 1918 4260 quit
1945 4189 2297 4262 Evangelium
2322 4193 2386 4248 ‘°.
2408 4193 2539 4259 Quae
2567 4207 2691 4246 cum
2725 4193 2800 4246 ita
2834 4193 2946 4246 si'nt
2967 4233 2980 4258 ,
3004 4201 3060 4248 et
3095 4193 3367 4262 ejusmodi

1800 4298 1982 4348 voces,
2017 4284 2327 4351 exspiravit,
2359 4293 2414 4339 et
2453 4286 2506 4338 in
2534 4299 2720 4338 manus
2761 4293 2901 4349 tuas,
2941 4293 3068 4350 etc.,
3099 4293 3154 4339 et
3187 4285 3368 4338 animo

1801 4392 1916 4430 mea
1949 4375 2162 4429 turbata
2205 4387 2305 4441 est,
2353 4391 2418 4430 ac
2463 4385 2686 4432 caeteras
2719 4377 2769 4432 itl
2802 4393 2974 4448 genus
3006 4377 3126 4446 ipsa
3167 4377 3368 4431 veritas

143 4467 684 4546 ὀνειροπολουμένων,
731 4474 826 4526 καὶ
871 4471 1193 4541 καταλεῖψαι
1239 4471 1412 4533 αὑτὰς
1458 4469 1557 4533 τὰς
1602 4467 1688 4521 τοῦ

1806 4475 2056 4539 usurpet,
2099 4469 2222 4539 quis
2264 4469 2399 4525 adeo
2437 4471 2640 4526 stultus
2669 4479 2775 4533 est,
2819 4471 2946 4524 huic
2981 4477 3040 4523 ut
3079 4471 3372 4525 caacutien-

145 4559 258 4617 Θεοῦ
282 4566 455 4636 Λόγου
491 4567 752 4635 εὐλόγους
781 4567 966 4638 ῥήσεις
994 4565 1092 4636 τῆς
1125 4562 1379 4635 ἀληθείας
1401 4579 1415 4628 ;

1807 4561 1962 4627 tium,
1997 4577 2061 4618 ac
2109 4563 2497 4618 somniantium
2552 4563 2834 4617 hominum
2881 4565 3156 4634 ergastulo
3210 4563 3369 4617 fidem

147 4658 375 4712 adhibere
399 4659 556 4722 velit,
586 4674 650 4714 ac
672 4659 915 4712 veritatis
938 4671 1102 4713 voces
1132 4658 1278 4728 ipsas
1306 4673 1336 4710 a
1365 4657 1552 4711 divino
1573 4653 1750 4710 Verbo
1773 4657 2177 4728 pronuntiatas,
2201 4657 2509 4728 rationique
2531 4665 2928 4713 consentaneas
2953 4657 3302 4728 relinquere?

203 4746 274 4800 N’.
326 4747 486 4802 Ἀλλὰ
527 4747 715 4801 λοιπὸν
743 4747 1150 4820 λεξιθηροῦντες
1179 4747 1248 4802 τὰ
1279 4747 1458 4812 καλῶς
1495 4747 1588 4800 καὶ
1612 4749 1694 4817 ὀρ-

1883 4747 1942 4802 ι.
1981 4747 2222 4820 Pergunt
2253 4751 2306 4804 in
2338 4749 2677 4820 aucupandis
2708 4751 2955 4814 vocibus,
2991 4765 3111 4820 quae
3140 4756 3284 4804 recte
3307 4764 3371 4802 ac

3239 295 3345 353 ατε
3433 281 3440 358 '.

147 4836 236 4900 θῶς
257 4841 522 4911 εἰρημένα
559 4840 669 4894 ἀπὸ
696 4841 933 4910 ἑκάστης
959 4840 1204 4911 Γραφῆς,
1234 4840 1389 4911 δίκην
1431 4845 1688 4914 πειρατῶπ

1807 4840 2069 4910 praeclare
2112 4841 2168 4894 in
2212 4855 2540 4910 unoquoque
2578 4839 2878 4910 Scriptura:
2916 4843 3058 4896 libro
3095 4847 3372 4908 conceptze

149 4929 330 5002 ἀνδρῶν
385 4935 625 5006 σώματα
669 4935 795 5006 ὑγιῆ
833 4934 1378 5006 ἁκρωτηριαζόντων,
1427 4940 1688 5010 μαρτυρίᾳ

1803 4940 1950 4986 sunt.
1985 4931 2042 4986 ln
2072 4947 2180 5002 quo
2229 4932 2433 5002 piratas
2483 4934 2789 5000 imitantur,
2839 4933 2934 5004 qui
2971 4949 3106 4988 sana
3138 4947 3370 5002 corpora

149 5026 238 5077 τινὶ
269 5025 592 5099 κέχρηνται,
695 5026 1098 5099 τροπικώτερον
1147 5027 1405 5093 πολλάκις
1446 5031 1482 5100 ἡ
1513 5031 1688 5102 Γραφὶ

1805 5025 2076 5078 mutilant.
2107 5022 2186 5077 Ita
2237 5025 2312 5078 illi
2353 5025 2666 5081 testimonio
2702 5027 2938 5096 quodam
2975 5026 3277 5080 abutuntur
3305 5038 3372 5078 ac
3429 5101 3434 5106 ‘

151 5123 434 5194 κεχρημένη
468 5123 764 5193 διηγεῖται.
805 5121 914 5174 Καὶ
939 5121 1000 5174 τὸ
1039 5121 1138 5192 μὲν
1167 5121 1442 5192 τροπικῶς
1483 5123 1688 5194 εἰρημέ-

1805 5116 2062 5188 loquendi
2089 5117 2506 5181 consuetudine,
2540 5133 2705 5186 quam
2735 5117 2946 5187 tropice
2973 5117 3174 5186 saepius
3205 5131 3372 5172 usur-
3433 5113 3440 5176 ζ

151 5225 222 5262 νον
250 5213 468 5285 ἀλήθεια
496 5215 688 5287 φέρειν
711 5215 868 5269 εἴωθε
896 5217 915 5247 ⁸
935 5231 948 5246 ·
983 5215 1044 5268 τὸ
1083 5215 1140 5268 δὲ
1169 5217 1366 5286 ἀληθὲς
1399 5216 1492 5268 καὶ
1525 5217 1688 5288 ἀπειρη

1808 5223 1938 5279 pare
1971 5206 2256 5278 Scriptura
2281 5210 2590 5264 consuevit.
2625 5208 2691 5262 Et
2721 5209 2940 5279 quidem
2969 5209 3114 5279 quod
3149 5211 3217 5265 ad
3245 5225 3372 5265 eum
3443 5245 3450 5250 -

152 5305 380 5373 εμφάτως
417 5307 536 5380 (97)
590 5309 1000 5380 κεκηρυγμένον
1058 5311 1136 5372 εἰς
1176 5309 1362 5381 ἕτερον
1419 5308 1688 5380 πρόσωπα

1809 5302 2034 5358 modum
2075 5300 2286 5370 tropice
2313 5299 2518 5355 dictum
2549 5307 2654 5364 est,
2683 5307 2942 5371 tanquam
2969 5317 3095 5357 vere
3127 5303 3374 5373 proprie-

211 5464 224 5493 ¹
253 5461 312 5516 F.
343 5466 421 5520 δέ.
504 5467 528 5498 ⁸
565 5464 626 5521 F.
655 5465 884 5536 ἀληθείᾳ⁵
913 5483 1037 5536 φερ.
1081 5465 1322 5520 εἰώθασι.
1353 5535 1360 5536 η
1396 5466 1416 5496 ³
1450 5463 1610 5536 Joan.
1645 5481 1688 5518 Χ]

1795 5463 1870 5536 ζἸ.
1909 5459 2190 5536 dﬂMatth.
2227 5472 2377 5536 xx_v_l,
2408 5457 2495 5514 '58.
2571 5459 2592 5490 ⁸
2617 5456 2774 5514 Joan.
2804 5459 2972 5528 x,18.
3067 5460 3088 5491 ⁸
3115 5459 3250 5516 ibid.
3283 5461 3396 5516 Η..

155 5527 312 5591 'Luc.
337 5553 498 5605 χχιιι,
531 5537 626 5591 46.
701 5537 722 5568 ⁸
745 5527 1062 5600 Ἰοαὶι.’χίκ,
1099 5537 1188 5591 εδ.
1263 5538 1284 5567 ⁹
1315 5535 1502 5590 Matth.
1545 5551 1688 5590 xsvu

1795 5533 1828 5588 ἰ.
1905 5534 1950 5565 ¹⁰
1973 5531 2139 5586 Marc.
2171 5547 2259 5595 xv,
2289 5527 2377 5582 57.

216 5719 315 5788 (97)
351 5721 422 5776 Τὸ
452 5722 528 5777 δὲ
551 5721 797 5790 ἀληθὲς.
821 5721 918 5774 καὶ
943 5718 1392 5788 ἁπαρεμφάτως.
1431 5717 1556 5790 Leg.
1579 5716 1688 5787 ἁλη¹

1821 5713 2110 5790 allegorice
2148 5713 2474 5784 scnsu,.sed
2517 5713 2752 5784 proprie,
2787 5720 2840 5770 et
2881 5715 2996 5770 sine
3036 5713 3260 5771 alterius
3293 5711 3374 5770 rei

159 5785 266 5854 θῶς.
300 5785 474 5849 Porro
503 5785 923 5864 ἀπαρέμῲάτως
947 5785 1088 5846 idem
1116 5785 1198 5846 est
1219 5805 1281 5844 ac
1314 5785 1567 5860 simplici,
1595 5785 1688 5842 nor

1813 5785 2226 5858 significatione.
