3826 6206
451 323 458 328 -
475 293 577 347 279

1848 304 1904 359 S.
1944 304 2283 360 EPIPIIANII

3593 300 3693 355 280

473 424 580 478 que
613 407 815 462 dictum
850 410 1008 480 772
1040 411 1231 468 afferre
1257 415 1450 470 solent.
1482 418 1638 484 Quod
1683 428 1864 475 autem
1886 437 2026 485 vere1

2134 420 2546 493 ἀλληγοροῦσιν.
2576 412 2752 481 Εὑθῦ¹ς
2785 418 2896 487 γὰρ
2924 415 3270 485 ἀναπηδῶσιν
3291 412 3398 465 ἀπὸ
3419 411 3514 465 τοῦ
3543 414 3697 480 ἁγίου

471 507 525 552 ct
559 498 878 569 simpliciter
902 505 1306 572 pronuntiatum
1332 516 1435 571 est,
1462 510 1619 563 aliam
1645 511 1711 564 ad
1740 527 2028 582 personam

473 607 569 662 per
600 593 911 664 allegoriam
943 599 1182 650 tralmnt.
1206 597 1304 652 Hic
1330 600 1472 654 enim
1498 611 1792 656 accurrunt
1823 604 2026 666 statim,

471 691 524 735 et
559 699 623 736 ex
656 684 790 739 Isaia
832 689 1154 743 sententiam
1185 692 1453 760 ejusmodi
1491 694 1798 763 proferunt,
1838 697 1890 749 in
1923 713 2028 769 qua

472 775 552 828 sic
581 773 741 831 Pater
768 778 994 848 loquens
1020 781 1385 837 introducitur
1409 804 1421 838 :
1455 784 1585 839 Ecce
1616 787 1868 858 intelliget
1901 805 2032 858 puer

471 880 613 918 meus
648 865 890 925 dilectus.
927 870 980 921 in
1003 887 1102 939 quo
1133 872 1259 926 mihi
1283 871 1484 942 placui,
1524 892 1673 946 quem
1705 877 1880 948 diligit
1913 881 2030 932 ani-

469 975 556 1012 ma
595 975 708 1012 mea
737 962 774 1012 ¹.
833 961 962 1026 Quae
993 963 1206 1032 quidem
1239 980 1303 1019 ex
1340 965 1517 1022 Patris
1564 984 1793 1038 persona
1835 971 2032 1024 dicun-

469 1059 577 1111 tur,
598 1065 697 1102 nec
721 1050 786 1104 de
808 1067 868 1104 ea
894 1068 950 1106 re
976 1051 1331 1108 dubitandum
1367 1065 1468 1111 est.
1497 1055 1636 1123 Quid
1671 1060 1865 1129 igitur?
1889 1059 2027 1115 Num

467 1142 625 1194 etiam
656 1140 815 1196 Pater
844 1145 1078 1198 animam
1120 1149 1402 1216 suscepit?
1433 1148 1909 1219 Respondentibus
1933 1170 2027 1209 no-

467 1232 573 1295 bis,
617 1235 838 1289 minime
885 1236 934 1288 id
966 1237 1208 1306 quidem.
1262 1238 1472 1309 Ecquid
1523 1243 1709 1311 igitur,
1750 1243 2026 1312 inquiunt,

470 1324 615 1378 aliud
646 1334 748 1389 est,
777 1327 884 1380 nisi
915 1329 1061 1398 quod
1109 1331 1317 1400 tropice
1343 1332 1447 1387 ista
1473 1333 1768 1391 dicuntur?
1801 1335 2031 1391 Perinde

472 1416 654 1485 itaque
681 1425 735 1471 et
777 1433 805 1470 a
845 1417 981 1473 Filio
1012 1422 1222 1490 trapice
1252 1433 1380 1477 sunt
1416 1424 1505 1477 illa
1544 1425 1709 1479 dicta.
1743 1427 1815 1479 Ita
1840 1442 1902 1480 ex
1931 1428 2029 1480 hu-

464 1506 560 1576 jus
589 1509 878 1564 occasione
907 1511 1012 1564 loci
1041 1528 1292 1582 magnum
1330 1530 1387 1568 se
1416 1525 1603 1570 contra
1629 1519 1907 1572 veritatem
1938 1534 2027 1572 ar-

467 1607 784 1668 gumentum
835 1611 1023 1656 nactos
1076 1605 1450 1660 arbitrantur:
1481 1606 1626 1675 quod
1671 1607 1803 1676 ipsis
1848 1617 2027 1663 tamen

467 1705 808 1760 nequaquam
837 1691 1108 1748 dabimus.
1139 1693 1351 1764 Quippe
1377 1698 1577 1751 veritas
1605 1695 1711 1750 fuci
1735 1712 1798 1752 ac
1824 1699 2027 1753 lenoci-

2143 513 2359 565 Ἡσαΐου
2390 511 2644 581 φέροντες
2665 510 2842 580 ῥῆσιν,
2867 510 2947 560 ὅτι
2967 509 3029 560 ἐκ
3053 507 3341 578 προσώπου
3365 505 3459 559 τοῦ
3487 505 3699 574 Πατρὸς

2145 605 2378 676 εἴρηται,
2409 605 2488 656 ὃτι
2531 602 2683 657 Ἰδοὺ
2727 601 2982 668 συνήσει
3013 603 3044 652 ό
3093 599 3232 662 παῖς
3255 615 3372 667 μου
3401 601 3435 651 ὀ
3474 597 3696 664 cirum;—

2131 699 2255 764 τὸς,
2285 699 2356 764 ἐρ
2373 699 2384 717 ’
2409 696 2482 749 ὃν
2508 695 2834 762 εὐδόκησα,
2863 691 2935 745 ὃν
2961 691 3277 760 ἠγάπησεν
3303 691 3340 757 ἡ
3367 685 3540 757 ψυχή
3561 706 3692 755 μου.

2148 789 2234 851 Ὠς
2266 787 2358 840 τοῦ
2394 786 2606 854 Πατρὸς
2647 779 2785 838 εἶναι
2827 783 3031 854 ταύτην
3077 783 3177 851 τὴν
3233 781 3408 846 λέξιν·
3434 780 3535 831 καὶ
3587 778 3695 849 γὰρ

2129 879 2344 949 ἀληθές.
2373 878 2495 941 Πῶς
2515 873 2608 930 οὖν
2640 877 2732 929 καὶ
2761 878 2789 928 6
2813 875 3024 946 Πατὴρ,
3055 874 3209 944 φησὶ,
3237 872 3411 941 ψυχὴν
3437 869 3696 938 είληφεν;

2143 971 2268 1024 Ἐὰν
2305 969 2360 1022 δῖε
2407 969 2670 1038 εἴπωμεν,
2699 968 2780 1019 ὅτι
2833 967 2906 1037 μη
2945 965 3184 1034 γένοιτοῑ
3235 963 3298 1016 Τί
3342 959 3456 1025 οὖν,
3506 962 3696 1030 φησὶν.

2129 1061 2241 1113 ἀλλ’
2273 1062 2354 1113 ὅτι
2382 1058 2784 1130 τροπικὼτερον
2817 1058 3066 1129 εἴρηται;
3103 1056 3243 1127 "Ap:
3281 1049 3395 1120 οὖν,
3423 1052 3581 1122 φασὶ,
3611 1052 3701 1103 καὶ

2129 1155 2189 1207 τὸ
2220 1153 2327 1208 ἀπὸ
2371 1153 2465 1205 τοῦ
2502 1145 2631 1205 Υίοῦ
2670 1149 2958 1223 εἰρημένον
3005 1147 3408 1221 τροπικὼτερον
3462 1146 3696 1216 εἴρηται.

2128 1243 2238 1295 Καὶ
2255 1241 2562 1312 νομίζουσιν
2589 1244 2647 1294 ἐν
2663 1240 2836 1311 τούτῳ
2861 1239 3001 1294 κατὰ
3022 1240 3119 1309 τῆς
3141 1237 3399 1309 ἀληθείας
3422 1237 3701 1307 εὑρίσκειν

2131 1332 2400 1404 θηρᾶσθαι
2467 1333 2775 1405 πρόφασινο
2836 1332 2974 1402 ὅπερ
3044 1331 3227 1392 αὐτοῖς
3286 1330 3350 1382 οὑ
3391 1329 3696 1398 δοθήσεται.

2143 1425 2576 1489 Ἀκαλλώπιστος
2621 1425 2732 1496 γὰρ
2777 1421 2912 1478 οὖσα
2951 1426 2983 1492 ἡ
3031 1422 3293 1492 ἀλήθεια,
3341 1420 3462 1473 καθ’
3502 1420 3700 1489 ἑαυτὴν

2130 1516 2353 1586 ἔστηκε,
2395 1518 2529 1586 μήτε
2558 1516 2869 1587 ἡττωμένη,
2903 1518 3037 1584 μήτε
3070 1512 3456 1582 καλλωπισμοῦ
3491 1511 3698 1564 ἐπιδεο-

2133 1609 2287 1684 μένη.
2324 1607 2550 1678 ’Ἱδωμεν
2575 1607 2685 1676 γὰρ
2721 1605 2830 1657 τῶν
2864 1603 3186 1675 ἀμφοτέρων
3219 1603 3313 1674 τὴν
3350 1602 3605 1672 δύναμιν.
3640 1603 3700 1654 EE

2133 1701 2230 1771 μὲν
2258 1700 2366 1771 γὰρ
2405 1702 2432 1752 ὁ
2461 1699 2650 1769 Πατὴρ
2673 1693 2833 1768 ἦλθεν
2859 1699 2938 1759 εἰς
2974 1695 3154 1765 σῶμα,
3188 1696 3281 1748 καί⁸
3311 1696 3494 1766 σάρκα
3519 1694 3699 1746 ἐνεδύ-

467 1779 541 1833 nii
583 1782 760 1836 omnis
789 1796 982 1851 expers
1015 1799 1109 1852 per
1142 1785 1375 1854 seipsam
1403 1796 1540 1852 stat;
1587 1804 1761 1858 neque
1805 1801 1898 1843 aut
1930 1807 2026 1846 su-

2131 1808 2281 1854 σατο,
2321 1793 2413 1844 καὶ
2436 1791 2626 1862 εἴρηκε
2665 1791 2756 1842 τὸν
2793 1789 2949 1857 λόγον
2978 1787 3190 1849 τοῦτον,
3226 1786 3493 1856 ἀληθινῶς
3523 1785 3702 1856 ψυχὴν

466 1874 643 1941 perari
679 1883 879 1942 potest,
929 1883 1022 1929 aut
1056 1878 1390 1947 exquisitum
1438 1882 1724 1949 quemdam
1770 1891 2024 1937 ornatum

466 1961 760 2017 desiderat.
805 1962 1098 2020 Videamus
1146 1982 1309 2036 porro
1342 1985 1463 2038 quae
1511 1970 1579 2024 sit
1627 1971 1910 2026 amborum
1945 1973 2028 2028 vis

466 2067 531 2106 ac
570 2062 832 2123 potestas.
878 2053 1015 2109 Nam
1059 2057 1104 2109 si
1138 2058 1302 2112 Pater
1330 2057 1396 2112 ad
1429 2074 1630 2129 corpus
1659 2061 2025 2126 descenderit,

467 2155 520 2200 et
541 2161 758 2202 carnem
786 2148 1042 2210 induerit,
1065 2157 1227 2219 atque
1248 2152 1514 2221 ejusmodi
1537 2170 1840 2210 sermonem
1868 2173 2028 2211 usur-

468 2239 630 2307 parit,
664 2253 851 2293 revera
893 2239 1056 2294 etiam
1109 2242 1342 2294 animam
1397 2244 1605 2299 habuit.
1663 2246 1757 2299 Sin
1806 2261 2025 2302 carnem

467 2327 611 2380 haud
645 2331 971 2399 susceperit,
1017 2340 1070 2386 et
1110 2332 1467 2388 nihilominus
1496 2335 1600 2390 hoc
1629 2335 1824 2392 dixerit
1853 2356 1865 2390 :
1893 2339 2024 2391 Ani-

466 2434 557 2470 ma
587 2435 725 2483 mea,
759 2426 890 2487 etc.,
920 2422 1129 2490 tropice
1157 2422 1226 2476 de
1255 2421 1364 2477 Deo
1384 2425 1486 2479 ista
1519 2427 1800 2495 przedicari
1835 2439 2029 2498 putan-

465 2512 594 2565 dum
625 2519 730 2576 est,
765 2520 824 2566 ut
861 2515 1295 2584 germanitatem,
1327 2532 1446 2585 qua:
1477 2518 1619 2572 inter
1651 2534 1708 2573 se
1739 2535 1804 2576 ac
1830 2519 2025 2577 Filium

466 2603 855 2671 intercedebat,
885 2621 948 2660 ea
979 2607 1190 2662 ratione
1222 2608 1478 2664 firmaret.
1506 2610 1587 2663 Ad
1619 2609 1812 2666 Filium
1848 2625 2027 2668 autem

463 2697 650 2751 eadem
683 2696 772 2750 illa
811 2699 1103 2752 convenire
1143 2708 1440 2769 nequeunt.
1487 2701 1700 2772 Quippe
1740 2703 1900 2760 Pater
1928 2707 2028 2760 mi.

462 2789 609 2843 nime
637 2803 856 2843 carnem
891 2788 1121 2859 accepit;
1159 2807 1324 2860 quam
1356 2790 1526 2848 Filius
1560 2795 1770 2864 induit;
1800 2798 1890 2852 ille
1919 2815 2026 2854 non

461 2885 546 2932 est
580 2877 752 2933 Iactus
777 2879 972 2933 homo:
1011 2878 1183 2936 Filius
1222 2882 1385 2936 homo
1416 2882 1596 2940 Iactus
1619 2895 1724 2940 est.
1756 2888 1832 2942 Ac
1863 2889 2027 2944 simili

462 2969 622 3037 plane
667 2969 881 3024 ratione
925 2970 1182 3039 quiddam
1242 2971 1352 3024 alio
1400 2973 1521 3028 loco
1563 2972 1711 3028 Patri
1741 2976 2025 3034 tribuitur.

460 3060 596 3115 Nam
630 3072 686 3114 ut
715 3061 802 3114 hic
836 3063 907 3114 ita
935 3062 1175 3132 loquitur
1207 3082 1219 3116 :
1253 3061 1450 3117 Dilexit
1481 3065 1634 3118 illum
1671 3067 1850 3120 anima
1884 3084 2093 3152 ’ποίης

463 3152 544 3205 sic
574 3152 743 3205 alibi:
774 3151 950 3205 Inveni
985 3151 1153 3206 David
1193 3154 1364 3222 filium
1409 3153 1580 3220 Jesse,
1628 3157 1795 3209 cirum
1840 3173 2026 3211 secun-

463 3239 588 3290 dum
626 3255 715 3292 cor
749 3255 918 3293 meum
940 3243 978 3294 ³.
1020 3240 1148 3295 Item
1185 3261 1196 3294 :
1236 3241 1340 3296 Cor
1383 3261 1546 3297 meum
1593 3245 1742 3315 longe
1784 3246 1926 3300 abest
1961 3247 2027 3300 ab

462 3324 574 3378 illis
597 3324 637 3377 ³.
663 3323 842 3390 Quare
875 3327 921 3381 si
951 3338 1236 3398 propterea
1269 3332 1412 3400 quod
1446 3334 1656 3402 tropice
1688 3334 1892 3388 dictum
1919 3346 2024 3400 est,

461 3432 611 3486 quem
642 3417 826 3471 dilexit
860 3420 1039 3474 anima
1087 3437 1223 3482 mea.
1275 3423 1326 3476 id
1372 3423 1440 3478 de
1484 3425 1658 3478 anima
1693 3442 1878 3480 verum
1903 3443 2026 3482 esse

462 3511 808 3575 conﬁtemur,
840 3527 1184 3584 consequens
1218 3526 1320 3580 est,
1355 3524 1413 3570 ut
1456 3517 1645 3572 eodem
1688 3519 1848 3574 modo
1879 3521 2023 3591 quod

463 3603 529 3658 dc
559 3603 722 3659 corde
766 3604 988 3670 dicitur,
1038 3607 1244 3676 trepice
1291 3608 1488 3662 dictum
1535 3611 1796 3666 videatur.
1839 3612 2025 3684 Neque

462 3701 640 3762 potest
673 3693 740 3748 ab
777 3695 996 3750 homine
1045 3697 1310 3766 prudente
1341 3714 1402 3752 ca
1432 3699 1498 3753 de
1515 3716 1592 3758 .re
1630 3703 1711 3756 vel
1752 3703 2024 3762 levissime

2127 1882 2308 1952 ἔσχεν·
2343 1883 2392 1933 εἰ
2429 1880 2486 1933 δὲ
2532 1880 2712 1950 σάρκα
2745 1882 2773 1932 6
2809 1877 2999 1948 Πατὴρ
3037 1877 3139 1929 οὐκ
3172 1877 3475 1939 ἐνεδύσατο,
3508 1876 3700 1947 εἴρηκε

2124 1975 2203 2037 δὲ,
2232 1975 2316 2027 ὅτι
2351 1975 2424 2028 Ἠ
2444 1971 2614 2042 ψυχή
2650 1990 2790 2042 μου,
2821 1970 3097 2042 τροπικῶς
3119 1969 3276 2022 τοῦτο
3302 1969 3428 2040 περὶ
3452 1969 3544 2022 τὸν
3571 1969 3701 2021 Θεὸν

2126 2067 2329 2137 ᾄδεται,
2365 2067 2451 2118 ἵνα
2485 2064 2910 2134 ἐνασφαλίσηται
2948 2063 3011 2116 τὸ
3031 2063 3274 2133 γνήσιον,
3311 2062 3404 2115 καὶ
3432 2061 3584 2133 δείξῃ
3605 2060 3701 2129 τὴν

2128 2160 2263 2230 πρὸς
2311 2159 2402 2212 τὸν
2453 2159 2583 2211 Υἰδν
2620 2157 2969 2228 γνησιότητα.
3027 2154 3165 2208 Ἀλλ’
3211 2154 3394 2207 οὐκέτι
3430 2155 3560 2223 περὶ
3612 2155 3701 2205 τὸν

2128 2251 2256 2304 Υίὸν
2288 2250 2359 2303 τὰ
2401 2249 2542 2303 αῦτά
2586 2251 2733 2301 ἐστιν
2777 2249 2832 2301 ὲν
2877 2247 3049 2316 τούτῳ
3086 2246 3282 2315 λέγειν.
3340 2246 3397 2298 Ὀ
3459 2246 3556 2315 μὲν
3595 2246 3702 2315 γὰρ

2128 2339 2317 2411 Πατὴρ
2341 2342 2440 2394 οὐκ
2463 2339 2620 2393 ἔλαϐε
2648 2340 2827 2410 σάρκα
2848 2356 2859 2368 ο
2887 2341 2914 2390 6
2947 2338 3003 2390 δὲ
3026 2338 3151 2400 Υἱὸς
3173 2337 3460 2389 ἐνεδύσατο
3493 2337 3692 2405 σάρκα.

2141 2437 2198 2490 Ὀ
2237 2434 2424 2506 Πατὴρ
2460 2433 2743 2505 ἄνθρωπος
2777 2434 2838 2486 οὐ
2880 2433 3134 2501 γέγονεν’
3172 2432 3199 2483 6
3223 2431 3278 2484 δὲ
3318 2431 3444 2494 Υἱὸς
3477 2431 3699 2499 γέγονεν

2128 2527 2431 2600 ἄνθρωπος.
2463 2525 2535 2578 Τὸ
2564 2526 2747 2597 ὅμοιον
2771 2525 2880 2595 γὰρ
2909 2526 2998 2578 ἐπὶ
3033 2523 3109 2595 τῷ
3142 2524 3316 2594 Πατρὶ
3358 2523 3568 2593 ῥητέον.
3611 2524 3699 2583 Ὠς

2128 2621 2236 2691 γὰρ
2267 2617 2502 2673 ἐνταῦθα
2554 2611 3520 2685 λέγει⁶Ἦγάπησεναύτὸνήψυχή
3534 2625 3688 2679 μου·

2129 2712 2302 2776 οὕτως
2327 2711 2474 2779 λέγει
2494 2726 2505 2738 “
2535 2705 2731 2777 Εὗρον
2757 2705 2932 2760 Δαϐίδ
2952 2704 3058 2758 τὸν
3082 2703 3190 2757 τοῦ
3231 2700 3476 2760 Ἰεσσαὶ,
3505 2699 3638 2762 cii-6;
3658 2715 3696 2747 α

2132 2803 2281 2859 κατὰ
2307 2787 2420 2870 τὴν
2440 2801 2690 2870 καρδίαν
2710 2817 2827 2870 μου
2847 2815 2858 2828 ³
2885 2799 2998 2858 καὶ,
3032 2798 3092 2850 Ἠ
3114 2794 3327 2864 καρδία
3352 2810 3470 2862 μου
3500 2791 3701 2859 εει-ζιερω

2129 2893 2336 2962 ἀπέχει
2367 2893 2465 2946 ἀπ’
2496 2890 2713 2944 αὐτῶν.
2747 2889 2810 2942 Εἰ
2849 2888 3045 2952 τοίνυν,
3077 2884 3163 2938 διὰ
3194 2885 3253 2939 τὺ
3291 2881 3701 2956 τροπικὼτερορ

2129 2983 2402 3054 εἰρῆσθαι,
2447 2983 2527 3034 ὅτι
2578 2979 2918 3049 Ἠγάπησεν
2951 2980 2988 3045 ἡ
3038 2974 3205 3046 ψυχή
3239 2993 3380 3045 μου,
3428 2972 3702 3043 δεχόμεθα

2128 3075 2189 3128 τὸ
2223 3075 2350 3145 περὶ
2384 3072 2584 3143 ψυχῆς,
2619 3072 2725 3141 ἄρα
2756 3070 2886 3138 γοῦν
2913 3071 3004 3124 καὶ
3035 3070 3096 3123 τὸ
3140 3069 3267 3140 περὶ
3307 3067 3532 3136 καρδίας
3571 3081 3704 3135 τρο-

2127 3162 2430 3235 πικῶτερον
2458 3162 2691 3233 εἴρηται.
2716 3162 2826 3214 Καὶ
2849 3161 3024 3232 δῆλον,
3056 3161 3136 3214 ὅτι
3168 3161 3259 3214 καὶ
3285 3158 3445 3211 παντὶ
3470 3155 3547 3227 τῷ
3572 3156 3700 3208 συν-

2128 3273 2244 3310 εσιν
2289 3255 2610 3327 κεκτημένῳ
2652 3253 2820 3323 σαφὲς
2855 3253 2961 3324 εἴη.
2999 3254 3063 3308 Ei
3099 3253 3277 3304 τοίνυν
3299 3248 3577 3322 τροπικῶς
3610 3246 3700 3298 λέ-

2127 3363 2215 3415 γει
2245 3347 2373 3418 περὶ
2405 3347 2579 3418 ψυχῆς
2611 3348 2638 3398 ὁ
2677 3345 2887 3415 Πατὴρ,
2922 3345 3014 3397 καὶ
3061 3344 3185 3412 περὶ
3215 3341 3466 3410 καρδίας,
3499 3333 3566 3408 ἧς
3599 3339 3699 3390 οὖν

2130 3438 2320 3492 ἐλαϐεν
2337 3455 2349 3467 ⁸
2375 3439 2435 3491 οὐ
2462 3439 2570 3510 γὰρ
2599 3439 2823 3510 ἐφόρεσε
2848 3436 3025 3505 σάρκα
3044 3453 3056 3464 ·
3081 3433 3480 3505 τροπικὼτερον
3508 3433 3587 3491 εἰς
3610 3430 3705 3480 τὸν

2127 3529 2346 3602 Πατέρα
2385 3531 2452 3582 τὰ
2497 3528 2722 3583 τοιαῦτα
2762 3529 3124 3595 ἀναλογείται.
3165 3525 3356 3578 Οὒκέτι
3405 3522 3459 3574 δὲ
3501 3521 3702 3573 ταυτὸν

2129 3621 2258 3691 περὶ
2305 3621 2396 3674 τὸν
2437 3621 2564 3673 Υίδν
2606 3620 2836 3691 ἡγητέον
2861 3637 2872 3648 ·
2908 3619 2936 3670 ὁ
2973 3617 3099 3680 Υἱὸς
3141 3617 3247 3687 γὰρ
3304 3613 3458 3666 ἔλαϐε
3497 3611 3706 3682 σάρκα.

2131 3711 2223 3764 καὶ
2250 3713 2431 3764 πᾶσαν
2481 3712 2578 3781 τὴν
2605 3709 2948 3782 ἀνθρωπείαν
2983 3707 3149 3760 θέσιν.

463 3783 721 3840 dubitari.
753 3783 893 3857 Ergo
933 3787 978 3842 si
1006 3787 1074 3842 de
1107 3789 1283 3844 anima
1323 3792 1528 3861 tropice
1557 3791 1711 3848 Pater
1775 3795 2034 3868 loquitur,
2071 3801 2139 3857 de
2188 3803 2374 3865 Corde,
2416 3803 2560 3873 quod
2608 3803 2829 3857 minime
2875 3801 3135 3870 suscepit,
3189 3811 3364 3866 neque
3394 3795 3538 3849 enim
3571 3806 3700 3845 car-

461 3892 586 3936 nem
610 3883 926 3950 assumpsit,
951 3897 1173 3938 necesse
1194 3892 1276 3938 est
1298 3885 1565 3954 ejusmodi
1595 3890 1776 3944 omnia
1819 3908 1916 3961 per
1954 3902 2166 3966 tmpum
2217 3899 2507 3969 quemdam
2553 3897 2619 3951 ad
2669 3898 2876 3951 Patrem
2924 3892 3338 3950 accommodari.
3383 3889 3499 3944 Non
3557 3888 3703 3942 idem

461 3978 648 4027 tamen
680 3980 736 4026 et
789 3974 854 4027 de
905 3973 1042 4029 Filio
1075 3977 1414 4032 sentiendum
1443 3987 1549 4041 est,
1581 3983 1670 4050 qui
1734 3983 1950 4053 quidem
2006 4003 2223 4044 carnem
2288 4006 2410 4044 cum
2478 3991 2622 4044 omni
2669 3989 3022 4042 humanarum
3066 3985 3296 4057 partium
3339 3980 3706 4051 dispositione

461 4066 727 4136 suscepit.

535 4158 622 4216 LI.
658 4161 792 4216 Nam
827 4164 919 4233 qui
950 4164 1016 4218 de
1054 4163 1192 4219 Filio
1231 4169 1438 4237 tropice
1467 4170 1725 4239 quiddam
1760 4173 2027 4241 ejusmodi

463 4252 733 4311 alﬁrmare
794 4258 1012 4323 audeat,
1069 4262 1287 4316 tametsi
1340 4262 1395 4316 in
1452 4279 1558 4318 una
1611 4265 1876 4321 duntaxat
1927 4268 2028 4321 ali-

2205 4171 2331 4228 NA’.
2369 4174 2556 4225 Ἔσται
2594 4173 2701 4242 γὰρ
2735 4171 2889 4223 τοῦτο
2928 4167 3164 4222 ἐναντίον
3187 4165 3263 4236 τῷ
3294 4166 3383 4218 ἐπὶ
3408 4163 3538 4216 Tia-3
3573 4181 3704 4230 τρο-

2135 4264 2436 4335 πικώτερον
2479 4263 2686 4331 λέγοντι
2729 4262 2854 4332 περὶ
2884 4261 2983 4330 τῆς
3009 4261 3071 4311 ἐκ
3102 4255 3387 4327 προσώπου
3427 4254 3705 4325 ὲνανθρω-

463 4363 572 4418 qua
619 4358 772 4418 parte
830 4351 973 4406 istud
1026 4355 1279 4422 usurpari
1325 4356 1474 4420 velit,
1532 4358 1890 4416 nihilominus
1922 4361 2023 4415 hoc

2133 4358 2368 4429 πήσεως,
2401 4355 2503 4410 κᾶν
2541 4354 2597 4407 ἔν
2634 4371 2738 4406 τινι
2780 4353 2933 4423 μέρει
2974 4352 3133 4419 λόγου
3170 4348 3467 4418 γενομένης
3503 4347 3704 4399 ὑποθέ-

2303 4442 2985 4454 -._----..
3119 4443 3143 4453 -

464 4439 540 4494 illi
564 4439 680 4508 ipse
705 4443 1038 4496 contrarium
1081 4445 1239 4514 773
1272 4461 1393 4502 esse
1422 4448 1809 4504 animadvertet
1832 4493 1847 4516 ,
1882 4453 2024 4521 quod

464 4533 532 4587 de
579 4539 690 4586 tota
721 4533 917 4588 divina:
959 4551 1202 4604 persona:
1239 4539 1614 4594 incarnatione
1644 4544 2026 4599 constituerit:

466 4625 610 4694 quod
658 4627 911 4679 nimirum
942 4643 1065 4682 vere
1094 4628 1328 4684 hominis
1372 4641 1619 4686 naturam
1652 4637 2026 4705 assumpserit.

464 4717 675 4772 Etenim
729 4725 787 4772 ut
845 4717 974 4772 illud
1041 4719 1276 4785 demus,
1342 4723 1486 4794 quod
1549 4724 1617 4779 de
1675 4727 1852 4782 anima
1906 4727 2028 4781 Filii

464 4811 729 4880 scriptum
779 4818 863 4865 est
922 4811 989 4866 ad
1044 4813 1352 4882 allegoriam
1385 4823 1673 4885 spectare,
1727 4832 1790 4872 ac
1822 4819 2028 4887 tropice

463 4901 596 4958 illud
628 4917 788 4958 omne
820 4903 1285 4974 interpretandum
1315 4921 1434 4961 esse
1462 4948 1476 4967 .
1510 4919 1756 4977 superest
1790 4919 1848 4964 ut
1885 4910 2026 4966 idem

464 5009 682 5066 quoque
702 4993 770 5050 de
795 4997 959 5050 corde
993 4996 1353 5066 suspicemur.
1383 4998 1554 5068 Atque
1583 5015 1649 5054 eo
1690 5001 1906 5056 tandem
1941 5019 2030 5058 res

462 5087 704 5154 recidat,
746 5087 881 5142 nihil
923 5095 980 5142 ut
1033 5087 1289 5153 veritate,
1335 5091 1588 5161 opinione
1631 5101 1810 5147 autem
1845 5096 2028 5146 omnia

461 5188 714 5236 constare
746 5180 1049 5236 videantur.
1088 5179 1274 5250 Itaque
1305 5182 1370 5236 de
1405 5198 1570 5238 carne
1602 5199 1720 5254 quae
1750 5185 2027 5250 dicuntur,

460 5284 556 5338 per
583 5279 798 5340 tropum
829 5287 1094 5342 usurpare
1127 5272 1378 5327 dicentur
1401 5313 1416 5337 ,
1443 5275 1488 5329 si
1519 5277 1644 5345 quid
1673 5277 2026 5347 vitilitigatori

374 5365 392 5388 κ
464 5361 590 5416 huic
617 5363 744 5417 Ario
772 5364 1065 5418 credimus.
1101 5363 1255 5418 Unde
1276 5381 1448 5434 neque
1481 5381 1575 5419 cor
1602 5406 1615 5427 ,
1644 5383 1819 5437 neque
1844 5369 2022 5437 jecur,

463 5466 639 5522 neque
676 5469 871 5509 carnes
896 5495 911 5518 ,
969 5472 1143 5524 neque
1197 5458 1451 5511 intestina
1477 5499 1491 5522 ,
1532 5473 1704 5528 neque
1739 5474 1891 5520 ossa,
1925 5477 2024 5514 nec

465 5541 628 5596 ullam
667 5543 897 5615 denique
927 5545 1232 5601 istiusmodi
1276 5558 1480 5618 partem
1509 5547 1751 5604 divinum
1784 5549 2019 5604 Verbum

535 5728 552 5760 ι
585 5723 686 5786 lsa.
713 5741 844 5790 xui.
875 5726 924 5783 I.

1000 5731 1019 5758 '
1048 5725 1219 5796 Iltrg.
1263 5747 1378 5796 xui,
1416 5732 1496 5786 u.
1575 5735 1593 5761 ³
1627 5733 1728 5788 lsa.
1762 5749 1909 5797 xxix,
1950 5734 2027 5788 ιδ.

2129 4466 2266 4512 σεως
2299 4448 2385 4501 διὰ
2420 4447 2512 4500 τοῦ
2539 4444 2806 4517 ἀληθινῶς
2833 4442 3260 4514 ὲνανθρωπῆσαι.
3301 4441 3361 4492 Et
3389 4437 3494 4509 γὰρ
3534 4438 3703 4507 ἀλλη-

2128 4545 2369 4612 γορεῖται
2394 4539 2455 4592 τὸ
2480 4539 2605 4609 περὶ
2625 4536 2800 4608 ψυχῆς
2828 4534 2980 4596 Υἱοῦ,
3020 4534 3112 4586 καὶ
3143 4530 3544 4603 τροπικὼτερον
3577 4531 3702 4598 περὶ

2127 4633 2296 4704 αὐτῆς
2323 4629 2682 4700 ὑποληπτέον,
2714 4630 2822 4699 ἄρα
2860 4628 2954 4680 καὶ
2979 4626 3104 4696 περὶ
3133 4623 3355 4694 καρδίας
3384 4622 3450 4674 τὰ
3480 4621 3704 4674 τοιαῦτα

2125 4724 2360 4794 λελέχθω
2383 4740 2396 4753 ο
2435 4724 2528 4776 καὶ
2560 4720 2801 4790 δώσομεν
2846 4718 3030 4771 λοιπὶν
3074 4715 3142 4768 τὰ
3171 4715 3345 4768 πάντα
3380 4713 3602 4782 δόκησιν
3629 4709 3702 4764 εἶ-

2128 4834 2238 4878 ναι,
2277 4815 2370 4867 καὶ
2399 4814 2498 4866 οὐκ
2543 4811 2813 4883 ἀλήθειαν.
2855 4807 3142 4880 Τροπικῶς
3183 4807 3394 4876 εἴρηται
3434 4806 3529 4856 καὶ
3577 4807 3704 4874 περὶ

2126 4907 2344 4979 σαρκὸς,
2373 4905 2512 4958 κατὰ
2539 4907 2629 4957 τὸν
2654 4902 2957 4972 φιλονείκου
2999 4899 3206 4971 Ἀρείου
3233 4899 3406 4966 λόγον.
3433 4897 3543 4949 Καὶ
3575 4897 3702 4948 οὐκ-

2125 5001 2204 5054 ἐτι
2243 4999 2467 5071 καρδίαν
2500 4997 2654 5068 ἔσχεν
2691 4995 2859 5047 ἐλθὼν
2901 4996 2931 5046 6
2960 4992 3149 5059 Λόγος,
3195 4989 3315 5042 οὗτε
3361 4985 3536 5060 ἧπαρ,
3579 4987 3704 5040 οὔτε

2127 5094 2321 5163 σάρκα.
2349 5090 2469 5144 οὔτε
2504 5088 2726 5157 ἔγκατα,
2764 5085 2884 5139 οὔτε
2923 5083 3103 5145 ὀστέα,
3146 5081 3268 5134 οὔτε
3305 5099 3356 5133 τι
3382 5080 3492 5132 τῶν
3519 5079 3702 5132 τοιού-

2125 5201 2250 5237 των·
2279 5182 2413 5236 ἀλλὰ
2437 5183 2611 5236 πάντα
2633 5179 2815 5232 λοιπὸν
2840 5177 3239 5246 ἀλληγορεῖται,
3260 5170 3353 5226 καὶ
3374 5171 3702 5244 τροπικώτεο

2129 5295 2221 5349 ρον
2275 5277 2512 5344 λέγεται·
2546 5275 2578 5344 ἢ
2616 5275 2696 5325 ὅτι
2737 5272 2871 5334 ὅλως
2901 5270 3098 5340 φυρτὸν
3128 5266 3283 5320 ἔλαϐε
3324 5265 3502 5334 σῶμα,
3536 5263 3703 5333 μηδὲν

2126 5369 2233 5422 τῶν
2256 5368 2541 5421 ὲντοσθίων
2568 5367 2706 5436 ἕχον.
2739 5364 2862 5426 Πῶς
2884 5359 2974 5416 οὖν
3002 5361 3176 5432 ἤσθιε,
3209 5359 3303 5412 καὶ
3331 5357 3548 5423 ἔπινεν;
3589 5354 3690 5408 Ἀλ-

2127 5461 2194 5513 λὰ
2228 5461 2439 5528 ἄπαγεε
2474 5461 2536 5512 Ei
2567 5459 2622 5510 δὲ
2667 5461 2694 5511 6
2720 5457 2908 5527 Πατὴρ
2947 5454 3092 5520 λέγει
3127 5451 3351 5523 καρδίαν
3379 5449 3475 5502 καὶ
3502 5447 3702 5518 ψυχὴν,

2128 5551 2347 5606 δύναται
2399 5553 2454 5605 δὲ
2510 5554 2589 5614 εἰς
2635 5551 2793 5603 αὑτὸν
2832 5543 3267 5618 ἁλληγορεῖσθαι,
3307 5543 3402 5600 καὶ
3431 5537 3702 5600 τροπικῶς
