  <div class='ocr_page' id='page_1' title='image "/cluster/home/n/w/nwhite01/storage/ocr_20150623/42/hvd.32044011752995/140.png"; bbox 0 0 3826 6206; ppageno 0'>
   <div class='ocr_carea' id='block_1_1' title="bbox 61 288 1611 354">
    <p class='ocr_par' dir='ltr' id='par_1_1' title="bbox 61 289 1609 354">
     <span class='ocr_line' id='line_1_1' title="bbox 61 289 1609 354; baseline -0.005 -2"><span class='ocrx_word' id='word_1_1' title='bbox 61 295 144 354; x_wconf 68' lang='grc'><strong>231</strong></span> <span class='ocrx_word' id='word_1_2' title='bbox 754 292 1128 352; x_wconf 79' lang='lat' dir='ltr'><strong>ADVERSUS</strong></span> <span class='ocrx_word' id='word_1_3' title='bbox 1163 289 1508 350; x_wconf 58' lang='lat' dir='ltr'><strong>HIERESES</strong></span> <span class='ocrx_word' id='word_1_4' title='bbox 1543 289 1609 345; x_wconf 69' lang='grc' dir='ltr'>ιι</span> 
     </span>
    </p>
   </div>
   <div class='ocr_carea' id='block_1_2' title="bbox 1721 288 2715 354">
    <p class='ocr_par' dir='ltr' id='par_1_2' title="bbox 1721 289 2715 353">
     <span class='ocr_line' id='line_1_2' title="bbox 1721 289 2715 353; baseline 0.006 -9"><span class='ocrx_word' id='word_1_5' title='bbox 1721 289 1780 348; x_wconf 89' lang='lat' dir='ltr'><strong>ll.</strong></span> <span class='ocrx_word' id='word_1_6' title='bbox 1821 292 1984 351; x_wconf 79' lang='grc' dir='ltr'><strong>ἸὉΜ.</strong></span> <span class='ocrx_word' id='word_1_7' title='bbox 2026 294 2184 351; x_wconf 83' lang='grc' dir='ltr'><strong>ΙΙ.-</strong></span> <span class='ocrx_word' id='word_1_8' title='bbox 2221 293 2494 353; x_wconf 63' lang='lat' dir='ltr'><strong>HERES.</strong></span> <span class='ocrx_word' id='word_1_9' title='bbox 2528 293 2715 352; x_wconf 79' lang='lat' dir='ltr'><strong>LXIX.</strong></span> 
     </span>
    </p>
   </div>
   <div class='ocr_carea' id='block_1_3' title="bbox 3175 293 3286 352">
    <p class='ocr_par' dir='ltr' id='par_1_3' title="bbox 3175 293 3286 352">
     <span class='ocr_line' id='line_1_3' title="bbox 3175 293 3286 352; baseline 0 -2"><span class='ocrx_word' id='word_1_10' title='bbox 3175 293 3286 352; x_wconf 73' lang='lat'><strong>283</strong></span> 
     </span>
    </p>
   </div>
   <div class='ocr_carea' id='block_1_4' title="bbox 61 402 1611 480">
    <p class='ocr_par' dir='ltr' id='par_1_4' title="bbox 61 402 1601 480">
     <span class='ocr_line' id='line_1_4' title="bbox 61 402 1601 480; baseline 0 -21"><span class='ocrx_word' id='word_1_11' title='bbox 61 402 299 474; x_wconf 76' lang='grc' dir='ltr'>λέγεσθαι,</span> <span class='ocrx_word' id='word_1_12' title='bbox 322 403 414 456; x_wconf 75' lang='grc' dir='ltr'>καὶ</span> <span class='ocrx_word' id='word_1_13' title='bbox 435 404 511 468; x_wconf 83' lang='grc' dir='ltr'><strong>είς</strong></span> <span class='ocrx_word' id='word_1_14' title='bbox 539 403 629 457; x_wconf 82' lang='grc' dir='ltr'><strong>τὸν</strong></span> <span class='ocrx_word' id='word_1_15' title='bbox 651 404 778 459; x_wconf 83' lang='grc' dir='ltr'>Υἱδν</span> <span class='ocrx_word' id='word_1_16' title='bbox 795 407 1092 479; x_wconf 84' lang='grc' dir='ltr'><strong>τροπικῶς,</strong></span> <span class='ocrx_word' id='word_1_17' title='bbox 1123 407 1212 463; x_wconf 86' lang='grc' dir='ltr'><strong>διά</strong></span> <span class='ocrx_word' id='word_1_18' title='bbox 1235 407 1298 462; x_wconf 80' lang='grc' dir='ltr'>τὸ</span> <span class='ocrx_word' id='word_1_19' title='bbox 1319 405 1601 480; x_wconf 77' lang='grc' dir='ltr'><strong>ἀρνεῖσθαι</strong></span> 
     </span>
    </p>
   </div>
   <div class='ocr_carea' id='block_1_5' title="bbox 1721 402 3282 480">
    <p class='ocr_par' dir='ltr' id='par_1_5' title="bbox 1727 406 3282 480">
     <span class='ocr_line' id='line_1_5' title="bbox 1727 406 3282 480; baseline 0.003 -20"><span class='ocrx_word' id='word_1_20' title='bbox 1727 406 1797 460; x_wconf 91' lang='lat' dir='ltr'><strong>lla</strong></span> <span class='ocrx_word' id='word_1_21' title='bbox 1845 407 1900 463; x_wconf 92' lang='lat' dir='ltr'><strong>in</strong></span> <span class='ocrx_word' id='word_1_22' title='bbox 1939 409 2319 466; x_wconf 76' lang='lat' dir='ltr'><strong>incarnatione</strong></span> <span class='ocrx_word' id='word_1_23' title='bbox 2351 409 2678 479; x_wconf 81' lang='lat' dir='ltr'><strong>susceperit,</strong></span> <span class='ocrx_word' id='word_1_24' title='bbox 2718 407 2816 463; x_wconf 88' lang='lat' dir='ltr'><strong>sed</strong></span> <span class='ocrx_word' id='word_1_25' title='bbox 2855 407 2922 463; x_wconf 89' lang='lat' dir='ltr'><strong>ad</strong></span> <span class='ocrx_word' id='word_1_26' title='bbox 2966 406 3282 480; x_wconf 76' lang='lat' dir='ltr'><strong>allegoriam</strong></span> 
     </span>
    </p>
   </div>
   <div class='ocr_carea' id='block_1_6' title="bbox 61 495 1600 574">
    <p class='ocr_par' dir='ltr' id='par_1_6' title="bbox 61 495 1600 574">
     <span class='ocr_line' id='line_1_6' title="bbox 61 495 1600 574; baseline 0.003 -24"><span class='ocrx_word' id='word_1_27' title='bbox 61 496 196 550; x_wconf 68' lang='grc' dir='ltr'>αὑτὸν</span> <span class='ocrx_word' id='word_1_28' title='bbox 217 495 482 565; x_wconf 66' lang='grc' dir='ltr'>εἰληφέναι</span> <span class='ocrx_word' id='word_1_29' title='bbox 512 495 709 568; x_wconf 77' lang='grc' dir='ltr'>ψυχήν.</span> <span class='ocrx_word' id='word_1_30' title='bbox 741 499 837 564; x_wconf 77' lang='grc' dir='ltr'><strong>Εἰς</strong></span> <span class='ocrx_word' id='word_1_31' title='bbox 873 500 930 554; x_wconf 79' lang='grc' dir='ltr'>δὲ</span> <span class='ocrx_word' id='word_1_32' title='bbox 971 501 1033 554; x_wconf 86' lang='grc' dir='ltr'><strong>τὺ</strong></span> <span class='ocrx_word' id='word_1_33' title='bbox 1062 502 1190 573; x_wconf 72' lang='grc' dir='ltr'>περὶ</span> <span class='ocrx_word' id='word_1_34' title='bbox 1223 500 1449 574; x_wconf 78' lang='grc' dir='ltr'><strong>καρδίας</strong></span> <span class='ocrx_word' id='word_1_35' title='bbox 1479 517 1600 554; x_wconf 84' lang='grc' dir='ltr'>πιε-</span> 
     </span>
    </p>
   </div>
   <div class='ocr_carea' id='block_1_7' title="bbox 61 589 1602 666">
    <p class='ocr_par' dir='ltr' id='par_1_7' title="bbox 61 589 1602 666">
     <span class='ocr_line' id='line_1_7' title="bbox 61 589 1602 666; baseline 0.003 -22"><span class='ocrx_word' id='word_1_36' title='bbox 61 591 264 661; x_wconf 76' lang='grc' dir='ltr'>ζόμενοι,</span> <span class='ocrx_word' id='word_1_37' title='bbox 310 590 369 642; x_wconf 73' lang='grc' dir='ltr'>οὐ</span> <span class='ocrx_word' id='word_1_38' title='bbox 409 589 655 644; x_wconf 83' lang='grc' dir='ltr'>δύνανται</span> <span class='ocrx_word' id='word_1_39' title='bbox 703 593 1064 666; x_wconf 83' lang='grc' dir='ltr'><strong>ἀρνήσασθαι,</strong></span> <span class='ocrx_word' id='word_1_40' title='bbox 1099 594 1186 648; x_wconf 80' lang='grc' dir='ltr'><strong>διὰ</strong></span> <span class='ocrx_word' id='word_1_41' title='bbox 1228 595 1289 648; x_wconf 80' lang='grc' dir='ltr'>τὸ</span> <span class='ocrx_word' id='word_1_42' title='bbox 1321 595 1602 666; x_wconf 86' lang='grc' dir='ltr'>ὁμολογεῖ-</span> 
     </span>
    </p>
   </div>
   <div class='ocr_carea' id='block_1_8' title="bbox 63 682 1600 758">
    <p class='ocr_par' dir='ltr' id='par_1_8' title="bbox 63 682 1600 758">
     <span class='ocr_line' id='line_1_8' title="bbox 63 682 1600 758; baseline 0.002 -21"><span class='ocrx_word' id='word_1_43' title='bbox 63 685 163 737; x_wconf 79' lang='grc' dir='ltr'>σθαι</span> <span class='ocrx_word' id='word_1_44' title='bbox 195 682 314 752; x_wconf 85' lang='grc' dir='ltr'>παρ’</span> <span class='ocrx_word' id='word_1_45' title='bbox 349 682 526 735; x_wconf 79' lang='grc' dir='ltr'>αὐτῶν</span> <span class='ocrx_word' id='word_1_46' title='bbox 555 685 736 737; x_wconf 82' lang='grc' dir='ltr'>πᾶσαν</span> <span class='ocrx_word' id='word_1_47' title='bbox 779 685 878 756; x_wconf 79' lang='grc' dir='ltr'>τὴν</span> <span class='ocrx_word' id='word_1_48' title='bbox 913 685 1060 741; x_wconf 80' lang='grc' dir='ltr'>θέσιν</span> <span class='ocrx_word' id='word_1_49' title='bbox 1087 687 1180 742; x_wconf 89' lang='grc' dir='ltr'><strong>τοῦ</strong></span> <span class='ocrx_word' id='word_1_50' title='bbox 1221 687 1474 758; x_wconf 86' lang='grc' dir='ltr'>σώματος</span> <span class='ocrx_word' id='word_1_51' title='bbox 1504 687 1600 741; x_wconf 91' lang='grc' dir='ltr'><strong>τοῦ</strong></span> 
     </span>
    </p>
   </div>
   <div class='ocr_carea' id='block_1_9' title="bbox 61 773 1602 854">
    <p class='ocr_par' dir='ltr' id='par_1_9' title="bbox 61 773 1602 854">
     <span class='ocr_line' id='line_1_9' title="bbox 61 773 1602 854; baseline 0.002 -23"><span class='ocrx_word' id='word_1_52' title='bbox 61 776 234 847; x_wconf 77' lang='grc' dir='ltr'>Κυρίου</span> <span class='ocrx_word' id='word_1_53' title='bbox 261 773 552 845; x_wconf 74' lang='grc' dir='ltr'>εἰληφέναι,</span> <span class='ocrx_word' id='word_1_54' title='bbox 584 776 692 829; x_wconf 74' lang='grc' dir='ltr'><strong>ἀπὸ</strong></span> <span class='ocrx_word' id='word_1_55' title='bbox 717 776 812 830; x_wconf 88' lang='grc' dir='ltr'><strong>τοῦ</strong></span> <span class='ocrx_word' id='word_1_56' title='bbox 845 779 1072 850; x_wconf 82' lang='grc' dir='ltr'><strong>καρδίαν</strong></span> <span class='ocrx_word' id='word_1_57' title='bbox 1103 781 1198 834; x_wconf 72' lang='grc' dir='ltr'>καὶ</span> <span class='ocrx_word' id='word_1_58' title='bbox 1226 780 1474 854; x_wconf 84' lang='grc' dir='ltr'>καρδίαν,</span> <span class='ocrx_word' id='word_1_59' title='bbox 1501 781 1602 852; x_wconf 78' lang='grc' dir='ltr'>τὴν</span> 
     </span>
    </p>
   </div>
   <div class='ocr_carea' id='block_1_10' title="bbox 64 863 1602 942">
    <p class='ocr_par' dir='ltr' id='par_1_10' title="bbox 64 863 1602 942">
     <span class='ocr_line' id='line_1_10' title="bbox 64 863 1602 942; baseline 0.005 -24"><span class='ocrx_word' id='word_1_60' title='bbox 64 867 143 937; x_wconf 82' lang='grc' dir='ltr'>μὲν</span> <span class='ocrx_word' id='word_1_61' title='bbox 179 863 434 935; x_wconf 76' lang='grc' dir='ltr'><strong>ἀληθινῶς</strong></span> <span class='ocrx_word' id='word_1_62' title='bbox 469 865 925 940; x_wconf 81' lang='grc' dir='ltr'><strong>ὁμολογουμένην,</strong></span> <span class='ocrx_word' id='word_1_63' title='bbox 967 869 1066 941; x_wconf 81' lang='grc' dir='ltr'>τὴν</span> <span class='ocrx_word' id='word_1_64' title='bbox 1103 869 1158 924; x_wconf 80' lang='grc' dir='ltr'>δὲ</span> <span class='ocrx_word' id='word_1_65' title='bbox 1193 871 1602 942; x_wconf 82' lang='grc' dir='ltr'>ἀλληγορουμέ-</span> 
     </span>
    </p>
   </div>
   <div class='ocr_carea' id='block_1_11' title="bbox 62 955 1600 1034">
    <p class='ocr_par' dir='ltr' id='par_1_11' title="bbox 62 955 1600 1034">
     <span class='ocr_line' id='line_1_11' title="bbox 62 955 1600 1034; baseline 0.004 -24"><span class='ocrx_word' id='word_1_66' title='bbox 62 977 158 1029; x_wconf 84' lang='grc' dir='ltr'>νην.</span> <span class='ocrx_word' id='word_1_67' title='bbox 189 955 334 1010; x_wconf 81' lang='grc' dir='ltr'>υῦτω</span> <span class='ocrx_word' id='word_1_68' title='bbox 359 958 451 1011; x_wconf 80' lang='grc' dir='ltr'>καὶ</span> <span class='ocrx_word' id='word_1_69' title='bbox 483 959 611 1030; x_wconf 72' lang='grc' dir='ltr'>περὶ</span> <span class='ocrx_word' id='word_1_70' title='bbox 642 958 820 1031; x_wconf 79' lang='grc' dir='ltr'>ψυχῆς</span> <span class='ocrx_word' id='word_1_71' title='bbox 849 963 876 1014; x_wconf 86' lang='grc' dir='ltr'>ὁ</span> <span class='ocrx_word' id='word_1_72' title='bbox 904 961 1060 1031; x_wconf 84' lang='grc' dir='ltr'>λόγος</span> <span class='ocrx_word' id='word_1_73' title='bbox 1099 962 1305 1034; x_wconf 81' lang='grc' dir='ltr'>ἀληθὴς</span> <span class='ocrx_word' id='word_1_74' title='bbox 1345 963 1600 1034; x_wconf 83' lang='grc' dir='ltr'><strong>ὑπάρχει,</strong></span> 
     </span>
    </p>
   </div>
   <div class='ocr_carea' id='block_1_12' title="bbox 62 1049 1603 1126">
    <p class='ocr_par' dir='ltr' id='par_1_12' title="bbox 62 1049 1603 1126">
     <span class='ocr_line' id='line_1_12' title="bbox 62 1049 1603 1126; baseline 0.002 -22"><span class='ocrx_word' id='word_1_75' title='bbox 62 1052 137 1104; x_wconf 71' lang='grc' dir='ltr'>καὶ</span> <span class='ocrx_word' id='word_1_76' title='bbox 162 1051 250 1103; x_wconf 78' lang='grc' dir='ltr'>οὐκ</span> <span class='ocrx_word' id='word_1_77' title='bbox 270 1049 665 1121; x_wconf 84' lang='grc' dir='ltr'>ἀλληγορεῖται,</span> <span class='ocrx_word' id='word_1_78' title='bbox 696 1051 819 1105; x_wconf 77' lang='grc' dir='ltr'>οὔτε</span> <span class='ocrx_word' id='word_1_79' title='bbox 843 1054 1120 1126; x_wconf 84' lang='grc' dir='ltr'>τροπικῶς</span> <span class='ocrx_word' id='word_1_80' title='bbox 1147 1055 1386 1122; x_wconf 82' lang='grc' dir='ltr'>λέγεται.</span> <span class='ocrx_word' id='word_1_81' title='bbox 1421 1053 1603 1125; x_wconf 78' lang='grc' dir='ltr'>Οῠσης</span> 
     </span>
    </p>
   </div>
   <div class='ocr_carea' id='block_1_13' title="bbox 63 1142 1604 1218">
    <p class='ocr_par' dir='ltr' id='par_1_13' title="bbox 63 1142 1604 1218">
     <span class='ocr_line' id='line_1_13' title="bbox 63 1142 1604 1218; baseline 0.002 -21"><span class='ocrx_word' id='word_1_82' title='bbox 63 1144 107 1197; x_wconf 76' lang='grc' dir='ltr'>δὲ</span> <span class='ocrx_word' id='word_1_83' title='bbox 127 1142 212 1213; x_wconf 80' lang='grc' dir='ltr'>τῆς</span> <span class='ocrx_word' id='word_1_84' title='bbox 231 1142 318 1196; x_wconf 86' lang='grc' dir='ltr'><strong>τοῦ</strong></span> <span class='ocrx_word' id='word_1_85' title='bbox 348 1143 584 1215; x_wconf 79' lang='grc' dir='ltr'>Χριστοῦ</span> <span class='ocrx_word' id='word_1_86' title='bbox 612 1145 1075 1218; x_wconf 79' lang='grc' dir='ltr'>ὲνανθρωπήσεως</span> <span class='ocrx_word' id='word_1_87' title='bbox 1106 1148 1164 1201; x_wconf 72' lang='grc' dir='ltr'>ἐν</span> <span class='ocrx_word' id='word_1_88' title='bbox 1188 1149 1347 1200; x_wconf 73' lang='grc' dir='ltr'>παντὶ</span> <span class='ocrx_word' id='word_1_89' title='bbox 1378 1147 1604 1201; x_wconf 80' lang='grc' dir='ltr'>τελειου-</span> 
     </span>
    </p>
   </div>
   <div class='ocr_carea' id='block_1_14' title="bbox 66 1235 1602 1313">
    <p class='ocr_par' dir='ltr' id='par_1_14' title="bbox 66 1235 1602 1313">
     <span class='ocr_line' id='line_1_14' title="bbox 66 1235 1602 1313; baseline 0.005 -26"><span class='ocrx_word' id='word_1_90' title='bbox 66 1236 200 1306; x_wconf 81' lang='grc' dir='ltr'>μένης</span> <span class='ocrx_word' id='word_1_91' title='bbox 231 1235 454 1306; x_wconf 83' lang='grc' dir='ltr'>σώματι,</span> <span class='ocrx_word' id='word_1_92' title='bbox 477 1238 570 1290; x_wconf 75' lang='grc' dir='ltr'>καὶ</span> <span class='ocrx_word' id='word_1_93' title='bbox 596 1237 763 1310; x_wconf 75' lang='grc' dir='ltr'>ψυχῇ,</span> <span class='ocrx_word' id='word_1_94' title='bbox 795 1240 890 1292; x_wconf 74' lang='grc' dir='ltr'>καὶ</span> <span class='ocrx_word' id='word_1_95' title='bbox 919 1242 1012 1312; x_wconf 81' lang='grc' dir='ltr'>νῷ,</span> <span class='ocrx_word' id='word_1_96' title='bbox 1040 1241 1136 1296; x_wconf 75' lang='grc' dir='ltr'>καὶ</span> <span class='ocrx_word' id='word_1_97' title='bbox 1158 1240 1375 1313; x_wconf 81' lang='grc' dir='ltr'>καρδίᾳ,</span> <span class='ocrx_word' id='word_1_98' title='bbox 1399 1242 1490 1295; x_wconf 74' lang='grc' dir='ltr'><strong>καὶ</strong></span> <span class='ocrx_word' id='word_1_99' title='bbox 1522 1243 1602 1306; x_wconf 76' lang='grc' dir='ltr'><strong>εἰς</strong></span> 
     </span>
    </p>
   </div>
   <div class='ocr_carea' id='block_1_15' title="bbox 64 1329 1602 1406">
    <p class='ocr_par' dir='ltr' id='par_1_15' title="bbox 64 1329 1602 1406">
     <span class='ocr_line' id='line_1_15' title="bbox 64 1329 1602 1406; baseline 0.003 -23"><span class='ocrx_word' id='word_1_100' title='bbox 64 1329 213 1383; x_wconf 78' lang='grc' dir='ltr'>πάντα</span> <span class='ocrx_word' id='word_1_101' title='bbox 243 1330 336 1382; x_wconf 86' lang='grc' dir='ltr'>ὅσα</span> <span class='ocrx_word' id='word_1_102' title='bbox 364 1330 513 1382; x_wconf 73' lang='grc' dir='ltr'>ἐστὶν</span> <span class='ocrx_word' id='word_1_103' title='bbox 541 1331 826 1404; x_wconf 81' lang='grc' dir='ltr'>ἄνθρωπος</span> <span class='ocrx_word' id='word_1_104' title='bbox 866 1334 1036 1405; x_wconf 77' lang='grc' dir='ltr'>χωρὶς</span> <span class='ocrx_word' id='word_1_105' title='bbox 1077 1334 1372 1406; x_wconf 72' lang='grc' dir='ltr'><strong>ἁμαρτίας⁹</strong></span> <span class='ocrx_word' id='word_1_106' title='bbox 1410 1333 1602 1404; x_wconf 84' lang='grc' dir='ltr'>γέγονε</span> 
     </span>
    </p>
   </div>
   <div class='ocr_carea' id='block_1_16' title="bbox 65 1421 1603 1498">
    <p class='ocr_par' dir='ltr' id='par_1_16' title="bbox 65 1421 1603 1498">
     <span class='ocr_line' id='line_1_16' title="bbox 65 1421 1603 1498; baseline 0.004 -23"><span class='ocrx_word' id='word_1_107' title='bbox 65 1423 107 1475; x_wconf 77' lang='grc' dir='ltr'>δὲ</span> <span class='ocrx_word' id='word_1_108' title='bbox 139 1421 265 1490; x_wconf 81' lang='grc' dir='ltr'><strong>αὑτῷ</strong></span> <span class='ocrx_word' id='word_1_109' title='bbox 300 1421 364 1474; x_wconf 81' lang='grc' dir='ltr'><strong>τά</strong></span> <span class='ocrx_word' id='word_1_110' title='bbox 409 1422 724 1492; x_wconf 83' lang='grc' dir='ltr'>ἀνθρώπινα</span> <span class='ocrx_word' id='word_1_111' title='bbox 766 1425 1000 1495; x_wconf 78' lang='grc' dir='ltr'><strong>εὐλόγως</strong></span> <span class='ocrx_word' id='word_1_112' title='bbox 1027 1426 1382 1498; x_wconf 85' lang='grc' dir='ltr'>πράττεσθαι,</span> <span class='ocrx_word' id='word_1_113' title='bbox 1417 1426 1511 1480; x_wconf 77' lang='grc' dir='ltr'><strong>καὶ</strong></span> <span class='ocrx_word' id='word_1_114' title='bbox 1544 1428 1603 1482; x_wconf 83' lang='grc' dir='ltr'>ὲν</span> 
     </span>
    </p>
   </div>
   <div class='ocr_carea' id='block_1_17' title="bbox 67 1515 1600 1595">
    <p class='ocr_par' dir='ltr' id='par_1_17' title="bbox 67 1515 1600 1595">
     <span class='ocr_line' id='line_1_17' title="bbox 67 1515 1600 1595; baseline 0.006 -28"><span class='ocrx_word' id='word_1_115' title='bbox 67 1515 238 1585; x_wconf 79' lang='grc' dir='ltr'>θεότητι</span> <span class='ocrx_word' id='word_1_116' title='bbox 278 1517 495 1581; x_wconf 84' lang='grc' dir='ltr'>τελείως</span> <span class='ocrx_word' id='word_1_117' title='bbox 534 1521 591 1572; x_wconf 80' lang='grc' dir='ltr'>ἐν</span> <span class='ocrx_word' id='word_1_118' title='bbox 635 1520 879 1592; x_wconf 78' lang='grc' dir='ltr'>σωτηρίᾳ</span> <span class='ocrx_word' id='word_1_119' title='bbox 917 1521 1304 1588; x_wconf 77' lang='grc' dir='ltr'>ἐπιτελεῖσθαι,</span> <span class='ocrx_word' id='word_1_120' title='bbox 1335 1521 1520 1575; x_wconf 77' lang='grc' dir='ltr'>οὐκέτι</span> <span class='ocrx_word' id='word_1_121' title='bbox 1565 1524 1600 1595; x_wconf 77' lang='grc' dir='ltr'>ἡ</span> 
     </span>
    </p>
   </div>
   <div class='ocr_carea' id='block_1_18' title="bbox 67 1609 1600 1686">
    <p class='ocr_par' dir='ltr' id='par_1_18' title="bbox 67 1609 1600 1686">
     <span class='ocr_line' id='line_1_18' title="bbox 67 1609 1600 1686; baseline 0.005 -24"><span class='ocrx_word' id='word_1_122' title='bbox 67 1609 198 1662; x_wconf 69' lang='grc' dir='ltr'>αὑτοῦ</span> <span class='ocrx_word' id='word_1_123' title='bbox 220 1609 399 1680; x_wconf 83' lang='grc' dir='ltr'>θεότης</span> <span class='ocrx_word' id='word_1_124' title='bbox 433 1611 681 1683; x_wconf 77' lang='grc' dir='ltr'>ἀδοξήσει</span> <span class='ocrx_word' id='word_1_125' title='bbox 712 1613 861 1686; x_wconf 78' lang='grc' dir='ltr'>παρὰ</span> <span class='ocrx_word' id='word_1_126' title='bbox 899 1615 1000 1684; x_wconf 83' lang='grc' dir='ltr'>τὴν</span> <span class='ocrx_word' id='word_1_127' title='bbox 1034 1615 1125 1669; x_wconf 86' lang='grc' dir='ltr'><strong>τοῦ</strong></span> <span class='ocrx_word' id='word_1_128' title='bbox 1158 1615 1372 1686; x_wconf 74' lang='grc' dir='ltr'>Πατρδς</span> <span class='ocrx_word' id='word_1_129' title='bbox 1398 1615 1600 1669; x_wconf 83' lang='grc' dir='ltr'>τελειό-</span> 
     </span>
    </p>
   </div>
   <div class='ocr_carea' id='block_1_19' title="bbox 67 1701 1602 1779">
    <p class='ocr_par' dir='ltr' id='par_1_19' title="bbox 67 1701 1602 1779">
     <span class='ocr_line' id='line_1_19' title="bbox 67 1701 1602 1779; baseline 0.005 -27"><span class='ocrx_word' id='word_1_130' title='bbox 67 1717 191 1770; x_wconf 72' lang='grc' dir='ltr'>τηταο</span> <span class='ocrx_word' id='word_1_131' title='bbox 222 1701 347 1754; x_wconf 81' lang='grc' dir='ltr'><strong>ἀλλά</strong></span> <span class='ocrx_word' id='word_1_132' title='bbox 388 1701 476 1756; x_wconf 85' lang='grc' dir='ltr'><strong>διὰ</strong></span> <span class='ocrx_word' id='word_1_133' title='bbox 513 1703 612 1775; x_wconf 75' lang='grc' dir='ltr'>τὴν</span> <span class='ocrx_word' id='word_1_134' title='bbox 645 1703 909 1776; x_wconf 84' lang='grc' dir='ltr'>ἕνσαρκον</span> <span class='ocrx_word' id='word_1_135' title='bbox 949 1706 1380 1779; x_wconf 80' lang='grc' dir='ltr'>ἐνανθρὼπησιν,</span> <span class='ocrx_word' id='word_1_136' title='bbox 1412 1707 1507 1762; x_wconf 73' lang='grc' dir='ltr'>καὶ</span> <span class='ocrx_word' id='word_1_137' title='bbox 1539 1707 1602 1760; x_wconf 83' lang='grc' dir='ltr'>τὸ</span> 
     </span>
    </p>
   </div>
   <div class='ocr_carea' id='block_1_20' title="bbox 68 1791 1599 1865">
    <p class='ocr_par' dir='ltr' id='par_1_20' title="bbox 68 1791 1599 1865">
     <span class='ocr_line' id='line_1_20' title="bbox 68 1791 1599 1865; baseline 0.006 -23"><span class='ocrx_word' id='word_1_138' title='bbox 68 1791 268 1861; x_wconf 64' lang='grc' dir='ltr'>διψῆται,</span> <span class='ocrx_word' id='word_1_139' title='bbox 299 1793 390 1844; x_wconf 75' lang='grc' dir='ltr'>καὶ</span> <span class='ocrx_word' id='word_1_140' title='bbox 424 1791 490 1845; x_wconf 80' lang='grc' dir='ltr'>τὸ</span> <span class='ocrx_word' id='word_1_141' title='bbox 521 1794 791 1865; x_wconf 79' lang='grc' dir='ltr'>πεινῆσαι,</span> <span class='ocrx_word' id='word_1_142' title='bbox 821 1798 914 1850; x_wconf 73' lang='grc' dir='ltr'>καὶ</span> <span class='ocrx_word' id='word_1_143' title='bbox 942 1797 1004 1849; x_wconf 85' lang='grc' dir='ltr'>τὸ</span> <span class='ocrx_word' id='word_1_144' title='bbox 1047 1800 1212 1861; x_wconf 83' lang='grc' dir='ltr'>πιεῖν,</span> <span class='ocrx_word' id='word_1_145' title='bbox 1251 1798 1347 1851; x_wconf 74' lang='grc' dir='ltr'>καὶ</span> <span class='ocrx_word' id='word_1_146' title='bbox 1378 1797 1599 1862; x_wconf 81' lang='grc' dir='ltr'>ἐσθίειν,</span> 
     </span>
    </p>
   </div>
   <div class='ocr_carea' id='block_1_21' title="bbox 67 1883 1605 1963">
    <p class='ocr_par' dir='ltr' id='par_1_21' title="bbox 67 1883 1605 1963">
     <span class='ocr_line' id='line_1_21' title="bbox 67 1883 1605 1963; baseline 0.008 -28"><span class='ocrx_word' id='word_1_147' title='bbox 67 1884 140 1935; x_wconf 69' lang='grc' dir='ltr'>καὶ</span> <span class='ocrx_word' id='word_1_148' title='bbox 157 1883 210 1936; x_wconf 82' lang='grc' dir='ltr'><strong>τὸ</strong></span> <span class='ocrx_word' id='word_1_149' title='bbox 227 1883 441 1948; x_wconf 86' lang='grc' dir='ltr'>ὑπνοῦν,</span> <span class='ocrx_word' id='word_1_150' title='bbox 468 1887 562 1939; x_wconf 73' lang='grc' dir='ltr'>καὶ</span> <span class='ocrx_word' id='word_1_151' title='bbox 587 1887 874 1959; x_wconf 78' lang='grc' dir='ltr'>ἀδημονεῖν</span> <span class='ocrx_word' id='word_1_152' title='bbox 896 1889 1332 1963; x_wconf 80' lang='grc' dir='ltr'>πληρωθήσεται,</span> <span class='ocrx_word' id='word_1_153' title='bbox 1359 1892 1605 1958; x_wconf 81' lang='grc' dir='ltr'>ἀπαθοῦς</span> 
     </span>
    </p>
   </div>
   <div class='ocr_carea' id='block_1_22' title="bbox 69 1975 1606 2049">
    <p class='ocr_par' dir='ltr' id='par_1_22' title="bbox 69 1975 1606 2049">
     <span class='ocr_line' id='line_1_22' title="bbox 69 1975 1606 2049; baseline 0.01 -24"><span class='ocrx_word' id='word_1_154' title='bbox 69 1975 199 2044; x_wconf 75' lang='grc' dir='ltr'>οὖσης</span> <span class='ocrx_word' id='word_1_155' title='bbox 222 1976 311 2043; x_wconf 78' lang='grc' dir='ltr'><strong>τῆς</strong></span> <span class='ocrx_word' id='word_1_156' title='bbox 337 1975 504 2029; x_wconf 82' lang='grc' dir='ltr'>αὐτοῦ</span> <span class='ocrx_word' id='word_1_157' title='bbox 537 1977 806 2049; x_wconf 80' lang='grc' dir='ltr'>θεότητος.</span> <span class='ocrx_word' id='word_1_158' title='bbox 854 1982 965 2034; x_wconf 76' lang='grc' dir='ltr'><strong>Καὶ</strong></span> <span class='ocrx_word' id='word_1_159' title='bbox 1002 1982 1248 2037; x_wconf 81' lang='grc' dir='ltr'>διέπεσεν</span> <span class='ocrx_word' id='word_1_160' title='bbox 1282 1983 1462 2039; x_wconf 86' lang='grc' dir='ltr'>αὐτῶν</span> <span class='ocrx_word' id='word_1_161' title='bbox 1506 1986 1606 2040; x_wconf 85' lang='grc' dir='ltr'>πά-</span> 
     </span>
    </p>
   </div>
   <div class='ocr_carea' id='block_1_23' title="bbox 71 2064 1607 2149">
    <p class='ocr_par' dir='ltr' id='par_1_23' title="bbox 71 2064 1607 2149">
     <span class='ocr_line' id='line_1_23' title="bbox 71 2064 1607 2149; baseline 0.012 -34"><span class='ocrx_word' id='word_1_162' title='bbox 71 2064 174 2117; x_wconf 65' lang='lat' dir='ltr'><strong>two</strong></span> <span class='ocrx_word' id='word_1_163' title='bbox 200 2065 314 2136; x_wconf 72' lang='grc' dir='ltr'>περὶ</span> <span class='ocrx_word' id='word_1_164' title='bbox 339 2067 530 2121; x_wconf 73' lang='grc' dir='ltr'>τούτου</span> <span class='ocrx_word' id='word_1_165' title='bbox 556 2069 728 2139; x_wconf 77' lang='grc' dir='ltr'>λόγος’</span> <span class='ocrx_word' id='word_1_166' title='bbox 755 2073 942 2146; x_wconf 81' lang='grc' dir='ltr'>ἐπειδὴ</span> <span class='ocrx_word' id='word_1_167' title='bbox 967 2069 1131 2146; x_wconf 81' lang='grc' dir='ltr'>ἦλθεν</span> <span class='ocrx_word' id='word_1_168' title='bbox 1161 2078 1241 2140; x_wconf 86' lang='grc' dir='ltr'><strong>είς</strong></span> <span class='ocrx_word' id='word_1_169' title='bbox 1269 2078 1448 2149; x_wconf 86' lang='grc' dir='ltr'>σάρκα</span> <span class='ocrx_word' id='word_1_170' title='bbox 1473 2078 1607 2145; x_wconf 82' lang='grc' dir='ltr'>Θεὸς</span> 
     </span>
    </p>
   </div>
   <div class='ocr_carea' id='block_1_24' title="bbox 71 2156 143 2211">
    <p class='ocr_par' dir='ltr' id='par_1_24' title="bbox 71 2156 143 2211">
     <span class='ocr_line' id='line_1_24' title="bbox 71 2156 143 2211; baseline 0.056 -4"><span class='ocrx_word' id='word_1_171' title='bbox 71 2156 143 2211; x_wconf 75' lang='grc' dir='ltr'><strong>ὢν.</strong></span> 
     </span>
    </p>
   </div>
   <div class='ocr_carea' id='block_1_25' title="bbox 1705 503 3284 575">
    <p class='ocr_par' dir='ltr' id='par_1_25' title="bbox 1705 503 3284 575">
     <span class='ocr_line' id='line_1_25' title="bbox 1705 503 3284 575; baseline 0 -17"><span class='ocrx_word' id='word_1_172' title='bbox 1705 511 1759 558; x_wconf 90' lang='lat' dir='ltr'><strong>et</strong></span> <span class='ocrx_word' id='word_1_173' title='bbox 1791 512 2010 575; x_wconf 81' lang='lat' dir='ltr'><strong>tropum</strong></span> <span class='ocrx_word' id='word_1_174' title='bbox 2050 505 2305 565; x_wconf 87' lang='lat' dir='ltr'><strong>universa</strong></span> <span class='ocrx_word' id='word_1_175' title='bbox 2329 503 2662 560; x_wconf 88' lang='lat' dir='ltr'><strong>traducenda</strong></span> <span class='ocrx_word' id='word_1_176' title='bbox 2694 509 2845 568; x_wconf 89' lang='lat' dir='ltr'><strong>sunt,</strong></span> <span class='ocrx_word' id='word_1_177' title='bbox 2873 509 2967 557; x_wconf 89' lang='lat' dir='ltr'><strong>aut</strong></span> <span class='ocrx_word' id='word_1_178' title='bbox 2989 503 3284 558; x_wconf 81' lang='lat' dir='ltr'><strong>confusum</strong></span> 
     </span>
    </p>
   </div>
   <div class='ocr_carea' id='block_1_26' title="bbox 1702 597 3288 669">
    <p class='ocr_par' dir='ltr' id='par_1_26' title="bbox 1702 597 3288 669">
     <span class='ocr_line' id='line_1_26' title="bbox 1702 597 3288 669; baseline 0 -15"><span class='ocrx_word' id='word_1_179' title='bbox 1702 597 1975 668; x_wconf 84' lang='lat' dir='ltr'><strong>quoddam</strong></span> <span class='ocrx_word' id='word_1_180' title='bbox 2002 613 2204 669; x_wconf 88' lang='lat' dir='ltr'><strong>corpus</strong></span> <span class='ocrx_word' id='word_1_181' title='bbox 2244 598 2484 653; x_wconf 85' lang='lat' dir='ltr'><strong>induerit</strong></span> <span class='ocrx_word' id='word_1_182' title='bbox 2539 604 2791 668; x_wconf 89' lang='lat' dir='ltr'><strong>oportet,</strong></span> <span class='ocrx_word' id='word_1_183' title='bbox 2829 597 2972 668; x_wconf 89' lang='lat' dir='ltr'><strong>quod</strong></span> <span class='ocrx_word' id='word_1_184' title='bbox 3008 599 3288 654; x_wconf 86' lang='lat' dir='ltr'><strong>intestinis</strong></span> 
     </span>
    </p>
   </div>
   <div class='ocr_carea' id='block_1_27' title="bbox 1704 687 3289 762">
    <p class='ocr_par' dir='ltr' id='par_1_27' title="bbox 1704 687 3289 762">
     <span class='ocr_line' id='line_1_27' title="bbox 1704 687 3289 762; baseline -0.001 -16"><span class='ocrx_word' id='word_1_185' title='bbox 1704 691 1925 762; x_wconf 83' lang='lat' dir='ltr'><strong>penitus</strong></span> <span class='ocrx_word' id='word_1_186' title='bbox 1953 698 2158 746; x_wconf 84' lang='lat' dir='ltr'><strong>careat.</strong></span> <span class='ocrx_word' id='word_1_187' title='bbox 2193 687 2351 757; x_wconf 87' lang='lat' dir='ltr'><strong>Quod</strong></span> <span class='ocrx_word' id='word_1_188' title='bbox 2394 691 2440 745; x_wconf 88' lang='lat' dir='ltr'><strong>si</strong></span> <span class='ocrx_word' id='word_1_189' title='bbox 2493 690 2568 744; x_wconf 91' lang='lat' dir='ltr'><strong>ita</strong></span> <span class='ocrx_word' id='word_1_190' title='bbox 2597 696 2682 746; x_wconf 90' lang='lat' dir='ltr'><strong>est</strong></span> <span class='ocrx_word' id='word_1_191' title='bbox 2707 729 2722 754; x_wconf 95' lang='lat'><strong>,</strong></span> <span class='ocrx_word' id='word_1_192' title='bbox 2758 689 2906 744; x_wconf 81' lang='lat' dir='ltr'><strong>vesci</strong></span> <span class='ocrx_word' id='word_1_193' title='bbox 2955 699 3049 744; x_wconf 89' lang='lat' dir='ltr'><strong>aut</strong></span> <span class='ocrx_word' id='word_1_194' title='bbox 3099 690 3289 745; x_wconf 88' lang='lat' dir='ltr'><strong>bibere</strong></span> 
     </span>
    </p>
   </div>
   <div class='ocr_carea' id='block_1_28' title="bbox 1703 780 3292 854">
    <p class='ocr_par' dir='ltr' id='par_1_28' title="bbox 1703 780 3292 854">
     <span class='ocr_line' id='line_1_28' title="bbox 1703 780 3292 854; baseline -0.001 -17"><span class='ocrx_word' id='word_1_195' title='bbox 1703 783 1978 854; x_wconf 88' lang='lat' dir='ltr'><strong>quomodo</strong></span> <span class='ocrx_word' id='word_1_196' title='bbox 2033 784 2255 854; x_wconf 87' lang='lat' dir='ltr'><strong>potuit?</strong></span> <span class='ocrx_word' id='word_1_197' title='bbox 2297 784 2482 854; x_wconf 81' lang='lat' dir='ltr'><strong>Apage</strong></span> <span class='ocrx_word' id='word_1_198' title='bbox 2539 793 2647 836; x_wconf 88' lang='lat' dir='ltr'><strong>tam</strong></span> <span class='ocrx_word' id='word_1_199' title='bbox 2685 783 2944 837; x_wconf 90' lang='lat' dir='ltr'><strong>absurda.</strong></span> <span class='ocrx_word' id='word_1_200' title='bbox 3003 780 3120 836; x_wconf 86' lang='lat' dir='ltr'><strong>Jam</strong></span> <span class='ocrx_word' id='word_1_201' title='bbox 3155 798 3292 837; x_wconf 84' lang='lat' dir='ltr'><strong>vero</strong></span> 
     </span>
    </p>
   </div>
   <div class='ocr_carea' id='block_1_29' title="bbox 1704 873 3287 943">
    <p class='ocr_par' dir='ltr' id='par_1_29' title="bbox 1704 873 3287 943">
     <span class='ocr_line' id='line_1_29' title="bbox 1704 873 3287 943; baseline 0 -15"><span class='ocrx_word' id='word_1_202' title='bbox 1704 889 1829 928; x_wconf 92' lang='lat' dir='ltr'><strong>cum</strong></span> <span class='ocrx_word' id='word_1_203' title='bbox 1858 873 2022 930; x_wconf 90' lang='lat' dir='ltr'><strong>Pater</strong></span> <span class='ocrx_word' id='word_1_204' title='bbox 2051 889 2148 929; x_wconf 91' lang='lat' dir='ltr'><strong>cor</strong></span> <span class='ocrx_word' id='word_1_205' title='bbox 2173 881 2228 930; x_wconf 88' lang='lat' dir='ltr'><strong>et</strong></span> <span class='ocrx_word' id='word_1_206' title='bbox 2261 875 2501 929; x_wconf 91' lang='lat' dir='ltr'><strong>animam</strong></span> <span class='ocrx_word' id='word_1_207' title='bbox 2545 873 2648 928; x_wconf 85' lang='lat' dir='ltr'><strong>sibi</strong></span> <span class='ocrx_word' id='word_1_208' title='bbox 2697 873 2921 938; x_wconf 87' lang='lat' dir='ltr'><strong>tribuat,</strong></span> <span class='ocrx_word' id='word_1_209' title='bbox 2966 873 3127 943; x_wconf 83' lang='lat' dir='ltr'><strong>idque</strong></span> <span class='ocrx_word' id='word_1_210' title='bbox 3151 873 3287 928; x_wconf 89' lang='lat' dir='ltr'><strong>alle-</strong></span> 
     </span>
    </p>
   </div>
   <div class='ocr_carea' id='block_1_30' title="bbox 1703 964 3290 1039">
    <p class='ocr_par' dir='ltr' id='par_1_30' title="bbox 1703 964 3290 1039">
     <span class='ocr_line' id='line_1_30' title="bbox 1703 964 3290 1039; baseline -0.003 -17"><span class='ocrx_word' id='word_1_211' title='bbox 1703 968 1887 1039; x_wconf 82' lang='lat' dir='ltr'><strong>gorice</strong></span> <span class='ocrx_word' id='word_1_212' title='bbox 1915 1009 1930 1033; x_wconf 92' lang='lat'><strong>,</strong></span> <span class='ocrx_word' id='word_1_213' title='bbox 1958 981 2022 1022; x_wconf 91' lang='lat' dir='ltr'><strong>ac</strong></span> <span class='ocrx_word' id='word_1_214' title='bbox 2050 982 2148 1038; x_wconf 88' lang='lat' dir='ltr'><strong>per</strong></span> <span class='ocrx_word' id='word_1_215' title='bbox 2185 974 2406 1036; x_wconf 86' lang='lat' dir='ltr'><strong>tropum</strong></span> <span class='ocrx_word' id='word_1_216' title='bbox 2445 965 2514 1021; x_wconf 91' lang='lat' dir='ltr'><strong>de</strong></span> <span class='ocrx_word' id='word_1_217' title='bbox 2561 966 2679 1036; x_wconf 90' lang='lat' dir='ltr'><strong>ipso</strong></span> <span class='ocrx_word' id='word_1_218' title='bbox 2716 965 3060 1036; x_wconf 87' lang='lat' dir='ltr'><strong>interpretari</strong></span> <span class='ocrx_word' id='word_1_219' title='bbox 3109 964 3290 1034; x_wconf 86' lang='lat' dir='ltr'><strong>possi-</strong></span> 
     </span>
    </p>
   </div>
   <div class='ocr_carea' id='block_1_31' title="bbox 1706 1056 3295 1131">
    <p class='ocr_par' dir='ltr' id='par_1_31' title="bbox 1706 1056 3295 1131">
     <span class='ocr_line' id='line_1_31' title="bbox 1706 1056 3295 1131; baseline -0.004 -15"><span class='ocrx_word' id='word_1_220' title='bbox 1706 1077 1858 1126; x_wconf 89' lang='lat' dir='ltr'><strong>mus;</strong></span> <span class='ocrx_word' id='word_1_221' title='bbox 1891 1075 1954 1116; x_wconf 86' lang='lat' dir='ltr'><strong>ac</strong></span> <span class='ocrx_word' id='word_1_222' title='bbox 1980 1059 2046 1116; x_wconf 90' lang='lat' dir='ltr'><strong>de</strong></span> <span class='ocrx_word' id='word_1_223' title='bbox 2077 1059 2216 1115; x_wconf 89' lang='lat' dir='ltr'><strong>Filio</strong></span> <span class='ocrx_word' id='word_1_224' title='bbox 2247 1075 2487 1131; x_wconf 88' lang='lat' dir='ltr'><strong>quoque,</strong></span> <span class='ocrx_word' id='word_1_225' title='bbox 2522 1059 2669 1130; x_wconf 90' lang='lat' dir='ltr'><strong>quod</strong></span> <span class='ocrx_word' id='word_1_226' title='bbox 2705 1060 2770 1114; x_wconf 90' lang='lat' dir='ltr'><strong>ad</strong></span> <span class='ocrx_word' id='word_1_227' title='bbox 2802 1059 3039 1113; x_wconf 87' lang='lat' dir='ltr'><strong>animam</strong></span> <span class='ocrx_word' id='word_1_228' title='bbox 3071 1056 3295 1120; x_wconf 75' lang='lat' dir='ltr'><strong>attinet,’</strong></span> 
     </span>
    </p>
   </div>
   <div class='ocr_carea' id='block_1_32' title="bbox 1704 1149 3296 1223">
    <p class='ocr_par' dir='ltr' id='par_1_32' title="bbox 1704 1149 3296 1223">
     <span class='ocr_line' id='line_1_32' title="bbox 1704 1149 3296 1223; baseline -0.003 -17"><span class='ocrx_word' id='word_1_229' title='bbox 1704 1167 1866 1223; x_wconf 86' lang='lat' dir='ltr'><strong>quam</strong></span> <span class='ocrx_word' id='word_1_230' title='bbox 1896 1153 1966 1207; x_wconf 90' lang='lat' dir='ltr'><strong>ab</strong></span> <span class='ocrx_word' id='word_1_231' title='bbox 2010 1152 2104 1206; x_wconf 89' lang='lat' dir='ltr'><strong>illo</strong></span> <span class='ocrx_word' id='word_1_232' title='bbox 2154 1159 2468 1221; x_wconf 90' lang='lat' dir='ltr'><strong>susceptam</strong></span> <span class='ocrx_word' id='word_1_233' title='bbox 2522 1149 2709 1205; x_wconf 83' lang='lat' dir='ltr'><strong>Ariani</strong></span> <span class='ocrx_word' id='word_1_234' title='bbox 2741 1155 2982 1221; x_wconf 79' lang='lat' dir='ltr'><strong>negant,</strong></span> <span class='ocrx_word' id='word_1_235' title='bbox 3013 1156 3296 1219; x_wconf 87' lang='lat' dir='ltr'><strong>utcunque</strong></span> 
     </span>
    </p>
   </div>
   <div class='ocr_carea' id='block_1_33' title="bbox 1705 1238 3295 1314">
    <p class='ocr_par' dir='ltr' id='par_1_33' title="bbox 1705 1238 3295 1314">
     <span class='ocr_line' id='line_1_33' title="bbox 1705 1238 3295 1314; baseline -0.006 -15"><span class='ocrx_word' id='word_1_236' title='bbox 1705 1246 1868 1300; x_wconf 88' lang='lat' dir='ltr'><strong>etiam</strong></span> <span class='ocrx_word' id='word_1_237' title='bbox 1903 1242 2111 1314; x_wconf 90' lang='lat' dir='ltr'><strong>tropice</strong></span> <span class='ocrx_word' id='word_1_238' title='bbox 2160 1241 2367 1298; x_wconf 92' lang='lat' dir='ltr'><strong>dictum</strong></span> <span class='ocrx_word' id='word_1_239' title='bbox 2403 1238 2574 1294; x_wconf 88' lang='lat' dir='ltr'><strong>videri</strong></span> <span class='ocrx_word' id='word_1_240' title='bbox 2613 1241 2819 1310; x_wconf 90' lang='lat' dir='ltr'><strong>possit:</strong></span> <span class='ocrx_word' id='word_1_241' title='bbox 2863 1245 3008 1293; x_wconf 89' lang='lat' dir='ltr'><strong>certe</strong></span> <span class='ocrx_word' id='word_1_242' title='bbox 3043 1253 3166 1292; x_wconf 88' lang='lat' dir='ltr'><strong>cum</strong></span> <span class='ocrx_word' id='word_1_243' title='bbox 3192 1251 3295 1291; x_wconf 86' lang='lat' dir='ltr'><strong>cor</strong></span> 
     </span>
    </p>
   </div>
   <div class='ocr_carea' id='block_1_34' title="bbox 1702 1333 3298 1407">
    <p class='ocr_par' dir='ltr' id='par_1_34' title="bbox 1702 1333 3298 1407">
     <span class='ocr_line' id='line_1_34' title="bbox 1702 1333 3298 1407; baseline -0.005 -15"><span class='ocrx_word' id='word_1_244' title='bbox 1702 1337 1812 1393; x_wconf 87' lang='lat' dir='ltr'><strong>illis</strong></span> <span class='ocrx_word' id='word_1_245' title='bbox 1845 1335 2142 1407; x_wconf 89' lang='lat' dir='ltr'><strong>opponitur</strong></span> <span class='ocrx_word' id='word_1_246' title='bbox 2169 1373 2185 1398; x_wconf 91' lang='lat'><strong>,</strong></span> <span class='ocrx_word' id='word_1_247' title='bbox 2247 1349 2449 1405; x_wconf 88' lang='lat' dir='ltr'><strong>negare</strong></span> <span class='ocrx_word' id='word_1_248' title='bbox 2502 1333 2726 1386; x_wconf 89' lang='lat' dir='ltr'><strong>omnino</strong></span> <span class='ocrx_word' id='word_1_249' title='bbox 2776 1347 2882 1386; x_wconf 92' lang='lat' dir='ltr'><strong>non</strong></span> <span class='ocrx_word' id='word_1_250' title='bbox 2917 1339 3187 1399; x_wconf 82' lang='lat' dir='ltr'><strong>possunt,</strong></span> <span class='ocrx_word' id='word_1_251' title='bbox 3223 1345 3298 1385; x_wconf 85' lang='lat' dir='ltr'><strong>eo</strong></span> 
     </span>
    </p>
   </div>
   <div class='ocr_carea' id='block_1_35' title="bbox 1706 1421 3290 1502">
    <p class='ocr_par' dir='ltr' id='par_1_35' title="bbox 1706 1421 3290 1502">
     <span class='ocr_line' id='line_1_35' title="bbox 1706 1421 3290 1502; baseline -0.007 -17"><span class='ocrx_word' id='word_1_252' title='bbox 1706 1429 1851 1502; x_wconf 87' lang='lat' dir='ltr'><strong>quod</strong></span> <span class='ocrx_word' id='word_1_253' title='bbox 1912 1436 2081 1482; x_wconf 88' lang='lat' dir='ltr'><strong>totam</strong></span> <span class='ocrx_word' id='word_1_254' title='bbox 2141 1425 2371 1480; x_wconf 88' lang='lat' dir='ltr'><strong>humani</strong></span> <span class='ocrx_word' id='word_1_255' title='bbox 2431 1423 2680 1494; x_wconf 87' lang='lat' dir='ltr'><strong>corporis</strong></span> <span class='ocrx_word' id='word_1_256' title='bbox 2728 1421 3140 1492; x_wconf 84' lang='lat' dir='ltr'><strong>dispositionem</strong></span> <span class='ocrx_word' id='word_1_257' title='bbox 3193 1434 3290 1474; x_wconf 60' lang='lat' dir='ltr'><strong>asc</strong></span> 
     </span>
    </p>
   </div>
   <div class='ocr_carea' id='block_1_36' title="bbox 1703 1512 3288 1594">
    <p class='ocr_par' dir='ltr' id='par_1_36' title="bbox 1703 1512 3288 1594">
     <span class='ocr_line' id='line_1_36' title="bbox 1703 1512 3288 1594; baseline -0.005 -16"><span class='ocrx_word' id='word_1_258' title='bbox 1703 1529 1973 1594; x_wconf 85' lang='lat' dir='ltr'><strong>sumptam</strong></span> <span class='ocrx_word' id='word_1_259' title='bbox 2029 1535 2060 1574; x_wconf 88' lang='lat' dir='ltr'><strong>a</strong></span> <span class='ocrx_word' id='word_1_260' title='bbox 2112 1518 2346 1574; x_wconf 87' lang='lat' dir='ltr'><strong>Domino</strong></span> <span class='ocrx_word' id='word_1_261' title='bbox 2394 1515 2566 1573; x_wconf 82' lang='lat' dir='ltr'><strong>fuisse</strong></span> <span class='ocrx_word' id='word_1_262' title='bbox 2619 1515 2764 1571; x_wconf 88' lang='lat' dir='ltr'><strong>ultro</strong></span> <span class='ocrx_word' id='word_1_263' title='bbox 2803 1514 2906 1585; x_wconf 85' lang='lat' dir='ltr'><strong>ipsi</strong></span> <span class='ocrx_word' id='word_1_264' title='bbox 2937 1512 3288 1570; x_wconf 83' lang='lat' dir='ltr'><strong>conﬁtentur.</strong></span> 
     </span>
    </p>
   </div>
   <div class='ocr_carea' id='block_1_37' title="bbox 1703 1605 3294 1685">
    <p class='ocr_par' dir='ltr' id='par_1_37' title="bbox 1703 1605 3294 1685">
     <span class='ocr_line' id='line_1_37' title="bbox 1703 1605 3294 1685; baseline -0.006 -15"><span class='ocrx_word' id='word_1_265' title='bbox 1703 1614 2050 1685; x_wconf 88' lang='lat' dir='ltr'><strong>Proindeque</strong></span> <span class='ocrx_word' id='word_1_266' title='bbox 2085 1610 2542 1683; x_wconf 85' lang='lat' dir='ltr'><strong>quemadmodum</strong></span> <span class='ocrx_word' id='word_1_267' title='bbox 2586 1624 2683 1664; x_wconf 89' lang='lat' dir='ltr'><strong>cor</strong></span> <span class='ocrx_word' id='word_1_268' title='bbox 2733 1607 2950 1663; x_wconf 91' lang='lat' dir='ltr'><strong>duobus</strong></span> <span class='ocrx_word' id='word_1_269' title='bbox 2986 1605 3165 1662; x_wconf 92' lang='lat' dir='ltr'><strong>modis</strong></span> <span class='ocrx_word' id='word_1_270' title='bbox 3195 1620 3294 1660; x_wconf 82' lang='lat' dir='ltr'><strong>ac-</strong></span> 
     </span>
    </p>
   </div>
   <div class='ocr_carea' id='block_1_38' title="bbox 1703 1701 3294 1780">
    <p class='ocr_par' dir='ltr' id='par_1_38' title="bbox 1703 1701 3294 1780">
     <span class='ocr_line' id='line_1_38' title="bbox 1703 1701 3294 1780; baseline -0.006 -15"><span class='ocrx_word' id='word_1_271' title='bbox 1703 1709 1809 1780; x_wconf 89' lang='lat' dir='ltr'><strong>cipi</strong></span> <span class='ocrx_word' id='word_1_272' title='bbox 1843 1724 1955 1764; x_wconf 89' lang='lat' dir='ltr'><strong>non</strong></span> <span class='ocrx_word' id='word_1_273' title='bbox 1978 1715 2200 1780; x_wconf 81' lang='lat' dir='ltr'><strong>negant,</strong></span> <span class='ocrx_word' id='word_1_274' title='bbox 2239 1706 2456 1777; x_wconf 88' lang='lat' dir='ltr'><strong>proprie</strong></span> <span class='ocrx_word' id='word_1_275' title='bbox 2495 1703 2708 1760; x_wconf 88' lang='lat' dir='ltr'><strong>scilicet</strong></span> <span class='ocrx_word' id='word_1_276' title='bbox 2736 1717 2800 1758; x_wconf 88' lang='lat' dir='ltr'><strong>ac</strong></span> <span class='ocrx_word' id='word_1_277' title='bbox 2827 1717 2974 1766; x_wconf 86' lang='lat' dir='ltr'><strong>vere,</strong></span> <span class='ocrx_word' id='word_1_278' title='bbox 2999 1709 3053 1757; x_wconf 92' lang='lat' dir='ltr'><strong>et</strong></span> <span class='ocrx_word' id='word_1_279' title='bbox 3084 1701 3294 1772; x_wconf 82' lang='lat' dir='ltr'><strong>allego-</strong></span> 
     </span>
    </p>
   </div>
   <div class='ocr_carea' id='block_1_39' title="bbox 1703 1794 3296 1867">
    <p class='ocr_par' dir='ltr' id='par_1_39' title="bbox 1703 1794 3296 1867">
     <span class='ocr_line' id='line_1_39' title="bbox 1703 1794 3296 1867; baseline -0.006 -10"><span class='ocrx_word' id='word_1_280' title='bbox 1703 1802 1816 1858; x_wconf 88' lang='lat' dir='ltr'><strong>rice</strong></span> <span class='ocrx_word' id='word_1_281' title='bbox 1835 1843 1850 1867; x_wconf 93' lang='lat'><strong>,</strong></span> <span class='ocrx_word' id='word_1_282' title='bbox 1878 1800 1954 1855; x_wconf 89' lang='lat' dir='ltr'><strong>ita</strong></span> <span class='ocrx_word' id='word_1_283' title='bbox 1980 1808 2036 1855; x_wconf 91' lang='lat' dir='ltr'><strong>et</strong></span> <span class='ocrx_word' id='word_1_284' title='bbox 2069 1799 2137 1854; x_wconf 92' lang='lat' dir='ltr'><strong>de</strong></span> <span class='ocrx_word' id='word_1_285' title='bbox 2162 1799 2343 1852; x_wconf 85' lang='lat' dir='ltr'><strong>anima</strong></span> <span class='ocrx_word' id='word_1_286' title='bbox 2380 1795 2630 1865; x_wconf 88' lang='lat' dir='ltr'><strong>judicare</strong></span> <span class='ocrx_word' id='word_1_287' title='bbox 2657 1794 2914 1849; x_wconf 80' lang='lat' dir='ltr'><strong>convenit</strong></span> <span class='ocrx_word' id='word_1_288' title='bbox 2940 1834 2954 1858; x_wconf 94' lang='lat'><strong>,</strong></span> <span class='ocrx_word' id='word_1_289' title='bbox 2984 1799 3042 1846; x_wconf 90' lang='lat' dir='ltr'><strong>nt</strong></span> <span class='ocrx_word' id='word_1_290' title='bbox 3066 1807 3130 1847; x_wconf 91' lang='lat' dir='ltr'><strong>ea</strong></span> <span class='ocrx_word' id='word_1_291' title='bbox 3160 1807 3296 1847; x_wconf 88' lang='lat' dir='ltr'><strong>vere</strong></span> 
     </span>
    </p>
   </div>
   <div class='ocr_carea' id='block_1_40' title="bbox 1704 1885 3286 1961">
    <p class='ocr_par' dir='ltr' id='par_1_40' title="bbox 1704 1885 3286 1961">
     <span class='ocr_line' id='line_1_40' title="bbox 1704 1885 3286 1961; baseline -0.007 -12"><span class='ocrx_word' id='word_1_292' title='bbox 1704 1893 1882 1959; x_wconf 85' lang='lat' dir='ltr'><strong>Filio,</strong></span> <span class='ocrx_word' id='word_1_293' title='bbox 1936 1908 2048 1948; x_wconf 88' lang='lat' dir='ltr'><strong>non</strong></span> <span class='ocrx_word' id='word_1_294' title='bbox 2098 1889 2422 1961; x_wconf 75' lang='lat' dir='ltr'><strong>allegorice,</strong></span> <span class='ocrx_word' id='word_1_295' title='bbox 2480 1903 2658 1958; x_wconf 90' lang='lat' dir='ltr'><strong>neque</strong></span> <span class='ocrx_word' id='word_1_296' title='bbox 2721 1885 2927 1956; x_wconf 89' lang='lat' dir='ltr'><strong>tropice</strong></span> <span class='ocrx_word' id='word_1_297' title='bbox 2990 1885 3286 1939; x_wconf 85' lang='lat' dir='ltr'><strong>tribuatur.</strong></span> 
     </span>
    </p>
   </div>
   <div class='ocr_carea' id='block_1_41' title="bbox 1708 1973 3392 2054">
    <p class='ocr_par' dir='ltr' id='par_1_41' title="bbox 1708 1973 3392 2054">
     <span class='ocr_line' id='line_1_41' title="bbox 1708 1973 3392 2054; baseline -0.009 -11"><span class='ocrx_word' id='word_1_298' title='bbox 1708 1986 1979 2054; x_wconf 84' lang='lat' dir='ltr'><strong>Quocirca</strong></span> <span class='ocrx_word' id='word_1_299' title='bbox 2030 2000 2153 2039; x_wconf 90' lang='lat' dir='ltr'><strong>cum</strong></span> <span class='ocrx_word' id='word_1_300' title='bbox 2203 1989 2456 2051; x_wconf 87' lang='lat' dir='ltr'><strong>suscepta</strong></span> <span class='ocrx_word' id='word_1_301' title='bbox 2506 1979 2747 2035; x_wconf 88' lang='lat' dir='ltr'><strong>hominis</strong></span> <span class='ocrx_word' id='word_1_302' title='bbox 2779 1993 2811 2031; x_wconf 86' lang='lat' dir='ltr'><strong>a</strong></span> <span class='ocrx_word' id='word_1_303' title='bbox 2845 1977 3064 2033; x_wconf 89' lang='lat' dir='ltr'><strong>Christo</strong></span> <span class='ocrx_word' id='word_1_304' title='bbox 3091 1985 3294 2031; x_wconf 78' lang='lat' dir='ltr'><strong>natura</strong></span> <span class='ocrx_word' id='word_1_305' title='bbox 3385 1973 3392 1978; x_wconf 77' lang='grc'><strong><em>’</em></strong></span> 
     </span>
    </p>
   </div>
   <div class='ocr_carea' id='block_1_42' title="bbox 1708 2070 3294 2140">
    <p class='ocr_par' dir='ltr' id='par_1_42' title="bbox 1708 2070 3294 2140">
     <span class='ocr_line' id='line_1_42' title="bbox 1708 2070 3294 2140; baseline -0.009 -6"><span class='ocrx_word' id='word_1_306' title='bbox 1708 2079 1824 2135; x_wconf 91' lang='lat' dir='ltr'><strong>suis</strong></span> <span class='ocrx_word' id='word_1_307' title='bbox 1857 2075 2114 2132; x_wconf 89' lang='lat' dir='ltr'><strong>omnibus</strong></span> <span class='ocrx_word' id='word_1_308' title='bbox 2165 2073 2414 2128; x_wconf 87' lang='lat' dir='ltr'><strong>numeris</strong></span> <span class='ocrx_word' id='word_1_309' title='bbox 2462 2070 2710 2126; x_wconf 89' lang='lat' dir='ltr'><strong>absoluto</strong></span> <span class='ocrx_word' id='word_1_310' title='bbox 2769 2084 3000 2140; x_wconf 91' lang='lat' dir='ltr'><strong>corpore</strong></span> <span class='ocrx_word' id='word_1_311' title='bbox 3053 2074 3294 2134; x_wconf 83' lang='lat' dir='ltr'><strong>constet,</strong></span> 
     </span>
    </p>
   </div>
   <div class='ocr_carea' id='block_1_43' title="bbox 1703 2161 3294 2231">
    <p class='ocr_par' dir='ltr' id='par_1_43' title="bbox 1703 2161 3294 2231">
     <span class='ocr_line' id='line_1_43' title="bbox 1703 2161 3294 2231; baseline -0.011 -3"><span class='ocrx_word' id='word_1_312' title='bbox 1703 2185 1917 2227; x_wconf 89' lang='lat' dir='ltr'><strong>necnon</strong></span> <span class='ocrx_word' id='word_1_313' title='bbox 1962 2173 2016 2224; x_wconf 92' lang='lat' dir='ltr'><strong>et</strong></span> <span class='ocrx_word' id='word_1_314' title='bbox 2054 2167 2271 2230; x_wconf 88' lang='lat' dir='ltr'><strong>anima,</strong></span> <span class='ocrx_word' id='word_1_315' title='bbox 2327 2173 2509 2218; x_wconf 89' lang='lat' dir='ltr'><strong>mente</strong></span> <span class='ocrx_word' id='word_1_316' title='bbox 2535 2202 2549 2226; x_wconf 93' lang='lat'><strong>,</strong></span> <span class='ocrx_word' id='word_1_317' title='bbox 2595 2161 2761 2219; x_wconf 88' lang='lat' dir='ltr'><strong>corde</strong></span> <span class='ocrx_word' id='word_1_318' title='bbox 2808 2161 3130 2231; x_wconf 68' lang='lat' dir='ltr'><strong>ueterisque</strong></span> <span class='ocrx_word' id='word_1_319' title='bbox 3165 2173 3294 2229; x_wconf 64' lang='lat' dir='ltr'><strong>qua:</strong></span> 
     </span>
    </p>
   </div>
   <div class='ocr_carea' id='block_1_44' title="bbox 72 2251 3286 2338">
    <p class='ocr_par' dir='ltr' id='par_1_44' title="bbox 72 2251 3286 2338">
     <span class='ocr_line' id='line_1_44' title="bbox 72 2251 3286 2338; baseline 0 -32"><span class='ocrx_word' id='word_1_320' title='bbox 72 2251 236 2310; x_wconf 85' lang='lat' dir='ltr'><strong>homini</strong></span> <span class='ocrx_word' id='word_1_321' title='bbox 299 2258 506 2326; x_wconf 84' lang='lat' dir='ltr'><strong>insunt,</strong></span> <span class='ocrx_word' id='word_1_322' title='bbox 541 2269 735 2332; x_wconf 68' lang='lat' dir='ltr'><strong>praeter</strong></span> <span class='ocrx_word' id='word_1_323' title='bbox 763 2273 1074 2334; x_wconf 85' lang='lat' dir='ltr'><strong>peccatum;</strong></span> <span class='ocrx_word' id='word_1_324' title='bbox 1116 2282 1350 2338; x_wconf 89' lang='lat' dir='ltr'><strong>cumque</strong></span> <span class='ocrx_word' id='word_1_325' title='bbox 1410 2268 1664 2325; x_wconf 70' lang='lat' dir='ltr'><strong>bumanre</strong></span> <span class='ocrx_word' id='word_1_326' title='bbox 1700 2267 2045 2330; x_wconf 83' lang='lat' dir='ltr'><strong>functiones,</strong></span> <span class='ocrx_word' id='word_1_327' title='bbox 2077 2277 2177 2333; x_wconf 90' lang='lat' dir='ltr'><strong>pro</strong></span> <span class='ocrx_word' id='word_1_328' title='bbox 2213 2275 2279 2316; x_wconf 91' lang='lat' dir='ltr'><strong>eo</strong></span> <span class='ocrx_word' id='word_1_329' title='bbox 2327 2274 2392 2314; x_wconf 91' lang='lat' dir='ltr'><strong>ac</strong></span> <span class='ocrx_word' id='word_1_330' title='bbox 2433 2258 2631 2314; x_wconf 89' lang='lat' dir='ltr'><strong>rationi</strong></span> <span class='ocrx_word' id='word_1_331' title='bbox 2680 2264 3111 2312; x_wconf 87' lang='lat' dir='ltr'><strong>consentaneum</strong></span> <span class='ocrx_word' id='word_1_332' title='bbox 3142 2260 3286 2318; x_wconf 89' lang='lat' dir='ltr'><strong>erat,</strong></span> 
     </span>
    </p>
   </div>
   <div class='ocr_carea' id='block_1_45' title="bbox 73 2345 3287 2422">
    <p class='ocr_par' dir='ltr' id='par_1_45' title="bbox 73 2345 3287 2422">
     <span class='ocr_line' id='line_1_45' title="bbox 73 2345 3287 2422; baseline 0 -24"><span class='ocrx_word' id='word_1_333' title='bbox 73 2361 154 2399; x_wconf 85' lang='lat' dir='ltr'><strong>una</strong></span> <span class='ocrx_word' id='word_1_334' title='bbox 179 2363 285 2403; x_wconf 91' lang='lat' dir='ltr'><strong>cum</strong></span> <span class='ocrx_word' id='word_1_335' title='bbox 320 2351 560 2420; x_wconf 85' lang='lat' dir='ltr'><strong>perfecta</strong></span> <span class='ocrx_word' id='word_1_336' title='bbox 591 2355 875 2411; x_wconf 79' lang='lat' dir='ltr'><strong>divinitate</strong></span> <span class='ocrx_word' id='word_1_337' title='bbox 912 2356 980 2412; x_wconf 91' lang='lat' dir='ltr'><strong>ad</strong></span> <span class='ocrx_word' id='word_1_338' title='bbox 1019 2357 1207 2414; x_wconf 87' lang='lat' dir='ltr'><strong>salutis</strong></span> <span class='ocrx_word' id='word_1_339' title='bbox 1243 2361 1770 2416; x_wconf 87' lang='lat' dir='ltr'><strong>administrationem</strong></span> <span class='ocrx_word' id='word_1_340' title='bbox 1799 2359 1867 2413; x_wconf 89' lang='lat' dir='ltr'><strong>ab</strong></span> <span class='ocrx_word' id='word_1_341' title='bbox 1903 2358 1999 2411; x_wconf 90' lang='lat' dir='ltr'><strong>illo</strong></span> <span class='ocrx_word' id='word_1_342' title='bbox 2043 2355 2205 2411; x_wconf 74' lang='lat' dir='ltr'><strong>obita:</strong></span> <span class='ocrx_word' id='word_1_343' title='bbox 2263 2354 2626 2422; x_wconf 68' lang='lat' dir='ltr'><strong>prmslitaeque</strong></span> <span class='ocrx_word' id='word_1_344' title='bbox 2685 2348 2921 2412; x_wconf 80' lang='lat' dir='ltr'><strong>fuerint,</strong></span> <span class='ocrx_word' id='word_1_345' title='bbox 2979 2347 3092 2416; x_wconf 87' lang='lat' dir='ltr'><strong>jam</strong></span> <span class='ocrx_word' id='word_1_346' title='bbox 3151 2345 3287 2400; x_wconf 89' lang='lat' dir='ltr'><strong>illud</strong></span> 
     </span>
    </p>
   </div>
   <div class='ocr_carea' id='block_1_46' title="bbox 72 2438 3294 2523">
    <p class='ocr_par' dir='ltr' id='par_1_46' title="bbox 72 2438 3294 2523">
     <span class='ocr_line' id='line_1_46' title="bbox 72 2438 3294 2523; baseline -0.001 -31"><span class='ocrx_word' id='word_1_347' title='bbox 72 2441 280 2510; x_wconf 78' lang='lat' dir='ltr'><strong>explicari</strong></span> <span class='ocrx_word' id='word_1_348' title='bbox 326 2445 611 2502; x_wconf 84' lang='lat' dir='ltr'><strong>commode</strong></span> <span class='ocrx_word' id='word_1_349' title='bbox 661 2457 878 2518; x_wconf 88' lang='lat' dir='ltr'><strong>potest,</strong></span> <span class='ocrx_word' id='word_1_350' title='bbox 937 2451 1390 2523; x_wconf 87' lang='lat' dir='ltr'><strong>quemadmodum</strong></span> <span class='ocrx_word' id='word_1_351' title='bbox 1445 2454 1593 2510; x_wconf 90' lang='lat' dir='ltr'><strong>illius</strong></span> <span class='ocrx_word' id='word_1_352' title='bbox 1632 2452 1889 2509; x_wconf 89' lang='lat' dir='ltr'><strong>divinitas</strong></span> <span class='ocrx_word' id='word_1_353' title='bbox 1945 2463 2053 2504; x_wconf 91' lang='lat' dir='ltr'><strong>non</strong></span> <span class='ocrx_word' id='word_1_354' title='bbox 2111 2447 2202 2511; x_wconf 87' lang='lat' dir='ltr'><strong>sit,</strong></span> <span class='ocrx_word' id='word_1_355' title='bbox 2234 2442 2377 2514; x_wconf 90' lang='lat' dir='ltr'><strong>quod</strong></span> <span class='ocrx_word' id='word_1_356' title='bbox 2439 2441 2505 2496; x_wconf 91' lang='lat' dir='ltr'><strong>ad</strong></span> <span class='ocrx_word' id='word_1_357' title='bbox 2565 2440 2885 2510; x_wconf 88' lang='lat' dir='ltr'><strong>dignitatem</strong></span> <span class='ocrx_word' id='word_1_358' title='bbox 2920 2438 3136 2503; x_wconf 89' lang='lat' dir='ltr'><strong>attinet,</strong></span> <span class='ocrx_word' id='word_1_359' title='bbox 3166 2452 3294 2507; x_wconf 85' lang='lat' dir='ltr'><strong>pcr-</strong></span> 
     </span>
    </p>
   </div>
   <div class='ocr_carea' id='block_1_47' title="bbox 77 2529 3297 2614">
    <p class='ocr_par' dir='ltr' id='par_1_47' title="bbox 77 2529 3297 2614">
     <span class='ocr_line' id='line_1_47' title="bbox 77 2529 3297 2614; baseline 0 -29"><span class='ocrx_word' id='word_1_360' title='bbox 77 2531 266 2588; x_wconf 76' lang='lat' dir='ltr'><strong>lectione</strong></span> <span class='ocrx_word' id='word_1_361' title='bbox 301 2533 480 2590; x_wconf 87' lang='lat' dir='ltr'><strong>Patris</strong></span> <span class='ocrx_word' id='word_1_362' title='bbox 531 2535 797 2607; x_wconf 82' lang='lat' dir='ltr'><strong>inferior;</strong></span> <span class='ocrx_word' id='word_1_363' title='bbox 851 2540 921 2595; x_wconf 90' lang='lat' dir='ltr'><strong>ob</strong></span> <span class='ocrx_word' id='word_1_364' title='bbox 959 2557 1188 2611; x_wconf 86' lang='lat' dir='ltr'><strong>eamque</strong></span> <span class='ocrx_word' id='word_1_365' title='bbox 1241 2560 1403 2614; x_wconf 90' lang='lat' dir='ltr'><strong>quam</strong></span> <span class='ocrx_word' id='word_1_366' title='bbox 1475 2545 1762 2614; x_wconf 82' lang='lat' dir='ltr'><strong>usurpavit</strong></span> <span class='ocrx_word' id='word_1_367' title='bbox 1795 2541 1979 2597; x_wconf 88' lang='lat' dir='ltr'><strong>carnis</strong></span> <span class='ocrx_word' id='word_1_368' title='bbox 2015 2541 2265 2594; x_wconf 68' lang='lat' dir='ltr'><strong>humanae</strong></span> <span class='ocrx_word' id='word_1_369' title='bbox 2325 2532 2692 2590; x_wconf 88' lang='lat' dir='ltr'><strong>conditionem</strong></span> <span class='ocrx_word' id='word_1_370' title='bbox 2746 2532 3006 2602; x_wconf 69' lang='lat' dir='ltr'><strong>praeclare</strong></span> <span class='ocrx_word' id='word_1_371' title='bbox 3061 2529 3112 2584; x_wconf 90' lang='lat' dir='ltr'><strong>id</strong></span> <span class='ocrx_word' id='word_1_372' title='bbox 3170 2545 3297 2586; x_wconf 90' lang='lat' dir='ltr'><strong>esse</strong></span> 
     </span>
    </p>
   </div>
   <div class='ocr_carea' id='block_1_48' title="bbox 74 2626 3298 2704">
    <p class='ocr_par' dir='ltr' id='par_1_48' title="bbox 74 2626 3298 2704">
     <span class='ocr_line' id='line_1_48' title="bbox 74 2626 3298 2704; baseline 0 -25"><span class='ocrx_word' id='word_1_373' title='bbox 74 2626 322 2694; x_wconf 85' lang='lat' dir='ltr'><strong>perlectum</strong></span> <span class='ocrx_word' id='word_1_374' title='bbox 365 2629 768 2702; x_wconf 77' lang='lat' dir='ltr'><strong>intelligemus,</strong></span> <span class='ocrx_word' id='word_1_375' title='bbox 817 2635 963 2704; x_wconf 88' lang='lat' dir='ltr'><strong>quod</strong></span> <span class='ocrx_word' id='word_1_376' title='bbox 1024 2645 1078 2693; x_wconf 92' lang='lat' dir='ltr'><strong>et</strong></span> <span class='ocrx_word' id='word_1_377' title='bbox 1113 2639 1259 2694; x_wconf 90' lang='lat' dir='ltr'><strong>sitim</strong></span> <span class='ocrx_word' id='word_1_378' title='bbox 1287 2681 1301 2703; x_wconf 94' lang='lat'><strong>,</strong></span> <span class='ocrx_word' id='word_1_379' title='bbox 1332 2648 1386 2695; x_wconf 92' lang='lat' dir='ltr'><strong>et</strong></span> <span class='ocrx_word' id='word_1_380' title='bbox 1429 2639 1628 2696; x_wconf 84' lang='lat' dir='ltr'><strong>famem</strong></span> <span class='ocrx_word' id='word_1_381' title='bbox 1664 2641 1890 2704; x_wconf 78' lang='lat' dir='ltr'><strong>tulisse,</strong></span> <span class='ocrx_word' id='word_1_382' title='bbox 1944 2644 1998 2693; x_wconf 93' lang='lat' dir='ltr'><strong>et</strong></span> <span class='ocrx_word' id='word_1_383' title='bbox 2047 2636 2284 2697; x_wconf 85' lang='lat' dir='ltr'><strong>bibisse,</strong></span> <span class='ocrx_word' id='word_1_384' title='bbox 2318 2640 2373 2687; x_wconf 87' lang='lat' dir='ltr'><strong>et</strong></span> <span class='ocrx_word' id='word_1_385' title='bbox 2417 2631 2753 2694; x_wconf 89' lang='lat' dir='ltr'><strong>comedisse,</strong></span> <span class='ocrx_word' id='word_1_386' title='bbox 2785 2637 2839 2683; x_wconf 90' lang='lat' dir='ltr'><strong>et</strong></span> <span class='ocrx_word' id='word_1_387' title='bbox 2884 2642 3136 2685; x_wconf 89' lang='lat' dir='ltr'><strong>somnum</strong></span> <span class='ocrx_word' id='word_1_388' title='bbox 3204 2641 3298 2680; x_wconf 67' lang='lat' dir='ltr'><strong>ce:-</strong></span> 
     </span>
    </p>
   </div>
   <div class='ocr_carea' id='block_1_49' title="bbox 76 2705 3292 2803">
    <p class='ocr_par' dir='ltr' id='par_1_49' title="bbox 76 2705 3292 2803">
     <span class='ocr_line' id='line_1_49' title="bbox 76 2705 3292 2803; baseline 0 -31"><span class='ocrx_word' id='word_1_389' title='bbox 76 2717 188 2784; x_wconf 83' lang='lat' dir='ltr'><strong>pisse</strong></span> <span class='ocrx_word' id='word_1_390' title='bbox 209 2757 222 2782; x_wconf 94' lang='lat'><strong>,</strong></span> <span class='ocrx_word' id='word_1_391' title='bbox 247 2729 296 2773; x_wconf 89' lang='lat' dir='ltr'><strong>et</strong></span> <span class='ocrx_word' id='word_1_392' title='bbox 343 2721 572 2776; x_wconf 80' lang='lat' dir='ltr'><strong>tristitia</strong></span> <span class='ocrx_word' id='word_1_393' title='bbox 607 2738 670 2778; x_wconf 91' lang='lat' dir='ltr'><strong>ac</strong></span> <span class='ocrx_word' id='word_1_394' title='bbox 703 2739 938 2783; x_wconf 74' lang='lat' dir='ltr'><strong>mmrore</strong></span> <span class='ocrx_word' id='word_1_395' title='bbox 975 2737 1291 2787; x_wconf 86' lang='lat' dir='ltr'><strong>contractus</strong></span> <span class='ocrx_word' id='word_1_396' title='bbox 1323 2731 1492 2788; x_wconf 79' lang='lat' dir='ltr'><strong>fuisse</strong></span> <span class='ocrx_word' id='word_1_397' title='bbox 1522 2732 1737 2803; x_wconf 82' lang='lat' dir='ltr'><strong>legitur,</strong></span> <span class='ocrx_word' id='word_1_398' title='bbox 1764 2747 1888 2787; x_wconf 88' lang='lat' dir='ltr'><strong>cum</strong></span> <span class='ocrx_word' id='word_1_399' title='bbox 1952 2727 2176 2783; x_wconf 87' lang='lat' dir='ltr'><strong>interim</strong></span> <span class='ocrx_word' id='word_1_400' title='bbox 2242 2724 2362 2793; x_wconf 83' lang='lat' dir='ltr'><strong>ejus</strong></span> <span class='ocrx_word' id='word_1_401' title='bbox 2408 2722 2670 2777; x_wconf 81' lang='lat' dir='ltr'><strong>divinitas</strong></span> <span class='ocrx_word' id='word_1_402' title='bbox 2701 2720 2771 2774; x_wconf 90' lang='lat' dir='ltr'><strong>ab</strong></span> <span class='ocrx_word' id='word_1_403' title='bbox 2825 2720 2971 2773; x_wconf 89' lang='lat' dir='ltr'><strong>omni</strong></span> <span class='ocrx_word' id='word_1_404' title='bbox 3023 2705 3292 2788; x_wconf 79' lang='lat' dir='ltr'><strong>ejusmodi</strong></span> 
     </span>
    </p>
   </div>
   <div class='ocr_carea' id='block_1_50' title="bbox 78 2807 3296 2897">
    <p class='ocr_par' dir='ltr' id='par_1_50' title="bbox 78 2807 3296 2897">
     <span class='ocr_line' id='line_1_50' title="bbox 78 2807 3296 2897; baseline 0.001 -37"><span class='ocrx_word' id='word_1_405' title='bbox 78 2807 312 2866; x_wconf 84' lang='lat' dir='ltr'><strong>allectione</strong></span> <span class='ocrx_word' id='word_1_406' title='bbox 355 2824 502 2870; x_wconf 90' lang='lat' dir='ltr'><strong>esset</strong></span> <span class='ocrx_word' id='word_1_407' title='bbox 542 2817 819 2874; x_wconf 89' lang='lat' dir='ltr'><strong>immunis.</strong></span> <span class='ocrx_word' id='word_1_408' title='bbox 852 2819 931 2875; x_wconf 85' lang='lat' dir='ltr'><strong>Ita</strong></span> <span class='ocrx_word' id='word_1_409' title='bbox 973 2824 1160 2880; x_wconf 88' lang='lat' dir='ltr'><strong>nttllus</strong></span> <span class='ocrx_word' id='word_1_410' title='bbox 1199 2826 1393 2882; x_wconf 87' lang='lat' dir='ltr'><strong>hacin</strong></span> <span class='ocrx_word' id='word_1_411' title='bbox 1441 2835 1594 2897; x_wconf 87' lang='lat' dir='ltr'><strong>parte</strong></span> <span class='ocrx_word' id='word_1_412' title='bbox 1628 2827 1846 2883; x_wconf 87' lang='lat' dir='ltr'><strong>illorum</strong></span> <span class='ocrx_word' id='word_1_413' title='bbox 1879 2822 2127 2895; x_wconf 89' lang='lat' dir='ltr'><strong>opinioni</strong></span> <span class='ocrx_word' id='word_1_414' title='bbox 2178 2822 2333 2875; x_wconf 87' lang='lat' dir='ltr'><strong>locus</strong></span> <span class='ocrx_word' id='word_1_415' title='bbox 2369 2826 2475 2882; x_wconf 90' lang='lat' dir='ltr'><strong>est,</strong></span> <span class='ocrx_word' id='word_1_416' title='bbox 2531 2816 2788 2886; x_wconf 90' lang='lat' dir='ltr'><strong>quoniam</strong></span> <span class='ocrx_word' id='word_1_417' title='bbox 2851 2813 3070 2885; x_wconf 88' lang='lat' dir='ltr'><strong>quidem</strong></span> <span class='ocrx_word' id='word_1_418' title='bbox 3146 2809 3296 2864; x_wconf 87' lang='lat' dir='ltr'><strong>Deus</strong></span> 
     </span>
    </p>
   </div>
   <div class='ocr_carea' id='block_1_51' title="bbox 78 2905 676 2969">
    <p class='ocr_par' dir='ltr' id='par_1_51' title="bbox 78 2905 676 2969">
     <span class='ocr_line' id='line_1_51' title="bbox 78 2905 676 2969; baseline 0.022 -13"><span class='ocrx_word' id='word_1_419' title='bbox 78 2905 126 2957; x_wconf 84' lang='lat' dir='ltr'><strong>ad</strong></span> <span class='ocrx_word' id='word_1_420' title='bbox 147 2921 336 2962; x_wconf 78' lang='lat' dir='ltr'><strong>carnem</strong></span> <span class='ocrx_word' id='word_1_421' title='bbox 371 2909 676 2969; x_wconf 89' lang='lat' dir='ltr'><strong>descendit.</strong></span> 
     </span>
    </p>
   </div>
   <div class='ocr_carea' id='block_1_52' title="bbox 131 2999 1617 3085">
    <p class='ocr_par' dir='ltr' id='par_1_52' title="bbox 131 2999 1617 3085">
     <span class='ocr_line' id='line_1_52' title="bbox 131 2999 1617 3085; baseline 0.011 -33"><span class='ocrx_word' id='word_1_422' title='bbox 131 2999 232 3052; x_wconf 82' lang='lat' dir='ltr'><strong>NB&#39;.</strong></span> <span class='ocrx_word' id='word_1_423' title='bbox 267 3002 546 3070; x_wconf 87' lang='grc' dir='ltr'>Λεγόντων</span> <span class='ocrx_word' id='word_1_424' title='bbox 609 3006 788 3058; x_wconf 84' lang='grc' dir='ltr'>αὐτῶν</span> <span class='ocrx_word' id='word_1_425' title='bbox 819 3009 859 3074; x_wconf 86' lang='grc'>¹,</span> <span class='ocrx_word' id='word_1_426' title='bbox 901 3012 982 3065; x_wconf 80' lang='grc' dir='ltr'>ὅτι</span> <span class='ocrx_word' id='word_1_427' title='bbox 1032 3015 1095 3066; x_wconf 85' lang='grc' dir='ltr'><strong>Ει</strong></span> <span class='ocrx_word' id='word_1_428' title='bbox 1139 3009 1209 3085; x_wconf 79' lang='grc' dir='ltr'>ἦν</span> <span class='ocrx_word' id='word_1_429' title='bbox 1257 3015 1320 3067; x_wconf 76' lang='grc' dir='ltr'>ἐκ</span> <span class='ocrx_word' id='word_1_430' title='bbox 1365 3013 1460 3067; x_wconf 88' lang='grc' dir='ltr'><strong>τοῦ</strong></span> <span class='ocrx_word' id='word_1_431' title='bbox 1501 3015 1617 3068; x_wconf 86' lang='grc' dir='ltr'>Πα-</span> 
     </span>
    </p>
   </div>
   <div class='ocr_carea' id='block_1_53' title="bbox 1794 2994 3298 3072">
    <p class='ocr_par' dir='ltr' id='par_1_53' title="bbox 1794 2994 3298 3072">
     <span class='ocr_line' id='line_1_53' title="bbox 1794 2994 3298 3072; baseline -0.008 -9"><span class='ocrx_word' id='word_1_432' title='bbox 1794 3005 1899 3063; x_wconf 75' lang='lat' dir='ltr'><strong>Lll.</strong></span> <span class='ocrx_word' id='word_1_433' title='bbox 1935 3003 2092 3072; x_wconf 84' lang='lat' dir='ltr'><strong>Quod</strong></span> <span class='ocrx_word' id='word_1_434' title='bbox 2117 3010 2296 3057; x_wconf 89' lang='lat' dir='ltr'><strong>autem</strong></span> <span class='ocrx_word' id='word_1_435' title='bbox 2326 3000 2430 3055; x_wconf 82' lang='lat' dir='ltr'><strong>hoc</strong></span> <span class='ocrx_word' id='word_1_436' title='bbox 2455 2999 2523 3054; x_wconf 88' lang='lat' dir='ltr'><strong>ab</strong></span> <span class='ocrx_word' id='word_1_437' title='bbox 2557 2997 2775 3053; x_wconf 86' lang='lat' dir='ltr'><strong>Arianis</strong></span> <span class='ocrx_word' id='word_1_438' title='bbox 2811 2995 3107 3062; x_wconf 78' lang='lat' dir='ltr'><strong>obiicitur:</strong></span> <span class='ocrx_word' id='word_1_439' title='bbox 3143 2994 3199 3050; x_wconf 89' lang='lat' dir='ltr'><strong>Si</strong></span> <span class='ocrx_word' id='word_1_440' title='bbox 3230 3009 3298 3051; x_wconf 78' lang='lat' dir='ltr'><strong>ex</strong></span> 
     </span>
    </p>
   </div>
   <div class='ocr_carea' id='block_1_54' title="bbox 80 3087 1611 3182">
    <p class='ocr_par' dir='ltr' id='par_1_54' title="bbox 80 3095 1611 3180">
     <span class='ocr_line' id='line_1_54' title="bbox 80 3095 1611 3180; baseline 0.006 -29"><span class='ocrx_word' id='word_1_441' title='bbox 80 3095 190 3164; x_wconf 73' lang='grc' dir='ltr'>τρὸς,</span> <span class='ocrx_word' id='word_1_442' title='bbox 215 3099 320 3163; x_wconf 87' lang='grc' dir='ltr'><strong>πῶς</strong></span> <span class='ocrx_word' id='word_1_443' title='bbox 355 3101 432 3164; x_wconf 82' lang='grc' dir='ltr'><strong>εἰς</strong></span> <span class='ocrx_word' id='word_1_444' title='bbox 479 3101 659 3173; x_wconf 83' lang='grc' dir='ltr'>σάρκα</span> <span class='ocrx_word' id='word_1_445' title='bbox 683 3099 812 3174; x_wconf 83' lang='grc' dir='ltr'>ἦλθε</span> <span class='ocrx_word' id='word_1_446' title='bbox 841 3121 855 3170; x_wconf 90' lang='grc'>;</span> <span class='ocrx_word' id='word_1_447' title='bbox 885 3107 1113 3176; x_wconf 82' lang='grc' dir='ltr'>Φήσειεν</span> <span class='ocrx_word' id='word_1_448' title='bbox 1154 3107 1219 3160; x_wconf 82' lang='grc' dir='ltr'>ἄν</span> <span class='ocrx_word' id='word_1_449' title='bbox 1250 3125 1332 3172; x_wconf 83' lang='grc' dir='ltr'><strong>τις</strong></span> <span class='ocrx_word' id='word_1_450' title='bbox 1362 3108 1498 3180; x_wconf 84' lang='grc' dir='ltr'>πρὸς</span> <span class='ocrx_word' id='word_1_451' title='bbox 1523 3107 1611 3161; x_wconf 80' lang='grc' dir='ltr'><strong>αὐ-</strong></span> 
     </span>
    </p>
   </div>
   <div class='ocr_carea' id='block_1_55' title="bbox 1721 3087 3300 3182">
    <p class='ocr_par' dir='ltr' id='par_1_55' title="bbox 1721 3087 3300 3164">
     <span class='ocr_line' id='line_1_55' title="bbox 1721 3087 3300 3164; baseline -0.009 -9"><span class='ocrx_word' id='word_1_452' title='bbox 1721 3103 1886 3155; x_wconf 88' lang='lat' dir='ltr'><strong>Patrc</strong></span> <span class='ocrx_word' id='word_1_453' title='bbox 1916 3104 2032 3152; x_wconf 89' lang='lat' dir='ltr'><strong>erat</strong></span> <span class='ocrx_word' id='word_1_454' title='bbox 2057 3135 2071 3158; x_wconf 93' lang='lat'><strong>,</strong></span> <span class='ocrx_word' id='word_1_455' title='bbox 2102 3095 2322 3164; x_wconf 89' lang='lat' dir='ltr'><strong>quinam</strong></span> <span class='ocrx_word' id='word_1_456' title='bbox 2355 3092 2421 3146; x_wconf 88' lang='lat' dir='ltr'><strong>ad</strong></span> <span class='ocrx_word' id='word_1_457' title='bbox 2454 3106 2674 3145; x_wconf 90' lang='lat' dir='ltr'><strong>carnem</strong></span> <span class='ocrx_word' id='word_1_458' title='bbox 2708 3087 3038 3144; x_wconf 87' lang='lat' dir='ltr'><strong>descendit?</strong></span> <span class='ocrx_word' id='word_1_459' title='bbox 3074 3088 3154 3142; x_wconf 91' lang='lat' dir='ltr'><strong>lta</strong></span> <span class='ocrx_word' id='word_1_460' title='bbox 3190 3087 3300 3142; x_wconf 76' lang='lat' dir='ltr'><strong>illis</strong></span> 
     </span>
    </p>
   </div>
   <div class='ocr_carea' id='block_1_56' title="bbox 80 3187 1607 3271">
    <p class='ocr_par' dir='ltr' id='par_1_56' title="bbox 80 3187 1607 3271">
     <span class='ocr_line' id='line_1_56' title="bbox 80 3187 1607 3271; baseline 0.009 -33"><span class='ocrx_word' id='word_1_461' title='bbox 80 3187 190 3250; x_wconf 75' lang='grc' dir='ltr'>τούς·</span> <span class='ocrx_word' id='word_1_462' title='bbox 218 3191 340 3262; x_wconf 82' lang='grc' dir='ltr'>Περὶ</span> <span class='ocrx_word' id='word_1_463' title='bbox 365 3191 476 3244; x_wconf 87' lang='grc' dir='ltr'><strong>τῶν</strong></span> <span class='ocrx_word' id='word_1_464' title='bbox 499 3193 744 3262; x_wconf 80' lang='grc' dir='ltr'>ἀγγέλων</span> <span class='ocrx_word' id='word_1_465' title='bbox 770 3195 821 3248; x_wconf 88' lang='grc' dir='ltr'><strong>τί</strong></span> <span class='ocrx_word' id='word_1_466' title='bbox 851 3213 1019 3264; x_wconf 77' lang='grc' dir='ltr'>φατες</span> <span class='ocrx_word' id='word_1_467' title='bbox 1059 3198 1230 3252; x_wconf 75' lang='grc' dir='ltr'>Παντὶ</span> <span class='ocrx_word' id='word_1_468' title='bbox 1262 3200 1420 3252; x_wconf 86' lang='grc' dir='ltr'>τοῦτο</span> <span class='ocrx_word' id='word_1_469' title='bbox 1451 3199 1607 3271; x_wconf 75' lang='grc' dir='ltr'>δῆλόν</span> 
     </span>
    </p>
   </div>
   <div class='ocr_carea' id='block_1_57' title="bbox 82 3280 1611 3362">
    <p class='ocr_par' dir='ltr' id='par_1_57' title="bbox 82 3280 1611 3362">
     <span class='ocr_line' id='line_1_57' title="bbox 82 3280 1611 3362; baseline 0.01 -32"><span class='ocrx_word' id='word_1_470' title='bbox 82 3280 212 3347; x_wconf 72' lang='grc' dir='ltr'>ἐστιν,</span> <span class='ocrx_word' id='word_1_471' title='bbox 231 3284 302 3335; x_wconf 77' lang='grc' dir='ltr'>ὅτι</span> <span class='ocrx_word' id='word_1_472' title='bbox 331 3284 652 3353; x_wconf 78' lang='grc' dir='ltr'>ὁμολογοῦσι</span> <span class='ocrx_word' id='word_1_473' title='bbox 672 3287 798 3350; x_wconf 75' lang='grc' dir='ltr'>τοὺς</span> <span class='ocrx_word' id='word_1_474' title='bbox 825 3289 1087 3356; x_wconf 78' lang='grc' dir='ltr'>ἀγγέλους</span> <span class='ocrx_word' id='word_1_475' title='bbox 1110 3291 1214 3343; x_wconf 84' lang='grc' dir='ltr'><strong>ὑπὸ</strong></span> <span class='ocrx_word' id='word_1_476' title='bbox 1242 3291 1335 3344; x_wconf 87' lang='grc' dir='ltr'><strong>τοῦ</strong></span> <span class='ocrx_word' id='word_1_477' title='bbox 1358 3292 1488 3345; x_wconf 84' lang='grc' dir='ltr'>Υίοῦ</span> <span class='ocrx_word' id='word_1_478' title='bbox 1520 3310 1611 3362; x_wconf 90' lang='grc' dir='ltr'>γε-</span> 
     </span>
    </p>
   </div>
   <div class='ocr_carea' id='block_1_58' title="bbox 83 3373 1613 3456">
    <p class='ocr_par' dir='ltr' id='par_1_58' title="bbox 83 3373 1613 3456">
     <span class='ocr_line' id='line_1_58' title="bbox 83 3373 1613 3456; baseline 0.011 -34"><span class='ocrx_word' id='word_1_479' title='bbox 83 3373 267 3438; x_wconf 79' lang='grc' dir='ltr'>γονέναι.</span> <span class='ocrx_word' id='word_1_480' title='bbox 295 3376 398 3428; x_wconf 81' lang='grc' dir='ltr'><strong>Καὶ</strong></span> <span class='ocrx_word' id='word_1_481' title='bbox 425 3377 538 3449; x_wconf 83' lang='grc' dir='ltr'>γὰρ</span> <span class='ocrx_word' id='word_1_482' title='bbox 573 3379 665 3431; x_wconf 81' lang='grc' dir='ltr'><strong>καὶ</strong></span> <span class='ocrx_word' id='word_1_483' title='bbox 706 3379 834 3450; x_wconf 77' lang='grc' dir='ltr'>περὶ</span> <span class='ocrx_word' id='word_1_484' title='bbox 873 3379 967 3432; x_wconf 85' lang='grc' dir='ltr'><strong>τοῦ</strong></span> <span class='ocrx_word' id='word_1_485' title='bbox 1009 3381 1324 3453; x_wconf 84' lang='grc' dir='ltr'>Πνεύματος</span> <span class='ocrx_word' id='word_1_486' title='bbox 1369 3383 1613 3456; x_wconf 80' lang='grc' dir='ltr'>βλασφη-</span> 
     </span>
    </p>
   </div>
   <div class='ocr_carea' id='block_1_59' title="bbox 87 3465 1609 3542">
    <p class='ocr_par' dir='ltr' id='par_1_59' title="bbox 87 3465 1609 3542">
     <span class='ocr_line' id='line_1_59' title="bbox 87 3465 1609 3542; baseline 0.009 -24"><span class='ocrx_word' id='word_1_487' title='bbox 87 3465 226 3534; x_wconf 76' lang='grc' dir='ltr'>μοῦσι,</span> <span class='ocrx_word' id='word_1_488' title='bbox 251 3469 340 3522; x_wconf 80' lang='grc' dir='ltr'>καὶ</span> <span class='ocrx_word' id='word_1_489' title='bbox 369 3469 611 3541; x_wconf 85' lang='grc' dir='ltr'>τολμῶσι</span> <span class='ocrx_word' id='word_1_490' title='bbox 651 3471 826 3542; x_wconf 81' lang='grc' dir='ltr'>λέγειν</span> <span class='ocrx_word' id='word_1_491' title='bbox 880 3475 1160 3529; x_wconf 86' lang='grc' dir='ltr'>κεκτίσθαι</span> <span class='ocrx_word' id='word_1_492' title='bbox 1192 3477 1296 3529; x_wconf 76' lang='grc' dir='ltr'><strong>ὑπὸ</strong></span> <span class='ocrx_word' id='word_1_493' title='bbox 1327 3477 1421 3530; x_wconf 86' lang='grc' dir='ltr'><strong>τοῦ</strong></span> <span class='ocrx_word' id='word_1_494' title='bbox 1456 3478 1609 3531; x_wconf 78' lang='grc' dir='ltr'>Υίοῦο</span> 
     </span>
    </p>
   </div>
   <div class='ocr_carea' id='block_1_60' title="bbox 84 3555 1612 3638">
    <p class='ocr_par' dir='ltr' id='par_1_60' title="bbox 84 3555 1612 3638">
     <span class='ocr_line' id='line_1_60' title="bbox 84 3555 1612 3638; baseline 0.01 -31"><span class='ocrx_word' id='word_1_495' title='bbox 84 3555 186 3627; x_wconf 79' lang='grc' dir='ltr'>ὅπερ</span> <span class='ocrx_word' id='word_1_496' title='bbox 212 3559 344 3612; x_wconf 77' lang='grc' dir='ltr'>ἐστὶν</span> <span class='ocrx_word' id='word_1_497' title='bbox 366 3560 644 3626; x_wconf 83' lang='grc' dir='ltr'>ἀκτιστον,</span> <span class='ocrx_word' id='word_1_498' title='bbox 663 3563 729 3615; x_wconf 82' lang='grc' dir='ltr'>ἐκ</span> <span class='ocrx_word' id='word_1_499' title='bbox 749 3565 978 3632; x_wconf 82' lang='grc' dir='ltr'>Πατρὸς</span> <span class='ocrx_word' id='word_1_500' title='bbox 1002 3566 1495 3638; x_wconf 74' lang='grc' dir='ltr'>ἐκπορευόμενον,</span> <span class='ocrx_word' id='word_1_501' title='bbox 1514 3570 1612 3623; x_wconf 79' lang='grc' dir='ltr'>καὶ</span> 
     </span>
    </p>
   </div>
   <div class='ocr_carea' id='block_1_61' title="bbox 86 3647 1616 3731">
    <p class='ocr_par' dir='ltr' id='par_1_61' title="bbox 86 3647 1616 3731">
     <span class='ocr_line' id='line_1_61' title="bbox 86 3647 1616 3731; baseline 0.01 -31"><span class='ocrx_word' id='word_1_502' title='bbox 86 3647 164 3701; x_wconf 84' lang='grc' dir='ltr'><strong>τοῦ</strong></span> <span class='ocrx_word' id='word_1_503' title='bbox 197 3650 317 3704; x_wconf 78' lang='grc' dir='ltr'>Υἱοῦ</span> <span class='ocrx_word' id='word_1_504' title='bbox 344 3655 676 3722; x_wconf 75' lang='grc' dir='ltr'>λαμϐάνον.</span> <span class='ocrx_word' id='word_1_505' title='bbox 709 3656 772 3708; x_wconf 81' lang='lat' dir='ltr'><strong>El</strong></span> <span class='ocrx_word' id='word_1_506' title='bbox 794 3652 888 3709; x_wconf 82' lang='grc' dir='ltr'><strong>οῦν</strong></span> <span class='ocrx_word' id='word_1_507' title='bbox 915 3659 994 3721; x_wconf 79' lang='grc' dir='ltr'>εἰς</span> <span class='ocrx_word' id='word_1_508' title='bbox 1023 3659 1082 3710; x_wconf 87' lang='grc' dir='ltr'>τὸ</span> <span class='ocrx_word' id='word_1_509' title='bbox 1109 3659 1330 3731; x_wconf 80' lang='grc' dir='ltr'>Πνεῦμα</span> <span class='ocrx_word' id='word_1_510' title='bbox 1364 3661 1424 3714; x_wconf 84' lang='grc' dir='ltr'>τὸ</span> <span class='ocrx_word' id='word_1_511' title='bbox 1460 3661 1616 3731; x_wconf 82' lang='grc' dir='ltr'>ἆγιον</span> 
     </span>
    </p>
   </div>
   <div class='ocr_carea' id='block_1_62' title="bbox 86 3739 1617 3825">
    <p class='ocr_par' dir='ltr' id='par_1_62' title="bbox 86 3739 1617 3825">
     <span class='ocr_line' id='line_1_62' title="bbox 86 3739 1617 3825; baseline 0.012 -36"><span class='ocrx_word' id='word_1_512' title='bbox 86 3739 273 3808; x_wconf 71' lang='grc' dir='ltr'>τολμῶσι</span> <span class='ocrx_word' id='word_1_513' title='bbox 290 3744 441 3797; x_wconf 83' lang='grc' dir='ltr'>τοῦτο</span> <span class='ocrx_word' id='word_1_514' title='bbox 459 3745 662 3814; x_wconf 81' lang='grc' dir='ltr'>λέγειν,</span> <span class='ocrx_word' id='word_1_515' title='bbox 688 3748 836 3818; x_wconf 86' lang='grc' dir='ltr'>πόσῳ</span> <span class='ocrx_word' id='word_1_516' title='bbox 869 3766 932 3818; x_wconf 86' lang='grc' dir='ltr'><strong>γε</strong></span> <span class='ocrx_word' id='word_1_517' title='bbox 956 3751 1154 3820; x_wconf 82' lang='grc' dir='ltr'>μᾶλλον</span> <span class='ocrx_word' id='word_1_518' title='bbox 1182 3753 1430 3825; x_wconf 78' lang='grc' dir='ltr'>περὶτῶν</span> <span class='ocrx_word' id='word_1_519' title='bbox 1458 3755 1617 3823; x_wconf 82' lang='grc' dir='ltr'>ἀγγέ-</span> 
     </span>
    </p>
   </div>
   <div class='ocr_carea' id='block_1_63' title="bbox 87 3830 1618 3915">
    <p class='ocr_par' dir='ltr' id='par_1_63' title="bbox 87 3830 1618 3915">
     <span class='ocr_line' id='line_1_63' title="bbox 87 3830 1618 3915; baseline 0.01 -30"><span class='ocrx_word' id='word_1_520' title='bbox 87 3830 165 3886; x_wconf 82' lang='grc' dir='ltr'><strong>λων</strong></span> <span class='ocrx_word' id='word_1_521' title='bbox 188 3835 238 3887; x_wconf 75' lang='grc' dir='ltr'>οὐ</span> <span class='ocrx_word' id='word_1_522' title='bbox 262 3835 573 3908; x_wconf 78' lang='grc' dir='ltr'>δυνήσονται</span> <span class='ocrx_word' id='word_1_523' title='bbox 600 3841 1056 3912; x_wconf 78' lang='grc' dir='ltr'>ἁρνήσασθαι,ὅτι</span> <span class='ocrx_word' id='word_1_524' title='bbox 1074 3846 1138 3897; x_wconf 83' lang='grc' dir='ltr'>ἐκ</span> <span class='ocrx_word' id='word_1_525' title='bbox 1164 3845 1256 3898; x_wconf 85' lang='grc' dir='ltr'><strong>τοῦ</strong></span> <span class='ocrx_word' id='word_1_526' title='bbox 1281 3845 1618 3915; x_wconf 84' lang='grc' dir='ltr'>Μονογενοῦς</span> 
     </span>
    </p>
   </div>
   <div class='ocr_carea' id='block_1_64' title="bbox 90 3925 1617 4005">
    <p class='ocr_par' dir='ltr' id='par_1_64' title="bbox 90 3925 1617 4005">
     <span class='ocr_line' id='line_1_64' title="bbox 90 3925 1617 4005; baseline 0.009 -27"><span class='ocrx_word' id='word_1_527' title='bbox 90 3925 302 3995; x_wconf 59' lang='grc' dir='ltr'>ἐηήκασι</span> <span class='ocrx_word' id='word_1_528' title='bbox 328 3930 386 3982; x_wconf 82' lang='grc' dir='ltr'>τὸ</span> <span class='ocrx_word' id='word_1_529' title='bbox 412 3927 552 3984; x_wconf 83' lang='grc' dir='ltr'>εἶναι</span> <span class='ocrx_word' id='word_1_530' title='bbox 582 3934 888 4005; x_wconf 79' lang='grc' dir='ltr'>ἐκτισμένοι</span> <span class='ocrx_word' id='word_1_531' title='bbox 914 3939 1231 4004; x_wconf 84' lang='grc' dir='ltr'>γεγονότες;</span> <span class='ocrx_word' id='word_1_532' title='bbox 1268 3937 1330 3990; x_wconf 82' lang='grc' dir='ltr'><strong>Εἰ</strong></span> <span class='ocrx_word' id='word_1_533' title='bbox 1359 3940 1536 3991; x_wconf 89' lang='grc' dir='ltr'>τοίνυν</span> <span class='ocrx_word' id='word_1_534' title='bbox 1567 3940 1617 3992; x_wconf 74' lang='grc' dir='ltr'>οἱ</span> 
     </span>
    </p>
   </div>
   <div class='ocr_carea' id='block_1_65' title="bbox 91 4013 1620 4099">
    <p class='ocr_par' dir='ltr' id='par_1_65' title="bbox 91 4013 1620 4099">
     <span class='ocr_line' id='line_1_65' title="bbox 91 4013 1620 4099; baseline 0.012 -34"><span class='ocrx_word' id='word_1_535' title='bbox 91 4013 158 4067; x_wconf 71' lang='grc' dir='ltr'>ὑπ’</span> <span class='ocrx_word' id='word_1_536' title='bbox 180 4019 322 4073; x_wconf 79' lang='grc' dir='ltr'>αὑτοῦ</span> <span class='ocrx_word' id='word_1_537' title='bbox 340 4023 626 4090; x_wconf 85' lang='grc' dir='ltr'>γεγονότες</span> <span class='ocrx_word' id='word_1_538' title='bbox 653 4024 870 4093; x_wconf 84' lang='grc' dir='ltr'>ἄγγελοι</span> <span class='ocrx_word' id='word_1_539' title='bbox 892 4027 987 4096; x_wconf 83' lang='grc' dir='ltr'>μὲν</span> <span class='ocrx_word' id='word_1_540' title='bbox 1015 4031 1374 4098; x_wconf 79' lang='grc' dir='ltr'>πνευματικοὶ</span> <span class='ocrx_word' id='word_1_541' title='bbox 1402 4031 1620 4099; x_wconf 83' lang='grc' dir='ltr'>γεγονό-</span> 
     </span>
    </p>
   </div>
   <div class='ocr_carea' id='block_1_66' title="bbox 92 4111 1619 4193">
    <p class='ocr_par' dir='ltr' id='par_1_66' title="bbox 92 4111 1619 4193">
     <span class='ocr_line' id='line_1_66' title="bbox 92 4111 1619 4193; baseline 0.004 -24"><span class='ocrx_word' id='word_1_542' title='bbox 92 4122 172 4171; x_wconf 81' lang='grc' dir='ltr'>τες,</span> <span class='ocrx_word' id='word_1_543' title='bbox 209 4111 328 4182; x_wconf 77' lang='grc' dir='ltr'>πλὴν</span> <span class='ocrx_word' id='word_1_544' title='bbox 383 4113 660 4185; x_wconf 85' lang='grc' dir='ltr'>κτίσματα</span> <span class='ocrx_word' id='word_1_545' title='bbox 692 4115 855 4168; x_wconf 82' lang='grc' dir='ltr'>αὑτοῦ</span> <span class='ocrx_word' id='word_1_546' title='bbox 888 4116 1058 4181; x_wconf 80' lang='grc' dir='ltr'>ὄντες,</span> <span class='ocrx_word' id='word_1_547' title='bbox 1093 4119 1186 4171; x_wconf 78' lang='grc' dir='ltr'>καὶ</span> <span class='ocrx_word' id='word_1_548' title='bbox 1219 4120 1619 4193; x_wconf 78' lang='grc' dir='ltr'>ὑποϐεϐηκότες</span> 
     </span>
    </p>
   </div>
   <div class='ocr_carea' id='block_1_67' title="bbox 95 4200 1616 4282">
    <p class='ocr_par' dir='ltr' id='par_1_67' title="bbox 95 4200 1616 4282">
     <span class='ocr_line' id='line_1_67' title="bbox 95 4200 1616 4282; baseline 0.011 -31"><span class='ocrx_word' id='word_1_549' title='bbox 95 4200 194 4254; x_wconf 74' lang='grc' dir='ltr'>πολὺ</span> <span class='ocrx_word' id='word_1_550' title='bbox 213 4203 436 4275; x_wconf 81' lang='grc' dir='ltr'>ἀπείρως</span> <span class='ocrx_word' id='word_1_551' title='bbox 455 4208 557 4277; x_wconf 78' lang='grc' dir='ltr'>τῆς</span> <span class='ocrx_word' id='word_1_552' title='bbox 576 4207 738 4260; x_wconf 80' lang='grc' dir='ltr'>αὑτοῦ</span> <span class='ocrx_word' id='word_1_553' title='bbox 756 4209 963 4273; x_wconf 88' lang='grc' dir='ltr'>οὐσίας,</span> <span class='ocrx_word' id='word_1_554' title='bbox 985 4209 1060 4273; x_wconf 88' lang='grc' dir='ltr'>ὼς</span> <span class='ocrx_word' id='word_1_555' title='bbox 1082 4210 1242 4282; x_wconf 77' lang='grc' dir='ltr'>ἔργον</span> <span class='ocrx_word' id='word_1_556' title='bbox 1262 4212 1426 4266; x_wconf 85' lang='grc' dir='ltr'>αὐτοῦ</span> <span class='ocrx_word' id='word_1_557' title='bbox 1446 4213 1616 4279; x_wconf 79' lang='grc' dir='ltr'>ὄντες,</span> 
     </span>
    </p>
   </div>
   <div class='ocr_carea' id='block_1_68' title="bbox 96 4294 1623 4376">
    <p class='ocr_par' dir='ltr' id='par_1_68' title="bbox 96 4294 1623 4376">
     <span class='ocr_line' id='line_1_68' title="bbox 96 4294 1623 4376; baseline 0.018 -34"><span class='ocrx_word' id='word_1_558' title='bbox 96 4294 207 4360; x_wconf 78' lang='grc' dir='ltr'>ὅμως</span> <span class='ocrx_word' id='word_1_559' title='bbox 230 4299 390 4368; x_wconf 75' lang='grc' dir='ltr'>σάρκα</span> <span class='ocrx_word' id='word_1_560' title='bbox 421 4300 493 4370; x_wconf 82' lang='grc' dir='ltr'>μὴ</span> <span class='ocrx_word' id='word_1_561' title='bbox 523 4300 825 4371; x_wconf 74' lang='grc' dir='ltr'>εἰληφότες,</span> <span class='ocrx_word' id='word_1_562' title='bbox 860 4302 912 4356; x_wconf 87' lang='grc' dir='ltr'><strong>τί</strong></span> <span class='ocrx_word' id='word_1_563' title='bbox 941 4303 1201 4376; x_wconf 81' lang='grc' dir='ltr'>ὲροῦμεν;</span> <span class='ocrx_word' id='word_1_564' title='bbox 1232 4299 1377 4376; x_wconf 70' lang='grc' dir='ltr'><strong>Ἀρα</strong></span> <span class='ocrx_word' id='word_1_565' title='bbox 1407 4305 1623 4374; x_wconf 72' lang='grc' dir='ltr'>μείζους</span> 
     </span>
    </p>
   </div>
   <div class='ocr_carea' id='block_1_69' title="bbox 97 4387 1621 4469">
    <p class='ocr_par' dir='ltr' id='par_1_69' title="bbox 97 4387 1621 4469">
     <span class='ocr_line' id='line_1_69' title="bbox 97 4387 1621 4469; baseline 0.01 -32"><span class='ocrx_word' id='word_1_566' title='bbox 97 4387 174 4438; x_wconf 69' lang='grc' dir='ltr'>εἰσὶ</span> <span class='ocrx_word' id='word_1_567' title='bbox 193 4389 272 4443; x_wconf 83' lang='grc' dir='ltr'><strong>τοῦ</strong></span> <span class='ocrx_word' id='word_1_568' title='bbox 301 4392 424 4445; x_wconf 83' lang='grc' dir='ltr'>Υίοῦ</span> <span class='ocrx_word' id='word_1_569' title='bbox 452 4395 545 4446; x_wconf 87' lang='grc' dir='ltr'><strong>ὑπ’</strong></span> <span class='ocrx_word' id='word_1_570' title='bbox 570 4395 734 4448; x_wconf 82' lang='grc' dir='ltr'>αὐτοῦ</span> <span class='ocrx_word' id='word_1_571' title='bbox 763 4396 1096 4462; x_wconf 83' lang='grc' dir='ltr'>κτισθέντες,</span> <span class='ocrx_word' id='word_1_572' title='bbox 1137 4399 1169 4469; x_wconf 84' lang='grc' dir='ltr'>ἢ</span> <span class='ocrx_word' id='word_1_573' title='bbox 1197 4399 1287 4453; x_wconf 64' lang='grc' dir='ltr'><strong>καλ⁸</strong></span> <span class='ocrx_word' id='word_1_574' title='bbox 1306 4399 1368 4451; x_wconf 84' lang='grc' dir='ltr'>τὸ</span> <span class='ocrx_word' id='word_1_575' title='bbox 1397 4399 1621 4468; x_wconf 84' lang='grc' dir='ltr'>Πνεῦμα</span> 
     </span>
    </p>
   </div>
   <div class='ocr_carea' id='block_1_70' title="bbox 1711 3180 3300 3258">
    <p class='ocr_par' dir='ltr' id='par_1_70' title="bbox 1711 3180 3300 3258">
     <span class='ocr_line' id='line_1_70' title="bbox 1711 3180 3300 3258; baseline -0.012 -6"><span class='ocrx_word' id='word_1_576' title='bbox 1711 3213 1741 3252; x_wconf 87' lang='lat' dir='ltr'><strong>e</strong></span> <span class='ocrx_word' id='word_1_577' title='bbox 1764 3191 2036 3249; x_wconf 87' lang='lat' dir='ltr'><strong>contrario</strong></span> <span class='ocrx_word' id='word_1_578' title='bbox 2067 3194 2246 3258; x_wconf 89' lang='lat' dir='ltr'><strong>potest</strong></span> <span class='ocrx_word' id='word_1_579' title='bbox 2272 3185 2490 3239; x_wconf 89' lang='lat' dir='ltr'><strong>occurri</strong></span> <span class='ocrx_word' id='word_1_580' title='bbox 2517 3203 2530 3239; x_wconf 89' lang='lat'>:</span> <span class='ocrx_word' id='word_1_581' title='bbox 2560 3183 2633 3237; x_wconf 91' lang='lat' dir='ltr'><strong>De</strong></span> <span class='ocrx_word' id='word_1_582' title='bbox 2682 3182 2888 3252; x_wconf 82' lang='lat' dir='ltr'><strong>angelis</strong></span> <span class='ocrx_word' id='word_1_583' title='bbox 2919 3181 3047 3250; x_wconf 89' lang='lat' dir='ltr'><strong>qttid</strong></span> <span class='ocrx_word' id='word_1_584' title='bbox 3081 3180 3300 3235; x_wconf 84' lang='lat' dir='ltr'><strong>tandem</strong></span> 
     </span>
    </p>
   </div>
   <div class='ocr_carea' id='block_1_71' title="bbox 1712 3275 3302 3349">
    <p class='ocr_par' dir='ltr' id='par_1_71' title="bbox 1712 3275 3302 3349">
     <span class='ocr_line' id='line_1_71' title="bbox 1712 3275 3302 3349; baseline -0.012 -4"><span class='ocrx_word' id='word_1_585' title='bbox 1712 3283 2086 3346; x_wconf 80' lang='lat' dir='ltr'><strong>existimatis?</strong></span> <span class='ocrx_word' id='word_1_586' title='bbox 2119 3279 2332 3335; x_wconf 83' lang='lat' dir='ltr'><strong>Nemini</strong></span> <span class='ocrx_word' id='word_1_587' title='bbox 2381 3275 2546 3349; x_wconf 62' lang='grc'>774</span> <span class='ocrx_word' id='word_1_588' title='bbox 2593 3276 2797 3346; x_wconf 89' lang='lat' dir='ltr'><strong>quippe</strong></span> <span class='ocrx_word' id='word_1_589' title='bbox 2828 3275 3054 3329; x_wconf 91' lang='lat' dir='ltr'><strong>dubium</strong></span> <span class='ocrx_word' id='word_1_590' title='bbox 3087 3283 3172 3330; x_wconf 82' lang='lat' dir='ltr'><strong>est</strong></span> <span class='ocrx_word' id='word_1_591' title='bbox 3201 3289 3302 3328; x_wconf 80' lang='lat' dir='ltr'><strong>an-</strong></span> 
     </span>
    </p>
   </div>
   <div class='ocr_carea' id='block_1_72' title="bbox 1713 3366 3300 3452">
    <p class='ocr_par' dir='ltr' id='par_1_72' title="bbox 1713 3366 3300 3452">
     <span class='ocr_line' id='line_1_72' title="bbox 1713 3366 3300 3452; baseline -0.012 -17"><span class='ocrx_word' id='word_1_592' title='bbox 1713 3380 1864 3452; x_wconf 86' lang='lat' dir='ltr'><strong>gelos</strong></span> <span class='ocrx_word' id='word_1_593' title='bbox 1904 3392 1933 3430; x_wconf 91' lang='lat' dir='ltr'><strong>a</strong></span> <span class='ocrx_word' id='word_1_594' title='bbox 1976 3373 2116 3429; x_wconf 88' lang='lat' dir='ltr'><strong>Filio</strong></span> <span class='ocrx_word' id='word_1_595' title='bbox 2162 3388 2227 3428; x_wconf 82' lang='lat' dir='ltr'><strong>ex</strong></span> <span class='ocrx_word' id='word_1_596' title='bbox 2258 3371 2477 3426; x_wconf 89' lang='lat' dir='ltr'><strong>illorum</strong></span> <span class='ocrx_word' id='word_1_597' title='bbox 2509 3383 2632 3423; x_wconf 89' lang='lat' dir='ltr'><strong>esse</strong></span> <span class='ocrx_word' id='word_1_598' title='bbox 2667 3367 2940 3421; x_wconf 89' lang='lat' dir='ltr'><strong>sententia</strong></span> <span class='ocrx_word' id='word_1_599' title='bbox 2975 3366 3300 3436; x_wconf 88' lang='lat' dir='ltr'><strong>productos.</strong></span> 
     </span>
    </p>
   </div>
   <div class='ocr_carea' id='block_1_73' title="bbox 1713 3457 3303 3535">
    <p class='ocr_par' dir='ltr' id='par_1_73' title="bbox 1713 3457 3303 3535">
     <span class='ocr_line' id='line_1_73' title="bbox 1713 3457 3303 3535; baseline -0.011 -8"><span class='ocrx_word' id='word_1_600' title='bbox 1713 3469 2022 3527; x_wconf 69' lang='lat' dir='ltr'><strong>Praesertim</strong></span> <span class='ocrx_word' id='word_1_601' title='bbox 2055 3481 2179 3535; x_wconf 81' lang='lat' dir='ltr'><strong>cum</strong></span> <span class='ocrx_word' id='word_1_602' title='bbox 2212 3462 2280 3518; x_wconf 92' lang='lat' dir='ltr'><strong>de</strong></span> <span class='ocrx_word' id='word_1_603' title='bbox 2310 3462 2517 3532; x_wconf 90' lang='lat' dir='ltr'><strong>Spiritu</strong></span> <span class='ocrx_word' id='word_1_604' title='bbox 2562 3465 2757 3514; x_wconf 88' lang='lat' dir='ltr'><strong>sancto</strong></span> <span class='ocrx_word' id='word_1_605' title='bbox 2789 3474 2886 3529; x_wconf 89' lang='lat' dir='ltr'><strong>per</strong></span> <span class='ocrx_word' id='word_1_606' title='bbox 2921 3473 3193 3513; x_wconf 87' lang='lat' dir='ltr'><strong>summam</strong></span> <span class='ocrx_word' id='word_1_607' title='bbox 3245 3457 3303 3511; x_wconf 90' lang='lat' dir='ltr'><strong>in</strong></span> 
     </span>
    </p>
   </div>
   <div class='ocr_carea' id='block_1_74' title="bbox 1717 3549 3303 3634">
    <p class='ocr_par' dir='ltr' id='par_1_74' title="bbox 1717 3549 3303 3634">
     <span class='ocr_line' id='line_1_74' title="bbox 1717 3549 3303 3634; baseline -0.011 -15"><span class='ocrx_word' id='word_1_608' title='bbox 1717 3564 1896 3634; x_wconf 90' lang='lat' dir='ltr'><strong>ipsum</strong></span> <span class='ocrx_word' id='word_1_609' title='bbox 1939 3557 2327 3614; x_wconf 83' lang='lat' dir='ltr'><strong>contumeliam</strong></span> <span class='ocrx_word' id='word_1_610' title='bbox 2363 3553 2547 3608; x_wconf 85' lang='lat' dir='ltr'><strong>dicere</strong></span> <span class='ocrx_word' id='word_1_611' title='bbox 2584 3551 2856 3617; x_wconf 88' lang='lat' dir='ltr'><strong>audeant,</strong></span> <span class='ocrx_word' id='word_1_612' title='bbox 2912 3566 2940 3603; x_wconf 91' lang='lat' dir='ltr'><strong>a</strong></span> <span class='ocrx_word' id='word_1_613' title='bbox 2973 3549 3110 3604; x_wconf 83' lang='lat' dir='ltr'><strong>Filio</strong></span> <span class='ocrx_word' id='word_1_614' title='bbox 3155 3550 3303 3603; x_wconf 89' lang='lat' dir='ltr'><strong>hunc</strong></span> 
     </span>
    </p>
   </div>
   <div class='ocr_carea' id='block_1_75' title="bbox 1718 3642 3301 3724">
    <p class='ocr_par' dir='ltr' id='par_1_75' title="bbox 1718 3642 3301 3724">
     <span class='ocr_line' id='line_1_75' title="bbox 1718 3642 3301 3724; baseline -0.011 -13"><span class='ocrx_word' id='word_1_615' title='bbox 1718 3671 1842 3711; x_wconf 88' lang='lat' dir='ltr'><strong>esse</strong></span> <span class='ocrx_word' id='word_1_616' title='bbox 1874 3657 2221 3724; x_wconf 88' lang='lat' dir='ltr'><strong>procreatum</strong></span> <span class='ocrx_word' id='word_1_617' title='bbox 2255 3668 2267 3703; x_wconf 92' lang='lat'>:</span> <span class='ocrx_word' id='word_1_618' title='bbox 2301 3647 2392 3716; x_wconf 87' lang='lat' dir='ltr'><strong>qui</strong></span> <span class='ocrx_word' id='word_1_619' title='bbox 2443 3653 2622 3699; x_wconf 89' lang='lat' dir='ltr'><strong>tamen</strong></span> <span class='ocrx_word' id='word_1_620' title='bbox 2664 3642 2963 3699; x_wconf 84' lang='lat' dir='ltr'><strong>creationis</strong></span> <span class='ocrx_word' id='word_1_621' title='bbox 2995 3643 3174 3696; x_wconf 91' lang='lat' dir='ltr'><strong>omnis</strong></span> <span class='ocrx_word' id='word_1_622' title='bbox 3204 3657 3301 3695; x_wconf 87' lang='lat' dir='ltr'><strong>ex—</strong></span> 
     </span>
    </p>
   </div>
   <div class='ocr_carea' id='block_1_76' title="bbox 1718 3731 3302 3820">
    <p class='ocr_par' dir='ltr' id='par_1_76' title="bbox 1718 3731 3302 3820">
     <span class='ocr_line' id='line_1_76' title="bbox 1718 3731 3302 3820; baseline -0.011 -17"><span class='ocrx_word' id='word_1_623' title='bbox 1718 3764 1864 3820; x_wconf 86' lang='lat' dir='ltr'><strong>pers,</strong></span> <span class='ocrx_word' id='word_1_624' title='bbox 1898 3763 1928 3798; x_wconf 92' lang='lat' dir='ltr'><strong>a</strong></span> <span class='ocrx_word' id='word_1_625' title='bbox 1971 3745 2126 3798; x_wconf 87' lang='lat' dir='ltr'><strong>Patre</strong></span> <span class='ocrx_word' id='word_1_626' title='bbox 2149 3741 2422 3811; x_wconf 80' lang='lat' dir='ltr'><strong>procedit’</strong></span> <span class='ocrx_word' id='word_1_627' title='bbox 2461 3747 2509 3792; x_wconf 86' lang='lat' dir='ltr'><strong>et</strong></span> <span class='ocrx_word' id='word_1_628' title='bbox 2560 3754 2592 3790; x_wconf 92' lang='lat' dir='ltr'><strong>a</strong></span> <span class='ocrx_word' id='word_1_629' title='bbox 2634 3735 2779 3790; x_wconf 77' lang='lat' dir='ltr'><strong>Filio</strong></span> <span class='ocrx_word' id='word_1_630' title='bbox 2810 3735 3000 3804; x_wconf 85' lang='lat' dir='ltr'><strong>accipit</strong></span> <span class='ocrx_word' id='word_1_631' title='bbox 3032 3734 3071 3788; x_wconf 88' lang='grc'><strong>³.</strong></span> <span class='ocrx_word' id='word_1_632' title='bbox 3113 3731 3219 3788; x_wconf 88' lang='lat' dir='ltr'><strong>Sed</strong></span> <span class='ocrx_word' id='word_1_633' title='bbox 3253 3732 3302 3786; x_wconf 97' lang='lat' dir='ltr'><strong>si</strong></span> 
     </span>
    </p>
   </div>
   <div class='ocr_carea' id='block_1_77' title="bbox 1719 3823 3304 3906">
    <p class='ocr_par' dir='ltr' id='par_1_77' title="bbox 1719 3823 3304 3906">
     <span class='ocr_line' id='line_1_77' title="bbox 1719 3823 3304 3906; baseline -0.01 -13"><span class='ocrx_word' id='word_1_634' title='bbox 1719 3839 1786 3893; x_wconf 91' lang='lat' dir='ltr'><strong>de</strong></span> <span class='ocrx_word' id='word_1_635' title='bbox 1830 3835 2039 3906; x_wconf 88' lang='lat' dir='ltr'><strong>Spiritu</strong></span> <span class='ocrx_word' id='word_1_636' title='bbox 2093 3839 2286 3888; x_wconf 86' lang='lat' dir='ltr'><strong>sancto</strong></span> <span class='ocrx_word' id='word_1_637' title='bbox 2329 3827 2600 3898; x_wconf 81' lang='lat' dir='ltr'><strong>ejusmodi</strong></span> <span class='ocrx_word' id='word_1_638' title='bbox 2639 3825 2897 3896; x_wconf 89' lang='lat' dir='ltr'><strong>quiddam</strong></span> <span class='ocrx_word' id='word_1_639' title='bbox 2946 3823 3304 3896; x_wconf 83' lang='lat' dir='ltr'><strong>pronuntiare</strong></span> 
     </span>
    </p>
   </div>
   <div class='ocr_carea' id='block_1_78' title="bbox 1719 3917 3306 3994">
    <p class='ocr_par' dir='ltr' id='par_1_78' title="bbox 1719 3917 3306 3994">
     <span class='ocr_line' id='line_1_78' title="bbox 1719 3917 3306 3994; baseline -0.009 -9"><span class='ocrx_word' id='word_1_640' title='bbox 1719 3946 1826 3985; x_wconf 91' lang='lat' dir='ltr'><strong>non</strong></span> <span class='ocrx_word' id='word_1_641' title='bbox 1861 3928 2133 3991; x_wconf 83' lang='lat' dir='ltr'><strong>dubitant,</strong></span> <span class='ocrx_word' id='word_1_642' title='bbox 2159 3931 2366 3994; x_wconf 86' lang='lat' dir='ltr'><strong>quanto</strong></span> <span class='ocrx_word' id='word_1_643' title='bbox 2395 3923 2580 3975; x_wconf 89' lang='lat' dir='ltr'><strong>minus</strong></span> <span class='ocrx_word' id='word_1_644' title='bbox 2604 3920 2746 3974; x_wconf 86' lang='lat' dir='ltr'><strong>idem</strong></span> <span class='ocrx_word' id='word_1_645' title='bbox 2779 3917 2846 3972; x_wconf 93' lang='lat' dir='ltr'><strong>de</strong></span> <span class='ocrx_word' id='word_1_646' title='bbox 2869 3917 3076 3986; x_wconf 81' lang='lat' dir='ltr'><strong>angelis</strong></span> <span class='ocrx_word' id='word_1_647' title='bbox 3104 3930 3306 3986; x_wconf 82' lang='lat' dir='ltr'><strong>negare</strong></span> 
     </span>
    </p>
   </div>
   <div class='ocr_carea' id='block_1_79' title="bbox 1721 4007 3302 4093">
    <p class='ocr_par' dir='ltr' id='par_1_79' title="bbox 1721 4007 3302 4093">
     <span class='ocr_line' id='line_1_79' title="bbox 1721 4007 3302 4093; baseline -0.01 -17"><span class='ocrx_word' id='word_1_648' title='bbox 1721 4027 1980 4093; x_wconf 87' lang='lat' dir='ltr'><strong>poterunt</strong></span> <span class='ocrx_word' id='word_1_649' title='bbox 2008 4036 2022 4086; x_wconf 93' lang='lat'>;</span> <span class='ocrx_word' id='word_1_650' title='bbox 2059 4032 2160 4072; x_wconf 91' lang='lat' dir='ltr'><strong>nec</strong></span> <span class='ocrx_word' id='word_1_651' title='bbox 2188 4015 2441 4070; x_wconf 88' lang='lat' dir='ltr'><strong>dubitare</strong></span> <span class='ocrx_word' id='word_1_652' title='bbox 2467 4054 2480 4076; x_wconf 93' lang='lat'><strong>,</strong></span> <span class='ocrx_word' id='word_1_653' title='bbox 2523 4027 2646 4066; x_wconf 90' lang='lat' dir='ltr'><strong>cum</strong></span> <span class='ocrx_word' id='word_1_654' title='bbox 2676 4011 2843 4066; x_wconf 86' lang='lat' dir='ltr'><strong>creati</strong></span> <span class='ocrx_word' id='word_1_655' title='bbox 2876 4009 2951 4063; x_wconf 91' lang='lat' dir='ltr'><strong>illi</strong></span> <span class='ocrx_word' id='word_1_656' title='bbox 2989 4009 3099 4064; x_wconf 90' lang='lat' dir='ltr'><strong>sint</strong></span> <span class='ocrx_word' id='word_1_657' title='bbox 3125 4049 3140 4073; x_wconf 92' lang='lat'><strong>,</strong></span> <span class='ocrx_word' id='word_1_658' title='bbox 3169 4007 3302 4077; x_wconf 88' lang='lat' dir='ltr'><strong>quin</strong></span> 
     </span>
    </p>
   </div>
   <div class='ocr_carea' id='block_1_80' title="bbox 1721 4101 3303 4175">
    <p class='ocr_par' dir='ltr' id='par_1_80' title="bbox 1721 4101 3303 4175">
     <span class='ocr_line' id='line_1_80' title="bbox 1721 4101 3303 4175; baseline -0.01 -8"><span class='ocrx_word' id='word_1_659' title='bbox 1721 4128 1751 4167; x_wconf 89' lang='lat' dir='ltr'><strong>a</strong></span> <span class='ocrx_word' id='word_1_660' title='bbox 1797 4111 1935 4165; x_wconf 87' lang='lat' dir='ltr'><strong>Filio</strong></span> <span class='ocrx_word' id='word_1_661' title='bbox 1965 4119 2024 4164; x_wconf 88' lang='lat' dir='ltr'><strong>ut</strong></span> <span class='ocrx_word' id='word_1_662' title='bbox 2056 4116 2242 4164; x_wconf 89' lang='lat' dir='ltr'><strong>essent</strong></span> <span class='ocrx_word' id='word_1_663' title='bbox 2272 4105 2626 4175; x_wconf 87' lang='lat' dir='ltr'><strong>acceperint?</strong></span> <span class='ocrx_word' id='word_1_664' title='bbox 2661 4103 2846 4172; x_wconf 87' lang='lat' dir='ltr'><strong>Itaque</strong></span> <span class='ocrx_word' id='word_1_665' title='bbox 2881 4117 3004 4156; x_wconf 91' lang='lat' dir='ltr'><strong>cum</strong></span> <span class='ocrx_word' id='word_1_666' title='bbox 3052 4101 3303 4170; x_wconf 81' lang='lat' dir='ltr'><strong>producti</strong></span> 
     </span>
    </p>
   </div>
   <div class='ocr_carea' id='block_1_81' title="bbox 1723 4191 3305 4270">
    <p class='ocr_par' dir='ltr' id='par_1_81' title="bbox 1723 4191 3305 4270">
     <span class='ocr_line' id='line_1_81' title="bbox 1723 4191 3305 4270; baseline -0.009 -10"><span class='ocrx_word' id='word_1_667' title='bbox 1723 4205 1791 4260; x_wconf 86' lang='lat' dir='ltr'><strong>ab</strong></span> <span class='ocrx_word' id='word_1_668' title='bbox 1820 4203 2008 4258; x_wconf 86' lang='lat' dir='ltr'><strong>eodem</strong></span> <span class='ocrx_word' id='word_1_669' title='bbox 2045 4200 2219 4270; x_wconf 80' lang='lat' dir='ltr'><strong>angeli</strong></span> <span class='ocrx_word' id='word_1_670' title='bbox 2255 4199 2346 4267; x_wconf 88' lang='lat' dir='ltr'><strong>qui</strong></span> <span class='ocrx_word' id='word_1_671' title='bbox 2401 4195 2618 4250; x_wconf 88' lang='lat' dir='ltr'><strong>tametsi</strong></span> <span class='ocrx_word' id='word_1_672' title='bbox 2673 4195 2900 4264; x_wconf 87' lang='lat' dir='ltr'><strong>spiritus</strong></span> <span class='ocrx_word' id='word_1_673' title='bbox 2949 4193 3096 4256; x_wconf 90' lang='lat' dir='ltr'><strong>sint,</strong></span> <span class='ocrx_word' id='word_1_674' title='bbox 3157 4191 3305 4245; x_wconf 87' lang='lat' dir='ltr'><strong>illius</strong></span> 
     </span>
    </p>
   </div>
   <div class='ocr_carea' id='block_1_82' title="bbox 1722 4284 3304 4355">
    <p class='ocr_par' dir='ltr' id='par_1_82' title="bbox 1722 4284 3304 4355">
     <span class='ocr_line' id='line_1_82' title="bbox 1722 4284 3304 4355; baseline -0.008 -5"><span class='ocrx_word' id='word_1_675' title='bbox 1722 4305 1902 4351; x_wconf 89' lang='lat' dir='ltr'><strong>tamen</strong></span> <span class='ocrx_word' id='word_1_676' title='bbox 1936 4304 2204 4349; x_wconf 73' lang='lat' dir='ltr'><strong>creatura:</strong></span> <span class='ocrx_word' id='word_1_677' title='bbox 2235 4297 2363 4346; x_wconf 91' lang='lat' dir='ltr'><strong>sunt</strong></span> <span class='ocrx_word' id='word_1_678' title='bbox 2385 4329 2398 4351; x_wconf 92' lang='lat'><strong>,</strong></span> <span class='ocrx_word' id='word_1_679' title='bbox 2429 4295 2483 4342; x_wconf 85' lang='lat' dir='ltr'><strong>et</strong></span> <span class='ocrx_word' id='word_1_680' title='bbox 2511 4287 2580 4342; x_wconf 90' lang='lat' dir='ltr'><strong>ab</strong></span> <span class='ocrx_word' id='word_1_681' title='bbox 2609 4287 2727 4355; x_wconf 78' lang='lat' dir='ltr'><strong>ejus</strong></span> <span class='ocrx_word' id='word_1_682' title='bbox 2755 4297 2962 4340; x_wconf 67' lang='lat' dir='ltr'><strong>naturae</strong></span> <span class='ocrx_word' id='word_1_683' title='bbox 2992 4284 3304 4354; x_wconf 60' lang='lat' dir='ltr'><strong>praestantia</strong></span> 
     </span>
    </p>
   </div>
   <div class='ocr_carea' id='block_1_83' title="bbox 1726 4378 3307 4456">
    <p class='ocr_par' dir='ltr' id='par_1_83' title="bbox 1726 4378 3307 4456">
     <span class='ocr_line' id='line_1_83' title="bbox 1726 4378 3307 4456; baseline -0.007 -13"><span class='ocrx_word' id='word_1_684' title='bbox 1726 4387 1952 4444; x_wconf 83' lang='lat' dir='ltr'><strong>inﬁnitis</strong></span> <span class='ocrx_word' id='word_1_685' title='bbox 2003 4383 2252 4456; x_wconf 89' lang='lat' dir='ltr'><strong>partibus</strong></span> <span class='ocrx_word' id='word_1_686' title='bbox 2284 4383 2525 4444; x_wconf 89' lang='lat' dir='ltr'><strong>absunt,</strong></span> <span class='ocrx_word' id='word_1_687' title='bbox 2577 4388 2765 4449; x_wconf 90' lang='lat' dir='ltr'><strong>utpote</strong></span> <span class='ocrx_word' id='word_1_688' title='bbox 2813 4394 2937 4432; x_wconf 91' lang='lat' dir='ltr'><strong>cum</strong></span> <span class='ocrx_word' id='word_1_689' title='bbox 2990 4378 3137 4433; x_wconf 89' lang='lat' dir='ltr'><strong>illius</strong></span> <span class='ocrx_word' id='word_1_690' title='bbox 3169 4392 3307 4447; x_wconf 85' lang='lat' dir='ltr'><strong>npus</strong></span> 
     </span>
    </p>
   </div>
   <div class='ocr_carea' id='block_1_84' title="bbox 97 4469 1611 4560">
    <p class='ocr_par' dir='ltr' id='par_1_84' title="bbox 97 4479 1611 4560">
     <span class='ocr_line' id='line_1_84' title="bbox 97 4479 1611 4560; baseline 0.009 -32"><span class='ocrx_word' id='word_1_691' title='bbox 97 4479 140 4529; x_wconf 75' lang='grc' dir='ltr'>τὸ</span> <span class='ocrx_word' id='word_1_692' title='bbox 158 4480 312 4549; x_wconf 72' lang='grc' dir='ltr'>ἀγιονς</span> <span class='ocrx_word' id='word_1_693' title='bbox 345 4485 443 4537; x_wconf 84' lang='grc' dir='ltr'>Διά</span> <span class='ocrx_word' id='word_1_694' title='bbox 463 4485 516 4538; x_wconf 80' lang='grc' dir='ltr'><strong>τί</strong></span> <span class='ocrx_word' id='word_1_695' title='bbox 559 4487 633 4557; x_wconf 78' lang='grc' dir='ltr'>μὴ</span> <span class='ocrx_word' id='word_1_696' title='bbox 661 4489 740 4550; x_wconf 73' lang='grc' dir='ltr'><strong>εἰς</strong></span> <span class='ocrx_word' id='word_1_697' title='bbox 771 4488 950 4557; x_wconf 88' lang='grc' dir='ltr'>σάρκα</span> <span class='ocrx_word' id='word_1_698' title='bbox 970 4485 1124 4560; x_wconf 57' lang='grc' dir='ltr'>ἦλθε,</span> <span class='ocrx_word' id='word_1_699' title='bbox 1154 4489 1244 4542; x_wconf 74' lang='grc' dir='ltr'>καὶ</span> <span class='ocrx_word' id='word_1_700' title='bbox 1279 4489 1456 4560; x_wconf 85' lang='grc' dir='ltr'>σάρκα</span> <span class='ocrx_word' id='word_1_701' title='bbox 1496 4489 1611 4556; x_wconf 70' lang='grc' dir='ltr'>ἐφό-</span> 
     </span>
    </p>
   </div>
   <div class='ocr_carea' id='block_1_85' title="bbox 1721 4469 3305 4560">
    <p class='ocr_par' dir='ltr' id='par_1_85' title="bbox 1727 4469 3305 4546">
     <span class='ocr_line' id='line_1_85' title="bbox 1727 4469 3305 4546; baseline -0.008 -10"><span class='ocrx_word' id='word_1_702' title='bbox 1727 4481 1860 4546; x_wconf 88' lang='lat' dir='ltr'><strong>sint;</strong></span> <span class='ocrx_word' id='word_1_703' title='bbox 1897 4478 1988 4534; x_wconf 87' lang='lat' dir='ltr'><strong>sed</strong></span> <span class='ocrx_word' id='word_1_704' title='bbox 2024 4493 2146 4532; x_wconf 89' lang='lat' dir='ltr'><strong>cum</strong></span> <span class='ocrx_word' id='word_1_705' title='bbox 2184 4473 2358 4546; x_wconf 83' lang='lat' dir='ltr'><strong>angeli</strong></span> <span class='ocrx_word' id='word_1_706' title='bbox 2392 4488 2611 4528; x_wconf 90' lang='lat' dir='ltr'><strong>carnem</strong></span> <span class='ocrx_word' id='word_1_707' title='bbox 2644 4488 2750 4526; x_wconf 89' lang='lat' dir='ltr'><strong>non</strong></span> <span class='ocrx_word' id='word_1_708' title='bbox 2784 4471 3145 4540; x_wconf 87' lang='lat' dir='ltr'><strong>susceperint,</strong></span> <span class='ocrx_word' id='word_1_709' title='bbox 3173 4469 3305 4541; x_wconf 88' lang='lat' dir='ltr'><strong>quid</strong></span> 
     </span>
    </p>
   </div>
   <div class='ocr_carea' id='block_1_86' title="bbox 100 4579 1616 4654">
    <p class='ocr_par' dir='ltr' id='par_1_86' title="bbox 100 4579 1616 4654">
     <span class='ocr_line' id='line_1_86' title="bbox 100 4579 1616 4654; baseline 0.003 -24"><span class='ocrx_word' id='word_1_710' title='bbox 100 4590 209 4642; x_wconf 72' lang='grc' dir='ltr'>ρεσε,</span> <span class='ocrx_word' id='word_1_711' title='bbox 234 4579 317 4632; x_wconf 69' lang='grc' dir='ltr'><strong>καὶ</strong></span> <span class='ocrx_word' id='word_1_712' title='bbox 349 4581 787 4653; x_wconf 82' lang='grc' dir='ltr'>ὲνηνθρὼπησεν,</span> <span class='ocrx_word' id='word_1_713' title='bbox 828 4583 861 4654; x_wconf 80' lang='grc' dir='ltr'>ἢ</span> <span class='ocrx_word' id='word_1_714' title='bbox 893 4583 954 4635; x_wconf 88' lang='grc' dir='ltr'>τὸ</span> <span class='ocrx_word' id='word_1_715' title='bbox 995 4582 1219 4654; x_wconf 83' lang='grc' dir='ltr'>Πνεῦμα</span> <span class='ocrx_word' id='word_1_716' title='bbox 1261 4583 1322 4636; x_wconf 84' lang='grc' dir='ltr'>τὸ</span> <span class='ocrx_word' id='word_1_717' title='bbox 1346 4584 1498 4652; x_wconf 77' lang='grc' dir='ltr'>ἅγιον</span> <span class='ocrx_word' id='word_1_718' title='bbox 1522 4581 1616 4634; x_wconf 90' lang='grc' dir='ltr'><strong>τοῦ</strong></span> 
     </span>
    </p>
   </div>
   <div class='ocr_carea' id='block_1_87' title="bbox 99 4665 1618 4746">
    <p class='ocr_par' dir='ltr' id='par_1_87' title="bbox 99 4665 1618 4746">
     <span class='ocr_line' id='line_1_87' title="bbox 99 4665 1618 4746; baseline 0.007 -31"><span class='ocrx_word' id='word_1_719' title='bbox 99 4665 212 4726; x_wconf 72' lang='grc' dir='ltr'>Θεοῦ,</span> <span class='ocrx_word' id='word_1_720' title='bbox 245 4670 274 4738; x_wconf 79' lang='grc' dir='ltr'><strong>ἡ</strong></span> <span class='ocrx_word' id='word_1_721' title='bbox 313 4688 392 4735; x_wconf 87' lang='grc' dir='ltr'><strong>τις</strong></span> <span class='ocrx_word' id='word_1_722' title='bbox 432 4672 540 4725; x_wconf 90' lang='grc' dir='ltr'><strong>τῶν</strong></span> <span class='ocrx_word' id='word_1_723' title='bbox 573 4674 853 4741; x_wconf 81' lang='grc' dir='ltr'>ἀγγέλων;</span> <span class='ocrx_word' id='word_1_724' title='bbox 887 4673 962 4726; x_wconf 83' lang='grc' dir='ltr'><strong>Οὐ</strong></span> <span class='ocrx_word' id='word_1_725' title='bbox 1011 4675 1118 4746; x_wconf 76' lang='grc' dir='ltr'>γὰρ</span> <span class='ocrx_word' id='word_1_726' title='bbox 1165 4674 1381 4737; x_wconf 84' lang='grc' dir='ltr'>πάντως</span> <span class='ocrx_word' id='word_1_727' title='bbox 1429 4673 1515 4725; x_wconf 82' lang='grc' dir='ltr'>διὰ</span> <span class='ocrx_word' id='word_1_728' title='bbox 1557 4672 1618 4725; x_wconf 81' lang='grc' dir='ltr'>τὸ</span> 
     </span>
    </p>
   </div>
   <div class='ocr_carea' id='block_1_88' title="bbox 99 4756 1618 4840">
    <p class='ocr_par' dir='ltr' id='par_1_88' title="bbox 99 4756 1618 4840">
     <span class='ocr_line' id='line_1_88' title="bbox 99 4756 1618 4840; baseline 0.008 -33"><span class='ocrx_word' id='word_1_729' title='bbox 99 4756 381 4822; x_wconf 70' lang='grc' dir='ltr'>ἠλαττῶσθαι</span> <span class='ocrx_word' id='word_1_730' title='bbox 411 4765 502 4818; x_wconf 82' lang='grc' dir='ltr'><strong>τὸν</strong></span> <span class='ocrx_word' id='word_1_731' title='bbox 532 4765 660 4817; x_wconf 85' lang='grc' dir='ltr'><strong>Υἱὸν</strong></span> <span class='ocrx_word' id='word_1_732' title='bbox 693 4765 844 4836; x_wconf 87' lang='grc' dir='ltr'><strong>παρά</strong></span> <span class='ocrx_word' id='word_1_733' title='bbox 872 4765 962 4818; x_wconf 83' lang='grc' dir='ltr'>τὸν</span> <span class='ocrx_word' id='word_1_734' title='bbox 980 4767 1220 4840; x_wconf 80' lang='grc' dir='ltr'>Πατέρα,</span> <span class='ocrx_word' id='word_1_735' title='bbox 1239 4767 1426 4820; x_wconf 80' lang='grc' dir='ltr'>τούτου</span> <span class='ocrx_word' id='word_1_736' title='bbox 1456 4766 1618 4819; x_wconf 68' lang='grc' dir='ltr'>ἕνεκα</span> 
     </span>
    </p>
   </div>
   <div class='ocr_carea' id='block_1_89' title="bbox 103 4851 1618 4929">
    <p class='ocr_par' dir='ltr' id='par_1_89' title="bbox 103 4851 1618 4929">
     <span class='ocr_line' id='line_1_89' title="bbox 103 4851 1618 4929; baseline 0.004 -24"><span class='ocrx_word' id='word_1_737' title='bbox 103 4851 236 4919; x_wconf 76' lang='grc' dir='ltr'>σάρκα</span> <span class='ocrx_word' id='word_1_738' title='bbox 274 4855 579 4910; x_wconf 71' lang='grc' dir='ltr'>ἐνεδύσατοο</span> <span class='ocrx_word' id='word_1_739' title='bbox 626 4858 745 4910; x_wconf 74' lang='grc' dir='ltr'>ἐπεὶ</span> <span class='ocrx_word' id='word_1_740' title='bbox 784 4857 850 4911; x_wconf 84' lang='grc' dir='ltr'>ἂν</span> <span class='ocrx_word' id='word_1_741' title='bbox 894 4856 1122 4929; x_wconf 74' lang='grc' dir='ltr'>ὢφειλον</span> <span class='ocrx_word' id='word_1_742' title='bbox 1176 4860 1271 4912; x_wconf 81' lang='grc' dir='ltr'><strong>καί</strong></span> <span class='ocrx_word' id='word_1_743' title='bbox 1309 4861 1357 4912; x_wconf 87' lang='grc' dir='ltr'>οἱ</span> <span class='ocrx_word' id='word_1_744' title='bbox 1397 4859 1618 4927; x_wconf 80' lang='grc' dir='ltr'>ἄγγελοι</span> 
     </span>
    </p>
   </div>
   <div class='ocr_carea' id='block_1_90' title="bbox 105 4937 1618 5021">
    <p class='ocr_par' dir='ltr' id='par_1_90' title="bbox 105 4937 1618 5021">
     <span class='ocr_line' id='line_1_90' title="bbox 105 4937 1618 5021; baseline 0.007 -30"><span class='ocrx_word' id='word_1_745' title='bbox 105 4937 268 5005; x_wconf 70' lang='grc' dir='ltr'>πάντως</span> <span class='ocrx_word' id='word_1_746' title='bbox 296 4946 466 5016; x_wconf 83' lang='grc' dir='ltr'>σάρκα</span> <span class='ocrx_word' id='word_1_747' title='bbox 505 4946 846 5010; x_wconf 78' lang='grc' dir='ltr'>ἐνδύσασθαι,</span> <span class='ocrx_word' id='word_1_748' title='bbox 878 4947 910 5018; x_wconf 83' lang='grc' dir='ltr'>ἢ</span> <span class='ocrx_word' id='word_1_749' title='bbox 958 4949 1052 5001; x_wconf 77' lang='grc' dir='ltr'>καὶ</span> <span class='ocrx_word' id='word_1_750' title='bbox 1092 4951 1151 5002; x_wconf 79' lang='grc' dir='ltr'>τὸ</span> <span class='ocrx_word' id='word_1_751' title='bbox 1185 4949 1428 5021; x_wconf 84' lang='grc' dir='ltr'>Πνεῦμα.</span> <span class='ocrx_word' id='word_1_752' title='bbox 1478 4948 1618 5001; x_wconf 84' lang='grc' dir='ltr'>Ἀλλ’</span> 
     </span>
    </p>
   </div>
   <div class='ocr_carea' id='block_1_91' title="bbox 105 5030 1620 5114">
    <p class='ocr_par' dir='ltr' id='par_1_91' title="bbox 105 5030 1620 5114">
     <span class='ocr_line' id='line_1_91' title="bbox 105 5030 1620 5114; baseline 0.009 -32"><span class='ocrx_word' id='word_1_753' title='bbox 105 5030 244 5106; x_wconf 70' lang='grc' dir='ltr'>ἐπειδὴ</span> <span class='ocrx_word' id='word_1_754' title='bbox 271 5038 300 5107; x_wconf 88' lang='grc' dir='ltr'><strong>ή</strong></span> <span class='ocrx_word' id='word_1_755' title='bbox 326 5040 479 5108; x_wconf 74' lang='grc' dir='ltr'>σοφία</span> <span class='ocrx_word' id='word_1_756' title='bbox 507 5039 581 5092; x_wconf 81' lang='grc' dir='ltr'>ὢν</span> <span class='ocrx_word' id='word_1_757' title='bbox 608 5039 701 5093; x_wconf 88' lang='grc' dir='ltr'><strong>τοῦ</strong></span> <span class='ocrx_word' id='word_1_758' title='bbox 732 5040 959 5110; x_wconf 83' lang='grc' dir='ltr'>Πατρὸς,</span> <span class='ocrx_word' id='word_1_759' title='bbox 990 5042 1084 5094; x_wconf 77' lang='grc' dir='ltr'>καὶ</span> <span class='ocrx_word' id='word_1_760' title='bbox 1111 5041 1356 5114; x_wconf 74' lang='grc' dir='ltr'>δύναμις,</span> <span class='ocrx_word' id='word_1_761' title='bbox 1393 5043 1488 5096; x_wconf 72' lang='grc' dir='ltr'>καὶ</span> <span class='ocrx_word' id='word_1_762' title='bbox 1513 5042 1620 5096; x_wconf 84' lang='grc' dir='ltr'>Λό-</span> 
     </span>
    </p>
   </div>
   <div class='ocr_carea' id='block_1_92' title="bbox 105 5129 1624 5206">
    <p class='ocr_par' dir='ltr' id='par_1_92' title="bbox 105 5129 1624 5206">
     <span class='ocr_line' id='line_1_92' title="bbox 105 5129 1624 5206; baseline 0.006 -27"><span class='ocrx_word' id='word_1_763' title='bbox 105 5137 187 5189; x_wconf 74' lang='grc' dir='ltr'>τος,</span> <span class='ocrx_word' id='word_1_764' title='bbox 225 5129 364 5193; x_wconf 74' lang='grc' dir='ltr'>αὐτὸς</span> <span class='ocrx_word' id='word_1_765' title='bbox 402 5131 471 5185; x_wconf 72' lang='grc' dir='ltr'>τὰ</span> <span class='ocrx_word' id='word_1_766' title='bbox 510 5133 686 5186; x_wconf 87' lang='grc' dir='ltr'>πάντα</span> <span class='ocrx_word' id='word_1_767' title='bbox 727 5133 1126 5206; x_wconf 77' lang='grc' dir='ltr'>ἐδημιούργησε</span> <span class='ocrx_word' id='word_1_768' title='bbox 1167 5135 1263 5187; x_wconf 76' lang='grc' dir='ltr'><strong>σὺν</strong></span> <span class='ocrx_word' id='word_1_769' title='bbox 1303 5135 1477 5206; x_wconf 69' lang='grc' dir='ltr'>Πατρὶ</span> <span class='ocrx_word' id='word_1_770' title='bbox 1530 5135 1624 5188; x_wconf 80' lang='grc' dir='ltr'>καὶ</span> 
     </span>
    </p>
   </div>
   <div class='ocr_carea' id='block_1_93' title="bbox 108 5215 1621 5299">
    <p class='ocr_par' dir='ltr' id='par_1_93' title="bbox 108 5215 1621 5299">
     <span class='ocr_line' id='line_1_93' title="bbox 108 5215 1621 5299; baseline 0.005 -27"><span class='ocrx_word' id='word_1_771' title='bbox 108 5215 208 5286; x_wconf 69' lang='grc' dir='ltr'>ἁγίῳ</span> <span class='ocrx_word' id='word_1_772' title='bbox 246 5221 525 5292; x_wconf 76' lang='grc' dir='ltr'>Πνεῦματι,</span> <span class='ocrx_word' id='word_1_773' title='bbox 572 5224 658 5278; x_wconf 80' lang='grc' dir='ltr'>ἵνα</span> <span class='ocrx_word' id='word_1_774' title='bbox 704 5225 870 5299; x_wconf 79' lang='grc' dir='ltr'>δείξῃ,</span> <span class='ocrx_word' id='word_1_775' title='bbox 932 5227 1012 5280; x_wconf 83' lang='grc' dir='ltr'>ὅτι</span> <span class='ocrx_word' id='word_1_776' title='bbox 1060 5227 1122 5279; x_wconf 77' lang='grc' dir='ltr'>τὸ</span> <span class='ocrx_word' id='word_1_777' title='bbox 1173 5225 1341 5279; x_wconf 75' lang='grc' dir='ltr'>αἴτιον</span> <span class='ocrx_word' id='word_1_778' title='bbox 1392 5226 1490 5297; x_wconf 85' lang='grc' dir='ltr'>τῆς</span> <span class='ocrx_word' id='word_1_779' title='bbox 1527 5225 1621 5279; x_wconf 88' lang='grc' dir='ltr'><strong>τοῦ</strong></span> 
     </span>
    </p>
   </div>
   <div class='ocr_carea' id='block_1_94' title="bbox 118 5304 1623 5383">
    <p class='ocr_par' dir='ltr' id='par_1_94' title="bbox 118 5304 1623 5383">
     <span class='ocr_line' id='line_1_94' title="bbox 118 5304 1623 5383; baseline 0.009 -27"><span class='ocrx_word' id='word_1_780' title='bbox 118 5304 247 5378; x_wconf 73' lang='grc' dir='ltr'>Ἀδὰμ</span> <span class='ocrx_word' id='word_1_781' title='bbox 277 5314 628 5383; x_wconf 76' lang='grc' dir='ltr'>παραϐάσεως</span> <span class='ocrx_word' id='word_1_782' title='bbox 676 5317 776 5370; x_wconf 82' lang='grc' dir='ltr'>οὐκ</span> <span class='ocrx_word' id='word_1_783' title='bbox 823 5317 932 5371; x_wconf 87' lang='grc' dir='ltr'><strong>ἀπὺ</strong></span> <span class='ocrx_word' id='word_1_784' title='bbox 973 5316 1068 5371; x_wconf 83' lang='grc' dir='ltr'><strong>τοῦ</strong></span> <span class='ocrx_word' id='word_1_785' title='bbox 1113 5317 1468 5382; x_wconf 82' lang='grc' dir='ltr'>πεπλακέναι,</span> <span class='ocrx_word' id='word_1_786' title='bbox 1503 5317 1623 5370; x_wconf 75' lang='grc' dir='ltr'>οὐδὲ</span> 
     </span>
    </p>
   </div>
   <div class='ocr_carea' id='block_1_95' title="bbox 112 5398 1622 5483">
    <p class='ocr_par' dir='ltr' id='par_1_95' title="bbox 112 5398 1622 5483">
     <span class='ocr_line' id='line_1_95' title="bbox 112 5398 1622 5483; baseline 0.007 -32"><span class='ocrx_word' id='word_1_787' title='bbox 112 5398 284 5455; x_wconf 77' lang='grc' dir='ltr'>ἀπὸτοῦ</span> <span class='ocrx_word' id='word_1_788' title='bbox 316 5409 662 5479; x_wconf 79' lang='grc' dir='ltr'>πεποιηκέναι</span> <span class='ocrx_word' id='word_1_789' title='bbox 691 5409 752 5462; x_wconf 80' lang='grc' dir='ltr'><strong>τὸ</strong></span> <span class='ocrx_word' id='word_1_790' title='bbox 784 5410 1029 5483; x_wconf 87' lang='grc' dir='ltr'>ἁμαρτὲς</span> <span class='ocrx_word' id='word_1_791' title='bbox 1061 5411 1094 5480; x_wconf 79' lang='grc' dir='ltr'>ἢ</span> <span class='ocrx_word' id='word_1_792' title='bbox 1123 5410 1185 5464; x_wconf 80' lang='grc' dir='ltr'>τὸ</span> <span class='ocrx_word' id='word_1_793' title='bbox 1213 5411 1312 5481; x_wconf 83' lang='grc' dir='ltr'>τῆς</span> <span class='ocrx_word' id='word_1_794' title='bbox 1338 5411 1622 5482; x_wconf 82' lang='grc' dir='ltr'>παρακοῆς</span> 
     </span>
    </p>
   </div>
   <div class='ocr_carea' id='block_1_96' title="bbox 115 5485 1622 5573">
    <p class='ocr_par' dir='ltr' id='par_1_96' title="bbox 115 5485 1622 5573">
     <span class='ocr_line' id='line_1_96' title="bbox 115 5485 1622 5573; baseline 0.005 -29"><span class='ocrx_word' id='word_1_795' title='bbox 115 5485 244 5558; x_wconf 60' lang='grc' dir='ltr'>εῖχεν,</span> <span class='ocrx_word' id='word_1_796' title='bbox 275 5496 374 5549; x_wconf 86' lang='grc' dir='ltr'>ἀλλ’</span> <span class='ocrx_word' id='word_1_797' title='bbox 410 5499 517 5552; x_wconf 80' lang='grc' dir='ltr'>ἀπὸ</span> <span class='ocrx_word' id='word_1_798' title='bbox 547 5500 683 5563; x_wconf 73' lang='grc' dir='ltr'>ιδίας</span> <span class='ocrx_word' id='word_1_799' title='bbox 719 5502 1112 5573; x_wconf 85' lang='grc' dir='ltr'>προαιρέσεως,</span> <span class='ocrx_word' id='word_1_800' title='bbox 1150 5501 1236 5555; x_wconf 82' lang='grc' dir='ltr'>ἵνα</span> <span class='ocrx_word' id='word_1_801' title='bbox 1280 5502 1379 5572; x_wconf 81' lang='grc' dir='ltr'>τὴν</span> <span class='ocrx_word' id='word_1_802' title='bbox 1412 5501 1622 5554; x_wconf 88' lang='grc' dir='ltr'>δικαίαν</span> 
     </span>
    </p>
   </div>
   <div class='ocr_carea' id='block_1_97' title="bbox 116 5582 1626 5663">
    <p class='ocr_par' dir='ltr' id='par_1_97' title="bbox 116 5582 1626 5663">
     <span class='ocr_line' id='line_1_97' title="bbox 116 5582 1626 5663; baseline 0.005 -25"><span class='ocrx_word' id='word_1_803' title='bbox 116 5582 247 5651; x_wconf 75' lang='grc' dir='ltr'>κρίσιν</span> <span class='ocrx_word' id='word_1_804' title='bbox 266 5589 334 5652; x_wconf 86' lang='grc' dir='ltr'><strong>εἰς</strong></span> <span class='ocrx_word' id='word_1_805' title='bbox 357 5591 499 5656; x_wconf 79' lang='grc' dir='ltr'>τέλος</span> <span class='ocrx_word' id='word_1_806' title='bbox 528 5592 856 5663; x_wconf 83' lang='grc' dir='ltr'>διεξαγάγοι,</span> <span class='ocrx_word' id='word_1_807' title='bbox 885 5593 962 5658; x_wconf 81' lang='grc' dir='ltr'><strong>ὡς</strong></span> <span class='ocrx_word' id='word_1_808' title='bbox 988 5590 1143 5648; x_wconf 75' lang='grc' dir='ltr'>εἶπεν</span> <span class='ocrx_word' id='word_1_809' title='bbox 1167 5597 1196 5647; x_wconf 88' lang='grc' dir='ltr'>ὁ</span> <span class='ocrx_word' id='word_1_810' title='bbox 1238 5595 1465 5658; x_wconf 76' lang='grc' dir='ltr'>Ἡσαΐας</span> <span class='ocrx_word' id='word_1_811' title='bbox 1481 5611 1494 5624; x_wconf 90' lang='grc'><strong>·</strong></span> <span class='ocrx_word' id='word_1_812' title='bbox 1517 5590 1626 5646; x_wconf 82' lang='grc' dir='ltr'><strong>Κά-</strong></span> 
     </span>
    </p>
   </div>
   <div class='ocr_carea' id='block_1_98' title="bbox 1725 4562 3308 4641">
    <p class='ocr_par' dir='ltr' id='par_1_98' title="bbox 1725 4562 3308 4641">
     <span class='ocr_line' id='line_1_98' title="bbox 1725 4562 3308 4641; baseline -0.007 -12"><span class='ocrx_word' id='word_1_813' title='bbox 1725 4574 1942 4629; x_wconf 87' lang='lat' dir='ltr'><strong>tandem</strong></span> <span class='ocrx_word' id='word_1_814' title='bbox 1997 4567 2355 4641; x_wconf 85' lang='lat' dir='ltr'><strong>putabimus?</strong></span> <span class='ocrx_word' id='word_1_815' title='bbox 2396 4565 2562 4621; x_wconf 83' lang='lat' dir='ltr'><strong>Estne</strong></span> <span class='ocrx_word' id='word_1_816' title='bbox 2607 4573 2666 4619; x_wconf 88' lang='lat' dir='ltr'><strong>ut</strong></span> <span class='ocrx_word' id='word_1_817' title='bbox 2706 4563 2842 4618; x_wconf 80' lang='lat' dir='ltr'><strong>Filio</strong></span> <span class='ocrx_word' id='word_1_818' title='bbox 2892 4562 3308 4618; x_wconf 85' lang='lat' dir='ltr'><strong>excellentiores</strong></span> 
     </span>
    </p>
   </div>
   <div class='ocr_carea' id='block_1_99' title="bbox 1726 4656 3310 4729">
    <p class='ocr_par' dir='ltr' id='par_1_99' title="bbox 1726 4656 3310 4729">
     <span class='ocr_line' id='line_1_99' title="bbox 1726 4656 3310 4729; baseline -0.007 -8"><span class='ocrx_word' id='word_1_819' title='bbox 1726 4667 1848 4721; x_wconf 88' lang='lat' dir='ltr'><strong>illos</strong></span> <span class='ocrx_word' id='word_1_820' title='bbox 1884 4663 2232 4725; x_wconf 86' lang='lat' dir='ltr'><strong>arbitremur,</strong></span> <span class='ocrx_word' id='word_1_821' title='bbox 2268 4676 2296 4713; x_wconf 88' lang='lat' dir='ltr'><strong>a</strong></span> <span class='ocrx_word' id='word_1_822' title='bbox 2325 4675 2434 4729; x_wconf 88' lang='lat' dir='ltr'><strong>quo</strong></span> <span class='ocrx_word' id='word_1_823' title='bbox 2477 4658 2646 4713; x_wconf 84' lang='lat' dir='ltr'><strong>creati</strong></span> <span class='ocrx_word' id='word_1_824' title='bbox 2676 4656 2842 4712; x_wconf 84' lang='lat' dir='ltr'><strong>sunt?</strong></span> <span class='ocrx_word' id='word_1_825' title='bbox 2872 4659 2954 4710; x_wconf 89' lang='lat' dir='ltr'><strong>An</strong></span> <span class='ocrx_word' id='word_1_826' title='bbox 3001 4657 3148 4710; x_wconf 88' lang='lat' dir='ltr'><strong>idem</strong></span> <span class='ocrx_word' id='word_1_827' title='bbox 3170 4669 3310 4725; x_wconf 88' lang='lat' dir='ltr'><strong>quo-</strong></span> 
     </span>
    </p>
   </div>
   <div class='ocr_carea' id='block_1_100' title="bbox 1727 4748 3309 4830">
    <p class='ocr_par' dir='ltr' id='par_1_100' title="bbox 1727 4748 3309 4830">
     <span class='ocr_line' id='line_1_100' title="bbox 1727 4748 3309 4830; baseline -0.008 -17"><span class='ocrx_word' id='word_1_828' title='bbox 1727 4774 1832 4830; x_wconf 91' lang='lat' dir='ltr'><strong>que</strong></span> <span class='ocrx_word' id='word_1_829' title='bbox 1858 4757 2019 4812; x_wconf 88' lang='lat' dir='ltr'><strong>nobis</strong></span> <span class='ocrx_word' id='word_1_830' title='bbox 2053 4753 2121 4810; x_wconf 87' lang='lat' dir='ltr'><strong>de</strong></span> <span class='ocrx_word' id='word_1_831' title='bbox 2155 4752 2360 4824; x_wconf 89' lang='lat' dir='ltr'><strong>Spiritu</strong></span> <span class='ocrx_word' id='word_1_832' title='bbox 2392 4761 2604 4823; x_wconf 33' lang='lat' dir='ltr'><strong>‘sancto</strong></span> <span class='ocrx_word' id='word_1_833' title='bbox 2644 4749 3142 4821; x_wconf 84' lang='lat' dir='ltr'><strong>persuadebimus?</strong></span> <span class='ocrx_word' id='word_1_834' title='bbox 3174 4748 3309 4816; x_wconf 89' lang='lat' dir='ltr'><strong>Cur,</strong></span> 
     </span>
    </p>
   </div>
   <div class='ocr_carea' id='block_1_101' title="bbox 1726 4840 3310 4920">
    <p class='ocr_par' dir='ltr' id='par_1_101' title="bbox 1726 4840 3310 4920">
     <span class='ocr_line' id='line_1_101' title="bbox 1726 4840 3310 4920; baseline -0.009 -14"><span class='ocrx_word' id='word_1_835' title='bbox 1726 4852 1983 4920; x_wconf 90' lang='lat' dir='ltr'><strong>inquam,</strong></span> <span class='ocrx_word' id='word_1_836' title='bbox 2023 4862 2199 4915; x_wconf 86' lang='lat' dir='ltr'><strong>neque</strong></span> <span class='ocrx_word' id='word_1_837' title='bbox 2226 4845 2314 4899; x_wconf 89' lang='lat' dir='ltr'><strong>bic</strong></span> <span class='ocrx_word' id='word_1_838' title='bbox 2340 4885 2354 4907; x_wconf 87' lang='lat'><strong>,</strong></span> <span class='ocrx_word' id='word_1_839' title='bbox 2389 4859 2492 4898; x_wconf 89' lang='lat' dir='ltr'><strong>nec</strong></span> <span class='ocrx_word' id='word_1_840' title='bbox 2525 4843 2842 4912; x_wconf 84' lang='lat' dir='ltr'><strong>angelorum</strong></span> <span class='ocrx_word' id='word_1_841' title='bbox 2885 4841 3027 4895; x_wconf 90' lang='lat' dir='ltr'><strong>ullus</strong></span> <span class='ocrx_word' id='word_1_842' title='bbox 3068 4840 3134 4894; x_wconf 88' lang='lat' dir='ltr'><strong>ad</strong></span> <span class='ocrx_word' id='word_1_843' title='bbox 3183 4853 3310 4893; x_wconf 89' lang='lat' dir='ltr'><strong>car-</strong></span> 
     </span>
    </p>
   </div>
   <div class='ocr_carea' id='block_1_102' title="bbox 1727 4929 3306 5004">
    <p class='ocr_par' dir='ltr' id='par_1_102' title="bbox 1727 4929 3306 5004">
     <span class='ocr_line' id='line_1_102' title="bbox 1727 4929 3306 5004; baseline -0.008 -10"><span class='ocrx_word' id='word_1_844' title='bbox 1727 4956 1851 4995; x_wconf 90' lang='lat' dir='ltr'><strong>nem</strong></span> <span class='ocrx_word' id='word_1_845' title='bbox 1883 4935 2208 5001; x_wconf 88' lang='lat' dir='ltr'><strong>descendit,</strong></span> <span class='ocrx_word' id='word_1_846' title='bbox 2239 4949 2339 4988; x_wconf 91' lang='lat' dir='ltr'><strong>nec</strong></span> <span class='ocrx_word' id='word_1_847' title='bbox 2371 4949 2490 4988; x_wconf 87' lang='lat' dir='ltr'><strong>eam</strong></span> <span class='ocrx_word' id='word_1_848' title='bbox 2528 4934 2762 5004; x_wconf 87' lang='lat' dir='ltr'><strong>gestavit</strong></span> <span class='ocrx_word' id='word_1_849' title='bbox 2795 4939 2889 4986; x_wconf 81' lang='lat' dir='ltr'><strong>aut.</strong></span> <span class='ocrx_word' id='word_1_850' title='bbox 2917 4939 3168 4985; x_wconf 90' lang='lat' dir='ltr'><strong>naturam</strong></span> <span class='ocrx_word' id='word_1_851' title='bbox 3207 4929 3306 4982; x_wconf 70' lang='grc' dir='ltr'>Ιιοσ</span> 
     </span>
    </p>
   </div>
   <div class='ocr_carea' id='block_1_103' title="bbox 1728 5021 3311 5100">
    <p class='ocr_par' dir='ltr' id='par_1_103' title="bbox 1728 5021 3311 5100">
     <span class='ocr_line' id='line_1_103' title="bbox 1728 5021 3311 5100; baseline -0.008 -11"><span class='ocrx_word' id='word_1_852' title='bbox 1728 5033 1892 5089; x_wconf 90' lang='lat' dir='ltr'><strong>minis</strong></span> <span class='ocrx_word' id='word_1_853' title='bbox 1925 5029 2262 5100; x_wconf 85' lang='lat' dir='ltr'><strong>assumpsit?</strong></span> <span class='ocrx_word' id='word_1_854' title='bbox 2300 5027 2590 5083; x_wconf 89' lang='lat' dir='ltr'><strong>Enimvero</strong></span> <span class='ocrx_word' id='word_1_855' title='bbox 2645 5041 2754 5081; x_wconf 90' lang='lat' dir='ltr'><strong>non</strong></span> <span class='ocrx_word' id='word_1_856' title='bbox 2798 5024 2920 5079; x_wconf 89' lang='lat' dir='ltr'><strong>ideo</strong></span> <span class='ocrx_word' id='word_1_857' title='bbox 2971 5023 3115 5094; x_wconf 92' lang='lat' dir='ltr'><strong>quod</strong></span> <span class='ocrx_word' id='word_1_858' title='bbox 3149 5021 3311 5077; x_wconf 90' lang='lat' dir='ltr'><strong>Patre</strong></span> 
     </span>
    </p>
   </div>
   <div class='ocr_carea' id='block_1_104' title="bbox 1729 5113 3308 5191">
    <p class='ocr_par' dir='ltr' id='par_1_104' title="bbox 1729 5113 3308 5191">
     <span class='ocr_line' id='line_1_104' title="bbox 1729 5113 3308 5191; baseline -0.008 -11"><span class='ocrx_word' id='word_1_859' title='bbox 1729 5126 1909 5180; x_wconf 91' lang='lat' dir='ltr'><strong>minor</strong></span> <span class='ocrx_word' id='word_1_860' title='bbox 1941 5124 2011 5180; x_wconf 91' lang='lat' dir='ltr'><strong>sit</strong></span> <span class='ocrx_word' id='word_1_861' title='bbox 2059 5120 2251 5185; x_wconf 86' lang='lat' dir='ltr'><strong>Filius,</strong></span> <span class='ocrx_word' id='word_1_862' title='bbox 2287 5130 2576 5191; x_wconf 90' lang='lat' dir='ltr'><strong>propterea</strong></span> <span class='ocrx_word' id='word_1_863' title='bbox 2609 5133 2828 5172; x_wconf 90' lang='lat' dir='ltr'><strong>carnem</strong></span> <span class='ocrx_word' id='word_1_864' title='bbox 2862 5115 3058 5170; x_wconf 90' lang='lat' dir='ltr'><strong>induit.</strong></span> <span class='ocrx_word' id='word_1_865' title='bbox 3089 5113 3308 5184; x_wconf 84' lang='lat' dir='ltr'><strong>Alioqui</strong></span> 
     </span>
    </p>
   </div>
   <div class='ocr_carea' id='block_1_105' title="bbox 1733 5212 3308 5287">
    <p class='ocr_par' dir='ltr' id='par_1_105' title="bbox 1733 5212 3308 5287">
     <span class='ocr_line' id='line_1_105' title="bbox 1733 5212 3308 5287; baseline -0.006 -15"><span class='ocrx_word' id='word_1_866' title='bbox 1733 5227 1838 5272; x_wconf 89' lang='lat' dir='ltr'><strong>tam</strong></span> <span class='ocrx_word' id='word_1_867' title='bbox 1875 5215 2052 5287; x_wconf 85' lang='lat' dir='ltr'><strong>angeli</strong></span> <span class='ocrx_word' id='word_1_868' title='bbox 2083 5254 2100 5278; x_wconf 94' lang='lat'><strong>,</strong></span> <span class='ocrx_word' id='word_1_869' title='bbox 2131 5229 2295 5285; x_wconf 89' lang='lat' dir='ltr'><strong>quam</strong></span> <span class='ocrx_word' id='word_1_870' title='bbox 2334 5212 2573 5284; x_wconf 89' lang='lat' dir='ltr'><strong>Spiritus</strong></span> <span class='ocrx_word' id='word_1_871' title='bbox 2616 5217 2839 5266; x_wconf 89' lang='lat' dir='ltr'><strong>sanctus</strong></span> <span class='ocrx_word' id='word_1_872' title='bbox 2878 5222 3041 5262; x_wconf 88' lang='lat' dir='ltr'><strong>carne</strong></span> <span class='ocrx_word' id='word_1_873' title='bbox 3091 5221 3308 5278; x_wconf 86' lang='lat' dir='ltr'><strong>quoque</strong></span> 
     </span>
    </p>
   </div>
   <div class='ocr_carea' id='block_1_106' title="bbox 1729 5298 3308 5374">
    <p class='ocr_par' dir='ltr' id='par_1_106' title="bbox 1729 5298 3308 5374">
     <span class='ocr_line' id='line_1_106' title="bbox 1729 5298 3308 5374; baseline -0.006 -12"><span class='ocrx_word' id='word_1_874' title='bbox 1729 5310 1914 5364; x_wconf 88' lang='lat' dir='ltr'><strong>vestiri</strong></span> <span class='ocrx_word' id='word_1_875' title='bbox 1951 5308 2274 5363; x_wconf 87' lang='lat' dir='ltr'><strong>debuerant.</strong></span> <span class='ocrx_word' id='word_1_876' title='bbox 2313 5304 2419 5360; x_wconf 90' lang='lat' dir='ltr'><strong>Sed</strong></span> <span class='ocrx_word' id='word_1_877' title='bbox 2449 5302 2706 5374; x_wconf 88' lang='lat' dir='ltr'><strong>quoniam</strong></span> <span class='ocrx_word' id='word_1_878' title='bbox 2740 5300 2881 5354; x_wconf 90' lang='lat' dir='ltr'><strong>idem</strong></span> <span class='ocrx_word' id='word_1_879' title='bbox 2918 5299 3053 5368; x_wconf 90' lang='lat' dir='ltr'><strong>ipse,</strong></span> <span class='ocrx_word' id='word_1_880' title='bbox 3087 5298 3179 5369; x_wconf 90' lang='lat' dir='ltr'><strong>qui</strong></span> <span class='ocrx_word' id='word_1_881' title='bbox 3223 5306 3308 5352; x_wconf 83' lang='lat' dir='ltr'><strong>est</strong></span> 
     </span>
    </p>
   </div>
   <div class='ocr_carea' id='block_1_107' title="bbox 1731 5392 3305 5472">
    <p class='ocr_par' dir='ltr' id='par_1_107' title="bbox 1731 5392 3305 5472">
     <span class='ocr_line' id='line_1_107' title="bbox 1731 5392 3305 5472; baseline -0.009 -14"><span class='ocrx_word' id='word_1_882' title='bbox 1731 5402 1996 5472; x_wconf 89' lang='lat' dir='ltr'><strong>sapientia</strong></span> <span class='ocrx_word' id='word_1_883' title='bbox 2044 5399 2245 5464; x_wconf 78' lang='lat' dir='ltr'><strong>Patris,</strong></span> <span class='ocrx_word' id='word_1_884' title='bbox 2275 5409 2329 5455; x_wconf 91' lang='lat' dir='ltr'><strong>et</strong></span> <span class='ocrx_word' id='word_1_885' title='bbox 2361 5399 2554 5460; x_wconf 82' lang='lat' dir='ltr'><strong>virtus,</strong></span> <span class='ocrx_word' id='word_1_886' title='bbox 2585 5409 2649 5449; x_wconf 92' lang='lat' dir='ltr'><strong>ac</strong></span> <span class='ocrx_word' id='word_1_887' title='bbox 2674 5392 2935 5456; x_wconf 75' lang='lat' dir='ltr'><strong>Verbum,</strong></span> <span class='ocrx_word' id='word_1_888' title='bbox 2968 5392 3152 5448; x_wconf 89' lang='lat' dir='ltr'><strong>omnia</strong></span> <span class='ocrx_word' id='word_1_889' title='bbox 3179 5405 3305 5446; x_wconf 83' lang='lat' dir='ltr'><strong>cunt</strong></span> 
     </span>
    </p>
   </div>
   <div class='ocr_carea' id='block_1_108' title="bbox 1731 5484 3307 5565">
    <p class='ocr_par' dir='ltr' id='par_1_108' title="bbox 1731 5484 3307 5565">
     <span class='ocr_line' id='line_1_108' title="bbox 1731 5484 3307 5565; baseline -0.006 -17"><span class='ocrx_word' id='word_1_890' title='bbox 1731 5494 1892 5550; x_wconf 89' lang='lat' dir='ltr'><strong>Patre</strong></span> <span class='ocrx_word' id='word_1_891' title='bbox 1931 5503 1984 5549; x_wconf 90' lang='lat' dir='ltr'><strong>et</strong></span> <span class='ocrx_word' id='word_1_892' title='bbox 2033 5491 2236 5565; x_wconf 90' lang='lat' dir='ltr'><strong>Spiritu</strong></span> <span class='ocrx_word' id='word_1_893' title='bbox 2285 5499 2478 5547; x_wconf 88' lang='lat' dir='ltr'><strong>sancto</strong></span> <span class='ocrx_word' id='word_1_894' title='bbox 2507 5488 2793 5553; x_wconf 91' lang='lat' dir='ltr'><strong>condidit,</strong></span> <span class='ocrx_word' id='word_1_895' title='bbox 2825 5497 2883 5542; x_wconf 89' lang='lat' dir='ltr'><strong>ut</strong></span> <span class='ocrx_word' id='word_1_896' title='bbox 2917 5486 3020 5540; x_wconf 91' lang='lat' dir='ltr'><strong>boc</strong></span> <span class='ocrx_word' id='word_1_897' title='bbox 3053 5484 3307 5541; x_wconf 84' lang='lat' dir='ltr'><strong>videlicet</strong></span> 
     </span>
    </p>
   </div>
   <div class='ocr_carea' id='block_1_109' title="bbox 1733 5579 3310 5659">
    <p class='ocr_par' dir='ltr' id='par_1_109' title="bbox 1733 5579 3310 5659">
     <span class='ocr_line' id='line_1_109' title="bbox 1733 5579 3310 5659; baseline -0.008 -15"><span class='ocrx_word' id='word_1_898' title='bbox 1733 5589 2164 5652; x_wconf 88' lang='lat' dir='ltr'><strong>demonstraret,</strong></span> <span class='ocrx_word' id='word_1_899' title='bbox 2200 5586 2407 5659; x_wconf 88' lang='lat' dir='ltr'><strong>peccati</strong></span> <span class='ocrx_word' id='word_1_900' title='bbox 2435 5585 2582 5641; x_wconf 90' lang='lat' dir='ltr'><strong>illius</strong></span> <span class='ocrx_word' id='word_1_901' title='bbox 2605 5626 2620 5652; x_wconf 93' lang='lat'><strong>,</strong></span> <span class='ocrx_word' id='word_1_902' title='bbox 2651 5581 2796 5655; x_wconf 86' lang='lat' dir='ltr'><strong>quod</strong></span> <span class='ocrx_word' id='word_1_903' title='bbox 2823 5582 2892 5639; x_wconf 85' lang='lat' dir='ltr'><strong>ab</strong></span> <span class='ocrx_word' id='word_1_904' title='bbox 2919 5579 3128 5637; x_wconf 81' lang='lat' dir='ltr'><strong>Adamo</strong></span> <span class='ocrx_word' id='word_1_905' title='bbox 3157 5591 3310 5634; x_wconf 88' lang='lat' dir='ltr'><strong>com-</strong></span> 
     </span>
    </p>
   </div>
   <div class='ocr_carea' id='block_1_110' title="bbox 168 5736 1611 5818">
    <p class='ocr_par' dir='ltr' id='par_1_110' title="bbox 168 5736 1611 5818">
     <span class='ocr_line' id='line_1_110' title="bbox 168 5736 1611 5818; baseline 0.007 -25"><span class='ocrx_word' id='word_1_906' title='bbox 168 5736 254 5796; x_wconf 74' lang='lat' dir='ltr'><strong>‘F.</strong></span> <span class='ocrx_word' id='word_1_907' title='bbox 284 5741 531 5814; x_wconf 81' lang='grc' dir='ltr'>λεγόντων</span> <span class='ocrx_word' id='word_1_908' title='bbox 562 5748 616 5804; x_wconf 86' lang='grc' dir='ltr'>δὲ</span> <span class='ocrx_word' id='word_1_909' title='bbox 646 5749 844 5806; x_wconf 80' lang='grc' dir='ltr'>αὐτῶν.</span> <span class='ocrx_word' id='word_1_910' title='bbox 925 5753 944 5784; x_wconf 83' lang='grc'>¹</span> <span class='ocrx_word' id='word_1_911' title='bbox 974 5749 1132 5807; x_wconf 82' lang='lat' dir='ltr'><strong>Joan.</strong></span> <span class='ocrx_word' id='word_1_912' title='bbox 1166 5768 1254 5818; x_wconf 82' lang='lat' dir='ltr'><strong>xv,</strong></span> <span class='ocrx_word' id='word_1_913' title='bbox 1287 5751 1375 5804; x_wconf 77' lang='lat'><strong>‘26.</strong></span> <span class='ocrx_word' id='word_1_914' title='bbox 1456 5749 1476 5780; x_wconf 83' lang='grc'><em>³</em></span> <span class='ocrx_word' id='word_1_915' title='bbox 1501 5747 1611 5804; x_wconf 84' lang='lat' dir='ltr'><strong>Joat</strong></span> 
     </span>
    </p>
   </div>
   <div class='ocr_carea' id='block_1_111' title="bbox 1721 5736 2049 5818">
    <p class='ocr_par' dir='ltr' id='par_1_111' title="bbox 1721 5745 2049 5818">
     <span class='ocr_line' id='line_1_111' title="bbox 1721 5745 2049 5818; baseline -0.012 -15"><span class='ocrx_word' id='word_1_916' title='bbox 1721 5763 1804 5818; x_wconf 76' lang='lat' dir='ltr'><strong>.vr,</strong></span> <span class='ocrx_word' id='word_1_917' title='bbox 1839 5745 1924 5816; x_wconf 76' lang='lat' dir='ltr'><strong>N,</strong></span> <span class='ocrx_word' id='word_1_918' title='bbox 1965 5745 2049 5800; x_wconf 78' lang='grc'><strong>15.</strong></span> 
     </span>
    </p>
   </div>
  </div>
