3826 6206
505 261 615 318 εεδ

1922 261 1980 318 S.
2022 262 2091 318 ΕΙ

2195 261 2368 319 manu
3671 270 3756 328 εει

511 391 738 432 nussum
770 384 854 434 est
877 417 894 445 ,
928 375 1195 448 originem
1229 377 1285 432 in
1313 377 1490 448 ipsius
1524 376 1905 435 [armationem
1936 381 2091 451 rejici

2195 385 2391 451 λαμον
2441 377 2948 448 συντετριμμένον
2993 381 3066 434 οὐ
3114 380 3407 447 κατεάξει,
3449 381 3559 436 καὶ
3605 386 3756 442 λίνον

509 483 619 523 non
647 467 878 533 debere;
920 484 1098 540 neque
1127 483 1193 524 ex
1247 470 1608 540 productione
1653 488 1752 528 sua
1781 512 1795 536 ,
1827 473 2086 528 delictum

510 561 644 616 illud
689 563 1204 632 contumaciamque
1257 563 1534 626 traxisse,
1587 563 1681 617 sed
1733 579 1801 619 ex
1851 565 2088 635 propriae

512 653 810 709 voluntatis
840 654 1087 718 arbitrio,
1130 668 1239 725 quo
1265 652 1761 723 justumjudicium
1787 653 1853 708 ad
1877 656 2086 709 exitum

510 746 852 817 perduceret,
884 746 1343 815 quemadmodum
1381 744 1553 801 lsaias
1590 746 1864 815 loquitur:
1922 744 2088 800 Cala-

509 853 654 891 mum
683 837 967 891 contritum
1019 853 1123 891 non
1152 838 1449 908 confringet
1477 877 1492 900 ,
1526 847 1575 892 et
1610 839 1779 892 linum
1821 839 2087 908 fumigans

510 948 612 984 non
642 930 959 1000 exstinguet,
989 929 1154 984 donec
1188 929 1378 983 educat
1398 930 1666 999 judicium
1704 933 1758 986 in
1788 933 2084 1001 uictoriam,

509 1031 559 1076 et
589 1023 641 1076 in
673 1022 880 1075 nomine
911 1021 1077 1088 ipsius
1123 1029 1298 1089 gentes
1337 1023 1619 1088 sperabunt
1653 1024 1693 1076 ί.
1737 1023 1836 1076 Cui
1869 1031 1922 1078 et
1954 1024 2085 1079 illud

2193 475 2534 541 τυφόμενον
2573 473 2646 525 οὺ
2679 473 2907 536 σϐέσει,
2945 472 3056 540 ἕως
3087 473 3369 544 ἐξαγάγοι
3414 475 3538 542 τὴν
3580 479 3757 544 κρίσιν

2191 569 2279 632 εἰς
2303 566 2492 631 νῖκος,
2536 563 2634 618 καὶ
2674 563 2753 630 τῷ
2797 565 3038 634 ὀνόματι
3069 567 3256 620 αὐτοῦ
3291 567 3437 636 ἔθνη
3470 567 3738 625 ἐλπιοῦσι

2193 657 2442 730 καθάπερ
2477 657 2573 710 κα)⁸
2611 654 2774 709 Δαϐὶδ
2807 657 2935 728 περὶ
2963 656 3125 710 αὐτοῦ
3169 657 3358 729 εἴρηκε
3401 657 3484 722 τὺ,
3545 661 3658 715 Καὶ
3692 679 3756 713 νι-

2192 748 2405 815 κήσεις
2436 749 2504 802 ἐν
2530 746 2611 812 τῷ
2634 747 2945 816 κρίνεσθαί
2973 765 3066 803 σε.
3109 749 3330 822 Ἐκρίθη
3356 750 3488 822 γὰρ.
3535 751 3623 804 ἵνα
3655 753 3753 823 κρέο

2194 861 2297 896 νων
2325 842 2549 906 δικαίως
2582 841 2762 913 φράξῃ
2789 841 2859 893 τὰ
2886 841 3132 912 στόματα
3151 839 3260 895 τῶν
3285 841 3598 913 μελλόντων
3630 845 3754 896 ἀντι-

2192 935 2388 1000 λέγειν.
2436 936 2511 987 υύ
2555 935 2664 1005 γὰρ
2703 934 2990 1006 δυνήσεταί
3031 951 3116 998 τις
3163 934 3465 1004 ἀντιλέγειν
3511 938 3578 1006 τῇ
3617 936 3752 990 αὑτοῦ

2192 1027 2379 1099 δικαίᾳ
2404 1026 2602 1099 κρίσει.
2647 1026 2905 1099 Ἑφόρεσε
2937 1025 3048 1098 γὰρ
3073 1027 3135 1080 τὸ
3169 1025 3328 1098 σῶμα
3360 1027 3662 1098 τάχραντον
3679 1030 3754 1082 αύ-

515 1111 735 1168 Davidis
766 1111 1021 1181 congruit
1047 1130 1060 1166 :
1090 1110 1159 1164 Et
1179 1112 1358 1166 vincas
1391 1131 1510 1167 cum
1531 1115 1795 1183 judicaris
1819 1119 1860 1168 ¹.
1888 1115 2091 1187 Quippe

2205 1120 2267 1173 τὸ
2301 1121 2670 1192 συντηρήσας.

511 1206 719 1260 idcirco
749 1203 1029 1274 judicatus
1060 1210 1178 1268 est,
1220 1212 1279 1255 ut
1303 1205 1542 1260 vicissim
1569 1206 1717 1275 juste
1743 1208 1999 1277 judicans
2026 1224 2216 1264 eorum
2245 1212 2340 1282 qui
2373 1211 2770 1267 contradicturi
2797 1220 2925 1267 sunt
2953 1226 3049 1266 ora
3082 1212 3400 1282 praecludat.
3431 1211 3608 1269 Nemo
3635 1215 3756 1269 enim

506 1300 659 1368 justo
687 1296 859 1367 ipsius
892 1295 1103 1366 judicio
1133 1310 1437 1368 repugnare
1454 1300 1673 1369 poterit.
1705 1300 1838 1356 Nam
1869 1304 1945 1358 ita
2005 1307 2110 1362 sibi
2167 1323 2367 1378 corpus
2416 1307 2702 1379 imposuit,
2736 1316 2797 1363 ut
2831 1308 3103 1379 integrum
3155 1309 3618 1379 impollutumque
3660 1325 3752 1365 ser-

511 1408 575 1448 va
585 1393 675 1448 rit.

580 1488 768 1560 Neque
817 1489 962 1544 enim
996 1489 1143 1558 quod
1176 1488 1334 1543 initio
1365 1483 1658 1544 inAdamo
1690 1501 1972 1560 peccatum
2003 1508 2091 1548 ex-

2267 1496 2340 1550 Ού
2379 1495 2487 1567 γὰρ
2518 1495 2548 1549 ὃ
2579 1495 2799 1565 γέγονεν
2847 1497 2906 1549 ὲν
2945 1495 3024 1566 τῷ
3061 1492 3353 1565 ἀνθρώπῳ,
3393 1493 3478 1554 είς
3525 1490 3677 1544 τοῦτο
3707 1493 3754 1544 ὲκ

512 1583 656 1638 stitit
682 1622 697 1646 ,
729 1582 785 1637 id
811 1584 879 1635 ab
912 1581 1117 1652 Opiiice
1147 1581 1266 1650 ipso
1287 1621 1301 1646 ,
1338 1580 1429 1649 qui
1463 1582 1530 1636 ab
1564 1584 1714 1637 omni
1743 1585 1899 1655 culpa
1930 1586 2091 1655 primi

2195 1587 2289 1641 τοῦ
2327 1587 2670 1660 Δημιουργοῦ
2715 1585 2807 1641 τοῦ
2845 1587 3087 1642 ἀναιτίου
3135 1586 3235 1656 τῆς
3264 1582 3358 1636 τοῦ
3403 1581 3580 1652 Ἀδὰμ
3605 1583 3753 1654 ἁμαρ-

512 1674 689 1732 nostri
720 1675 960 1744 parentis
996 1674 1208 1729 alienus
1238 1682 1341 1738 est,
1379 1674 1435 1729 in
1473 1674 1680 1729 Christi
1711 1691 1914 1746 corpus
1945 1677 2091 1734 deri-

2195 1681 2314 1744 τίας
2358 1680 2452 1734 τοῦ
2487 1681 2753 1753 ἁμαρτεῖν
2781 1680 2992 1750 γέγονε,
3038 1679 3134 1732 καὶ
3179 1676 3267 1730 διὰ
3308 1675 3472 1729 τοῦτο
3516 1676 3752 1745 ἥμαρτεν

513 1777 697 1824 vatum
732 1776 818 1824 est
839 1809 852 1832 ,
905 1776 962 1823 ut
992 1777 1277 1838 propterea
1307 1769 1564 1823 delictum
1595 1769 1814 1839 aliquod
1861 1772 2091 1825 commi-

2196 1773 2331 1827 ἀλλὰ
2358 1773 2419 1827 τὸ
2455 1773 2798 1839 αὐτεξούσιον
2836 1773 2985 1844 αύτῷ
3017 1771 3280 1835 ἐπέδωκε,
3317 1770 3412 1822 καὶ
3451 1769 3624 1831 αἴτιος
3656 1770 3752 1820 ἐπ’».

513 1863 681 1927 serit;
711 1862 804 1917 sed
837 1860 1142 1916 libertatem
1179 1861 1351 1916 eidem
1383 1861 1655 1926 indulsit,
1693 1861 1827 1917 adeo
1857 1875 1916 1918 ut
1965 1879 2091 1935 pec-

2195 1865 2271 1936 τῷ
2299 1867 2528 1930 ἕκαστος
2555 1867 2762 1935 γίνεται
2795 1865 3092 1937 ἁμαρτιας.
3126 1865 3224 1918 Διά
3243 1880 3326 1916 τοι
3355 1861 3518 1916 τοῦτο
3547 1862 3752 1923 ἀναίτικ

509 1955 617 2011 cati
650 1954 750 2009 sibi
777 1953 1009 2024 quisque
1038 1969 1204 2009 causa
1233 1954 1322 2008 sit.
1355 1951 1444 2008 Dei
1476 1953 1659 2022 itaque
1692 1955 1931 2010 Verbum
1969 1956 2091 2009 cul-

2195 1960 2220 2012 ὁ
2257 1957 2584 2028 δημιουργὸς
2645 1958 2776 2024 Θεὸς
2815 1958 3005 2026 Λόγος,
3046 1961 3076 2011 ὸ
3117 1958 3214 2010 σὺν
3250 1956 3428 2026 Πατρὶ
3458 1955 3645 2018 κτίσας
3681 1957 3750 2006 τὸν

511 2061 595 2118 pte
647 2046 829 2101 omnis
875 2060 1112 2115 expers,
1173 2043 1320 2113 quod
1378 2059 1503 2097 cum
1557 2042 1720 2098 Patre
1775 2051 1828 2099 et
1885 2043 2092 2114 Spiritu

513 2149 708 2195 sancto
754 2139 1026 2193 hominem
1067 2136 1230 2208 775
1257 2136 1499 2201 creavit,
1535 2135 1864 2202 immortale,
1901 2137 2096 2206 impol-

515 2234 693 2288 lutum
722 2274 737 2298 ,
772 2240 966 2301 sponte
1016 2246 1145 2292 sua,
1193 2237 1248 2284 ct
1298 2245 1502 2283 arcano
1539 2229 1773 2299 quodam
1816 2230 2095 2299 sapientia

513 2325 781 2396 mysterio
828 2333 1082 2378 naturam
1136 2322 1378 2377 hominis
1421 2323 1754 2392 assumpsit.
1802 2323 2096 2394 omniaque

512 2418 719 2488 opiﬁcii
771 2417 857 2473 sui
902 2417 1075 2487 gratia
1106 2415 1443 2470 abundantia
1470 2415 1704 2484 quadam
1739 2415 2094 2472 humanitatis

514 2509 570 2564 in
607 2501 729 2565 sese
767 2509 1063 2569 transtulit,
1099 2523 1207 2562 non
1238 2507 1567 2562 necessitate
1604 2506 1671 2561 ad
1713 2506 1766 2560 id
1802 2507 2090 2578 impulsus,

512 2603 610 2658 sed
643 2602 940 2658 voluntatis
973 2601 1234 2667 arbitrio,
1265 2611 1324 2656 ut
1355 2611 1634 2672 peccatum
1673 2600 1729 2655 in
1755 2614 1919 2655 carne
1942 2600 2094 2656 dam-

513 2704 672 2750 naret
698 2735 715 2761 ,
753 2701 806 2749 et
841 2695 1275 2749 exsecrationem
1321 2694 1374 2747 in
1423 2708 1588 2748 cruce
1653 2692 1920 2757 dilueret,
1958 2695 2094 2749 etin

513 2787 764 2856 sepulcro
794 2786 1162 2855 corruptelam
1192 2800 1409 2839 omnem
1453 2801 1484 2840 e
1533 2784 1713 2840 medio
1740 2785 1957 2840 tolleret
1976 2825 2002 2862 ,ι
2038 2795 2095 2841 et

512 2879 581 2934 ad
615 2880 822 2935 inferos
853 2894 978 2933 cum
1003 2880 1184 2932 anima
1219 2893 1284 2932 ac
1311 2877 1595 2932 divinitate
1620 2878 1960 2933 descendens
1997 2879 2094 2933 sti-

512 2973 720 3026 mulum
760 2972 955 3026 mortis
990 2969 1315 3040 infringeret
1343 3011 1358 3035 ,
1407 2969 1698 3040 foedusque
1736 2985 1860 3025 cum
1903 2971 2094 3027 inieris

513 3061 707 3117 initum
737 3061 1082 3116 dissolveret.
1115 3061 1182 3113 At
1214 3057 1410 3130 ingrati
1441 3059 1713 3123 homines,
1745 3059 1836 3132 qui
1867 3061 2008 3115 bona
2038 3061 2093 3114 in

2193 2049 2499 2122 ἄνθρωπον,
2534 2051 2628 2104 καὶ
2676 2051 2774 2104 σὺν
2804 2049 2883 2121 τῷ
2908 2051 3048 2120 ἁγίῳ
3101 2047 3266 2102 αὐτοῦ
3308 2046 3612 2117 Πνεύματι,
3645 2046 3749 2098 ἀθει-

2193 2161 2350 2207 νατος
2383 2143 2476 2196 καὶ
2509 2143 2796 2214 ἄχραντος,
2835 2143 2942 2213 ἰδίᾳ
2966 2141 3184 2209 δοκήσει
3209 2141 3434 2212 ἀρρήτῳ
3458 2140 3566 2192 τινὶ
3592 2139 3748 2206 σοφίας

2198 2233 2482 2306 μυστηρίῳ
2512 2232 2923 2304 ἐνηνθρώπησε,
2955 2229 3176 2293 τελείως
3203 2229 3272 2281 τά
3306 2228 3489 2282 πάντα
3518 2226 3748 2290 ἀναδεξα-

2197 2344 2356 2397 μενος
2385 2326 2525 2397 ὑπὲρ
2551 2324 2644 2378 τοῦ
2687 2325 2817 2379 ἰδίου
2856 2324 3174 2395 πλάσματος
3206 2321 3273 2375 δι’
3307 2319 3615 2392 ὑπερϐολὴν
3654 2320 3747 2387 φιλ-

2195 2418 2528 2491 ανθρωπίας,
2570 2418 2630 2471 οὐ
2669 2417 2806 2489 μετά
2847 2416 3112 2486 ἀνάγκης,
3141 2413 3256 2468 ἀλλ’
3289 2413 3519 2483 ἑκουσίᾳ.
3563 2411 3744 2481 γνώμη,

2196 2512 2282 2565 ἵνα
2322 2514 2380 2565 ὲν
2425 2514 2492 2582 τῇ
2544 2511 2708 2582 σαρκὶ
2751 2509 3055 2581 κατακρίνῃ
3097 2506 3197 2578 τὴν
3233 2503 3535 2576 ἁμαρτίαν,
3567 2503 3652 2555 καὶ
3677 2503 3747 2554 ἐπὶ

2194 2603 2274 2675 τῷ
2307 2602 2524 2675 σταυρῷ
2547 2601 2771 2674 διαλύσῃ
2796 2601 2895 2673 τὴν
2933 2599 3201 2669 κατάραν,
3225 2598 3321 2651 καὶ
3348 2599 3405 2650 ὲν
3438 2595 3518 2667 τῷ
3547 2596 3747 2665 μνήματι

2194 2695 2592 2766 καταφαίρετον
2621 2695 2817 2765 ποιήσῃ
2841 2693 2939 2764 τὴν
2961 2690 3188 2762 φθοράν,
3223 2689 3318 2744 καὶ
3357 2689 3414 2743 ὲν
3443 2688 3526 2758 τῷ
3557 2687 3649 2759 ᾅδῃ
3671 2688 3746 2739 σὺν

2194 2792 2257 2861 τῇ
2300 2787 2443 2859 ψυχῇ
2492 2785 2765 2841 κατελθὼν
2808 2786 2866 2838 ἐν
2908 2787 2974 2857 τῇ
3001 2782 3214 2854 θεότητι
3247 2780 3422 2852 κλάσῃ
3466 2780 3529 2832 τὸ
3558 2779 3746 2848 κέντρον

2193 2881 2289 2934 τοῦ
2325 2879 2577 2944 Θανάτου,
2611 2879 2706 2931 καὶ⁸
2741 2875 2967 2949 διαλύσῃ
3006 2877 3105 2948 τὴν
3148 2878 3284 2948 πρὸς
3305 2875 3395 2928 τὸν
3426 2874 3564 2945 ᾅδην
3593 2871 3745 2941 διαθή-

2196 2991 2320 3046 κην.
2349 2975 2412 3026 υἱ
2442 2972 2500 3025 δὲ
2536 2971 2843 3042 ἀχάριστοι,
2875 2970 3186 3024 παντάπασι
3217 2968 3286 3022 τὰ
3309 2966 3496 3036 ἀγαθά
3525 2967 3602 3030 εἰς
3631 2965 3745 3018 κακὰ

2202 3063 2649 3136 μετατρέποντες,
2673 3051 2788 3115 ἀνθ’
2817 3055 2892 3115 ὧν
2912 3059 3304 3133 εὐχαριστῆσαι
3328 3060 3352 3091 ⁸
3373 3059 3454 3130 τῷ
3485 3055 3746 3128 φιλανθρών

513 3155 656 3208 mala
689 3160 1061 3217 commutant,
1117 3166 1239 3206 cum
1295 3167 1394 3221 pro
1435 3151 1520 3206 his
1559 3153 1814 3206 omnibus
1847 3153 2090 3208 clemen-

2195 3176 2300 3228 πῳ,
2345 3156 2440 3210 καὶ
2479 3155 2692 3225 τελείῳ,
2735 3156 2828 3208 καὶ
2859 3153 3048 3224 ἀγαθῷ
3089 3151 3147 3219 ἐξ
3185 3149 3390 3221 ἀγαθοῦ
3429 3149 3634 3221 Πατρδς
3662 3148 3743 3200 ὐπ-

513 3247 731 3301 tissimo
766 3259 830 3299 ac
875 3244 1121 3314 perfecto
1154 3242 1409 3314 bonoque
1445 3259 1476 3298 a
1513 3244 1655 3299 bono
1701 3242 1862 3299 Patre
1913 3245 2091 3314 genito

2195 3249 2443 3320 άρχοντι,
2496 3247 2677 3300 οὐκέτι
2733 3243 3125 3317 εύχαριστῆσαι
3155 3245 3200 3308 ⁸,
3259 3243 3375 3297 ἀλλ’
3423 3237 3743 3313 ἀχαριστοῦτι

511 3337 651 3393 Filio
707 3337 1000 3408 gratiﬁcari
1031 3336 1338 3399 deberent,
1385 3351 1494 3390 non
1548 3338 1710 3393 modo
1753 3338 1933 3392 nullas
1998 3338 2091 3392 lia-

2196 3338 2414 3409 μᾶλλον,
2448 3335 2596 3406 πάθη
2627 3338 2692 3407 τῇ
2733 3334 2896 3389 αὐτοῦ
2931 3334 3144 3406 θεότητι
3174 3335 3601 3405 προσάπτοντες·
3627 3332 3657 3385 ἃ
3686 3329 3742 3399 μὴ

513 3429 644 3485 bent
673 3429 877 3499 gratias
903 3467 919 3490 .
953 3427 1047 3482 sed
1096 3437 1152 3481 et
1203 3427 1608 3494 ingratissimos
1663 3444 1784 3483 sese
1828 3428 2092 3498 prmbent,

511 3520 743 3590 ejusque
777 3518 1052 3573 divinitati
1085 3517 1406 3573 affectiones
1437 3531 1501 3572 ac
1536 3521 1983 3589 perturbationes
2015 3519 2095 3574 af-

513 3612 760 3683 llnguut:
797 3611 944 3682 quod
972 3609 1196 3680 quidem
1227 3609 1438 3665 elIicere
1464 3611 1613 3666 nullo
1654 3611 1816 3667 modo
1839 3620 2092 3683 possunt,

510 3719 636 3760 cum
667 3703 925 3758 omnibus
955 3702 1154 3757 veritas
1182 3703 1300 3771 ipsa
1331 3701 1620 3758 manifesta
1650 3703 1741 3759 sit.

587 3793 715 3849 Llll.
742 3794 838 3850 His
865 3795 920 3848 in
950 3793 1097 3848 hunc
1131 3792 1351 3847 modum
1383 3793 1692 3864 explicatis,
1733 3795 1801 3849 ad
1834 3795 1940 3849 alia
1970 3811 2093 3866 quae

513 3886 586 3942 ab
607 3887 718 3940 illis
745 3891 1148 3956 proponuntur,
1188 3899 1273 3938 me
1297 3882 1538 3943 confero.
1571 3883 1706 3938 Nam
1739 3901 1804 3939 ex
1843 3885 2093 3956 Evange-

512 3975 588 4030 llo
614 3975 820 4030 dictum
847 3975 900 4027 in
926 3973 1119 4044 primis
1155 3973 1286 4026 illud
1314 3973 1618 4042 proferunt,
1652 3974 2094 4045 interpretatione

513 4081 613 4122 sua
646 4065 1043 4135 depravatum:
1101 4063 1205 4129 Qui
1257 4063 1400 4116 misit
1450 4079 1530 4117 me
1580 4063 1741 4118 Pater
1794 4067 1968 4134 major
2013 4083 2093 4120 me

509 4168 588 4213 est
619 4158 661 4214 ³.
698 4155 797 4212 Ubi
831 4155 1125 4210 notandum
1167 4155 1220 4208 in
1255 4155 1448 4224 primis
1484 4157 1614 4210 illud
1649 4166 1756 4221 cst,
1796 4157 1942 4228 quod
1982 4160 2088 4214 ait:

511 4249 618 4317 Qui
671 4249 811 4302 misit
850 4263 929 4300 me
972 4245 1174 4311 Pater,
1213 4262 1320 4300 non
1351 4254 1530 4300 autem
1557 4287 1572 4310 ,
1611 4247 1714 4313 Qui
1747 4249 1953 4304 creavit
1984 4265 2088 4314 me,

475 4337 479 4341 ’
511 4340 780 4411 siquidem
813 4339 1070 4393 omnibus
1111 4338 1165 4391 in
1203 4337 1498 4406 Scriptura:
1532 4337 1687 4392 libris
1725 4339 1896 4393 divini
1929 4338 2090 4394 Verbi

510 4449 635 4488 cum
686 4431 849 4485 Patre
905 4430 1238 4501 germanitas
1290 4431 1652 4498 exprimitur-
1685 4428 1929 4485 Gennisti
1980 4448 2087 4498 me,

2192 3430 2444 3484 δύνανται
2471 3429 2746 3500 συνιστᾷν,
2793 3427 2892 3499 τῆς
2922 3426 3179 3499 ἀληθείας
3209 3428 3453 3499 φανερᾶς
3487 3427 3641 3479 πᾶσιν
3666 3425 3744 3476 ὐπ-

2194 3523 2362 3594 αρχού
2372 3539 2488 3592 σης.

2263 3783 2386 3837 ΝΓ’.
2427 3784 2537 3838 Καὶ
2556 3783 2762 3837 τούτων
2793 3783 2966 3848 οὓτως
2996 3783 3470 3855 ἑρμηνευομένων.
3506 3781 3651 3836 πάλιν
3672 3778 3736 3832 ἐπ’

2191 3875 2354 3939 ἄλλας
2389 3875 2560 3942 λέξεις
2600 3876 2796 3945 ἑφεξῆς
2836 3875 3146 3947 ἐλεύσομαι.
3187 3875 3417 3944 Λέγουσι
3445 3873 3554 3945 γὰρ
3584 3873 3636 3925 τὸ
3664 3873 3736 3940 ρη-

2191 3968 2280 4021 τὸν
2329 3967 2422 4022 τοῦ
2469 3968 2802 4036 Εύαγγελίου
2868 3967 3053 4031 κακῶς
3114 3967 3528 4039 ἑρμηνεύοντες,
3576 3965 3646 4017 ὅτι
3689 3963 3736 4012 '0

2191 4061 2558 4125 ἀποστείλας
2577 4077 2656 4130 με
2680 4059 2882 4128 Πατὴρ
2909 4059 3120 4130 μείζων
3144 4077 3264 4128 μου
3297 4059 3452 4112 ἐστί.
3487 4057 3588 4110 Καὶ

2189 4171 2280 4208 τον
2324 4155 2442 4226 μὲν,
2494 4155 2554 4208 '0
2587 4155 2956 4220 ἀποστείλας
3003 4171 3080 4223 με
3133 4153 3360 4221 Πατὴρ,
3414 4155 3624 4222 φάσκει,
3662 4149 3733 4200 καὶ

2189 4249 2310 4320 οὐχ,
2357 4248 2415 4300 ὐ
2458 4247 2647 4309 κτίσας
2681 4263 2767 4317 με.
2801 4247 2979 4299 Πᾶσαι
3011 4247 3119 4316 γάρ
3162 4247 3218 4298 αἱ
3259 4245 3399 4298 θεῖαι
3432 4243 3630 4316 Γραφαὶ
3660 4242 3732 4311 τὴν

2191 4339 2355 4394 αὐτοῦ
2384 4339 2518 4411 πρὸς
2535 4340 2754 4412 Πατέρα
2773 4339 3102 4410 γνησιὼητα
3125 4337 3502 4409 σημαίνουσιν.
3531 4335 3732 4405 Ἐγέννη-

2193 4432 2290 4495 σάς
2329 4449 2416 4502 με,
2453 4433 2608 4500 φησὶ,
2640 4432 2845 4503 Πάτερ.
2897 4432 3027 4495 Καὶ,
3093 4429 3240 4499 Ἐγὼ
3283 4430 3350 4484 ἐκ
3389 4430 3501 4484 τοῦ
3546 4430 3729 4494 Harpa-

509 4523 693 4587 Pater,
729 4523 924 4592 inquit.
980 4521 1068 4583 Et,
1100 4520 1210 4590 Ego
1262 4536 1326 4574 ea:
1375 4519 1539 4574 Patre
1586 4522 1759 4587 exivi,
1788 4532 1837 4575 ct
1886 4522 2018 4576 vado
2046 4522 2086 4576 ⁸.

2195 4523 2474 4592 ἐξῆλθον,
2515 4525 2612 4577 καὶ
2651 4523 2777 4591 ἥκω
2801 4540 2814 4554 ’
2847 4524 2960 4584 καὶ,
3005 4521 3146 4592 Ἐγὼ
3175 4522 3244 4576 ὲν
3277 4520 3356 4586 τῷ
3387 4522 3588 4590 Πατρὶ,
3612 4519 3728 4571 καὶὸ

510 4614 644 4670 Item
669 4614 824 4687 alfgo
859 4617 912 4667 in
946 4612 1108 4666 Patre
1143 4623 1191 4666 et
1234 4613 1396 4666 Pater
1425 4613 1480 4665 in
1516 4630 1597 4666 me
1626 4614 1685 4678 5;
1723 4624 1810 4668 et:
1850 4614 1954 4681 Qui
1988 4617 2089 4667 mi-

508 4712 580 4764 sit
612 4725 692 4762 me
733 4708 890 4760 Pater
916 4709 957 4761 ⁸.
990 4705 1098 4761 Nec
1128 4721 1359 4775 usquam
1396 4713 1490 4758 aut
1521 4715 1758 4768 creator,
1795 4717 1887 4760 aut
1917 4707 2090 4760 factor

508 4801 732 4858 dicitur.
774 4804 1024 4866 Quonam
1077 4798 1242 4867 igitur
1286 4806 1447 4868 pacto
1493 4814 1615 4868 qua:
1670 4800 1922 4868 nuspiam
1961 4809 2090 4854 sunt

507 4893 863 4949 accumulare
882 4890 1168 4946 nituntur?
1199 4888 1303 4955 Qui
1333 4890 1475 4943 misit
1511 4908 1590 4944 me
1620 4889 1781 4944 Pater
1804 4891 1977 4960 major
2007 4909 2089 4947 me

503 4996 606 5042 est.
644 4984 788 5052 Quid
835 4999 901 5039 ea
948 4998 1082 5038 voce
1109 4982 1282 5053 magis
1315 4983 1635 5052 proprium?
1665 4984 1796 5054 quid
1832 5000 2090 5040 necessa-

505 5081 648 5136 rium
681 5077 890 5149 magis?
921 5077 1048 5148 quid
1075 5077 1249 5148 magis
1279 5079 1598 5148 genuinum,
1619 5086 1713 5131 aut
1746 5079 2091 5148 congruum?

506 5173 551 5228 A
579 5187 819 5243 quonam
847 5172 992 5227 enim
1020 5182 1452 5240 consentaneum
1481 5171 1656 5241 magis
1685 5181 1768 5226 est
1806 5174 1944 5225 allici
1972 5173 2088 5242 glo-

509 5264 612 5327 ria,
646 5264 1022 5334 celebrarique
1058 5262 1274 5318 Patrem
1299 5305 1314 5328 ,
1341 5277 1506 5333 quam
1535 5262 1606 5317 ab
1633 5278 1892 5332 germano
1927 5262 2083 5328 Filio,

505 5356 599 5424 qui
624 5357 694 5410 sit
731 5355 800 5409 ab
824 5371 888 5410 eo
911 5357 1172 5427 gcnitus‘!
1199 5355 1361 5412 Pater
1393 5355 1538 5410 enim
1570 5355 1838 5426 glorilicat
1859 5355 2081 5420 Filium,

511 5453 562 5498 et
588 5441 761 5498 Filius
788 5445 1057 5512 gloriﬁcat
1083 5445 1303 5503 Patrem
1330 5449 1372 5503 ⁷.
1410 5445 1563 5503 Unde
1597 5448 1665 5503 ad
1694 5463 1795 5503 nos
1819 5448 1968 5518 ipsos
1998 5449 2085 5502 in-

509 5533 860 5602 formandos,
917 5553 1145 5610 eamque
1199 5539 1640 5610 praedicationem
1698 5537 2084 5595 demonstran-

584 5693 730 5762 ?lsa.
770 5710 842 5758 tv,
869 5696 920 5750 5.
997 5699 1017 5728 ²
1046 5695 1191 5752 Psal.
1227 5714 1278 5760 ι,
1307 5695 1360 5749 6.
1439 5698 1458 5727 ³
1487 5695 1645 5750 Joan.
1677 5713 1728 5762 v,
1761 5696 1867 5756 37;
1895 5711 2008 5759 xw,
2045 5695 2135 5750 28.

2193 4617 2396 4686 Πατὴρ
2452 4617 2522 4670 ἑν
2570 4617 2720 4686 ἐμοί’
2763 4616 2878 4680 καὶ,
2941 4616 3002 4668 '0
3040 4615 3407 4678 ἀποστείλας
3445 4630 3526 4683 με
3550 4609 3727 4676 Πατήρ·

2195 4708 2289 4760 καὶ
2323 4706 2558 4777 οὐδαμοῦ
2614 4708 2642 4759 ὁ
2671 4707 2879 4770 κτίσας,
2943 4703 3178 4774 ούδαμοῦ
3215 4706 3244 4756 ὁ
3277 4707 3527 4774 ποιήσας,
3559 4703 3724 4773 εἴρηκε.

2193 4800 2302 4854 Καὶ
2361 4799 2477 4862 πῶς
2514 4793 2660 4852 οὗτοι
2693 4799 2760 4851 τὰ
2798 4799 2872 4870 μὴ
2899 4797 3028 4851 ὄντα
3061 4799 3270 4859 ἑαυτοῖς
3307 4794 3722 4867 ἐπισωρεύουςινς

2205 4894 2257 4946 '0
2305 4893 2373 4946 δὲ
2397 4893 2765 4958 ἀποστείλας
2796 4908 2873 4962 με
2901 4888 3102 4959 Πατὴρ
3130 4887 3342 4958 μείζων
3361 4905 3484 4957 μου
3521 4886 3652 4939 ἐστί.
3676 4881 3724 4934 Τί

2191 4985 2380 5039 τούτου
2429 4985 2797 5057 κυριώτερον;
2849 4985 2942 5038 καὶ
2984 4985 3036 5036 τί
3071 4983 3260 5037 τούτου
3312 4979 3720 5050 ἀναγκαιότερονς

2191 5080 2284 5133 καὶ
2305 5080 2356 5132 τί
2385 5079 2576 5132 τούτου
2613 5079 3012 5149 γνησιώτερον;
3051 5077 3144 5130 καὶ
3189 5075 3240 5129 τί
3271 5075 3462 5128 τούτου
3493 5067 3719 5143 πρεπωδέ-

2191 5185 2418 5240 στερον;
2447 5168 2565 5222 Τίνι
2598 5168 2706 5240 γὰρ
2742 5167 2939 5238 πρέπει
2968 5165 3206 5230 δοξάζειν
3229 5164 3468 5235 Πατέρα,
3495 5163 3612 5217 ἀλλὰ
3636 5155 3720 5226 Υἱῷ

2188 5258 2446 5330 ἀληθινῷ,
2473 5259 2553 5330 τῷ
2575 5259 2634 5325 ἐξ
2665 5257 2829 5312 αὐτοῦ
2874 5256 3294 5327 γεγεννημένῳς
3344 5255 3403 5307 Ὀ
3433 5253 3606 5323 Πατὴρ
3637 5249 3718 5316 γὰρ

2187 5350 2397 5417 δοξάζει
2425 5352 2516 5405 τὸν
2544 5352 2691 5417 Υἱὸν,
2724 5353 2816 5405 καὶ
2841 5353 2869 5403 ὁ
2899 5351 3028 5413 Τὶὸς
3051 5345 3262 5413 δοξάζει
3286 5348 3378 5400 τὸν
3409 5346 3625 5415 Πατέρα.
3649 5337 3718 5391 καὶ

2186 5443 2374 5496 τούτου
2409 5444 2572 5498 ἕνεκα
2611 5447 2691 5507 εἰς
2737 5442 2892 5514 ἡμῶν
2928 5441 3308 5513 ὑπογραμμὸν,
3358 5439 3453 5492 καὶ
3491 5437 3579 5506 τῆς
3612 5429 3714 5501 πρὸς

2186 5536 2276 5610 τον
2309 5537 2528 5609 Πατέρα
2559 5534 2714 5607 δόξης
2748 5535 2838 5589 ὑπ’
2875 5534 3039 5589 αὐτοῦ
3079 5531 3488 5602 ἀναφερομένης
3516 5531 3585 5590 εἰς
3617 5523 3716 5594 μίαν

2237 5696 2258 5726 ’⁵
2292 5694 2447 5755 Joan.
2484 5711 2593 5764 X-Vl,
2624 5695 2714 5750 9.8.
2789 5696 2809 5726 δ
2840 5692 2993 5748 Joan.
3028 5708 3136 5759 xiv,
3175 5692 3258 5749 tl.
3358 5692 3378 5722 ‘
3409 5689 3554 5746 Joan.
3578 5675 3709 5746 v,37.

509 5765 530 5797 '
566 5761 726 5822 Joan.
757 5782 869 5828 vnl,
897 5766 967 5824 5:
999 5783 1131 5828 xvn,
1163 5768 1216 5823 4.
1291 5768 1311 5798 ⁸
1347 5766 1508 5822 Deest
1562 5767 1688 5820 ἔδει.
1719 5761 1723 5762 ί
1766 5768 1786 5797 ’
1829 5765 1888 5820 F.
1928 5767 2091 5834 εύχαρ

2195 5766 2243 5818 οὗ
2254 5783 2323 5820 σι.
