3826 6206
79 333 162 390 235
708 312 1078 372 ADVERSUS
1108 307 1449 367 HERESES
1485 306 1594 363 LIB

1703 349 1715 364 .
1758 303 1923 362 TOM.
1963 302 2118 359 ιι.-
2153 297 2422 356 uanas.
2468 294 2648 352 LXIX.
2712 262 2714 266 ’

3143 291 3252 351 εει

79 451 279 519 ἑνότητα,
309 440 394 494 ἰαὶ
423 439 499 501 είς
534 434 660 506 μίαν
687 434 868 501 δόξαν,
895 432 1103 498 δοξάζει
1127 433 1157 485 6
1183 433 1309 497 Υἱὸς
1351 432 1441 487 τὸν
1464 433 1582 486 Πα-

1702 426 1836 491 lum,
1864 438 2028 495 quam
2061 421 2115 476 in
2141 418 2354 474 Patrem
2387 415 2638 470 collatam
2667 409 2733 466 ad
2763 407 3092 478 singularem
3125 406 3253 460 uni-

77 549 201 613 τέρα,
243 536 322 590 ινα
352 532 494 602 ἡμᾶς
532 529 718 602 διδάξῃ
743 527 841 599 τὴν
862 525 1027 580 αὐτοῦ
1049 525 1213 598 τιμὴν
1245 524 1338 579 τοῦ
1377 524 1590 596 Πατρὺς

78 633 210 694 εἶναι,
239 623 404 686 καθὼς
440 621 676 693 εἴρηκεν,
704 620 785 672 ὅτι
826 618 890 670 '0
905 616 992 687 μὴ
1015 614 1194 685 τιμῶν
1219 614 1326 669 τὸν
1357 617 1488 669 Υἱὸν
1509 615 1590 680 ὡς

77 722 184 796 τιμᾷ
197 721 290 775 τὸν
300 713 533 784 Πατέρα,
550 714 590 782 ἡ
616 711 762 782 ὀργὴ
783 711 890 765 τοῦ
920 708 1065 796 Θεοῦ
1085 708 1176 761 ἐπ’
1197 708 1384 763 αὐτὸν
1397 705 1585 777 μένει.

76 794 308 879 Μείζωνδὲ
325 805 457 862 κατὰ
487 806 637 858 ποῖον
666 801 862 874 τρόπον
895 794 1038 855 οὗτοι
1068 798 1366 868 λογίζονται
1393 814 1407 863 ;
1432 797 1588 850 Κατά

77 911 233 977 δγκον;
260 899 382 955 ἀλλά
409 895 546 951 κατὰ
575 894 799 967 χρόνον;
831 891 968 946 ἀλλά
1011 889 1151 944 κατά
1177 888 1413 960 ὕψωμα
1452 886 1589 940 ἀλλὰ

77 998 187 1057 κατά
202 992 428 1066 ﬁlatim;
466 986 600 1042 ἀλλὰ
635 984 775 1040 κατὰ
799 983 985 1050 ἀξίαν;
1015 981 1079 1034 Τί
1103 980 1304 1034 τούτων
1346 978 1492 1032 ἐστὶν
1528 978 1586 1030 ὲν

76 1087 271 1161 Θεῴ,ῐνα
293 1077 442 1136 τοῦτο
468 1077 850 1149 διανοηθῶσινς
887 1073 1021 1129 Οὔτε
1049 1073 1158 1144 γὰρ
1185 1073 1360 1144 χρόνῳ
1394 1072 1591 1126 ὑποπί-

76 1196 171 1234 πτει
203 1177 254 1232 τὸ
288 1175 449 1238 Θεῖον,
481 1173 564 1226 ἵνα
610 1170 990 1240 ὑποδεέστερος
1033 1167 1222 1240 νοηθῇ,
1247 1167 1490 1238 ἀχρόνως
1528 1168 1592 1220 ὲκ

79 1264 249 1336 Πατρὸς
266 1279 476 1331 γεγεννη
485 1260 665 1331 μένοςε
684 1257 804 1312 οὔτε
831 1258 1111 1330 προκοπῆς
1131 1256 1308 1327 ἔχεται
1331 1256 1396 1309 τὸ
1417 1257 1588 1322 Θεῖον,

81 1361 144 1413 ἵνα
165 1359 188 1410 6
210 1355 294 1427 μὲν
323 1353 442 1416 Υἱὸς
477 1351 754 1423 προκόψας
791 1351 864 1422 μὴ
895 1349 1086 1419 φθάσοι
1120 1349 1218 1420 τὴν
1259 1348 1352 1402 τοῦ
1382 1349 1594 1421 Πατρὸς

81 1449 435 1524 μεγαλειότητα.
458 1446 520 1498 Ei
542 1445 648 1516 γὰρ
677 1442 818 1497 κατά
841 1442 1122 1513 προκοπὴν
1151 1444 1179 1495 6
1201 1440 1328 1503 Υἱὸς
1347 1441 1440 1494 τοῦ
1457 1440 1590 1494 Θεοῦ

81 1543 178 1605 Υἱὸς
197 1539 313 1594 Θεοῦ
347 1537 604 1601 καλεῖται,
633 1536 739 1607 ἄρα
769 1534 951 1587 πολλοὶ
986 1529 1124 1604 ἦσαν
1163 1533 1268 1587 ἴσοι
1297 1532 1464 1603 αὐτῷ·
1498 1531 1595 1587 καὶ

80 1636 225 1689 τούτου
251 1633 422 1685 ἕνεκεν
447 1629 610 1692 αὐτὸς
649 1627 941 1699 προέκοψε,
977 1626 1175 1698 μείζων
1209 1627 1306 1696 μὲν
1320 1624 1400 1695 τῷ
1431 1625 1595 1690 ἀξιὼ-

84 1741 181 1795 ματι
205 1721 420 1792 κληθεὶς,
445 1719 682 1772 ὲλάττων
710 1717 765 1770 δὲ
789 1716 881 1769 τοῦ
906 1716 1011 1787 πρὸ
1039 1715 1203 1769 αὐτοῦ
1235 1717 1293 1768 ἐν
1320 1713 1592 1786 ἀξιώματι

47 1810 50 1816 ’
80 1819 178 1869 δντι.
221 1813 363 1866 Ἀλλά
393 1827 556 1881 φησιν
580 1811 614 1878 ἡ
654 1810 872 1881 Γραφήο
910 1810 1005 1875 Τίς
1053 1807 1480 1878 ὁμοιωθήσεται
1511 1806 1592 1873 τῷ

79 1905 231 1972 Κυρίῳ
258 1902 322 1954 ἐν
346 1899 494 1966 υἱοῖς
521 1899 706 1962 Θεοῦ;
737 1899 814 1962 ὡς
835 1899 941 1952 τῶν
975 1899 1190 1953 πάντων
1228 1916 1593 1971 καταχρηστι-

81 1998 164 2058 κῶς
183 1995 478 2064 λεγομένων,
505 1992 689 2046 τούτου
717 1991 775 2045 δὲ
805 1991 964 2062 μόνου
992 1991 1141 2056 ὄντος
1177 1992 1294 2046 υἱοῦ
1332 1993 1472 2047 κατά
1493 1991 1593 2063 φύ-

83 2106 158 2151 σιν,
186 2087 266 2140 καὶ
281 2086 336 2138 οὐ
365 2085 506 2139 κατὰ
524 2083 707 2156 χάριν.
745 2082 1092 2152 Ἐπειδήπερ
1136 2083 1351 2153 ἐφεῦρε
1383 2083 1592 2140 πᾶσαν

81 2179 190 2236 ὁδὸν
207 2177 546 2246 ἐπιστήμης,
579 2174 680 2229 καὶ
709 2173 910 2241 οὐδεὶς
939 2173 1099 2241 αὺτῷ
1138 2175 1586 2246 ἐξισωθήσεται.

90 2271 212 2324 Ἀλλά
235 2269 281 2324 τί
301 2284 491 2340 φασιν;
541 2267 628 2321 Ἐν
655 2265 908 2338 ὑψώματι
934 2267 1187 2339 ὑπερέχει
1227 2270 1255 2321 6
1278 2267 1466 2340 Πατὴρ
1495 2267 1590 2322 τοῦ

83 2363 196 2416 Tim}.
257 2362 337 2414 Ἐν
382 2360 521 2432 ποίῳ
579 2357 758 2413 τοίνυν
822 2358 976 2430 μέρει
1023 2361 1275 2413 τάττεται
1305 2359 1366 2412 τὸ
1407 2360 1589 2424 Θείον;

82 2453 337 2525 ῆτοπικῶς
380 2450 784 2523 περιορίζεται,
838 2452 926 2505 ἵνα
979 2451 1054 2522 μὴ
1113 2456 1424 2524 περιγραφῇ
1463 2455 1480 2485 ¹
1528 2453 1591 2507 τὸ

88 2546 226 2616 μεῖζον
253 2547 493 2616 σημανῇ;
521 2543 744 2614 Πνεῦμα
777 2543 886 2616 γὰρ
923 2545 952 2596 6
976 2543 1128 2607 Θεὸς.
1157 2545 1265 2598 Καὶ
1289 2546 1353 2598 ἐκ
1385 2562 1593 2599 παντα-

83 2637 199 2706 χόθεν
227 2637 484 2689 διαπίπτει
542 2637 574 2707 ἡ
621 2635 796 2690 αὐτῶν
853 2634 1245 2705 ὲπινενοημένη
1294 2635 1588 2705 ξενολογία.

85 2729 163 2783 Καὶ
183 2729 318 2782 τοῦτο
343 2728 398 2782 δὲ
423 2727 802 2800 παρελθόντες,
832 2729 925 2780 ἐπὶ
949 2725 1048 2790 τὰς
1076 2727 1202 2798 ἑξῆς
1221 2727 1398 2781 αὐτῶν
1419 2729 1591 2795 λέξεις

86 2822 228 2891 ῐωμεν,
246 2815 287 2874 ὦ
314 2819 604 2890 ἀγαπητοί.

1693 494 1902 582 tatem,
1942 514 2380 586 singularemque
2426 507 2652 578 gloriam
2685 501 2947 567 referret;
2988 499 3156 570 gloria
3188 494 3255 552 il-

1690 612 1802 666 lum
1856 581 2068 662 afﬁcere
2124 581 2336 670 voluit,
2396 607 2457 655 ut
2510 597 2934 666 iutelligeremus
2989 592 3252 646 honorem

1693 717 1851 759 suum
1877 699 2026 753 Patri
2047 712 2169 752 esse
2199 705 2577 755 communem,
2613 683 3063 758 quemadmodum
3095 679 3251 735 dixit:

1695 795 1800 863 Qui
1827 809 1931 848 non
1966 791 2280 859 honoriﬁcat
2309 785 2530 850 Filium,
2557 792 2615 837 ut
2644 780 2957 848 honori/icui
2981 773 3253 838 Patrem’,

1691 885 1774 938 ira
1806 883 1902 937 Dei
1935 883 1990 935 iu
2015 882 2130 951 ipso
2162 888 2334 933 manet
2365 879 2407 931 ³.
2443 874 2638 930 Verum
2679 887 2802 927 cum
2840 869 3100 939 majorem
3133 880 3257 919 esse

1691 977 1907 1032 Patrem
1944 981 2217 1037 asserunt,
2255 985 2486 1042 quanam
2522 968 2685 1038 776
2718 965 2770 1020 id
2801 963 3017 1018 demum
3046 957 3258 1012 ratione

1691 1070 2046 1140 concipiunt?
2070 1067 2254 1122 Mole?
2286 1081 2354 1120 an
2384 1061 2667 1133 tempore?
2689 1073 2757 1112 an
2792 1051 3160 1112 sublimitate?
3185 1066 3256 1104 an

1691 1171 1851 1220 aetate
1885 1162 1970 1217 vel
2008 1157 2313 1231 dignitate?
2342 1156 2478 1222 Quid
2514 1155 2704 1208 horum
2737 1152 2880 1204 inest
2918 1149 2972 1202 in
3019 1145 3160 1210 Deo,
3196 1151 3258 1199 ut

1693 1257 1798 1312 hoc
1841 1252 2110 1324 suspicari
2161 1251 2360 1304 liceat?
2408 1245 2526 1301 Non
2580 1245 2724 1299 enim
2787 1242 2976 1297 subest
3027 1237 3258 1308 tempori

1695 1347 1836 1403 Deus
1856 1387 1871 1410 ,
1913 1356 1971 1401 ut
2002 1343 2230 1400 inferior
2262 1346 2516 1411 putetur,
2558 1351 2680 1390 cum
2711 1349 2741 1387 a
2769 1331 2929 1387 Patre
2970 1338 3094 1385 ante
3121 1336 3259 1384 tem-

1694 1453 1797 1509 pus
1822 1451 1982 1493 omne
2010 1437 2078 1490 sit
2102 1433 2336 1504 genitus.
2371 1427 2476 1482 Sed
2510 1441 2683 1495 neque
2714 1435 3060 1494 progressum
3087 1419 3258 1473 ullum

1696 1507 1836 1585 idem
1875 1527 2018 1582 Deus
2050 1522 2326 1584 admittit,
2360 1529 2420 1574 ut
2451 1518 2520 1572 ob
2564 1516 2666 1570 hoc
2696 1515 2874 1585 ipsum
2906 1507 3259 1582 progrediens

1695 1621 1867 1676 Filius
1893 1626 2172 1689 paternam
2221 1609 2632 1682 amplitudinem
2676 1604 2892 1674 assequi
2943 1617 3049 1656 non
3097 1613 3258 1669 posse

1697 1711 1927 1767 dicatur.
1964 1707 2094 1762 Nam
2131 1706 2177 1761 si
2225 1704 2315 1757 Dei
2349 1700 2519 1755 Filius
2551 1698 2692 1752 hanc
2736 1696 2909 1764 ipsam
2943 1689 3261 1762 appellatio-

1696 1819 1820 1859 nem
1851 1799 2101 1871 proiectu
2123 1795 2357 1867 quodam
2394 1790 2676 1854 meruerit,
2706 1787 2999 1858 plerosque
3037 1794 3263 1835 necesse

1697 1903 1782 1951 est
1801 1893 2036 1964 aequales
2061 1889 2189 1944 huic
2220 1883 2516 1948 exstitisse,
2547 1893 2778 1950 quorum
2807 1891 2838 1932 e
2874 1887 3103 1929 numero
3131 1869 3260 1925 effe-

1698 2001 1827 2042 rens
1858 1998 2010 2046 sese,
2045 1995 2110 2035 ac
2151 1991 2472 2050 progressus
2515 1973 2605 2028 ille
2645 1978 2705 2025 ut
2746 1967 2958 2024 caeteris
3001 1965 3264 2036 dignitate

1695 2078 1871 2148 major
1894 2083 1976 2130 est
2015 2073 2230 2128 habitus
2256 2112 2272 2138 ,
2306 2069 2386 2124 sic
2425 2068 2516 2122 illo
2553 2067 2646 2136 qui
2694 2077 2752 2118 se
2791 2059 3083 2116 antecessit
3123 2055 3264 2111 infe-

1694 2172 1827 2226 rior.
1862 2166 2134 2236 Scriptum
2169 2171 2252 2219 est
2298 2168 2477 2214 autem
2506 2178 2518 2212 :
2554 2157 2684 2223 Quis
2735 2149 3030 2224 azquabitur
3065 2149 3174 2203 Deo
3208 2149 3264 2201 in

1702 2264 1829 2333 ﬁliis
1865 2261 1962 2316 Dei
1988 2259 2052 2312 δῖ
2097 2255 2257 2328 quasi
2308 2250 2488 2310 caeteri
2519 2262 2709 2304 omnes
2756 2261 2852 2316 per
2903 2240 3263 2298 catachresim

1702 2361 1798 2416 ﬁlii
1831 2355 2216 2412 nominentur:
2259 2349 2350 2403 hic
2388 2353 2569 2401 autem
2607 2350 2802 2397 natura
2832 2339 2981 2396 solus
3004 2350 3109 2390 non
3135 2348 3265 2404 gra-

1701 2454 1777 2506 tia
1836 2449 1980 2502 (ilius
2025 2443 2272 2501 exsistat.
2315 2437 2576 2505 Quoniam
2629 2429 2824 2486 invenit
2876 2442 3079 2482 omnem
3128 2425 3266 2478 viam

1697 2543 1950 2604 scientiae,
1981 2547 2030 2593 et
2058 2535 2234 2591 nullus
2268 2548 2386 2586 cum
2411 2546 2470 2584 eo
2510 2523 2908 2594 comparabitur
2928 2521 2970 2573 ⁸.
2999 2516 3141 2584 Quid
3168 2516 3269 2584 igi-

1699 2644 1790 2690 tur
1819 2628 2047 2687 dicunt?
2073 2622 2417 2680 Sublimitate
2452 2615 2588 2670 Filio
2615 2614 2772 2667 Pater
2793 2609 3087 2666 antecellit.
3124 2605 3268 2672 Qua-

1699 2741 1824 2784 nam
1853 2725 2017 2794 igitur
2044 2721 2102 2774 in
2131 2724 2286 2788 parte
2316 2713 2614 2768 collocatur
2648 2706 2824 2760 Deus?
2877 2704 2958 2756 An
3010 2701 3130 2754 loco
3160 2698 3270 2752 cir-

1697 2790 2107 2876 cumscribitur,
2141 2817 2194 2864 ut
2251 2803 2413 2876 spatii
2453 2803 2571 2872 ipsa
2595 2794 2888 2866 descriptio
2916 2792 3061 2863 quod
3092 2790 3269 2858 majus

85 2918 145 2965 est
183 2910 537 2967 demonstret?
575 2911 738 2981 Atqui
788 2911 932 2967 Deus
995 2908 1232 2981 Spiritus
1282 2919 1386 2967 est.
1449 2914 1603 2972 [inde
1637 2913 1815 2971 omnis
1841 2910 1909 2964 ab
1955 2906 2064 2961 illis
2113 2900 2420 2971 excogitata
2453 2893 2737 2966 peregrina
2790 2888 3076 2944 verborum
3116 2883 3269 2937 novi-

86 3009 150 3056 tas
179 3001 511 3073 undequaque
547 3003 774 3058 corruit.
822 3003 918 3060 His
975 3003 1158 3073 itaque
1207 3009 1606 3075 praetermissis,
1642 3007 1706 3062 ad
1735 3013 1961 3060 caeteras
1991 2999 2208 3053 illorum
2243 2990 2576 3062 objectiones
2613 2995 2977 3039 transeamus.

137 3096 233 3150 NA'.
262 3068 388 3149 Φασὶ
420 3068 552 3168 γὰρ,
580 3097 661 3149 ὅτι
687 3097 787 3150 οὐκ
811 3096 955 3150 ἐστιν
980 3099 1009 3150 6
1037 3068 1380 3151 ἀποστέλλων
1413 3068 1597 3170 ὅμοιος,

1765 3092 1897 3150 LIV.
1949 3089 2160 3160 Negant
2208 3085 2351 3142 enim
2395 3097 2518 3137 eum
2569 3078 2661 3149 qui
2706 3075 2959 3138 mittitur,
3001 3068 3270 3125 mittentis

89 3189 144 3258 τῷ
167 3188 599 3259 ἁποστελλομένῳ,
634 3187 770 3241 ἀλλά
799 3187 956 3251 ἄλλος
985 3189 1132 3241 ἐστὶν
1182 3190 1210 3241 6
1256 3191 1597 3244 ἀποστέλλων

89 3279 362 3351 τῇδυνάμει,
395 3282 487 3334 καὶ
517 3280 673 3344 ἄλλος
699 3281 847 3333 ἐστὶν
879 3282 907 3334 6
940 3259 1420 3351 ἀποστελλόμενος·
1454 3283 1535 3335 ὅτι
1567 3284 1596 3336 6

93 3372 165 3441 μὲν
187 3374 386 3443 πέμπει,
417 3373 528 3427 δ’δὲ
557 3372 849 3443 πέμπεται.
888 3373 997 3426 Καὶ
1026 3375 1073 3425 εἰ
1107 3373 1225 3426 κατ’
1249 3373 1443 3438 αὐτοὺς
1474 3370 1540 3446 ἦν
1565 3376 1597 3446 ἡ

91 3466 163 3534 τῆς
203 3465 436 3536 ἀληθείας
489 3465 720 3531 διάνοια,
788 3463 970 3517 οὐκέτι
1031 3464 1125 3516 ἐπὶ
1195 3465 1324 3534 μίαν
1375 3467 1599 3538 ἑνότητα

93 3556 312 3626 ἀληθείας,
365 3557 458 3610 καί⁵
516 3557 816 3626 δυνάμεως,
874 3557 968 3610 καὶ
1031 3555 1285 3628 θεότητος
1344 3558 1601 3629 ἀνεφέρε-

94 3661 136 3698 το
155 3648 180 3716 ἡ
199 3649 327 3701 πᾶσα
351 3648 446 3718 τῆς
475 3645 730 3716 γνώσεως
756 3646 1026 3711 ὑπόθεσις.
1054 3645 1158 3700 Δύο
1180 3648 1287 3720 γὰρ
1316 3648 1600 3702 ἀπαντών-

94 3740 233 3808 των,ἢ
265 3739 350 3792 δύο
383 3740 727 3810 πεμπόντων,
774 3739 955 3793 οὐκέτι
989 3740 1121 3804 Υἱὸς
1154 3741 1182 3793 6
1208 3741 1335 3804 Υἱὸς
1362 3737 1450 3810 ἦν,
1486 3741 1598 3794 ἀλλ’

97 3825 286 3897 ἀδελφὸς,
322 3829 646 3899 συναδέλφου
692 3829 958 3892 συνόντος,
988 3829 1170 3882 οὐκέτι
1215 3829 1362 3893 Υἱὸς,
1397 3829 1532 3883 ἀλλά
1566 3830 1601 3901 ἢ

99 3922 203 3975 κατά
229 3922 556 3995 συναλοιφὴν,
583 3923 617 3993 ἢ
658 3923 800 3977 κατὰ
829 3921 1118 3984 υἱοθεσίαν,
1154 3922 1186 3993 ἣ
1217 3922 1378 3985 αὐτὸς
1412 3922 1603 3975 ἑαυτὸν

97 4008 143 4082 ἦν
167 4016 485 4079 ἀποστέλλων,
518 4016 551 4088 ἢ
579 4017 628 4069 oi
653 4015 745 4069 δύο
772 4015 888 4087 ἅμα
911 4015 1347 4080 ἀποστέλλοντες,
1369 4016 1402 4087 ἢ
1435 4032 1606 4086 παρα-

97 4108 329 4178 γινόμενοι,
349 4109 438 4162 δύο
459 4109 722 4180 θεότητας
748 4109 843 4180 ὲσή
853 4127 1038 4179 μανον,
1069 4109 1162 4163 καὶ
1191 4109 1311 4180 οὐχὶ
1340 4109 1467 4178 μίαν
1501 4109 1607 4162 ἐνό-

99 4214 212 4266 τητα.
251 4201 498 4254 Ἐνταῦθα
526 4197 620 4254 οὖν
645 4203 674 4255 6
695 4202 1016 4267 ἀποστείλας
1037 4204 1131 4256 καὶ
1158 4203 1187 4255 6
1211 4201 1607 4273 ἀποστελλόμε-

100 4306 178 4352 νος.
197 4292 268 4345 ἵνα
283 4293 422 4366 δείξῃ
439 4293 550 4346 τῶν
576 4294 793 4347 πάντων
816 4293 1035 4362 ἀγαθῶν
1064 4294 1190 4365 μίαν
1220 4289 1358 4347 εἶναι
1383 4293 1481 4365 τὴν
1503 4311 1608 4363 πη-

100 4379 190 4450 γὴν,
210 4385 429 4438 τουτέστι
455 4386 545 4438 τὸν
572 4385 811 4455 Πατέρα·
839 4385 1071 4457 καθεξῆς
1099 4386 1156 4439 δὲ
1175 4386 1276 4456 τῆς
1307 4386 1490 4456 πηγῆς
1509 4387 1608 4456 οὐχ

100 4473 408 4548 ὲτερωνύμως,
428 4477 564 4532 ἀλλὰ
596 4478 737 4532 κατὰ
764 4478 856 4530 τοῦ
882 4479 1010 4530 Υἱοῦ
1051 4477 1222 4549 ὄνομα
1251 4478 1343 4531 καὶ
1375 4476 1467 4530 τοῦ
1495 4477 1608 4530 Λό-

101 4580 170 4628 γου
194 4565 256 4618 ὢν
286 4568 376 4638 μία
399 4568 548 4639 πηγὴ
572 4571 637 4622 ἐκ
662 4567 840 4638 πηγῆς
870 4568 898 4619 6
922 4567 1048 4629 Υἱὸς
1075 4565 1376 4638 προελθὼν,
1409 4565 1496 4617 ἀεὶ
1526 4563 1605 4616 ὢν

102 4655 212 4723 παρὰ
234 4657 302 4727 τῷ
325 4659 496 4730 Πατρὶ
532 4656 947 4728 γεγεννημένος,
972 4656 1092 4710 Ὅτι
1128 4656 1287 4725 παρὰ
1317 4654 1415 4708 σοὶ
1441 4653 1603 4722 πηγὴ

104 4742 222 4812 Clark"
251 4751 335 4803 καὶ
377 4751 462 4805 ἶνα
490 4750 636 4822 δείξῃ
664 4750 758 4803 καὶ
791 4747 1033 4820 περὶτοῦ
1065 4746 1219 4815 ἁγίου
1267 4744 1604 4816 Πνεύματοςο

110 4826 186 4888 Ἐν
211 4838 279 4905 τῷ
299 4844 437 4917 φωτί
459 4859 575 4896 σου
603 4842 870 4909 ὀψόμεθα
893 4837 1038 4908 φῶς
1071 4839 1157 4892 ἵνα
1186 4837 1334 4911 δείξῃ
1361 4839 1476 4907 φῶς
1517 4837 1607 4890 τὸν

108 4926 286 5001 Πατέρα,
312 4934 396 4988 καὶ
415 4935 530 5004 φῶς
555 4933 649 4986 τοῦ
682 4932 894 5001 Πατρὺς
917 4927 1054 4984 εἶναι
1082 4930 1173 4984 τὸν
1201 4930 1351 4996 Υἱὸν,
1373 4931 1464 4983 καὶ
1491 4930 1608 4998 φῶς

107 5020 150 5071 τὸ
188 5023 376 5096 Πνεῦμα
417 5027 477 5081 τὸ
523 5026 697 5095 ἆγιον’
739 5027 834 5079 καὶ
873 5010 1054 5094 πηγὴν
1085 5024 1150 5076 ὲκ
1176 5023 1379 5093 πηγῆς,
1414 5023 1480 5076 ὲκ
1514 5021 1608 5074 τοῦ

111 5109 268 5184 Πατρὸς
289 5119 374 5171 καὶ
401 5118 493 5172 τοῦ
518 5115 854 5186 Μονογενοῦς
880 5116 941 5169 τὸ
965 5113 1186 5183 Πνεῦμα
1209 5113 1271 5166 τὺ
1299 5114 1472 5181 ἀγιον.
1504 5115 1614 5165 Πο-

111 5206 234 5272 ταμοὶ
252 5209 348 5278 γὰρ
370 5211 434 5265 ἐκ
465 5211 579 5280 τῆς
609 5212 840 5276 κοιλίας
870 5208 1056 5263 αὐτοῦ
1096 5208 1436 5276 ῥεύσουσιν
1468 5206 1611 5260 ὕδα-

112 5310 184 5360 τος
197 5298 495 5370 ἁλλομένου
527 5306 614 5368 εἷς
638 5302 789 5370 ζωὴν
810 5301 1068 5356 αἰώνιον.
1103 5301 1309 5368 Ἔλεγε
1339 5297 1408 5350 δὲ
1435 5297 1614 5351 τοῦτο

115 5387 209 5452 περὶ
233 5392 322 5445 τοῦ
371 5394 540 5464 ἁγίου
570 5395 934 5464 Πνεύματος,
987 5391 1121 5463 φησὶ
1157 5391 1220 5445 τὸ
1253 5389 1612 5460 Εὑαγγέλιον.

1698 3202 1819 3243 esse
1867 3182 2100 3240 similem
2129 3217 2145 3244 ,
2204 3191 2328 3231 cum
2376 3173 2519 3228 alius
2546 3171 2617 3224 sit
2654 3168 2703 3221 vi
2765 3181 2826 3221 ac
2870 3169 3136 3235 potestate
3169 3161 3264 3230 qui

1699 3279 1904 3340 mittit,
1935 3276 2075 3330 alius
2113 3271 2205 3343 qui
2235 3269 2469 3324 mittitur
2500 3284 2512 3318 :
2543 3263 2689 3336 quod
2719 3261 2807 3315 hic
2841 3257 2982 3313 mitti
3009 3295 3024 3321 ,
3059 3256 3273 3310 mittere

1701 3373 1789 3426 ille
1851 3369 2083 3423 dicatur.
2138 3363 2293 3429 Quod
2337 3361 2384 3416 si
2433 3359 2647 3413 illorum
2705 3350 2947 3424 opinioni
2999 3355 3274 3404 constaret
3318 3396 3325 3412 ,

1700 3464 1932 3524 veritas,
1972 3475 2079 3514 non
2118 3457 2231 3526 jam
2286 3461 2398 3509 tota
2445 3447 2770 3520 cognitionis
2822 3444 2964 3498 ratio
2999 3441 3069 3496 ad
3105 3455 3271 3496 unam

1701 3557 1952 3614 veritatis
1972 3551 2226 3626 potentiae
2260 3563 2326 3602 ac
2357 3540 2658 3600 divinitatis
2685 3537 3120 3608 singularitatem
3152 3548 3273 3602 per-

1703 3652 1926 3705 tineret.
1940 3625 2164 3700 Duobus
2179 3643 2324 3696 enim
2336 3633 2773 3696 occurrentibus,
2791 3637 2885 3684 aut
2906 3625 3268 3688 mittentibus,

1705 3740 1879 3796 Filius
1935 3753 2046 3793 non
2101 3733 2334 3804 amplius
2380 3727 2553 3784 Filius
2584 3726 2728 3788 erit,
2779 3721 2873 3778 sed
2907 3719 3074 3774 frater
3099 3756 3114 3781 ,
3150 3731 3276 3771 cum

1705 3843 1812 3882 una
1865 3825 2036 3880 frater
2075 3823 2342 3886 exsistat;
2389 3833 2490 3873 nec
2523 3814 2756 3885 amplius
2803 3809 2977 3865 Filius
3004 3808 3138 3872 erit,
3169 3805 3276 3860 nisi

1704 3922 1789 3977 vel
1845 3918 2200 3981 confusione,
2231 3913 2314 3967 vel
2374 3908 2692 3979 adoptione;
2746 3909 2840 3958 aut
2891 3903 3130 3972 seipsum
3187 3898 3278 3951 ille

1705 4013 1919 4077 mittet;
1955 4015 2050 4063 aut
2082 4007 2189 4061 duo
2235 4003 2397 4060 simul
2445 4001 2764 4060 mittentes,
2811 3995 2898 4050 vel
2955 3991 3278 4047 accedentes

1707 4104 2020 4158 divinitates
2071 4100 2207 4155 duas
2245 4112 2353 4150 non
2404 4109 2566 4148 unam
2619 4088 3048 4160 singularitatem
3095 4092 3278 4139 osten-

1707 4195 1854 4250 dent.
1888 4191 1987 4246 llic
2021 4191 2184 4261 igitur
2219 4188 2439 4241 mittens
2472 4199 2536 4237 ac
2564 4183 2768 4237 missus
2800 4178 3161 4248 exprimitur,
3217 4179 3279 4227 ut

1709 4289 2029 4354 argumento
2079 4281 2189 4341 sit,
2224 4276 2513 4348 quemdam
2568 4287 2691 4327 esse
2735 4271 3004 4325 bonorum
3035 4267 3278 4323 omnium

1711 4377 1949 4438 fontem,
1998 4371 2255 4426 videlicet
2308 4367 2559 4428 Patrem,
2596 4360 2896 4418 secundum
2951 4373 3111 4428 quem
3169 4371 3279 4411 non

1640 4457 1682 4512 Ι)
1712 4470 1818 4523 alio
1849 4467 2100 4529 nomine,
2132 4478 2294 4534 quam
2338 4459 2459 4513 Filii
2492 4456 2764 4526 Verbique
2803 4453 3060 4526 praeditus
3086 4449 3280 4513 Filius,

1713 4563 1834 4617 fons
1858 4561 2020 4614 vivus
2053 4573 2116 4611 ex
2148 4557 2296 4609 fonte
2337 4551 2719 4624 progreditur;
2764 4547 2858 4617 qui
2893 4545 3034 4616 apud
3065 4542 3284 4597 Patrem

1711 4658 1973 4724 perpetuo
2015 4649 2084 4704 ab
2115 4647 2317 4702 eodem‘
2349 4645 2568 4715 genitus
2606 4639 2915 4697 exstiterit:
2944 4635 3103 4707 777
3133 4635 3282 4700 Quo-

1713 4747 1858 4800 niam
1887 4741 2028 4813 apud
2064 4754 2112 4796 te
2134 4749 2208 4794 est
2239 4739 2354 4808 fons
2384 4738 2504 4792 vita:
2531 4737 2571 4790 ⁸,
2598 4735 2775 4804 Atque
2806 4741 2865 4786 ut
2893 4729 3133 4800 Spiritus
3157 4743 3285 4798 quo-

1713 4855 1818 4910 que
1849 4844 2073 4893 sanctus
2107 4833 2407 4889 indicetur:
2443 4828 2510 4882 In
2545 4828 2760 4892 lumine,
2790 4824 2985 4894 inquit,
3018 4832 3108 4876 tuo
3147 4821 3290 4874 vide-

1715 4930 1885 4983 bimus
1919 4926 2171 4980 lumen":
2214 4937 2323 4992 quo
2370 4927 2426 4975 et
2457 4917 2673 4974 Patrem
2715 4917 2894 4970 lumen
2939 4927 3062 4968 esse
3103 4910 3288 4965 decla-

1717 5031 1840 5086 ret,
1888 5030 1942 5076 et
1979 5020 2163 5073 lumen
2211 5012 2391 5068 Patris
2424 5011 2624 5065 Filium
2646 5050 2660 5075 ,
2691 5009 2985 5074 lumenque
3021 5001 3286 5072 Spiritum

1720 5123 2005 5179 sanctum;
2034 5126 2099 5165 ac
2127 5116 2406 5180 postremo
2457 5105 2660 5158 fontem
2715 5117 2782 5154 ex
2840 5098 2990 5152 fonte
3015 5136 3029 5159 ,
3063 5095 3166 5147 hoc
3205 5099 3289 5145 est

1719 5206 1880 5262 Patre
1905 5213 1960 5260 et
1981 5203 2262 5275 unigenito
2274 5199 2414 5253 Filio
2429 5196 2690 5268 Spiritum
2717 5201 2968 5249 sanctum
2993 5185 3285 5256 proﬂuere.

1722 5297 1973 5351 Flumina
1999 5295 2136 5349 enim
2161 5333 2176 5354 ,
2209 5292 2384 5362 inquit
2411 5332 2426 5354 ,
2457 5305 2521 5342 ex
2552 5295 2724 5342 ventre
2763 5283 2905 5337 illius
2935 5280 3098 5349 ﬂuctu
3137 5290 3287 5344 aquap

1721 5385 1958 5443 salientis
1991 5386 2047 5437 in
2092 5384 2253 5437 vitam
2286 5389 2560 5435 cateruam.
2598 5373 2811 5431 Dicebat
2844 5380 3018 5426 autent
3048 5367 3185 5422 is'lud
3223 5365 3289 5419 de

116 5477 192 5530 Kal.
221 5481 357 5536 πάλιν
381 5485 533 5557 φησὶ,
560 5485 819 5540 δεικνύων
848 5487 959 5548 τοῖς
990 5480 1154 5539 αὑτοῦ
1189 5481 1461 5554 μαθηταῖς
1489 5483 1597 5554 περ

1723 5479 1924 5552 Spiritu
1947 5485 2162 5541 sancto,
2193 5474 2269 5528 ait
2301 5469 2654 5543 Evangelium
2678 5467 2720 5525 ⁸.
2760 5465 3026 5521 Pmterea
3071 5467 3129 5514 ut
3157 5473 3290 5514 cou-

168 5656 250 5712 ‘F.
284 5667 342 5734 τῇ
378 5684 591 5749 πριγρ.
663 5669 684 5698 ¹
716 5664 872 5719 Joan.
909 5680 959 5717 ν.
983 5664 1072 5718 2'5.
1152 5663 1172 5692 ³
1215 5659 1372 5715 Joan.
1401 5676 1484 5725 ιιι,
1512 5661 1597 5716 56.

127 5737 244 5786 “XV.
269 5732 342 5786 10.
411 5739 429 5767 ⁷
457 5738 585 5786 11ml.
663 5738 683 5766 ⁸
714 5734 872 5786 Joan.
906 5749 1002 5786 VII.
1033 5734 1132 5786 58:
1167 5749 1238 5786 IV.
1276 5732 1359 5786 15a

1702 5660 1720 5693 ⁵
1762 5658 1904 5715 Psal.
1935 5673 2192 5723 Lxxxrm,
2233 5655 2281 5709 7.
2385 5654 2405 5685 ⁸
2441 5649 2650 5706 Baruch
2678 5663 2759 5715 ιιι,
2790 5645 2879 5713 37,
2914 5642 3002 5699 38.
3078 5639 3098 5670 ⁸
3135 5633 3283 5692 Psal.

233 5732 342 5792 .10.
411 5739 429 5767 ⁷
453 5732 585 5792 ibid.
663 5738 683 5766 ⁸
714 5734 872 5790 Joau.
906 5749 1002 5799 vit,
1033 5734 1132 5802 38;
1167 5749 1238 5798 tv,
1276 5732 1359 5787 με
