3826 6206
493 248 594 302 287

1879 249 1934 303 s.
1978 233 2313 304 EPIPHANII

3624 246 3722 303 988

496 371 908 428 subslantialem
939 389 998 430 se
1026 390 1148 430 esse
1190 374 1329 430 Patri
1355 374 1634 444 discipulis
1661 373 1775 426 suis
1799 371 2047 425 ostende-

2173 372 2256 442 τῆς
2291 370 2426 440 πρὸς
2463 369 2553 424 τὸν
2595 371 2814 442 Πατέρα
2853 369 3016 425 αὐτοῦ
3041 369 3466 442 ὁμοουσιότητος,
3502 368 3716 436 ἔλεγεν·

497 471 611 516 ret:
655 461 716 517 Si
763 464 914 534 quis,
955 467 1165 536 inquit,
1205 469 1466 536 aperuerit
1501 467 1628 541 mihi
1653 505 1666 530 ,
1714 466 1933 535 ingressi
1965 481 2058 530 ego

495 565 542 609 et
572 555 735 609 Pater
762 558 1085 612 mansionem
1124 560 1262 628 apud
1299 559 1449 612 illum
1487 559 1793 627 faciemus’.
1829 555 1945 610 Non
1976 557 2058 609 di-

499 651 602 700 xit:
636 646 816 701 Mittar
859 663 888 701 a
942 647 1104 704 Patre
1141 667 1303 715 meo;
1347 651 1471 714 sed,
1500 650 1611 722 Ego
1638 659 1687 702 et
1717 649 1879 702 Pater
1921 649 2058 717 apud

498 737 648 790 illum
698 739 1052 805 manebimus,
1087 741 1220 794 adeo
1267 749 1324 795 ut
1354 742 1606 810 pulsante
1632 740 1797 803 Filio,
1834 757 1954 796 cum
1992 757 2059 796 eo

499 825 656 882 Pater
712 828 1088 897 ingrediatur;
1147 830 1397 900 idemque
1445 847 1567 886 cum
1608 830 1745 885 Filio
1799 841 2060 902 perpetuo

499 917 589 978 sit,
630 933 727 972 nec
765 935 1001 988 unquam
1031 921 1099 975 ab
1130 921 1223 974 illo
1261 929 1564 990 separetur,
1604 921 1681 974 uti
1723 935 1821 976 nec
1844 934 1873 972 a
1899 921 2060 977 Patre

497 1006 691 1063 Filius.
721 1008 872 1064 Unde
903 1011 953 1063 in
985 1011 1090 1062 alio
1119 1013 1266 1065 loco:
1306 1011 1413 1082 Ego
1453 1029 1604 1074 sum,
1634 1012 1842 1081 inquit,
1871 1013 1974 1077 uia,
2007 1023 2056 1066 et

498 1115 588 1169 per
620 1117 698 1154 me
722 1101 1074 1170 ing-radientur
1103 1103 1170 1154 ad
1199 1101 1417 1155 Patrem
1445 1105 1484 1158 '.
1531 1102 1609 1156 Ac
1644 1118 1711 1156 ne
1735 1103 1858 1173 quis
1886 1103 2060 1157 mino-

498 1207 610 1246 rem
642 1191 760 1247 ideo
792 1209 914 1247 esse
952 1192 1109 1247 Patre
1151 1194 1395 1248 crederet
1421 1235 1434 1258 ,
1465 1191 1611 1264 quod
1661 1208 1756 1263 per
1787 1195 1960 1262 ipsum
1993 1193 2060 1246 ad

497 1281 710 1337 Patrem
754 1284 934 1338 aditus
974 1293 1218 1352 pateret,
1250 1285 1331 1338 sic
1384 1285 1490 1339 alio
1518 1285 1637 1339 loco
1676 1284 1852 1338 dixit:
1894 1282 2061 1338 Nemo

498 1370 662 1424 veniet
687 1369 753 1423 ad
787 1388 902 1437 me,
935 1374 1037 1426 nisi
1089 1371 1252 1427 Pater
1294 1391 1435 1428 meus
1468 1375 1688 1428 caelestis
1733 1375 1954 1427 traxerit
1993 1374 2062 1428 il-

502 1465 610 1516 lum
638 1463 678 1516 ³.
713 1463 881 1534 Igitur
913 1474 963 1518 et
992 1463 1152 1519 Pater
1181 1466 1247 1520 ad
1287 1464 1480 1520 Filium
1517 1467 1688 1529 ducit,
1720 1475 1772 1522 et
1797 1467 1965 1521 Filius
1993 1468 2060 1522 ad

499 1551 713 1608 Patrem
737 1593 751 1616 ,
783 1563 835 1609 et
867 1563 1094 1626 uterque
1124 1572 1222 1626 per
1245 1556 1503 1627 Spiritum
1537 1567 1783 1613 sanctum
1813 1557 2062 1613 introdu-

2171 461 2305 514 Ἐάν
2328 479 2411 526 τις
2440 461 2654 528 ἀνοίξῃ
2685 479 2806 529 μοι,
2845 461 3152 522 εἰσελθὼν,
3192 459 3307 528 ἐγὼ
3329 458 3425 511 καὶ
3455 462 3487 512 ὁ
3526 458 3719 524 Πατήρ

2153 570 2271 622 μου
2295 551 2494 620 μονὴν
2527 554 2660 618 παρ’
2710 550 2868 615 αὐτῷ
2899 549 3248 618 ποιήσομεν.
3282 548 3390 600 Καὶ
3425 548 3613 600 οὐκέτιι
3655 545 3720 599 εἷο

2159 663 2279 709 πεν,
2317 647 2784 716 Ἀποσταλήσομαι
2814 644 2919 697 ὑπὸ
2941 643 3034 697 τοῦ
3056 642 3266 714 Πατρός
3292 659 3412 713 μου·
3452 640 3608 710 Ἐγὼ
3633 645 3716 694 καί

2160 743 2193 793 ό
2222 737 2420 807 Πατὴρ
2448 739 2581 806 παρ’
2598 737 2775 802 αὐτῷ,
2809 738 2883 801 ὡς
2902 737 3184 808 κρούοντος
3205 735 3297 788 τοῦ
3330 733 3482 796 Υἱεῦ,
3514 735 3614 786 καὶ
3637 733 3720 786 τοῦ

2159 829 2368 898 Πατρὸς
2426 829 2521 882 σὺν
2569 827 2716 898 αὐτῴ
2752 827 3154 898 εἰσερχομένου·
3194 825 3268 889 ὼς
3299 827 3385 878 ἀεὶ
3424 821 3592 888 εἶναι,
3639 825 3721 876 καὶ

2164 919 2428 989 μηδέποτε
2465 919 2730 971 διαλιπεῖν
2759 919 2976 989 Πατέρα
3007 918 3114 972 ἀπὺ
3147 917 3298 980 Υίοῦ,
3333 917 3425 969 καὶ
3459 915 3597 968 Υἱδν
3628 913 3721 966 ἀπὸ

2159 1011 2252 1063 τοῦ
2309 1009 2435 1062 ἰδίου
2489 1009 2722 1081 Πατρός.
2777 1009 2868 1061 Διὸ
2925 1009 3018 1062 καὶ
3055 1009 3112 1060 ὲν
3161 1008 3335 1078 ἑτέρῳ
3379 1007 3536 1076 τόπῳ
3561 1006 3718 1073 λέγει’

2172 1103 2318 1172 Ἐγώ
2368 1105 2482 1171 ειμι
2533 1101 2571 1167 ή
2608 1101 2767 1167 ὁδὸς,
2820 1100 2918 1154 καὶ
2972 1100 3046 1154 δι’
3075 1098 3222 1168 ἐμοῦ
3274 1100 3720 1153 εἰσελεύσονται

2161 1195 2311 1262 πρὸς
2351 1195 2458 1248 τὸν
2493 1194 2742 1264 Πατέρα.
2789 1194 2900 1247 Καὶ
2955 1194 3041 1248 ἵνα
3076 1195 3148 1264 μή
3182 1210 3323 1255 τινες
3350 1193 3560 1262 ἥσσονα
3600 1193 3721 1260 πρὸς

2162 1288 2250 1340 τὸν
2309 1287 2528 1358 Πατέρα
2577 1289 2859 1360 νομίσωσι,
2920 1287 3007 1340 διὰ
3061 1286 3121 1339 τὸ
3171 1285 3237 1338 δι’
3266 1283 3432 1337 αὐτοῦ
3476 1282 3618 1354 πρὸς
3644 1282 3722 1333 τὸν

2163 1377 2379 1446 Πατέρα
2435 1378 2678 1440 εἰσιέναι,
2742 1379 2923 1450 φησίν*
2974 1376 3182 1442 Οὐδείς
3229 1375 3546 1429 ἐλεύσεται
3589 1375 3720 1441 πρὸς

2159 1468 2257 1538 μὲ,
2298 1469 2406 1522 ἐὰν
2431 1469 2516 1538 μὴ
2551 1475 2582 1525 ό
2613 1469 2814 1539 Πατήρ
2839 1487 2957 1539 μου
2987 1472 3018 1522 ὁ
3051 1469 3325 1536 οὐράνιος
3352 1465 3590 1531 ἐλκύσῃ
3629 1467 3723 1517 αὑ-

2164 1563 2289 1617 τόν.
2335 1563 2393 1615 Ὀ
2421 1562 2607 1633 Πατὴρ
2637 1559 2728 1616 οῦν
2771 1562 2835 1631 φέ
2847 1580 2928 1634 ρει
2963 1563 3097 1633 πρὸς
3125 1561 3216 1613 τὸν
3249 1559 3396 1620 Υίὸν,
3423 1559 3521 1611 καὶ
3551 1559 3580 1609 6
3610 1557 3722 1618 Tib;

501 1645 593 1699 cit.
629 1642 762 1698 Nam
813 1645 1050 1701 Trinitas
1101 1648 1156 1701 in
1203 1664 1310 1702 una
1364 1649 1732 1719 singularique
1781 1651 2063 1708 divinitate

2173 1653 2321 1724 ερέρει
2370 1653 2506 1725 πρὸς
2552 1654 2644 1706 τὸν
2690 1654 2930 1723 Πατέρα,
2980 1650 3218 1721 εἰσφέρει
3263 1649 3321 1702 δὲ
3360 1651 3419 1701 ἐν
3457 1647 3722 1716 Πνεῦματι

499 1747 761 1806 perpetuo
795 1741 1077 1800 consistit,
1117 1748 1173 1793 ut
1228 1741 1331 1794 tria
1380 1718 1618 1811 perfecta
1651 1718 1775 1796 rsint
1798 1783 1812 1806 ,
1846 1758 2062 1813 unaque

2173 1718 2326 1815 ἀγίῳ.
2364 1718 2475 1796 Ἀἐὶ
2506 1743 2614 1816 γὰρ
2654 1718 2883 1796 πάντοτε
2914 1745 2946 1812 ὴ
2977 1718 3149 1812 Τριάς
3178 1743 3235 1794 ὲν
3265 1741 3360 1810 μιᾷ
3389 1738 3600 1808 ὲνότητι
3621 1737 3719 1789 θεό-

501 1829 775 1884 divinitas.
828 1830 1004 1900 Atque
1057 1833 1156 1885 hoc
1198 1833 1358 1885 modo
1397 1833 1771 1888 haereticorum
1831 1835 2061 1890 istorum

2173 1854 2342 1906 τητος·
2377 1837 2502 1908 τρία
2528 1836 2726 1902 τέλεια,
2770 1836 2867 1906 μία
2896 1834 3103 1905 θεότης.
3138 1833 3249 1887 Καὶ
3278 1832 3534 1884 διέπεσεν
3561 1833 3591 1882 6
3614 1830 3720 1881 τού-

501 1922 688 1992 0pinio
720 1923 993 1977 cohaerere
1027 1939 1133 1977 non
1181 1934 1380 1994 potest.

2173 1945 2279 1981 των
2311 1928 2485 1997 λόγος.

571 2011 838 2095 ΙΝκδοᾱ
886 2014 1019 2067 illud
1064 2014 1370 2085 objiciunt:
1414 2016 1525 2072 Cur
1573 2017 1739 2087 igitur
1780 2016 2065 2087 discipulis

2235 2021 2360 2074 NE'.
2393 2021 2560 2074 Πάλιν
2580 2020 2630 2073 δὲ
2653 2021 2916 2090 φάσκουσι
2937 2035 2950 2049 °
2979 2019 3094 2072 Τίνι
3127 2016 3399 2087 τοίνυντῷ
3424 2015 3571 2086 λόγῳ
3594 2015 3724 2087 εἰρη-

503 2106 618 2161 suis
659 2094 913 2162 Christus
969 2108 1260 2177 aliquando
1314 2108 1490 2161 dixit:
1553 2109 1702 2164 Vada
1742 2108 1809 2162 ad
1849 2108 2064 2164 Patrem

2173 2130 2262 2166 κεν
2290 2113 2560 2185 ὁΧριστὺς
2588 2115 2698 2176 τοῖς
2724 2111 2917 2166 ἑαυτοῦ
2955 2111 3240 2183 μαθηταῖς,
3273 2110 3354 2162 ὅτι
3396 2107 3719 2177 Ἀπέρχομαι

502 2214 693 2263 meum,
744 2207 791 2252 et
844 2198 1060 2253 Patrem
1106 2209 1360 2263 vestrum,
1391 2199 1558 2254 Deum
1608 2218 1776 2254 meum
1823 2211 1872 2255 et
1899 2201 2065 2255 Deum

2173 2207 2314 2276 πρὸς
2335 2207 2440 2261 τὸν
2461 2206 2689 2274 Πατέρα
2704 2223 2842 2274 μου,
2877 2204 2973 2258 καί
3004 2203 3232 2271 Πατέρα
3253 2201 3440 2271 ὑμῶν,
3465 2200 3564 2254 καὶ
3595 2202 3723 2253 Θεόγ

502 2289 966 2345 vestrum"?Nam
1014 2292 1060 2347 si
1111 2292 1280 2347 Deum
1334 2307 1491 2347 suum
1540 2291 1759 2356 fatetur,
1795 2292 2068 2362 quomodo

502 2383 628 2438 huic
673 2383 896 2454 aequalis
939 2398 1061 2438 esse
1106 2387 1325 2454 poterit,
1368 2385 1451 2438 vel
1487 2384 1555 2438 ab
1585 2399 1650 2439 eo
1680 2385 1922 2455 germani
1973 2385 2066 2438 lilii

501 2489 654 2529 more
681 2475 936 2545 genitus?
966 2477 1141 2545 Atque
1169 2476 1267 2531 hac
1308 2475 1526 2546 quidem
1573 2477 1817 2531 oratione
1856 2491 2067 2531 summa

493 2554 565 2620 ’δε
586 2566 637 2618 in
665 2566 918 2621 omnibus
943 2565 1035 2622 Dei
1066 2568 1369 2637 ignorantia
1400 2569 1648 2623 laborare
1670 2568 2066 2633 demonstrant,

502 2674 603 2714 nec
646 2675 710 2714 ex
743 2661 852 2715 ulla
885 2669 1036 2731 parte
1085 2660 1356 2731 Evangelii
1401 2660 1690 2730 splendore
1736 2661 2066 2716 collustrari.

501 2753 710 2808 Etenim
755 2754 1000 2824 quisquis
1035 2753 1391 2824 perscrutari,
1437 2764 1489 2807 et
1537 2768 1567 2806 a
1615 2754 1832 2818 saeculo,
1873 2768 1936 2807 ac
1975 2768 2073 2823 per

492 2827 882 2914 generationes
913 2844 1172 2915 indagare
1201 2845 1455 2907 voluerit,
1490 2859 1610 2915 qua:
1633 2845 1704 2901 sit
1737 2845 1984 2899 veritatis
2015 2844 2070 2898 in

505 2935 801 2992 Salvatoris
853 2938 1026 2992 nostri
1079 2936 1317 3006 perlecta
1367 2937 1616 3003 scientia,
1669 2937 1898 3006 ejusque
1944 2952 2069 2990 cum

502 3025 663 3082 Patre
705 3029 1031 3098 acquaiitatis
1073 3029 1157 3082 vis
1192 3028 1480 3098 intelliget.
1516 3029 1610 3083 Isti
1659 3044 1788 3083 vero
1829 3027 2070 3084 Judaicis

495 3119 852 3188 opinionibus
895 3119 1140 3188 impediti
1167 3118 1430 3174 adversus
1462 3118 1552 3172 Dei
1579 3116 1776 3172 Filium
1804 3118 2069 3174 exstimu-

503 3212 704 3264 lantnr.
743 3209 976 3267 Perinde
1008 3219 1170 3280 atque
1222 3211 1294 3264 illi
1348 3211 1569 3266 Christo
1600 3211 1851 3265 dicebant
1885 3230 1897 3263 :
1933 3207 2072 3263 Nul-

506 3303 614 3355 lum
641 3304 702 3355 ob
752 3302 897 3355 aliud
952 3304 1118 3356 scelus
1156 3313 1203 3356 le
1250 3301 1567 3370 lapidamus,
1620 3303 1786 3372 778
1819 3302 1908 3356 sed
1936 3301 2073 3373 quod

505 3399 658 3452 homo
687 3414 804 3451 cum
836 3399 932 3460 sis,
963 3396 1160 3451 Filium
1192 3397 1286 3452 Dei
1316 3398 1533 3465 teipsum
1563 3398 1800 3450 nominas
1829 3405 1877 3450 et
1905 3412 2075 3466 arqua-

507 3487 606 3542 lem
643 3488 753 3543 Deo
790 3498 837 3542 te
869 3489 1002 3558 facis
1031 3491 1074 3542 ⁸.
1105 3489 1216 3542 lIac
1246 3490 1320 3543 illi
1347 3489 1745 3544 Pharisaeorum
1778 3503 1841 3542 ac
1862 3487 2076 3542 Judaeu-

504 3597 624 3636 rum
655 3583 710 3636 in
738 3581 1013 3638 Christum
1047 3583 1325 3636 iracundia
1359 3583 1549 3651 perciti
1587 3582 1870 3649 feruntur;
1899 3596 2076 3650 neque

506 3671 705 3728 Filium
742 3674 1001 3743 aaqualem
1046 3675 1274 3744 genitori
1315 3674 1560 3728 conﬁteri
1609 3675 1816 3729 volunt.
1861 3673 1978 3740 Qua
2020 3674 2076 3727 in

506 3779 568 3818 re
623 3779 902 3818 sacrarum
953 3763 1280 3818 Litterarum
1311 3773 1620 3818 accuratam
1652 3766 1983 3836 diligentiam
2021 3765 2075 3818 in

510 3857 704 3928 primis
748 3857 1034 3913 considera
1081 3877 1092 3912 :
1142 3872 1262 3928 qua:
1307 3867 1433 3912 ante
1472 3858 1901 3913 incarnationem
1944 3856 2078 3910 nihil

507 3949 775 4019 ejusmodi
806 3949 873 4003 de
899 3948 1116 4004 Christo
1148 3951 1587 4018 pronuntiarunt,
1624 3948 1718 4003 sed
1748 3947 1908 4002 Pater
1941 3948 2080 4002 Filio

508 4041 713 4096 dixisse
745 4041 939 4111 legitur
966 4060 978 4095 :
1011 4040 1296 4094 Faciamus
1331 4040 1590 4095 hominem
1613 4043 1655 4107 ⁸,
1690 4049 1747 4095 ut
1773 4042 2079 4096 communis

509 4133 706 4205 opiﬁcii
745 4143 1020 4189 auctorem
1052 4135 1253 4202 pariter
1297 4132 1493 4187 Filium
1539 4133 1772 4204 appellet
1808 4141 1862 4188 et
1892 4149 2078 4203 requa-

508 4229 660 4284 litate
689 4244 1004 4299 germanum
1042 4227 1333 4298 signiﬁcet.
1376 4225 1560 4296 Neque
1598 4241 1727 4281 vero
1761 4233 1876 4280 tum
1909 4224 2081 4280 Filius

507 4322 676 4377 Deum
703 4339 894 4383 meum,
919 4330 970 4374 et
1001 4320 1170 4375 Deum
1199 4331 1422 4375 vestrum
1446 4320 1657 4390 uspiam
1689 4320 2089 4380 vocavit.ltem.

2162 2318 2300 2370 μου,
2337 2301 2433 2353 καὶ
2471 2300 2617 2354 Θεὸν
2647 2298 2849 2367 ὑμῶν;
2890 2296 2953 2350 Εἰ
2989 2297 3166 2350 τοίνυν
3192 2295 3324 2349 Θεὸν
3348 2293 3520 2348 αὐτοῦ
3557 2295 3722 2364 ὁμολο-

2169 2393 2273 2459 γεῖ,
2300 2390 2415 2454 πῶς
2448 2390 2527 2442 ἔτι
2583 2389 2735 2443 ἔσται
2775 2389 2886 2453 ἴσος
2909 2387 3076 2457 αὐτῷ,
3112 2387 3145 2458 ἢ
3187 2387 3279 2440 ὑπ’
3309 2384 3479 2438 αὐτοῦ
3509 2384 3724 2454 mea);

2169 2483 2560 2554 γεγεννημένος
2582 2501 2596 2548 ;
2629 2483 2743 2535 Ἵνα
2783 2482 3026 2546 δείξωσιν
3047 2482 3104 2533 ἐν
3127 2480 3290 2532 πᾶσιν
3315 2479 3592 2547 ἀγνωσίαν
3607 2474 3722 2529 Θεοῦ

2171 2576 2365 2638 αὐτοὺς
2403 2575 2565 2646 ἔχειν,
2588 2575 2741 2628 xui."
2770 2571 2826 2627 ὲν
2873 2573 3058 2644 μηδενί
3092 2574 3194 2626 εἰσι
3223 2570 3491 2641 φωτισμῷ
3529 2568 3620 2622 τοῦ
3637 2569 3722 2621 Εὐ-

2171 2669 2423 2738 αγγελίου
2456 2667 2911 2738 κατηυγασμένοι.
2969 2666 3308 2736 Ψηλαφήσας
3362 2664 3474 2733 γάρ
3520 2679 3602 2725 τις
3647 2661 3724 2712 καὶ

2171 2762 2534 2833 ἀνερευνήσας
2567 2759 2676 2813 ἀπὸ
2709 2758 2802 2812 τοῦ
2829 2758 3042 2821 αἰῶνος,
3066 2758 3159 2811 καὶ
3191 2756 3331 2810 κατὰ
3361 2755 3578 2824 γενεὰν,
3609 2754 3726 2806 εἰσε-

2170 2869 2261 2905 ται
2280 2851 2378 2923 τῆς
2403 2849 2659 2921 ἀληθείας
2680 2849 2779 2920 τῆς
2807 2849 2897 2902 τοῦ
2924 2849 3172 2919 Σωτῆρος
3203 2845 3358 2918 ἡμῶν
3379 2846 3596 2908 τελείας
3609 2845 3726 2913 γνὼ-

2175 2961 2312 3006 σεως
2343 2941 2598 3013 καὶπρὸς
2651 2941 2741 2994 τὸν
2792 2941 3009 3011 Πατέρα
3063 2941 3302 3011 ἰσότητος
3347 2939 3450 3010 τὴν
3499 2938 3718 3008 δύναμιν.

2174 3036 2460 3100 Κνίζονται
2483 3033 2539 3086 δὲ
2591 3027 2736 3088 οὗτοι
2772 3033 3048 3102 Ἰουδαῖκῷ
3080 3036 3385 3104 φρονήματι
3425 3031 3723 3103 περιϐεϐλη-

2177 3126 2347 3196 μένοι,
2379 3125 2472 3178 καὶ⁹
2503 3123 2872 3192 ἀγανακτοῦσι
2915 3123 2995 3194 τῷ
3028 3123 3141 3194 Υἰῷ
3170 3123 3264 3176 τοῦ
3303 3123 3463 3185 Θεοῦ,
3506 3123 3727 3190 καθάπερ

2173 3216 2364 3268 ἐκεῖνοι
2405 3215 2607 3283 ἔλεγον,
2657 3216 2738 3268 ὃτι
2782 3214 2860 3268 Δι’
2892 3214 3071 3267 οὐδὲν
3129 3216 3397 3282 πονηρόν
3423 3231 3500 3267 σε
3528 3211 3725 3272 λιθάξίο

2168 3323 2301 3375 μεν,
2341 3308 2478 3360 ἀλλ’
2517 3305 2626 3372 ὅτι,
2684 3305 2990 3372 ἄνθρωπος
3023 3303 3127 3369 ὢν,
3201 3304 3338 3357 Υἱὸν
3376 3303 3529 3358 Θεοῦ
3566 3302 3723 3356 αὐτὸν

2175 3395 2492 3465 ὀνομάζεις,
2517 3396 2656 3450 ἴσον
2691 3395 2769 3460 τῷ
2795 3392 2915 3459 Θεῷ
2947 3393 3131 3448 ποιῶν
3157 3395 3441 3448 σεαυτόν.
3476 3393 3625 3446 Οὕτω
3650 3393 3724 3443 καὶ

2175 3480 2340 3551 οὗτοι,
2380 3487 2458 3557 τῷ
2486 3486 2634 3556 αὐτῷ
2667 3485 2828 3540 πάθει
2858 3485 2967 3538 τῶν
2993 3485 3298 3557 Φαρισαίων
3351 3485 3448 3537 καὶ
3488 3483 3722 3536 Ἰουδαίων

2178 3579 2584 3650 περιπεσόντες,
2645 3575 3030 3645 ἀγανακτοῦσι,
3071 3575 3144 3647 μὴ
3187 3575 3430 3637 θέλοντες
3460 3575 3629 3643 λέγειν
3653 3573 3723 3624 τὸν

2177 3672 2304 3724 Υίὸν
2327 3673 2438 3724 ἴσον
2458 3670 2534 3741 τῷ
2555 3670 2924 3740 γεγεννηκότι.
2959 3671 3097 3740 Ὅρα
3124 3669 3231 3739 γάρ
3261 3686 3347 3738 μοι
3371 3668 3476 3739 τὴν
3493 3669 3594 3719 τῶν
3611 3667 3723 3736 Γρα-

2178 3766 2293 3834 φῶν
2335 3763 2638 3836 ἀκρίϐειαν,
2674 3763 2754 3816 ὅτι
2805 3761 3041 3833 οὐδαμοῦ
3068 3762 3286 3833 εἴρηκεν
3327 3762 3358 3830 ὴ
3399 3759 3525 3813 θεία
3561 3758 3722 3828 Γρασὴ

2179 3857 2268 3908 τὸν
2292 3855 2448 3923 λόγον
2475 3854 2661 3907 τοῦτον
2693 3853 2798 3924 πρὸ
2824 3853 2923 3923 τῆς
2970 3852 3228 3923 ὲνσάρκου
3258 3852 3559 3923 παρουσίας
3577 3866 3590 3878 ’
3621 3850 3716 3903 ἀλλ’

2179 3949 2206 4000 6
2253 3947 2443 4018 Πατὴρ
2480 3946 2556 4016 τῷ
2609 3944 2756 4015 Υίῷ,
2810 3943 3160 4012 Ποιήσωμεν
3203 3942 3538 4009 ἄνθρωπον,
3580 3939 3720 4007 λέγει,

2181 4039 2604 4112 συνδημιουργὸν
2635 4037 2814 4092 καλῶν
2863 4037 2954 4090 τὸν
2981 4036 3128 4101 Υίὸν,
3166 4037 3262 4088 καί⁹
3298 4035 3522 4105 γνήσιον
3545 4031 3722 4093 δεικνὺς

2181 4137 2300 4188 κατ’
2349 4133 2584 4204 ἰσότητα.
2641 4132 2753 4184 Καὶ
2811 4128 3047 4200 οὐδαμοῦ
3078 4129 3296 4199 εἴρηκεν
3344 4128 3373 4180 ὁ
3424 4127 3570 4189 Υἱὸς,
3602 4124 3723 4178 Geor

2177 4245 2314 4297 μου,
2359 4225 2457 4279 καὶ
2486 4222 2634 4278 Θεὸν
2665 4221 2863 4291 ὑμῶν·
2920 4221 3034 4282 καὶ,
3073 4221 3374 4274 Ἤκουσεν
3435 4217 3609 4285 Ἀδὰμ
3637 4212 3724 4278 τῆς

2181 4316 2388 4389 φωνῆς
2416 4317 2520 4371 τοῦ
2566 4315 2713 4371 Θεοῦ
2752 4311 3221 4382 περιπατοῦντος
3255 4311 3325 4364 ἐν
3351 4308 3437 4375 τῷ
3483 4305 3720 4377 παραδείο

503 4411 739 4467 Adamus
807 4412 904 4466 Dei
950 4429 1122 4469 vocem
1168 4414 1407 4466 exaudiit
1459 4412 1780 4466 ambulantis
1822 4413 1878 4465 in
1917 4428 2071 4478 para‘

2184 4427 2306 4478 σῳο
2360 4409 2474 4472 καὶ,
2523 4409 2789 4474 Ποίησον
2859 4402 3093 4469 σεαυτῷ
3141 4401 3388 4456 κιϐωτὸν
3438 4403 3510 4457 ἐκ
3556 4401 3724 4467 ξύλων

507 4506 624 4558 diso
645 4505 688 4560 '.
723 4503 862 4558 Tum
889 4523 901 4558 :
939 4503 1052 4558 Fac
1077 4506 1169 4558 tibi
1199 4522 1376 4558 arcam
1414 4505 1476 4559 de
1507 4505 1662 4575 lignis
1692 4506 2010 4572 incorruptis
2035 4504 2078 4558 ⁸.

508 4595 577 4650 Et
631 4615 644 4651 :
689 4595 837 4650 Pluit
875 4596 1134 4650 Dominus
1187 4615 1218 4650 a
1279 4598 1505 4651 Domino
1539 4598 1580 4651 ’.
1631 4597 1764 4651 Item
1818 4596 2082 4652 Dominus

507 4685 678 4757 Moysi
711 4706 722 4740 :
755 4686 866 4757 Ego
896 4705 1010 4740 sum
1047 4687 1188 4742 Deus
1237 4689 1529 4755 Abraham,
1574 4698 1623 4742 et
1648 4688 1790 4743 Deus
1823 4687 2002 4753 Isaac,
2034 4699 2084 4743 et

506 4777 649 4831 Deus
671 4776 837 4832 Iacob
859 4780 922 4831 “'.
955 4778 1261 4845 Quinetiam
1286 4779 1454 4835 David
1485 4805 1495 4836 ;
1523 4781 1673 4834 Dixit
1701 4781 1958 4836 Dominus
1979 4782 2084 4835 Do-

505 4871 650 4923 mino
682 4886 836 4924 meo:
869 4869 1000 4926 Sede
1029 4889 1060 4924 a
1088 4871 1286 4926 dextris
1320 4875 1446 4928 meis
1481 4875 1543 4928 ¹¹.
1573 4871 1681 4928 Nec
1709 4874 1860 4928 ullibi
1900 4872 2086 4928 Domi-

503 4977 611 5018 nus
646 4961 812 5016 Deum
843 4979 1034 5025 meum,
1067 4973 1116 5018 et
1147 4965 1309 5019 Deum
1359 4975 1586 5020 vestrum
1615 4968 1933 5020 nominavit.
1967 4965 2084 5020 Ca:-

503 5062 683 5108 terum
728 5055 816 5109 ubi
854 5071 1086 5126 corpore
1117 5065 1306 5112 nostro
1330 5067 1607 5128 suscepto,
1671 5057 1733 5112 In
1769 5068 1910 5112 terra
1943 5059 2084 5114 visus

503 5154 580 5199 est
604 5157 653 5200 et
690 5163 808 5200 cum
849 5147 1146 5203 hominibus
1174 5150 1588 5215 conversatus“,
1618 5157 1777 5220 atque
1809 5151 1949 5206 inter
1984 5165 2086 5207 nos

506 5249 827 5295 numeratus
879 5249 1001 5308 est;
1055 5250 1190 5296 tunc
1231 5241 1534 5312 discipulos
1601 5259 1730 5298 suos
1779 5245 2082 5314 alloquens,

501 5331 829 5398 quibuscum
847 5332 1123 5402 adaquari
1142 5330 1362 5401 ponitus
1378 5329 1495 5382 solo
1511 5337 1738 5394 excepto
1758 5335 1974 5394 peccato
1990 5337 2086 5380 ae-

503 5423 645 5487 buit,
672 5423 837 5478 Deum
862 5440 1032 5478 meum
1063 5421 1225 5489 dixit,
1251 5431 1300 5475 et
1323 5419 1493 5474 Deum
1519 5430 1769 5484 uestrum,
1791 5426 1839 5472 et
1861 5415 2081 5471 Patrem

2184 4501 2507 4571 ἀσήπτωνο
2567 4501 2685 4565 καὶ,
2718 4498 2965 4568 Ἕϐρεξε
3021 4499 3234 4567 Κύριος
3281 4496 3444 4564 παρὰ
3500 4496 3716 4564 Kvplou'

2181 4597 2296 4658 καὶ,
2317 4591 2467 4648 Eine
2500 4594 2712 4662 Κύριος
2739 4591 2888 4660 πρὸς
2914 4589 3178 4658 Μωϋσῆν
3194 4607 3207 4620 ·
3263 4589 3410 4660 Ἐγώ
3428 4591 3542 4659 ειμι
3560 4591 3589 4642 ὁ
3607 4585 3722 4650 Θεὸς

2194 4687 2459 4756 Ἀϐραὰμ,
2498 4686 2596 4739 καὶ
2640 4687 2671 4738 ὀ
2705 4684 2849 4750 Θεὸς
2884 4683 3112 4744 Ἰσαὰκ,
3167 4682 3262 4736 καὶ
3291 4685 3323 4736 ό
3357 4681 3499 4748 Θεὸς
3541 4677 3716 4735 Ἰωιὼὅο

2181 4781 2292 4834 Καὶ
2313 4778 2476 4833 Δαϐὶδ
2503 4777 2649 4846 λέγει
2671 4793 2686 4808 ο
2739 4772 2926 4830 Εἶπεν
2952 4777 2985 4828 ό
3038 4778 3252 4842 Κύριος
3292 4772 3372 4838 τῷ
3391 4771 3578 4841 Κυρίῳ
3597 4781 3716 4837 μουο

2183 4871 2380 4926 Κάθου
2405 4871 2472 4923 ὲκ
2498 4868 2712 4933 δεξιῶν
2726 4885 2866 4937 μου.
2892 4866 3003 4920 Καὶ
3045 4864 3276 4935 οὐδαμοῦ
3303 4859 3456 4917 εἶπεν
3479 4865 3506 4916 ὁ
3533 4860 3716 4930 Κύριος,

2184 4964 2333 5017 Θεόν
2352 4979 2471 5030 μου
2512 4961 2610 5013 καὶ
2649 4958 2797 5012 Θεὸν
2817 4956 3005 5027 ὑμῶν.
3033 4957 3161 5009 Ὅτε
3195 4955 3252 5008 δὲ
3282 4954 3438 5008 ἔλαϐε
3479 4953 3537 5007 τὸ
3555 4951 3717 5023 ἡμέτευ

2185 5071 2274 5126 ρον
2302 5053 2480 5125 σῶμα,
2516 5053 2610 5106 καὶ
2642 5053 2772 5106 Ἐπὶ
2799 5052 2908 5121 τῆς
2935 5051 3048 5122 γῆς
3067 5051 3253 5121 ὤφθη,
3282 5052 3381 5106 καὶ
3411 5051 3531 5114 τοῖς
3544 5042 3717 5113 rit-0ft!)—

2181 5163 2318 5213 ποις
2339 5144 2831 5214 συνανεστράεση,
2856 5145 2950 5197 καὶ
2984 5146 3042 5197 ἐν
3066 5146 3196 5215 ἡμῖν
3219 5141 3565 5212 κατελογίσθη
3583 5156 3595 5168 ·
3622 5136 3715 5189 τότε

2181 5239 2317 5311 πρὸς
2365 5239 2491 5302 τοὺς
2525 5236 2690 5290 αὐτοῦ
2750 5236 3018 5306 μαθητὰς,
3067 5235 3202 5306 πρὸς
3249 5235 3344 5298 οὓς
3389 5232 3576 5303 ὤφειλε
3604 5225 3714 5282 κατὰ

2181 5331 2361 5388 πάντα
2389 5330 2720 5402 ὁμοιωθῆναι
2739 5331 2909 5403 χωρὶς
2942 5331 3233 5402 ἁμαρτίας,
3260 5331 3409 5384 Θεόν
3420 5345 3552 5398 μου,
3573 5324 3710 5387 ελεγε.

2180 5426 2280 5480 καὶ
2314 5424 2464 5480 Θεὸν
2481 5423 2669 5494 ὑμῶν,
2701 5425 2795 5478 καὶ
2815 5424 3044 5492 Πατέρα
3064 5441 3183 5493 μου
3210 5423 3306 5476 καὶ
3326 5421 3548 5489 Πατέρα
3563 5411 3710 5485 ὑμῶν.

587 5615 603 5647 ⁸
640 5613 798 5672 Joan.
831 5632 942 5683 xtv,
972 5616 1082 5687 25.7
1107 5619 1128 5648 ³
1159 5617 1290 5672 ibid.
1323 5619 1375 5672 6.
1423 5619 1442 5650 ³
1470 5618 1625 5674 Joan.
1652 5636 1724 5676 vr.
1753 5621 1836 5674 Η.
1917 5623 1934 5652 ⁵
1963 5622 2120 5678 Joan.
2154 5640 2244 5687 xx,
2275 5623 2360 5678 I7.
2439 5625 2458 5654 ⁸
2482 5621 2713 5685 Joan.x,
2746 5621 2837 5676 35.
2914 5621 2934 5650 θ
2960 5617 3094 5673 Gen.
3138 5635 3176 5682 ι,
3212 5617 3301 5673 9.6.
3376 5617 3396 5648 ⁷
3425 5613 3548 5669 Gen.
3585 5605 3706 5672 ut,3-

511 5687 534 5720 ³
566 5686 700 5746 Gen.
731 5705 802 5754 vr,
836 5688 921 5745 H.
997 5691 1018 5721 ⁹
1046 5686 1180 5742 Gen.
1226 5704 1298 5754 ts,
1328 5689 1418 5742 “2L
1499 5691 1540 5721 ³ο
1567 5690 1733 5744 Exod.
1764 5707 1842 5756 tn,
1879 5692 1930 5746 6.
2010 5695 2046 5726 “
2074 5693 2216 5751 Psal.
2245 5709 2353 5759 crs,
2391 5693 2440 5751 I.

2522 5696 2563 5725 "
2602 5692 2812 5747 Baruch
2843 5707 2922 5755 In,
2957 5691 3046 5746 58.
3129 5691 3169 5721 ⁸³
3208 5689 3266 5744 F.
3301 5688 3381 5742 ὅτι
3405 5688 3478 5740 ἐν.
