3826 6206
59 319 148 374 289

743 313 1110 370 ADVERSUS
1147 313 1488 370 HERESES
1527 315 1654 370 LIB.
1697 315 1759 371 ll.
1805 313 1966 370 T031.
2011 316 2072 370 ll.
2109 349 2179 358 —
2217 319 2487 376 HERES.
2526 319 2708 374 LXIX.

3153 321 3259 377 $290

61 431 246 502 Πατέρα
277 446 372 498 μου
427 427 542 499 μὲν,
587 429 727 482 κατὰ
761 427 922 498 φύσιν
981 431 1038 482 ἐν
1063 432 1130 501 τῇ
1193 429 1426 502 θεότητι,
1493 431 1588 484 καὶ

1703 449 1880 497 meum,
1939 445 1990 488 et
2027 435 2234 488 Patrem
2265 445 2512 488 uestrum.
2555 433 2770 490 Patrem
2806 451 3006 503 meum,
3067 445 3258 494 natura

61 527 244 596 Πατέρα
297 523 463 594 ὑμῶν,
515 522 606 575 διὰ
647 523 806 593 χάριν
851 522 920 576 δι’
965 522 1066 592 ἐμὲ
1095 525 1154 575 ὲν
1209 527 1274 594 τῇ
1307 521 1580 594 υἱοθεσία·

61 619 182 672 Geor
200 632 310 684 μου
339 615 418 676 δὲ,
446 616 524 667 ὅτι
567 615 626 666 τὸ
675 613 938 686 ὑμέτερον
969 613 1191 686 σαρκίον
1239 614 1455 684 εἴληφα,
1491 615 1585 668 καὶ

59 707 182 762 θεὸν
205 704 380 774 ὑμῶν,
433 703 760 772 κατὰφύσιν
809 703 904 757 καὶ
965 703 1242 774 ἀλήθειαν.
1291 703 1400 757 Καὶ
1444 703 1585 758 οὓτω

59 801 202 852 πάντα
231 797 340 850 ἐστὶ
371 797 515 866 σαφῆ
582 796 676 848 καὶ
715 795 934 866 διαυγῆ,
989 795 1084 848 καὶ
1131 795 1286 850 οὐδὲν
1325 797 1582 862 ἐναντίον,

57 894 154 946 οὐδὲ
177 891 392 944 θανάτου
422 887 780 958 παραπλοκῆς
812 887 932 958 ἔχον
961 883 1098 951 εἶδος
1133 889 1190 940 ὲν
1209 891 1274 960 τῇ
1303 889 1423 958 θείᾳ
1453 890 1588 960 Γρα-

59 987 134 1054 φῇ,
153 983 220 1046 ὡς
231 975 368 1036 οὗτοι
385 979 826 1052 προφασίζονται,
849 997 982 1050 πονη
991 979 1059 1052 ρὰ
1082 981 1292 1044 ἑαυτοῖς
1321 980 1590 1035 ἐπινοοῦν-

55 1092 142 1136 τες.
165 1071 370 1142 Νομίζω
421 1070 478 1124 δὲ
530 1069 690 1122 πάλιν
720 1069 814 1122 καὶ
867 1069 1004 1138 πρὸς
1037 1068 1192 1122 τοῦτο
1219 1067 1418 1132 ἱκανῶς
1440 1068 1586 1138 ἔχειν

57 1165 134 1236 τὴν
167 1162 350 1234 φράσιν
368 1179 382 1191 ·
411 1162 504 1214 ἐπὶ
528 1161 586 1214 δὲ
613 1161 686 1214 τὰ
711 1159 846 1215 ἄλλα
873 1159 1058 1213 λοιπὸν
1082 1159 1460 1230 ἐπελεύσομαι.

1689 525 1898 582 scilicet
1929 543 1991 582 ac
2019 529 2338 593 divinitate;
2369 526 2582 582 Patrem
2615 539 2876 593 vestrum,
2918 533 3088 601 gratia
3119 533 3259 587 dun-

1689 621 1869 680 taxat,
1927 633 2022 687 per
2079 635 2202 683 me,
2271 619 2690 692 adoptionisque
2755 622 3038 680 beneficio.
3092 626 3260 680 Deum

1690 721 1882 771 meum,
1933 707 2189 776 quoniam
2241 719 2478 764 vestram
2533 725 2752 766 carnem
2789 715 3038 785 suscepi;
3096 717 3262 770 Deum

1691 805 1939 860 uestrum,
1995 800 2294 855 secundum
2343 810 2621 867 naturam,
2677 811 2730 859 et
2783 821 2848 860 ex
2896 807 2972 860 rei
3015 809 3260 864 veritate.

1690 886 1807 952 Qua
1851 889 2064 946 ratione
2107 891 2396 948 manifesta
2435 895 2615 948 omnia
2669 909 2734 949 ac
2779 898 3071 968 perspicua
3111 907 3262 963 sunt,

1689 993 1868 1049 neque
1917 983 2214 1054 quidquam
2262 985 2594 1040 contrarium
2648 999 2750 1054 est,
2807 1005 2872 1044 ac
2917 1005 3260 1062 repugnans;

1691 1087 1794 1127 nec
1825 1073 1968 1129 ullus
1997 1076 2050 1130 in
2083 1073 2366 1146 Scriptura
2399 1079 2550 1133 locus
2581 1079 2918 1136 mortiferum
2941 1083 3261 1153 quidquam,

1695 1173 1750 1220 et
1801 1166 2090 1222 exitiosum
2167 1169 2328 1225 habet
2378 1171 2692 1236 admistum,
2727 1181 2787 1226 ut
2839 1173 2930 1228 isti
2985 1175 3264 1243 captandze

59 1260 324 1316 occasionis
351 1257 522 1328 gratia
557 1257 726 1312 videri
761 1258 969 1320 volunt,
999 1256 1092 1326 qui
1122 1257 1224 1312 sibi
1250 1257 1386 1326 ipsis
1417 1257 1725 1327 perniciosa
1753 1264 1996 1332 quaedam
2031 1266 2340 1336 excogitare
2369 1267 2564 1322 solent.
2601 1267 2703 1322 Sed
2737 1283 2860 1324 cum
2889 1269 3171 1336 hactenus,
3205 1277 3264 1325 ut

69 1357 250 1426 opinor.
273 1354 338 1408 de
369 1353 453 1409 his
487 1353 702 1408 abunde
739 1353 813 1408 sit
841 1353 1065 1416 dictum,
1101 1367 1246 1406 nunc
1284 1353 1353 1406 ad
1380 1353 1484 1407 alia
1522 1357 1896 1414 transibimus.

113 1448 234 1514 Νςν.
261 1445 332 1498 Τὸ
367 1444 516 1508 ἅγιον
549 1444 656 1516 γὰρ
687 1442 910 1514 Πνεῦμα
934 1443 1137 1513 κτίσμα
1163 1443 1320 1496 πάλιν
1350 1443 1584 1516 κτίσμα-

61 1541 130 1603 τός
155 1555 295 1608 φασιν
317 1533 474 1604 εἶναι,
531 1537 618 1591 διὰ
645 1538 726 1602 τὸ,
778 1537 866 1590 διά
893 1535 988 1589 τοῦ
1035 1535 1162 1589 Υίοῦ
1193 1537 1262 1590 τὰ
1293 1535 1469 1590 πάντα
1493 1553 1586 1605 γε-

1763 1446 1896 1502 LVI.
1959 1447 2221 1519 Spiritum
2278 1452 2460 1522 itaque
2513 1464 2760 1508 sanctum
2827 1466 3088 1510 creatura:
3142 1473 3263 1512 esse

1695 1549 1998 1594 creaturam
2030 1550 2284 1596 asserunt
2318 1563 2329 1598 :
2367 1545 2508 1616 quod
2539 1561 2632 1615 per
2663 1545 2855 1601 Filimn
2906 1539 3088 1602 omnia
3121 1549 3263 1603 facta

61 1632 299 1702 γενῆσθαι,
351 1631 430 1694 ὡς
459 1626 610 1684 εἷπεν
637 1633 670 1702 ἡ
707 1630 920 1702 Γραφὴ,
961 1631 1228 1693 ἀσυνέτως
1257 1629 1408 1693 τινὰς
1435 1630 1586 1702 διαρ-

1703 1631 1820 1688 sint,
1851 1639 1908 1685 ut
1941 1631 2224 1702 Scriptura
2265 1643 2493 1690 testatur
2523 1637 2658 1708 ‘._Iu
2690 1654 2796 1706 quo
2830 1640 2993 1694 stulte
3024 1639 3262 1692 nonnul-

65 1725 304 1789 τάξον-τες,
327 1723 391 1775 οὺ
427 1721 608 1785 καθὼς
647 1722 860 1794 εἴρηται
906 1723 966 1776 τὸ
998 1722 1158 1793 ῥητὸν
1189 1721 1420 1791 ἔχοντες,
1458 1721 1591 1777 ἀλλὰ

65 1817 210 1879 κακῶς
232 1814 592 1877 ὑπονοοῦντες,
623 1815 714 1866 καὶ
743 1814 850 1867 ἀπὸ
883 1813 1043 1884 ῥητοῦ
1075 1815 1133 1867 τὸ
1157 1814 1336 1877 καλῶς
1371 1817 1488 1886 είρη
1500 1815 1592 1886 μὲ-

67 1928 132 1962 νον
157 1909 282 1962 κατὰ
313 1907 408 1979 τὴν
445 1907 620 1978 κακὴν
652 1907 829 1961 αὐτῶν
851 1908 1106 1961 ὑπόνοιαν
1140 1907 1588 1979 παρερμηνεύονο

67 2019 150 2064 τες.
171 2002 232 2053 οὐ
257 1999 360 2070 γὰρ
390 1999 450 2052 τὸ
502 1999 642 2053 θεῖον
675 1999 1000 2068 Εὐαγγέλιον
1035 2001 1163 2071 περὶ
1203 2000 1297 2053 τοῦ
1335 1999 1586 2071 Πνεύμα-

67 2111 136 2156 τος
169 2093 277 2163 ἔφη,
310 2092 442 2145 ἀλλὰ
471 2093 599 2164 περὶ
629 2093 846 2146 πάντων
875 2091 984 2144 τῶν
1021 2091 1373 2163 ὲκτισμένων,
1403 2093 1484 2146 ὅτι
1521 2093 1590 2147 Εῐ

67 2205 108 2238 τι
129 2185 332 2248 xtra-.69,
385 2185 472 2238 διὰ
519 2184 612 2238 τοῦ
643 2185 816 2254 Λόγου
851 2185 1140 2255 γεγένηται
1199 2185 1291 2238 καί
1331 2185 1434 2240 ὑπὸ
1494 2185 1587 2238 τοῦ

70 2277 224 2344 Λάγου.
255 2277 326 2330 Τὰ
350 2276 460 2345 γὰρ
507 2277 702 2330 πάντα
733 2275 805 2329 δι’
836 2275 1020 2330 αὑτοῦ
1046 2275 1308 2346 ἐγένετοο
1355 2277 1453 2330 καὶ
1480 2295 1591 2347 χω-

67 2369 136 2436 ρίς
158 2368 319 2422 αὑτοῦ
363 2367 596 2438 ἐγένετο
633 2367 774 2422 οὐδὲ
834 2369 920 2422 ἓν.
956 2369 1453 2441 Παρεκτεινομένης
1491 2369 1590 2438 τῆς

71 2459 394 2526 ἀναγνώσεως,
439 2459 553 2530 ἔχει
593 2461 630 2522 ⁸,
665 2460 694 2513 ὃ
747 2460 998 2529 γέγονεν·
1053 2462 1138 2514 ἵνα
1161 2460 1302 2514 οὕτω
1351 2460 1586 2531 γνωσθῇ,

70 2555 130 2606 ὅτι
155 2553 308 2606 πάντα
335 2553 400 2606 δι’
421 2553 590 2607 αὐτοῦ
615 2554 848 2622 ἐγένετο,
881 2555 974 2607 xui.
999 2553 1168 2624 χωρὶς
1191 2553 1354 2608 αὑτοῦ
1377 2554 1590 2622 ἐγένετο

71 2645 162 2698 οὐδὲ
187 2645 266 2698 ’ἐν-
312 2641 426 2698 εἷτα
457 2645 618 2699 πάλιν
639 2663 655 2677 ·
695 2647 797 2698 Ἐν
821 2645 981 2711 αὑτῷ
1009 2644 1119 2712 ζωὴ
1153 2641 1250 2714 ἦν.
1293 2645 1440 2698 Ἔδει
1483 2643 1589 2716 γὰρ

73 2735 144 2789 καὶ
177 2737 226 2789 ἐν
257 2735 422 2806 τούτῳ
451 2735 804 2808 πληρωθῆναι
851 2736 950 2806 τὴν
999 2735 1094 2788 τοῦ
1145 2734 1300 2802 ἁγίου
1343 2734 1588 2787 Ἰωάννου

75 2827 358 2892 ἀκολουθίαν,
385 2831 444 2881 ὲν
465 2827 544 2898 τῷ
575 2829 688 2881 ὄντι
727 2827 795 2881 τὰ
819 2827 950 2882 ὄντα
972 2830 992 2858 ²
1047 2825 1478 2896 πεπληρωμένος
1502 2825 1590 2877 ἀεὶ

75 2919 446 2991 ὁμολογούμενα.
509 2921 612 2975 Ἐν
637 2919 794 2990 ἀρχῇ
849 2919 958 2991 γὰρ
988 2915 1068 2989 ἦν
1116 2921 1148 2972 ὁ
1183 2919 1388 2988 Λόγος,
1421 2918 1516 2971 καὶ
1557 2921 1590 2971 ὁ

1695 1724 1775 1779 los
1805 1725 1857 1778 in
1911 1741 2150 1780 errorem
2183 1727 2479 1792 abducunt,
2527 1729 2654 1782 dum
2703 1729 2998 1800 Scriptum
3049 1739 3265 1785 senten-

1693 1815 1846 1878 tiam,
1873 1833 1979 1870 non
2007 1826 2065 1872 ut
2091 1827 2356 1890 concepta
2386 1827 2489 1881 est,
2527 1821 2830 1890 proferunt,
2863 1823 2954 1878 sed
2983 1837 3263 1893 perperam

1693 1903 2076 1976 intelligentes,
2129 1909 2272 1979 quod
2324 1909 2582 1978 praeclare
2632 1921 2954 1984 conceptum
3007 1919 3090 1966 est
3125 1911 3264 1965 male

1693 1999 2011 2068 accipiendo
2087 2001 2601 2074 interpretandoque
2680 2003 2994 2074 depravant.
3077 2001 3264 2072 Neque

1693 2090 1838 2144 enim
1879 2089 2230 2162 Evangelium
2260 2095 2330 2149 de
2361 2095 2568 2165 Spiritu
2604 2096 2860 2164 loquitur,
2893 2093 2986 2149 sed
3015 2095 3082 2148 de
3111 2109 3264 2148 crea-

1691 2183 1762 2238 tis
1807 2185 1969 2238 rebus
2022 2185 2309 2254 omnibus;
2369 2186 2532 2257 idque
2573 2202 2738 2240 unum
2789 2187 3072 2240 declarat:
3104 2185 3264 2255 quid-

1691 2272 1822 2342 quid
1861 2281 2102 2327 creatum
2149 2283 2252 2340 est,
2291 2291 2385 2344 per
2419 2275 2653 2330 Verbum
2697 2274 2860 2344 779
2898 2283 2952 2330 et
3004 2290 3032 2328 a
3084 2272 3264 2330 Verbo

1692 2363 1863 2419 fuisse
1911 2365 2255 2434 productum.
2313 2367 2504 2420 Omnia
2578 2367 2715 2420 enim
2759 2382 2850 2435 per
2900 2367 3070 2433 ipsum
3121 2365 3264 2436 facta

1690 2463 1834 2518 sunt,
1865 2463 1912 2508 et
1946 2457 2058 2509 sine
2103 2457 2218 2524 ipso
2247 2456 2446 2526 factum
2486 2467 2561 2511 est
2601 2456 2734 2510 nihil
2765 2457 2807 2508 ⁵.
2850 2455 2949 2510 Ubi
2999 2457 3264 2512 sententia

1691 2543 1758 2596 ad
1793 2545 1906 2598 hinc
1957 2561 2129 2614 usque
2169 2549 2355 2609 verba,
2387 2547 2524 2616 quod
2568 2547 2768 2616 factum
2805 2557 2904 2610 est,
2950 2549 3260 2601 continuari

1691 2637 1882 2700 debet,
1938 2647 1996 2690 ut
2049 2641 2122 2691 ita
2169 2639 2467 2702 discamus,
2521 2643 2700 2694 uunuia
2761 2655 2857 2710 per
2906 2640 3079 2708 ipsum
3145 2655 3266 2694 esse

1693 2728 1853 2792 facta,
1887 2737 1941 2783 et
1976 2731 2093 2784 sine
2147 2731 2266 2800 ipso
2309 2731 2509 2784 factum
2554 2733 2708 2785 nihil.
2763 2731 2965 2786 Deinde
3001 2750 3012 2784 :
3047 2731 3112 2784 In
3153 2733 3265 2800 ipso

1692 2823 1800 2874 rita
1833 2831 1946 2876 erat
1969 2823 2009 2875 °.
2051 2821 2258 2892 Quippe
2293 2825 2347 2877 in
2387 2825 2488 2878 hoc
2535 2825 2796 2878 institutae
2836 2839 2866 2876 a
2906 2821 3111 2876 Joanne
3139 2837 3267 2876 ora-

1694 2913 1858 2967 tionis
1897 2915 2340 2986 consequentiam
2373 2915 2584 2985 impleri
2605 2916 2867 2984 oportuit,
2902 2924 2960 2968 ut
2992 2916 3046 2968 in
3079 2913 3263 2968 Verbo

77 3013 222 3080 Λόγος
249 3009 322 3082 ἦν
362 3011 515 3080 πρὸς
557 3011 662 3066 τὸν
691 3011 856 3074 Θεὸν,
909 3011 1008 3066 καὶ
1044 3011 1186 3076 Θεὸς
1213 3007 1292 3080 ἦν
1328 3013 1360 3064 ὀ
1384 3011 1593 3080 Λόγος.

1703 3005 1843 3074 quod
1875 3013 1980 3070 est,
2007 3021 2127 3075 quae
2152 3015 2278 3061 sunt
2308 3007 2489 3060 (iniuria
2517 3007 2756 3076 perfecte
2783 3007 2966 3062 inesse
2989 3007 3267 3060 communi

87 3100 256 3170 Ἐπειδὴ
290 3097 384 3171 ἦν,
435 3101 534 3156 καὶ
571 3097 666 3170 ἦν,
717 3101 810 3153 καὶ
839 3096 920 3170 ἦν
941 3117 954 3130 ο
993 3102 1084 3154 καὶ
1125 3100 1194 3153 τὰ
1219 3101 1276 3152 ἐν
1302 3099 1450 3170 αὐτῴ
1483 3099 1592 3168 ζωή

77 3187 148 3261 ἦν,
191 3193 276 3246 καί
299 3189 376 3264 ἦν
403 3193 470 3247 τὸ
531 3193 658 3263 φῶς
687 3193 756 3246 τὸ
801 3193 1110 3260 ἀληθινὸν,
1167 3195 1260 3248 καὶ
1313 3192 1376 3246 τὸ
1409 3194 1480 3246 ἐν
1517 3191 1598 3259 τῷ

78 3285 238 3353 κόσμῳ
265 3281 358 3356 ἦν,
411 3287 508 3339 καὶ
550 3287 650 3340 ὅσα
685 3285 812 3357 περὶ
835 3285 1024 3338 τούτου
1065 3281 1153 3356 ἦν,
1193 3287 1258 3338 ἐκ
1285 3283 1597 3355 Πνεύματος

79 3374 198 3440 ἁγίου
229 3375 502 3448 σαφηνίζει
545 3379 573 3429 6
617 3377 884 3448 μακάριος
918 3377 1190 3447 Ἰωάννης,
1243 3375 1304 3428 τὺ
1328 3376 1504 3430 πάντα
1531 3375 1598 3430 δι’

81 3467 204 3519 αὺτοῦ
232 3469 435 3536 ἐγένετο
455 3469 526 3522 τὰ
546 3470 830 3540 γενόμενα.
875 3469 1144 3542 Ἀνώτερα
1173 3469 1192 3500 ³
1235 3469 1290 3522 δὲ
1311 3469 1416 3522 τῶν
1449 3486 1599 3538 γενος

87 3557 222 3626 μένων
267 3559 420 3623 αὐτὸς
447 3562 478 3612 6
505 3561 574 3613 τὰ
609 3561 786 3614 πάντα
837 3563 1086 3632 ποιήσας.
1117 3561 1278 3629 Λέγει
1307 3560 1362 3614 δὲ
1389 3563 1422 3629 ἡ
1457 3561 1601 3630 Γρα-

85 3649 138 3718 9i;-
183 3649 238 3702 δι’
285 3650 444 3705 αὑτοῦ
499 3653 676 3706 πάντα
734 3653 1046 3722 γεγονέναιο
1103 3653 1204 3704 οὐκ
1247 3651 1495 3722 ὠνόμασε
1543 3651 1600 3704 δὲ

85 3743 180 3794 ποῖά
197 3744 296 3797 ἐστι
319 3745 382 3798 τὰ
407 3746 690 3814 γεγονότα.
743 3745 994 3798 ’Υπόνοια
1019 3744 1128 3815 γάρ
1155 3743 1388 3814 οὐδαμοῦ
1407 3739 1474 3814 ἦν
1507 3761 1604 3796 πο-

87 3833 250 3902 νηρίας,
287 3836 370 3888 ἵνα
416 3838 490 3908 μή
543 3854 686 3900 τινες
742 3836 1079 3906 ὑπονοήσωσι
1104 3837 1174 3890 τὰ
1224 3835 1297 3906 μὴ
1332 3835 1480 3899 ὄντα,
1508 3836 1604 3888 καὶ

90 3923 462 3998 βλασφημήσωσι
521 3930 583 3982 τὸ
625 3929 890 4000 ἄτρεπτον
943 3927 1038 3982 καὶ
1063 3927 1414 3982 ἀναλλοίωτον
1451 3927 1604 3996 ἅγιον

89 4013 186 4068 Θεοῦ
221 4017 444 4088 Πνεῦμα.
495 4019 574 4070 Δι’
623 4019 820 4082 αὐτοὺς
853 4019 960 4090 γάρ
1013 4035 1178 4090 φησιν
1215 4020 1244 4071 6
1269 4017 1490 4089 Κύριος,
1523 4017 1604 4070 δτι

99 4107 205 4160 Ἐάν
233 4127 312 4175 τις
337 4111 474 4180 εἴπῃ
495 4112 682 4180 λόγον
707 4115 795 4178 εἰς
823 4112 930 4166 τὸν
971 4112 1106 4166 Υίὸν
1137 4111 1245 4166 τοῦ
1271 4109 1604 4178 ἀνθρώπου.

93 4197 392 4265 ἀφεθήσεται
423 4200 602 4266 αὐτῷ.
645 4201 878 4272 Ἐὰνιδέ
914 4219 970 4255 τι
1027 4201 1184 4256 εἴποι
1211 4203 1297 4267 εἰς
1329 4200 1396 4254 τὸ
1439 4200 1608 4270 ἅγιον

95 4290 298 4360 Πνεῦμα,
333 4295 440 4347 οὐκ
482 4293 846 4362 ἀφεθήσεται
897 4292 1079 4360 αὐτῷ,
1115 4292 1256 4346 οὐδὲ
1293 4288 1428 4356 ὦδε,
1464 4291 1606 4346 οὐδὲ

95 4379 142 4429 ἑν
161 4380 222 4446 τῷ
235 4382 510 4450 μέλλοντι
533 4383 720 4438 αἰῶνι.
757 4383 986 4438 Ἥλίθιον
1015 4385 1124 4456 γάρ
1153 4383 1342 4438 ὲστιτὸ
1376 4385 1482 4438 πᾶν
1509 4383 1604 4438 τοῦ

97 4470 214 4526 αὑτοῦ
241 4473 406 4544 λόγου.
461 4474 622 4530 Κατὰ
669 4475 726 4527 δὲ
754 4475 851 4545 τὴν
903 4474 1218 4546 βλάσφημον
1265 4475 1440 4528 αὐτῶν
1476 4474 1608 4526 ὑπό-

99 4577 204 4616 νοιαν
249 4567 528 4635 ἀντιλέξειέ
563 4585 647 4630 τις
677 4569 878 4631 αὐτοῖς,
924 4567 1016 4620 καὶ
1056 4567 1198 4620 εἴποι
1223 4583 1236 4597 °
1281 4563 1352 4620 Ὠ
1375 4569 1608 4635 γενναῖοι

100 4657 310 4723 σοφισταὶ,
337 4659 425 4711 καὶ
475 4657 584 4710 τῶν
635 4658 806 4726 λόγων
839 4657 1204 4728 διαστροφεῖςῐ
1261 4657 1310 4708 οἱ
1355 4654 1611 4726 βουλόμε-

102 4761 156 4798 νοι
190 4749 268 4802 σὺν
307 4753 412 4812 τοῖς
459 4749 738 4818 γεγονόσιν
778 4748 1030 4820 ἀριθμεῖν
1082 4749 1142 4800 τὺ
1181 4749 1333 4817 ἅγιον
1385 4746 1610 4818 Πνεῦμα

101 4836 166 4890 τοῦ
203 4839 337 4906 θεοῦ,
368 4842 452 4894 διὰ
502 4841 562 4894 τὸ
609 4841 770 4912 ῥητὸν
818 4841 898 4906 τὸ,
942 4841 1022 4894 Δι’
1063 4839 1248 4894 αὐτοῦ
1290 4838 1363 4892 τὰ
1407 4839 1603 4892 πάντα

103 4925 301 4993 ἐγένετο,
343 4931 446 4984 ἀπὸ
501 4930 594 4983 τοῦ
633 4931 826 4994 εἰπεῖν,
855 4931 936 4983 ὅτι
985 4928 1197 4992 πάντα,
1225 4927 1474 4999 μηδαμοῦ
1513 4929 1603 4981 ὅν-

106 5030 168 5080 τῡς
205 5021 284 5072 σὺν
318 5023 477 5076 πᾶσιν
503 5021 902 5092 ἀριθμουμένου
952 5018 1045 5072 τοῦ
1080 5019 1233 5088 ἁγίου
1269 5019 1602 5089 Πνεύματος.

111 5107 212 5178 Ἄρα
243 5113 356 5179 γοῦν
405 5117 500 5168 καὶ
537 5113 878 5184 διανοηθῆναι
917 5111 1158 5182 ὀφείλετε
1183 5151 1196 5176 ,
1237 5111 1270 5182 ἢ
1312 5111 1408 5164 καὶ
1453 5111 1609 5174 ἄλλος

109 5217 166 5264 τις
205 5207 370 5279 χείρων
402 5209 553 5280 ὑμῶν
606 5209 812 5280 ἕτερος,
864 5205 1075 5262 καὶτὸν
1103 5206 1324 5278 Πατέρα
1367 5203 1456 5258 διὰ
1514 5203 1608 5257 τοῦ

113 5291 204 5346 Tibi
241 5299 518 5366 γεγονέναι,
561 5300 702 5354 κατὰ
760 5300 858 5372 τὴν
905 5299 1220 5370 βλάσφημον
1269 5297 1422 5370 ὑμῶν
1472 5296 1606 5350 ὑπό-

111 5399 234 5441 νοιαν.
275 5391 424 5462 Ἐμοῦ
481 5393 588 5464 γὰρ
642 5391 1143 5464 συμπεριληπτικός
1189 5394 1334 5446 ἐστιν
1374 5393 1402 5444 ὁ
1453 5389 1610 5459 λόγος

115 5479 282 5544 (verem
312 5487 374 5540 τά
401 5489 572 5544 πάντα
604 5487 668 5541 δι’
694 5487 856 5541 αὑτοῦ
915 5486 1216 5556 γεγονέναι.
1268 5487 1331 5539 Et
1359 5485 1416 5539 δὲ
1451 5485 1612 5556 βλάσ-

167 5657 246 5736 3F;-
274 5663 484 5736 ,μέχριςο
520 5735 527 5736 ,
595 5667 614 5697 ’
651 5664 709 5718 Ρ·
733 5663 1192 5736 πεπληρωμένως·

120 5661 246 5782 ἰδίξῖ
271 5680 553 5792 θῗεχῗῖἷίᾱ.
589 5664 709 5790 ᾖξ’
733 5663 1250 5804 Ἷῗῖἶξπίξῗλέῖει
1283 5661 1742 5800 ξλιῗτῗίωῖἧῗρὲἓῖ

1701 3098 2047 3154 confessione
2078 3107 2375 3153 constaret.
2429 3097 2496 3152 In
2535 3099 2768 3168 principe
2807 3099 2950 3154 enim
2988 3111 3101 3152 erat
3145 3097 3268 3152 Ver-

1699 3190 1844 3254 bum,
1871 3201 1920 3246 et
1965 3191 2184 3245 Verbum
2213 3201 2326 3246 erat
2355 3190 2494 3260 apud
2523 3191 2712 3254 Deum,
2741 3201 2790 3246 et
2827 3190 2964 3245 Deus
2996 3201 3106 3245 erat
3143 3189 3272 3244 Ver-

1699 3284 1886 3338 bum".
1943 3283 2387 3354 Quandoquidem
2434 3294 2568 3348 erat,
2635 3291 2688 3338 et
2732 3293 2866 3348 erat,
2924 3293 2976 3338 et
3027 3294 3184 3338 erat:
3215 3292 3271 3338 et

1698 3377 1804 3431 vita
1828 3388 2002 3442 erant,
2032 3393 2152 3446 qua-
2178 3377 2230 3430 in
2261 3377 2379 3448 ipso
2412 3385 2539 3432 sunt
2571 3395 2583 3430 :
2617 3385 2671 3432 et
2703 3389 2818 3430 erat
2846 3377 2937 3430 lux
2969 3393 3089 3431 uera
3130 3379 3172 3442 ⁸,
3212 3387 3266 3432 et

1700 3469 1754 3521 in
1799 3468 1994 3522 mundo
2052 3469 2226 3531 erat”,
2269 3483 2332 3522 ac
2362 3483 2482 3537 qua:
2516 3468 2583 3522 ad
2620 3469 2722 3522 hoc
2765 3469 2942 3538 ipsum
2971 3470 3272 3524 attinebant

1702 3561 1878 3616 sancti
1947 3559 2184 3630 Spiritus
2233 3559 2412 3614 afﬂatu
2477 3559 2666 3614 beatus
2718 3559 2954 3616 Joannes
3007 3562 3270 3618 declarat.

1703 3649 1918 3712 Omnia,
1953 3651 2150 3720 inquit,
2205 3665 2298 3720 per
2351 3650 2532 3720 ipsum
2583 3649 2726 3703 facta
2779 3657 2925 3711 sunt,
2959 3665 3078 3720 quae
3127 3650 3272 3704 facta

1705 3751 1853 3798 sunt.
1889 3741 2060 3796 Porro
2101 3757 2266 3810 supra
2298 3755 2360 3796 ea
2395 3757 2516 3810 quae
2547 3739 2685 3796 facta
2729 3752 2857 3798 sunt
2889 3743 2979 3798 ille
3007 3743 3274 3798 constitu-

1704 3839 1795 3888 tus
1823 3839 1926 3895 est,
1955 3847 1986 3886 a
2013 3847 2122 3902 quo
2149 3831 2287 3886 facta
2323 3839 2450 3887 sunt
2493 3833 2698 3886 omnia.
2731 3832 2886 3898 Quod
2911 3843 3088 3889 autem
3125 3833 3276 3889 Scri-

1705 3932 1863 3994 ptura
1901 3939 2026 3978 cum
2073 3924 2301 3980 dixisset
2352 3923 2496 3977 facta
2535 3939 2657 3979 esse
2703 3926 3012 3994 perpipsum
3055 3925 3272 3991 omnia;

1706 4031 1952 4086 quaenam
1971 4017 2060 4070 illa
2081 4015 2258 4071 forent
2281 4016 2602 4070 nominatim
2631 4017 2774 4070 haud
2791 4020 3140 4087 expresserit.
3157 4020 3272 4073 haec

1707 4122 1828 4164 esse
1857 4121 2024 4162 causa
2061 4107 2296 4172 videtur,
2329 4108 2472 4176 quod
2505 4108 2653 4161 nulla
2694 4117 2808 4162 tum
2837 4117 2982 4164 esset
3007 4109 3274 4178 ejusmodi

1708 4199 2074 4269 improbitatis
2135 4200 2396 4270 suspicio,
2435 4209 2494 4254 ut
2553 4201 2794 4255 nonnulli
2841 4199 2974 4256 falsa
3028 4201 3274 4270 quaedam

1710 4292 1814 4348 sibi
1848 4293 2107 4362 opinione
2156 4293 2418 4363 ﬁngentes
2474 4293 2732 4348 adversus
2788 4293 3177 4346 immutabilem
3210 4309 3276 4348 ac

1714 4393 1962 4442 sanctum
1999 4385 2091 4439 Dei
2122 4384 2384 4456 Spiritum
2415 4385 2822 4440 contumeliosis
2847 4383 3074 4440 vocibus
3103 4385 3274 4438 aude-

1708 4483 1831 4532 rent
1883 4473 2184 4543 insurgere.
2233 4473 2308 4528 De
2347 4473 2455 4530 illis
2505 4474 2648 4528 enim
2704 4474 3016 4544 accipienda
3060 4483 3144 4530 est.
3185 4476 3278 4530 illa

1708 4565 1924 4622 Domini
1955 4565 2258 4620 sententia:
2291 4563 2351 4619 Si
2379 4566 2494 4634 quis
2541 4564 2736 4618 dixerit
2759 4566 2964 4620 verbum
2991 4567 3044 4619 in
3077 4564 3278 4620 Filium

1710 4659 1957 4724 hominis,
1997 4659 2292 4712 remittetur
2321 4659 2442 4727 ipsi.
2475 4657 2568 4714 Sin
2615 4667 2789 4712 autem
2829 4659 3020 4714 dixerit
3063 4662 3116 4714 in
3155 4660 3280 4730 Spi-

1711 4749 1872 4801 ritum
1903 4757 2165 4811 sanctum,
2209 4765 2311 4802 non
2349 4750 2643 4804 remittetur
2681 4751 2805 4818 ipsi.
2857 4767 3018 4819 neque
3045 4753 3148 4818 hic,
3191 4770 3282 4807 ne—

1699 4857 1796 4911 que
1829 4841 1882 4892 in
1912 4840 2094 4907 futuro
2132 4840 2325 4894 swculo
2353 4841 2417 4896 ¹⁰.
2471 4841 2535 4895 Et
2561 4857 2692 4897 vero
2725 4843 3074 4898 stolidissima
3105 4856 3191 4900 est
3215 4847 3284 4898 ii-

1707 4933 1882 4986 lorum
1937 4933 2096 4988 ratio.
2133 4933 2242 4987 lmo
2288 4949 2418 4988 vero
2454 4950 2518 4989 ex
2553 4935 2654 4990 hac
2705 4936 2946 5004 ipsorum
2999 4937 3280 5007 opinione,

1712 5038 1834 5094 qum
1866 5039 1988 5078 cum
2039 5039 2252 5078 summa
2306 5023 2360 5077 in
2407 5023 2572 5080 Deum
2612 5025 2940 5080 contumelia
2988 5026 3280 5094 conjuncta

1715 5131 1818 5182 est,
1849 5119 1930 5174 sic
1958 5131 2053 5172 eos
2083 5131 2414 5194 oppugnare,
2447 5128 2500 5171 et
2555 5117 2620 5170 ad
2649 5131 2771 5171 eum
2809 5116 3025 5170 modum
3076 5116 3282 5172 instare

1719 5211 1842 5266 licet
1868 5229 1882 5264 :
1913 5209 1958 5266 Ο
1983 5209 2227 5280 praeclari
2259 5209 2515 5279 scphistu:
2539 5225 2602 5262 ac
2632 5207 3126 5277 detorquendorum
3165 5225 3284 5262 ver-

1715 5303 1907 5357 borum
1939 5301 2196 5366 artifices,
2219 5302 2418 5372 quibus
2445 5308 2730 5370 pr0pterea
2755 5308 3002 5354 sanctum
3037 5299 3126 5354 Dei
3161 5301 3284 5368 Spi-

1715 5396 1880 5448 ritum
1915 5393 1982 5449 iis
2011 5394 2174 5450 rebus
2201 5409 2322 5464 qua:
2349 5392 2506 5446 facta:
2551 5400 2678 5446 sunt
2731 5394 3078 5448 annumerari
3129 5394 3281 5454 libet.

1717 5485 1859 5556 quod
1895 5485 1967 5538 ita
2002 5485 2261 5556 scriptum
2293 5484 2398 5540 sit:
2425 5481 2530 5537 Per
2559 5483 2729 5552 ipsum
2757 5483 2938 5536 omnia
2964 5483 3110 5554 {acta
3139 5495 3281 5538 sunt.

2297 5662 2318 5692 ⁵
2345 5658 2473 5716 ibid.
2517 5661 2568 5715 ι.
2667 5663 2686 5694 ⁸
2735 5659 2868 5719 ibid.

1821 5662 1842 5693 δ
1871 5659 2028 5717 Juan.
2063 5677 2098 5726 ι,
2133 5661 2184 5716 3.
2297 5662 2318 5692 ⁵
2345 5659 2473 5716 ibid.
2517 5661 2568 5715 ι.
2667 5663 2686 5694 ⁸
2735 5659 2868 5719 ibid.
3000 5659 3022 5692 "
3061 5659 3192 5716 ibid.
3231 5659 3282 5716 l.
