3826 6206
568 285 665 340 991
1974 298 2029 355 S.
2068 298 2079 351 i

2239 296 2413 352 iIANII
3683 310 3750 367 29,

572 411 927 481 Consequens
956 412 1120 483 igitur
1164 425 1248 470 est
1280 424 1339 470 ut
1384 417 1570 472 eadem
1623 432 1721 470 vos
1755 416 1985 479 ratione,
2039 430 2083 466 νε

2240 430 2311 483 φη
2323 430 2419 483 μον
2445 413 2574 483 περὶ
2606 412 2700 466 τοῦ
2743 413 2956 486 Πατρδς
2998 414 3307 483 λογίζεσθαι
3340 419 3399 473 τὸ
3419 421 3658 487 τοιοῦτον,
3689 434 3750 481 ut

575 503 718 557 alius
749 504 872 573 quis
904 508 1057 560 vobis
1084 507 1321 563 deterior
1350 510 1418 563 ita
1450 511 1632 563 animo
1672 508 1983 577 concipiat:
2028 505 2086 559 P2

2243 503 2445 573 μωρὸν,
2476 502 2536 554 τὸ
2581 502 2768 573 ὅμοιον
2791 504 2885 557 καὶ
2915 504 3008 557 ἐπὶ
3035 509 3147 569 τοῖς
3178 508 3569 579 διανοουμένοις
3596 515 3673 566 ἐπὶ
3691 521 3751 573 τςι]

571 606 710 649 trem
740 596 914 665 ipsum
934 613 1029 666 per
1048 598 1243 653 Filium
1264 615 1385 654 esse
1419 599 1642 662 iactum,
1663 615 1727 653 ex
1759 600 1924 669 impia
1948 607 2082 652 vesti

2241 594 2395 662 ἁγίου
2424 593 2753 664 Πνεύματος,
2810 596 2904 649 τοῦ
2947 598 3045 651 σὺν
3082 600 3257 671 Πατρὶ
3293 602 3671 674 ἀριθμουμένου
3692 617 3752 665 καὶ

568 688 861 742 sententia.
898 688 1204 745 Generatim
1236 692 1434 760 quippe
1464 701 1726 759 concepta
1778 700 1860 745 est
1907 691 2079 744 oratio

2241 684 2371 754 Υίῷ.
2398 685 2461 737 El
2494 683 2603 755 γὰρ
2635 682 2701 755 ἦν
2760 686 2868 739 τῶν
2898 690 3220 758 γεγονότων,
3252 692 3352 745 οὐκ
3370 692 3433 746 ἂν
3460 694 3539 764 τῷ
3574 698 3752 764 anim

568 776 755 831 omnia
806 793 902 846 per
950 779 1127 849 ipsum
1185 796 1308 835 esse
1360 782 1523 834 facta.
1581 782 1788 845 Quodsi
1845 782 1951 835 tale
1994 780 2079 849 qui

2241 776 2413 846 [Ιατρὶ
2442 776 2534 829 καὶ
2564 776 2676 847 Υίῴ
2700 777 2940 849 ἀκτίστῳ
2966 782 3366 852 συνηριθμεῖτο.
3409 760 3543 838 Ἀλλ’
3563 760 3752 844 61:61a-

567 868 639 922 de
681 866 840 924 Patre
887 872 1156 939 suspicari
1210 874 1436 941 impium
1493 889 1557 926 ac
1609 874 1867 927 stolidum
1902 881 2024 933 est;

2240 870 2363 922 στόν
2388 870 2555 933 ἐστιν,
2599 871 3032 942 συναριθμεῖται.
3069 872 3202 927 Eine
3237 875 3346 949 γάρ
3371 894 3386 907 ·
3435 877 3751 949 Ἀπελθόντες

568 960 747 1030 ipsum
772 974 825 1017 et
847 964 912 1018 de
938 965 1047 1019 illis
1077 966 1502 1021 existimandum
1529 967 1716 1034 estqui
1740 966 1844 1019 hoc
1868 966 1932 1018 ad
1966 963 2079 1033 Spir

2240 962 2569 1026 βαπτίσατε
2596 966 2684 1029 εἰς
2713 965 2899 1034 ὄνομα
2922 967 3173 1035 Πατρός,
3203 968 3300 1021 καὶ
3333 969 3487 1035 Υἱοῦ,
3514 972 3605 1025 καὶ
3631 974 3751 1043 ἁγίου

560 1064 675 1109 tum
711 1064 964 1110 sanctum
1004 1057 1364 1123 transferunt,
1400 1058 1492 1128 qui
1528 1073 1650 1111 cum
1682 1056 1842 1111 Patre
1890 1056 2071 1126 Filioq‘

2243 1056 2600 1125 Πνεύματος.
2636 1056 2765 1121 Πῶς
2796 1057 2850 1110 δὲ
2878 1058 3095 1111 κτιστὸν
3127 1058 3213 1130 εἴη
3248 1060 3310 1113 τὸ
3344 1060 3564 1131 Πνεῦμα
3584 1062 3637 1116 τὸ
3661 1084 3754 1136 μαρ-

559 1156 903 1200 ιιιιιιιεῑιιιιιτ.
939 1144 1075 1199 Nam
1122 1146 1169 1201 s-i
1206 1162 1385 1201 rerum
1424 1147 1692 1200 factarum
1733 1145 1924 1200 ordine
1953 1154 2070 1200 cont

2240 1146 2583 1219 πυρούμενον,
2619 1148 2701 1201 ὅτι
2750 1148 2852 1202 Ἕκ
2880 1147 2987 1202 τοῦ
3019 1147 3253 1217 Πατρός
3279 1150 3662 1221 ἐκπορεύεται,
3688 1158 3751 1211 ul

562 1246 807 1313 neretur,
842 1254 966 1297 cum
1006 1239 1247 1293 increato
1298 1238 1457 1293 Patre
1486 1248 1539 1293 et
1591 1238 1831 1292 increato
1860 1237 1999 1291 Filio
2039 1254 2070 1291 n

2242 1236 2303 1289 ἐκ
2330 1236 2436 1290 τοῦ
2468 1236 2614 1305 ἐμοῦ
2651 1236 2938 1306 λαμϐάνει
2954 1256 2974 1304 ;
3012 1238 3079 1292 δι’
3107 1233 3167 1293 οῦ
3195 1240 3290 1293 καὶ
3311 1242 3343 1311 ἠ
3368 1240 3550 1297 τελεία
3581 1244 3674 1296 τῶν
3694 1248 3753 1297 ἁν-

556 1343 832 1398 quaquam
879 1330 1253 1385 numerandus
1285 1340 1469 1396 esset;
1523 1331 1616 1384 sed
1664 1330 1807 1399 quod
1858 1330 2062 1383 increat

2241 1327 2469 1399 θρώπων
2498 1330 2760 1400 σωτηρία,
2814 1331 2908 1384 καὶ
2945 1330 3205 1403 ἕνσαρκος
3262 1335 3559 1405 οἰκονομία,
3598 1338 3663 1400 εἰς
3683 1341 3752 1391 πί-

558 1421 651 1483 sit,
688 1421 894 1475 idcirco
926 1431 1261 1478 numeratur.
1296 1424 1458 1493 780
1484 1423 1737 1479 Christus
1768 1422 1915 1478 enim
1953 1422 2062 1475 dixi

2243 1436 2333 1473 σαν
2361 1420 2643 1474 δικαίωσιν
2667 1421 2979 1494 ἐπληρώθη.
3010 1425 3259 1493 Ἕχρισε
3294 1425 3405 1495 γὰρ
3430 1428 3610 1481 αὑτὸν
3624 1434 3754 1484 Πνείκ

557 1510 756 1566 Euutes
780 1513 1059 1581 baptizata
1090 1516 1143 1566 in
1172 1516 1379 1567 nomine
1408 1514 1610 1579 Patris,
1648 1524 1695 1568 et
1726 1513 1877 1578 Filii,
1920 1524 1969 1567 et
2002 1515 2068 1582 Sp

2241 1530 2371 1581 ματι
2396 1513 2561 1581 ἁγίῳ,
2594 1515 2812 1584 φησὶνὴ
2847 1514 3037 1587 Γραφὴ
3070 1517 3196 1588 περὶ
3221 1517 3315 1570 τοῦ
3352 1520 3573 1591 Κυρίου.
3601 1523 3691 1575 Οὐκ
3712 1526 3752 1576 ἄν

554 1606 691 1658 ritus
739 1606 910 1659 sancti
951 1607 988 1659 '.
1035 1604 1267 1671 Quinam
1313 1621 1472 1675 porro
1521 1616 1738 1661 creatus
1784 1622 1904 1661 esse
1954 1615 2065 1676 pott

2242 1605 2286 1658 5ὲ
2321 1606 2416 1677 τὴν
2451 1605 2714 1676 ἕνσαρκον
2746 1609 3055 1678 οἰκονομίαν
3087 1610 3184 1661 σὺν
3207 1608 3283 1680 τῷ
3312 1610 3430 1681 Θεῷ
3465 1612 3613 1681 Λόγῳ
3659 1617 3753 1683 ἡνω-

557 1697 794 1767 Spiritus
835 1698 943 1759 ille,
980 1699 1047 1752 de
1089 1713 1200 1769 quo
1242 1698 1315 1751 ita
1362 1707 1591 1753 testatur
1626 1719 1637 1753 :
1672 1702 1715 1751 Α
1752 1698 1915 1752 Patre
1954 1714 2068 1766 proc

2239 1697 2403 1767 μένην
2440 1700 2518 1760 είς
2575 1698 2702 1768 μίαν
2755 1698 2983 1769 θεότητα
3016 1699 3231 1769 ἔχρισεν
3256 1702 3285 1753 6
3317 1703 3507 1773 Πατὴρ
3532 1706 3750 1774 κτίσματι.

554 1790 634 1843 dit
664 1792 705 1853 ¹,
743 1800 792 1843 et
836 1794 898 1844 de
944 1806 1055 1843 meo
1092 1791 1281 1859 accipit
1320 1791 1378 1843 3?
1425 1806 1518 1859 per
1549 1788 1707 1860 quem
1748 1800 1801 1844 et
1846 1791 2065 1845 homiuu

2244 1784 2381 1840 ‘AD.’
2430 1788 2616 1860 ἐπειδὴ
2652 1790 2749 1859 μία
2784 1790 2928 1843 ἐστὶν
2983 1791 3237 1862 ὴΤριὰς,
3292 1794 3423 1861 τρία
3466 1794 3646 1859 τέλεια,
3688 1800 3752 1865 μα

554 1883 793 1955 perfecta
840 1885 989 1939 salus
1017 1893 1071 1938 et
1114 1885 1419 1939 incarnatio
1446 1884 1512 1938 ad
1540 1900 1754 1938 omnem
1780 1884 2063 1953 justiiicati

2240 1880 2440 1951 336mg,
2465 1882 2571 1934 ἔδει
2601 1884 2657 1934 ἐν
2683 1881 2759 1951 τῷ
2796 1882 2909 1953 Υἱῷ
2948 1884 3301 1954 οἰκονομικῶς
3329 1885 3489 1938 τοῦτο
3536 1874 3751 1955 γενέσθαι,

556 1992 680 2031 nem
725 1987 808 2031 est
848 1976 1103 2047 impleta?
1139 1975 1300 2029 Unxit
1328 1978 1464 2030 enim
1494 1976 1643 2029 illum
1675 1974 1875 2045 Spiritu
1920 1988 2067 2031 sanct

2239 1974 2335 2035 ἵνα,
2356 1974 2670 2027 παντάπασι
2690 1973 3042 2045 δοξαζομένη,
3066 1976 3124 2027 ἐν
3144 1976 3349 2029 ἅπασιν
3371 1977 3537 2049 νοηθῇ
3567 1979 3750 2050 Wes.

556 2069 632 2124 ait
677 2069 956 2140 Scriptura
986 2071 1052 2125 de
1081 2071 1365 2125 Domino“.
1410 2070 1695 2139 Nunquam
1724 2077 1901 2124 autem
1932 2070 2060 2123 hum

2241 2064 2498 2137 καθάπερ,
2532 2065 2671 2118 κατά
2711 2066 2896 2119 πασῶν
2925 2066 3031 2119 τῶν
3057 2068 3319 2138 αἱρέσεων
3340 2070 3471 2139 περὶ
3499 2070 3752 2139 “vatium;

558 2175 686 2213 nam
733 2162 878 2217 illam
925 2169 1173 2215 naturam
1208 2161 1260 2213 in
1291 2176 1452 2214 unam
1487 2160 1821 2214 divinitatem
1853 2174 1977 2215 cum
2017 2159 2069 2212 Ι)‹

2239 2156 2597 2228 διηγούμενοι,
2630 2159 2689 2210 ού
2730 2160 2879 2230 μίαν,
2926 2158 2985 2210 ού
3016 2158 3108 2211 δύο
3152 2159 3461 2231 μαρτυρίας
3494 2162 3750 2227 εἰσενέγκα-

550 2248 732 2307 Verbo
768 2253 1115 2323 coniunctam
1162 2262 1413 2307 creatura
1460 2252 1643 2321 aliqua
1700 2250 1857 2307 Pater
1893 2254 2058 2323 inung

2239 2267 2348 2321 μεν,
2379 2250 2461 2301 ὃτι
2491 2250 2625 2303 Θεοῦ
2658 2253 2770 2304 ἐστι
2809 2249 3031 2321 Πνεῦμα
3063 2251 3157 2303 σὺν
3196 2252 3370 2325 Πατρὶ
3400 2252 3498 2305 καὶ
3515 2251 3618 2321 Υίῷ
3640 2252 3750 2317 δοξα-

549 2348 652 2395 ret.
696 2340 851 2396 Nunc
878 2358 1000 2396 cum
1044 2358 1151 2396 una
1198 2343 1268 2397 sit
1301 2341 1561 2405 Trinitas,
1607 2342 1819 2411 triaque
1861 2341 2060 2412 perfect

2240 2342 2478 2413 ζὸμενον,
2517 2343 2788 2408 ἄκτιστον,
2831 2342 2926 2396 καὶ
2969 2344 3277 2413 ἄτρεπτον,
3319 2345 3415 2396 καὶ
3440 2344 3647 2399 τέλειον,
3671 2344 3751 2408 Ἐξ-

548 2442 604 2487 et
633 2449 737 2487 una
768 2435 1048 2498 divinitas,
1081 2434 1484 2504 dispensatione
1510 2433 1742 2504 quadam
1776 2434 1892 2489 ﬁeri
1930 2435 2033 2489 hoc

2241 2434 2391 2487 ἔπεσε
2424 2433 2479 2486 δὲ
2509 2434 2603 2488 καὶ⁵
2630 2436 2799 2506 ὁπερὶ
2822 2435 3009 2488 τούτου
3044 2435 3151 2487 τῶν
3177 2434 3614 2503 φιλονεικούντων
3640 2436 3752 2503 λόγος

551 2522 690 2577 Filio
725 2526 933 2589 debuit,
976 2534 1033 2578 ut
1080 2526 1135 2579 in
1165 2526 1419 2581 omnibus
1458 2527 1616 2581 laude
1660 2541 1725 2581 ac
1770 2528 1941 2597 gloria
1974 2529 2062 2583 celi

1133 2526 1419 2581 tom-ibus
1458 2527 1616 2581 laude
1660 2541 1725 2581 ac
1770 2528 1941 2597 gloria
1974 2529 2118 2583 cele-
2227 2525 2396 2580 ὁκαίΓ
2419 2526 2644 2580 ἑαυτῶν.

549 2620 705 2674 brata
738 2628 1158 2691 cognosceretur
1188 2620 1446 2676 Trinitas.
1488 2621 1954 2688 Quemadmodum
1989 2639 2112 2678 cum
2144 2621 2404 2676 adversus
2438 2620 2672 2677 bazreses
2706 2636 2896 2676 omnes
2936 2622 3005 2677 de
3037 2620 3243 2692 Spiritu
3273 2629 3469 2679 sancto
3505 2620 3754 2690 disputare.

547 2729 694 2777 mus,
726 2730 836 2769 non
863 2730 973 2770 uno
997 2723 1093 2770 aut
1124 2716 1295 2771 altero
1324 2717 1636 2772 testimonio
1666 2719 2016 2787 probavimus
2058 2719 2149 2774 Dei
2177 2733 2300 2775 esse
2330 2717 2611 2788 Spiritum,
2639 2719 2733 2787 qui
2762 2732 2887 2772 cum
2913 2718 3072 2773 Patre
3102 2726 3155 2772 et
3182 2718 3319 2772 Filio
3351 2716 3672 2771 collaudetur
3692 2719 3752 2771 in.

545 2817 788 2871 creatus,
820 2808 1179 2865 immutabilis
1202 2818 1255 2864 et
1284 2809 1577 2881 perfectus.
1595 2809 1959 2879 Quamobrem
1988 2813 2093 2868 hac
2120 2812 2175 2867 in
2200 2818 2355 2883 parte
2378 2812 2846 2868 contentiosorum
2879 2812 3258 2867 haereticorum
3279 2812 3506 2866 exclusa
3538 2813 3661 2865 ratio
3678 2818 3753 2871 est,

554 2913 673 2967 qua:
696 2900 751 2953 in
786 2900 909 2955 illos
942 2902 1088 2971 ipsos
1122 2902 1337 2957 recidit.

615 3015 771 3071 LVII.
826 3017 1055 3089 Reliqua
1096 3021 1260 3075 modo
1301 3037 1422 3091 quae
1474 3022 1666 3078 afferre
1721 3025 1897 3080 solent
1936 3025 2120 3081 consi-

2291 3024 2417 3077 NZ'.
2451 3023 2619 3077 Πάλιν
2644 3023 2702 3076 δὲ
2726 3024 2807 3086 είς
2833 3023 2934 3086 τὰς
2962 3022 3127 3087 ἄλλας
3164 3022 3345 3076 αὐτῶν
3371 3021 3547 3087 λέξεις
3575 3021 3752 3083 ἑαυτοὺς

544 3108 817 3163 deremus.
856 3109 1008 3165 Hanc
1044 3112 1187 3166 enim
1220 3122 1483 3183 praeterea
1532 3114 1754 3183 Domini
1788 3117 2055 3172 sententia

2242 3115 2514 3187 ιπιδῶμεν.
2558 3116 2697 3169 Φασὶ
2731 3116 2839 3186 γὰρ
2880 3116 3041 3169 πάλιν
3082 3116 3141 3168 τὸ
3195 3116 3356 3187 ῥητὸν
3412 3116 3516 3167 οὐκ
3567 3113 3753 3178 εὐλόγως

546 3201 879 3269 perabsurde
932 3202 1236 3271 proferunt,
1317 3221 1425 3274 qua
1474 3207 1691 3276 quidem
1769 3208 1884 3277 ipse
1933 3209 2057 3263 dixit

2240 3208 2557 3279 ιατέχοντες,
2607 3208 2875 3270 ὄτιαύτὺς
2924 3207 3025 3277 ἔφη
3083 3208 3355 3277 ὁΣωτήρ’
3405 3208 3470 3261 Τί
3501 3223 3576 3276 με
3599 3208 3751 3272 λέγεις

549 3290 690 3357 Quid
733 3306 812 3344 me
857 3292 991 3346 dicis
1033 3292 1267 3350 bonum?
1315 3293 1457 3348 Unus
1489 3305 1566 3349 est
1609 3297 1772 3351 bonus
1804 3297 1943 3352 Deus
1971 3300 2011 3353 ⁵.
2056 3299 2060 3351 ἱ

2241 3302 2477 3371 ίγαθόν;
2505 3297 2593 3366 εἷς
2627 3301 2798 3354 ἐστὶν
2854 3301 3074 3369 ἀγαθὸς
3104 3303 3135 3354 ό
3172 3302 3346 3366 Θεός·
3391 3302 3489 3354 καὶ
3527 3300 3752 3370 ἁςὼριεεν

546 3395 655 3448 quo
696 3381 1045 3450 semetipsum
1092 3383 1161 3437 ab
1186 3386 1422 3439 essentia
1468 3385 1647 3441 Patris
1686 3396 1739 3441 et
1776 3402 2005 3458 persona
2037 3405 2057 3444 s

2239 3393 2406 3446 ;αυτὸν
2452 3391 2699 3446 ἐντεῦθεν
2756 3391 2864 3445 ἀπὸ
2908 3393 3006 3463 τῆς
3029 3390 3121 3445 τοῦ
3152 3394 3364 3463 Πατρὸς
3387 3394 3577 3455 οὐσίας
3613 3409 3661 3443 τε
3687 3392 3750 3442 καὶ

547 3486 775 3540 parasse
807 3472 1041 3528 videtur.
1077 3473 1279 3530 Verum
1311 3479 1602 3533 ridiculum
1637 3481 1739 3535 hoc
1774 3482 1989 3536 illorum
2021 3497 2051 3536 a

2239 3486 2584 3548 ιποστάσεως.
2605 3486 2676 3538 Τὸ
2702 3485 2759 3537 δὲ
2787 3487 2895 3538 πᾶν
2926 3486 3036 3537 ἐστι
3067 3484 3367 3553 γελοιῶδες.
3394 3486 3460 3537 Εἰ
3487 3486 3588 3555 γὰρ
3613 3488 3636 3537 6
3662 3500 3750 3535 τοσο

543 3572 859 3631 gumentum
907 3574 1008 3620 est.
1059 3564 1192 3620 Nam
1241 3569 1334 3638 qui
1380 3578 1491 3623 tam
1537 3573 1704 3625 multa
1748 3573 1805 3627 in
1842 3589 1944 3628 nos
1974 3574 2054 3628 bo:

2238 3576 2353 3630 ιῦτα
2398 3579 2529 3648 ἡμῖν
2578 3576 2759 3645 ἀγαθᾶ
2791 3578 3105 3647 πεποιηκὼς
3156 3579 3255 3631 οὐκ
3299 3578 3507 3646 ἀγαθὸς
3541 3580 3653 3645 παρ’
3682 3578 3749 3626 αἱ·

541 3654 793 3716 eontulit,
826 3656 1050 3712 minime
1076 3658 1293 3713 illorum
1326 3662 1580 3729 opinione
1624 3664 1801 3719 bonus
1830 3664 2052 3720 habendi

2235 3673 2324 3733 τοῖς
2349 3670 2610 3741 κρίνεται,
2640 3668 2732 3722 καὶ
2759 3669 2843 3732 τίς
2873 3669 2953 3722 ἔτι
2982 3670 3170 3723 τούτου
3232 3669 3627 3741 μοχθηρότερος
3652 3670 3746 3738 εἴης

541 3754 646 3800 est.
701 3746 835 3811 Quis
887 3748 1013 3819 litigi
1061 3759 1239 3819 potest
1287 3752 1623 3822 improbior?
1672 3756 2052 3827 quandoquide

2234 3764 2296 3815 ίτι
2322 3766 2350 3816 6
2381 3762 2629 3826 δεδωκὼς
2660 3764 2759 3835 τὴν
2782 3762 2960 3834 ψυχὴν
2984 3763 3145 3816 αὑτοῦ
3182 3763 3320 3835 ὑπὲρ
3353 3763 3467 3818 τῶν
3491 3764 3745 3836 προϐάτων,

542 3839 635 3908 qui
668 3854 766 3907 pro
810 3841 1003 3897 ovibus
1048 3844 1161 3897 suis
1196 3846 1429 3899 animam
1474 3847 1752 3918 profudit;
1786 3850 1878 3919 qui
1922 3850 1986 3904 ad
2020 3866 2052 3920 p

2237 3876 2242 3903 ι
2272 3858 2337 3926 τῇ
2369 3856 2590 3927 ἑκουσίᾳ
2614 3855 2806 3929 γνώμῃ
2854 3854 3024 3909 ἐλθὼν
3070 3858 3150 3919 εἰς
3183 3856 3243 3909 τὸ
3270 3857 3488 3919 παθεῖν,
3516 3859 3543 3909 6
3580 3854 3748 3923 ἀπαθὴς

540 3933 785 3987 tiendum
827 3944 1021 4003 sponte
1053 3937 1354 4001 descendit,
1385 3955 1506 3994 cum
1560 3942 1817 3996 inununis
1862 3942 1929 3996 ab
1963 3957 2048 3996 om

2234 3946 2344 4010 θεὸς
2394 3945 2489 4012 ὢν,
2539 3949 2620 4001 ὅτι
2670 3949 2821 4019 ὁτὴν
2869 3948 3074 4019 δωρεὰν
3124 3951 3255 4018 ἡμῖν
3285 3949 3643 4019 ποιησάμενος
3667 3947 3745 3996 τῶν

541 4026 797 4094 passione
828 4025 969 4082 Deus
1013 4038 1178 4092 esset,
1218 4032 1308 4100 qni
1340 4032 1661 4087 delictorum
1698 4034 1856 4089 nobis
1882 4035 2051 4104 gratia

2234 4038 2643 4109 ιμαρτημάτων,
2677 4039 2757 4091 ὅτι
2790 4038 2817 4091 6
2853 4038 2951 4101 τὰς
2990 4039 3159 4101 ἰάσεις
3196 4038 3519 4101 ἐπιτελέσας
3545 4040 3598 4092 ἐν
3623 4037 3745 4091 παντὶ

538 4117 686 4184 fecit,
710 4119 801 4189 qui
834 4120 889 4173 in
916 4122 1063 4175 omni
1094 4121 1391 4178 lsraelitico
1413 4126 1611 4195 populo
1638 4127 1988 4197 azgritudines
2023 4142 2047 4180 s

2234 4128 2457 4199 Ἰσραὴλ,
2482 4131 2512 4181 6
2544 4132 2607 4183 ὲκ
2636 4131 2736 4202 τῆς
2768 4131 2933 4184 αὐτοῦ
2963 4130 3300 4202 ἀγαθότητος
3335 4131 3585 4184 τοσοῦτον
3628 4130 3745 4198 γένες

534 4209 703 4273 navit,
728 4212 817 4279 qui
854 4227 953 4280 pro
983 4227 1081 4267 sua
1113 4213 1352 4267 bonitate
1384 4224 1492 4267 tam
1520 4216 1791 4270 inﬁnitum
1824 4217 2045 4270 hominu

2234 4220 2318 4273 τῶν
2365 4221 2666 4294 ἀνθρώπων
2714 4223 3168 4296 περισυναγαγὼν
3209 4226 3267 4277 ὲν
3288 4226 3601 4297 ἁγαθότητι,
3631 4223 3745 4292 ὁτῆς

534 4313 705 4367 genus
737 4302 971 4370 collegit,
1017 4304 1110 4372 qui
1145 4304 1403 4359 bonitatis
1433 4304 1844 4361 administrator
1871 4319 1927 4361 et
1954 4323 2045 4377 pac

2233 4312 2545 4385 ιγαθότητος
2575 4315 2839 4386 πρύτανις
2894 4316 2988 4369 καὶ
3020 4316 3118 4385 τῆς
3168 4317 3389 4387 εἰρήνης
3421 4316 3693 4380 δεσπόζων,
3723 4315 3744 4367 6

538 4390 795 4445 Dominus
830 4402 932 4457 est,
972 4394 1193 4459 bonum,
1233 4398 1478 4466 inquam,
1523 4399 1655 4453 illud
1693 4398 1928 4454 Verbum
1959 4416 2049 4468 qui

2233 4405 2322 4458 ἱνω
2353 4407 2417 4458 ὲκ
2440 4406 2652 4478 Πατρὺς
2682 4408 2883 4476 ἀγαθὸς
2905 4409 3095 4477 Λόγος,
3124 4410 3186 4461 ὲκ
3213 4409 3305 4461 τοῦ
3336 4409 3543 4477 ἀγαθοῦ
3575 4408 3744 4479 Πατῷς

533 4484 602 4537 ab
647 4494 850 4538 aeterno
892 4485 1035 4539 bono
1082 4502 1148 4541 ex
1202 4487 1362 4543 Patre
1400 4490 1644 4559 genitum
1691 4500 1818 4545 est:
1855 4492 1961 4557 Qui
2008 4493 2040 4542 ά

2232 4513 2435 4567 νεγεννη
2445 4498 2620 4568 μένος,
2638 4500 2692 4551 '0
2722 4499 2924 4566 διδοὺς
2944 4502 3175 4571 τροφὴν
3189 4500 3355 4567 πάσῃ
3377 4502 3615 4571 σαρκὶ,ὀ
3630 4502 3743 4568 ἐνερ-

534 4586 707 4621 escam
742 4573 885 4624 omni
924 4575 1070 4627 curui
1097 4577 1138 4637 ⁸,
1194 4578 1287 4645 qui
1333 4579 1388 4632 in
1432 4580 1747 4637 hominibus
1782 4585 2045 4655 caeterisqt

2230 4588 2378 4657 νήσας
2411 4587 2715 4660 ἀνθρώποις
2744 4588 2837 4641 καὶ
2864 4591 2995 4643 πᾶσι
3014 4593 3125 4654 τοῖς
3150 4590 3241 4643 ὑπ’
3262 4590 3424 4643 αὐτοῦ
3457 4589 3741 4659 γεγεννημέ-

535 4674 564 4711 a
631 4676 688 4713 se
755 4664 1035 4729 productis
1100 4669 1357 4722 omnibus
1438 4670 1732 4725 bonitatem
1806 4674 2040 4744 impertii

2233 4694 2312 4741 οις
2344 4681 2508 4733 πᾶσιν
2537 4679 2863 4753 ἁγαθότητα,
2890 4684 2989 4734 οὐκ
3013 4682 3218 4750 ἀγαθὸς
3253 4684 3380 4755 παρ’
3398 4685 3579 4745 αὐτοῖς
3600 4682 3742 4751 κρίνε-

533 4749 713 4805 bonus
743 4752 813 4807 ab
860 4753 968 4809 illis
1014 4772 1124 4811 non
1152 4757 1452 4827 judicatur.
1503 4760 1625 4815 ﬂare
1670 4765 1813 4817 enim
1851 4766 2044 4835 ignora

2226 4786 2308 4823 rat.
2340 4771 2449 4823 Καὶ
2472 4772 2569 4825 ούκ
2600 4774 2776 4826 ἴσασιν
2808 4776 2855 4826 οἱ
2878 4774 3047 4846 λήθην
3081 4776 3291 4840 ἑαυτοῖς
3316 4774 3737 4847 περιποιούμενοι,

534 4842 645 4905 isti,
692 4846 784 4915 qui
840 4848 985 4902 ultro
1037 4850 1142 4905 sibi
1195 4851 1523 4908 oblivionem
1578 4856 1874 4922 asciscunt,
1930 4859 2045 4913 Chr

2228 4880 2279 4915 τι
2304 4864 2437 4935 πρὸς
2454 4864 2544 4918 τὸν
2563 4867 2915 4938 ἐρωτήσαντα
2932 4842 3312 4939 ἀνθυπήνεγκε
3333 4842 3422 4920 τὸν
3441 4842 3612 4935 λόγονξ
3625 4868 3739 4924 ὅπως

534 4946 677 4992 stum
725 4938 1019 4994 Dominum
1076 4942 1125 4997 ei
1176 4944 1267 5013 qui
1319 4944 1385 4999 de
1424 4960 1482 4999 se
1516 4958 1864 5016 percontatus
1897 4949 2045 5007 fuera

2225 4956 2396 5028 εαθέλῃ
2417 4958 2515 5027 τῆς
2533 4961 2591 5012 ἐν
2606 4960 2753 5029 αύτῴ
2778 4960 3063 5031 ὲπὰρσεως
3084 4938 3144 5013 τὸ
3163 4960 3447 5032 φρύαγμα.
3464 4960 3642 5030 Αὺχῶν
3656 4960 3736 5025 γὰρ

525 5046 852 5099 responsum
915 5033 1049 5088 illud
1111 5035 1257 5104 quod
1314 5044 1473 5091 antea
1540 5045 2036 5101 commemoravimi

2222 5044 2261 5119 iv
2284 5050 2389 5103 ἀπὸ
2412 5052 2780 5124 γραμματέων
2796 5053 3131 5125 ὁρμώμενος,
3146 5054 3219 5118 ὡς
3236 5055 3301 5107 τὰ
3319 5054 3646 5124 δικαιώματα
3664 5050 3733 5101 τοῦ

525 5122 764 5187 dedisse,
817 5133 874 5177 ut
912 5127 1033 5196 ejus
1080 5127 1282 5182 iastum
1338 5132 1819 5205 arrogantiamque
1868 5152 2036 5208 comp.

2224 5140 2364 5211 νόμου
2390 5122 2632 5214 ἀκριϐῶς
2655 5122 2914 5215 φυλάξας,
2942 5122 3283 5217 δικαιοσύνην
3305 5162 3365 5199 τε
3392 5148 3484 5199 καὶ
3507 5122 3735 5212 6730677,-

523 5226 719 5270 sceret.
771 5215 907 5271 Nam
963 5234 1092 5274 cum
1134 5221 1223 5277 hic
1262 5237 1293 5278 e
1339 5224 1641 5280 scribarum
1687 5244 1915 5285 numero
1972 5232 2034 5301 gli

2223 5249 2265 5285 rat
2291 5235 2418 5306 περὶ
2440 5236 2633 5290 ἑαυτοῦ
2666 5239 3077 5309 σεμνυνόμενος,
3102 5239 3194 5291 καὶ
3226 5215 3377 5306 ἔλεγε
3395 5254 3408 5267 ·
3435 5236 3734 5290 Διδάσκαλε

521 5306 797 5373 riaretur,
852 5311 1010 5381 781
1067 5315 1210 5382 quod
1271 5327 1537 5387 praecepta
1579 5319 1710 5389 legis
1749 5323 1930 5376 omnia
1987 5338 2032 5376 at

2220 5326 2406 5395 ὶγαθὲ,
2455 5331 2513 5382 τί
2541 5306 2802 5398 ποιήσας
2830 5306 2981 5399 ζωὴν
3009 5331 3248 5385 αἰώνιον
3293 5329 3731 5400 κληρονομήσω

519 5400 868 5456 curatissime
898 5414 1209 5473 servasset;
1252 5422 1420 5477 seque
1443 5408 1673 5479 justitize
1718 5428 1783 5467 ac
1817 5413 2030 5468 bonitat

2220 5419 2305 5471 ἰαὶ
2362 5420 2548 5493 ἐπειδὴ
2604 5417 2717 5493 εἶχε
2774 5423 2902 5494 περὶ
2940 5422 3137 5476 ἑαυτοῦ
3166 5423 3240 5487 ὡς
3273 5424 3401 5495 περὶ
3437 5417 3731 5492 τηλικαύτης

517 5719 548 5759 c
590 5635 605 5666 ¹
633 5634 819 5760 Matgl.
851 5657 1038 5708 xxvut,
1072 5645 1156 5698 l9.
1234 5648 1253 5677 ¹
1276 5648 1431 5702 Joan.
1462 5666 1550 5716 xv,
1575 5654 1664 5709 26.
1768 5659 1785 5690 ⁸
1822 5657 1979 5717 Joan.
2015 5679 2028 5716 ι

556 5722 714 5767 XXXV,
782 5728 833 5763 υ.

2215 5678 2243 5733 i,
2278 5669 2359 5723 15.
2462 5674 2479 5702 ⁵
2529 5674 2647 5729 Act.
2689 5693 2739 5740 κ,
2767 5676 2851 5731 58.
2956 5677 2976 5709 ⁸
3003 5674 3189 5731 Mattu.
3227 5692 3338 5741 xix,
3377 5676 3461 5731 lii.
3566 5673 3726 5731 Ῥδλι
