3826 6206
50 331 142 388 995
677 324 1049 383 ADVERSUS
1087 326 1432 384 HJERESES
1467 327 1594 384 LIB.
1635 327 1697 384 ll.
1741 329 1904 386 TOM.
1937 332 2000 386 ll.
2040 363 2105 373 ——
2148 331 2423 390 llERES.
2461 335 2646 392 LXIX.

3172 333 3279 390 294

45 439 382 511 δικαιοσύνης,
400 442 428 492 6
455 439 684 511 Κύριος,
709 440 1030 514 βουλόμενος
1043 441 1162 515 Θεῷ
1181 444 1472 516 ἀναφέρειν
1498 446 1598 516 τὴν

1707 448 1926 502 nomine
1955 447 2277 511 venditaret,
2325 456 2490 518 atque
2515 445 2589 502 ita
2611 447 2828 501 locutus
2849 451 2995 500 esset
3025 463 3038 500 :
3073 429 3284 502 Prace-Q

45 537 206 589 πὶσαν
229 531 560 602 άγαθότητα,
586 532 669 585 ὅτι
699 533 874 598 οὐδεὶς
897 533 1102 601 ἀγαθὸς
1128 534 1268 606 πλὴν
1302 536 1489 600 αὑτοῦ,
1509 537 1596 590 ἵνα

49 627 214 698 μηδεὶς
245 624 424 696 σάρκα
453 625 639 694 φορῶν
661 623 832 696 τῦφόν
854 643 976 680 τινα
1002 626 1180 698 ἐαυτῷ
1203 627 1592 698 ἐπισπάσηται,

47 718 215 770 τούτου
245 715 428 768 ἕνεκεν
449 713 604 782 ἔλεγε
622 731 636 745 ·
667 716 728 768 Τί
750 732 828 785 με
865 716 1064 787 λέγεις
1087 718 1349 788 (trador;
1383 719 1596 786 Οὐδείς

46 805 240 877 ἁςηαθὸς
263 806 314 858 εὶ
337 802 422 872 μὴ
445 797 532 871 εἷς
564 806 597 858 ὁ
629 805 772 872 Θεός
793 823 807 838 ·
835 804 922 859 ἵνα
951 808 980 860 6
1015 805 1258 869 τοιοῦτος
1279 806 1374 860 καὶ
1404 805 1596 860 τοσοῦ-

44 914 122 960 τος
160 895 246 948 τὸν
277 893 520 946 τοιοῦτον
566 892 722 963 λόγον
765 893 938 950 εἰπὼν
959 935 975 961 ,
1025 895 1228 966 καθέλῃ
1271 894 1372 966 τὴν
1417 898 1476 949 ὲν
1519 895 1598 967 τῷ

45 989 224 1043 εἰπόντι
253 984 515 1055 φυσίωσιν
545 987 678 1056 περὶ
703 985 1050 1058 δικαιοσύνης
1069 986 1167 1058 τὴν
1187 986 1366 1058 οἴησιν
1394 1003 1594 1058 κεκτη-

47 1080 212 1151 μένουο
252 1077 344 1130 καὶ
391 1076 479 1130 ἵνα
521 1075 716 1150 ἐλέγξῃ
765 1077 926 1130 αὑτοῦ
959 1077 1058 1148 τὴν
1109 1076 1360 1148 καρδίαν,
1393 1076 1596 1146 ἀγαθὸν

47 1171 128 1240 μὲν
141 1168 448 1222 διδάσκαλον
475 1167 708 1240 χείλεσιν
731 1168 892 1222 αὐτὸν
911 1168 1155 1238 λέγοντα,
1189 1170 1264 1242 μὴ
1290 1169 1596 1241 ἐμμένοντα

44 1261 90 1313 δὲ
107 1263 158 1312 ὲν
181 1262 244 1330 τῇ
269 1259 452 1329 ἀγαθῇ
485 1257 648 1312 αὑτοῦ
677 1258 1012 1332 διδασκαλίᾳ.
1037 1261 1147 1314 Καὶ
1160 1260 1240 1313 ὅτι
1264 1261 1362 1332 μὲν
1393 1259 1596 1330 ἀγαθὸς

45 1351 305 1421 τυγχάνει,
373 1349 538 1413 αὐτὸς
585 1350 828 1404 διδάσκει
887 1351 1061 1421 λέγων
1097 1369 1111 1382 ·
1171 1351 1379 1406 Πολλὰ
1437 1351 1596 1406 καλὰ

45 1446 270 1510 ἐποίησα
305 1443 378 1496 ἐν
418 1443 590 1512 ὑμῖν·
633 1443 766 1512 περὶ
806 1443 983 1498 ποίου
1025 1439 1140 1498 οὖν
1176 1443 1376 1498 αὐτῶν
1405 1443 1596 1513 ἔργων·

45 1535 270 1598 λιθάζετέ
285 1551 399 1604 με;
436 1535 556 1588 Τίνι
585 1534 696 1606 γὰρ
722 1533 882 1588 τοῦτο
909 1536 1009 1590 οὐκ
1037 1534 1152 1588 ἔστι
1181 1535 1346 1606 σαφὲς
1383 1535 1478 1588 καὶ
1495 1553 1595 1604 φα-

47 1629 360 1700 νερώτατον;
437 1627 672 1698 μάλιστα
723 1625 932 1680 πολλῶν
985 1626 1206 1696 ἀγαθῶν
1263 1627 1371 1680 τῶν
1426 1626 1592 1680 αὑτοῦ

47 1721 322 1791 κτισμάτων
354 1719 526 1772 ὅντων
567 1719 664 1772 καὶ
707 1718 1077 1790 καλουμένων,
1104 1719 1180 1782 ῶς
1219 1735 1382 1790 φησιν
1407 1720 1441 1790 ἡ
1471 1717 1592 1772 θεία

1699 549 1820 610 ptor
1853 540 2000 606 bene,
2041 540 2166 612 quid
2189 541 2432 610 faciendo
2474 539 2632 594 vitam
2661 547 2910 594 wternam
2937 537 3205 607 possidebo
3225 538 3282 592 εἳ

1702 634 1862 697 Cum,
1893 633 2134 703 inquam,
2163 633 2238 686 ita
2283 632 2351 686 de
2401 647 2458 688 se
2507 646 2825 702 persuasum
2855 631 3079 688 haberet
3115 639 3281 686 tantae

1703 739 1764 779 se
1789 725 2014 794 justitia:
2049 739 2306 779 numeros
2335 739 2524 779 omnes
2565 723 2872 794 explevisse
2901 740 2916 778 :
2946 723 3069 778 ideo
3093 723 3281 779 Domi-

1702 832 1808 872 nus
1829 815 2128 871 bonitatem
2169 829 2383 871 omnem
2417 816 2486 870 ad
2515 815 2750 880 Patrem,
2783 825 3041 884 tanquam
3077 815 3144 870 ad
3184 829 3282 869 au-

1702 913 1908 960 ctorem
1949 903 2154 959 referre
2191 906 2438 975 cupiens,
2486 903 2631 974 quod
2676 919 2836 959 nemo
2869 912 3066 975 praeter
3101 905 3281 974 ipsum

1701 997 1882 1053 bonus
1925 997 2016 1064 sit,
2047 1013 2116 1052 ne
2149 999 2274 1068 quis
2297 1013 2462 1052 carne
2501 997 2781 1066 praeditus,
2809 997 3068 1067 superbia
3119 1011 3280 1052 arro-

1702 1091 1998 1161 gantisque
2029 1105 2088 1144 se
2124 1090 2354 1144 nimium
2393 1089 2630 1152 ellerret,
2665 1089 2984 1160 respondit:
3017 1089 3157 1158 Quid
3187 1104 3274 1142 me

1701 1181 1836 1236 dicis
1874 1181 2106 1238 bonum?
2143 1181 2310 1236 Nemo
2348 1181 2512 1236 bonus
2549 1190 2624 1236 est
2660 1183 2763 1236 nisi
2791 1165 2934 1236 s'olus
2966 1181 3108 1237 Deus
3131 1184 3152 1215 ⁸
3180 1200 3192 1236 :
3221 1187 3283 1238 ut

1702 1286 1828 1326 cum
1861 1279 2046 1326 tantus
2078 1287 2142 1327 ac
2175 1273 2300 1328 talis
2348 1273 2453 1326 hoc
2495 1272 2656 1327 modo
2691 1275 3004 1344 loqueretur
3045 1275 3282 1331 interro-

1701 1363 1882 1435 gantis
1913 1363 2058 1418 illius
2087 1364 2180 1433 qui
2219 1364 2448 1434 justitiae
2479 1365 2733 1434 opinione
2771 1376 2890 1420 erat
2931 1365 3154 1422 inﬂatus
3201 1367 3283 1422 fa-

1703 1462 1844 1508 stum
1893 1470 1956 1509 ac
2003 1455 2230 1525 spiritus
2277 1457 2568 1527 frangeret.
2599 1457 2735 1511 Tum
2790 1466 2848 1509 ut
2893 1459 3115 1514 intimos
3161 1459 3282 1530 ejus

1701 1547 1942 1616 pectoris
1987 1563 2181 1602 sensus
2213 1548 2588 1618 redargueret,
2625 1565 2690 1604 eo
2713 1549 2858 1619 quod
2905 1565 3026 1604 cum
3079 1551 3281 1606 bonum

1702 1639 1880 1708 ipsum
1925 1640 2154 1696 suntmis
2187 1641 2450 1696 duntaxat
2507 1643 2664 1698 labiis
2716 1645 3008 1708 fateretur,
3059 1645 3314 1699 minime.

1701 1737 1884 1786 tamen
1911 1731 2053 1786 bona
2093 1732 2148 1786 in
2177 1733 2322 1788 illius
2351 1733 2594 1788 doctrina
2635 1735 3031 1806 acquiesceret.
3053 1734 3283 1791 Verum-

48 1811 366 1884 Γραφή.’ῐδοὺ
407 1810 518 1883 γὰρ
574 1810 702 1880 περὶ¹
741 1810 952 1864 πολλῶν
981 1810 1202 1880 ἀγαθῶν
1241 1811 1507 1881 διηγεῖται
1536 1810 1598 1864 τὸ

1699 1818 1980 1874 enimvero
2009 1820 2211 1874 bonum
2247 1836 2306 1876 se
2345 1838 2466 1878 esse
2505 1830 2734 1878 testatur
2761 1826 2993 1896 ipsemet
3040 1826 3123 1882 his
3152 1841 3281 1881 ver-

49 1907 160 1958 θείον
184 1905 434 1976 γράμμα.
463 1899 584 1958 Ἦν
613 1904 854 1973 ἀγαθὸς,
874 1904 1027 1974 φησὶ,
1060 1903 1278 1968 Σαοὺλ,
1302 1903 1430 1970 υίὸς
1458 1903 1590 1970 Κὶς,

49 2003 99 2052 ἐκ
131 1998 318 2068 φυλῆς
347 1997 662 2065 Βενιαμίν·
695 1998 1071 2066 ὑψηλότερος
1103 1996 1172 2050 δὲ
1225 1997 1450 2062 παντὸς
1487 1997 1594 2050 τοῦ

49 2091 194 2157 λαοῦ,
227 2089 380 2160 ὑπὲρ
426 2090 614 2159 thyla?
654 2089 756 2144 καὶ
795 2088 1024 2143 ἐπάνω’
1073 2087 1188 2152 καὶ,
1222 2084 1343 2143 Ἦν
1374 2089 1596 2158 ἀγαθὸς

50 2181 292 2252 Σαμουὴλ
303 2183 460 2252 μετὰ
476 2181 582 2235 τοῦ
599 2181 746 2236 Θεοῦ
769 2183 866 2236 καὶ
891 2178 1233 2250 ἀνθρώπων·
1255 2182 1370 2246 καὶ,
1385 2171 1592 2249 Ἄγαθὴ

51 2275 240 2344 ἐσχάτη
289 2274 482 2342 λόγου
520 2271 674 2340 ὑπὲρ
713 2271 830 2340 τὴν
874 2272 1104 2342 ἀρχήν·
1148 2272 1263 2338 καὶ,
1318 2272 1595 2336 Ἀνοιξόν

51 2385 138 2421 σου
177 2367 274 2420 τὸν
314 2365 632 2434 θησαυρὸν
672 2367 780 2420 τὸν
813 2364 1076 2436 ἀγαθὸν,
1133 2366 1240 2419 τὸν
1283 2363 1588 2434 οὐράνιον.

49 2460 228 2512 Τούτων
257 2460 312 2512 δὲ
345 2459 669 2529 κτισμάτων
703 2458 894 2521 ὄντων,
925 2459 1019 2512 καὶ
1060 2459 1282 2528 ἀγαθῶν
1319 2459 1588 2531 δηλουμέ-

49 2567 148 2614 νων,
176 2551 234 2602 δι’
258 2550 426 2603 αὐτοῦ
452 2566 512 2602 τε
539 2549 634 2602 καὶ
671 2549 760 2602 ὑπ’
794 2548 957 2602 αὑτοῦ
989 2551 1311 2618 γεγονότων,
1341 2548 1459 2614 πῶς
1491 2550 1594 2602 οὐκ

51 2641 391 2711 ἀναμφιϐόλως
431 2645 584 2698 ἐστὶν
619 2645 823 2713 ἀγαθὸν
856 2640 996 2698 εἶναι
1025 2643 1310 2714 ὁμολογεῖν
1347 2643 1438 2698 τὸν
1465 2641 1591 2698 τού-

49 2750 120 2785 του
141 2736 520 2807 γενεσιάρχηνς
568 2737 706 2790 Ἀλλ’
737 2739 824 2791 ἵνα
851 2738 924 2808 μὴ
951 2736 1180 2808 μηκύνω
1203 2737 1296 2790 τὸν
1319 2737 1448 2808 περὶ
1465 2736 1594 2790 τού·

51 2843 120 2877 του
143 2827 282 2894 λόγον
305 2828 504 2900 (πάντη
539 2829 649 2902 γὰρ
675 2829 762 2884 διὰ
783 2829 1017 2893 πλάτους
1040 2830 1170 2902 περὶ
1213 2815 1412 2883 τοῦτον
1444 2830 1594 2901 εἰρή-

57 2919 246 2988 καμεν).
273 2915 432 2982 αὖθις
460 2919 622 2972 πάλιν
653 2921 732 2983 εἰς
762 2919 862 2982 τὰς
884 2919 1010 2990 ἑξῆς
1041 2919 1466 2992 παρελεύσομαι,
1493 2918 1593 2991 τὴν

51 3009 256 3063 ἐπίλυσιν
283 3012 530 3082 ἑκάστης
561 3010 758 3076 λέξεως
793 3011 1130 3084 ποιούμενος.

1697 1910 1782 1966 his
1815 1929 1828 1966 :
1859 1911 2034 1966 Multa
2069 1913 2205 1968 bona
2241 1913 2341 1983 feci
2383 1916 2440 1968 in
2481 1915 2660 1980 vobis;
2688 1929 2901 1986 propter
2938 1919 3075 1988 quod
3118 1920 3282 1990 igitur

1696 2017 1762 2056 ea:
1784 2003 1893 2058 illis
1924 2003 2164 2072 operibus
2196 2005 2450 2074 lapidatis
2475 2009 2627 2062 me'?
2647 2007 2781 2074 Quis
2809 2016 2894 2064 est
2923 2009 3090 2065 hebes
3119 2011 3280 2074 adeo,

1697 2095 1787 2150 cui
1813 2111 1919 2150 non
1953 2097 2087 2151 illud
2115 2101 2403 2168 perspicue
2433 2100 2833 2172 manifestoque
2858 2103 3108 2158 constet?
3142 2119 3282 2174 prm-

1697 2188 1884 2242 sertim
1915 2203 2037 2242 cum
2062 2199 2370 2244 creatarum
2413 2189 2599 2245 abillo
2636 2207 2818 2246 rerum
2859 2194 3281 2264 quamplurimte

1696 2285 1751 2333 et
1783 2281 1894 2334 sint
1919 2287 1972 2335 et
1998 2281 2338 2350 appellentur
2366 2279 2552 2346 bonm,‘
2579 2291 2640 2336 ut
2680 2297 2748 2337 ex
2777 2279 3076 2351 Scriptor-aa
3126 2283 3279 2339 testi-

1695 2371 1880 2426 monio
1909 2370 2204 2443 colligitur.
2235 2372 2366 2439 Quae
2403 2373 2626 2444 quidem
2667 2374 2937 2428 bonorum
2979 2375 3274 2428 multorum

1695 2460 2025 2516 mentionem
2087 2461 2237 2516 facit.
2299 2462 2376 2517 Ita
2409 2482 2422 2517 ε
2457 2464 2655 2530 Bonus,
2719 2465 2925 2532 inquit,
2979 2474 3094 2518 erat
3145 2464 3280 2520 Saul

1695 2553 1840 2622 ﬁlius
1888 2551 1979 2608 Cis
2022 2551 2086 2607 de
2120 2556 2260 2608 tribu
2304 2556 2636 2626 Benjamim;
2681 2556 2958 2610 sublimior
2997 2559 3138 2610 omni
3179 2573 3278 2626 po-

1694 2643 1820 2712 pulo
1881 2643 1946 2696 ab
1987 2645 2220 2700 humeris
2259 2659 2308 2702 et
2351 2649 2568 2714 ultra‘;
2617 2652 2742 2703 item
2776 2667 2788 2702 :
2825 2648 3003 2703 Bonus
3058 2649 3280 2705 Samuel

1695 2751 1814 2789 cum
1851 2735 1952 2790 Deo
1981 2747 2031 2790 et
2078 2739 2376 2792 hominibus
2399 2740 2456 2804 ';
2495 2747 2607 2794 tum
2634 2759 2646 2793 :
2681 2739 2877 2796 Melior
2904 2752 2982 2795 est
3013 2743 3277 2796 orationis

1693 2821 1818 2890 ﬁnis
1847 2839 2006 2892 quam
2034 2824 2420 2890 principium‘;
2455 2825 2581 2880 item
2610 2845 2623 2880 :
2649 2825 2806 2894 Aperi
2853 2827 3154 2882 thesaurum
3185 2828 3280 2881 bo-

1694 2927 1818 2964 num
1861 2921 2004 2966 tuum
2050 2913 2307 2968 caelestem
2348 2914 2389 2968 ⁷.
2423 2912 2556 2981 Quae
2613 2931 2737 2971 cum
2788 2919 2970 2972 omnia
3014 2927 3280 2974 creaturae

1691 3003 1938 3073 quasdam
1991 3005 2124 3082 sint,
2177 3019 2240 3060 ac
2283 3005 2439 3060 bonae
2471 3021 2592 3061 esse
2642 3007 2918 3074 dicantur,
2957 3023 3054 3079 per
3095 3010 3276 3079 ipsum

1693 3097 1884 3168 utique
1914 3107 1968 3152 et
2004 3097 2072 3152 ab
2106 3098 2224 3168 ipso
2268 3099 2565 3170 productae,
2602 3115 2783 3155 nonne
2827 3110 3103 3158 auctorem
3150 3103 3276 3158 illo-

56 3207 150 3246 rum
175 3209 232 3248 ac
258 3193 598 3248 conditorem
627 3191 828 3247 bonum
858 3207 980 3248 esse
1010 3191 1256 3248 conﬁteri
1285 3191 1404 3248 sine
1431 3192 1542 3247 ulla
1573 3189 1920 3246 dubitatione
1941 3192 2103 3246 licet?
2129 3191 2329 3246 Verum
2355 3208 2422 3248 ne
2449 3193 2662 3264 longius
2690 3209 2852 3264 quam
2889 3209 2988 3264 par
3021 3195 3092 3250 sit
3124 3196 3178 3250 in
3211 3212 3279 3252 ea

55 3284 380 3355 disputatione
401 3295 653 3342 versetur
682 3275 854 3340 oratio
873 3285 1108 3356 (abunde
1135 3285 1280 3340 enim
1307 3285 1375 3342 de
1397 3299 1464 3342 eo
1492 3285 1612 3341 loco
1641 3283 1846 3340 dictum
1869 3285 2148 3356 arbitror),
2180 3286 2387 3353 reliqua
2415 3287 2718 3353 videamus,
2747 3296 2802 3344 et
2828 3289 3040 3358 singula
3069 3290 3137 3344 ab
3168 3289 3278 3346 illis

53 3379 228 3448 objecta
258 3380 557 3434 diluamus.

105 3489 584 3562 NH'.’Emtpépouct
603 3491 659 3544 δὲ
689 3490 848 3544 πάλιν
872 3491 996 3545 τινὰ
1027 3491 1166 3563 ρητὰ
1197 3492 1595 3565 οἱπάντολμοι,

1773 3492 1954 3548 LVIII.
1993 3493 2232 3565 Pergunt
2269 3495 2414 3550 enim
2458 3495 2810 3550 audacissimi
2863 3494 3112 3550 homines
3159 3495 3278 3550 cui—

57 3581 412 3652 ἐλαττωμάτων
442 3584 700 3647 ὑπονοίας
719 3585 1150 3655 ὑποσπείροντες
1174 3586 1254 3647 εἰς
1289 3584 1382 3639 τὸν
1407 3586 1604 3648 αὐτοὺς

1704 3587 1830 3644 dum
1861 3587 2158 3660 Scriptum
2193 3589 2476 3644 sententiae
2504 3589 2784 3654 insistere,
2815 3604 2881 3644 ex
2907 3603 3012 3660 qua
3041 3587 3276 3645 Redem-

56 3673 376 3744 ἀγοράσαντα,
424 3677 586 3746 εἰπερ
609 3676 1011 3748 ἠγοράσθησαν.
1057 3677 1144 3729 Ἐν
1178 3675 1289 3746 γάρ
1315 3675 1394 3746 τῷ
1423 3693 1595 3748 προσ-

1695 3681 1838 3751 ptori
1864 3697 1985 3745 suo,
2020 3681 2066 3736 si
2091 3688 2274 3736 tamen
2305 3682 2374 3736 ab
2401 3697 2467 3736 eo
2503 3683 2766 3754 redempti
2791 3691 2938 3746 sunt,
2967 3684 3156 3740 falsam
3180 3685 3276 3739 im-

57 3765 192 3816 εῖιθεῐν
233 3767 331 3838 τὴν
373 3767 592 3838 μητέρα
622 3767 730 3820 τῶν
776 3767 908 3820 υἱῶν
953 3765 1260 3832 Ζεϐεδαίου,
1291 3769 1386 3821 καὶ
1421 3785 1602 3840 παρα-

1699 3775 2017 3831 minutionis
2042 3789 2106 3829 ac
2127 3773 2374 3830 defectus
2394 3775 2700 3844 opinionem
2722 3783 3033 3847 aspergant.
3063 3775 3275 3832 Etenim

55 3857 238 3911 rales-1'.
261 3859 350 3912 τὸν
371 3859 466 3912 ἕνα
509 3859 732 3914 καθίσαι
766 3860 882 3912 υἱὸν
912 3861 976 3913 ἐκ
997 3859 1210 3924 δεξιῶν,
1252 3860 1346 3913 καὶ
1375 3860 1468 3913 τὸν
1495 3860 1593 3914 ἕνα

57 3948 98 4012 ἐξ
125 3949 420 4020 εὐωνύμων,
453 3951 586 4004 ὅταν
617 3949 748 4023 ἔλθῃ
781 3952 840 4004 ἐν
867 3953 934 4022 τῇ
968 3949 1218 4022 βασιλείᾳ
1261 3949 1447 4014 αὑτοῦ,
1485 3949 1590 4021 ἔφη

57 4043 160 4112 προς
197 4043 416 4108 αὐτούς·
461 4045 586 4098 οὐκ
637 4043 836 4108 clauae
885 4045 943 4097 τί
991 4043 1272 4098 αἰτεῖσθε.
1323 4045 1594 4099 Δύνασθε

57 4135 180 4186 πιεῖν
205 4137 266 4188 τὸ
293 4135 586 4205 ποτήριον
623 4135 654 4187 ὃ
684 4134 890 4204 μέλλω
922 4135 1158 4198 πίνειν;
1195 4137 1260 4188 οἱ
1293 4133 1362 4188 δὲ
1379 4131 1553 4188 εἷπον
1575 4149 1592 4167 ⁶

1695 3880 1819 3920 cum
1850 3865 1918 3920 ad
1947 3865 2224 3920 Christum
2259 3863 2506 3920 Zebedaei
2536 3865 2766 3920 filiorum
2804 3877 2976 3922 mater
3005 3868 3275 3924 accessis-

1694 3965 1796 4020 set,
1845 3971 2048 4029 rogans
2081 3967 2138 4013 ut
2187 3959 2420 4014 alterum
2463 3957 2528 4012 ad
2575 3958 2878 4022 dexteram,
2927 3961 3156 4015 alterum
3205 3961 3274 4016 ad

1693 4048 1971 4105 sinistram
1998 4049 2188 4105 sedere
2219 4057 2330 4103 tum
2352 4050 2568 4120 juberet
2598 4067 2721 4105 cum
2763 4051 2830 4105 ad
2865 4067 3088 4122 regnum
3112 4069 3272 4108 suum

1697 4143 2055 4212 pervenisset,
2099 4142 2174 4196 ita
2211 4129 2318 4198 illis
2350 4143 2669 4212 reSpondit:
2707 4143 2940 4198 Nescitis
2969 4145 3095 4214 quid
3123 4157 3274 4214 peta-

57 4227 158 4288 Nal,
185 4227 502 4297 δυνάμεθα.
529 4223 679 4280 Elate-
701 4226 770 4279 δὲ
803 4227 1006 4293 αὐτοῖς
1025 4243 1039 4258 ο
1077 4225 1148 4280 Τὸ
1169 4227 1286 4296 μὲν
1308 4225 1594 4295 ποτήριόν

1701 4233 1790 4286 tis.
1820 4231 2052 4286 Potestis
2084 4231 2254 4286 bibere
2281 4233 2502 4286 calicem
2533 4250 2682 4303 quem
2715 4233 2976 4290 bibiturus
3007 4241 3164 4293 sum?
3200 4238 3272 4290 At

49 4321 144 4385 μου
179 4321 412 4385 πίεσθε,
459 4321 528 4374 τὸ
567 4320 636 4374 δὲ
679 4321 920 4374 καθίσαι
947 4320 1016 4374 ἐκ
1035 4318 1250 4384 δεξιῶν
1275 4337 1416 4390 μου,
1453 4319 1492 4388 ἢ
1521 4319 1590 4386 ἐξ

1699 4321 1779 4376 illi
1807 4322 2056 4376 dixerunt
2091 4321 2445 4376 :Possumus.
2479 4298 2626 4376 Dixit
2651 4333 2825 4378 autem
2861 4325 2968 4378 illis
2994 4341 3011 4379 :
3040 4323 3272 4380 Calicem

59 4413 346 4483 εὐωνύμων,
370 4417 486 4470 οὐκ
515 4414 686 4468 ἐστιν
708 4413 854 4483 ἐμὸν
875 4413 1107 4480 δοῦναι,
1131 4412 1268 4466 ἀλλ’
1315 4407 1404 4478 οἷς
1426 4413 1589 4478 ἡτοί-

61 4519 236 4570 μασται
257 4509 416 4575 παρὰ
453 4505 562 4560 τοῦ
599 4505 829 4574 Πατρός
857 4523 998 4574 μου,
1064 4505 1248 4576 Ὁρᾷς,
1283 4505 1439 4575 φησὶ,
1473 4502 1592 4566 πῶς

65 4597 134 4648 οὐκ
151 4597 248 4667 ἔχει
265 4598 518 4664 ἐξουσίαν
549 4597 724 4668 παρὲξ
745 4595 842 4650 τοῦ
871 4597 1107 4668 Πατρὸς,
1133 4595 1228 4649 τοῦ
1261 4595 1475 4667 ἔχοντος
1488 4595 1590 4666 τὴν

67 4685 258 4747 ἐξουσίαν
285 4690 552 4762 παρέχειν
580 4689 609 4742 ὃ
646 4687 931 4758 βούλεται;
981 4690 1092 4742 Καὶ
1141 4687 1225 4752 τίς
1275 4688 1448 4752 οὕτως
1479 4689 1590 4742 τῶν

67 4777 412 4849 εὐφρανούντων
429 4784 707 4854 νοήσειενς
741 4784 790 4836 εἰ
819 4780 929 4853 γὰρ
949 4781 978 4832 6
1003 4781 1132 4844 Υἱὸς
1158 4781 1258 4834 οὐκ
1288 4780 1400 4851 ἔχει
1435 4779 1588 4845 ἐξου-

69 4871 176 4936 σίαν,
199 4877 284 4930 καὶ
317 4877 402 4941 τίς
436 4877 553 4948 ἔχει
592 4875 872 4943 ligandi“:
911 4875 976 4928 Ὀ
1009 4874 1120 4945 γὰρ
1152 4875 1384 4944 Πατὴρ,
1420 4875 1588 4947 φησιν

70 4961 288 5034 (morare?
306 4969 450 5035 τοὺς
477 4968 755 5037 νεκροὺς,
793 4967 892 5021 καὶ
918 4967 1108 5032 οὕτως
1145 4965 1330 5020 ἔδωκε
1370 4967 1468 5020 καὶ
1512 4965 1593 5032 τῷ

73 5057 170 5123 Υἱῷ,
195 5061 284 5115 ἵνα
315 5061 388 5116 ὃν
419 5063 582 5117 θέλει
623 5059 882 5131 (moror-ﬁ
903 5075 918 5090 ·
943 5059 1060 5126 καὶ,
1109 5059 1187 5114 Τὰ
1217 5059 1325 5114 τοῦ
1361 5063 1594 5128 Πατρός

63 5149 152 5217 ’ἐμά
173 5153 282 5207 ἐστι
302 5171 316 5184 ο
339 5157 454 5221 καὶ,
497 5153 701 5209 Πάντα
735 5153 1034 5222 παρεδόθη
1063 5151 1182 5207 ὑπὸ
1217 5151 1326 5206 τοῦ
1363 5153 1594 5220 Πατρός

73 5263 170 5308 μου.
185 5250 268 5313 Τίς
293 5247 384 5304 οὖν
412 5251 494 5304 ἔτι
511 5249 873 5321 ἀμφιϐάλλου
902 5249 1074 5304 Τοῦτο
1095 5249 1152 5303 δὲ
1177 5249 1421 5321 βούλεται
1451 5267 1592 5321 παρ-

74 5341 189 5409 ιπᾷν
220 5344 246 5394 ὁ
285 5343 424 5408 θεῖος
471 5341 637 5397 αὑτοῦ
670 5343 766 5396 κα)⁸
807 5343 970 5412 σοφὸς
1017 5342 1194 5411 λόγος,
1228 5343 1310 5395 ὅτι
1353 5343 1415 5396 οὐ
1453 5342 1592 5395 κατὰ

77 5433 476 5506 πφοωποληψίαν
513 5434 722 5503 γίνεται
769 5435 1025 5507 πρᾶγμα,
1056 5434 1191 5488 ἀλλὰ
1223 5433 1363 5487 κατὰ
1409 5434 1586 5498 ἀξίαν.

129 5671 140 5700 ¹
175 5674 334 5728 Matth.
362 5693 478 5737 nx.
505 5675 558 5732 6.
633 5679 654 5708 ¹
686 5677 820 5732 ibid.
845 5675 932 5730 i7.
1009 5675 1029 5707 ³
1061 5673 1294 5736 Joan.x,
1318 5675 1406 5730 32.
1473 5674 1504 5708 -*
1533 5675 1546 5726 Ι
1585 5673 1623 5725 Π

1704 5715 1716 5726 .
1759 5691 1833 5734 nt.
1864 5673 1918 5728 ἐξ.

1406 5749 1424 5776 θ
1455 5743 1614 5798 Joan.
1659 5761 1712 5812 ν,
1738 5745 1829 5800 9.1.
1910 5744 1954 5776 ‘°
1992 5743 2150 5800 lonn.
2186 5744 2415 5812 xw,15.
2498 5746 2536 5777 ¹¹
2571 5745 2758 5802 Matth.
2789 5765 2863 5816 χι,
2897 5748 2987 5802 9.7.

82 5747 206 5800 “.6.
273 5749 292 5777 "
321 5747 506 5802 ilatth.
547 5763 640 5814 xx,
665 5747 770 5815 9.2;
812 5747 980 5802 Marc.
1019 5761 1073 5814 κ,
1104 5747 1173 5802 58
1205 5763 1326 5818 sqq.

1696 4413 1905 4484 quidem
1937 4431 2106 4468 meum
2161 4413 2366 4480 bibetis,
2406 4414 2583 4468 sedere
2615 4415 2776 4486 782
2809 4426 2983 4470 autem
3022 4418 3090 4472 ad
3145 4417 3273 4472 dea:-

1699 4513 1838 4558 lram
1867 4521 2055 4569 meam,
2079 4506 2156 4559 vel
2176 4504 2244 4560 ad
2265 4505 2558 4568 sinistram,
2593 4523 2696 4559 non
2723 4515 2800 4560 est
2823 4523 2991 4560 meum
3015 4509 3164 4573 dare,
3181 4508 3272 4562 sed

1696 4598 1883 4668 quibus
1906 4607 2154 4668 paratum
2184 4605 2262 4651 est
2292 4615 2324 4652 a
2365 4597 2524 4652 Patre
2573 4615 2685 4652 meo
2709 4599 2751 4653 ⁸.
2791 4597 2951 4654 Vides
2980 4599 3161 4670 igitur,
3190 4601 3274 4656 in-

1697 4691 1914 4761 quiunt.
1951 4692 2098 4746 omni
2123 4691 2274 4746 illum
2312 4699 2580 4761 potestate
2613 4707 2800 4747 carere
2821 4693 2936 4747 sine
2965 4691 3144 4758 Patre,
3179 4711 3272 4765 pe-

1695 4801 1795 4840 nes
1829 4801 1987 4855 quem
2019 4793 2104 4841 est
2136 4786 2222 4840 cui
2265 4787 2393 4841 velit
2424 4785 2698 4842 deferendi
2728 4786 2979 4842 facultas.
3022 4787 3156 4855 Quis
3187 4791 3272 4845 sui

1698 4895 1924 4952 compos
1949 4897 2011 4935 ac
2041 4883 2281 4951 prudens
2311 4883 2428 4938 haec
2453 4884 2520 4939 de
2546 4885 2770 4938 Christo
2793 4885 3036 4955 cogitare
3064 4887 3276 4956 possit?

1701 4971 1834 5026 Nam
1883 4973 1928 5028 si
1989 4971 2157 5029 Filius
2197 4982 2462 5044 potestate
2508 4982 2678 5042 caret,
2719 4976 2842 5046 quis
2897 4992 3016 5032 eam
3058 4979 3274 5034 tandem

1701 5065 1998 5120 obtinebit?
2033 5065 2196 5119 Pater
2226 5067 2384 5132 enim,
2428 5068 2628 5138 inquit,
2669 5070 2896 5138 viviﬁcat
2925 5079 3179 5134 mortuos,
3225 5080 3274 5125 et

1698 5158 1778 5211 ita
1811 5156 1954 5211 dedit
1987 5165 2035 5208 et
2063 5155 2228 5222 Filio,
2271 5165 2329 5210 ut
2361 5174 2511 5227 quem
2553 5159 2662 5212 vult
2691 5160 2910 5228 vivi/icet
2931 5159 2982 5226 ‘;
3014 5169 3066 5214 et
3102 5180 3115 5215 :
3144 5161 3275 5228 Quae

1699 5248 1884 5302 Patris
1928 5257 2071 5308 sunt.
2105 5264 2220 5301 mea
2271 5250 2498 5311 sunt”;
2539 5255 2594 5302 et
2625 5267 2638 5303 :
2668 5247 2862 5302 Omnia
2905 5249 3110 5304 tradita
3153 5260 3274 5305 sunt

1698 5341 1828 5396 mihi
1874 5358 1907 5393 a
1953 5337 2114 5394 Patre
2151 5341 2351 5394 meo“.
2384 5339 2520 5406 Quis
2548 5340 2616 5395 de
2653 5354 2721 5394 eo
2757 5339 3006 5397 dubitare
3042 5343 3276 5412 amplius

1697 5433 1911 5504 potest?
1936 5431 2302 5500 Quamobrem
2349 5433 2456 5488 hoc
2494 5433 2712 5489 divinus
2737 5434 2913 5506 ipsius
2954 5450 3018 5490 ac
3057 5437 3274 5506 sapiens

1995 5675 2016 5704 "
2059 5673 2230 5743 lltog.
2267 5689 2328 5737 ιι,
2367 5673 2458 5730 96.
2534 5673 2555 5706 '
2600 5674 2780 5731 Eecle.
2811 5691 2885 5731 vr.
2917 5677 2970 5732 9.
3051 5679 3070 5709 '
3111 5677 3268 5734 Num.
