3846 6346
485 342 594 399 295
1843 339 1903 395 S.
1943 338 2280 394 EPIPﬂANll
3647 331 3796 388 δῦ

483 475 662 517 sermo
689 458 1068 514 demonsrrare
1103 457 1294 523 voluit,
1327 460 1475 514 nulla
1516 475 1869 530 personarum
1898 476 2082 524 accc»

2198 462 2358 534 ,υρίου
2390 462 2484 531 μὲν
2508 462 2618 532 γάρ
2652 462 2766 514 ἐστι
2789 461 2850 514 τδ
2874 458 3163 530 παρέχεινο
3186 456 3414 527 παρέχει
3431 451 3498 509 δὲ
3523 452 3796 522 ἑκάστῳ

485 556 687 622 ptione,
711 552 807 606 sed
830 566 897 606 ex
920 551 1187 621 cujusque
1209 553 1401 608 merito
1423 569 1537 608 rem
1570 568 1786 608 omnem
1805 554 2052 624 transigi.

2198 552 2274 607 στ’
2305 550 2481 615 ἀξίαν.
2513 551 2781 614 Ἕκαστος
2829 551 2921 615 δὲ,
2959 548 3333 620 ἐργασάμενος
3378 547 3438 600 τὸ
3487 547 3736 599 δίκαιον
3766 583 3788 606 ,

487 643 701 698 Domini
732 643 875 698 enim
923 651 1008 698 est
1052 642 1336 710 conferre;
1382 644 1594 700 confert
1633 652 1814 700 autem
1846 646 2060 701 unicui-

2198 643 2418 715 ιμὸἀνει
2440 641 2579 696 κατά
2601 643 2691 695 τὸν
2717 643 2845 694 ἴδιον
2869 641 3034 694 κόπον
3053 653 3066 667 ⁸
3097 640 3191 692 καὶ
3204 638 3386 691 οὐκέτι
3417 636 3580 706 αὐτῷ
3605 635 3796 706 μόναι)

485 751 593 806 que
648 751 746 806 pro
799 736 1060 806 dignitate
1116 738 1454 791 meritorum.
1483 735 1872 806 Unusquisque
1913 736 2056 791 enim

2198 737 2274 789 στὶ
2291 736 2352 789 τὸ
2376 735 2580 799 δοῦναι,
2597 734 2732 788 ἀλλά
2758 734 2834 804 τῷ
2859 733 3049 787 ἑαυτὸν
3069 733 3216 797 ἄξιον
3239 731 3598 802 ποποιηκότι.
3623 727 3794 782 Τόλ-

485 827 581 897 qui
615 825 761 896 quod
794 826 1002 895 justum
1031 836 1116 881 est
1158 828 1432 895 praestitit,
1468 842 1566 896 pro
1612 827 1816 883 laboris
1859 828 1945 882 sui
1981 842 2063 881 ra-

2198 826 2250 878 ,ὦ
2270 828 2377 897 γὰρ
2401 825 2598 893 λέγειν,
2616 826 2698 878 ὃτι
2721 823 2846 878 οὔτε
2868 823 3031 876 αὐτοῦ
3055 825 3190 886 ἐστι,
3208 823 3411 892 καίπερ
3433 821 3786 890 δυναμένου

487 922 636 972 tione
681 917 983 972 mercedem
1026 919 1258 988 accipit;
1309 934 1407 972 nec
1437 919 1594 973 alteri
1637 919 1873 974 tribuere
1917 920 2062 982 licet,

2198 916 2362 978 οῦναι,
2399 916 2470 985 μὴ
2498 914 2816 984 βουλομένου
2844 912 2900 965 δέ
2921 929 2936 944 ο
2963 911 3084 964 οὔτε
3104 911 3197 964 τοῦ
3235 911 3393 977 ἁγίου
3420 909 3792 980 [Ινεύματος

491 1019 852 1080 praeterquam
897 1011 946 1065 ei
986 1013 1079 1080 qui
1131 1027 1191 1066 se
1243 1011 1464 1080 dignum
1522 1011 1838 1068 reddiderit.
1878 1011 2062 1066 Dicam

2199 1006 2360 1075 αἰπερ
2389 1005 2684 1073 δυναμένου
2714 1002 2805 1055 τοῦ
2837 1001 2993 1070 ἁγίου
3025 1001 3340 1070 Πνεῦματος
3369 999 3558 1051 δοῦναι
3609 998 3792 1050 κατὰ

489 1104 636 1157 enim
676 1105 980 1157 audacter:
1015 1101 1090 1157 Ne
1136 1103 1307 1172 ipsius
1355 1102 1574 1172 quidem
1621 1119 1763 1168 esse,
1820 1103 1923 1159 nisi
1963 1103 2065 1156 hoc

2198 1098 2222 1150 6
2255 1097 2537 1168 εἰρημένον
2561 1135 2575 1158 ,
2602 1097 2682 1150 ὅτι
2732 1089 2804 1164 ⁷ῼ
2834 1095 2950 1163 μὲν
2995 1093 3220 1146 δίδοται
3260 1092 3446 1160 σοφία
3491 1089 3600 1143 διὰ
3656 1089 3791 1142 τσῦ

493 1190 675 1255 modo,
703 1190 852 1254 dare,
894 1201 1204 1260 quanquam
1235 1192 1338 1246 hoc
1367 1193 1422 1245 in
1461 1192 1579 1261 ejus
1611 1199 1874 1261 potestate
1899 1191 2064 1246 situm

2198 1190 2528 1258 Ινεύματος,
2572 1187 2652 1252 τῷ
2699 1186 2768 1239 δὲ
2801 1186 2941 1256 γένη
2979 1183 3278 1254 γλωσσῶν
3330 1185 3400 1237 ἐν
3445 1183 3534 1248 τῷ
3587 1180 3791 1244 αὐτῷ

492 1289 599 1343 est,
634 1281 728 1336 sed
762 1281 906 1349 quod
937 1297 1281 1351 nequaquam
1320 1281 1374 1336 id
1405 1283 1552 1337 velit.
1595 1280 1708 1337 lmo
1747 1297 1848 1336 nec
1889 1280 2066 1352 Spiri-

2198 1282 2480 1351 Ινεύματι,
2508 1278 2586 1344 τῷ
2605 1277 2672 1331 δὲ
2693 1278 2972 1347 ἑρμηνεία
2998 1274 3314 1346 γλωσσῶν,
3352 1275 3433 1341 τῷ
3461 1275 3535 1327 δὲ
3561 1275 3792 1328 δύνα-

493 1379 584 1427 tus
611 1387 732 1428 esse
763 1373 965 1436 sancti,
995 1374 1247 1443 quamvis
1275 1381 1330 1429 et
1359 1374 1475 1442 ipse
1503 1373 1746 1429 tribuere
1776 1373 1971 1444 possit,
2005 1381 2066 1426 ut

2198 1391 2264 1438 ιις
2288 1411 2302 1436 ,
2349 1369 2430 1433 τῷ
2460 1370 2529 1422 δὲ
2572 1367 2950 1424 διδασκαλία.
2988 1368 3096 1420 Ἓν
3127 1364 3194 1418 δέ
3222 1365 3350 1418 ἐστι
3395 1364 3457 1416 τὸ
3501 1364 3793 1432 Πνεῦμα

495 1478 562 1516 ex
608 1463 710 1517 hoc
747 1461 1044 1533 Scriptura:
1080 1466 1199 1519 loco
1239 1464 1588 1519 manifestum
1619 1471 1743 1520 est:
1785 1464 1919 1517 Huic
1950 1465 2069 1534 qui-

2198 1464 2235 1520 '6
2272 1463 2538 1532 διαιροῦν
2581 1462 2812 1524 ἑκάστῳ
2843 1462 2922 1526 ὼς
2955 1461 3261 1524 βούλεται.
3291 1459 3400 1512 Καὶ
3443 1459 3551 1511 οὐκ
3604 1453 3787 1518 εἷπε,

499 1553 616 1608 dem
653 1555 813 1608 datur
842 1556 1097 1623 sapientia
1131 1572 1222 1624 per
1255 1555 1556 1624 Spiritum;
1586 1557 1704 1609 huic
1737 1572 1852 1609 vero
1882 1571 2071 1625 genera

2198 1555 2351 1618 ιαθὼς
2379 1555 2798 1626 προστάσσεται,
2834 1551 2990 1614 ἀλλ’ἁ,
3026 1550 3209 1614 καθὼς
3249 1550 3520 1620 βούλεται.
3568 1551 3698 1604 Καὶ
3745 1553 3790 1602 ὀ

501 1646 799 1713 linguarum
830 1648 882 1698 in
915 1646 1093 1699 eodem
1118 1646 1354 1710 Spiritu;
1388 1647 1543 1700 alteri
1582 1648 1942 1714 interpretatio
1966 1645 2072 1699 lin-

2198 1646 2402 1713 Γίὲςῖὸν
2431 1645 2587 1701 θέλει
2621 1642 2904 1713 ζωογονεῖ,
2939 1642 3036 1695 καί
3069 1645 3100 1696 ό
3124 1642 3322 1709 Πατὴρ
3364 1641 3544 1696 καλεῖ
3562 1641 3648 1694 ὃν
3676 1641 3792 1694 ϐέο-

495 1753 757 1806 guarum;
791 1737 910 1790 huic
937 1739 1123 1801 virtus,
1154 1739 1274 1791 huic
1306 1738 1568 1790 doctrina.
1617 1737 1761 1791 Unus
1795 1747 1872 1792 est
1899 1748 2072 1790 autem

2198 1743 2264 1793 ίει
2293 1737 2442 1806 πρὸς
2463 1736 2568 1789 τὸν
2612 1735 2747 1788 Υίόν
2768 1753 2780 1765 ·
2813 1735 2906 1789 καὶ
2939 1734 3122 1788 πάλιν·
3148 1734 3282 1788 Οὔτε
3320 1736 3348 1787 6
3381 1734 3573 1805 Πατὴρ
3605 1733 3715 1786 καὶ
3749 1736 3789 1786 ὁ

497 1826 750 1896 Spiritus,
775 1827 863 1892 qui
894 1827 1076 1880 dividit
1102 1830 1378 1898 unicuique
1395 1837 1552 1898 prout
1575 1828 1683 1881 vult
1710 1830 1750 1880 ί.
1773 1827 1889 1882 Non
1912 1828 2070 1891 dixit,

2198 1831 2322 1894 Γίὸς,
2341 1830 2462 1883 οὔτε
2493 1828 2644 1898 ἅγιον
2666 1826 2890 1897 Πνεῦμα
2915 1827 3054 1880 κατὰ
3096 1825 3559 1897 προσωποληψίαν
3576 1826 3782 1888 καλεῖ,

497 1923 661 1985 prout
693 1915 938 1982 jubetur,
972 1920 1066 1970 sed
1109 1927 1376 1986 quatenus
1417 1919 1549 1971 vult.
1589 1917 1672 1970 Ad
1715 1917 1848 1982 haec,
1897 1916 2072 1972 Filius

498 2022 648 2076 quem
683 2006 788 2059 vult
821 2008 1045 2076 viviﬁcat
1069 2010 1109 2071 ',
1133 2019 1182 2061 et
1217 2009 1379 2064 Pater
1404 2020 1552 2064 vocat
1578 2027 1726 2080 quem
1751 2012 1859 2065 vult
1887 2012 1955 2064 ad
1979 2007 2074 2065 Fi-

500 2099 630 2150 lium
650 2099 689 2150 ³.
718 2096 982 2152 Praeterea
1012 2115 1186 2169 neque
1206 2099 1382 2166 Pater,
1415 2111 1507 2156 aut
1531 2101 1722 2165 Filius,
1753 2119 1926 2172 neque
1951 2101 2072 2172 Spi-

499 2189 640 2244 ritus
676 2199 899 2245 sanctus
935 2207 1290 2261 personarum
1326 2193 1380 2248 in
1417 2195 1661 2249 vocando
1705 2195 1972 2258 dandove,
2007 2210 2071 2249 ac

502 2280 801 2350 largiendo,
822 2283 901 2336 vel
924 2283 1190 2353 cujusque
1213 2286 1420 2340 meritis
1454 2287 1872 2355 compensandis
1905 2287 2070 2340 ratio-

2176 1919 2469 1992 ἦδίδωσιν,
2499 1919 2531 1988 ἢ
2569 1919 2814 1989 παρέχει,
2844 1918 2877 1987 ἦ
2922 1916 3075 1980 ἀξίαν
3107 1917 3348 1969 δίδωσιν·
3387 1915 3527 1969 ἀλλὰ
3571 1916 3787 1978 καθὼς

2179 2010 2368 2064 ἑαυτὸν
2384 2011 2530 2074 ἄξιον
2546 2011 2770 2072 ἕκαστος
2789 2010 3114 2080 εὐτρεπίζει·
3137 2010 3430 2070 τουτέστιν,
3443 2010 3571 2062 Οὐκ
3582 2008 3786 2061 ἔστιν

2175 2102 2321 2171 ἐμὸν
2343 2101 2552 2154 δοῦναι
2572 2115 2586 2128 ⁸
2621 2099 2756 2153 ἀλλὰ
2788 2101 2881 2152 ὲάν
2904 2100 3138 2171 κάμητε,
3163 2099 3315 2152 ἔσται
3354 2100 3477 2168 ὑμῖν
3515 2101 3778 2168 ἡτοιμα-

2178 2192 2371 2262 σμένον
2398 2190 2547 2262 παρά
2575 2190 2667 2243 τοῦ
2701 2190 2912 2262 Πατρός
2939 2208 3057 2260 μου.
3090 2190 3160 2242 Τὸ
3192 2191 3249 2242 δὲ
3272 2189 3493 2251 τέλειον,
3523 2189 3612 2242 ὅτι
3647 2189 3781 2258 ἐγὼ

2174 2287 2290 2354 εἶμι
2315 2284 2352 2352 ἠ
2392 2281 2522 2350 ζωή.
2556 2284 2664 2336 Καὶ
2696 2282 2775 2335 ἔτι
2817 2282 3196 2354 ὑπερϐήσομαι
3228 2283 3392 2345 είςτά
3421 2283 3607 2354 ἕτερα.

507 2388 631 2427 nem
669 2375 855 2442 habet;
885 2379 982 2431 sed
1013 2377 1111 2431 hoc
1143 2378 1364 2431 omnino
1382 2389 1675 2448 Spectatur,
1701 2381 2160 2450 quemadmodum
2186 2395 2244 2433 se
2265 2378 2498 2448 quisque
2532 2376 2784 2431 idoneum
2815 2376 3146 2446 dignumque
3175 2384 3472 2444 comparet.
3509 2375 3778 2443 Denique

511 2465 600 2518 hic
626 2482 820 2522 sensus
846 2476 949 2531 est,
993 2466 1118 2520 Non
1146 2477 1223 2521 est
1252 2485 1419 2522 meum
1449 2470 1598 2531 dare,
1624 2470 1717 2524 sed
1748 2471 1792 2525 si
1831 2471 2226 2534 laboraveritis,
2265 2477 2514 2540 paratum
2543 2468 2646 2522 erit
2678 2467 2829 2521 vobis
2851 2482 2879 2519 a
2907 2465 3067 2522 Patre
3093 2482 3230 2522 meo.
3256 2466 3541 2520 Summum
3571 2474 3772 2518 autem

506 2571 570 2609 ac
600 2555 894 2625 perfectum
925 2564 1028 2619 est.
1058 2558 1314 2626 quoniam
1342 2575 1433 2628 ego
1459 2575 1576 2612 sum
1604 2559 1710 2612 vita
1725 2557 1767 2612 ⁸.
1799 2557 1954 2614 Nunc
1985 2561 2051 2614 ad
2085 2561 2193 2614 alia
2228 2559 2661 2630 progrediamur.

577 2666 710 2721 LIX.
753 2665 1030 2737 Objiciunt
1079 2667 1248 2722 illud:
1285 2667 1515 2734 Quinam
1555 2669 1707 2722 illum
1743 2685 1807 2723 ex
1830 2669 2067 2740 perfecta

508 2758 796 2814 divinitate
827 2758 922 2814 Dei
954 2759 1220 2829 prodiissc
1249 2761 1467 2815 dicitis?
1496 2760 1637 2816 Ecce
1663 2763 1806 2817 enim
1835 2763 2072 2833 Aposto-

509 2847 596 2903 lus
629 2849 708 2902 sic
733 2849 800 2902 de
829 2848 921 2902 illo
957 2849 1148 2903 scribit
1176 2867 1188 2902 :
1217 2849 1358 2903 Deus
1380 2853 1653 2904 suscitavit
1683 2853 1835 2905 illum
1868 2869 1902 2904 a
1929 2868 2074 2905 mor-

512 2939 676 2995 tuis'.
704 2941 780 2994 Ex
803 2957 910 3010 quo
938 2949 1085 3012 patet
1117 2941 1208 2997 Dei
1237 2943 1385 2996 illum
1416 2944 1642 3006 auxilio,
1673 2946 1766 3014 qui
1788 2960 1846 2999 se
1874 2959 1902 2997 a
1933 2959 2078 2998 mor-

511 3033 624 3086 tuis
647 3033 910 3087 excitar‘et
957 3050 1095 3104 opus
1126 3034 1399 3089 habuisse.
1435 3034 1779 3104 Proindeque
1813 3037 1952 3090 alius
1994 3044 2078 3091 est

2241 2668 2367 2722 NO’.
2399 2666 2535 2737 Φησὶ
2583 2666 2639 2719 δέ
2665 2681 2678 2695 ·
2718 2665 2842 2728 Πῶς
2878 2664 3064 2734 λέγετε
3109 2664 3268 2720 αὐτὸν
3305 2666 3369 2717 ἐκ
3397 2665 3496 2734 τῆς
3537 2666 3776 2733 τελείας

2174 2759 2268 2814 τοῦ
2305 2757 2440 2812 Θεοῦ
2480 2758 2764 2828 θεότητοςς
2809 2757 2938 2809 Ἰδοὺ
2984 2756 3093 2827 γὰρ
3139 2755 3285 2824 λέγει
3339 2759 3465 2828 περὶ
3522 2759 3708 2812 αὑτοῦ
3743 2764 3773 2812 6

2194 2849 2534 2913 Ἀπόστολος,
2569 2850 2658 2902 ὅτι·
2683 2850 2735 2901 Ὁ
2765 2848 2909 2913 Θεὸς
2937 2848 3168 2917 ἤγειρεν
3193 2849 3378 2901 αὑτὸν
3401 2850 3470 2902 ἐκ
3501 2851 3772 2919 νεκρῶν.

2191 2944 2251 2997 '0
2277 2944 2334 2998 δὲ
2351 2943 2656 3014 maenaa;
2686 2941 2935 3014 βοηθείας
2949 2942 3044 2994 τοῦ
3077 2942 3212 2994 Θεοῦ
3237 2941 3330 2994 τοῦ
3359 2944 3573 3014 ἐγεῖραι
3595 2945 3775 2997 αὑτὸν

2181 3037 2247 3089 ὲκ
2269 3035 2494 3106 νεκρῶν.
2523 3037 2661 3107 Ἀρα
2691 3035 2873 3106 ἕτερός
2903 3036 3048 3087 ἐστιν
3079 3037 3108 3088 6
3138 3035 3363 3104 ἐγείρων
3396 3038 3461 3106 τῇ
3501 3035 3772 3107 δυνάμει,

511 3124 606 3194 qui
649 3134 840 3194 suapte.
875 3127 1024 3180 illum
1065 3128 1118 3180 vi
1157 3129 1409 3189 suseitat,
1445 3128 1585 3182 alius
1623 3137 1678 3183 et
1722 3128 1912 3182 eodem
1944 3129 2080 3183 infe-

2198 3103 2377 3198 ἕτερος
2388 3125 2446 3180 δὲ
2475 3103 2830 3196 ὑποόεὸηκῶς
2866 3129 2894 3179 ὁ
2922 3103 3266 3198 ἐγειρόμενος
3290 3127 3376 3179 διὰ
3405 3103 3504 3198 της
3533 3103 3775 3182 τοῦ-δυ-

513 3219 648 3281 rior,
677 3218 769 3286 qui
802 3219 1148 3287 praepotentis
1195 3220 1340 3274 illius
1366 3221 1565 3274 virtute
1595 3221 1909 3274 suscitatur.
1943 3220 2081 3286 Quid

515 3307 752 3377 amplius
781 3307 1052 3378 perfrictae
1091 3307 1288 3363 frontis
1326 3310 1604 3363 hominum
1638 3309 1944 3364 refellendis
1975 3327 2080 3364 nu--

515 3397 598 3468 gis
637 3412 700 3452 ac
750 3399 977 3454 somniis
1027 3399 1414 3454 immorantur?
1460 3400 1590 3466 Quis
1632 3399 1894 3455 Lazarum
1921 3401 2080 3472 783

515 3489 768 3545 excitavit
793 3489 864 3542 ad
888 3490 1052 3543 vitam
1071 3490 1125 3543 °?
1149 3489 1281 3557 Quis
1321 3491 1494 3546 vidua:
1528 3492 1582 3546 in
1603 3492 1800 3562 oppido
1830 3493 1984 3547 Naim
2018 3494 2081 3547 li-

515 3580 647 3635 lium
682 3581 804 3636 vitz:
830 3582 1141 3637 restituit”?
1166 3581 1298 3648 Quis
1340 3585 1638 3654 Synagoga:
1671 3585 1933 3654 principis
1964 3586 2085 3640 lilia:

516 3670 653 3724 dixit
685 3689 698 3724 :
727 3669 899 3734 Cumi,
951 3670 1160 3733 talitha,
1197 3671 1299 3725 hoc
1327 3680 1428 3734 est,
1462 3671 1645 3741 Surge,
1687 3671 1800 3740 ﬁlia
1823 3672 1882 3724 δῖ
1910 3671 2084 3741 Cujus

516 3761 768 3816 invocato
796 3763 862 3816 ab
891 3762 1152 3832 apostolis
1186 3763 1403 3817 nomine
1436 3764 1632 3816 mortui
1666 3772 1793 3817 sunt
1822 3764 1889 3818 ad
1920 3765 2085 3818 vitam

517 3851 795 3905 revocati?
831 3852 901 3904 At
931 3852 1040 3917 isti,
1085 3854 1342 3921 quoniam
1387 3853 1612 3922 apostoli
1643 3863 1833 3907 contra
1875 3852 2084 3908 Iudaeos

517 3941 879 4012 disputantes,
912 3957 1036 3996 cum
1064 3958 1383 4012 persuasum
1435 3943 1568 4013 ipsis
1607 3952 1774 4008 esset,
1813 3946 2087 4014 apostolos

519 4034 588 4087 ab
639 4034 772 4104 legis
830 4033 937 4091 Deo
981 4035 1340 4089 defectionem
1395 4031 1715 4105 pradicare,
1775 4051 1986 4091 necnon
2035 4046 2090 4091 ct

520 4125 663 4196 quod
689 4125 922 4194 Spiritus
952 4134 1178 4182 sanctus
1216 4127 1532 4195 pmvideret
1557 4127 1821 4196 ejusmodi
1855 4129 2089 4186 haereses

520 4217 753 4280 futuras,
782 4232 902 4286 quae
935 4234 964 4269 a
1000 4226 1225 4286 paterna
1268 4219 1544 4274 voluntate
1576 4220 1851 4275 Christum
1887 4222 2092 4276 abalie-

521 4322 654 4361 nare
700 4321 764 4360 ac
808 4323 1063 4377 separare
1114 4309 1398 4364 studerent
1431 4329 1442 4364 :
1477 4327 1624 4378 cum,
1663 4311 1904 4383 inquam,
1965 4330 2092 4383 pro-

523 4407 704 4469 pterea
747 4399 811 4452 ad
844 4416 1002 4453 unam
1033 4401 1370 4457 divinitatem
1404 4405 1584 4457 omnia
1613 4415 1932 4460 revocarent
1958 4423 2089 4477 apo-

521 4490 668 4551 stoli,
699 4489 1134 4560 quandoquidem
1169 4509 1267 4562 pro
1300 4510 1364 4548 eo
1399 4510 1461 4548 ac
1488 4494 1631 4549 Patri
1671 4497 1846 4551 visum
1888 4505 1992 4561 est,
2027 4499 2093 4553 de

522 4577 644 4633 Filii
667 4581 966 4642 voluntate,
997 4597 1060 4635 ac
1093 4586 1470 4640 consentiente
1501 4586 1702 4655 Spiritu
1729 4597 1940 4651 sancto,
1970 4605 2089 4644 om-

523 4670 612 4723 nia
657 4671 876 4723 condita
926 4682 1072 4736 sunt,
1134 4674 1392 4738 haeretici,
1441 4678 1684 4746 inquam,
1725 4681 1812 4732 isti
1880 4681 1962 4735 his
2012 4681 2089 4735 lo-

523 4760 726 4830 quendi
772 4761 948 4815 modis
989 4763 1297 4820 inferiorem
1352 4767 1642 4836 quamdam
1697 4771 2084 4834 conditionem,

525 4859 619 4904 aut
668 4851 1119 4917 imbecillitatem,
1161 4865 1255 4908 aut
1307 4857 1476 4910 divini
1519 4856 1680 4912 Verbi
1733 4860 1799 4913 ab
1852 4862 2088 4916 essentia

523 4941 703 4997 Patris
734 4942 1114 4998 alienationem
1140 4947 1431 5016 signiﬁcari
1459 4959 1669 5018 putant.
1700 4950 1897 5005 Verum
1931 4954 2088 5024 longe

525 5033 682 5088 aliter
704 5049 762 5088 se
793 5049 882 5088 res
912 5035 1089 5089 habet.
1120 5035 1184 5089 Et
1219 5046 1274 5090 ut
1301 5039 1430 5092 illud
1467 5041 1754 5111 intelligas,
1779 5057 1875 5112 age
1903 5059 2086 5098 exem-

2187 3218 2346 3271 νατοῦ
2375 3219 2675 3290 δυνάμεως.
2694 3220 2801 3273 Καὶ
2822 3220 2926 3282 ἕως
2954 3220 3079 3272 πότε
3114 3222 3505 3292 κατατρίὸομαι
3532 3222 3670 3293 περὶ
3699 3223 3776 3276 τὰ

2187 3311 2401 3384 ληρώδη
2425 3315 2670 3384 νοήματα
2701 3314 2806 3366 τῶν
2844 3313 3029 3376 κακῶς
3063 3315 3516 3386 παρατριψάντων
3548 3317 3774 3370 ἑαυτῶν

2187 3401 2248 3455 τὸ
2277 3401 2557 3472 μέτωπον;
2592 3403 2687 3465 Τίς
2715 3398 2805 3456 οῦν
2822 3403 3010 3475 ἤγειρε
3032 3404 3121 3456 τὸν
3145 3405 3421 3475 Λάζαρονς
3453 3406 3549 3468 Τίς
3565 3407 3772 3477 ἤγειρε

2189 3492 2278 3545 τὸν
2302 3492 2414 3545 υἱὸν
2444 3493 2542 3563 τῆς
2571 3496 2744 3564 χήρας
2776 3495 2875 3563 τῆς
2907 3495 2964 3547 ὲν
2991 3495 3159 3560 Natu;
3189 3497 3230 3548 Τ
3237 3497 3284 3558 ίς
3308 3494 3506 3566 εἷπετῇ
3524 3496 3775 3570 θυγατρὶ

2191 3583 2283 3636 τοῦ
2295 3584 2765 3654 ἀρχισυναγώγου·
2788 3587 2995 3654 Κούμι,
3021 3587 3252 3649 ταλιθὰ,
3274 3588 3570 3651 τουτέστιν,
3591 3590 3774 3642 ‘Arri-

2191 3679 2401 3741 στηθι,
2458 3677 2495 3743 ’ἡ
2543 3676 2683 3742 παῖς
2698 3691 2716 3741 ;
2763 3677 2918 3740 Τίνος
2969 3677 3029 3730 τὸ
3083 3678 3253 3748 ὄνομα
3294 3679 3663 3732 ἐπεκαλοῦντο
3718 3684 3772 3734 οἱ

2193 3765 2510 3829 ἀπόστολοι,
2561 3767 2654 3819 καὶ
2685 3767 2734 3818 oi.
2763 3767 2945 3837 νεκροὶ
2984 3767 3303 3838 ἡγείροντο;
3341 3767 3641 3837 Νομίζουσι
3683 3769 3768 3832 δὲ,

2193 3859 2374 3929 ἐπειδὴ
2403 3860 2452 3911 οἱ
2473 3859 2774 3924 ἀπόστολοι,
2818 3860 3088 3922 Ἰουδαίοις
3119 3861 3652 3932 προσδιαλεγόμενοι,
3676 3863 3770 3916 διὰ

2193 3951 2254 4004 τὸ
2295 3952 2532 4023 νομίζειν
2565 3954 2899 4007 ἀποστασίαν
2933 3953 3227 4025 κηρύσσειν
3268 3955 3394 4018 τοὺς
3430 3955 3770 4020 ἀποστόλους

2195 4043 2302 4095 ἀπὸ
2329 4043 2422 4097 τοῦ
2460 4045 2594 4098 Θεοῦ
2619 4046 2712 4099 τοῦ
2748 4047 2935 4117 νόμου,
2953 4048 3047 4118 καὶ
3077 4046 3164 4099 διὰ
3193 4045 3251 4098 τὸ
3273 4047 3407 4115 πρὸς
3435 4046 3495 4098 τὸ
3521 4047 3768 4113 γνωστὸν

2196 4135 2288 4188 τοῦ
2321 4137 2474 4205 ἁγίου
2497 4137 2841 4208 Πνεῦματος,
2884 4138 2975 4190 τοῦ
3006 4137 3381 4206 γινώσκοντος,
3421 4139 3502 4190 ὅτι
3528 4138 3768 4207 ἡμελλον

2197 4227 2436 4299 αἱρέσεις
2467 4226 2784 4297 ἀφηνιάξειν
2819 4228 2908 4280 τὸν
2944 4227 3177 4298 Χριστὸν
3219 4227 3325 4280 ἀπὸ
3372 4225 3466 4278 τοῦ
3505 4227 3764 4299 πατρῴου

2199 4315 2534 4388 Θελήματος’
2573 4318 2762 4371 τούτου
2807 4318 2968 4372 ἕνεκα
3003 4321 3082 4381 είς
3118 4318 3215 4390 τὴν
3263 4319 3388 4389 μίαν
3434 4318 3666 4389 θεότητα
3698 4320 3765 4370 τὰ

2201 4411 2378 4464 πάντα
2402 4411 2762 4480 ἀναφέροντες
2791 4412 2841 4462 οἱ
2874 4412 3028 4464 αὐτοὶ
3059 4412 3378 4476 ἀπόστολοι,
3425 4413 3508 4464 ὅτι
3544 4412 3764 4483 εὐδοκία

2199 4500 2351 4572 παρά
2381 4502 2591 4574 Πατρὸς
2629 4503 2872 4571 ἐγένοντο
2906 4503 2970 4560 τὰ
2994 4503 3167 4556 πάντα
3204 4504 3452 4574 βουλήσει
3491 4504 3583 4557 τοῦ
3609 4505 3764 4567 Υἱοῦ,

2201 4593 2516 4663 συνευδοκίᾳ
2552 4593 2865 4665 Πνεύματος
2886 4595 3063 4664 ἁγίου,
3096 4596 3170 4667 μὴ
3204 4597 3312 4667 ἄρα
3343 4595 3482 4650 κατά
3524 4597 3763 4649 ἑλάττιυο

2199 4697 2303 4743 σιν,
2333 4681 2364 4751 ἢ
2404 4683 2546 4736 κατά
2578 4684 2883 4747 ἀσθένειαν,
2927 4687 2956 4756 ἢ
2993 4687 3342 4757 ἀλλοτρίωσιν
3377 4688 3472 4756 τῆς
3501 4687 3596 4739 τοῦ
3627 4688 3760 4740 Θεοῦ

2195 4773 2366 4840 Λόγου
2407 4777 2556 4845 παρὰ
2583 4777 2674 4829 τοῦ
2704 4779 2916 4849 Πατρὸς
2959 4780 3146 4833 οὐσίαν
3190 4781 3348 4834 τοῦτο
3384 4782 3618 4853 εἴρηται.
3655 4783 3760 4834 Καὶ

2193 4865 2289 4935 οὐχ
2315 4865 2504 4929 οὕτως.
2537 4868 2676 4941 Ὅρα
2703 4870 2811 4942 γὰρ
2843 4872 2909 4925 τὰ
2935 4873 3282 4942 πρωτότυπα,
3312 4873 3428 4936 πῶς
3448 4874 3714 4944 διηγεῖται
3735 4876 3760 4926 ό

2193 4957 2420 5025 ἄγγελος
2455 4960 2677 5028 φάσκων
2704 4966 2824 5024 ταῖς
2856 4965 2984 5034 περὶ
3009 4965 3254 5035 Μαρίαν·
3296 4967 3355 5020 Τί
3396 4964 3616 5033 ζητεῖτε
3660 4966 3761 5017 τὸν

2189 5047 2372 5107 («arm
2393 5051 2542 5119 μετὰ
2568 5050 2684 5104 τῶν
2704 5053 2962 5120 νεκρῶν-ς

526 5129 696 5200 plaria
728 5130 841 5200 ipsc
871 5141 1149 5188 continere.
1177 5133 1315 5200 Quid
1374 5139 1598 5206 angelus
1657 5137 1858 5202 Mariae,
1915 5141 2144 5211 ejusque
2193 5144 2357 5201 sociis
2397 5148 2719 5204 mulieribus
2765 5148 3008 5203 dixerit:
3046 5148 3187 5215 Quid
3233 5151 3469 5219 qua’ritis
3518 5150 3760 5203 viventem

523 5239 642 5276 cum
668 5225 886 5278 mortuis
907 5225 965 5278 '?

607 5318 764 5374 Vides
803 5327 861 5373 ut
889 5325 1075 5377 vivens
1113 5322 1200 5377 ille
1236 5338 1359 5379 cum
1385 5339 1483 5380 sua
1515 5325 1800 5383 divinitate
1834 5338 1887 5384 et
1930 5343 2096 5386 carne

526 5412 846 5466 surrexerit.
881 5411 1066 5484 Neque
1102 5429 1230 5471 vero
1256 5416 1395 5471 inter
1417 5424 1664 5475 mortuos
1690 5419 1924 5490 amplius
1945 5419 2095 5490 jace-

605 5647 657 5698 ‘l
690 5649 816 5702 (lor.
849 5666 943 5714 xu,
979 5653 1012 5710 8
1039 5669 1166 5723 sqq.
1269 5659 1288 5688 '
1326 5655 1482 5711 Joan.
1514 5676 1565 5716 v.
1600 5659 1688 5713 2|.

1793 5661 1810 5690 ³
1841 5659 1997 5715 ioan.
2033 5677 2106 5726 vr,
2143 5663 2226 5717 Η.

2283 5329 2468 5402 Ὁρᾷς,
2505 5331 2535 5384 6
2573 5331 2681 5396 ζῶν
2713 5333 2770 5384 ἐν
2809 5331 2912 5404 ἰδίᾳ.
2953 5331 3164 5403 Θεότητι
3209 5335 3302 5386 καὶ
3349 5335 3512 5406 σαρκὶ
3544 5335 3756 5402 ἀνέστη.

2203 5423 2316 5476 Οὐκ
2338 5418 2405 5494 ἧν
2435 5421 2494 5477 δὲ
2539 5423 2677 5494 μετά
2701 5424 2808 5478 τῶν
2841 5425 3069 5497 νεκρῶν.
3097 5427 3205 5481 Καὶ
3246 5427 3300 5479 τί
3338 5443 3500 5498 φησιν
3537 5428 3755 5491 αὐταῖς·

2332 5665 2347 5692 ⁸
2383 5659 2539 5717 Joan.
2581 5681 2687 5724 xiv.
2729 5665 2777 5717 ϐ.
2885 5663 2902 5693 ⁸
2940 5663 3094 5719 Rom.
3126 5681 3194 5726 iV,
3225 5663 3330 5730 24;
3363 5664 3530 5722 lCor.
3568 5682 3654 5731 xv,
3681 5666 3756 5719 l3.

531 5715 550 5746 ‘
574 5713 736 5771 Joan.
773 5735 844 5776 ιι.
873 5713 960 5776 45.
1036 5725 1054 5755 ⁷
1087 5713 1216 5780 Luc.
1253 5743 1344 5789 ιιι,
1379 5730 1458 5781 lt.
1536 5713 1564 5760 εί
1591 5730 1780 5784 Ma'th.
1814 5713 2008 5796 mal);
2048 5731 2082 5784 L

2209 5750 2324 5797 vm,
2355 5735 2440 5790 54.
2518 5736 2537 5766 ⁹
2572 5735 2701 5788 Luc.
2750 5751 2906 5798 xxiv,
