3826 6206
136 327 287 382 29Ί’

753 323 1122 381 Αυνειιευε
1160 323 1499 382 ιιᾹῑιιΕεΕε
1543 327 1671 384 LIB.
1716 327 1786 386 ll.
1825 329 1990 386 rost.
2035 332 2098 387 ιι.
2142 287 2209 380 ζ-
2250 333 2525 390 ιυειιεε.
2563 335 2746 390 LXIX.

3227 336 3337 402 293
3450 297 3454 304 ’

145 440 370 507 Ἀνέστη,
404 440 512 492 οὐκ
542 438 712 494 ἔστιν
742 435 894 506 ὦδε;
925 443 1017 496 καὶ
1047 443 1146 497 οὐκ
1177 437 1330 497 εἶπεν
1350 457 1362 471 °
1399 445 1653 516 Ἥγειρεν

1762 445 1877 499 bat.
1915 444 2030 500 Cur
2066 423 2247 503 auiem
2283 449 2354 503 ita
2402 449 2615 503 locutus
2658 455 2742 503 est
2773 468 2785 503 :
2820 447 3084 521 Surrexit,
3120 469 3223 507 non
3259 467 3336 510 est

135 533 261 587 αὑτὸν
279 532 305 584 6
323 529 465 593 Θεὸς,
494 531 590 583 καὶ
617 531 718 585 οὐκ
751 531 900 587 ἔστιν
932 527 1070 602 diae;
1099 535 1214 588 ἀλλ’
1246 535 1334 589 ἵνα
1354 535 1570 600 δείξωσι
1597 537 1658 590 τὸ

127 624 334 689 δυνατὸν,
351 623 428 676 ὅτι
457 625 548 677 καὶ
582 624 690 688 ζῶν
721 626 943 699 ἀνέστη.
967 628 1076 681 Kal
1102 628 1264 691 αὐτὸς
1288 627 1452 682 πάλιν
1479 628 1654 697 ἔλεγε,

130 715 216 785 πρὸ
249 715 332 768 τοῦ
369 714 558 769 παθεῖν
597 716 781 777 αὑτὸν,
813 719 926 780 τοῖς
967 719 1130 772 αὐτοῦ
1161 718 1462 790 μαθηταῖς·
1509 716 1656 774 Ἰδοὺ

127 806 474 874 ἀναϐαίνομεν
505 808 593 873 είς
633 807 1052 878 Ἰεροσόλυμα,
1098 810 1198 864 καὶ
1244 811 1657 881 παραδοθήσεο

127 914 201 951 τοι
218 901 246 951 ό
282 897 401 963 Υίὸς
415 897 522 953 τοῦ
545 898 859 968 ἀνθρώπου
887 903 975 966 είς
1002 901 1066 955 τὸ
1095 902 1536 972 σταυρωθῆναι,
1557 903 1653 956 καί

125 987 186 1056 τῇ
223 989 370 1057 τρίτῃ
413 988 598 1059 ἡμέρᾳ
649 990 1078 1059 ἀναστήσεται.
1125 995 1237 1047 Kal
1287 995 1390 1048 οὐκ
1464 991 1653 1049 εἴπεν⁹

135 1081 412 1151 Ἀναστήσει
451 1082 636 1137 αὐτόν.
679 1083 877 1154 Σαφῶς
912 1083 969 1137 δὲ
997 1086 1126 1158 περὶ
1153 1085 1344 1140 τούτου
1396 1087 1459 1141 τὸ
1503 1087 1656 1152 ἐξου-

127 1173 358 1228 σιαστικὸν
390 1173 486 1244 τῆς
530 1174 694 1230 αὐτοῦ
736 1177 1023 1249 δυνάμεως
1058 1179 1412 1250 προεδείκνυε
1437 1177 1612 1248 λέγων
1637 1191 1652 1206 ⁸

135 1264 412 1328 Ἐξουσίαν
429 1265 550 1333 ἔχω
579 1265 696 1335 τὴν
714 1267 930 1337 ψυχήν
943 1285 1066 1338 μου
1094 1269 1304 1335 θεῖναι,
1330 1270 1429 1324 καὶ
1445 1269 1657 1324 λαϐεῖν

123 1357 297 1426 αὐτήν.
315 1359 367 1410 '0
386 1355 441 1410 δὲ
468 1356 719 1423 ἐξουσίαν
747 1359 904 1431 ἔχων,
937 1361 1056 1425 πῶς
1082 1361 1273 1415 ἑαυτὸν
1298 1363 1534 1435 ἐγείρειν
1551 1363 1656 1416 οὐκ

123 1448 345 1518 Militare;
382 1448 437 1502 Ὀ
477 1448 798 1515 ’Δπόστολος
819 1451 875 1504 δὲ
900 1451 1150 1525 γράφων,
1185 1454 1272 1507 ἵνα
1298 1452 1449 1526 δείξῃ
1486 1453 1654 1525 μηδὲν

123 1543 223 1596 ἄνευ
251 1541 536 1613 θελήματος
566 1543 779 1617 Πατρὺς
805 1545 864 1598 ὲν
895 1547 962 1617 τῇ
1008 1544 1110 1615 τῆς
1144 1545 1418 1616 σωτηρίας
1445 1547 1654 1598 οἰκονο-

125 1636 204 1706 μίᾳ
231 1634 568 1706 γεγενῆσθαι,
604 1636 709 1708 ἔφη
730 1655 744 1670 ·
795 1637 864 1690 Ὅ
893 1637 1038 1704 Θεὸς
1076 1637 1316 1707 ἤγειρεν
1357 1637 1544 1691 αὐτὸν
1585 1637 1656 1692 ἐκ

121 1726 328 1796 νεκρῶν.
361 1728 467 1781 Kal
499 1727 608 1800 γὰρ
651 1727 747 1782 καὶ
779 1729 837 1783 ἐν
880 1729 1026 1802 ἄλλῳ
1061 1731 1214 1800 τόπῳ
1248 1729 1397 1798 λέγει
1428 1729 1591 1794 αὐτὸς
1623 1731 1652 1784 6

1759 535 1920 598 hic"!
1954 553 2064 594 non
2104 547 2286 595 autem
2316 540 2391 594 ita
2421 539 2558 595 dixit
2584 559 2596 594 :
2620 539 2898 597 Excitavit
2933 557 3060 597 eum
3088 542 3256 611 Deus,
3283 559 3338 602 et

1758 643 1868 683 non
1913 637 1996 685 est
2039 630 2162 698 hic,
2207 630 2314 687 nisi
2349 641 2407 686 ut
2435 639 2763 703 potestatem
2809 632 2958 688 illius
3001 636 3334 698 ostenderet,

1757 721 2017 790 quoniam
2072 728 2128 777 et
2181 722 2340 778 vivus
2372 722 2649 778 surrexit?
2677 721 2982 788 Quinetiam
3015 725 3336 796 priusquam

1758 811 1877 884 ipse
1919 818 2216 882 pateretur,
2265 812 2567 884 discipulos
2611 829 2744 869 suos
2777 814 2860 868 sic
2905 813 3177 870 allocutus
3211 821 3334 869 est:

1757 901 1896 958 Ecce
1921 903 2253 959 ascendimus
2302 904 2750 975 Hierosolymam,
2796 917 2845 960 et
2887 905 3128 961 tradetur
3164 905 3336 960 Filius

1756 991 1982 1048 hominis
2025 1002 2084 1047 ut
2146 993 2513 1065 cruci/igatur,
2573 1004 2624 1048 et
2668 995 2826 1048 tertia
2881 993 2968 1050 die
3032 1006 3266 1068 resurget
3292 997 3332 1049 ³.

1755 1082 1877 1139 Non
1910 1083 2048 1139 dixit
2079 1102 2093 1140 :
2131 1082 2406 1140 Excitabit
2434 1085 2648 1156 ipsum;
2679 1084 2776 1141 sed
2823 1095 3034 1157 aperte,
3079 1089 3226 1160 quod
3266 1090 3334 1144 ad

1756 1186 1876 1228 eam
1904 1189 2019 1230 rem
2046 1177 2260 1243 attinet,
2292 1191 2406 1232 sua}
2426 1177 2533 1232 vim
2561 1178 2849 1248 potestatis
2871 1180 3084 1249 aperuit
3107 1180 3333 1236 dicens:

1757 1263 2081 1320 Potestatem
2113 1267 2276 1323 habeo
2303 1269 2539 1322 animam
2582 1286 2752 1324 meam
2785 1285 2994 1339 ponere,
3040 1281 3091 1326 et
3133 1289 3338 1329 sumere

1755 1355 1930 1423 ipsam
1949 1356 1992 1411 ⁸.
2023 1356 2127 1423 Qui
2158 1358 2323 1429 igitur
2350 1367 2677 1429 potestatem
2700 1361 2956 1427 habebat,
2982 1366 3334 1434 semetipsum

1755 1448 1996 1504 excitare
2042 1463 2154 1503 non
2195 1450 2404 1520 potuit?
2439 1451 2739 1522 Apostolus
2778 1469 2910 1509 vero
2956 1455 3094 1509 nihil
3125 1457 3336 1527 absque

1754 1535 1938 1594 Patris
1970 1539 2251 1606 voluntate
2284 1540 2340 1597 in
2377 1541 2811 1600 administranda
2846 1545 3126 1601 hominum
3161 1549 3337 1604 salute

1756 1637 1969 1700 gestum
2000 1629 2379 1689 demonstrare
2400 1634 2646 1704 cupiens,
2672 1635 2749 1690 ita
2781 1635 3190 1706 scripsit:De«us
3220 1655 3338 1693 sus-

1756 1721 1937 1776 citavit
1973 1723 2130 1777 illum
2174 1741 2207 1778 a
2255 1726 2479 1780 mortuis
2503 1728 2547 1781 ⁵.
2591 1725 2729 1782 Nam
2767 1735 2822 1783 et
2871 1728 2979 1783 alio
3021 1729 3142 1785 loco
3193 1731 3334 1786 idem

130 1819 423 1885 Ἀπόστολος,
441 1821 616 1882 ὅτι,Εὲ
629 1822 727 1876 καὶ
749 1821 1050 1877 ἀπέθανεν
1067 1821 1137 1887 ἐξ
1157 1822 1494 1888 ἀσθενείας,
1507 1820 1575 1890 ζῇ
1588 1820 1653 1874 δὲ

1756 1813 2092 1884 Apostolus:
2137 1815 2394 1886 Tametsi,
2431 1817 2632 1889 inquit,
2660 1827 2902 1874 mortuus
2947 1829 3026 1876 est
3061 1837 3128 1876 ea:
3171 1823 3336 1878 imbe-

119 1911 494 1981 ἐκδυνὰμεως.
522 1911 750 1967 Ἦθελον
775 1914 834 1968 δὲ
873 1914 1140 1969 πυθέσθαι
1163 1915 1256 1968 τὸν
1293 1914 1420 1970 νοῦν
1455 1913 1656 1968 τῶν-τὰ

120 2005 284 2077 ἀκριϐῆ
321 2004 424 2059 τῶν
455 2005 690 2077 Γραφῶν
729 2009 1128 2076 γινωσκόντων,
1186 2007 1346 2062 ποίαν
1368 2007 1653 2062 ἀσθένειαν

122 2092 236 2168 εἶχεν
256 2101 282 2152 6
309 2099 638 2172 Μονογενὴς,
669 2099 736 2154 δι’
765 2091 828 2153 οὗ
853 2102 882 2154 6
909 2101 1137 2172 οὐρανὸς
1150 2100 1426 2172 ἦπλωται,
1459 2098 1494 2170 ἢ
1521 2098 1652 2171 παρ’

120 2187 167 2246 οὗ
189 2194 214 2245 6
239 2192 449 2263 οὐρανὸς
488 2192 754 2261 ἔκτισται,
792 2193 858 2247 δι’
887 2187 948 2247 οὗ
979 2196 1005 2248 6
1024 2194 1178 2266 ἣλιος
1219 2191 1552 2264 ὲστιλὸώθη,
1583 2190 1652 2244 δι’

119 2277 166 2336 οὗ
196 2282 417 2353 ἔλαμψαν
447 2283 520 2337 τὰ
551 2285 743 2356 ἄστρα,
766 2285 834 2338 δι’
862 2279 924 2339 οὗ
961 2284 1021 2352 ἐξ
1039 2285 1142 2339 οὐκ
1178 2284 1348 2338 ὄντων
1383 2283 1454 2338 τὰ
1477 2285 1653 2338 πάντα

118 2371 383 2443 γεγένηται.
411 2368 561 2445 Ἆρα
603 2373 700 2445 τὴν
739 2375 1026 2429 ἀσθένειαν
1071 2375 1231 2430 ποίαν
1273 2374 1462 2445 λέγει;
1506 2371 1654 2447 Ἆρα

119 2466 170 2534 ἦν
206 2462 465 2530 ἀνεδέξατο
503 2465 674 2521 ἐλθὼν
715 2468 744 2521 6
779 2467 951 2537 Λόγος
984 2468 1042 2522 ὲν
1069 2471 1135 2541 τῇ
1170 2468 1417 2540 ἡμετέρᾳ
1462 2469 1649 2541 σαρκὶ,

117 2557 430 2629 ἐνδυσάμενος
465 2557 704 2630 ταύτην,
759 2559 846 2614 ινα
873 2561 972 2632 τὴν
1027 2562 1186 2633 ἡμῶν
1238 2560 1524 2616 ἀσθένειαν
1557 2561 1654 2632 βα-

119 2650 286 2723 nam;
317 2650 388 2715 ὡς
413 2652 510 2705 καὶ
542 2652 655 2724 ᾄδει
689 2654 818 2725 περὶ
859 2653 1024 2708 αὑτοῦ
1061 2656 1090 2708 6
1130 2656 1415 2727 προφήτης
1439 2654 1614 2725 λέγων
1633 2670 1650 2688 ⁸

119 2744 204 2807 Τὰς
237 2743 547 2811 ἀσθενείας
576 2745 746 2815 ἡμῶν
775 2747 975 2812 ἔλαϐε,
1003 2745 1232 2814 καὶτὰς
1266 2747 1494 2814 νόσους
1514 2747 1644 2802 66d-

114 2845 324 2888 στασεν.
348 2833 645 2888 Ἀπέθανεν
663 2831 757 2890 οὖν
783 2835 872 2890 διὰ
883 2835 980 2908 τὴν
1006 2836 1162 2908 ἡμῶν
1181 2835 1464 2890 ἀσθένειαν
1487 2837 1516 2889 6
1537 2835 1651 2908 ζωὴ

113 2921 173 2973 ὦν
211 2923 294 2975 καὶ
345 2923 562 2996 ἀπαθὴς
589 2926 722 2990 Θεὸς
763 2928 820 2980 ὲν
856 2930 924 2999 τῇ
983 2926 1044 2992 ἐξ
1085 2926 1244 2999 ἡμῶν
1287 2926 1654 2999 ἀσθενεστέρα

117 3017 250 3085 σαρκί
269 3035 279 3046 ι
298 3016 361 3086 ζῇ
380 3017 437 3071 δὲ
453 3019 525 3072 ἐκ
542 3018 870 3089 δυνάμεως.
894 3019 1024 3074 Ζῶν
1059 3020 1172 3090 γάρ
1197 3021 1369 3074 ἐστιν
1383 3023 1416 3074 ό
1446 3021 1648 3090 λόγος,

115 3107 192 3158 καὶ
220 3107 476 3178 ἐνεργὴς,
524 3110 624 3164 καὶ
659 3111 985 3181 τομώτερος
1012 3110 1168 3181 ὑπὲρ
1194 3110 1402 3166 πᾶσαν
1431 3109 1650 3181 μάχαι-ι

110 3199 520 3271 ρανδίστομον.
568 3203 864 3258 ’Λπέθανεν
891 3200 984 3259 οὖν
1028 3203 1087 3272 ἐξ
1129 3204 1445 3272 ἀσθενείας,
1490 3204 1557 3277 ζῇ
1595 3205 1652 3259 δὲ

113 3291 164 3344 ἐκ
193 3291 455 3365 δυνάμεως
500 3298 602 3368 τῆς
634 3297 801 3350 αὑτοῦ
835 3296 1110 3370 θεότητος.
1152 3297 1218 3370 ζῇ
1247 3297 1304 3352 δὲ
1333 3300 1392 3353 ὲν
1417 3302 1484 3371 τῇ
1515 3301 1656 3370 ἠμε-

112 3383 219 3456 τέρᾳ
247 3388 417 3457 σαρκὶ,
470 3391 532 3442 ὲν
632 3390 695 3442 τὸ
720 3390 892 3454 πάθος
924 3383 1233 3456 ἀνεδέξατο.
1288 3392 1397 3444 Kal
1438 3391 1526 3446 διὰ
1556 3389 1654 3463 τὴν

112 3477 330 3550 τοιαύτην
348 3482 666 3552 οἰκονομίαν
700 3483 798 3559 τὴν
835 3483 1086 3539 εὐδοκίαν
1117 3484 1330 3554 Πατρὸς
1370 3485 1654 3556 σημαίνων

113 3571 459 3638 ὁἋτ-ιόπολος
506 3574 632 3647 ἔφη,
666 3577 745 3629 ὅτι
790 3576 852 3630 ’0
900 3576 1042 3644 Θεὸς
1084 3577 1323 3648 ἤγειρεν
1367 3575 1554 3631 αὐτὸν
1584 3576 1652 3630 ἐκ

113 3676 318 3730 ιἐκρων.
945 3701 956 3709 ο

153 3923 281 3978 N8".
297 3928 720 4001 Ἐπιφέρουσιδὲ
733 3930 828 3984 καὶ
840 3929 968 3984 ἄλλο
988 3931 1150 4003 ῥητὸν
1167 3932 1231 3986 ἐκ
1252 3933 1344 3986 τοῦ
1366 3935 1506 3988 κατὰ
1521 3935 1652 3988 Λουο

113 4015 192 4066 κᾶν
216 4017 562 4090 Εὐαγγελίου,
601 4021 738 4094 ὅπερ
760 4022 874 4076 ὲστί
901 4022 1190 4077 Θεσπέσιον
1219 4026 1313 4079 καὶ
1341 4025 1649 4100 ἐξαίρετον,

112 4109 184 4160 καὶ
201 4110 273 4173 εἰς
291 4113 463 4168 πάντα
483 4113 924 4186 χρησιμώτατον.
960 4118 1119 4170 Ποῖον
1139 4117 1195 4170 δέ
1219 4119 1335 4172 ἐστι
1364 4121 1426 4172 τδ
1449 4120 1611 4191 ῥητόν
1633 4136 1648 4185 ;

112 4201 201 4253 ἀλλ’
235 4202 263 4274 ἦ
293 4205 530 4277 ὁπηνίκα
558 4207 670 4278 γὰρ
699 4207 924 4279 ἔμελλεν
952 4211 981 4263 6
1007 4209 1212 4281 Κύριος
1262 4210 1368 4282 ἰδίᾳ
1399 4211 1652 4284 βουλήσει

113 4294 184 4345 ἐπὶ
202 4295 254 4349 τὸ
277 4297 442 4364 πάθος
479 4301 662 4371 ἣκειν,
707 4301 1041 4373 παραλαϐὼν
1058 4305 1183 4368 τοὺς
1211 4306 1462 4377 μαθητὰς
1488 4307 1546 4360 ὲν
1574 4307 1652 4378 τῷ

111 4385 205 4455 ἵρει
239 4391 370 4445 κατὰ
409 4392 512 4464 τὴν
555 4391 994 4467 ὤρανεκείνην,
1041 4395 1252 4465 διέστη
1293 4399 1394 4452 ἀπ’
1450 4397 1653 4453 αὐτῶν

113 4478 226 4568 daal
255 4481 424 4537 ⁴ιιίθου
447 4483 689 4552 βολὴν,
729 4485 826 4539 καί
864 4486 1144 4540 ἀπελθὼν
1167 4489 1409 4558 ηὔχετο,
1441 4489 1614 4560 ἔλεγε
1633 4507 1647 4522 '
1682 4514 1728 4568 ι)

118 4567 287 4639 ἀάτερ,
313 4577 364 4626 el
386 4574 672 4640 δυνατὸν,
702 4578 1040 4645 παρελθέτω
1068 4578 1136 4632 τὸ
1167 4581 1453 4650 ποτήριον
1479 4584 1656 4640 τοῦτο

113 4660 190 4713 ἀπ’
208 4665 360 4734 ἐμοῦ,
390 4669 493 4722 ἵνα
511 4669 598 4739 μὴ
621 4671 766 4724 αὐτὸ
787 4671 918 4724 πίω.
945 4671 1122 4740 Πλὴν
1141 4675 1253 4744 οὐχ
1284 4673 1315 4727 6
1343 4676 1456 4746 ἐγὼ
1478 4676 1652 4744 θέλω,

115 4752 221 4806 ἀλλ’
250 4755 278 4808 6
313 4760 414 4814 σύ.
442 4760 557 4814 Kal
587 4759 802 4831 πρῶτον
837 4761 936 4832 μὲν
966 4761 1128 4816 πάλιν
1155 4765 1578 4834 προφασίζονται
1603 4767 1654 4819 oi

115 4841 236 4896 αὐτοὶ
255 4845 519 4915 λέγοντες,
543 4851 626 4904 ὅτι
640 4850 806 4922 Ὁρᾷς
823 4850 940 4914 πῶς
953 4851 1323 4922 ὑποκριτικῶς
1338 4854 1352 4885 ¹
1375 4854 1542 4924 λέγει,
1559 4855 1654 4909 καὶ

117 4927 320 5008 βούλημα
345 4941 741 5013 διηλλαγμένον
776 4943 1064 5013 ὑποφαίνει
1090 4943 1264 5013 λέγων
1288 4962 1302 4976 ·
1329 4946 1452 5015 Οὐχ
1476 4945 1508 4998 6
1539 4945 1654 5014 ἐγὼ

116 5025 252 5094 θέλω,
274 5031 406 5086 ἀλλ’
443 5033 476 5086 6
500 5037 583 5088 σύ
606 5051 626 5100 ;
656 5034 783 5098 Πῶς
811 5029 905 5088 οὗν
934 5037 969 5108 ἡ
995 5034 1135 5107 αὐτὴ
1172 5034 1332 5089 οὐσία
1356 5036 1650 5106 τυγχάνει,

117 5121 273 5184 φασιν,
292 5125 370 5177 ὅτι
399 5127 460 5178 ὲν
484 5126 637 5197 αὐτῷ
657 5127 844 5199 ἔτερόν
867 5129 983 5182 ἐστι
1011 5127 1282 5200 βούλημα,
1308 5129 1364 5182 ὲν
1388 5128 1444 5182 δὲ
1472 5130 1650 5202 Πατρὶ

115 5207 291 5283 ἓτερον;
320 5218 427 5272 Καὶ
443 5218 704 5288 ἀγνοοῦσι
735 5219 834 5291 τὴν
864 5222 1047 5274 πᾶσαν
1076 5219 1328 5292 δύναμιν.
1359 5220 1457 5274 Διὰ
1494 5221 1653 5276 τοῦτο

116 5301 201 5371 γὰρ
224 5310 307 5361 καὶ
340 5313 368 5364 6
408 5312 733 5376 Ἀπόστολος
763 5312 866 5384 ἔφη
889 5328 904 5342 ο
934 5308 1011 5367 ’Ὦ
1025 5311 1215 5380 βάθος
1244 5315 1535 5379 πλούτου,
1554 5314 1651 5368 καὶ

116 5400 315 5467 σοφίας,
345 5404 443 5458 καὶ
471 5405 751 5475 γνώσεως
780 5405 969 5460 Θεοῦί
1003 5407 1129 5470 Πῶς
1158 5407 1267 5479 γὰρ
1297 5407 1429 5461 ἴδιον
1461 5407 1651 5479 βούλη-

121 5500 180 5553 μα
201 5489 291 5562 ἔφη
317 5495 461 5567 παρὰ
500 5495 563 5549 τὸ
588 5495 684 5548 τοῦ
715 5497 931 5565 Πατρδς
964 5495 1232 5570 βούλημα,
1289 5499 1453 5553 ὁπότε
1489 5498 1652 5564 αὐτὸς

1755 1905 2000 1975 eillitate,
2042 1906 2167 1961 vivit
2198 1923 2265 1963 ea:
2311 1910 2505 1963 virtute
2527 1909 2570 1964 ⁸.
2611 1909 2726 1982 Ego
2773 1927 2904 1968 vero
2943 1914 3203 1984 quidnam
3244 1917 3334 1972 isti

1754 1994 2002 2052 homines
2032 2006 2142 2052 tam
2175 2009 2429 2054 accurata
2461 2014 2744 2056 sacrarum
2774 2001 3105 2061 Litterarum
3151 2009 3335 2063 scien-

1755 2087 1828 2140 tia
1853 2087 2068 2159 przediti
2108 2090 2161 2146 in
2189 2091 2374 2146 animo
2403 2092 2662 2160 habeant,
2694 2093 2928 2152 libenter
2959 2097 3292 2171 interrogem
3316 2119 3330 2154 :

1753 2177 1899 2245 Quid
1935 2181 1992 2236 in
2032 2183 2197 2238 unico
2237 2182 2332 2239 Dei
2377 2181 2516 2239 Filio
2559 2185 2949 2244 imbecillitatis
3001 2189 3184 2257 fuerit,
3240 2206 3338 2262 per

1754 2287 1917 2342 quem
1961 2274 2163 2330 catlum
2224 2290 2528 2345 expansum
2573 2286 2657 2333 est
2705 2287 2760 2334 et
2815 2279 3186 2349 productum,
3238 2299 3338 2355 per

1753 2380 1916 2437 quem
1948 2367 2031 2424 sol
2057 2369 2348 2439 splendore
2376 2369 2632 2441 perfusus
2660 2381 2764 2437 est,
2796 2387 2894 2443 per
2917 2389 3079 2446 quem
3106 2375 3336 2432 illuxere

1754 2458 1959 2525 sidera,
2009 2475 2108 2531 per
2149 2475 2312 2531 quem
2365 2475 2396 2516 e
2434 2461 2608 2518 nihilo
2642 2472 2768 2518 sunt
2809 2465 2998 2520 omnia
3046 2466 3334 2536 producta.

1754 2549 1928 2617 Quam
1993 2551 2160 2622 igitur
2214 2551 2644 2610 imbecillitatem
2696 2553 2747 2610 ei
2803 2554 3093 2611 tribuunt?
3135 2555 3338 2612 Eamne

1753 2659 1916 2714 quam
1947 2643 2113 2717 784
2141 2645 2196 2700 in
2235 2654 2424 2701 nostra
2466 2659 2655 2712 carne,
2692 2647 2785 2702 ubi
2820 2647 2968 2702 illam
2998 2648 3198 2716 induit,
3242 2649 3338 2706 Dei

1755 2735 1995 2792 Verbum
2040 2737 2095 2791 in
2147 2752 2270 2793 sese
2313 2735 2621 2803 transtulit,
2657 2752 2769 2807 quo
2814 2737 3185 2794 inﬁrmitatem
3238 2755 3374 2796 ιω·-

1753 2836 1923 2908 stram
1975 2828 2093 2899 ipse
2132 2829 2422 2899 portaret?
2452 2827 2921 2896 Quemadmodum
2970 2829 3038 2885 de
3079 2830 3174 2886 illo
3212 2846 3341 2902 prt.L

1752 2921 1918 2990 pheta
1947 2921 2182 2976 cecinit:
2208 2919 2561 2990 Inﬁrmitates
2591 2929 2804 2975 nostras
2831 2922 3080 2989 suscepit,
3117 2930 3169 2976 et
3196 2939 3340 2976 mor-

1755 3013 1847 3067 bos
1890 3011 2012 3065 tulit
2036 3012 2079 3066 '.
2125 3011 2298 3084 Igitur
2326 3021 2580 3068 mortuus
2607 3019 2690 3067 est
2715 3019 2938 3083 propter
2967 3011 3338 3070 inﬁrmitatem

1755 3114 2002 3161 nostram
2037 3105 2092 3159 in
2124 3105 2394 3160 imbecilla
2424 3119 2591 3161 carne
2620 3105 2712 3160 ille
2738 3105 2876 3176 ipse,
2912 3105 3006 3176 qui
3036 3106 3149 3162 vita
3173 3116 3257 3162 est
3287 3117 3338 3163 et

1758 3197 2018 3252 immunis
2049 3211 2080 3252 a
2121 3197 2380 3268 passione
2425 3195 2604 3264 Deus;
2638 3196 2763 3251 vivit
2817 3202 2999 3251 autem
3038 3212 3106 3251 ea:
3129 3198 3335 3252 virtute.

1766 3287 1923 3343 Vitas
1953 3297 2033 3343 est
2065 3289 2204 3342 enim
2236 3304 2408 3342 sermo
2438 3287 2555 3353 Dei,
2582 3296 2634 3342 et
2659 3288 2862 3358 efﬁcax,
2887 3295 2938 3340 et
2962 3289 3339 3357 penetrabilior

1754 3380 1898 3434 omni
1924 3379 2107 3450 gladio
2144 3381 2365 3446 ancipiti
2380 3380 2421 3433 ⁸.
2451 3379 2632 3445 Quare
2676 3387 2927 3436 mortuus
2959 3388 3042 3436 est
3081 3395 3148 3435 ex
3187 3380 3338 3437 inlir-

1753 3470 1971 3539 mitate,
2000 3471 2135 3526 vivit
2159 3479 2341 3527 autem
2369 3486 2435 3527 ex
2466 3470 2771 3526 divinitatis
2796 3486 2911 3526 suae
2936 3471 3158 3537 virtute,
3193 3480 3249 3527 et
3283 3474 3337 3526 in

1754 3577 1924 3619 carne
1956 3572 2149 3619 nostra
2178 3564 2334 3627 vivit,
2375 3564 2429 3618 in
2465 3579 2574 3634 qua
2608 3562 2922 3633 passionem
2969 3564 3118 3618 illam
3169 3565 3336 3620 διιειὶ-

1752 3656 1895 3712 nuit.
1931 3653 2016 3712 οι)
2062 3655 2205 3711 hanc
2241 3654 2664 3710 administrandi
2704 3655 2974 3710 rationem
3019 3654 3198 3712 Patris
3243 3672 3330 3711 vo-

1755 3749 2020 3803 luntatem
2053 3761 2119 3802 ac
2151 3745 2431 3802 decretum
2467 3745 2781 3817 signiﬁcare
2816 3746 3007 3802 volens
3047 3747 3341 3818 Apostolus

1753 3839 1891 3894 dixit
1923 3856 1939 3895 :
1977 3837 2119 3893 Deus
2155 3838 2429 3893 suscitavit
2463 3839 2615 3892 illunt
2641 3855 2676 3892 a
2704 3840 2946 3894 mortuis.

1823 3931 1982 3991 LIX‘.
2021 3931 2188 3988 Aliud
2225 3933 2454 4004 insuper
2491 3949 2557 3988 ex
2587 3931 2883 4003 Evangelia
2907 3932 3067 3988 Luca:
3090 3934 3340 3989 testimov

1755 4023 1906 4079 nium
1936 4022 2238 4090 adducunt,
2279 4023 2438 4093 plane
2470 4023 2737 4087 divinum,
2787 4034 2840 4080 et
2871 4025 3155 4090 eximium,
3185 4036 3239 4080 et
3271 4029 3338 4082 ad

1753 4111 1937 4174 o'mnia
1967 4117 2128 4186 longe
2171 4117 2722 4188 opportunissimum.
2759 4116 3046 4184 Quodnam
3099 4133 3230 4174 vero
3271 4120 3338 4173 ιι-

1753 4210 1846 4265 Iud
1891 4208 2013 4265 est?
2041 4207 2308 4262 Nimirum
2357 4223 2482 4262 cum
2534 4209 2600 4262 ad
2643 4208 2984 4264 subeundam
3025 4210 3333 4281 passionem

1754 4309 1945 4371 suapte
1974 4306 2169 4371 sponte
2201 4298 2465 4354 Dominus
2497 4313 2824 4357 accessurus
2850 4307 3017 4366 esset,
3050 4300 3336 4372 discipulis

1753 4395 1821 4451 ad
1852 4403 2090 4449 montem
2129 4393 2431 4464 perductis,
2461 4393 2650 4449 eadem
2692 4393 2786 4448 illa
2820 4394 2979 4459 hora,
3010 4395 3228 4450 avulsus
3257 4411 3340 4452 est

1755 4485 1820 4540 ab
1858 4485 1968 4539 illis
2009 4482 2201 4554 lapidis
2239 4484 2347 4554 fere
2371 4484 2546 4554 jactu,
2577 4495 2628 4539 et
2663 4485 2842 4540 abiens
2873 4485 3062 4541 orabat
3108 4487 3192 4542 his
3225 4505 3338 4543 ver-

1757 4579 1834 4633 bis
1859 4596 1878 4632 :
1916 4577 2099 4644 Pater,
2137 4579 2186 4632 si
2224 4577 2342 4648 ﬁeri
2369 4585 2560 4646 potest,
2593 4587 2830 4633 transeat
2862 4595 2894 4633 a
2932 4577 3188 4634 me'calia:
3218 4581 3335 4646 iste,

1755 4680 1814 4724 ut
1838 4687 1941 4725 non
1973 4671 2147 4726 bibant
2175 4671 2350 4725 illum.
2390 4669 2757 4726 Verumtamen
2787 4688 2891 4726 non
2917 4672 3056 4743 quod
3081 4688 3174 4743 ego
3197 4673 3332 4738 volo,

1755 4760 1847 4815 sed
1887 4759 2026 4832 quod
2079 4761 2187 4818 tu'.
2238 4759 2315 4814 Ex
2359 4775 2469 4830 quo
2502 4761 2576 4815 ita
2625 4760 2944 4832 disputandi
2985 4764 3336 4819 occasionem

1755 4861 2016 4924 captant:
2048 4852 2234 4919 Vides,
2265 4852 2544 4923 inquiunt,
2569 4861 2629 4908 ut
2659 4853 2726 4908 ad
2756 4853 3182 4910 discernendum
3215 4865 3339 4926 apto

1754 4943 1973 4998 locutus
2005 4942 2099 5007 sit,
2131 4948 2185 4998 et
2208 4941 2484 4997 diversam
2515 4942 2584 4997 ab
2609 4941 2701 4996 illo
2729 4944 3064 4999 voluntatem
3091 4944 3341 5000 indicet?

1752 5035 1870 5088 Non
1891 5033 2032 5103 quod
2063 5049 2156 5104 ego
2175 5033 2315 5097 volo,
2348 5033 2607 5110 sedquod
2634 5043 2711 5089 tu.
2737 5033 2954 5091 Fierine
2979 5050 3111 5090 vero
3133 5043 3336 5105 potest,

1753 5136 1814 5182 ut
1855 5128 2043 5183 eadem
2090 5114 2374 5180 amborum
2425 5126 2495 5182 sit
2540 5127 2804 5188 essentia,
2851 5140 2978 5180 cum
3018 5126 3074 5180 in
3105 5132 3339 5196 utroque

1753 5224 1858 5278 alia
1885 5225 2140 5279 voluntas
2174 5223 2345 5278 insit?
2379 5220 2486 5278 Sed
2521 5222 2625 5275 vim
2662 5235 2882 5275 omnem
2906 5217 3200 5274 verborum
3240 5231 3338 5287 pe-

1752 5315 1903 5371 nitus
1955 5315 2229 5386 ignorant.
2279 5313 2412 5368 Nam
2460 5323 2512 5368 et
2549 5321 2836 5384 propterea
2883 5312 3154 5368 exclamat
3191 5312 3341 5379 Apo-

1753 5409 1926 5464 stolus
1964 5427 1976 5464 :
2013 5407 2058 5464 0
2081 5407 2310 5462 altitudo
2349 5407 2739 5462 divitiarumet
2774 5405 3048 5475 sapientia:
3079 5421 3142 5458 ac
3165 5404 3336 5459 scien-

1755 5501 1842 5555 tia:
1865 5499 1962 5555 Dei
1981 5499 2052 5553 "l
2096 5497 2381 5566 Quomodo
2432 5497 2579 5554 enim
2613 5497 2948 5554 voluntatem
2981 5496 3266 5568 propriam
3309 5507 3341 5548 ι

174 5665 187 5693 ¹
217 5662 272 5722 F.
294 5668 684 5793 anontctxdtc.
762 5671 975 5729 ’Marc.
1011 5691 1121 5739 XVI,
1157 5676 1211 5732 6.
1289 5677 1309 5709 ³
1347 5677 1538 5732 Matth.
1575 5693 1644 5732 xx

179 5750 243 5789 sa.
274 5753 384 5793 LIII.
462 5781 477 5793 .
557 5742 579 5771 ³
603 5743 768 5793 Hebr.
801 5759 877 5793 Iv.
905 5745 993 5793 12.
1069 5748 1091 5779 ⁸
1124 5746 1258 5793 Lua-
1284 5764 1418 5793 nu-
1446 5749 1507 5793 ll
1553 5763 1651 5793 srm

1756 5678 1787 5730 ι.
1863 5673 2066 5731 ‘Jean.
2105 5677 2280 5739 x,18.
2359 5678 2380 5710 '
2409 5677 2532 5734 Act.
2565 5692 2650 5745 ιιι,
2684 5677 2769 5735 15.
2849 5678 2870 5711 ⁶
2899 5675 2943 5733 ll
2979 5674 3110 5732 Cor.
3137 5687 3258 5740 xm,
3282 5671 3340 5732 4.

1756 5749 1796 5780 ’⁸
1823 5747 1981 5793 Rmn-
2014 5764 2089 5793 tl-
2121 5750 2210 5793 53-

119 5730 136 5764 '
160 5731 243 5789 lsa.
274 5753 384 5804 ιιιι,
422 5730 477 5795 ι.
557 5742 579 5771 ³
603 5730 768 5799 Hebr.
801 5759 877 5810 tv,
905 5745 993 5800 12.
1020 5730 1025 5731 ί
1069 5730 1258 5803 "Luc.
1281 5730 1429 5815 xin,
1443 5730 1672 5820 £1"qu

350 5853 624 5921 Peraea.
663 5859 784 5921 Gtt.
825 5857 1015 5919 XLII.

1751 5749 1796 5780 "
1822 5747 1981 5802 Rom.
2014 5764 2090 5815 ιιι,
2121 5750 2211 5805 53.

2937 5860 3008 5924 ιο
