3826 6206
441 352 550 409 ἳθῐ)

1818 327 1874 385 8.
1920 319 2263 383 EPIPHANII

3610 305 3713 363 5ῧο

444 479 667 540 paterna
691 465 963 523 diversam
997 475 1119 516 esse
1142 457 1301 520 dixit,
1336 471 1461 510 rum
1493 453 1596 507 hoc
1620 450 1882 522 apostolis
1913 450 2029 517 ipse

2156 441 2389 515 πημαίνει
2438 437 2576 510 πρὸς
2626 435 2754 498 τοὺς
2803 432 3080 505 μαθητὰς,
3136 431 3220 485 ὅτι
3270 428 3624 496 Τετάρακται
3673 428 3713 493 ἠ

443 537 803 616 deelaraverit
835 574 849 611 :
877 552 1117 608 Turbata
1161 558 1262 615 est,
1313 547 1508 618 inquit,
1551 544 1731 598 anima
1780 557 1913 598 mea.
1957 537 2025 594 Et

445 649 569 723 quid
607 647 1027 711 dicam,Pate-r?
1061 643 1224 700 Salva
1270 658 1352 695 me
1385 655 1449 696 ea:
1487 639 1586 692 hac
1617 639 1749 695 hora
1771 636 1788 668 ’
1820 653 1833 690 :
1881 632 2026 704 quod

448 739 594 795 velut
627 735 970 809 praiparandi
1023 734 1199 805 gratia
1251 729 1506 800 ambigue
1543 734 1868 795 conceptum
1900 731 1980 779 est
2010 737 2023 774 :

447 829 589 896 Quid
613 829 812 890 dicam,
853 827 1048 896 inquit,
1088 824 1295 879 Pater?
1329 821 1490 876 Salva
1518 835 1598 876 me
1631 833 1703 874 ea:
1729 818 1829 871 hac
1859 816 2030 872 hora?

449 923 586 984 Hoc,
624 920 821 992 inquit,
856 919 1036 974 dicam
1069 935 1082 972 :
1119 915 1222 972 Sed
1242 922 1521 982 propterea
1553 911 1666 967 ueni
1690 910 1747 964 in
1769 914 1905 963 hanc
1932 907 2029 962 Iw-

446 1031 586 1071 ram.
637 1011 846 1084 Sponte
891 1023 1084 1082 porro,
1127 1003 1235 1062 ιιοιι
1279 1005 1484 1062 invitus
1530 1001 1803 1067 accessit;
1865 1013 2030 1070 supra

447 1107 594 1163 enim
645 1105 906 1161 dixerat:
938 1101 1176 1157 Calicem
1224 1098 1388 1152 habeo
1439 1093 1742 1150 bibendum.
1796 1093 1866 1147 Et
1903 1091 2030 1163 quid

450 1198 643 1269 festino
672 1197 837 1252 donec
860 1193 1033 1248 bibam
1067 1193 1243 1246 illum.
1285 1189 1351 1243 Et
1389 1189 1648 1258 baptismo
1677 1185 2030 1256 baptizandus

451 1307 590 1355 sum,
620 1298 669 1344 et
704 1287 829 1358 quid
859 1286 973 1341 volo
1005 1285 1110 1339 nisi
1140 1294 1197 1337 ut
1219 1282 1335 1351 jam
1360 1280 1594 1348 baptizer
1615 1279 1680 1332 ’2
1708 1277 1888 1344 Quare
1907 1277 1954 1331 si
1979 1283 2033 1330 et

451 1381 589 1446 vult,
630 1387 684 1435 et
714 1377 959 1437 festinat,
1009 1382 1063 1429 et
1103 1371 1268 1442 hujus
1304 1369 1380 1423 rei
1416 1368 1589 1438 gratia
1615 1364 1832 1419 venisse
1861 1375 1920 1417 se
1947 1359 2024 1414 dir

453 1475 548 1540 cit,
584 1471 808 1543 quinam
855 1469 1016 1523 aliam
1050 1480 1226 1527 suam,
1277 1462 1440 1515 aliam
1480 1459 1656 1513 Patris
1697 1456 2034 1510 voluntatem

452 1580 572 1620 esse
632 1559 1008 1618 demonstrat?
1059 1555 1166 1612 Sed
1215 1552 1476 1626 quoniam
1531 1566 1626 1620 per
1684 1547 2036 1604 lsraeliticam

453 1664 666 1726 gentem
715 1650 1014 1707 tradendus
1045 1645 1208 1718 785
1247 1651 1388 1708 erat,
1433 1657 1558 1697 eum
1604 1637 2038 1694 humanissimus

383 1760 386 1762 '
453 1755 622 1812 esset,
670 1752 725 1800 et
772 1741 1070 1797 Ahrahami
1113 1739 1274 1808 stirpi
1335 1735 1626 1791 consulere
1675 1731 1862 1791 vellet,
1912 1727 2034 1796 ejus

2128 532 2300 603 ψυχή
2321 549 2461 602 μου.
2502 528 2615 584 Kal
2647 527 2704 582 τί
2730 522 2900 590 εἴπω,
2934 523 3164 591 Πάτερ;
3195 520 3406 578 Σῶσόν
3425 535 3502 588 με
3524 519 3594 572 ἐκ
3608 517 3711 584 τῆς

2126 624 2277 691 ὥρας
2313 622 2572 687 ταύτηςο
2630 618 2705 681 ὡς
2758 610 3390 687 προκατασκευαπικῶς
3438 610 3502 664 τὸ
3559 608 3715 680 ρητδν

2128 713 2508 785 διηγούμενος,
2544 710 2639 764 καὶ
2662 706 3058 779 ἐπαμφιϐόλως
3083 708 3150 777 τῇ
3172 705 3316 769 λέξει
3343 703 3713 774 κεχρημένος·

2134 805 2204 856 ⁸⁷0
2221 821 2275 856 τι
2293 804 2314 835 δ
2333 803 2501 866 εἴπω,
2517 799 2707 868 Πάτερ
2724 814 2743 864 ;
2767 798 2978 852 Σῶσόν
2988 813 3064 867 με
3084 798 3153 850 ἐκ
3175 796 3286 864 τῆς
3299 794 3457 862 ὥρας
3468 796 3717 861 ratium;

2132 895 2319 957 Τοῦτο,
2337 894 2526 965 φησιν,
2545 891 2686 945 εἴπω
2703 907 2717 920 ⁶
2749 891 2935 946 Ἀλλὰ
2959 889 3058 944 διὰ
3089 887 3265 961 τοῦτο
3283 883 3479 957 ἦλθον
3502 888 3590 952 εις·
3609 887 3721 952 τὴν

2131 987 2292 1055 ὥραν
2316 987 2564 1054 ταύτην.
2593 981 2768 1038 Ἦλθε
2816 982 2875 1035 δέ
2903 983 3004 1035 οὐκ
3025 983 3196 1045 ἄκων,
3231 981 3345 1034 ἀλλ’
3374 979 3523 1033 ἑκών
3546 996 3560 1008 ·
3585 981 3720 1032 ἀνω-

2131 1080 2275 1151 τέρω
2314 1079 2424 1149 γάρ
2456 1077 2628 1147 λέγει,
2686 1075 2770 1129 ὅτι
2802 1073 3098 1141 Ποτήριον
3142 1073 3260 1142 ex...
3302 1071 3485 1126 πιεῖν.
3526 1070 3632 1123 Kal
3667 1071 3722 1122 τί

2133 1171 2376 1226 σπεύδω
2424 1170 2537 1237 ἕως
2583 1163 2656 1225 οὗ
2696 1167 2810 1221 πίω
2854 1168 3038 1230 abso;
3083 1166 3192 1220 Kal
3240 1164 3565 1232 βάπτισμα
3606 1163 3724 1232 ἔχω

2128 1260 2571 1329 ,βαπτισθῆναιν
2621 1260 2720 1316 καὶ
2758 1260 2816 1313 τί
2860 1259 3016 1314 θέλω
3057 1263 3107 1314 εί
3153 1258 3272 1328 ἤδη
3307 1256 3723 1322 ἐϐαπτίσθηνς

2138 1356 2198 1408 Εἰ
2228 1354 2406 1408 τοίνυν
2457 1353 2601 1406 θέλει
2647 1352 2746 1406 καὶ
2796 1352 3039 1415 σπεύδει,
3083 1351 3180 1405 καὶ
3226 1349 3380 1417 λέγει
3433 1349 3515 1411 εἰς
3567 1345 3725 1400 τοῦτο

2137 1447 2313 1515 ἥκειν,
2354 1443 2473 1506 πῶς
2510 1442 2638 1496 ἄλλο
2687 1441 2934 1512 βούλημα
2975 1441 3034 1493 τὸ
3076 1437 3241 1494 αὑτοῦ
3281 1437 3600 1508 ὑποφαίνει,
3633 1435 3725 1488 καὶ

2136 1535 2264 1590 ἄλλο
2285 1534 2378 1588 τοῦ
2397 1533 2640 1603 Πατρός;
2669 1531 3009 1602 Ἀλλ’ὲπειδὴ
3043 1530 3242 1602 ῆμελλε
3261 1528 3349 1583 διὰ
3374 1526 3474 1581 τοῦ
3512 1524 3726 1597 Ἰσραὴλ

2138 1627 2547 1699 παραδίδοσθαι,
2593 1626 2976 1699 φιλάνθρωπος
3007 1624 3083 1676 ὢν
3128 1623 3224 1677 καὶ
3264 1621 3588 1691 φείδομενος
3627 1617 3722 1671 το]

2141 1719 2458 1789 σπέρματος
2509 1717 2785 1790 Ἁϐραάμ,
2819 1717 3055 1768 ἐποιεῖτο
3083 1713 3225 1784 ὑπὲρ
3245 1712 3342 1766 τοῦ
3389 1710 3528 1764 λαοῦ
3550 1710 3724 1778 λόγον.

453 1842 628 1910 gratia
664 1838 740 1891 ita
771 1835 988 1888 locutus
1037 1836 1145 1886 est.
1177 1801 1354 1883 Porro"
1403 1826 1520 1882 haec
1555 1831 1674 1878 erat
1712 1819 1894 1876 Patris
1942 1834 2037 1873 vo-

2156 1811 2214 1864 re.
2258 1809 2315 1864 δὲ
2355 1808 2604 1881 βούλημα
2643 1804 2713 1882 ἦν
2752 1807 2844 1862 τοῦ
2889 1807 3126 1877 Πατρὸς,
3171 1805 3234 1857 τὸ
3267 1805 3367 1876 τὴν
3414 1801 3727 1872 οἰκονομίαν

457 1909 658 1988 lautas,
697 1930 755 1976 ut
784 1921 887 1976 hoc
926 1917 1090 1974 modo
1117 1915 1640 1975 administrarentur
1667 1909 1874 1972 onmia,
1911 1924 2038 1963 cum

459 2014 787 2086 proditionis
811 2009 933 2067 Filii
964 2022 1130 2068 causa
1163 2004 1523 2075 sibimetipsis
1550 2002 1808 2060 Israelita:
1837 2000 2036 2060 forent,

455 2124 630 2181 neque
671 2123 702 2162 ιι
741 2105 853 2162 Deo
893 2109 1246 2174 cogerentur,
1282 2113 1383 2154 nec
1414 2095 1538 2151 Filii
1561 2095 1813 2150 voluntas
1859 2103 1978 2148 erat
2010 2107 2042 2146 a

457 2207 685 2271 paterna
711 2195 952 2254 diversa.
994 2189 1103 2248 Sed
1137 2191 1193 2245 in
1222 2189 1327 2246 hoc
1367 2183 1796 2246 demonstranda
1827 2183 1898 2240 ab
1922 2184 2043 2254 ipso

460 2295 551 2348 illa
584 2290 827 2351 luerunt,
864 2293 926 2340 ut
979 2282 1418 2354 singularitatem
1451 2292 1670 2334 omnem
1716 2276 1784 2332 ad
1823 2274 2042 2332 Patrem

461 2385 609 2440 velut
647 2379 715 2437 ad
740 2375 1071 2451 principium
1113 2373 1365 2440 referret,
1400 2386 1468 2426 ne
1499 2372 1680 2426 unitas
1723 2368 1834 2434 illa,
1867 2376 1920 2423 et
1946 2365 2042 2420 ad-

463 2472 798 2532 ministratio
829 2471 1011 2542 aliqua
1043 2483 1110 2525 ex
1152 2473 1304 2538 parte
1334 2463 1689 2522 divideretur.

531 2565 669 2624 LIX.
709 2565 915 2625 Praeter
961 2563 1096 2624 hinc,
1133 2557 1264 2616 illud
1308 2558 1474 2611 etiam
1509 2553 1700 2623 objicit
1732 2549 2042 2611 lneretieus,

409 2692 413 2696 ‹
459 2657 604 2729 quod
649 2658 704 2710 in
743 2652 1036 2724 Evangelio
1085 2651 1242 2704 Luca:
1287 2646 1554 2716 scriptum
1599 2651 1704 2706 est,
1750 2640 2042 2702 nimirum,

459 2751 589 2804 dum
621 2753 804 2802 oraret
829 2745 1080 2800 Christus
1099 2751 1155 2796 et
1195 2741 1248 2794 in
1275 2737 1471 2810 agonia
1509 2734 1844 2789 constitutus
1873 2737 2041 2794 esset,

460 2843 710 2899 sudasse.
747 2837 811 2896 Et
840 2837 1014 2908 factus
1053 2843 1154 2896 est,
1188 2831 1386 2901 inquit,
1422 2827 1584 2888 sudor
1611 2825 1746 2896 ejus,
1793 2833 2044 2893 tanquam

459 2945 622 3007 guttae
677 2929 953 3002 sanguinis
1002 2925 1298 2981 decidentes
1335 2921 1390 2975 in
1436 2929 1655 2973 terram.
1694 2915 1762 2969 Et
1796 2914 2045 2984 apparuit

463 3005 679 3095 angelus
715 3023 926 3080 Domini
967 3018 1274 3088 confortans
1311 3015 1481 3082 ipsum
1508 3011 1548 3065 ³.
1584 3009 1662 3063 Ex
1685 3023 1794 3078 quo
1826 3005 2045 3060 vocula-

465 3133 585 3176 rum
615 3115 704 3171 isti
739 3119 1070 3183 captatores,
1104 3108 1251 3166 velut
1285 3103 1632 3160 occasionem
1655 3099 1916 3154 adversus
1939 3096 2045 3150 ini-

2141 1901 2284 1956 οὕτω
2317 1902 2672 1974 πληρωθῆναι
2703 1900 2812 1955 τῶν
2833 1900 2966 1953 υἱῶν
2995 1897 3235 1970 Ἰσραὴλ,
3261 1897 3576 1968 παραιτίων
3609 1897 3731 1948 ἐαυ-

2142 1995 2253 2056 toi;
2295 1993 2464 2046 ὄντων
2514 1994 2614 2064 τῆς
2658 1992 2753 2046 τοῦ
2790 1991 2920 2044 Υίοῦ
2955 1989 3268 2062 προδοσίας,
3321 1987 3418 2041 καὶ
3476 1987 3578 2056 οὐχ
3627 1987 3729 2038 ὑπὸ

2141 2085 2276 2138 Θεοῦ
2310 2083 2773 2157 ἀναγκαζομένων
2785 2086 2811 2115 ὀ
2845 2085 2940 2138 καὶ
2971 2083 3070 2152 οὐχ
3101 2081 3287 2152 ἓτερον
3311 2079 3567 2151 βούλημα
3589 2074 3657 2149 ἦν
3673 2079 3729 2131 τὸ

2143 2177 2238 2231 τοῦ
2269 2177 2402 2232 Υίοῦ
2440 2177 2595 2249 παρὰ
2631 2177 2725 2230 τὸν
2750 2175 2993 2247 Πατέρα.
3038 2172 3178 2226 Ἀλλ’
3211 2172 3318 2226 ἔδει
3343 2172 3510 2225 αὐτὸν
3553 2171 3650 2224 καὶ
3676 2172 3728 2222 ἐν

2143 2269 2319 2341 τούτῳ
2361 2267 2538 2322 ταῦτα
2575 2267 2881 2334 δεικνύειν,
2924 2268 3013 2321 ἴνα
3069 2265 3130 2320 τὸ
3167 2266 3276 2319 πᾶν
3331 2264 3436 2335 τῆς
3505 2264 3731 2335 μονότη-

2143 2377 2238 2424 τος
2267 2359 2362 2412 ἐπὶ
2394 2359 2486 2413 τὸν
2518 2359 2738 2431 Πατέρα
2759 2358 3048 2428 ἀναγάγοι,
3083 2355 3220 2429 πρὸς
3256 2355 3318 2409 τὸ
3358 2355 3435 2426 μὴ
3471 2353 3732 2426 μερισθῆ-

2143 2455 2230 2508 ναί
2261 2471 2313 2506 τι
2345 2453 2444 2524 τῆς
2484 2453 2618 2524 μιᾶς
2653 2450 2897 2514 ἐνώσεως
2927 2451 3022 2504 καὶ
3069 2450 3404 2521 οἰκονομίας.

2214 2545 2337 2600 NO’.
2370 2543 2478 2598 Ka‘t
2515 2542 2749 2615 καθεξῆς
2785 2542 2843 2596 δέ
2871 2541 3124 2613 ἐπιφέρει
3163 2541 3356 2610 λέγων,
3388 2541 3449 2594 ἐν
3472 2539 3556 2612 τῷ
3582 2539 3734 2610 εὔχε-

2145 2636 2270 2692 σθαι
2319 2637 2504 2701 αὑτὸν,
2547 2637 2622 2700 ὡς
2645 2636 2936 2707 γενόμενος
2963 2636 3020 2687 ἐν
3053 2634 3264 2707 ἀγωνίᾳ
3300 2635 3611 2707 ἐμφέρεται
3638 2637 3660 2667 ⁵
3682 2637 3736 2688 ἐν

2143 2729 2222 2801 τῷ
2273 2728 2414 2783 κατὰ
2448 2729 2661 2782 Λουκᾶν
2716 2727 3052 2798 Εὐαγγελίῳ’
3085 2727 3358 2796 Ἷδρωσε,
3415 2728 3596 2799 φησὶ,
3641 2728 3734 2782 καί

2144 2823 2380 2893 ἐγένετο
2401 2821 2589 2877 αὐτοῦ
2607 2825 2640 2876 ό
2669 2821 2842 2890 ἱδρὼς
2875 2821 3020 2874 ὡσεὶ
3053 2821 3293 2890 θρόμϐοι
3321 2821 3579 2890 αἵματος
3607 2835 3739 2875 κατ-

2145 2915 2453 2986 ερχόμενοι
2475 2913 2574 2967 ἐπὶ
2593 2911 2705 2982 τῆς
2727 2911 2859 2983 γῆς.
2901 2913 3010 2966 Kal
3024 2912 3216 2981 ἐφάνη
3237 2912 3493 2982 ἄγγελος
3517 2913 3738 2982 Κυρίου

2143 3007 2450 3076 ἐνισχύων
2470 3006 2676 3060 αὐτόν.
2702 3005 3161 3077 Προπηδησαντες
3179 3004 3357 3058 τοίνυν
3390 3007 3440 3058 οἱ
3455 3003 3740 3076 λεξίθηρις

2146 3097 2309 3162 εὐθὺς
2373 3097 2449 3160 ὡς
2478 3095 2752 3168 πρόφασιν
2786 3096 2929 3150 κατὰ
2959 3095 3154 3166 ἐχθροῦ
3190 3095 3507 3167 εὑράμενοι,
3547 3094 3740 3163 ἐπιφέ-

466 3211 671 3264 inicum
707 3205 886 3268 nacti,
922 3217 985 3256 ac
1021 3199 1318 3271 gestientes
1349 3203 1404 3248 et
1446 3191 1790 3248 exsultantes
1825 3187 1899 3240 ita
1945 3201 2046 3240 nos

2156 3205 2306 3261 ρουσι
2335 3187 2606 3257 λέγοντες·
2652 3187 2835 3259 Ὁρᾷς,
2875 3188 2957 3241 ὅτι
3003 3187 3256 3241 ἐπεδέετο
3294 3188 3388 3241 καὶ
3433 3187 3628 3258 ἰσχύος
3648 3189 3732 3254 ἀγ·

466 3304 831 3370 oppugnant:
870 3290 1104 3345 Videsne
1154 3287 1316 3341 etiam
1361 3297 1501 3353 opus
1551 3279 1629 3334 illi
1677 3277 1844 3332 fuisse
1889 3283 1948 3330 ut
1981 3276 2051 3330 ab

467 3369 678 3461 angelis
721 3379 1216 3441 corroboraretur?
1259 3372 1648 3432 Corroboravit
1694 3370 1839 3428 enim
1897 3369 2050 3423 illum

467 3459 714 3552 angelus,
768 3493 893 3534 eum
943 3475 997 3528 iu
1032 3471 1306 3527 anxietate
1354 3468 1446 3522 illa
1494 3471 1823 3521 versaretur.
1865 3459 2054 3530 Neque

409 3564 414 3570 ’
471 3550 675 3636 vident,
712 3569 818 3626 nisi
854 3569 968 3623 haee
997 3565 1180 3620 omnia
1231 3559 1488 3617 Christus
1537 3554 1901 3625 suscepisset,
1947 3550 2053 3606 nisi

471 3669 585 3723 [nec
618 3666 737 3734 ipsa
768 3661 930 3718 verba
956 3699 972 3721 ,
1015 3656 1139 3710 Non
1163 3670 1278 3708 mea
1324 3653 1588 3713 voluntas,
1620 3646 1710 3704 sed
1741 3656 1856 3712 tua,
1901 3635 2056 3699 usur-

469 3731 657 3826 passet
676 3771 692 3819 ;
728 3751 834 3806 nisi
867 3762 1125 3819 angorem
1156 3745 1308 3798 illum
1338 3739 1507 3795 animi
1531 3736 1818 3796 subiisset,
1851 3748 1915 3788 ae
1947 3731 2055 3788 nisi

471 3822 706 3915 denique
741 3841 994 3898 sudorem
1025 3855 1054 3892 e
1081 3849 1310 3905 corpore
1343 3831 1684 3892 distillasset,
1717 3834 1890 3880 totum
1924 3822 2056 3877 illud

470 3941 769 4004 assumpta:
795 3931 980 3986 carnis
1013 3925 1330 4003 mysterium
1361 3921 1493 3976 nihil
1521 3929 1718 3990 praeter
1743 3916 2055 3988 Opinionem

469 4041 535 4085 ac
585 4025 822 4096 speciem
857 4020 1173 4074 habiturum
1215 4015 1416 4080 fuisse;
1453 4011 1697 4082 adeoque
1727 4008 2058 4064 Manichazo-

471 4135 594 4178 rum
626 4125 683 4174 et
719 4113 1194 4170 Marcionistarum
1235 4108 1440 4162 larvam
1489 4105 1635 4170 illam
1665 4113 1721 4158 et
1762 4101 2059 4157 adumbra-

473 4223 584 4267 tam
626 4209 941 4280 imaginem,
985 4217 1151 4276 quam
1198 4200 1267 4256 de
1304 4196 1683 4254 incarnatione
1730 4193 2054 4265 praedicant,

475 4306 618 4359 haud
654 4299 950 4358 absurdam
987 4300 1261 4360 futuram;
1314 4305 1492 4362 neque
1531 4287 1830 4360 quidquam
1870 4285 1924 4338 in
1969 4283 2057 4338 in-

475 4395 793 4452 carnatione
820 4393 939 4462 ipsa
978 4391 1155 4445 visum
1198 4386 1264 4441 iri
1305 4400 1369 4440 ex
1414 4384 1492 4438 rei
1535 4381 1768 4438 veritate
1818 4383 2054 4448 gestmn.

476 4485 846 4552 Quamobrem
894 4481 1148 4535 Christus
1180 4476 1466 4539 Dominus,
1503 4479 1565 4526 ut
1593 4471 1763 4524 vitam
1811 4476 2057 4522 nostram

479 4595 541 4633 ae
566 4578 797 4634 salutem
827 4571 1087 4636 muniret,
1117 4569 1301 4624 omnia
1338 4566 1429 4619 illa
1461 4561 1726 4634 singulari
1761 4560 2056 4631 providen-

478 4672 568 4724 tia:
599 4682 712 4724 sua:
732 4662 1126 4736 gubernatione
1156 4659 1417 4728 suscepit,
1437 4665 1490 4711 et
1507 4672 1574 4710 ex
1597 4653 1838 4708 humano
1861 4651 2057 4706 affectu

480 4776 589 4814 nou
621 4758 896 4820 simulate,
933 4752 1027 4809 sed
1057 4752 1201 4806 bona
1236 4747 1337 4804 (ide
1367 4746 1646 4802 disseruit.
1695 4743 1894 4806 Veluti,
1934 4740 2058 4795 Non

480 4867 595 4906 mea
631 4848 894 4910 voluntas,
918 4854 976 4898 ut
1007 4856 1228 4898 carnem
1259 4855 1448 4896 revera
1477 4837 1779 4893 subsistere
1807 4835 2058 4901 doceret;

480 4961 544 5000 ac
579 4953 687 4997 tam
716 4955 812 4996 eos
839 4937 1129 4998 refelleret,
1167 4935 1258 5003 qui
1301 4933 1593 4986 humanam
1626 4929 1778 4983 illum
1821 4935 2056 4982 mentem

481 5035 738 5092 habuisse
773 5036 1056 5101 negarent,
1097 5040 1263 5096 quam
1299 5025 1390 5094 qui
1422 5037 1641 5078 carnem
1685 5019 2056 5076 detraherent.

479 5130 650 5195 Quam
677 5124 822 5181 enim
855 5119 1252 5177 admirabiliter
1283 5115 1503 5171 divinus
1530 5130 1710 5170 sermo
1739 5115 1794 5168 in
1825 5112 2057 5166 ﬁliorum

479 5218 734 5289 caliginis
767 5214 948 5270 medio
982 5211 1328 5271 consistens,
1361 5223 1550 5263 eorum
1588 5207 1841 5262 tenebras
1866 5201 2058 5258 redaro

479 5312 614 5382 guit,
647 5323 712 5362 ac
735 5306 980 5362 veritatis
1022 5304 1162 5358 ﬁlios
1188 5301 1460 5358 illustrat!
1496 5297 1883 5352 Animadverte
1915 5295 2060 5352 enim

481 5417 646 5472 quam
675 5401 846 5453 multa
867 5399 924 5452 in
954 5399 1043 5452 illa
1067 5388 1316 5453 oratione
1344 5391 1628 5449 commoda
1655 5391 1788 5446 sint.
1819 5389 2063 5443 Primqu

485 5494 552 5546 ab
597 5492 687 5557 iis,
715 5507 836 5560 qua:
868 5491 1117 5561 corporis
1153 5486 1397 5558 expertia
1440 5493 1590 5545 sunt,
1633 5495 1856 5536 manare
1899 5479 2070 5551 sudor

485 5600 596 5638 non
634 5590 832 5649 potest.
874 5579 1055 5647 Quare
1085 5582 1186 5634 hoc
1231 5581 1370 5649 ipso,
1399 5574 1544 5646 quod
1574 5573 1776 5628 sudore
1801 5569 2064 5635 difﬂuxit,

562 5741 762 5798 'Joad.
802 5753 900 5801 xu,
927 5736 1017 5793 27.
1093 5739 1114 5768 ¹
1151 5737 1281 5792 Luc.
1315 5751 1414 5800 xu,
1437 5734 1524 5788 50.
1605 5730 1624 5762 '
1647 5727 1781 5783 Luc.
1817 5742 1947 5792 xxn,
1977 5726 2069 5781 Η.

2151 3280 2358 3350 γέλων;
2402 3279 2683 3352 Ἑνίσχυσε
2718 3279 2826 3350 γάρ
2873 3279 3036 3334 αὐτὸν
3075 3281 3104 3333 ὁ
3155 3279 3404 3349 ἄγγελος·
3439 3281 3497 3333 ἐν
3535 3280 3739 3351 ἀγωνίᾳ

2152 3370 2262 3442 γὰρ
2293 3370 2456 3434 αὐτὸς
2482 3371 2716 3438 ἐγένετο.
2753 3370 2865 3424 Καὶ
2901 3371 3001 3425 οὐκ
3047 3371 3243 3432 ῐσασιν.
3272 3372 3374 3436 ὅτι,
3412 3372 3508 3426 ἐὰν
3542 3373 3625 3443 μὴ
3655 3373 3742 3442 ἔχῃ

2154 3460 2330 3514 πάντα
2359 3459 2552 3523 ταῦτα,
2599 3459 2694 3512 καὶ
2733 3459 2816 3523 τὸ,
2843 3460 2940 3528 Μὴ
2968 3459 3114 3528 ἐμὸν
3136 3461 3444 3529 βούλημα,
3485 3461 3660 3515 ἀλλὰ
3684 3461 3741 3514 τὲ

2154 3551 2291 3614 σὸν,
2323 3551 2416 3604 καὶ¹
2449 3551 2544 3606 ἐὰν
2584 3550 2659 3622 μὴ
2693 3551 2997 3623 ἀγωνιάσῃ,
3037 3550 3130 3608 καὶ
3172 3551 3266 3604 ἐὰν
3297 3553 3372 3624 μὴ
3409 3551 3579 3624 ἱδρὼς
3602 3553 3743 3622 αὐτῷ

2155 3642 2379 3714 γένηται
2408 3643 2475 3695 ἐκ
2505 3641 2757 3713 σώματος
2789 3641 3174 3714 προχεόμενος,
3210 3643 3318 3714 ἄρα
3356 3645 3588 3714 δόκησις
3615 3641 3682 3716 ἦν
3713 3645 3744 3715 ἡ

2156 3735 2421 3807 ἔνσαρκος
2449 3734 2686 3806 Χριστοῦ
2728 3734 3021 3807 παρουσία,
3053 3737 3148 3788 καὶ
3181 3735 3397 3805 εὔλογος
3429 3739 3588 3806 παρά
3633 3739 3744 3792 Ma-

2157 3828 2380 3900 νιχαίων
2402 3828 2494 3881 καὶ
2520 3827 2953 3900 Μαρκιωνιστῶν
2985 3829 3019 3900 ή
3050 3845 3114 3880 πε
3123 3828 3177 3899 pi.
3196 3828 3494 3898 φαντασίας
3523 3829 3744 3899 δόκησις

2156 3920 2258 3990 τῆς
2289 3921 2558 3992 ἐνσάρκου
2594 3921 2897 3992 παρουσίας
2947 3920 3205 3984 ὑπόθεσις
3245 3921 3453 3992 ᾅδεται,
3495 3922 3603 3975 καὶ
3651 3921 3743 3974 οὐκ

2158 4012 2521 4084 ἀληθεστάτη.
2544 4012 2729 4066 Ταῦτα
2753 4012 2810 4066 δέ
2839 4006 3036 4076 πάντα,
3054 4012 3567 4085 ἐπασφαλιζόμενος
3597 4013 3744 4084 ημῶν

2156 4105 2257 4176 τὴν
2288 4103 2456 4175 ζωὴν,
2489 4103 2560 4158 τά
2591 4104 2688 4157 ὅλα
2730 4103 3018 4168 ἀνεδέξατο
3048 4104 3428 4176 οἰκονομικῶς,
3459 4106 3744 4178 ἀώρων-

2159 4195 2305 4266 παθῆ
2333 4211 2456 4249 τινα
2489 4195 2804 4267 διηγήματα
2832 4195 2992 4266 έχων,
3021 4196 3122 4249 οὐκ
3153 4196 3426 4267 εἰρωνείᾳ,
3458 4196 3584 4251 ἀλλ’
3617 4196 3743 4265 ἀλη-

2159 4287 2302 4360 θείᾳ,
2333 4287 2416 4352 τὺ,
2451 4289 2572 4341 Οὐκ
2604 4287 2753 4356 ἐμὸν
2773 4286 3024 4356 θέλημα,
3057 4287 3144 4340 ἵνα
3178 4287 3328 4358 δείξῃ
3369 4288 3583 4359 σαρκὸς
3616 4288 3741 4341 ὑπή-

2162 4394 2347 4434 στασιν
2376 4377 2654 4450 ἀληθινὴν,
2676 4376 2768 4431 καὶ
2794 4378 2878 4431 ἵνα
2894 4377 3090 4450 ἐλέγξῃ
3103 4378 3228 4441 τοὺς
3250 4379 3510 4446 λέγοντας
3528 4379 3657 4433 νοῦν
3677 4379 3744 4448 μὴ

2161 4469 2455 4541 ἐσχηκέναι
2476 4470 2643 4524 αὐτὸν
2664 4469 3028 4541 ἀνθρώπινον,
3055 4470 3148 4522 καὶ
3168 4470 3363 4543 ἐλέγξῃ
3390 4473 3522 4535 τοὺς
3551 4473 3631 4544 μὴ
3663 4472 3744 4524 λέ-

2161 4578 2357 4630 γοντας
2379 4560 2556 4633 σάρκα
2577 4560 2738 4612 αὑτὸν
2772 4559 3066 4631 ἐσχηκέναι
3109 4561 3233 4624 Πῶς
3261 4563 3370 4631 γάρ
3403 4561 3553 4626 θεῖος
3583 4564 3745 4631 Λόγος

2162 4652 2265 4705 ἀνα
2271 4650 2433 4722 μέσον
2445 4649 2552 4703 τῶν
2565 4649 2696 4702 υἱῶν
2707 4649 2801 4704 τοῦ
2815 4651 3039 4714 σκότους
3056 4649 3226 4712 ἐστὼς
3238 4649 3526 4720 ἐλέγχειτὸ
3543 4651 3745 4714 σκότος,

2166 4745 2390 4814 φωτίζει
2414 4743 2471 4797 δὲ
2499 4743 2626 4807 τοὺς
2659 4743 2808 4808 υἱοὺς
2841 4745 2940 4815 τῆς
2969 4742 3257 4816 ἀληθείας;
3289 4743 3434 4816 Ὅρα
3466 4742 3584 4814 γὰρ
3619 4744 3750 4796 πόσα

2165 4837 2410 4908 χρήσιμα
2464 4836 2522 4889 ἐν
2567 4833 2644 4906 τῷ
2705 4834 2849 4906 λόγῳ
2898 4833 3093 4905 τούτῳ.
3158 4835 3291 4888 Ἀπὸ
3334 4834 3656 4904 ἀσωμάτων
3692 4833 3748 4887 οὐ

2164 4927 2492 5002 προέρχεται
2524 4925 2703 4998 ἱδρώς.
2738 4927 2826 4980 Ἐν
2853 4926 2910 4980 δὲ
2941 4926 3019 4997 τῷ
3037 4925 3211 4996 τούτῳ
3245 4925 3524 4994 γενέσθαι,
3554 4926 3748 4992 ἔδειξεν

2164 5017 2423 5089 ἀληθινὴν
2475 5018 2674 5089 σάρκα,
2710 5017 2804 5071 καὶ
2838 5018 2900 5071 οὐ
2933 5017 3155 5088 δόκησιν
3187 5016 3296 5071 ἀπὸ
3319 5017 3523 5088 σαρκὸς
3551 5018 3612 5069 ἐν
3637 5015 3744 5069 θεά·

2125 5098 2288 5182 ”τητι
2345 5110 2755 5182 συνηνωμένης.
2813 5109 2997 5180 Χωρὶς
3025 5109 3133 5180 γὰρ
3171 5108 3351 5180 ψυχῆς
3397 5110 3492 5161 καὶ
3525 5109 3651 5172 νοὸς
3691 5108 3746 5159 οὐ

2165 5202 2374 5270 γίνεται
2405 5201 2632 5271 ἀγωνία.
2669 5199 3126 5267 Ἀγωνιεύσαντος
3149 5199 3206 5251 δὲ
3238 5197 3424 5263 αὐτοῦ,
3460 5197 3633 5264 ἔδειξε
3652 5197 3747 5267 ψυ-

2164 5293 2286 5363 χὴν,
2329 5291 2422 5345 καὶ
2464 5290 2644 5361 σῶμα,
2686 5289 2781 5342 καὶ
2818 5288 2942 5342 νοῦν
2971 5289 3063 5342 ἐπὶ
3101 5289 3161 5341 τὸ
3187 5288 3318 5341 αὐτὸ
3355 5289 3746 5359 πεφορηκέναι,

2165 5384 2288 5438 ὅθεν
2326 5385 2360 5454 ἡ
2399 5382 2607 5451 ἀγωνία
2657 5381 2927 5450 φαίνεται.
2987 5383 3097 5436 Καὶ
3139 5383 3301 5437 πάλιν
3346 5384 3405 5435 ἐν
3445 5382 3523 5452 τῷ
3557 5383 3743 5441 εἰπεῖν,

2167 5477 2264 5546 Μὴ
2298 5477 2364 5530 τὸ
2392 5477 2540 5545 ἐμὸν
2573 5477 2821 5546 θέλημα,
2853 5476 3014 5530 ἀλλὰ
3033 5475 3101 5530 τὸ
3129 5474 3269 5540 σὸν,
3303 5475 3508 5543 ἔδειξεν
3538 5475 3748 5544 signa;

2169 5568 2294 5625 νοῦν
2339 5566 2701 5638 ἀνθρώπινον,
2741 5566 2856 5620 ἀλλ’
2890 5567 3293 5639 ἀναμάρτητον.
3334 5568 3399 5622 Ἠ
3425 5567 3533 5639 γὰρ
3565 5566 3748 5634 θεότης

2174 5726 2192 5756 ⁵
2226 5723 2350 5793 Leg.
2381 5725 2453 5780 τί.
2535 5725 2554 5754 ⁵
2585 5723 2713 5798 Leg.
2753 5726 2829 5788 ὡς
2869 5725 3004 5795 ἐμφ.
