3826 6206
434 308 541 363 505

1822 297 1879 351 S.
1921 291 2265 351 ΕΡΙΡΗΑρΝΙΙ

3594 282 3697 341 δα

434 438 499 479 ac
523 423 631 479 Deo
658 421 1032 478 fortitudinem
1053 420 1402 477 ascribimus.
1433 420 1633 477 Eodem
1663 418 1827 490 igitur
1850 418 2012 473 modo

2138 414 2251 467 3505
2277 412 2375 483 τὴν
2402 409 2629 481 δύναμιν
2660 407 3116 479 ὡμολογήσαμεν,
3146 405 3242 458 καὶ
3268 402 3389 474 Θεῷ
3418 402 3518 474 τὴν
3550 403 3696 475 lcrva

434 518 660 587 angelus
708 533 803 587 per
852 516 983 572 illud
1015 526 1230 587 tempus
1277 516 1628 572 excellentem
1660 513 1877 569 Domini
1921 513 2009 567 sui

434 611 699 667 adversus
742 610 993 665 homines
1037 609 1425 679 benignitatem
1459 608 1757 671 admirans,
1803 612 1859 661 et
1905 605 2009 660 ob-

435 792 598 847 Patrc
649 793 972 848 adoreretur
1020 794 1075 847 in
1117 793 1278 854 caelo,
1311 800 1475 861 atque
1524 791 1594 845 ab
1647 790 1852 861 angelis
1896 789 2013 844 suis

435 885 848 949 observaretur,
881 899 947 939 eo
985 899 1159 955 usque
1189 883 1428 953 abjicere
1457 896 1516 937 se
1550 896 1649 937 sua
1685 887 1879 950 sponte
1917 893 2013 933 vo-

436 977 649 1042 luisset,
679 984 739 1031 ut
764 975 831 1030 ad
855 976 969 1030 haec
993 974 1370 1041 descenderet,
1399 988 1463 1030 ac
1482 987 1705 1030 carnem
1738 970 2010 1027 indueret.

507 1153 695 1225 Neque
735 1156 836 1209 hoc
880 1163 1090 1208 tantum
1128 1174 1139 1207 :
1171 1153 1267 1207 sed
1312 1153 1392 1207 vel
1438 1150 1640 1222 opiticii
1694 1149 1778 1205 sui
1826 1162 2011 1213 causa,

438 1247 545 1301 hoc
573 1255 657 1302 est
686 1246 946 1308 hominis,
978 1246 1261 1300 cruciatus
1286 1244 1516 1314 perpeti,
1549 1250 1603 1298 et
1629 1242 1683 1296 in
1708 1254 1873 1296 cruce
1908 1239 2017 1295 sul-

441 1339 531 1409 ligi
583 1353 693 1393 non
725 1337 1018 1401 dubitaret,
1050 1352 1112 1390 ac
1152 1344 1381 1391 mortem
1432 1334 1765 1405 degustaret,
1796 1340 2016 1386 mortem

441 1438 617 1483 autem
660 1429 830 1483 crucis
862 1431 917 1495 ¹;
960 1437 1017 1482 ιιι
1058 1444 1155 1498 ρει·
1194 1431 1371 1499 ipsum
1416 1428 1578 1482 homo
1646 1436 1908 1497 tropazum
1950 1424 2019 1479 de

444 1530 619 1576 morte
648 1529 911 1576 statueret
946 1540 958 1574 :
982 1538 1223 1590 eumque,
1248 1521 1337 1590 qui
1363 1520 1544 1573 mortis
1572 1519 1845 1587 imperium
1874 1516 2016 1570 obti-

442 1612 617 1677 nebat,
637 1612 914 1667 diabolum
939 1613 1209 1678 videlicet,
1241 1612 1470 1666 aboleret
1488 1615 1529 1678 ',
1570 1628 1631 1664 ac
1660 1610 2017 1678 principatum

442 1721 643 1760 onmem
675 1716 723 1759 et
757 1714 1065 1775 potestatem
1093 1706 1225 1759 velut
1272 1706 1327 1759 in
1354 1702 1613 1768 triumpho
1658 1700 1954 1755 traduceret
1976 1700 2015 1752 ³.

2112 503 2554 573 ἀποδεδώκαμεν·
2581 499 2725 554 οὕτω
2753 498 2847 552 καὶ
2884 501 2912 551 ὁ
2943 497 3193 567 ἄγγελος,
3220 498 3343 550 κατ’
3362 495 3580 566 ὲκείνην
3606 496 3698 566 τὴν

2111 595 2260 667 ὥραν
2298 594 2605 665 θαυμάσας,
2636 594 2731 646 καὶ
2769 590 3208 662 ἐκπληττόμενος
3259 588 3360 660 τὴν
3392 586 3697 659 ὑπερϐολὴν

328 716 331 721 ·
435 713 781 773 stupesceus,
816 703 979 773 787
1019 702 1166 772 quod
1214 717 1340 755 cum
1397 701 1540 756 Deus
1591 706 1757 763 esset,
1780 705 1835 754 et
1886 711 2010 752 cum

2138 688 2213 758 τῆς
2245 686 2337 741 τοῦ
2372 687 2500 741 ἰδίου
2534 687 2803 739 Δεσπότου
2835 683 3267 755 φιλανθρωπίας,
3299 683 3403 744 ὅτι,
3444 680 3578 743 Θεὸς
3606 681 3679 732 ὢν

2114 782 2208 834 κα.)⁸
2243 782 2338 834 σὺν
2389 781 2564 852 Πατρὶ
2604 777 3085 851 προσκυνούμενος
3133 776 3191 828 ὲν
3225 772 3464 846 ούρανῷ,
3494 773 3589 826 καὶ
3617 772 3674 824 θε

2117 874 2489 945 ραπευόμενος
2516 872 2619 925 ὑπὸ
2658 873 2804 925 ἰδίων
2849 869 3100 939 ἀγγέλων
3125 867 3310 931 αὐτοῦ,
3338 869 3417 930 εἰς
3450 864 3698 919 τοσοῦτον

2118 963 2407 1035 ὑπέμεινεν
2450 963 2555 1035 ἰδίᾳ
2591 963 2844 1034 βουλήσει
2891 958 3157 1023 ἑκουσίως
3196 957 3390 1023 ἐλθεῖν,
3429 958 3526 1010 καὶ
3560 956 3699 1008 ὲνδύ·

2118 1054 2313 1108 σασθαι
2335 1054 2534 1127 σάρκα.

2191 1147 2303 1199 Kal.
2328 1148 2388 1199 ού
2421 1148 2600 1217 μόνον,
2639 1145 2777 1200 ἀλλά
2803 1146 2897 1199 καὶ
2926 1146 3054 1216 ἄχρι
3083 1141 3176 1197 τοῦ
3212 1142 3404 1195 παθεῖν
3440 1142 3583 1212 ὑπὲρ
3615 1142 3701 1193 τοῦ

2120 1239 2251 1293 ἰδίου
2304 1239 2619 1311 πλάσματος
2660 1239 2760 1309 τῆς
2795 1238 3141 1310 ἀνθρωπείας
3171 1236 3387 1305 φύσεως
3446 1237 3702 1305 ὑπομένει

2118 1333 2211 1385 καὶ
2248 1330 2376 1404 ἄχρι
2418 1332 2651 1405 σταυροῦ
2698 1332 3091 1404 παραδοθῆναι,
3128 1330 3467 1401 γευσάμενὸς
3520 1345 3582 1381 τε
3617 1329 3703 1381 θα-

2118 1424 2301 1487 νάτου,
2337 1424 2595 1479 θανάτου
2639 1424 2707 1477 δὲ
2750 1424 3037 1491 σταυροῦ,
3079 1425 3228 1487 ὃπως
3262 1424 3328 1477 δι’
3375 1421 3547 1476 αὑτοῦ
3586 1422 3703 1491 τρύ-

2121 1535 2282 1570 παιον
2316 1517 2413 1588 μὲν
2468 1516 2611 1570 κατά
2650 1515 2747 1568 τοῦ
2783 1516 3015 1569 θανάτου
3051 1517 3084 1586 ἠ
3131 1515 3495 1587 ἁνθρωπότης
3538 1513 3703 1577 λάϐοι,

2120 1610 2469 1679 καταργήσῃ
2491 1608 2559 1661 δὲ
2584 1608 2688 1662 τόν
2716 1608 2781 1661 τὸ
2809 1606 3027 1675 κράτος
3050 1607 3271 1675 ἔχοντα
3302 1605 3409 1660 τοῦ
3430 1603 3706 1667 θανάτου,

2120 1701 2395 1757 τουτέστι
2421 1700 2527 1754 τὸν
2542 1700 2844 1763 διάϐολον,
2870 1698 2967 1752 καὶ
2984 1698 3352 1767 θριαμϐεύσῃ
3382 1695 3598 1751 πᾶσαν
3620 1696 3709 1763 dp-

442 1796 622 1864 Quare
655 1798 883 1867 angelus
926 1798 1014 1852 ille
1057 1796 1417 1852 admiratione
1451 1810 1514 1849 ac
1546 1802 1770 1865 stupore
1803 1792 2013 1863 percul-

2138 1792 2243 1863 ίὴν
2292 1793 2390 1846 καὶ
2425 1792 2736 1857 ἐξουσίαν.
2774 1789 2865 1842 Διὸ
2893 1790 2988 1843 καὶ
3017 1788 3310 1860 θαυμάζων
3340 1787 3439 1841 καὶ
3479 1787 3709 1857 ἐκπλητ-

443 1904 559 1955 sus,
590 1899 643 1944 et
676 1887 964 1941 Dominum
1009 1902 1169 1942 suum
1211 1885 1531 1941 collaudans
1572 1898 1637 1937 ac
1675 1882 2015 1953 prmdicans,

441 1980 532 2050 qui
573 1980 624 2034 iu
656 1979 748 2033 tali
786 1985 1102 2045 scammate,
1134 1984 1188 2033 et
1219 1977 1286 2031 ad
1320 1985 1431 2031 tam
1466 1975 1790 2032 inusitatum
1841 1990 2015 2045 opus.

442 2071 589 2126 velut
633 2071 686 2125 iu
722 2070 1009 2141 procinctu
1052 2078 1301 2132 steterat,
1348 2069 1429 2124 sic
1479 2067 1629 2122 illum
1683 2065 2016 2136 compellat:

445 2160 563 2216 Tua
605 2172 682 2217 est
726 2162 994 2225 adoratio,
1039 2171 1187 2214 tuum
1230 2162 1529 2229 imperium,
1571 2174 1663 2214 tua
1705 2160 1892 2221 virtus,
1930 2168 2022 2213 tua

445 2254 725 2325 fortitudo,
760 2261 817 2307 ut
845 2252 991 2324 quod
1027 2268 1057 2306 a
1088 2251 1273 2323 Moyse
1294 2253 1559 2321 scriptum
1606 2257 1690 2307 est
1731 2251 2017 2322 impleret:

445 2344 756 2415 Confortent
780 2343 953 2415 ipsum
999 2360 1175 2400 omnes
1210 2344 1382 2415 angeli
1403 2343 1502 2397 Dei
1520 2344 1563 2397 ⁸.
1602 2341 1789 2397 Videte
1816 2342 2020 2412 itaque,

442 2438 647 2493 Christi
691 2437 909 2505 famuli,
958 2453 1022 2493 ac
1057 2445 1261 2494 sancta:
1305 2436 1397 2492 Dei
1442 2436 1697 2493 Ecclesia:
1737 2445 1792 2491 et
1831 2436 2023 2490 ortho-

444 2516 599 2587 doxa:
640 2531 920 2603 religionis
958 2531 1075 2595 lilii,
1112 2546 1275 2601 quam
1312 2530 1446 2585 nihil
1487 2530 1540 2584 iu
1584 2529 1867 2601 Scriptura
1904 2544 2026 2599 per-

445 2622 663 2691 plexum
710 2636 774 2675 ac
812 2619 1113 2679 ﬂexuosum
1164 2621 1256 2682 sit,
1312 2619 1408 2676 sed
1444 2619 1623 2675 omnia
1674 2620 1741 2675 ad
1776 2628 2022 2674 nostram

444 2711 673 2766 salutem
720 2712 920 2780 scripta
961 2713 1069 2766 sint
1111 2711 1505 2768 admirabiliter
1548 2722 1602 2767 et
1646 2712 1906 2783 perfecte.
1956 2714 2027 2768 At

446 2804 534 2859 isti
572 2803 718 2858 unici
765 2803 859 2858 Dei
909 2803 1023 2868 lilii,
1066 2817 1118 2859 et
1164 2807 1337 2859 sancti
1377 2803 1615 2875 Spiritus
1648 2806 1852 2862 inimici
1889 2806 2025 2861 nihil

446 2909 554 2948 non
602 2895 782 2948 hostili
829 2893 1014 2949 animo
1059 2896 1322 2964 cogitant,
1367 2895 1671 2967 callideque
1701 2897 2023 2952 moliuntur.

445 2987 599 3041 Absit
650 3001 780 3041 vero
822 2996 878 3040 ut
924 3002 1025 3041 nos
1073 2988 1314 3040 animum
1354 2989 1681 3043 commentis
1741 2988 2023 3043 hominum

446 3078 803 3133 adhibeamus
826 3100 836 3132 ;
864 3078 994 3147 quin
1020 3079 1198 3148 potius
1222 3076 1510 3133 Dominum
1537 3088 1786 3135 nostrum
1810 3081 2023 3134 lirmata

447 3168 907 3238 corroborataque
939 3175 1117 3223 mente
1147 3168 1519 3233 celebremus,
1567 3184 1668 3223 nec
1702 3168 1755 3223 in
1779 3184 1845 3225 eo
1868 3185 2022 3223 man-
2051 3144 2093 3202 (ἶ

448 3277 572 3316 cum
630 3259 837 3330 aliquid
891 3276 1013 3316 esse
1059 3262 1425 3331 suspicemur.
1465 3259 1599 3313 Nam
1651 3262 1697 3318 si
1748 3261 1795 3317 is
1828 3262 1922 3331 qui
1958 3261 2025 3317 ad

449 3352 947 3423 repraesentandum
981 3353 1224 3407 onmium
1260 3353 1487 3409 salutem
1529 3354 1768 3419 advenit,
1809 3355 1888 3410 vel
1926 3355 2028 3409 mi-

448 3444 656 3498 nimum
719 3443 773 3497 in
818 3458 877 3498 se
913 3441 1184 3498 delectum
1221 3443 1411 3508 habet,
1446 3444 1670 3514 quinam
1712 3460 1742 3499 a
1777 3447 1893 3502 suis
1926 3444 2025 3502 de-

452 3535 686 3592 lcetibus
715 3533 983 3589 vindicari
1011 3541 1265 3589 creatura
1299 3534 1535 3605 poterit?

522 3714 655 3769 LXI.
696 3713 803 3770 Sed
837 3715 1045 3769 instant
1088 3715 1525 3772 adversariorum
1556 3731 1707 3773 more
1736 3716 1897 3787 (nam
1945 3733 2032 3772 re-

450 3821 579 3861 vera
608 3805 851 3861 Judaicis
889 3805 1241 3876 opinionibus
1278 3805 1470 3861 imbuti
1506 3813 1656 3870 sunt,
1686 3821 1788 3861 uec
1826 3806 1893 3859 ab
1919 3806 2029 3861 illis

452 3907 811 3969 printer-quam
849 3896 1216 3967 appellatione
1239 3895 1564 3967 dissident).
1595 3896 1754 3961 Novi,
1782 3898 2029 3968 inquam,

452 3990 542 4044 isti
565 3986 733 4042 δυάιυί
761 3997 949 4044 contra
970 3987 1282 4045 Catholicos
1307 3988 1673 4059 insurgentes,
1691 3997 1745 4044 et
1766 3990 2031 4047 adversus

455 4082 789 4137 Salvatorem
834 4082 1083 4153 quaedam
1130 4082 1294 4137 verba
1343 4082 1693 4148 meditantes,
1748 4090 1810 4137 ut
1852 4082 2030 4152 ipsum

452 4188 763 4228 sermonum
796 4187 1021 4229 suorum
1049 4173 1542 4243 laqueisirretiaut,
1576 4184 1635 4228 ut
1661 4172 1715 4227 in
1739 4171 2034 4244 Evangelio

453 4266 714 4335 scriptum
753 4275 836 4323 est
866 4268 910 4332 ³,
936 4267 1068 4321 illud
1111 4267 1287 4337 ipsum
1330 4265 1488 4322 nobis
1534 4266 1803 4337 objiciunt
1836 4286 1849 4320 :
1889 4265 2035 4321 Dixit

456 4357 695 4426 pendens
723 4360 776 4412 in
812 4376 974 4415 cruce
1014 4359 1308 4414 Christus:
1347 4359 1454 4423 Eli,
1492 4358 1601 4424 Eli,
1635 4359 1829 4413 lemma
1874 4358 2035 4412 saba-

454 4450 633 4503 cthani
653 4453 676 4505 ?
706 4452 808 4505 hoc
839 4460 944 4515 est,
982 4452 1119 4506 Deus
1163 4470 1327 4518 meus,
1382 4452 1517 4507 Deus
1552 4469 1718 4517 meus,
1748 4468 1911 4522 quare
1952 4469 2035 4507 me

453 4542 777 4611 dereliquiin
803 4544 858 4596 ‘?
888 4543 1074 4607 Vides,
1107 4546 1382 4616 inquiunt,
1415 4554 1474 4599 ut
1504 4545 1894 4601 miserabiliter
1922 4546 2029 4600 im-

457 4633 649 4699 ploret,
698 4647 762 4687 ac
806 4634 1004 4704 lugeat,
1034 4644 1087 4687 et
1132 4634 1313 4689 dicat:
1349 4635 1527 4699 Quare
1557 4650 1637 4688 me
1666 4634 2033 4705 dereliquisti?

453 4721 641 4793 Neque
673 4723 777 4778 hoc
811 4725 994 4778 animo
1029 4726 1356 4795 percipiunt,
1387 4727 1556 4799 788
1594 4727 1842 4783 homines
1882 4728 2033 4782 viru-

453 4815 599 4869 lenta
626 4814 730 4869 hac
762 4815 879 4870 Arii
912 4816 1147 4881 insania,
1190 4821 1335 4874 velut
1374 4822 1607 4892 quadam
1642 4822 1887 4891 crapula,
1916 4838 2036 4893 gra-

450 4906 581 4971 vati,
619 4920 684 4961 ac
714 4905 807 4961 Dei
854 4908 1181 4977 cognitionis
1222 4919 1507 4981 expertes;
1540 4913 1809 4968 humanos
1840 4927 2031 4968 omnes

451 4996 681 5054 allectus
729 4999 786 5053 in
835 4996 1058 5055 Christo
1092 4999 1323 5059 Domino
1379 5004 1759 5074 agnoscendus
1802 5004 1857 5059 iu
1902 5019 2030 5060 vera

452 5091 599 5148 illius
647 5090 1026 5147 incarnatione
1078 5108 1141 5147 ac
1178 5094 1516 5153 conlitendos
1551 5114 1692 5155 esse.
1745 5099 1925 5170 Atque
1976 5100 2031 5154 in

452 5182 643 5251 primis
670 5183 738 5237 ab
764 5198 874 5237 uno
895 5182 950 5237 in
973 5184 1116 5239 aliud
1148 5184 1446 5241 desultorio
1479 5202 1627 5243 more
1657 5198 2028 5254 transeuntes,

452 5272 582 5345 quid
626 5274 693 5329 de
731 5290 796 5329 eo
838 5275 1184 5333 sentiendum
1218 5276 1560 5334 decreverint
1609 5281 2031 5347 obliviscuntur,

453 5379 557 5419 nec
586 5365 641 5419 in
668 5380 777 5420 uno
810 5374 953 5421 statu
986 5368 1319 5423 consistunt.
1353 5367 1539 5440 Neque
1578 5370 1722 5425 enim
1754 5372 1911 5426 aliter
1950 5372 2034 5426 la-

453 5471 578 5511 cere
607 5465 859 5527 possunt,
893 5458 985 5528 qui
1032 5468 1213 5515 mente
1238 5460 1537 5532 desipiunt.
1567 5460 1736 5533 Igitur
1773 5479 2035 5520 nonnun-

454 5557 617 5617 quam
654 5546 987 5603 Salvatorem
1026 5549 1169 5605 hunc
1195 5561 1469 5618 asserunt,
1521 5563 1574 5608 et
1622 5552 1933 5624 Dominum,
1970 5573 2033 5614 ac

531 5662 803 5739 'Philipp.
843 5681 902 5731 ιι,
939 5668 991 5721 8.
1100 5672 1119 5699 θ
1143 5650 1304 5726 ιιοιιιο.
1341 5690 1400 5739 ιι,
1436 5675 1517 5730 μ..

455 5750 626 5803 xxv",
657 5736 742 5790 47.

1627 5677 1645 5709 ³
1677 5678 1888 5737 Coloss.
1924 5696 1986 5747 ll,
2018 5682 2106 5737 15.

2118 1886 2345 1956 τόμενος
2366 1886 2394 1938 δ
2418 1882 2647 1952 ἄγγελος
2676 1882 2862 1951 ἔλεγεν
2898 1882 3067 1953 αύτῷ,
3098 1881 3394 1951 δοξολογῶν
3413 1881 3513 1934 καί⁵
3544 1880 3711 1949 εύφηο

2124 1977 2239 2048 μῶν
2266 1977 2355 2030 τὸν
2390 1976 2519 2030 ἴδιον
2542 1977 2817 2046 Δεσπότην
2842 1975 2935 2027 ἐπὶ
2959 1973 3038 2045 τῷ
3064 1973 3290 2044 τοιούτῳ
3317 1974 3612 2043 σκάμματι
3628 1974 3712 2025 καὶ

2122 2070 2543 2143 παραδοξοποιίᾳ
2569 2067 2802 2137 ὲσ-τῶτα,
2832 2070 2915 2123 ὃτι
2957 2068 3043 2137 Σή
3075 2068 3248 2124 ἐστιν
3284 2069 3323 2135 ἡ
3369 2066 3710 2134 προσκύνη-

2122 2180 2241 2230 σις,
2268 2165 2388 2217 σόν
2432 2164 2564 2216 ἐστι
2594 2162 2657 2217 τὸ
2690 2161 2924 2231 κράτος,
2953 2161 3035 2231 σή
3079 2161 3251 2215 ἐστιν
3270 2159 3610 2229 ήδύναμις,
3638 2156 3711 2226 σή

2120 2256 2290 2309 ἐστιν
2312 2256 2349 2322 ἡ
2376 2256 2576 2323 ἰσχύς
2603 2254 2691 2307 ἵνα
2720 2253 2985 2326 πληρώσῃ
3038 2252 3101 2307 τὸ
3155 2252 3307 2324 παρά
3357 2252 3589 2305 Μωῦσεί
3630 2267 3713 2318 γε-

2123 2346 2465 2418 γραμμένον,
2493 2347 2575 2400 ὃτι
2615 2345 3157 2415 Ἐνισχυσάτωσαν
3176 2342 3336 2409 αὐτῷ
3368 2342 3603 2409 πάντες
3629 2342 3715 2411 ἀγ-

2124 2443 2289 2511 γελοι
2346 2438 2516 2493 Θεοῦ.
2548 2438 2658 2492 Καὶ
2703 2438 2890 2509 ὁρᾶτε,
2942 2435 3181 2508 Χριστοῦ
3216 2434 3577 2506 θεράποντες,
3632 2436 3716 2487 καὶ

2126 2530 2233 2584 υίοὶ
2273 2530 2372 2601 τῆς
2422 2528 2584 2598 ἀτίας
2616 2528 2712 2583 τοῦ
2750 2528 2888 2584 Θεοῦ
2941 2526 3272 2596 Ἐκκλησίας
3304 2527 3398 2579 καὶ
3434 2524 3715 2596 ὀρθοδόξου

2128 2623 2385 2686 πίστεως,
2439 2622 2520 2675 ὅτι
2553 2620 2708 2674 οὐδὲν
2737 2621 2795 2674 ὲν
2827 2622 2895 2693 τῇ
2938 2618 3061 2691 θείᾳ
3104 2619 3295 2690 Γραφῇ
3332 2617 3575 2683 σκολιὸν,
3604 2615 3716 2668 οὐδὲ

2129 2711 2586 2783 στραγγαλιῶδεςο
2628 2711 2766 2767 ἀλλά
2796 2711 2865 2767 τὰ
2916 2713 3096 2766 πάντα
3144 2710 3468 2782 θαυμασίως
3510 2712 3595 2775 εἰς
3626 2710 3718 2780 τὴν

2127 2806 2401 2878 ἡμετέραν
2442 2806 2718 2877 σωτηρίαν
2748 2806 3082 2877 γέγραπται,
3124 2804 3219 2859 καὶ
3245 2804 3615 2858 τετελείωται.
3660 2804 3719 2856 Oi

2125 2898 2182 2952 δὲ
2216 2899 2629 2971 προειρημένοι,
2675 2900 2733 2951 ὲν
2764 2898 2938 2970 ἔχθρα
2970 2898 3125 2962 ὄντες
3158 2896 3295 2969 πρὸς
3323 2896 3416 2949 τὸν
3455 2894 3719 2965 μονογενῆ

2129 2989 2257 3043 Υίὸν
2287 2988 2382 3043 τοῦ
2410 2987 2546 3042 Θεοῦ
2581 2989 2677 3045 καὶ
2706 2988 2843 3060 πρὸς
2883 2988 2944 3041 τὸ
2975 2987 3129 3057 ἀγιον
3156 2986 3401 3058 Πνεῦμα,
3440 2986 3621 3041 πάντα
3649 2984 3719 3046 ὼς

2128 3077 2313 3151 ἐχθροὶ
2367 3077 2703 3134 διανοοῦνταί
2760 3095 2820 3131 τε
2855 3078 2951 3132 καὶ
2992 3075 3323 3148 σοφίζονται.
3364 3076 3529 3147 Ἡμῖν
3563 3074 3620 3129 δὲ
3652 3076 3721 3145 μὴ

2126 3170 2337 3240 γένοιτο
2386 3169 2752 3241 ἀνθρωπίνοις
2811 3170 3113 3241 σοφίσμασι
3177 3169 3565 3239 προσανέχειν,
3613 3166 3724 3221 ἀλλ’

2126 3261 2271 3333 ἔχειν
2293 3262 2384 3316 τὸν
2420 3263 2610 3316 ἑαυτὸν
2636 3261 2760 3316 νοῦν
2781 3261 3118 3333 ἐρρωμένον,
3144 3262 3296 3326 ὅπως
3326 3262 3418 3315 τὸν
3440 3261 3541 3333 μὲν
3567 3261 3722 3332 ἡμῶν

2130 3354 2407 3425 Δεσπότην
2450 3354 2785 3426 δοξάσωμεν,
2825 3354 2993 3426 μηδὲν
3032 3354 3090 3408 δέ
3147 3372 3202 3408 τι
3250 3354 3639 3425 ἠλαττωμένον
3672 3355 3723 3404 ἐν

2126 3445 2274 3517 αύτῷ
2296 3445 2693 3517 διανοηθῶμεν.
2729 3447 2793 3499 Εἰ
2827 3446 2935 3517 γὰρ
2967 3448 2995 3499 ὁ
3017 3446 3087 3500 τὰ
3133 3448 3311 3502 πάντα
3345 3445 3522 3500 ἐλθὼν
3555 3448 3723 3499 σῶσαι

2126 3536 2239 3607 ἔχει
2288 3534 2671 3608 ὲλαττώματός
2726 3553 2779 3589 τι
2814 3538 2871 3589 ὲν
2917 3536 3120 3607 ἑαυτῷ,
3164 3536 3283 3600 πῶς
3342 3537 3721 3609 σωθήσεταιή

2128 3628 2302 3693 κτίσις
2334 3629 2443 3682 ἀπὸ
2473 3629 2582 3683 τῶν
2618 3628 2764 3683 ἰδίων
2798 3630 3227 3701 ὲλαττωμάτων;

2200 3719 2322 3777 ΞΑἎ
2355 3721 2526 3775 Πάλιν
2578 3721 2637 3776 δὲ
2682 3720 3147 3793 ἐπιλαμϐάνονται
3206 3720 3395 3792 ὥσπερ
3437 3720 3721 3775 ἀντίδικοι·

2132 3811 2253 3881 (καὶ
2286 3813 2393 3884 γάρ
2432 3813 2571 3865 εἰσιν
2618 3810 2889 3883 Ἰουδαῖκῷ
2923 3811 3233 3884 φρονήματι
3258 3810 3599 3879 ἐγκείμενοι,
3637 3810 3724 3862 καὶ

2135 3904 2299 3975 μηδὲν
2351 3904 2575 3957 ἐκείνων
2606 3901 2987 3966 διαλάττοντες
3020 3901 3157 3973 πλὴν
3191 3899 3287 3955 τοῦ
3322 3900 3597 3971 ὀνόματος
3642 3898 3723 3969 p.6-

2131 3998 2243 4066 vov)
2277 3997 2327 4049 οί
2378 3995 2540 4049 πάλιν
2568 3997 2700 4066 ἡμῖν
2732 3995 3058 4065 ὲπιφύοντες
3075 3994 3187 4049 νέοι
3222 3990 3725 4062 Ίουδαῖοι,ζητοῦνο

2131 4104 2224 4152 τες
2254 4085 2397 4140 κατά
2417 4085 2507 4139 τοῦ
2540 4085 2790 4157 Σωτῆρος
2818 4085 2992 4153 λέξεις
3012 4084 3184 4149 τινὰς,
3210 4084 3358 4146 ὅπως
3385 4083 3722 4150 παγιδεύσωο

2135 4197 2219 4235 σιν
2252 4178 2416 4231 αὐτὸν
2446 4178 2505 4231 ὲν
2547 4177 2711 4249 λόγῳ,
2758 4177 2940 4241 καθὼς
2966 4176 3071 4249 ἔφη
3102 4175 3163 4230 τὸ
3188 4175 3344 4244 ἀγιον
3370 4175 3720 4243 Εὐαγγέλιον.

2134 4272 2244 4328 Καί
2262 4288 2445 4341 φασινυ
2474 4270 2700 4341 Ἔλεγεν
2726 4272 2784 4324 ὲν
2819 4270 2895 4341 τῷ
2915 4267 3155 4342 σταυριῖν
3200 4266 3348 4333 Ἠλὶ,
3381 4266 3536 4332 Ἠλὶ,
3566 4264 3724 4335 diuiti

2136 4367 2491 4436 σαϐαχθανί·
2531 4367 2804 4429 τουτέστι,
2838 4364 2946 4420 Θεέ
2972 4382 3114 4436 μου,
3154 4362 3260 4419 Θεέ
3286 4381 3429 4433 μου,
3458 4362 3565 4416 ἵνα
3584 4365 3637 4416 τί
3655 4379 3725 4431 με

2137 4460 2563 4530 ἐγκατέλιπεςς
2612 4462 2722 4515 Kal.
2751 4462 2905 4532 ὁρᾷς,
2945 4460 3129 4529 φασὶν,
3155 4457 3388 4529 οίκτρῶς
3419 4456 3589 4509 αὐτὸν
3626 4472 3723 4507 πα-

2144 4550 2505 4623 ρακαλοῦντα,
2566 4553 2661 4605 καὶ
2712 4552 3139 4624 ἀποδυρόμενον,
3183 4550 3278 4604 καλ⁵
3308 4549 3562 4619 λέγοντα·
3604 4550 3725 4602 'Ira

2139 4645 2197 4697 τί
2215 4661 2293 4714 με
2320 4643 2751 4713 ἐγκατέλιπες;
2784 4644 2893 4698 Καὶ
2918 4645 3019 4697 οὐκ
3053 4645 3232 4697 ἴσασιν
3262 4644 3311 4696 oi
3358 4642 3471 4696 ἀπὸ
3504 4642 3604 4695 τοῦ
3636 4642 3723 4708 δη·

2138 4734 2398 4807 λητηρίου
2456 4737 2643 4791 τούτου
2691 4737 2793 4807 τῆς
2846 4736 2941 4791 τοῦ
2991 4737 3200 4809 Ἀρείου
3253 4736 3455 4807 μανίας
3492 4735 3726 4806 καρηῦα·

2143 4827 2382 4899 ροῦντες,
2428 4830 2522 4883 καὶ
2548 4831 2614 4900 τῇ
2664 4828 2876 4900 διανοίᾳ
2908 4830 3007 4899 τῆς
3044 4828 3137 4881 τοῦ
3169 4828 3303 4882 Θεοῦ
3334 4827 3596 4896 γνώσεως
3627 4826 3726 4877 λει-

2141 4918 2387 4987 πόμενοι,
2422 4919 2503 4972 ὅτι
2533 4920 2615 4973 δεῖ
2646 4921 2713 4973 τὰ
2738 4920 3143 4992 ἀνθρωποπαθῆ
3195 4920 3373 4973 πάντα
3408 4921 3469 4973 ὲν
3504 4919 3589 4989 τῷ
3622 4920 3723 4970 Ku-

2142 5010 2242 5081 ρίῳ
2270 5010 2646 5081 ὁμολογεῖσθαι
2677 5013 2735 5064 ἐν
2766 5013 2831 5081 τῇ
2859 5011 3109 5083 ὲνσάρκῳ
3124 5010 3288 5064 αὐτοῦ
3326 5010 3560 5081 ἀληθινῇ
3592 5026 3723 5077 παρ-

2140 5101 2316 5172 θυσίᾳ..
2344 5102 2454 5155 Καὶ
2476 5102 2691 5174 πρῶτοι
2727 5102 2824 5173 μὲν
2846 5102 2915 5155 τά
2940 5119 3004 5155 πε
3016 5103 3068 5170 pi
3091 5101 3255 5155 αὑτοῦ
3299 5101 3375 5166 ώς
3416 5101 3721 5172 φρονοῦσιν,

2141 5194 2249 5247 ἀπὸ
2271 5194 2474 5265 ἐτέρων
2495 5195 2572 5257 είς
2605 5193 2768 5265 ἕτερα
2805 5194 3222 5266 μεταπηδῶντες
3256 5194 3720 5248 ἐπιλανθάνονται.

2146 5285 2276 5356 μίαν
2318 5284 2391 5357 μὴ
2426 5286 2639 5356 ἔχοντες
2671 5285 3027 5342 κατάστασιν.
3079 5284 3203 5349 Πῶς
3243 5285 3353 5357 γὰρ
3381 5286 3636 5339 δύνανται
3678 5284 3721 5335 οἱ

2140 5384 2206 5451 τῇ
2259 5380 2468 5452 διανοίᾳ
2519 5380 2593 5452 μὴ
2624 5379 3063 5452 σωφρονοῦντες;
3097 5380 3233 5434 Ποτὲ
3270 5380 3370 5451 μὲν
3419 5380 3528 5451 γὰρ
3553 5381 3721 5446 λέγειν

2143 5473 2373 5544 Σωτῆρα
2407 5472 2686 5543 βούλονται
2735 5472 2919 5537 αὐτὸν,
2950 5473 3044 5526 καὶ
3070 5470 3292 5543 Κύριον,
3344 5474 3440 5526 καὶ⁵
3476 5472 3720 5543 Χριστὸν,

2142 5564 2237 5619 καὶ
2264 5566 2371 5636 πρὸ
2398 5565 2616 5619 πάντων
2646 5564 2881 5630 αἰώνων,
2916 5565 3011 5618 καὶ
3044 5564 3309 5635 δεσπότην
3355 5565 3605 5634 ἀγγέλων
3634 5562 3722 5617 καὶ

2209 5684 2230 5715 ⁸
2260 5684 2419 5743 Deut.
2445 5699 2623 5753 χχιιι,
2657 5684 2745 5739 45.
2848 5686 2868 5717 ⁵
2903 5682 3092 5739 Matth.
3126 5699 3257 5751 uti,
3305 5684 3390 5738 15.
3486 5684 3506 5714 ⁸
3535 5682 3717 5737 Matth.
