3826 6206
145 311 225 371 505

782 310 1152 371 ADVERSUS
1188 308 1530 372 HERESES
1565 316 1690 374 LIB.
1730 318 1793 376 ll.
1833 318 1995 377 TOM.
2041 319 2102 375 ll.
2143 351 2210 364 —
2249 318 2522 375 liASRES.
2554 316 2738 374 LXIX.

3233 312 3334 368 300

143 426 456 501 ἀρχαγγέλων,
483 429 550 483 δι’
583 422 642 485 οὗ
677 429 748 485 τὰ
775 430 872 486 ὂλα
904 409 1212 503 γεγένηται,
1253 433 1419 505 ἀρχαί
1464 452 1523 488 τε
1570 438 1664 490 καὶ

1791 438 2066 504 Zhristum,
2113 438 2475 508 omnibusque
2508 435 2843 506 superiorem
2885 433 3118 499 saeculis,
3154 439 3206 486 et
3237 448 3331 485 an-

143 521 353 586 ἐξουσίαι,
381 519 600 588 ἄγγελοί
630 539 689 575 τε
711 524 806 576 καὶ
833 523 1183 594 ἀρχάγγελοι,
1205 524 1443 596 οὐρανοὶ,
1475 526 1571 580 καὶ
1597 526 1666 581 τὰ

1791 533 2009 599 {elerum
2043 541 2202 601 atque
2250 529 2698 598 archangelorum
2726 526 3025 592 dominum,
3051 542 3146 598 per
3175 541 3338 594 quem

143 614 299 674 πάντα,
331 611 394 680 γῆ
440 628 500 663 τε
537 613 631 666 καὶ
677 613 878 677 πάντες
919 614 1218 688 ἄνθρωποι,
1247 617 1341 669 καὶ
1368 616 1546 671 πάντα
1597 618 1668 671 τὰ

143 705 334 774 ἐπίγῆς,
370 702 610 758 θάλασσά
661 722 722 758 τε
747 707 840 759 καὶ
872 705 939 759 τὰ
961 706 1018 760 ἐν
1061 707 1222 779 αὐτῇ.
1261 709 1371 761 Καὶ
1392 707 1438 761 ὣ
1467 708 1669 780 πολλῆς

140 795 426 865 ὴλιθιότητος
453 794 560 849 τῶν
583 794 656 849 τὰ
689 795 918 852 τοιαῦτα
951 799 1078 869 περὶ
1107 798 1275 852 αὐτοῦ
1315 799 1665 864 δοξαζόντων,

143 892 214 939 καὶ
241 884 449 939 ἐνταῦθα
485 887 560 958 μὴ
589 887 872 952 νοούντων,
901 890 983 942 ὅτι
1015 890 1076 942 οὐ
1117 889 1339 946 δύναται
1373 891 1401 942 6
1428 890 1534 962 προ
1562 890 1670 943 τῶν

139 978 314 1031 αἰώνων
340 977 474 1031 κατὰ
498 979 596 1050 τὴν
627 979 790 1034 αὑτοῦ
815 980 1061 1052 θεότητα,
1093 981 1160 1035 δι’
1193 977 1254 1038 οὗ
1279 985 1308 1036 6
1335 983 1562 1053 οὐρανὸς
1578 984 1672 1036 καὶ

142 1073 198 1141 γῆ
219 1071 502 1141 γεγένηται,
535 1072 752 1142 ἄγγελοί
782 1091 842 1126 τε
871 1075 966 1128 καὶ
990 1075 1338 1147 ἀρχάγγελοι,
1362 1077 1456 1130 καὶ
1490 1077 1669 1141 ἁπαξ-

139 1161 295 1224 απλῶς
324 1159 386 1213 τὰ
413 1159 722 1231 σύμπαντα,
766 1163 938 1235 ὁρατά
966 1181 1028 1217 τε
1063 1165 1159 1218 καὶ
1207 1165 1415 1236 ἀόρατα
1468 1164 1671 1236 ταύτην

141 1255 221 1322 τὴν
244 1252 405 1324 φωνὴν
432 1253 496 1306 ὲκ
522 1253 812 1325 προσώπου
840 1255 940 1327 τῆς
967 1255 1133 1309 αὑτοῦ
1168 1256 1420 1327 θεότητος
1451 1256 1630 1327 λέγειν
1655 1275 1667 1288 ·

141 1344 226 1398 Θεέ
244 1362 368 1413 μου,
386 1343 490 1398 Θεέ
512 1363 654 1414 μου,
682 1347 782 1400 ἵνα
803 1347 860 1400 τί
872 1364 949 1415 με
972 1347 1359 1417 ἐγκατέλιπες
1371 1364 1392 1413 ;

1769 619 1950 675 omnia
1982 621 2200 675 condita
2241 628 2388 685 sunt,
2431 619 2768 690 principatus
2791 618 2996 674 scilicet
3021 624 3074 672 et
3098 623 3337 687 potesta-

1772 717 1872 774 tes,
1915 709 2090 778 angeli
2129 717 2182 763 ct
2216 708 2547 779 archangeli,
2591 707 2714 761 coeli
2761 717 2816 761 et
2857 721 2977 777 quae
3011 705 3063 759 in
3100 705 3167 760 iis
3211 711 3340 759 sunt

1773 801 2047 860 universa.
2095 813 2306 853 necnon
2344 807 2397 854 et
2440 806 2589 851 terra
2639 813 2762 852 cum
2812 796 3064 851 omnibus
3101 793 3340 848 homini-

1774 893 1897 958 bus,
1935 893 2110 963 iisque
2139 907 2258 962 quae
2295 892 2347 945 in
2377 899 2520 944 terra
2549 901 2708 950 sunt:
2747 904 2808 944 ac
2838 889 3072 958 denique
3099 901 3248 940 mare
3285 894 3340 940 et

1773 1001 1894 1055 quae
1923 984 2058 1038 mari
2101 983 2470 1038 continentur.
2513 981 2557 1037 Ο
2587 981 2956 1036 incredibilem
2989 993 3175 1034 eorum
3205 977 3341 1032 stul-

1774 1077 1967 1142 titiam,
2003 1075 2093 1146 qui
2130 1090 2253 1131 cum
2286 1075 2360 1129 ita
2401 1075 2470 1130 de
2511 1075 2604 1129 illo
2643 1072 2900 1134 sentiant,
2933 1071 2987 1125 in
3020 1071 3190 1125 altero
3231 1083 3342 1122 non

1776 1167 1979 1231 vident,
2013 1167 2126 1221 ﬁeri
2150 1181 2257 1220 non
2287 1181 2471 1235 posse,
2503 1172 2562 1219 ut
2583 1165 2675 1234 qui
2705 1163 2986 1220 divinitate
3018 1176 3117 1216 sua
3141 1161 3342 1216 saecula

1774 1255 2060 1312 antecedat
2085 1256 2288 1319 omnia,
2319 1255 2412 1326 qui
2448 1255 2649 1310 cmlum
2707 1261 3020 1322 terramque
3044 1250 3344 1310 l'abricarit.

1774 1355 1828 1402 et
1880 1347 2100 1418 angelos
2127 1386 2141 1414 ,
2174 1352 2336 1415 atque
2373 1344 2751 1414 arehangelos,
2793 1351 2868 1410 et,
2918 1350 2986 1404 ut.
3028 1355 3138 1395 uno
3182 1339 3345 1395 verbo

143 1435 309 1500 dicam,
353 1437 533 1491 omnia
571 1444 680 1491 tam
723 1453 843 1508 quae
890 1441 1241 1510 aspectabilia
1295 1450 1444 1507 sunt,
1499 1457 1662 1512 quam
1697 1455 1819 1511 quae
1840 1448 2119 1511 aspectum
2152 1438 2387 1511 fugiunt,
2419 1439 2466 1493 is
2496 1444 2574 1501 ut,
2634 1436 2880 1506 inquam,
2935 1431 3206 1505 ejusmodi
3255 1445 3332 1485 vo

139 1539 304 1580 cemex
325 1539 548 1595 persona
581 1541 692 1582 sua:
719 1529 1021 1584 divinitatis
1041 1529 1313 1586 ediderit:
1357 1531 1498 1586 Deus
1539 1547 1706 1596 meus,
1761 1529 1904 1585 Deus
1951 1546 2118 1595 meus,
2162 1540 2219 1584 ut
2265 1528 2390 1599 quid
2434 1527 2760 1598 dereliquisti
2808 1527 2931 1580 me?

197 1615 314 1667 Πότε
338 1615 442 1686 γὰρ
471 1617 864 1689 ἐγκατελείφθη
893 1619 1018 1683 Υἰδς
1047 1621 1153 1674 ἀπὸ
1177 1621 1418 1694 Πατρός;
1456 1621 1585 1675 πότε
1614 1621 1671 1674 δὲ

139 1708 217 1775 οὐχ
242 1707 266 1758 6
309 1705 426 1768 Υἱὸς
455 1708 516 1759 ὲν
550 1706 627 1777 τῷ
659 1709 854 1780 Πατρὶ,
885 1711 980 1764 καὶ
1004 1711 1033 1763 6
1064 1711 1251 1784 Πατὴρ
1275 1713 1333 1764 ὲν
1363 1710 1509 1782 Υἰῷ;
1556 1711 1678 1764 Ἐπὶ

250 1797 338 1863 μὲν
361 1796 468 1867 γὰρ
486 1799 516 1850 6
539 1768 683 1863 Υίὸς,
714 1768 856 1853 καίὶὸ
884 1800 1016 1864 Θεὸς
1041 1768 1507 1874 Λόγοέβεὸήκει,
1524 1803 1682 1873 οὐρα·
1713 1768 1751 1822 Β

142 1885 215 1938 νοῦ
245 1886 293 1938 δὲ
312 1887 530 1956 ἥπτετο,
566 1890 660 1942 καί
681 1889 881 1953 πάντες
903 1891 996 1960 ὲχθ
1006 1892 1087 1962 pol.
1112 1891 1447 1962 ἐπληροῦντο
1470 1895 1568 1964 τῆς
1588 1892 1679 1944 αὑ-

139 1977 214 2029 τοῦ
237 1977 398 2046 δόξης.
447 1978 560 2031 Καὶ
592 1982 649 2034 ἐν
691 1982 880 2053 Μαρίᾳ
924 1981 1211 2052 ἐτύγχανε,
1259 1983 1354 2036 καὶ
1381 1982 1684 2055 ’ἄνθρωπος

140 2070 341 2135 ἐγένετο,
386 2069 525 2123 ἀλλὰ
563 2073 631 2141 τῇ
663 2071 892 2141 δυνάμει
941 2073 1106 2126 αὑτοῦ
1154 2072 1392 2144 ἐπλήρου
1425 2072 1495 2126 τὰ
1540 2071 1681 2142 σύμ-

139 2178 306 2214 παντα.
334 2161 456 2226 Πῶς
491 2156 585 2215 οὖν
611 2164 640 2214 6
672 2162 912 2225 τοιοῦτος
936 2164 1028 2217 καὶ
1060 2164 1376 2234 τηλικοῦτος
1401 2163 1543 2217 κατὰ
1585 2163 1684 2234 τὴν

139 2251 276 2304 αὑτοῦ
303 2253 550 2322 Θεότητα,
597 2252 830 2324 οἰκτρῶς
877 2252 1081 2322 ἔλεγεν·
1134 2255 1274 2319 Ἠλὶ,
1319 2255 1470 2320 Ἠλὶ,
1522 2255 1687 2324 λημᾱ

137 2343 472 2410 σαϐαχθανί;
511 2345 776 2406 τουτέστι,
832 2344 938 2399 Θεέ
985 2363 1126 2413 μου,
1185 2345 1292 2399 Θεέ
1326 2363 1467 2415 μου,
1505 2345 1605 2398 ἵνα
1630 2344 1687 2398 τί

137 2428 493 2496 ἐγκατέλιπές
535 2447 614 2500 με
632 2447 651 2494 ;
706 2432 881 2485 καίτοι
946 2433 1112 2486 αὑτοῦ
1172 2434 1438 2502 λέγοντος⁹
1495 2433 1688 2488 Πάλιν

137 2521 452 2589 ἀπέρχομαι,
511 2522 609 2575 καὶ
653 2525 764 2577 οὐκ
790 2523 942 2592 dgito
991 2523 1146 2593 ὑμᾶς
1176 2525 1496 2594 ὀρφανοὺς,
1547 2525 1685 2580 ἀλλ’

137 2612 352 2678 ἔρχομαι
390 2612 546 2681 πρὸς
577 2612 752 2681 ὑμᾶς.
784 2614 894 2667 Καὶ
924 2614 1086 2668 πάλιν
1123 2614 1293 2687 ἑτέρῳ
1334 2615 1484 2686 τόπῳ
1516 2616 1683 2684 λέγει·

148 2696 310 2764 Ἀμὴν
325 2699 483 2768 λέγω
511 2701 673 2769 ὑμῖν
697 2701 927 2769 Πάντες
965 2702 1135 2773 ὑμεῖς
1159 2704 1686 2774 σκανδαλισθήσε-

138 2791 228 2841 σθε
246 2787 310 2841 ἐν
337 2789 412 2858 τῇ
438 2792 614 2845 νυκτί
646 2795 830 2862 ταύτῃ
873 2795 944 2849 ἐν
987 2795 1138 2864 ἐμοὶ,
1167 2795 1268 2849 καὶ
1294 2795 1690 2864 natalem-ate

132 2897 196 2948 με
232 2881 446 2949 πάντες
489 2886 701 2959 μόνον.
752 2887 916 2941 Ἀλλ’
961 2889 1072 2943 οὐκ
1131 2887 1249 2957 εὶμί
1291 2889 1502 2958 μόνος,
1552 2888 1687 2942 ἀλλ’

136 2969 247 3022 ἐστι
267 2973 389 3040 μετ’
423 2973 573 3042 ἐμοῦ
613 2977 646 3028 d
683 2975 985 3046 γεννήσας
1006 2994 1084 3047 με
1111 2977 1333 3047 Πατήρο
1363 2979 1458 3032 καὶ
1505 2979 1686 3034 πάλιν*

1847 1619 2199 1686 Quandonam
2216 1619 2359 1674 enim
2378 1633 2407 1672 a
2422 1617 2582 1674 Patre
2602 1617 2894 1673 derelictus
2909 1623 2993 1671 est
3021 1611 3231 1670 Filius?
3260 1625 3356 1672 aut

1781 1711 1998 1781 quando
2019 1727 2123 1765 non
2152 1710 2205 1764 in
2225 1709 2385 1764 Patre
2397 1707 2572 1764 Filius
2610 1707 2840 1770 exstitit,
2859 1706 3089 1761 etPater
3111 1706 3164 1759 in
3184 1702 3358 1757 Filio?

1783 1803 1988 1857 Etenim
2007 1818 2130 1856 cum
2151 1802 2238 1856 ille
2267 1802 2382 1870 ipse
2410 1799 2602 1864 Filius,
2625 1815 2690 1854 ac
2712 1798 2855 1853 Deus
2881 1796 3115 1851 Verbum
3137 1795 3350 1848 interra

1781 1895 2136 1960 consisteret,
2169 1893 2368 1947 coelum
2405 1892 2622 1946 interim
2668 1891 2988 1961 attingebat,
3025 1896 3077 1943 et
3103 1885 3352 1940 inimicos

1780 2001 1969 2040 omnes
2002 1984 2186 2055 gloriae
2206 2000 2318 2039 suae
2334 1982 2624 2054 splendore
2645 1982 2970 2052 complebat.
3003 1978 3068 2032 Et
3097 1978 3151 2032 in
3173 1976 3352 2031 Mariaz

1782 2076 1998 2146 quidem
2042 2084 2196 2130 utero
2225 2075 2521 2130 conclusus
2551 2081 2692 2139 erat,
2737 2088 2801 2128 ac
2829 2079 3081 2127 naturam
3117 2068 3353 2124 hominis

1782 2169 2063 2234 induebat,
2105 2168 2200 2224 sed
2230 2169 2430 2224 virtute
2454 2183 2553 2223 sua
2576 2166 2816 2238 replebat
2845 2166 3121 2220 universa.
3150 2163 3352 2218 Potuit-

1785 2275 1853 2314 ne
1889 2259 2015 2314 talis
2045 2274 2108 2313 ac
2152 2266 2340 2314 tantus
2374 2259 2490 2314 haec
2526 2273 2591 2314 ex
2627 2257 2932 2312 divinitatis
2982 2271 3214 2325 persona
3244 2262 3353 2309 tam

1784 2352 2032 2423 lugubria
2079 2351 2293 2406 dicere:
2336 2350 2445 2417 Eli,
2484 2350 2590 2414 Eli,
2637 2351 2829 2404 lemma
2857 2347 3212 2404 sabaethani?
3259 2347 3357 2402 hoc

1784 2451 1890 2509 est,
1931 2442 2066 2497 Deus
2097 2460 2263 2507 meus,
2305 2442 2448 2497 Deus
2476 2459 2644 2505 meus,
2674 2459 2837 2513 quare
2864 2441 3192 2511 dereliquisti
3242 2442 3358 2496 me!

1786 2535 2092 2590 Praesertim
2124 2550 2245 2590 cum
2278 2534 2370 2589 ille
2416 2536 2531 2605 ipse
2569 2534 2833 2590 dixisset:
2862 2531 3064 2588 Iterum
3100 2532 3256 2597 vado,
3311 2543 3359 2588 et

1787 2642 1890 2681 non
1931 2626 2222 2695 relinquam
2267 2643 2355 2680 vos
2413 2626 2711 2694 orphanos;
2764 2627 2854 2680 sed
2900 2626 3044 2680 venio
3091 2625 3160 2678 ad
3205 2641 3289 2679 vos
3317 2626 3358 2678 ³.

1787 2715 1924 2771 Tum
1965 2717 2072 2771 alio
2099 2717 2254 2770 loco:
2291 2716 2451 2770 Amen
2484 2716 2603 2770 dico
2637 2716 2778 2770 vobis
2802 2732 2820 2769 :
2848 2715 3041 2771 Omnes
3077 2732 3164 2771 vos
3208 2733 3359 2770 smn-

1787 2807 1969 2860 dalum
2005 2808 2276 2877 patiemini
2331 2807 2429 2861 hac
2467 2816 2616 2862 nocte
2645 2809 2698 2862 in
2729 2824 2828 2874 me,
2858 2818 2906 2862 et
2939 2809 3240 2878 relinquetis
3283 2825 3362 2863 me

1788 2899 2005 2954 solum‘.
2029 2898 2146 2970 Ego
2179 2909 2353 2953 autem
2383 2916 2484 2953 non
2526 2915 2644 2954 sum
2689 2899 2832 2953 solus
2856 2939 2870 2963 ,
2903 2899 2994 2954 sed
3021 2908 3098 2954 est
3128 2915 3362 2965 mecum,

1789 2990 1881 3059 qui
1912 2991 2087 3060 genuit
2117 3007 2196 3044 me
2229 2989 2388 3044 Pater
2408 2992 2451 3045 ³⁵.
2485 2990 2617 3046 ltem
2647 3006 2665 3046 :
2708 2990 2877 3054 Vada,
2905 3001 2952 3045 et
2982 2991 3192 3044 mittant
3221 2991 3364 3046 vobis

151 3060 502 3132 Ἀπέρχομαι,
534 3067 632 3122 καὶ
685 3056 1018 3122 ἀποστελῶ
1052 3067 1195 3139 ὑμῖν
1231 3068 1299 3122 τὸ
1324 3068 1570 3139 Πνεῦμα
1621 3071 1686 3124 τὸ

1794 3056 2052 3150 Spiritum
2094 3093 2359 3147 sanctum,
2392 3083 2484 3153 qui
2510 3100 2542 3136 a
2578 3082 2742 3138 Patre
2771 3083 3024 3152 procedit,
3066 3091 3116 3138 et
3159 3085 3223 3138 de
3253 3099 3365 3137 meo

138 3155 302 3220 ἅγιον,
345 3155 410 3208 τὸ
444 3156 517 3210 ἐκ
548 3157 654 3212 τοῦ
697 3157 928 3227 Πατρός
975 3160 1468 3230 ἐκπορευόμενον,
1491 3161 1589 3214 καί
1623 3161 1686 3216 τὸ

1792 3172 2046 3239 accipit‘.
2076 3171 2204 3228 ltem
2237 3172 2362 3227 alibi
2389 3191 2402 3227 :
2432 3171 2541 3244 Ego
2588 3174 2760 3242 pulso,
2792 3183 2842 3228 et
2871 3174 2917 3228 si
2944 3174 3062 3244 quis
3103 3175 3365 3242 aperuerit

135 3245 262 3312 ἐμοῦ
308 3248 639 3318 λαμϐάνον·
684 3249 777 3304 καὶ
835 3251 996 3306 πάλιν
1048 3253 1106 3304 ὲν
1147 3252 1290 3322 ἄλλῳ
1334 3251 1504 3323 τόπῳο
1552 3253 1693 3322 Ἐγὼ

138 3336 326 3402 κρούω,
374 3339 477 3391 καὶ
521 3338 632 3392 ἐάν
672 3340 763 3406 τίς
797 3359 902 3412 μοι
955 3341 1165 3411 ἀνοίξῃ
1186 3381 1202 3407 ,
1230 3343 1696 3413 είσελευσόμεθα

137 3426 267 3494 πρὸς
299 3431 488 3485 αὐτὸν
549 3431 664 3503 ἐγὼ
700 3435 797 3487 καὶ
851 3438 884 3489 ὀ
931 3433 1134 3505 Πατήρ
1177 3453 1312 3503 μου,
1364 3436 1463 3490 καί
1495 3435 1698 3506 μονὴν

137 3519 448 3588 ποιήσομεν
482 3523 813 3592 παράὐτῷ·
842 3524 918 3590 ὡς
949 3525 1114 3580 αὑτοῦ
1167 3529 1232 3580 ἐκ
1255 3527 1347 3580 τοῦ
1371 3528 1581 3600 Πατρὺς
1621 3529 1695 3600 μὴ

139 3610 752 3684 ἐγκαταλιμπανομένου,
804 3616 879 3680 ὼς
923 3618 1017 3670 καί¹
1074 3618 1103 3670 6
1145 3617 1335 3690 Πατὴρ
1365 3620 1450 3672 ἀεὶ
1493 3619 1588 3672 σὺν
1619 3617 1698 3689 τῷ

140 3698 253 3768 Υἰῷ,
283 3700 358 3762 th;
379 3703 478 3756 τοῦ
505 3703 661 3772 ἁγίου
697 3705 1016 3776 ΙΙνεύματος
1045 3707 1139 3760 σὺν
1158 3709 1335 3780 Πατρί.
1366 3709 1460 3762 καὶ
1491 3708 1624 3780 Υἰῷ.

192 3792 302 3848 EB’.
335 3795 400 3847 Ti
435 3791 554 3862 οὖν,
603 3797 788 3866 φασὶν,
833 3796 980 3851 ἐστιν
1003 3798 1032 3850 ὁ
1074 3797 1228 3867 λόγος
1252 3792 1407 3863 οὗτος
1433 3799 1492 3853 ὃν
1522 3796 1696 3867 εἶπεν,

135 3884 206 3935 ὅτι
232 3886 332 3939 Θεέ
355 3905 498 3956 μου,
537 3888 644 3942 Θεέ
662 3907 803 3958 μου,
833 3891 935 3943 ἵνα
957 3891 1012 3944 τί
1034 3909 1112 3960 με
1136 3891 1558 3961 ἐγκατέλιπες;
1579 3893 1697 3947 Τίνι

136 3973 182 4025 δὲ
205 3975 260 4028 οὐ
295 3979 467 4046 σαφὲς
509 3981 618 4050 εῐη,
645 3981 725 4035 ὅτι
753 3981 863 4035 ἀπὸ
902 3981 1194 4053 προσώπου
1227 3982 1327 4054 τῆς
1352 3984 1518 4038 αὐτοῦ
1545 3986 1698 4040 ὲναν-

137 4067 452 4142 θρωπήσεως
479 4072 581 4126 ἀνθ
591 4074 926 4143 ρωποπαθῶς
951 4074 1312 4144 προϐάλλεται
1330 4075 1391 4129 τὸ
1414 4077 1595 4147 pium;
1635 4077 1699 4130 Ἦ

137 4156 230 4228 γὰρ
253 4161 413 4214 αὑτοῦ
458 4163 874 4235 ὲνανθρὼπησις
911 4166 972 4218 οὐ
1011 4167 1132 4219 κατ’
1165 4165 1300 4220 ἰδίαν
1330 4184 1415 4230 τις
1445 4163 1598 4221 οὖσα.
1625 4168 1697 4221 Οὐ

136 4248 227 4319 γὰρ
251 4253 780 4325 ἀποκεχωρισμένης
803 4254 903 4324 τῆς
930 4255 1199 4327 θεότητος.
1225 4259 1318 4311 καί
1339 4259 1508 4327 xwelc
1533 4256 1700 4329 οὔσης

138 4337 222 4407 τῆς
259 4343 735 4414 ὲνανθρωπήσεως
784 4345 989 4413 ἔλεγεν,
1044 4345 1121 4407 ὡς
1169 4346 1330 4402 ἄλλου
1375 4348 1469 4401 καὶ
1515 4347 1695 4401 ἄλλον·

1793 3256 1920 3311 milii
1948 3258 1991 3321 ",
2021 3257 2372 3328 ingrediemur
2417 3259 2486 3311 ad
2528 3259 2699 3327 ipsum
2747 3273 2839 3327 ego
2887 3266 2936 3312 et
2985 3257 3149 3312 Pater
3199 3273 3366 3322 meus,

1792 3357 1842 3403 et
1871 3349 2196 3403 mansionem
2226 3347 2365 3417 apud
2395 3347 2548 3402 illum
2596 3348 2852 3418 faciemus
2884 3349 2906 3381 ⁸
2929 3366 2942 3400 :
2969 3348 3136 3419 789
3174 3355 3234 3402 ut
3261 3349 3367 3405 hoc

1796 3439 2186 3511 intelligamus,
2213 3455 2484 3511 nusquam
2512 3441 2663 3495 illum
2695 3456 2726 3495 a
2759 3440 2921 3496 Patre
2948 3440 3148 3506 deseri,
3178 3455 3369 3512 quem.

1799 3529 2094 3585 admodum
2125 3538 2180 3585 et
2209 3531 2370 3586 Pater
2393 3545 2516 3585 cum
2551 3529 2714 3596 Filio,
2745 3541 2798 3587 et
2824 3546 2948 3586 cum
2976 3538 3211 3603 utroque
3238 3546 3366 3603 per-

1798 3630 1962 3692 petuo
2005 3619 2240 3691 Spiritus
2269 3629 2494 3678 sanctus
2523 3631 2627 3679 est.

1868 3795 2025 3850 LXII.
2067 3794 2209 3862 Quid
2257 3797 2443 3868 igitur,
2499 3798 2779 3868 inquiunt,
2832 3797 3050 3851 tandem
3102 3795 3206 3852 sibi
3256 3796 3370 3851 vult

1798 3903 1902 3942 vox
1944 3887 2090 3943 illius
2123 3906 2137 3942 :
2172 3874 2322 3942 Deus.
2345 3904 2511 3952 meus,
2540 3887 2678 3944 Deus
2696 3905 2862 3950 mens,
2884 3905 3045 3958 quare
3077 3904 3157 3941 me
3182 3887 3372 3942 dereli-

1799 3981 1999 4048 quisti?
2037 3979 2102 4033 Et
2151 3981 2277 4050 quis
2315 3995 2425 4034 non
2465 3981 2614 4036 videt
2641 3997 2711 4037 ex
2738 3981 2977 4035 hominis
3003 3995 3238 4050 persona
3288 3988 3373 4033 at-

1799 4085 1906 4139 que
1949 4069 2188 4124 humano
2231 4085 2384 4124 more
2407 4077 2462 4124 et
2487 4068 2683 4125 aﬂ'ectu
2717 4077 3038 4138 usurpatum
3068 4068 3216 4123 hunc
3247 4083 3372 4123 esse

1800 4160 2150 4218 sermonem?
2187 4160 2434 4216 Humana
2457 4157 2659 4232 quippe
2687 4161 2890 4216 Christi
2924 4169 3120 4214 natura
3150 4159 3374 4214 minime

1800 4261 2047 4324 separata
2075 4269 2172 4324 per
2205 4267 2327 4308 sese
2355 4261 2461 4308 est.
2516 4252 2706 4323 Neque
2751 4253 2895 4308 enim
2941 4251 3089 4306 velut
3131 4265 3196 4307 ex
3248 4266 3375 4322 per-

1801 4361 1935 4402 sona
1965 4345 2196 4402 seorsim
2229 4345 2548 4401 exsistentis
2581 4344 2884 4399 divinitatis
2915 4352 3010 4398 aut
3067 4342 3374 4397 humanita-

137 4429 255 4484 ἀλλὰ
293 4434 694 4506 συνηνωμένης
724 4437 825 4506 τῆς
862 4436 1322 4508 ὲνανθρωπήσεως
1353 4442 1420 4510 τῇ
1460 4438 1686 4509 Θεότητι1

1803 4436 1875 4492 tis
1903 4435 2010 4491 ista
2036 4435 2275 4500 dicebat,
2300 4434 2462 4504 quasi
2492 4433 2639 4489 aliud
2667 4440 2724 4489 et
2749 4432 2897 4487 aliud
2927 4431 3183 4503 quiddam
3213 4431 3374 4487 ambo

142 4523 251 4587 μιᾶς
277 4521 443 4594 οὔσης
468 4524 782 4592 ἀγιαστίας,
815 4525 906 4578 καὶ
927 4525 1026 4597 ἤδη
1055 4527 1113 4579 ὲν
1142 4526 1276 4596 αὐτῇ
1303 4526 1372 4579 τὰ
1390 4526 1701 4581 τελειότατα

138 4611 508 4685 ἐπισταμένης,
536 4609 638 4667 ὀἷα
676 4615 740 4686 δὴ
779 4617 836 4668 ὲν
881 4616 998 4686 Θεῷ
1037 4617 1450 4691 συνηνωμένῃ¹,
1497 4619 1590 4672 καὶ
1618 4619 1698 4683 εἰς

130 4701 236 4767 μίαν
262 4701 496 4774 θεότητα
537 4700 882 4773 συνημμένη,
915 4700 1102 4772 ὁρῶσα
1130 4703 1232 4776 ἤδη
1272 4702 1373 4774 τὴν
1418 4702 1651 4778 Θεότητα
1672 4709 1696 4739 ⁸

128 4791 220 4868 (93)
249 4795 344 4850 σὺν
379 4799 450 4868 τῇ
508 4795 680 4866 ψυχῆ·
707 4793 1035 4865 κινουμένην
1065 4795 1159 4848 ἐπὶ
1187 4795 1247 4849 τὸ
1277 4797 1601 4868 καταλεῖψαι
1633 4799 1696 4854 τὸ

140 4876 272 4942 ἅγιον
300 4881 463 4951 σῶμα
499 4881 612 4934 ἀπὸ
653 4883 940 4953 προσώπου
962 4885 1126 4938 αὑτοῦ
1157 4885 1253 4940 τοῦ
1290 4887 1569 4958 Κυριακοῦ
1604 4889 1697 4942 ἁν-

141 4965 356 5038 θρώπου,
384 4975 642 5027 τουτέστι
666 4975 762 5044 τῆς
784 4976 944 5030 αὐτοῦ
970 4978 1699 5052 ἐνανθρωπήσεως.Ἥμελλε

148 5061 231 5130 γὰρ
254 5063 286 5131 ἡ
310 5063 509 5133 Θεότης
543 5065 783 5120 τελειοῦν
815 5067 884 5121 τὰ
912 5069 1110 5131 πάντα,
1145 5071 1214 5124 τὰ
1241 5071 1384 5125 κατὰ
1408 5071 1470 5124 τὺ
1495 5073 1689 5144 μυστή-

140 5165 238 5216 ριον
268 5153 357 5207 τοῦ
393 5155 633 5220 πάθους,
669 5158 763 5211 καὶ
791 5158 887 5213 σὺν
910 5161 976 5231 τῇ
1009 5159 1154 5232 ψυχῇ
1195 5161 1474 5215 κατελθεῖν
1508 5163 1602 5216 ἐπὶ
1629 5163 1698 5216 τὰ

216 5305 230 5333 ¹
257 5303 382 5388 Ιέξς.
407 5311 827 5388 σ].ιγτ]νωμ.ςιενου⁸
844 5319 900 5388 et
941 5313 1284 5388 euvmtuévn.
1412 5315 1471 5370 F.
1501 5314 1686 5387 ὁρῶσα
1710 5317 1767 5388 δὲ
1802 5317 1923 5388 ἤδη.

1806 4525 2017 4590 forent,
2052 4524 2146 4580 sed
2179 4526 2260 4580 sic
2286 4534 2548 4595 tanquam
2598 4537 2724 4578 cum
2765 4521 3052 4577 divinitate
3081 4521 3375 4589 conjuncta

1802 4622 1947 4673 esset
1969 4615 2205 4672 hominis
2242 4623 2438 4670 natura
2467 4635 2480 4670 :
2517 4615 2654 4671 adeo
2681 4624 2739 4670 ut
2772 4630 2878 4669 una
2915 4614 3205 4684 utriusque
3239 4628 3371 4668 san-

1802 4707 2013 4763 ctitudo
2043 4706 2206 4772 foret,
2247 4707 2478 4777 ipsaque
2508 4705 2747 4762 hominis
2777 4713 2973 4760 natura
3005 4707 3058 4759 in
3090 4705 3373 4760 divinitate

1803 4799 2195 4869 perfectissima
2257 4816 2486 4870 quaeque
2548 4807 2930 4870 cognosceret,
2995 4805 3184 4868 utpote
3247 4811 3372 4850 cum

1802 4889 1911 4945 Deo
1938 4891 2212 4961 copulata,
2258 4899 2314 4945 et
2355 4891 2410 4945 in
2453 4905 2619 4944 unam
2654 4890 2972 4944 consociata
3001 4889 3367 4943 divinitatem.

1802 4980 1933 5047 Quae
1965 4997 2089 5036 cum
2125 4981 2268 5036 hanc
2292 4983 2467 5052 ipsam
2495 4980 2839 5036 divinitatem
2867 4995 2991 5034 cum
3021 4980 3199 5033 anima
3225 4978 3376 5032 velut

1798 5071 1855 5127 in
1905 5073 2188 5143 procinctu
2247 5074 2484 5144 quodam
2541 5088 2666 5129 esse
2716 5072 2944 5135 videret,
2987 5079 3046 5124 ut
3089 5068 3373 5124 sanctissi-

1800 5181 1950 5220 mum
2014 5181 2217 5237 corpus
2292 5166 2645 5237 relinqueret,
2700 5179 2766 5218 ex
2812 5161 3082 5218 Dominici
3137 5160 3374 5216 hominis

2028 5317 2048 5348 ³
2068 5316 2228 5374 Joan.
2260 5335 2371 5387 xuv,
2403 5318 2488 5374 i8.
2564 5317 2586 5350 ⁸
2610 5315 2803 5373 Matth.
2830 5332 2977 5382 xxvr,
3001 5316 3088 5371 5L
3166 5317 3186 5348 ⁵
3215 5313 3376 5372 Joan.

139 5385 234 5439 ιιι,
268 5377 354 5433 52.
430 5381 453 5412 ‘
479 5377 647 5434 JoanL
685 5398 772 5446 xv,
799 5382 898 5450 26;
933 5377 1160 5448 xvn'ﬂ,
1187 5377 1272 5438 15'.
1348 5386 1368 5417 ⁷
1402 5377 1570 5456 Apoc.
1601 5403 1682 5454 ιιι,

1791 5436 1792 5439 η
1823 5377 1835 5388 ’
1871 5377 1901 5420 θ’
1923 5385 2081 5443 Joan.
2111 5404 2224 5456 xw,
2253 5389 2342 5444 25.

199 5555 302 5626 (99)
350 5556 602 5628 'Opci'io'a,
627 5557 743 5626 ἤδη
785 5559 900 5627 τὴν
940 5560 1210 5628 θεότητα.
1259 5559 1566 5618 Prudenter
1608 5563 1697 5616 hic

141 5625 676 5702 locns'explicandus
727 5625 994 5702 εειζΝοιι
1026 5625 1186 5702 enim
1229 5633 1411 5689 soluta
1450 5640 1535 5687 est
1573 5642 1699 5702 post

147 5704 349 5752 mortem
394 5698 652 5769 corporis
692 5714 816 5755 cum
867 5701 1152 5759 divinitate
1203 5698 1697 5772 conjunctioﬁsed

1807 5564 1953 5690 quod
1985 5566 2418 5648 animavitaque
2458 5563 2782 5619 destitutum
2822 5570 2928 5645 est,
2972 5562 3040 5617 ab
3096 5561 3213 5634 ipsa
3242 5577 3380 5632 quo-

1851 5637 2102 5690 annnodo
2135 5635 2417 5690 divinitate
2456 5650 2657 5690 corpus
2696 5642 2780 5690 est
2819 5634 3090 5690 relictum.

1851 5637 2102 5691 annnodo
2135 5634 2417 5691 divinitate
2456 5650 2657 5705 corpus
2696 5642 2780 5690 est
2819 5634 3090 5690 relictum.
