  <div class='ocr_page' id='page_1' title='image "/cluster/home/n/w/nwhite01/storage/ocr_20150623/42/hvd.32044011752995/153.png"; bbox 0 0 3846 6304; ppageno 0'>
   <div class='ocr_carea' id='block_1_1' title="bbox 462 364 565 419">
    <p class='ocr_par' dir='ltr' id='par_1_1' title="bbox 462 364 565 419">
     <span class='ocr_line' id='line_1_1' title="bbox 462 364 565 419; baseline -0.019 0"><span class='ocrx_word' id='word_1_1' title='bbox 462 364 565 419; x_wconf 71' lang='lat'><strong>507</strong></span> 
     </span>
    </p>
   </div>
   <div class='ocr_carea' id='block_1_2' title="bbox 1827 361 2274 420">
    <p class='ocr_par' dir='ltr' id='par_1_2' title="bbox 1827 361 2274 420">
     <span class='ocr_line' id='line_1_2' title="bbox 1827 361 2274 420; baseline -0.009 -1"><span class='ocrx_word' id='word_1_2' title='bbox 1827 365 1884 420; x_wconf 91' lang='lat' dir='ltr'><strong>S.</strong></span> <span class='ocrx_word' id='word_1_3' title='bbox 1930 361 2274 419; x_wconf 75' lang='lat' dir='ltr'>EPIPIIANII</span> 
     </span>
    </p>
   </div>
   <div class='ocr_carea' id='block_1_3' title="bbox 3631 349 3742 405">
    <p class='ocr_par' dir='ltr' id='par_1_3' title="bbox 3631 349 3742 405">
     <span class='ocr_line' id='line_1_3' title="bbox 3631 349 3742 405; baseline 0 -1"><span class='ocrx_word' id='word_1_4' title='bbox 3631 349 3742 405; x_wconf 77' lang='lat'><strong>308</strong></span> 
     </span>
    </p>
   </div>
   <div class='ocr_carea' id='block_1_4' title="bbox 462 462 2048 555">
    <p class='ocr_par' dir='ltr' id='par_1_4' title="bbox 462 483 2040 555">
     <span class='ocr_line' id='line_1_4' title="bbox 462 483 2040 555; baseline 0 -16"><span class='ocrx_word' id='word_1_5' title='bbox 462 501 715 555; x_wconf 88' lang='lat' dir='ltr'><strong>persona,</strong></span> <span class='ocrx_word' id='word_1_6' title='bbox 749 485 850 538; x_wconf 85' lang='lat' dir='ltr'><strong>hoc</strong></span> <span class='ocrx_word' id='word_1_7' title='bbox 878 492 959 537; x_wconf 83' lang='lat' dir='ltr'><strong>est</strong></span> <span class='ocrx_word' id='word_1_8' title='bbox 982 483 1230 538; x_wconf 75' lang='lat' dir='ltr'><strong>humana:</strong></span> <span class='ocrx_word' id='word_1_9' title='bbox 1257 493 1465 539; x_wconf 67' lang='lat' dir='ltr'><strong>natum</strong></span> <span class='ocrx_word' id='word_1_10' title='bbox 1488 501 1516 537; x_wconf 91' lang='lat' dir='ltr'><strong>a</strong></span> <span class='ocrx_word' id='word_1_11' title='bbox 1536 484 1715 540; x_wconf 79' lang='lat' dir='ltr'><strong>Verbo</strong></span> <span class='ocrx_word' id='word_1_12' title='bbox 1736 494 2004 555; x_wconf 61' lang='lat' dir='ltr'><strong>susceptae</strong></span> <span class='ocrx_word' id='word_1_13' title='bbox 2028 504 2040 539; x_wconf 94' lang='lat'>:</span> 
     </span>
    </p>
   </div>
   <div class='ocr_carea' id='block_1_5' title="bbox 2159 462 3739 555">
    <p class='ocr_par' dir='ltr' id='par_1_5' title="bbox 2159 462 3739 553">
     <span class='ocr_line' id='line_1_5' title="bbox 2159 462 3739 553; baseline -0.006 -17"><span class='ocrx_word' id='word_1_14' title='bbox 2159 484 2477 553; x_wconf 66' lang='grc' dir='ltr'>καταχθόνια</span> <span class='ocrx_word' id='word_1_15' title='bbox 2516 484 2609 536; x_wconf 69' lang='grc' dir='ltr'>ἐπὶ</span> <span class='ocrx_word' id='word_1_16' title='bbox 2652 462 2713 535; x_wconf 71' lang='grc' dir='ltr'>τὸ</span> <span class='ocrx_word' id='word_1_17' title='bbox 2744 479 3085 553; x_wconf 64' lang='grc' dir='ltr'>ἐργάσασθαι</span> <span class='ocrx_word' id='word_1_18' title='bbox 3118 478 3217 549; x_wconf 74' lang='grc' dir='ltr'><strong>τὴν</strong></span> <span class='ocrx_word' id='word_1_19' title='bbox 3248 478 3366 530; x_wconf 74' lang='grc' dir='ltr'>ἐκεῖ</span> <span class='ocrx_word' id='word_1_20' title='bbox 3387 475 3498 530; x_wconf 87' lang='grc' dir='ltr'><strong>τῶν</strong></span> <span class='ocrx_word' id='word_1_21' title='bbox 3530 491 3739 548; x_wconf 76' lang='grc' dir='ltr'>προκε-</span> 
     </span>
    </p>
   </div>
   <div class='ocr_carea' id='block_1_6' title="bbox 461 577 2041 647">
    <p class='ocr_par' dir='ltr' id='par_1_6' title="bbox 461 577 2041 647">
     <span class='ocr_line' id='line_1_6' title="bbox 461 577 2041 647; baseline 0.001 -18"><span class='ocrx_word' id='word_1_22' title='bbox 461 578 663 647; x_wconf 80' lang='lat' dir='ltr'><strong>quippc</strong></span> <span class='ocrx_word' id='word_1_23' title='bbox 714 577 974 631; x_wconf 73' lang='lat' dir='ltr'><strong>divinitas</strong></span> <span class='ocrx_word' id='word_1_24' title='bbox 1018 577 1202 629; x_wconf 81' lang='lat' dir='ltr'><strong>omnia</strong></span> <span class='ocrx_word' id='word_1_25' title='bbox 1246 593 1367 647; x_wconf 65' lang='lat' dir='ltr'><strong>qua?</strong></span> <span class='ocrx_word' id='word_1_26' title='bbox 1409 577 1475 631; x_wconf 92' lang='lat' dir='ltr'><strong>ad</strong></span> <span class='ocrx_word' id='word_1_27' title='bbox 1525 578 1797 647; x_wconf 77' lang='lat' dir='ltr'><strong>passionis</strong></span> <span class='ocrx_word' id='word_1_28' title='bbox 1844 586 2041 646; x_wconf 82' lang='lat' dir='ltr'><strong>myste-</strong></span> 
     </span>
    </p>
   </div>
   <div class='ocr_carea' id='block_1_7' title="bbox 462 666 2045 737">
    <p class='ocr_par' dir='ltr' id='par_1_7' title="bbox 462 666 2045 737">
     <span class='ocr_line' id='line_1_7' title="bbox 462 666 2045 737; baseline 0.001 -16"><span class='ocrx_word' id='word_1_29' title='bbox 462 668 604 722; x_wconf 87' lang='lat' dir='ltr'><strong>rium</strong></span> <span class='ocrx_word' id='word_1_30' title='bbox 641 668 945 722; x_wconf 87' lang='lat' dir='ltr'><strong>attinebant</strong></span> <span class='ocrx_word' id='word_1_31' title='bbox 979 668 1241 737; x_wconf 81' lang='lat' dir='ltr'><strong>perﬁcere</strong></span> <span class='ocrx_word' id='word_1_32' title='bbox 1284 666 1623 732; x_wconf 73' lang='lat' dir='ltr'><strong>decreverat,</strong></span> <span class='ocrx_word' id='word_1_33' title='bbox 1651 676 1707 722; x_wconf 90' lang='lat' dir='ltr'><strong>et</strong></span> <span class='ocrx_word' id='word_1_34' title='bbox 1738 666 1804 721; x_wconf 88' lang='lat' dir='ltr'><strong>ad</strong></span> <span class='ocrx_word' id='word_1_35' title='bbox 1839 666 2045 723; x_wconf 78' lang='lat' dir='ltr'><strong>inferos</strong></span> 
     </span>
    </p>
   </div>
   <div class='ocr_carea' id='block_1_8' title="bbox 463 759 2043 830">
    <p class='ocr_par' dir='ltr' id='par_1_8' title="bbox 463 759 2043 830">
     <span class='ocr_line' id='line_1_8' title="bbox 463 759 2043 830; baseline 0.001 -17"><span class='ocrx_word' id='word_1_36' title='bbox 463 774 588 813; x_wconf 75' lang='lat' dir='ltr'><strong>cnin</strong></span> <span class='ocrx_word' id='word_1_37' title='bbox 632 760 815 813; x_wconf 89' lang='lat' dir='ltr'><strong>anima</strong></span> <span class='ocrx_word' id='word_1_38' title='bbox 858 759 1236 825; x_wconf 79' lang='lat' dir='ltr'><strong>descendere;</strong></span> <span class='ocrx_word' id='word_1_39' title='bbox 1290 768 1348 813; x_wconf 89' lang='lat' dir='ltr'><strong>ut</strong></span> <span class='ocrx_word' id='word_1_40' title='bbox 1374 775 1469 815; x_wconf 91' lang='lat' dir='ltr'><strong>eos</strong></span> <span class='ocrx_word' id='word_1_41' title='bbox 1521 762 1614 830; x_wconf 92' lang='lat' dir='ltr'><strong>qui</strong></span> <span class='ocrx_word' id='word_1_42' title='bbox 1648 774 1805 819; x_wconf 83' lang='lat' dir='ltr'><strong>antea</strong></span> <span class='ocrx_word' id='word_1_43' title='bbox 1841 760 2043 819; x_wconf 87' lang='lat' dir='ltr'><strong>mortui</strong></span> 
     </span>
    </p>
   </div>
   <div class='ocr_carea' id='block_1_9' title="bbox 461 848 2046 919">
    <p class='ocr_par' dir='ltr' id='par_1_9' title="bbox 461 848 2046 919">
     <span class='ocr_line' id='line_1_9' title="bbox 461 848 2046 919; baseline 0.004 -16"><span class='ocrx_word' id='word_1_44' title='bbox 461 858 637 912; x_wconf 83' lang='lat' dir='ltr'><strong>erant,</strong></span> <span class='ocrx_word' id='word_1_45' title='bbox 663 848 765 903; x_wconf 87' lang='lat' dir='ltr'><strong>hoc</strong></span> <span class='ocrx_word' id='word_1_46' title='bbox 787 856 870 903; x_wconf 85' lang='lat' dir='ltr'><strong>est</strong></span> <span class='ocrx_word' id='word_1_47' title='bbox 900 857 1123 905; x_wconf 87' lang='lat' dir='ltr'><strong>sanctos</strong></span> <span class='ocrx_word' id='word_1_48' title='bbox 1150 850 1519 919; x_wconf 79' lang='lat' dir='ltr'><strong>patriarchas,</strong></span> <span class='ocrx_word' id='word_1_49' title='bbox 1547 852 1601 907; x_wconf 92' lang='lat' dir='ltr'><strong>in</strong></span> <span class='ocrx_word' id='word_1_50' title='bbox 1635 855 1870 910; x_wconf 83' lang='lat' dir='ltr'><strong>salutem</strong></span> <span class='ocrx_word' id='word_1_51' title='bbox 1896 869 2046 910; x_wconf 85' lang='lat' dir='ltr'><strong>assc-</strong></span> 
     </span>
    </p>
   </div>
   <div class='ocr_carea' id='block_1_10' title="bbox 463 939 2046 1011">
    <p class='ocr_par' dir='ltr' id='par_1_10' title="bbox 463 939 2046 1011">
     <span class='ocr_line' id='line_1_10' title="bbox 463 939 2046 1011; baseline 0.005 -19"><span class='ocrx_word' id='word_1_52' title='bbox 463 947 631 993; x_wconf 84' lang='lat' dir='ltr'><strong>reret.</strong></span> <span class='ocrx_word' id='word_1_53' title='bbox 664 939 799 993; x_wconf 85' lang='lat' dir='ltr'><strong>Cum</strong></span> <span class='ocrx_word' id='word_1_54' title='bbox 839 940 1005 1011; x_wconf 81' lang='lat' dir='ltr'><strong>igitur</strong></span> <span class='ocrx_word' id='word_1_55' title='bbox 1038 940 1140 994; x_wconf 78' lang='lat' dir='ltr'><strong>ista</strong></span> <span class='ocrx_word' id='word_1_56' title='bbox 1163 942 1274 1011; x_wconf 87' lang='lat' dir='ltr'><strong>jam</strong></span> <span class='ocrx_word' id='word_1_57' title='bbox 1305 942 1666 1009; x_wconf 72' lang='lat' dir='ltr'><strong>agitarentur,</strong></span> <span class='ocrx_word' id='word_1_58' title='bbox 1698 962 1766 999; x_wconf 78' lang='lat' dir='ltr'><strong>ex</strong></span> <span class='ocrx_word' id='word_1_59' title='bbox 1795 946 2046 999; x_wconf 65' lang='lat' dir='ltr'><strong>humana!</strong></span> 
     </span>
    </p>
   </div>
   <div class='ocr_carea' id='block_1_11' title="bbox 463 1032 2045 1103">
    <p class='ocr_par' dir='ltr' id='par_1_11' title="bbox 463 1032 2045 1103">
     <span class='ocr_line' id='line_1_11' title="bbox 463 1032 2045 1103; baseline 0.005 -20"><span class='ocrx_word' id='word_1_60' title='bbox 463 1040 675 1086; x_wconf 62' lang='lat' dir='ltr'><strong>natura:</strong></span> <span class='ocrx_word' id='word_1_61' title='bbox 703 1047 935 1101; x_wconf 85' lang='lat' dir='ltr'><strong>persona</strong></span> <span class='ocrx_word' id='word_1_62' title='bbox 969 1048 1073 1087; x_wconf 80' lang='lat' dir='ltr'><strong>vox</strong></span> <span class='ocrx_word' id='word_1_63' title='bbox 1105 1032 1174 1086; x_wconf 87' lang='lat' dir='ltr'><strong>ad</strong></span> <span class='ocrx_word' id='word_1_64' title='bbox 1197 1034 1547 1103; x_wconf 87' lang='lat' dir='ltr'><strong>conjunctam</strong></span> <span class='ocrx_word' id='word_1_65' title='bbox 1575 1037 1916 1093; x_wconf 84' lang='lat' dir='ltr'><strong>divinitatem</strong></span> <span class='ocrx_word' id='word_1_66' title='bbox 1951 1038 2045 1091; x_wconf 87' lang='lat' dir='ltr'><strong>illa</strong></span> 
     </span>
    </p>
   </div>
   <div class='ocr_carea' id='block_1_12' title="bbox 466 1119 2049 1196">
    <p class='ocr_par' dir='ltr' id='par_1_12' title="bbox 466 1119 2049 1196">
     <span class='ocr_line' id='line_1_12' title="bbox 466 1119 2049 1196; baseline 0.004 -22"><span class='ocrx_word' id='word_1_67' title='bbox 466 1129 551 1174; x_wconf 84' lang='lat' dir='ltr'><strong>cst</strong></span> <span class='ocrx_word' id='word_1_68' title='bbox 591 1119 733 1174; x_wconf 90' lang='lat' dir='ltr'><strong>edita</strong></span> <span class='ocrx_word' id='word_1_69' title='bbox 767 1139 780 1174; x_wconf 92' lang='lat'><strong>:</strong></span> <span class='ocrx_word' id='word_1_70' title='bbox 814 1121 956 1176; x_wconf 96' lang='lat' dir='ltr'><strong>Deus</strong></span> <span class='ocrx_word' id='word_1_71' title='bbox 984 1138 1150 1185; x_wconf 84' lang='lat' dir='ltr'><strong>meus,</strong></span> <span class='ocrx_word' id='word_1_72' title='bbox 1182 1122 1325 1177; x_wconf 88' lang='lat' dir='ltr'><strong>Deus</strong></span> <span class='ocrx_word' id='word_1_73' title='bbox 1354 1141 1521 1191; x_wconf 87' lang='lat' dir='ltr'><strong>meus,</strong></span> <span class='ocrx_word' id='word_1_74' title='bbox 1550 1143 1718 1196; x_wconf 85' lang='lat' dir='ltr'><strong>quare</strong></span> <span class='ocrx_word' id='word_1_75' title='bbox 1749 1145 1831 1182; x_wconf 87' lang='lat' dir='ltr'><strong>me</strong></span> <span class='ocrx_word' id='word_1_76' title='bbox 1854 1126 2049 1182; x_wconf 83' lang='lat' dir='ltr'><strong>dereli-</strong></span> 
     </span>
    </p>
   </div>
   <div class='ocr_carea' id='block_1_13' title="bbox 466 1210 2046 1283">
    <p class='ocr_par' dir='ltr' id='par_1_13' title="bbox 466 1210 2046 1283">
     <span class='ocr_line' id='line_1_13' title="bbox 466 1210 2046 1283; baseline 0.008 -23"><span class='ocrx_word' id='word_1_77' title='bbox 466 1211 673 1276; x_wconf 72' lang='lat' dir='ltr'><strong>quisti?</strong></span> <span class='ocrx_word' id='word_1_78' title='bbox 702 1210 817 1265; x_wconf 88' lang='lat' dir='ltr'><strong>IIoc</strong></span> <span class='ocrx_word' id='word_1_79' title='bbox 867 1219 1048 1267; x_wconf 87' lang='lat' dir='ltr'><strong>autem</strong></span> <span class='ocrx_word' id='word_1_80' title='bbox 1090 1212 1298 1266; x_wconf 89' lang='lat' dir='ltr'><strong>idcirco</strong></span> <span class='ocrx_word' id='word_1_81' title='bbox 1341 1212 1458 1269; x_wconf 84' lang='lat' dir='ltr'><strong>ﬁeri</strong></span> <span class='ocrx_word' id='word_1_82' title='bbox 1499 1215 1708 1283; x_wconf 83' lang='lat' dir='ltr'><strong>debuit,</strong></span> <span class='ocrx_word' id='word_1_83' title='bbox 1744 1226 1802 1273; x_wconf 93' lang='lat' dir='ltr'><strong>ut</strong></span> <span class='ocrx_word' id='word_1_84' title='bbox 1831 1218 2046 1273; x_wconf 87' lang='lat' dir='ltr'><strong>divina-</strong></span> 
     </span>
    </p>
   </div>
   <div class='ocr_carea' id='block_1_14' title="bbox 467 1301 2044 1388">
    <p class='ocr_par' dir='ltr' id='par_1_14' title="bbox 467 1301 2044 1388">
     <span class='ocr_line' id='line_1_14' title="bbox 467 1301 2044 1388; baseline 0.008 -35"><span class='ocrx_word' id='word_1_85' title='bbox 467 1316 587 1354; x_wconf 85' lang='lat' dir='ltr'><strong>rum</strong></span> <span class='ocrx_word' id='word_1_86' title='bbox 632 1301 701 1356; x_wconf 87' lang='lat' dir='ltr'><strong>ab</strong></span> <span class='ocrx_word' id='word_1_87' title='bbox 753 1301 847 1357; x_wconf 89' lang='lat' dir='ltr'><strong>illo</strong></span> <span class='ocrx_word' id='word_1_88' title='bbox 917 1302 1357 1388; x_wconf 46' lang='lat' dir='ltr'><strong>Scripturarum’</strong></span> <span class='ocrx_word' id='word_1_89' title='bbox 1389 1306 1749 1376; x_wconf 86' lang='lat' dir='ltr'><strong>implercntur</strong></span> <span class='ocrx_word' id='word_1_90' title='bbox 1795 1311 2044 1374; x_wconf 87' lang='lat' dir='ltr'><strong>oracula,</strong></span> 
     </span>
    </p>
   </div>
   <div class='ocr_carea' id='block_1_15' title="bbox 463 1392 2044 1466">
    <p class='ocr_par' dir='ltr' id='par_1_15' title="bbox 463 1392 2044 1466">
     <span class='ocr_line' id='line_1_15' title="bbox 463 1392 2044 1466; baseline 0.008 -21"><span class='ocrx_word' id='word_1_91' title='bbox 463 1408 585 1462; x_wconf 80' lang='lat' dir='ltr'><strong>quze</strong></span> <span class='ocrx_word' id='word_1_92' title='bbox 616 1393 683 1447; x_wconf 87' lang='lat' dir='ltr'><strong>ab</strong></span> <span class='ocrx_word' id='word_1_93' title='bbox 707 1392 827 1463; x_wconf 86' lang='lat' dir='ltr'><strong>ejus</strong></span> <span class='ocrx_word' id='word_1_94' title='bbox 849 1394 1130 1464; x_wconf 84' lang='lat' dir='ltr'><strong>prophetis</strong></span> <span class='ocrx_word' id='word_1_95' title='bbox 1153 1393 1220 1450; x_wconf 92' lang='lat' dir='ltr'><strong>de</strong></span> <span class='ocrx_word' id='word_1_96' title='bbox 1262 1395 1384 1465; x_wconf 80' lang='lat' dir='ltr'><strong>ipso</strong></span> <span class='ocrx_word' id='word_1_97' title='bbox 1413 1400 1763 1466; x_wconf 87' lang='lat' dir='ltr'><strong>pronuntiata</strong></span> <span class='ocrx_word' id='word_1_98' title='bbox 1793 1401 2044 1458; x_wconf 83' lang='lat' dir='ltr'><strong>fuerant:</strong></span> 
     </span>
    </p>
   </div>
   <div class='ocr_carea' id='block_1_16' title="bbox 466 1485 2047 1562">
    <p class='ocr_par' dir='ltr' id='par_1_16' title="bbox 466 1485 2047 1562">
     <span class='ocr_line' id='line_1_16' title="bbox 466 1485 2047 1562; baseline 0.006 -26"><span class='ocrx_word' id='word_1_99' title='bbox 466 1500 574 1553; x_wconf 76' lang='lat' dir='ltr'><strong>quo</strong></span> <span class='ocrx_word' id='word_1_100' title='bbox 598 1485 701 1541; x_wconf 86' lang='lat' dir='ltr'><strong>sub</strong></span> <span class='ocrx_word' id='word_1_101' title='bbox 732 1485 969 1541; x_wconf 81' lang='lat' dir='ltr'><strong>hominis</strong></span> <span class='ocrx_word' id='word_1_102' title='bbox 1000 1487 1182 1555; x_wconf 85' lang='lat' dir='ltr'><strong>specie</strong></span> <span class='ocrx_word' id='word_1_103' title='bbox 1213 1488 1278 1542; x_wconf 88' lang='lat' dir='ltr'><strong>ad</strong></span> <span class='ocrx_word' id='word_1_104' title='bbox 1322 1487 1525 1545; x_wconf 77' lang='lat' dir='ltr'><strong>inferos</strong></span> <span class='ocrx_word' id='word_1_105' title='bbox 1560 1490 1898 1547; x_wconf 88' lang='lat' dir='ltr'><strong>descendens</strong></span> <span class='ocrx_word' id='word_1_106' title='bbox 1926 1507 2047 1562; x_wconf 70' lang='lat' dir='ltr'><strong>qua:</strong></span> 
     </span>
    </p>
   </div>
   <div class='ocr_carea' id='block_1_17' title="bbox 466 1576 2047 1651">
    <p class='ocr_par' dir='ltr' id='par_1_17' title="bbox 466 1576 2047 1651">
     <span class='ocr_line' id='line_1_17' title="bbox 466 1576 2047 1651; baseline 0.006 -23"><span class='ocrx_word' id='word_1_107' title='bbox 466 1576 578 1630; x_wconf 79' lang='lat' dir='ltr'><strong>illic</strong></span> <span class='ocrx_word' id='word_1_108' title='bbox 611 1585 768 1631; x_wconf 89' lang='lat' dir='ltr'><strong>erant</strong></span> <span class='ocrx_word' id='word_1_109' title='bbox 801 1577 1053 1632; x_wconf 88' lang='lat' dir='ltr'><strong>obeunda</strong></span> <span class='ocrx_word' id='word_1_110' title='bbox 1089 1588 1407 1649; x_wconf 78' lang='lat' dir='ltr'><strong>praestaret;</strong></span> <span class='ocrx_word' id='word_1_111' title='bbox 1450 1592 1615 1651; x_wconf 88' lang='lat' dir='ltr'><strong>atque</strong></span> <span class='ocrx_word' id='word_1_112' title='bbox 1639 1590 1698 1636; x_wconf 91' lang='lat' dir='ltr'><strong>ut</strong></span> <span class='ocrx_word' id='word_1_113' title='bbox 1737 1582 1867 1638; x_wconf 89' lang='lat' dir='ltr'><strong>dum</strong></span> <span class='ocrx_word' id='word_1_114' title='bbox 1909 1583 2047 1639; x_wconf 76' lang='lat' dir='ltr'><strong>infe-</strong></span> 
     </span>
    </p>
   </div>
   <div class='ocr_carea' id='block_1_18' title="bbox 466 1666 2046 1738">
    <p class='ocr_par' dir='ltr' id='par_1_18' title="bbox 466 1666 2046 1738">
     <span class='ocr_line' id='line_1_18' title="bbox 466 1666 2046 1738; baseline 0.005 -20"><span class='ocrx_word' id='word_1_115' title='bbox 466 1678 652 1719; x_wconf 81' lang='lat' dir='ltr'><strong>rorum</strong></span> <span class='ocrx_word' id='word_1_116' title='bbox 702 1666 978 1736; x_wconf 82' lang='lat' dir='ltr'><strong>princeps,</strong></span> <span class='ocrx_word' id='word_1_117' title='bbox 1016 1674 1068 1721; x_wconf 89' lang='lat' dir='ltr'><strong>et</strong></span> <span class='ocrx_word' id='word_1_118' title='bbox 1100 1682 1247 1723; x_wconf 88' lang='lat' dir='ltr'><strong>mors</strong></span> <span class='ocrx_word' id='word_1_119' title='bbox 1277 1670 1555 1738; x_wconf 82' lang='lat' dir='ltr'><strong>captivum</strong></span> <span class='ocrx_word' id='word_1_120' title='bbox 1600 1670 1877 1725; x_wconf 87' lang='lat' dir='ltr'><strong>hominem</strong></span> <span class='ocrx_word' id='word_1_121' title='bbox 1909 1670 2046 1727; x_wconf 88' lang='lat' dir='ltr'><strong>deti-</strong></span> 
     </span>
    </p>
   </div>
   <div class='ocr_carea' id='block_1_19' title="bbox 466 1756 2043 1826">
    <p class='ocr_par' dir='ltr' id='par_1_19' title="bbox 466 1756 2043 1826">
     <span class='ocr_line' id='line_1_19' title="bbox 466 1756 2043 1826; baseline 0.006 -17"><span class='ocrx_word' id='word_1_122' title='bbox 466 1771 597 1811; x_wconf 85' lang='lat' dir='ltr'><strong>nere</strong></span> <span class='ocrx_word' id='word_1_123' title='bbox 629 1756 839 1818; x_wconf 89' lang='lat' dir='ltr'><strong>vqunt,</strong></span> <span class='ocrx_word' id='word_1_124' title='bbox 873 1765 926 1811; x_wconf 93' lang='lat' dir='ltr'><strong>et</strong></span> <span class='ocrx_word' id='word_1_125' title='bbox 955 1757 1305 1826; x_wconf 85' lang='lat' dir='ltr'><strong>eonjnnctam</strong></span> <span class='ocrx_word' id='word_1_126' title='bbox 1336 1775 1459 1813; x_wconf 92' lang='lat' dir='ltr'><strong>cum</strong></span> <span class='ocrx_word' id='word_1_127' title='bbox 1492 1762 1675 1815; x_wconf 87' lang='lat' dir='ltr'><strong>anima</strong></span> <span class='ocrx_word' id='word_1_128' title='bbox 1704 1762 2043 1818; x_wconf 81' lang='lat' dir='ltr'><strong>divinitatem</strong></span> 
     </span>
    </p>
   </div>
   <div class='ocr_carea' id='block_1_20' title="bbox 2149 566 3738 642">
    <p class='ocr_par' dir='ltr' id='par_1_20' title="bbox 2149 566 3738 642">
     <span class='ocr_line' id='line_1_20' title="bbox 2149 566 3738 642; baseline -0.003 -18"><span class='ocrx_word' id='word_1_129' title='bbox 2149 570 2500 641; x_wconf 82' lang='grc' dir='ltr'>κοιμημένων</span> <span class='ocrx_word' id='word_1_130' title='bbox 2536 571 2835 642; x_wconf 75' lang='grc' dir='ltr'><strong>σωτηρίαν,</strong></span> <span class='ocrx_word' id='word_1_131' title='bbox 2878 570 3011 640; x_wconf 73' lang='grc' dir='ltr'>φησὶ</span> <span class='ocrx_word' id='word_1_132' title='bbox 3046 568 3103 622; x_wconf 80' lang='grc' dir='ltr'>δὲ</span> <span class='ocrx_word' id='word_1_133' title='bbox 3144 567 3315 635; x_wconf 88' lang='grc' dir='ltr'>ἁγίων</span> <span class='ocrx_word' id='word_1_134' title='bbox 3350 566 3738 638; x_wconf 82' lang='grc' dir='ltr'>πατριαρχῶν.</span> 
     </span>
    </p>
   </div>
   <div class='ocr_carea' id='block_1_21' title="bbox 2160 658 3741 734">
    <p class='ocr_par' dir='ltr' id='par_1_21' title="bbox 2160 658 3741 734">
     <span class='ocr_line' id='line_1_21' title="bbox 2160 658 3741 734; baseline -0.004 -18"><span class='ocrx_word' id='word_1_135' title='bbox 2160 665 2247 728; x_wconf 83' lang='grc' dir='ltr'><strong>Ὠς</strong></span> <span class='ocrx_word' id='word_1_136' title='bbox 2276 659 2371 716; x_wconf 82' lang='grc' dir='ltr'><strong>οὖν</strong></span> <span class='ocrx_word' id='word_1_137' title='bbox 2411 664 2445 734; x_wconf 76' lang='grc' dir='ltr'><strong>ἡ</strong></span> <span class='ocrx_word' id='word_1_138' title='bbox 2478 663 2692 733; x_wconf 80' lang='grc' dir='ltr'>κίνησις</span> <span class='ocrx_word' id='word_1_139' title='bbox 2718 661 2893 723; x_wconf 75' lang='grc' dir='ltr'>οὕτως</span> <span class='ocrx_word' id='word_1_140' title='bbox 2918 662 3154 730; x_wconf 78' lang='grc' dir='ltr'>ἐγένετο,</span> <span class='ocrx_word' id='word_1_141' title='bbox 3186 660 3294 713; x_wconf 81' lang='grc' dir='ltr'>ἀπὸ</span> <span class='ocrx_word' id='word_1_142' title='bbox 3316 658 3610 730; x_wconf 73' lang='grc' dir='ltr'><strong>προσώπου</strong></span> <span class='ocrx_word' id='word_1_143' title='bbox 3636 659 3741 727; x_wconf 82' lang='grc' dir='ltr'>τῆς</span> 
     </span>
    </p>
   </div>
   <div class='ocr_carea' id='block_1_22' title="bbox 2148 750 3736 828">
    <p class='ocr_par' dir='ltr' id='par_1_22' title="bbox 2148 750 3736 828">
     <span class='ocr_line' id='line_1_22' title="bbox 2148 750 3736 828; baseline -0.006 -18"><span class='ocrx_word' id='word_1_144' title='bbox 2148 757 2614 828; x_wconf 82' lang='grc' dir='ltr'>ὲνανθρωπήσεως</span> <span class='ocrx_word' id='word_1_145' title='bbox 2644 757 2678 827; x_wconf 79' lang='grc' dir='ltr'><strong>ἡ</strong></span> <span class='ocrx_word' id='word_1_146' title='bbox 2705 755 2857 825; x_wconf 66' lang='grc' dir='ltr'>φωνὴ</span> <span class='ocrx_word' id='word_1_147' title='bbox 2882 754 3066 823; x_wconf 81' lang='grc' dir='ltr'>ἔλεγεν</span> <span class='ocrx_word' id='word_1_148' title='bbox 3096 754 3234 823; x_wconf 79' lang='grc' dir='ltr'>αὐτῇ</span> <span class='ocrx_word' id='word_1_149' title='bbox 3262 755 3328 822; x_wconf 82' lang='grc' dir='ltr'>τῇ</span> <span class='ocrx_word' id='word_1_150' title='bbox 3367 751 3473 822; x_wconf 78' lang='grc' dir='ltr'>ἰδίᾳ</span> <span class='ocrx_word' id='word_1_151' title='bbox 3496 750 3736 819; x_wconf 67' lang='lat'><strong>8561112:-</strong></span> 
     </span>
    </p>
   </div>
   <div class='ocr_carea' id='block_1_23' title="bbox 2149 841 3742 917">
    <p class='ocr_par' dir='ltr' id='par_1_23' title="bbox 2149 841 3742 917">
     <span class='ocr_line' id='line_1_23' title="bbox 2149 841 3742 917; baseline -0.008 -14"><span class='ocrx_word' id='word_1_152' title='bbox 2149 848 2256 903; x_wconf 85' lang='grc' dir='ltr'>Θεέ</span> <span class='ocrx_word' id='word_1_153' title='bbox 2277 866 2419 917; x_wconf 81' lang='grc' dir='ltr'>μου,</span> <span class='ocrx_word' id='word_1_154' title='bbox 2456 846 2562 902; x_wconf 85' lang='grc' dir='ltr'><strong><em>Θεέ</em></strong></span> <span class='ocrx_word' id='word_1_155' title='bbox 2598 865 2740 916; x_wconf 80' lang='grc' dir='ltr'>μου,</span> <span class='ocrx_word' id='word_1_156' title='bbox 2786 847 2887 899; x_wconf 78' lang='lat' dir='ltr'><strong>Ira</strong></span> <span class='ocrx_word' id='word_1_157' title='bbox 2924 846 2980 898; x_wconf 83' lang='grc' dir='ltr'><strong>τί</strong></span> <span class='ocrx_word' id='word_1_158' title='bbox 3018 862 3096 914; x_wconf 82' lang='grc' dir='ltr'><strong>με</strong></span> <span class='ocrx_word' id='word_1_159' title='bbox 3130 843 3552 912; x_wconf 54' lang='grc' dir='ltr'>ἐγκατέλιπες</span> <span class='ocrx_word' id='word_1_160' title='bbox 3592 841 3742 893; x_wconf 60' lang='grc' dir='ltr'>Ἀλλ’</span> 
     </span>
    </p>
   </div>
   <div class='ocr_carea' id='block_1_24' title="bbox 2147 934 3739 1008">
    <p class='ocr_par' dir='ltr' id='par_1_24' title="bbox 2147 934 3739 1008">
     <span class='ocr_line' id='line_1_24' title="bbox 2147 934 3739 1008; baseline -0.005 -15"><span class='ocrx_word' id='word_1_161' title='bbox 2147 940 2255 993; x_wconf 74' lang='grc' dir='ltr'>ἔδει</span> <span class='ocrx_word' id='word_1_162' title='bbox 2278 940 2438 993; x_wconf 77' lang='grc' dir='ltr'>τοῦτο</span> <span class='ocrx_word' id='word_1_163' title='bbox 2465 938 2847 1008; x_wconf 76' lang='grc' dir='ltr'>γενέσθαι.,ἱ’να</span> <span class='ocrx_word' id='word_1_164' title='bbox 2876 936 3207 1008; x_wconf 80' lang='grc' dir='ltr'><strong>πληρωθῶσι</strong></span> <span class='ocrx_word' id='word_1_165' title='bbox 3231 934 3297 988; x_wconf 85' lang='grc' dir='ltr'>δι’</span> <span class='ocrx_word' id='word_1_166' title='bbox 3319 934 3486 988; x_wconf 72' lang='grc' dir='ltr'>αὑτοῦ</span> <span class='ocrx_word' id='word_1_167' title='bbox 3516 936 3573 986; x_wconf 79' lang='lat' dir='ltr'><strong>ai</strong></span> <span class='ocrx_word' id='word_1_168' title='bbox 3592 934 3739 986; x_wconf 79' lang='grc' dir='ltr'>θεῖαι</span> 
     </span>
    </p>
   </div>
   <div class='ocr_carea' id='block_1_25' title="bbox 2148 1024 3741 1104">
    <p class='ocr_par' dir='ltr' id='par_1_25' title="bbox 2148 1024 3741 1104">
     <span class='ocr_line' id='line_1_25' title="bbox 2148 1024 3741 1104; baseline -0.005 -19"><span class='ocrx_word' id='word_1_169' title='bbox 2148 1034 2363 1104; x_wconf 77' lang='grc' dir='ltr'>Γραφαὶ</span> <span class='ocrx_word' id='word_1_170' title='bbox 2395 1032 2483 1087; x_wconf 80' lang='grc' dir='ltr'>διὰ</span> <span class='ocrx_word' id='word_1_171' title='bbox 2520 1031 2629 1085; x_wconf 91' lang='grc' dir='ltr'><strong>τῶν</strong></span> <span class='ocrx_word' id='word_1_172' title='bbox 2670 1031 2814 1085; x_wconf 84' lang='grc' dir='ltr'>ἰδίων</span> <span class='ocrx_word' id='word_1_173' title='bbox 2852 1030 3018 1083; x_wconf 82' lang='grc' dir='ltr'>αὐτοῦ</span> <span class='ocrx_word' id='word_1_174' title='bbox 3059 1026 3353 1099; x_wconf 79' lang='grc' dir='ltr'>προφητῶν</span> <span class='ocrx_word' id='word_1_175' title='bbox 3390 1027 3518 1097; x_wconf 73' lang='grc' dir='ltr'>περὶ</span> <span class='ocrx_word' id='word_1_176' title='bbox 3567 1024 3741 1077; x_wconf 73' lang='grc' dir='ltr'>αὑτοῦ</span> 
     </span>
    </p>
   </div>
   <div class='ocr_carea' id='block_1_26' title="bbox 2148 1115 3744 1194">
    <p class='ocr_par' dir='ltr' id='par_1_26' title="bbox 2148 1115 3744 1194">
     <span class='ocr_line' id='line_1_26' title="bbox 2148 1115 3744 1194; baseline -0.006 -19"><span class='ocrx_word' id='word_1_177' title='bbox 2148 1122 2665 1194; x_wconf 68' lang='grc' dir='ltr'>προκεκηρυγμέναε</span> <span class='ocrx_word' id='word_1_178' title='bbox 2692 1122 2782 1174; x_wconf 83' lang='grc' dir='ltr'><strong>ἵνα</strong></span> <span class='ocrx_word' id='word_1_179' title='bbox 2804 1118 3069 1191; x_wconf 79' lang='grc' dir='ltr'><strong>πληρώσῃ</strong></span> <span class='ocrx_word' id='word_1_180' title='bbox 3096 1120 3191 1173; x_wconf 74' lang='grc' dir='ltr'>καὶ</span> <span class='ocrx_word' id='word_1_181' title='bbox 3213 1118 3284 1171; x_wconf 83' lang='grc' dir='ltr'>τὰ</span> <span class='ocrx_word' id='word_1_182' title='bbox 3312 1119 3457 1170; x_wconf 74' lang='grc' dir='ltr'>κατὰ</span> <span class='ocrx_word' id='word_1_183' title='bbox 3484 1115 3580 1168; x_wconf 79' lang='grc' dir='ltr'>τοῦ</span> <span class='ocrx_word' id='word_1_184' title='bbox 3604 1115 3744 1186; x_wconf 62' lang='grc' dir='ltr'>ᾷῶυ</span> 
     </span>
    </p>
   </div>
   <div class='ocr_carea' id='block_1_27' title="bbox 2147 1208 3744 1284">
    <p class='ocr_par' dir='ltr' id='par_1_27' title="bbox 2147 1208 3744 1284">
     <span class='ocr_line' id='line_1_27' title="bbox 2147 1208 3744 1284; baseline -0.004 -19"><span class='ocrx_word' id='word_1_185' title='bbox 2147 1214 2205 1265; x_wconf 85' lang='grc' dir='ltr'><strong>ὲν</strong></span> <span class='ocrx_word' id='word_1_186' title='bbox 2234 1216 2300 1284; x_wconf 84' lang='grc' dir='ltr'>τῇ</span> <span class='ocrx_word' id='word_1_187' title='bbox 2334 1213 2447 1284; x_wconf 74' lang='grc' dir='ltr'><strong>ἰδέᾳ</strong></span> <span class='ocrx_word' id='word_1_188' title='bbox 2476 1212 2567 1267; x_wconf 81' lang='grc' dir='ltr'>τοῦ</span> <span class='ocrx_word' id='word_1_189' title='bbox 2600 1212 2890 1283; x_wconf 82' lang='grc' dir='ltr'>ἀνθρώπου</span> <span class='ocrx_word' id='word_1_190' title='bbox 2921 1212 3055 1283; x_wconf 79' lang='grc' dir='ltr'>πρὸς</span> <span class='ocrx_word' id='word_1_191' title='bbox 3080 1213 3170 1263; x_wconf 80' lang='grc' dir='ltr'><strong>τὸν</strong></span> <span class='ocrx_word' id='word_1_192' title='bbox 3197 1208 3351 1280; x_wconf 69' lang='grc' dir='ltr'>ᾆδηψ</span> <span class='ocrx_word' id='word_1_193' title='bbox 3383 1209 3471 1261; x_wconf 81' lang='grc' dir='ltr'>ἵνα</span> <span class='ocrx_word' id='word_1_194' title='bbox 3496 1209 3525 1259; x_wconf 82' lang='lat'><strong>6</strong></span> <span class='ocrx_word' id='word_1_195' title='bbox 3548 1208 3744 1277; x_wconf 78' lang='grc' dir='ltr'>ἄρχων</span> 
     </span>
    </p>
   </div>
   <div class='ocr_carea' id='block_1_28' title="bbox 2148 1298 3745 1374">
    <p class='ocr_par' dir='ltr' id='par_1_28' title="bbox 2148 1298 3745 1374">
     <span class='ocr_line' id='line_1_28' title="bbox 2148 1298 3745 1374; baseline -0.004 -19"><span class='ocrx_word' id='word_1_196' title='bbox 2148 1303 2177 1354; x_wconf 89' lang='lat'><strong>6</strong></span> <span class='ocrx_word' id='word_1_197' title='bbox 2209 1302 2363 1374; x_wconf 67' lang='grc' dir='ltr'>ᾅδης,</span> <span class='ocrx_word' id='word_1_198' title='bbox 2393 1304 2485 1355; x_wconf 74' lang='grc' dir='ltr'><strong>καὶ</strong></span> <span class='ocrx_word' id='word_1_199' title='bbox 2513 1304 2541 1355; x_wconf 88' lang='lat'><strong>6</strong></span> <span class='ocrx_word' id='word_1_200' title='bbox 2567 1302 2795 1365; x_wconf 79' lang='grc' dir='ltr'><strong>Θάνατος</strong></span> <span class='ocrx_word' id='word_1_201' title='bbox 2822 1300 3209 1371; x_wconf 62' lang='grc' dir='ltr'>ιχειρώσασθαι</span> <span class='ocrx_word' id='word_1_202' title='bbox 3257 1298 3544 1370; x_wconf 80' lang='grc' dir='ltr'>ἄνθρωπον</span> <span class='ocrx_word' id='word_1_203' title='bbox 3577 1298 3745 1367; x_wconf 78' lang='grc' dir='ltr'>θελή-</span> 
     </span>
    </p>
   </div>
   <div class='ocr_carea' id='block_1_29' title="bbox 2150 1391 3743 1463">
    <p class='ocr_par' dir='ltr' id='par_1_29' title="bbox 2150 1391 3743 1463">
     <span class='ocr_line' id='line_1_29' title="bbox 2150 1391 3743 1463; baseline -0.003 -17"><span class='ocrx_word' id='word_1_204' title='bbox 2150 1411 2269 1457; x_wconf 84' lang='grc' dir='ltr'>σας,</span> <span class='ocrx_word' id='word_1_205' title='bbox 2308 1394 2447 1447; x_wconf 72' lang='grc' dir='ltr'>κατὰ</span> <span class='ocrx_word' id='word_1_206' title='bbox 2490 1395 2707 1461; x_wconf 82' lang='grc' dir='ltr'>ἄγνοιαν</span> <span class='ocrx_word' id='word_1_207' title='bbox 2734 1393 2942 1462; x_wconf 80' lang='grc' dir='ltr'>ἀγνοῶν</span> <span class='ocrx_word' id='word_1_208' title='bbox 2967 1392 3064 1463; x_wconf 74' lang='grc' dir='ltr'>τὴν</span> <span class='ocrx_word' id='word_1_209' title='bbox 3106 1395 3163 1444; x_wconf 82' lang='grc' dir='ltr'><strong>ὲν</strong></span> <span class='ocrx_word' id='word_1_210' title='bbox 3205 1394 3272 1462; x_wconf 79' lang='grc' dir='ltr'>τῇ</span> <span class='ocrx_word' id='word_1_211' title='bbox 3314 1391 3461 1461; x_wconf 70' lang='grc' dir='ltr'>ψυχῇ</span> <span class='ocrx_word' id='word_1_212' title='bbox 3493 1394 3561 1461; x_wconf 81' lang='grc' dir='ltr'>τῇ</span> <span class='ocrx_word' id='word_1_213' title='bbox 3603 1391 3743 1460; x_wconf 63' lang='grc' dir='ltr'>ἁγίᾳ.</span> 
     </span>
    </p>
   </div>
   <div class='ocr_carea' id='block_1_30' title="bbox 2149 1481 3745 1555">
    <p class='ocr_par' dir='ltr' id='par_1_30' title="bbox 2149 1481 3745 1555">
     <span class='ocr_line' id='line_1_30' title="bbox 2149 1481 3745 1555; baseline -0.004 -17"><span class='ocrx_word' id='word_1_214' title='bbox 2149 1485 2363 1555; x_wconf 75' lang='grc' dir='ltr'>θεότητι</span> <span class='ocrx_word' id='word_1_215' title='bbox 2388 1485 2431 1549; x_wconf 76' lang='grc'><strong>⁸,</strong></span> <span class='ocrx_word' id='word_1_216' title='bbox 2465 1485 2558 1538; x_wconf 78' lang='grc' dir='ltr'>καὶ</span> <span class='ocrx_word' id='word_1_217' title='bbox 2580 1484 2781 1555; x_wconf 77' lang='grc' dir='ltr'>μᾶλλον</span> <span class='ocrx_word' id='word_1_218' title='bbox 2809 1484 2969 1537; x_wconf 75' lang='grc' dir='ltr'>αὑτὸν</span> <span class='ocrx_word' id='word_1_219' title='bbox 2991 1484 3082 1537; x_wconf 78' lang='grc' dir='ltr'>τὸν</span> <span class='ocrx_word' id='word_1_220' title='bbox 3106 1482 3239 1553; x_wconf 65' lang='grc' dir='ltr'>ᾅδην</span> <span class='ocrx_word' id='word_1_221' title='bbox 3262 1482 3613 1554; x_wconf 74' lang='grc' dir='ltr'><strong>χειρωθῆναι,</strong></span> <span class='ocrx_word' id='word_1_222' title='bbox 3645 1481 3745 1535; x_wconf 73' lang='grc' dir='ltr'><strong>καὶ</strong></span> 
     </span>
    </p>
   </div>
   <div class='ocr_carea' id='block_1_31' title="bbox 2147 1573 3740 1647">
    <p class='ocr_par' dir='ltr' id='par_1_31' title="bbox 2147 1573 3740 1647">
     <span class='ocr_line' id='line_1_31' title="bbox 2147 1573 3740 1647; baseline -0.004 -18"><span class='ocrx_word' id='word_1_223' title='bbox 2147 1577 2239 1630; x_wconf 80' lang='grc' dir='ltr'><strong>τὸν</strong></span> <span class='ocrx_word' id='word_1_224' title='bbox 2272 1575 2498 1631; x_wconf 81' lang='grc' dir='ltr'>θάνατον</span> <span class='ocrx_word' id='word_1_225' title='bbox 2541 1575 2929 1647; x_wconf 73' lang='grc' dir='ltr'><strong>καταλυθῆναι,</strong></span> <span class='ocrx_word' id='word_1_226' title='bbox 2969 1576 3063 1629; x_wconf 76' lang='grc' dir='ltr'>καὶ</span> <span class='ocrx_word' id='word_1_227' title='bbox 3098 1573 3448 1645; x_wconf 79' lang='grc' dir='ltr'><strong>πληρωθῆναι</strong></span> <span class='ocrx_word' id='word_1_228' title='bbox 3480 1574 3544 1625; x_wconf 78' lang='grc' dir='ltr'><strong>τὸ</strong></span> <span class='ocrx_word' id='word_1_229' title='bbox 3582 1575 3740 1643; x_wconf 72' lang='grc' dir='ltr'>είρηο</span> 
     </span>
    </p>
   </div>
   <div class='ocr_carea' id='block_1_32' title="bbox 2152 1660 3746 1737">
    <p class='ocr_par' dir='ltr' id='par_1_32' title="bbox 2152 1660 3746 1737">
     <span class='ocr_line' id='line_1_32' title="bbox 2152 1660 3746 1737; baseline -0.004 -18"><span class='ocrx_word' id='word_1_230' title='bbox 2152 1668 2331 1737; x_wconf 81' lang='grc' dir='ltr'>μένον·</span> <span class='ocrx_word' id='word_1_231' title='bbox 2364 1668 2484 1720; x_wconf 73' lang='grc' dir='ltr'><strong>Οὐκ</strong></span> <span class='ocrx_word' id='word_1_232' title='bbox 2512 1664 2717 1731; x_wconf 78' lang='grc' dir='ltr'><strong>ἐάσεις</strong></span> <span class='ocrx_word' id='word_1_233' title='bbox 2744 1665 2857 1734; x_wconf 84' lang='grc' dir='ltr'>τὴν</span> <span class='ocrx_word' id='word_1_234' title='bbox 2885 1664 3099 1733; x_wconf 62' lang='grc' dir='ltr'><strong>ψυχήν</strong></span> <span class='ocrx_word' id='word_1_235' title='bbox 3120 1680 3238 1732; x_wconf 81' lang='grc' dir='ltr'><strong>μου</strong></span> <span class='ocrx_word' id='word_1_236' title='bbox 3262 1664 3351 1725; x_wconf 67' lang='grc' dir='ltr'>είς</span> <span class='ocrx_word' id='word_1_237' title='bbox 3382 1660 3558 1728; x_wconf 68' lang='grc' dir='ltr'>ᾅδην,</span> <span class='ocrx_word' id='word_1_238' title='bbox 3593 1660 3746 1714; x_wconf 75' lang='grc' dir='ltr'><strong>οὐδέ</strong></span> 
     </span>
    </p>
   </div>
   <div class='ocr_carea' id='block_1_33' title="bbox 2148 1750 3744 1823">
    <p class='ocr_par' dir='ltr' id='par_1_33' title="bbox 2148 1750 3744 1823">
     <span class='ocr_line' id='line_1_33' title="bbox 2148 1750 3744 1823; baseline -0.006 -14"><span class='ocrx_word' id='word_1_239' title='bbox 2148 1755 2361 1823; x_wconf 84' lang='grc' dir='ltr'>δώσεις</span> <span class='ocrx_word' id='word_1_240' title='bbox 2393 1755 2500 1809; x_wconf 80' lang='grc' dir='ltr'><strong>τὸν</strong></span> <span class='ocrx_word' id='word_1_241' title='bbox 2521 1757 2725 1810; x_wconf 82' lang='grc' dir='ltr'><strong>’Ὁσιόν</strong></span> <span class='ocrx_word' id='word_1_242' title='bbox 2742 1770 2859 1809; x_wconf 79' lang='grc' dir='ltr'><strong>σου</strong></span> <span class='ocrx_word' id='word_1_243' title='bbox 2900 1753 3048 1807; x_wconf 83' lang='grc' dir='ltr'>ίδεῖν</span> <span class='ocrx_word' id='word_1_244' title='bbox 3079 1751 3425 1820; x_wconf 59' lang='grc' dir='ltr'>διαφθοράν.</span> <span class='ocrx_word' id='word_1_245' title='bbox 3456 1750 3595 1802; x_wconf 70' lang='grc' dir='ltr'>Οὔτε</span> <span class='ocrx_word' id='word_1_246' title='bbox 3626 1750 3744 1818; x_wconf 83' lang='grc' dir='ltr'>γὰρ</span> 
     </span>
    </p>
   </div>
   <div class='ocr_carea' id='block_1_34' title="bbox 468 1841 2048 1923">
    <p class='ocr_par' dir='ltr' id='par_1_34' title="bbox 468 1848 2048 1923">
     <span class='ocr_line' id='line_1_34' title="bbox 468 1848 2048 1923; baseline 0.006 -24"><span class='ocrx_word' id='word_1_247' title='bbox 468 1848 757 1915; x_wconf 75' lang='lat' dir='ltr'><strong>ignorant,</strong></span> <span class='ocrx_word' id='word_1_248' title='bbox 807 1855 921 1900; x_wconf 91' lang='lat' dir='ltr'><strong>tum</strong></span> <span class='ocrx_word' id='word_1_249' title='bbox 972 1848 1073 1917; x_wconf 87' lang='lat' dir='ltr'><strong>ipsi</strong></span> <span class='ocrx_word' id='word_1_250' title='bbox 1132 1849 1318 1918; x_wconf 89' lang='lat' dir='ltr'><strong>potius</strong></span> <span class='ocrx_word' id='word_1_251' title='bbox 1378 1850 1539 1905; x_wconf 80' lang='lat' dir='ltr'><strong>inferi</strong></span> <span class='ocrx_word' id='word_1_252' title='bbox 1584 1862 1931 1923; x_wconf 84' lang='lat' dir='ltr'><strong>caperentur,</strong></span> <span class='ocrx_word' id='word_1_253' title='bbox 1988 1869 2048 1908; x_wconf 92' lang='lat' dir='ltr'><strong>ac</strong></span> 
     </span>
    </p>
   </div>
   <div class='ocr_carea' id='block_1_35' title="bbox 2159 1841 3743 1923">
    <p class='ocr_par' dir='ltr' id='par_1_35' title="bbox 2162 1841 3743 1917">
     <span class='ocr_line' id='line_1_35' title="bbox 2162 1841 3743 1917; baseline -0.006 -16"><span class='ocrx_word' id='word_1_254' title='bbox 2162 1848 2452 1901; x_wconf 75' lang='grc' dir='ltr'>κατέλιπεν</span> <span class='ocrx_word' id='word_1_255' title='bbox 2475 1850 2503 1901; x_wconf 91' lang='lat'><strong>6</strong></span> <span class='ocrx_word' id='word_1_256' title='bbox 2524 1849 2678 1917; x_wconf 79' lang='grc' dir='ltr'>ἅγιος</span> <span class='ocrx_word' id='word_1_257' title='bbox 2694 1846 2826 1911; x_wconf 75' lang='grc' dir='ltr'>Θεὸς</span> <span class='ocrx_word' id='word_1_258' title='bbox 2843 1846 3009 1914; x_wconf 81' lang='grc' dir='ltr'>Λόγος</span> <span class='ocrx_word' id='word_1_259' title='bbox 3031 1844 3128 1916; x_wconf 77' lang='grc' dir='ltr'>τὴν</span> <span class='ocrx_word' id='word_1_260' title='bbox 3159 1843 3356 1915; x_wconf 76' lang='grc' dir='ltr'>ψυχὴν,</span> <span class='ocrx_word' id='word_1_261' title='bbox 3382 1841 3503 1894; x_wconf 72' lang='grc' dir='ltr'>οὔτε</span> <span class='ocrx_word' id='word_1_262' title='bbox 3534 1843 3743 1910; x_wconf 58' lang='grc' dir='ltr'>ἔγκατφ</span> 
     </span>
    </p>
   </div>
   <div class='ocr_carea' id='block_1_36' title="bbox 469 1938 2049 2015">
    <p class='ocr_par' dir='ltr' id='par_1_36' title="bbox 469 1938 2049 2015">
     <span class='ocr_line' id='line_1_36' title="bbox 469 1938 2049 2015; baseline 0.008 -26"><span class='ocrx_word' id='word_1_263' title='bbox 469 1939 662 1992; x_wconf 86' lang='lat' dir='ltr'><strong>mortis</strong></span> <span class='ocrx_word' id='word_1_264' title='bbox 693 1938 1007 1993; x_wconf 86' lang='lat' dir='ltr'><strong>dominatus</strong></span> <span class='ocrx_word' id='word_1_265' title='bbox 1033 1950 1397 2006; x_wconf 88' lang='lat' dir='ltr'><strong>everteretur,</strong></span> <span class='ocrx_word' id='word_1_266' title='bbox 1443 1952 1498 1999; x_wconf 90' lang='lat' dir='ltr'><strong>et</strong></span> <span class='ocrx_word' id='word_1_267' title='bbox 1543 1945 1867 2015; x_wconf 84' lang='lat' dir='ltr'><strong>impleretur</strong></span> <span class='ocrx_word' id='word_1_268' title='bbox 1905 1946 2049 2015; x_wconf 89' lang='lat' dir='ltr'><strong>quod</strong></span> 
     </span>
    </p>
   </div>
   <div class='ocr_carea' id='block_1_37' title="bbox 468 2030 2051 2103">
    <p class='ocr_par' dir='ltr' id='par_1_37' title="bbox 468 2030 2051 2103">
     <span class='ocr_line' id='line_1_37' title="bbox 468 2030 2051 2103; baseline 0.004 -20"><span class='ocrx_word' id='word_1_269' title='bbox 468 2030 734 2099; x_wconf 86' lang='lat' dir='ltr'><strong>scriptum</strong></span> <span class='ocrx_word' id='word_1_270' title='bbox 776 2038 895 2084; x_wconf 89' lang='lat' dir='ltr'><strong>est:</strong></span> <span class='ocrx_word' id='word_1_271' title='bbox 929 2030 1050 2084; x_wconf 75' lang='lat' dir='ltr'><strong>Non</strong></span> <span class='ocrx_word' id='word_1_272' title='bbox 1100 2033 1362 2103; x_wconf 78' lang='lat' dir='ltr'><strong>relinques</strong></span> <span class='ocrx_word' id='word_1_273' title='bbox 1391 2036 1628 2088; x_wconf 80' lang='lat' dir='ltr'><strong>animum</strong></span> <span class='ocrx_word' id='word_1_274' title='bbox 1670 2052 1838 2089; x_wconf 86' lang='lat' dir='ltr'><strong>meam</strong></span> <span class='ocrx_word' id='word_1_275' title='bbox 1870 2039 1926 2090; x_wconf 88' lang='lat' dir='ltr'><strong>in</strong></span> <span class='ocrx_word' id='word_1_276' title='bbox 1964 2037 2051 2090; x_wconf 85' lang='lat' dir='ltr'><strong>in-</strong></span> 
     </span>
    </p>
   </div>
   <div class='ocr_carea' id='block_1_38' title="bbox 466 2120 2043 2193">
    <p class='ocr_par' dir='ltr' id='par_1_38' title="bbox 466 2120 2043 2193">
     <span class='ocr_line' id='line_1_38' title="bbox 466 2120 2043 2193; baseline 0.006 -22"><span class='ocrx_word' id='word_1_277' title='bbox 466 2120 651 2188; x_wconf 69' lang='lat' dir='ltr'><strong>ferna;</strong></span> <span class='ocrx_word' id='word_1_278' title='bbox 693 2136 785 2175; x_wconf 85' lang='lat' dir='ltr'><strong>nec</strong></span> <span class='ocrx_word' id='word_1_279' title='bbox 837 2120 989 2174; x_wconf 78' lang='lat' dir='ltr'><strong>dabis</strong></span> <span class='ocrx_word' id='word_1_280' title='bbox 1032 2120 1287 2176; x_wconf 79' lang='lat' dir='ltr'><strong>Sanctum</strong></span> <span class='ocrx_word' id='word_1_281' title='bbox 1338 2134 1485 2176; x_wconf 84' lang='lat' dir='ltr'><strong>tuum</strong></span> <span class='ocrx_word' id='word_1_282' title='bbox 1526 2124 1699 2179; x_wconf 79' lang='lat' dir='ltr'><strong>videre</strong></span> <span class='ocrx_word' id='word_1_283' title='bbox 1742 2127 2043 2193; x_wconf 84' lang='lat' dir='ltr'><strong>corruptio-</strong></span> 
     </span>
    </p>
   </div>
   <div class='ocr_carea' id='block_1_39' title="bbox 468 2210 2048 2282">
    <p class='ocr_par' dir='ltr' id='par_1_39' title="bbox 468 2210 2048 2282">
     <span class='ocr_line' id='line_1_39' title="bbox 468 2210 2048 2282; baseline 0.004 -18"><span class='ocrx_word' id='word_1_284' title='bbox 468 2212 643 2265; x_wconf 70' lang='lat' dir='ltr'><strong>uem‘.</strong></span> <span class='ocrx_word' id='word_1_285' title='bbox 697 2210 831 2264; x_wconf 84' lang='lat' dir='ltr'><strong>Nam</strong></span> <span class='ocrx_word' id='word_1_286' title='bbox 882 2228 1056 2282; x_wconf 85' lang='lat' dir='ltr'><strong>neque</strong></span> <span class='ocrx_word' id='word_1_287' title='bbox 1092 2213 1183 2268; x_wconf 90' lang='lat' dir='ltr'><strong>Dei</strong></span> <span class='ocrx_word' id='word_1_288' title='bbox 1228 2212 1469 2269; x_wconf 83' lang='lat' dir='ltr'><strong>Verbum</strong></span> <span class='ocrx_word' id='word_1_289' title='bbox 1506 2218 1745 2270; x_wconf 89' lang='lat' dir='ltr'><strong>animam</strong></span> <span class='ocrx_word' id='word_1_290' title='bbox 1781 2216 2048 2282; x_wconf 86' lang='lat' dir='ltr'><strong>destituit,</strong></span> 
     </span>
    </p>
   </div>
   <div class='ocr_carea' id='block_1_40' title="bbox 468 2302 2049 2374">
    <p class='ocr_par' dir='ltr' id='par_1_40' title="bbox 468 2302 2049 2374">
     <span class='ocr_line' id='line_1_40' title="bbox 468 2302 2049 2374; baseline 0.004 -19"><span class='ocrx_word' id='word_1_291' title='bbox 468 2318 569 2356; x_wconf 82' lang='lat' dir='ltr'><strong>nec</strong></span> <span class='ocrx_word' id='word_1_292' title='bbox 602 2302 750 2359; x_wconf 75' lang='lat' dir='ltr'><strong>iilius</strong></span> <span class='ocrx_word' id='word_1_293' title='bbox 786 2305 964 2358; x_wconf 88' lang='lat' dir='ltr'><strong>anima</strong></span> <span class='ocrx_word' id='word_1_294' title='bbox 999 2303 1144 2374; x_wconf 86' lang='lat' dir='ltr'><strong>apud</strong></span> <span class='ocrx_word' id='word_1_295' title='bbox 1174 2304 1380 2360; x_wconf 81' lang='lat' dir='ltr'><strong>inferos</strong></span> <span class='ocrx_word' id='word_1_296' title='bbox 1416 2314 1499 2360; x_wconf 83' lang='lat' dir='ltr'><strong>est</strong></span> <span class='ocrx_word' id='word_1_297' title='bbox 1537 2307 1747 2361; x_wconf 79' lang='lat' dir='ltr'><strong>relicta.</strong></span> <span class='ocrx_word' id='word_1_298' title='bbox 1779 2307 2049 2362; x_wconf 61' lang='lat' dir='ltr'><strong>Caeterum</strong></span> 
     </span>
    </p>
   </div>
   <div class='ocr_carea' id='block_1_41' title="bbox 471 2393 2046 2467">
    <p class='ocr_par' dir='ltr' id='par_1_41' title="bbox 471 2393 2046 2467">
     <span class='ocr_line' id='line_1_41' title="bbox 471 2393 2046 2467; baseline 0.004 -22"><span class='ocrx_word' id='word_1_299' title='bbox 471 2394 585 2448; x_wconf 68' lang='lat' dir='ltr'><strong>Izmc</strong></span> <span class='ocrx_word' id='word_1_300' title='bbox 606 2393 812 2459; x_wconf 76' lang='lat' dir='ltr'><strong>omnia,</strong></span> <span class='ocrx_word' id='word_1_301' title='bbox 861 2410 982 2464; x_wconf 77' lang='lat' dir='ltr'><strong>qua:</strong></span> <span class='ocrx_word' id='word_1_302' title='bbox 1029 2395 1094 2447; x_wconf 82' lang='lat' dir='ltr'><strong>ad</strong></span> <span class='ocrx_word' id='word_1_303' title='bbox 1142 2396 1335 2464; x_wconf 83' lang='lat' dir='ltr'><strong>ingens</strong></span> <span class='ocrx_word' id='word_1_304' title='bbox 1390 2394 1525 2449; x_wconf 88' lang='lat' dir='ltr'><strong>illud</strong></span> <span class='ocrx_word' id='word_1_305' title='bbox 1573 2397 1891 2466; x_wconf 84' lang='lat' dir='ltr'><strong>mysterium</strong></span> <span class='ocrx_word' id='word_1_306' title='bbox 1927 2413 2046 2467; x_wconf 77' lang='lat' dir='ltr'><strong>spe~</strong></span> 
     </span>
    </p>
   </div>
   <div class='ocr_carea' id='block_1_42' title="bbox 470 2483 2048 2551">
    <p class='ocr_par' dir='ltr' id='par_1_42' title="bbox 470 2483 2048 2551">
     <span class='ocr_line' id='line_1_42' title="bbox 470 2483 2048 2551; baseline 0.001 -14"><span class='ocrx_word' id='word_1_307' title='bbox 470 2490 642 2549; x_wconf 76' lang='lat' dir='ltr'><strong>etzmt,</strong></span> <span class='ocrx_word' id='word_1_308' title='bbox 686 2492 1041 2539; x_wconf 83' lang='lat' dir='ltr'><strong>sacrosancta</strong></span> <span class='ocrx_word' id='word_1_309' title='bbox 1096 2483 1342 2541; x_wconf 86' lang='lat' dir='ltr'><strong>Trinitas</strong></span> <span class='ocrx_word' id='word_1_310' title='bbox 1391 2487 1650 2540; x_wconf 83' lang='lat' dir='ltr'><strong>universa</strong></span> <span class='ocrx_word' id='word_1_311' title='bbox 1702 2486 1891 2540; x_wconf 86' lang='lat' dir='ltr'><strong>molita</strong></span> <span class='ocrx_word' id='word_1_312' title='bbox 1941 2495 2048 2551; x_wconf 90' lang='lat' dir='ltr'><strong>est,</strong></span> 
     </span>
    </p>
   </div>
   <div class='ocr_carea' id='block_1_43' title="bbox 472 2568 2048 2646">
    <p class='ocr_par' dir='ltr' id='par_1_43' title="bbox 472 2568 2048 2646">
     <span class='ocr_line' id='line_1_43' title="bbox 472 2568 2048 2646; baseline 0.008 -25"><span class='ocrx_word' id='word_1_313' title='bbox 472 2568 651 2636; x_wconf 81' lang='lat' dir='ltr'><strong>Pater,</strong></span> <span class='ocrx_word' id='word_1_314' title='bbox 698 2579 753 2626; x_wconf 86' lang='lat' dir='ltr'><strong>et</strong></span> <span class='ocrx_word' id='word_1_315' title='bbox 798 2571 989 2639; x_wconf 77' lang='lat' dir='ltr'><strong>Filius,</strong></span> <span class='ocrx_word' id='word_1_316' title='bbox 1047 2583 1101 2627; x_wconf 89' lang='lat' dir='ltr'><strong>et</strong></span> <span class='ocrx_word' id='word_1_317' title='bbox 1151 2573 1391 2643; x_wconf 87' lang='lat' dir='ltr'><strong>Spiritus</strong></span> <span class='ocrx_word' id='word_1_318' title='bbox 1443 2588 1688 2631; x_wconf 75' lang='lat' dir='ltr'><strong>sanctus.</strong></span> <span class='ocrx_word' id='word_1_319' title='bbox 1731 2576 1808 2629; x_wconf 79' lang='lat' dir='ltr'><strong>Ex</strong></span> <span class='ocrx_word' id='word_1_320' title='bbox 1847 2578 2048 2646; x_wconf 91' lang='lat' dir='ltr'><strong>quibus</strong></span> 
     </span>
    </p>
   </div>
   <div class='ocr_carea' id='block_1_44' title="bbox 2148 1934 3746 2011">
    <p class='ocr_par' dir='ltr' id='par_1_44' title="bbox 2148 1934 3746 2011">
     <span class='ocr_line' id='line_1_44' title="bbox 2148 1934 3746 2011; baseline -0.006 -18"><span class='ocrx_word' id='word_1_321' title='bbox 2148 1940 2432 2011; x_wconf 76' lang='grc' dir='ltr'>ελείφθηὴ</span> <span class='ocrx_word' id='word_1_322' title='bbox 2467 1940 2616 2011; x_wconf 83' lang='grc' dir='ltr'>ψυχὴ</span> <span class='ocrx_word' id='word_1_323' title='bbox 2651 1938 2816 1993; x_wconf 76' lang='grc' dir='ltr'>αὐτοῦ</span> <span class='ocrx_word' id='word_1_324' title='bbox 2850 1940 2908 1990; x_wconf 78' lang='grc' dir='ltr'><strong>ἐν</strong></span> <span class='ocrx_word' id='word_1_325' title='bbox 2939 1937 3059 2010; x_wconf 69' lang='grc' dir='ltr'><strong>ᾄδῃ.</strong></span> <span class='ocrx_word' id='word_1_326' title='bbox 3094 1936 3279 1988; x_wconf 81' lang='grc' dir='ltr'><strong>Πάντα</strong></span> <span class='ocrx_word' id='word_1_327' title='bbox 3326 1935 3436 2003; x_wconf 82' lang='grc' dir='ltr'>γὰρ</span> <span class='ocrx_word' id='word_1_328' title='bbox 3465 1934 3746 2001; x_wconf 72' lang='grc' dir='ltr'>οἰκονομεῖ</span> 
     </span>
    </p>
   </div>
   <div class='ocr_carea' id='block_1_45' title="bbox 2148 2024 3746 2103">
    <p class='ocr_par' dir='ltr' id='par_1_45' title="bbox 2148 2024 3746 2103">
     <span class='ocr_line' id='line_1_45' title="bbox 2148 2024 3746 2103; baseline 0 -17"><span class='ocrx_word' id='word_1_329' title='bbox 2148 2034 2216 2087; x_wconf 80' lang='grc' dir='ltr'>τὰ</span> <span class='ocrx_word' id='word_1_330' title='bbox 2259 2033 2358 2103; x_wconf 85' lang='grc' dir='ltr'>τῆς</span> <span class='ocrx_word' id='word_1_331' title='bbox 2422 2032 2677 2103; x_wconf 82' lang='grc' dir='ltr'><strong>τοιαύτης</strong></span> <span class='ocrx_word' id='word_1_332' title='bbox 2739 2030 2981 2102; x_wconf 77' lang='grc' dir='ltr'><strong>μεγάλης</strong></span> <span class='ocrx_word' id='word_1_333' title='bbox 3046 2026 3436 2099; x_wconf 80' lang='grc' dir='ltr'>μυσταγωγίας</span> <span class='ocrx_word' id='word_1_334' title='bbox 3478 2027 3513 2095; x_wconf 86' lang='grc' dir='ltr'>ἡ</span> <span class='ocrx_word' id='word_1_335' title='bbox 3567 2024 3746 2094; x_wconf 73' lang='grc' dir='ltr'>Τριὰς</span> 
     </span>
    </p>
   </div>
   <div class='ocr_carea' id='block_1_46' title="bbox 2148 2117 3747 2194">
    <p class='ocr_par' dir='ltr' id='par_1_46' title="bbox 2148 2117 3747 2194">
     <span class='ocr_line' id='line_1_46' title="bbox 2148 2117 3747 2194; baseline -0.007 -16"><span class='ocrx_word' id='word_1_336' title='bbox 2148 2124 2595 2194; x_wconf 76' lang='grc' dir='ltr'>ἁπαραλείπτως,</span> <span class='ocrx_word' id='word_1_337' title='bbox 2638 2126 2665 2176; x_wconf 97' lang='lat'><strong>6</strong></span> <span class='ocrx_word' id='word_1_338' title='bbox 2709 2123 2921 2194; x_wconf 74' lang='grc' dir='ltr'>Πατὴρ,</span> <span class='ocrx_word' id='word_1_339' title='bbox 2972 2124 3060 2174; x_wconf 65' lang='grc' dir='ltr'><strong>καὶ</strong></span> <span class='ocrx_word' id='word_1_340' title='bbox 3099 2122 3127 2172; x_wconf 88' lang='lat'><strong>6</strong></span> <span class='ocrx_word' id='word_1_341' title='bbox 3158 2120 3304 2183; x_wconf 75' lang='grc' dir='ltr'>Υἱὸς,</span> <span class='ocrx_word' id='word_1_342' title='bbox 3350 2117 3443 2170; x_wconf 72' lang='grc' dir='ltr'>καὶ</span> <span class='ocrx_word' id='word_1_343' title='bbox 3485 2117 3548 2168; x_wconf 79' lang='grc' dir='ltr'><strong>τὸ</strong></span> <span class='ocrx_word' id='word_1_344' title='bbox 3585 2118 3747 2183; x_wconf 80' lang='grc' dir='ltr'>ἆγιον</span> 
     </span>
    </p>
   </div>
   <div class='ocr_carea' id='block_1_47' title="bbox 2150 2207 3745 2285">
    <p class='ocr_par' dir='ltr' id='par_1_47' title="bbox 2150 2207 3745 2285">
     <span class='ocr_line' id='line_1_47' title="bbox 2150 2207 3745 2285; baseline -0.007 -18"><span class='ocrx_word' id='word_1_345' title='bbox 2150 2213 2394 2285; x_wconf 78' lang='grc' dir='ltr'><strong>Πνεῦμα,</strong></span> <span class='ocrx_word' id='word_1_346' title='bbox 2443 2215 2537 2267; x_wconf 81' lang='grc' dir='ltr'>τοῦ</span> <span class='ocrx_word' id='word_1_347' title='bbox 2585 2215 2682 2284; x_wconf 82' lang='grc' dir='ltr'><strong>μὲν</strong></span> <span class='ocrx_word' id='word_1_348' title='bbox 2740 2213 2871 2266; x_wconf 84' lang='grc' dir='ltr'>Υἱοῦ</span> <span class='ocrx_word' id='word_1_349' title='bbox 2928 2213 3218 2282; x_wconf 78' lang='grc' dir='ltr'>ἐνσὰρκου,</span> <span class='ocrx_word' id='word_1_350' title='bbox 3272 2208 3366 2261; x_wconf 80' lang='grc' dir='ltr'>τοῦ</span> <span class='ocrx_word' id='word_1_351' title='bbox 3414 2207 3471 2261; x_wconf 84' lang='grc' dir='ltr'>δὲ</span> <span class='ocrx_word' id='word_1_352' title='bbox 3522 2208 3745 2276; x_wconf 61' lang='lat' dir='ltr'><strong>[la-.96;</strong></span> 
     </span>
    </p>
   </div>
   <div class='ocr_carea' id='block_1_48' title="bbox 2149 2297 3746 2375">
    <p class='ocr_par' dir='ltr' id='par_1_48' title="bbox 2149 2297 3746 2375">
     <span class='ocr_line' id='line_1_48' title="bbox 2149 2297 3746 2375; baseline -0.006 -18"><span class='ocrx_word' id='word_1_353' title='bbox 2149 2305 2445 2375; x_wconf 79' lang='grc' dir='ltr'><strong>ἀσωμάτου</strong></span> <span class='ocrx_word' id='word_1_354' title='bbox 2485 2305 2842 2374; x_wconf 79' lang='grc' dir='ltr'>ὑπάρχοντος,</span> <span class='ocrx_word' id='word_1_355' title='bbox 2875 2302 3093 2372; x_wconf 72' lang='grc' dir='ltr'>εὐδοκία</span> <span class='ocrx_word' id='word_1_356' title='bbox 3123 2300 3179 2353; x_wconf 87' lang='grc' dir='ltr'>δὲ</span> <span class='ocrx_word' id='word_1_357' title='bbox 3214 2298 3318 2370; x_wconf 77' lang='grc' dir='ltr'>ἰδίᾳ</span> <span class='ocrx_word' id='word_1_358' title='bbox 3353 2298 3447 2351; x_wconf 71' lang='grc' dir='ltr'>καὶ</span> <span class='ocrx_word' id='word_1_359' title='bbox 3485 2297 3746 2367; x_wconf 72' lang='grc' dir='ltr'>βουλήσει</span> 
     </span>
    </p>
   </div>
   <div class='ocr_carea' id='block_1_49' title="bbox 2152 2388 3745 2465">
    <p class='ocr_par' dir='ltr' id='par_1_49' title="bbox 2152 2388 3745 2465">
     <span class='ocr_line' id='line_1_49' title="bbox 2152 2388 3745 2465; baseline -0.007 -16"><span class='ocrx_word' id='word_1_360' title='bbox 2152 2394 2468 2465; x_wconf 79' lang='grc' dir='ltr'>Πνεύματος</span> <span class='ocrx_word' id='word_1_361' title='bbox 2498 2394 2654 2461; x_wconf 85' lang='grc' dir='ltr'>ἁγίου</span> <span class='ocrx_word' id='word_1_362' title='bbox 2692 2393 2785 2446; x_wconf 78' lang='grc' dir='ltr'>τοῦ</span> <span class='ocrx_word' id='word_1_363' title='bbox 2816 2392 3132 2463; x_wconf 81' lang='grc' dir='ltr'>ἀσωμάτου.</span> <span class='ocrx_word' id='word_1_364' title='bbox 3167 2390 3295 2445; x_wconf 81' lang='grc' dir='ltr'>Υἱοῦ</span> <span class='ocrx_word' id='word_1_365' title='bbox 3326 2388 3383 2441; x_wconf 82' lang='grc' dir='ltr'>δὲ</span> <span class='ocrx_word' id='word_1_366' title='bbox 3416 2388 3745 2457; x_wconf 80' lang='grc' dir='ltr'>ἐνσωμὰτου</span> 
     </span>
    </p>
   </div>
   <div class='ocr_carea' id='block_1_50' title="bbox 2147 2479 3743 2557">
    <p class='ocr_par' dir='ltr' id='par_1_50' title="bbox 2147 2479 3743 2557">
     <span class='ocr_line' id='line_1_50' title="bbox 2147 2479 3743 2557; baseline -0.004 -20"><span class='ocrx_word' id='word_1_367' title='bbox 2147 2487 2465 2557; x_wconf 78' lang='grc' dir='ltr'><strong>γενομένου,</strong></span> <span class='ocrx_word' id='word_1_368' title='bbox 2494 2485 2631 2539; x_wconf 79' lang='grc' dir='ltr'>ἀλλὰ</span> <span class='ocrx_word' id='word_1_369' title='bbox 2659 2485 2950 2556; x_wconf 77' lang='grc' dir='ltr'>ἀτρέπτου.</span> <span class='ocrx_word' id='word_1_370' title='bbox 2989 2484 3071 2536; x_wconf 86' lang='grc' dir='ltr'>Τὰ</span> <span class='ocrx_word' id='word_1_371' title='bbox 3102 2482 3158 2534; x_wconf 79' lang='grc' dir='ltr'>δὲ</span> <span class='ocrx_word' id='word_1_372' title='bbox 3186 2481 3283 2535; x_wconf 82' lang='grc' dir='ltr'>ὅλα</span> <span class='ocrx_word' id='word_1_373' title='bbox 3312 2480 3421 2533; x_wconf 74' lang='grc' dir='ltr'>ἀπὸ</span> <span class='ocrx_word' id='word_1_374' title='bbox 3445 2479 3546 2548; x_wconf 84' lang='grc' dir='ltr'><strong>τῆς</strong></span> <span class='ocrx_word' id='word_1_375' title='bbox 3570 2480 3743 2548; x_wconf 70' lang='grc' dir='ltr'>Τριά-</span> 
     </span>
    </p>
   </div>
   <div class='ocr_carea' id='block_1_51' title="bbox 2146 2574 3353 2650">
    <p class='ocr_par' dir='ltr' id='par_1_51' title="bbox 2146 2574 3353 2650">
     <span class='ocr_line' id='line_1_51' title="bbox 2146 2574 3353 2650; baseline -0.004 -18"><span class='ocrx_word' id='word_1_376' title='bbox 2146 2578 2232 2643; x_wconf 77' lang='grc' dir='ltr'>δος</span> <span class='ocrx_word' id='word_1_377' title='bbox 2261 2579 2593 2650; x_wconf 79' lang='grc' dir='ltr'>ᾠκονομεῖτο</span> <span class='ocrx_word' id='word_1_378' title='bbox 2620 2578 2862 2648; x_wconf 81' lang='grc' dir='ltr'>σωτήρια</span> <span class='ocrx_word' id='word_1_379' title='bbox 2887 2579 2999 2639; x_wconf 82' lang='grc' dir='ltr'>τοῖς</span> <span class='ocrx_word' id='word_1_380' title='bbox 3028 2574 3353 2646; x_wconf 80' lang='grc' dir='ltr'>ἀνθρώποις.</span> 
     </span>
    </p>
   </div>
   <div class='ocr_carea' id='block_1_52' title="bbox 470 2660 3748 2742">
    <p class='ocr_par' dir='ltr' id='par_1_52' title="bbox 470 2660 3748 2742">
     <span class='ocr_line' id='line_1_52' title="bbox 470 2660 3748 2742; baseline 0.001 -25"><span class='ocrx_word' id='word_1_381' title='bbox 470 2660 640 2719; x_wconf 77' lang='lat' dir='ltr'><strong>l&#39;ilius</strong></span> <span class='ocrx_word' id='word_1_382' title='bbox 677 2680 842 2720; x_wconf 89' lang='lat' dir='ltr'><strong>carne</strong></span> <span class='ocrx_word' id='word_1_383' title='bbox 894 2666 1180 2736; x_wconf 66' lang='lat' dir='ltr'><strong>praeditus,</strong></span> <span class='ocrx_word' id='word_1_384' title='bbox 1218 2665 1378 2720; x_wconf 89' lang='lat' dir='ltr'><strong>Pater</strong></span> <span class='ocrx_word' id='word_1_385' title='bbox 1401 2669 1652 2738; x_wconf 85' lang='lat' dir='ltr'><strong>corporis</strong></span> <span class='ocrx_word' id='word_1_386' title='bbox 1682 2684 1916 2739; x_wconf 81' lang='lat' dir='ltr'><strong>expers;</strong></span> <span class='ocrx_word' id='word_1_387' title='bbox 1955 2669 2126 2728; x_wconf 79' lang='lat' dir='ltr'><strong>Filius</strong></span> <span class='ocrx_word' id='word_1_388' title='bbox 2154 2687 2285 2727; x_wconf 86' lang='lat' dir='ltr'><strong>vero</strong></span> <span class='ocrx_word' id='word_1_389' title='bbox 2311 2680 2507 2742; x_wconf 87' lang='lat' dir='ltr'><strong>sponte</strong></span> <span class='ocrx_word' id='word_1_390' title='bbox 2571 2684 2688 2735; x_wconf 79' lang='lat' dir='ltr'><strong>sua,</strong></span> <span class='ocrx_word' id='word_1_391' title='bbox 2721 2685 2785 2724; x_wconf 86' lang='lat' dir='ltr'><strong>ac</strong></span> <span class='ocrx_word' id='word_1_392' title='bbox 2837 2670 2907 2724; x_wconf 91' lang='lat' dir='ltr'><strong>de</strong></span> <span class='ocrx_word' id='word_1_393' title='bbox 2960 2668 3137 2722; x_wconf 83' lang='lat' dir='ltr'><strong>sancti</strong></span> <span class='ocrx_word' id='word_1_394' title='bbox 3200 2664 3439 2736; x_wconf 88' lang='lat' dir='ltr'><strong>Spiritus</strong></span> <span class='ocrx_word' id='word_1_395' title='bbox 3501 2669 3748 2721; x_wconf 83' lang='lat' dir='ltr'><strong>carentis</strong></span> 
     </span>
    </p>
   </div>
   <div class='ocr_carea' id='block_1_53' title="bbox 469 2758 3747 2836">
    <p class='ocr_par' dir='ltr' id='par_1_53' title="bbox 469 2758 3747 2836">
     <span class='ocr_line' id='line_1_53' title="bbox 469 2758 3747 2836; baseline 0.001 -27"><span class='ocrx_word' id='word_1_396' title='bbox 469 2773 697 2827; x_wconf 74' lang='lat' dir='ltr'><strong>corpore</strong></span> <span class='ocrx_word' id='word_1_397' title='bbox 739 2760 1014 2816; x_wconf 80' lang='lat' dir='ltr'><strong>voluntate</strong></span> <span class='ocrx_word' id='word_1_398' title='bbox 1060 2776 1264 2831; x_wconf 89' lang='lat' dir='ltr'><strong>corpus</strong></span> <span class='ocrx_word' id='word_1_399' title='bbox 1310 2760 1517 2829; x_wconf 90' lang='lat' dir='ltr'><strong>induit;</strong></span> <span class='ocrx_word' id='word_1_400' title='bbox 1563 2763 1726 2833; x_wconf 68' lang='lat'><strong>790</strong></span> <span class='ocrx_word' id='word_1_401' title='bbox 1772 2764 1845 2817; x_wconf 88' lang='lat' dir='ltr'><strong>ita</strong></span> <span class='ocrx_word' id='word_1_402' title='bbox 1916 2772 2097 2820; x_wconf 89' lang='lat' dir='ltr'><strong>tamen</strong></span> <span class='ocrx_word' id='word_1_403' title='bbox 2169 2778 2228 2822; x_wconf 89' lang='lat' dir='ltr'><strong>ut</strong></span> <span class='ocrx_word' id='word_1_404' title='bbox 2296 2765 2636 2821; x_wconf 87' lang='lat' dir='ltr'><strong>immutabile</strong></span> <span class='ocrx_word' id='word_1_405' title='bbox 2702 2769 3073 2836; x_wconf 85' lang='lat' dir='ltr'><strong>permaneret.</strong></span> <span class='ocrx_word' id='word_1_406' title='bbox 3143 2758 3320 2830; x_wconf 82' lang='lat' dir='ltr'><strong>Atque</strong></span> <span class='ocrx_word' id='word_1_407' title='bbox 3380 2759 3496 2813; x_wconf 67' lang='lat' dir='ltr'><strong>hac</strong></span> <span class='ocrx_word' id='word_1_408' title='bbox 3555 2763 3747 2813; x_wconf 89' lang='lat' dir='ltr'><strong>omnia</strong></span> 
     </span>
    </p>
   </div>
   <div class='ocr_carea' id='block_1_54' title="bbox 470 2846 2405 2927">
    <p class='ocr_par' dir='ltr' id='par_1_54' title="bbox 470 2846 2405 2927">
     <span class='ocr_line' id='line_1_54' title="bbox 470 2846 2405 2927; baseline 0.006 -21"><span class='ocrx_word' id='word_1_409' title='bbox 470 2862 659 2907; x_wconf 85' lang='lat' dir='ltr'><strong>sancta</strong></span> <span class='ocrx_word' id='word_1_410' title='bbox 687 2851 928 2911; x_wconf 82' lang='lat' dir='ltr'><strong>Trinitas</strong></span> <span class='ocrx_word' id='word_1_411' title='bbox 966 2855 1035 2910; x_wconf 89' lang='lat' dir='ltr'><strong>ad</strong></span> <span class='ocrx_word' id='word_1_412' title='bbox 1075 2855 1298 2910; x_wconf 89' lang='lat' dir='ltr'><strong>humani</strong></span> <span class='ocrx_word' id='word_1_413' title='bbox 1349 2858 1582 2912; x_wconf 88' lang='lat' dir='ltr'><strong>salutem</strong></span> <span class='ocrx_word' id='word_1_414' title='bbox 1617 2858 1833 2927; x_wconf 75' lang='lat' dir='ltr'><strong>generis</strong></span> <span class='ocrx_word' id='word_1_415' title='bbox 1866 2857 2291 2917; x_wconf 82' lang='lat' dir='ltr'><strong>administravit.</strong></span> <span class='ocrx_word' id='word_1_416' title='bbox 2403 2846 2405 2849; x_wconf 10' lang='lat'><strong><em>1</em></strong></span> 
     </span>
    </p>
   </div>
   <div class='ocr_carea' id='block_1_55' title="bbox 537 2946 2047 3019">
    <p class='ocr_par' dir='ltr' id='par_1_55' title="bbox 537 2946 2047 3019">
     <span class='ocr_line' id='line_1_55' title="bbox 537 2946 2047 3019; baseline 0.005 -19"><span class='ocrx_word' id='word_1_417' title='bbox 537 2946 723 3002; x_wconf 83' lang='lat' dir='ltr'><strong>LXIII.</strong></span> <span class='ocrx_word' id='word_1_418' title='bbox 765 2948 1035 3015; x_wconf 88' lang='lat' dir='ltr'><strong>Quocirca</strong></span> <span class='ocrx_word' id='word_1_419' title='bbox 1079 2966 1202 3006; x_wconf 93' lang='lat' dir='ltr'><strong>cum</strong></span> <span class='ocrx_word' id='word_1_420' title='bbox 1253 2953 1482 3007; x_wconf 76' lang='lat' dir='ltr'><strong>dixisset</strong></span> <span class='ocrx_word' id='word_1_421' title='bbox 1515 2972 1527 3007; x_wconf 90' lang='lat'><strong>:</strong></span> <span class='ocrx_word' id='word_1_422' title='bbox 1558 2953 1737 3019; x_wconf 79' lang='lat' dir='ltr'><strong>Quare</strong></span> <span class='ocrx_word' id='word_1_423' title='bbox 1775 2969 1856 3007; x_wconf 88' lang='lat' dir='ltr'><strong>me</strong></span> <span class='ocrx_word' id='word_1_424' title='bbox 1902 2960 2047 3008; x_wconf 83' lang='lat' dir='ltr'><strong>dere-</strong></span> 
     </span>
    </p>
   </div>
   <div class='ocr_carea' id='block_1_56' title="bbox 469 3035 2043 3107">
    <p class='ocr_par' dir='ltr' id='par_1_56' title="bbox 469 3035 2043 3107">
     <span class='ocr_line' id='line_1_56' title="bbox 469 3035 2043 3107; baseline 0.004 -18"><span class='ocrx_word' id='word_1_425' title='bbox 469 3035 713 3105; x_wconf 74' lang='lat' dir='ltr'><strong>!iquisti?</strong></span> <span class='ocrx_word' id='word_1_426' title='bbox 753 3038 833 3092; x_wconf 89' lang='lat' dir='ltr'><strong>sic</strong></span> <span class='ocrx_word' id='word_1_427' title='bbox 866 3038 922 3092; x_wconf 89' lang='lat' dir='ltr'><strong>in</strong></span> <span class='ocrx_word' id='word_1_428' title='bbox 953 3040 1060 3093; x_wconf 87' lang='lat' dir='ltr'><strong>alio</strong></span> <span class='ocrx_word' id='word_1_429' title='bbox 1111 3041 1231 3095; x_wconf 87' lang='lat' dir='ltr'><strong>loco</strong></span> <span class='ocrx_word' id='word_1_430' title='bbox 1285 3041 1459 3095; x_wconf 76' lang='lat' dir='ltr'><strong>dixit:</strong></span> <span class='ocrx_word' id='word_1_431' title='bbox 1509 3039 1635 3094; x_wconf 86' lang='lat' dir='ltr'><strong>Non</strong></span> <span class='ocrx_word' id='word_1_432' title='bbox 1688 3053 1737 3095; x_wconf 86' lang='lat' dir='ltr'><strong>te</strong></span> <span class='ocrx_word' id='word_1_433' title='bbox 1785 3044 2043 3107; x_wconf 79' lang='lat' dir='ltr'><strong>deseram,</strong></span> 
     </span>
    </p>
   </div>
   <div class='ocr_carea' id='block_1_57' title="bbox 467 3130 2045 3203">
    <p class='ocr_par' dir='ltr' id='par_1_57' title="bbox 467 3130 2045 3203">
     <span class='ocr_line' id='line_1_57' title="bbox 467 3130 2045 3203; baseline 0.005 -21"><span class='ocrx_word' id='word_1_434' title='bbox 467 3142 630 3197; x_wconf 63' lang='lat' dir='ltr'><strong>neque</strong></span> <span class='ocrx_word' id='word_1_435' title='bbox 681 3137 728 3184; x_wconf 83' lang='lat' dir='ltr'><strong>te</strong></span> <span class='ocrx_word' id='word_1_436' title='bbox 785 3130 1151 3201; x_wconf 74' lang='lat' dir='ltr'><strong>derelinquam</strong></span> <span class='ocrx_word' id='word_1_437' title='bbox 1189 3135 1234 3186; x_wconf 77' lang='lat'><strong>’.</strong></span> <span class='ocrx_word' id='word_1_438' title='bbox 1275 3131 1490 3187; x_wconf 80' lang='lat' dir='ltr'><strong>Etenim</strong></span> <span class='ocrx_word' id='word_1_439' title='bbox 1544 3133 1728 3188; x_wconf 88' lang='lat' dir='ltr'><strong>triduo</strong></span> <span class='ocrx_word' id='word_1_440' title='bbox 1762 3149 1963 3203; x_wconf 87' lang='lat' dir='ltr'><strong>corpus</strong></span> <span class='ocrx_word' id='word_1_441' title='bbox 1991 3135 2045 3189; x_wconf 89' lang='lat' dir='ltr'><strong>in</strong></span> 
     </span>
    </p>
   </div>
   <div class='ocr_carea' id='block_1_58' title="bbox 469 3218 2055 3296">
    <p class='ocr_par' dir='ltr' id='par_1_58' title="bbox 469 3218 2055 3296">
     <span class='ocr_line' id='line_1_58' title="bbox 469 3218 2055 3296; baseline 0.004 -22"><span class='ocrx_word' id='word_1_442' title='bbox 469 3218 724 3288; x_wconf 84' lang='lat' dir='ltr'><strong>sepulcro</strong></span> <span class='ocrx_word' id='word_1_443' title='bbox 758 3223 943 3290; x_wconf 86' lang='lat' dir='ltr'><strong>jacere</strong></span> <span class='ocrx_word' id='word_1_444' title='bbox 971 3222 1179 3287; x_wconf 85' lang='lat' dir='ltr'><strong>debuit,</strong></span> <span class='ocrx_word' id='word_1_445' title='bbox 1223 3231 1280 3277; x_wconf 91' lang='lat' dir='ltr'><strong>ut</strong></span> <span class='ocrx_word' id='word_1_446' title='bbox 1311 3223 1445 3279; x_wconf 89' lang='lat' dir='ltr'><strong>illud</strong></span> <span class='ocrx_word' id='word_1_447' title='bbox 1497 3225 1814 3279; x_wconf 77' lang='lat' dir='ltr'><strong>vaticinium</strong></span> <span class='ocrx_word' id='word_1_448' title='bbox 1863 3225 2055 3296; x_wconf 88' lang='lat' dir='ltr'><strong>imple-</strong></span> 
     </span>
    </p>
   </div>
   <div class='ocr_carea' id='block_1_59' title="bbox 468 3310 2052 3383">
    <p class='ocr_par' dir='ltr' id='par_1_59' title="bbox 468 3310 2052 3383">
     <span class='ocr_line' id='line_1_59' title="bbox 468 3310 2052 3383; baseline 0.004 -18"><span class='ocrx_word' id='word_1_449' title='bbox 468 3320 618 3365; x_wconf 76' lang='lat' dir='ltr'><strong>retur</strong></span> <span class='ocrx_word' id='word_1_450' title='bbox 648 3329 660 3364; x_wconf 90' lang='lat'>:</span> <span class='ocrx_word' id='word_1_451' title='bbox 702 3310 767 3366; x_wconf 85' lang='lat' dir='ltr'><strong>Et</strong></span> <span class='ocrx_word' id='word_1_452' title='bbox 790 3313 965 3381; x_wconf 81' lang='lat' dir='ltr'><strong>factus</strong></span> <span class='ocrx_word' id='word_1_453' title='bbox 994 3330 1109 3367; x_wconf 85' lang='lat' dir='ltr'><strong>sum</strong></span> <span class='ocrx_word' id='word_1_454' title='bbox 1139 3315 1273 3369; x_wconf 84' lang='lat' dir='ltr'><strong>inter</strong></span> <span class='ocrx_word' id='word_1_455' title='bbox 1302 3326 1534 3369; x_wconf 83' lang='lat' dir='ltr'><strong>mortuos</strong></span> <span class='ocrx_word' id='word_1_456' title='bbox 1558 3315 1764 3383; x_wconf 77' lang='lat' dir='ltr'><strong>liber’;</strong></span> <span class='ocrx_word' id='word_1_457' title='bbox 1790 3324 1881 3371; x_wconf 81' lang='lat' dir='ltr'><strong>et:</strong></span> <span class='ocrx_word' id='word_1_458' title='bbox 1917 3315 2052 3371; x_wconf 88' lang='lat' dir='ltr'><strong>Pro-</strong></span> 
     </span>
    </p>
   </div>
   <div class='ocr_carea' id='block_1_60' title="bbox 467 3403 2053 3479">
    <p class='ocr_par' dir='ltr' id='par_1_60' title="bbox 467 3403 2053 3479">
     <span class='ocr_line' id='line_1_60' title="bbox 467 3403 2053 3479; baseline 0.003 -22"><span class='ocrx_word' id='word_1_459' title='bbox 467 3403 706 3479; x_wconf 73' lang='lat' dir='ltr'><strong>iecerunt</strong></span> <span class='ocrx_word' id='word_1_460' title='bbox 763 3421 844 3460; x_wconf 81' lang='lat' dir='ltr'><strong>me</strong></span> <span class='ocrx_word' id='word_1_461' title='bbox 892 3404 1143 3460; x_wconf 81' lang='lat' dir='ltr'><strong>dilectum</strong></span> <span class='ocrx_word' id='word_1_462' title='bbox 1185 3416 1439 3477; x_wconf 80' lang='lat' dir='ltr'><strong>tanquam</strong></span> <span class='ocrx_word' id='word_1_463' title='bbox 1477 3406 1702 3462; x_wconf 79' lang='lat' dir='ltr'><strong>cadaver</strong></span> <span class='ocrx_word' id='word_1_464' title='bbox 1742 3408 2053 3462; x_wconf 79' lang='lat' dir='ltr'><strong>abominan-</strong></span> 
     </span>
    </p>
   </div>
   <div class='ocr_carea' id='block_1_61' title="bbox 468 3492 2054 3552">
    <p class='ocr_par' dir='ltr' id='par_1_61' title="bbox 468 3492 2054 3552">
     <span class='ocr_line' id='line_1_61' title="bbox 468 3492 2054 3552; baseline 0.003 -6"><span class='ocrx_word' id='word_1_465' title='bbox 468 3494 593 3549; x_wconf 76' lang='lat' dir='ltr'><strong>dum</strong></span> <span class='ocrx_word' id='word_1_466' title='bbox 615 3494 659 3548; x_wconf 72' lang='grc'><strong>⁸.</strong></span> <span class='ocrx_word' id='word_1_467' title='bbox 690 3492 827 3549; x_wconf 90' lang='lat' dir='ltr'><strong>Tum</strong></span> <span class='ocrx_word' id='word_1_468' title='bbox 856 3494 986 3549; x_wconf 88' lang='lat' dir='ltr'><strong>illud</strong></span> <span class='ocrx_word' id='word_1_469' title='bbox 1013 3514 1025 3551; x_wconf 92' lang='lat'><strong>:</strong></span> <span class='ocrx_word' id='word_1_470' title='bbox 1065 3494 1188 3550; x_wconf 84' lang='lat' dir='ltr'><strong>Non</strong></span> <span class='ocrx_word' id='word_1_471' title='bbox 1221 3496 1378 3552; x_wconf 83' lang='lat' dir='ltr'><strong>dabis</strong></span> <span class='ocrx_word' id='word_1_472' title='bbox 1410 3497 1668 3552; x_wconf 75' lang='lat' dir='ltr'><strong>Sanctum</strong></span> <span class='ocrx_word' id='word_1_473' title='bbox 1707 3506 1853 3550; x_wconf 85' lang='lat' dir='ltr'><strong>tuum</strong></span> <span class='ocrx_word' id='word_1_474' title='bbox 1886 3496 2054 3551; x_wconf 82' lang='lat' dir='ltr'><strong>videre</strong></span> 
     </span>
    </p>
   </div>
   <div class='ocr_carea' id='block_1_62' title="bbox 468 3588 2053 3657">
    <p class='ocr_par' dir='ltr' id='par_1_62' title="bbox 468 3588 2053 3657">
     <span class='ocr_line' id='line_1_62' title="bbox 468 3588 2053 3657; baseline -0.001 -16"><span class='ocrx_word' id='word_1_475' title='bbox 468 3588 856 3656; x_wconf 75' lang='lat' dir='ltr'><strong>corruptionem</strong></span> <span class='ocrx_word' id='word_1_476' title='bbox 877 3588 901 3619; x_wconf 82' lang='grc'><strong><em>⁵</em></strong></span> <span class='ocrx_word' id='word_1_477' title='bbox 929 3604 943 3653; x_wconf 89' lang='grc'><strong>;</strong></span> <span class='ocrx_word' id='word_1_478' title='bbox 977 3596 1035 3642; x_wconf 85' lang='grc' dir='ltr'><strong>ιιι</strong></span> <span class='ocrx_word' id='word_1_479' title='bbox 1084 3588 1187 3642; x_wconf 92' lang='lat' dir='ltr'><strong>sub</strong></span> <span class='ocrx_word' id='word_1_480' title='bbox 1216 3590 1392 3643; x_wconf 90' lang='lat' dir='ltr'><strong>sancti</strong></span> <span class='ocrx_word' id='word_1_481' title='bbox 1439 3589 1681 3653; x_wconf 88' lang='lat' dir='ltr'><strong>nomine,</strong></span> <span class='ocrx_word' id='word_1_482' title='bbox 1722 3602 1928 3657; x_wconf 87' lang='lat' dir='ltr'><strong>corpus</strong></span> <span class='ocrx_word' id='word_1_483' title='bbox 1960 3603 2053 3643; x_wconf 82' lang='lat' dir='ltr'><strong>ex-</strong></span> 
     </span>
    </p>
   </div>
   <div class='ocr_carea' id='block_1_63' title="bbox 470 3679 2053 3752">
    <p class='ocr_par' dir='ltr' id='par_1_63' title="bbox 470 3679 2053 3752">
     <span class='ocr_line' id='line_1_63' title="bbox 470 3679 2053 3752; baseline 0.001 -20"><span class='ocrx_word' id='word_1_484' title='bbox 470 3679 693 3749; x_wconf 84' lang='lat' dir='ltr'><strong>primat,</strong></span> <span class='ocrx_word' id='word_1_485' title='bbox 720 3681 1070 3749; x_wconf 88' lang='lat' dir='ltr'><strong>animamqne</strong></span> <span class='ocrx_word' id='word_1_486' title='bbox 1099 3680 1298 3737; x_wconf 86' lang='lat' dir='ltr'><strong>doceat</strong></span> <span class='ocrx_word' id='word_1_487' title='bbox 1320 3697 1389 3737; x_wconf 87' lang='lat' dir='ltr'><strong>ne</strong></span> <span class='ocrx_word' id='word_1_488' title='bbox 1415 3682 1561 3752; x_wconf 88' lang='lat' dir='ltr'><strong>apud</strong></span> <span class='ocrx_word' id='word_1_489' title='bbox 1593 3680 1800 3737; x_wconf 78' lang='lat' dir='ltr'><strong>inferos</strong></span> <span class='ocrx_word' id='word_1_490' title='bbox 1835 3681 2053 3751; x_wconf 83' lang='lat' dir='ltr'><strong>quidem</strong></span> 
     </span>
    </p>
   </div>
   <div class='ocr_carea' id='block_1_64' title="bbox 466 3771 2051 3843">
    <p class='ocr_par' dir='ltr' id='par_1_64' title="bbox 466 3771 2051 3843">
     <span class='ocr_line' id='line_1_64' title="bbox 466 3771 2051 3843; baseline -0.001 -17"><span class='ocrx_word' id='word_1_491' title='bbox 466 3771 811 3837; x_wconf 76' lang='lat' dir='ltr'><strong>destitutam,</strong></span> <span class='ocrx_word' id='word_1_492' title='bbox 844 3774 901 3826; x_wconf 88' lang='lat' dir='ltr'><strong>in</strong></span> <span class='ocrx_word' id='word_1_493' title='bbox 935 3788 1063 3843; x_wconf 89' lang='lat' dir='ltr'><strong>qua,</strong></span> <span class='ocrx_word' id='word_1_494' title='bbox 1106 3789 1232 3828; x_wconf 81' lang='lat' dir='ltr'><strong>cum</strong></span> <span class='ocrx_word' id='word_1_495' title='bbox 1278 3774 1332 3827; x_wconf 90' lang='lat' dir='ltr'><strong>in</strong></span> <span class='ocrx_word' id='word_1_496' title='bbox 1385 3774 1478 3827; x_wconf 82' lang='lat' dir='ltr'><strong>illo</strong></span> <span class='ocrx_word' id='word_1_497' title='bbox 1527 3774 1646 3827; x_wconf 86' lang='lat' dir='ltr'><strong>loco</strong></span> <span class='ocrx_word' id='word_1_498' title='bbox 1694 3772 2051 3835; x_wconf 81' lang='lat' dir='ltr'><strong>detineretur,</strong></span> 
     </span>
    </p>
   </div>
   <div class='ocr_carea' id='block_1_65' title="bbox 471 3861 2053 3934">
    <p class='ocr_par' dir='ltr' id='par_1_65' title="bbox 471 3861 2053 3934">
     <span class='ocr_line' id='line_1_65' title="bbox 471 3861 2053 3934; baseline 0 -19"><span class='ocrx_word' id='word_1_499' title='bbox 471 3862 569 3918; x_wconf 88' lang='lat' dir='ltr'><strong>Dei</strong></span> <span class='ocrx_word' id='word_1_500' title='bbox 618 3861 858 3918; x_wconf 76' lang='lat' dir='ltr'><strong>Verbum</strong></span> <span class='ocrx_word' id='word_1_501' title='bbox 905 3864 1102 3929; x_wconf 92' lang='lat' dir='ltr'><strong>inerat,</strong></span> <span class='ocrx_word' id='word_1_502' title='bbox 1148 3873 1207 3919; x_wconf 92' lang='lat' dir='ltr'><strong>ut</strong></span> <span class='ocrx_word' id='word_1_503' title='bbox 1245 3864 1389 3934; x_wconf 84' lang='lat' dir='ltr'><strong>quod</strong></span> <span class='ocrx_word' id='word_1_504' title='bbox 1439 3864 1509 3918; x_wconf 90' lang='lat' dir='ltr'><strong>ab</strong></span> <span class='ocrx_word' id='word_1_505' title='bbox 1553 3864 1816 3933; x_wconf 88' lang='lat' dir='ltr'><strong>apostolis</strong></span> <span class='ocrx_word' id='word_1_506' title='bbox 1846 3863 2053 3917; x_wconf 91' lang='lat' dir='ltr'><strong>dictum</strong></span> 
     </span>
    </p>
   </div>
   <div class='ocr_carea' id='block_1_66' title="bbox 470 3954 2056 4025">
    <p class='ocr_par' dir='ltr' id='par_1_66' title="bbox 470 3954 2056 4025">
     <span class='ocr_line' id='line_1_66' title="bbox 470 3954 2056 4025; baseline -0.003 -15"><span class='ocrx_word' id='word_1_507' title='bbox 470 3960 557 4010; x_wconf 87' lang='lat' dir='ltr'><strong>est</strong></span> <span class='ocrx_word' id='word_1_508' title='bbox 605 3954 783 4024; x_wconf 87' lang='lat' dir='ltr'><strong>reipsa</strong></span> <span class='ocrx_word' id='word_1_509' title='bbox 819 3954 1218 4025; x_wconf 81' lang='lat' dir='ltr'><strong>perficeretur:</strong></span> <span class='ocrx_word' id='word_1_510' title='bbox 1252 3954 1587 4025; x_wconf 58' lang='lat' dir='ltr'><strong>[inpossibile</strong></span> <span class='ocrx_word' id='word_1_511' title='bbox 1610 3956 1749 4009; x_wconf 84' lang='lat' dir='ltr'><strong>enim</strong></span> <span class='ocrx_word' id='word_1_512' title='bbox 1772 3967 1886 4010; x_wconf 86' lang='lat' dir='ltr'><strong>erat</strong></span> <span class='ocrx_word' id='word_1_513' title='bbox 1920 3955 2056 4007; x_wconf 83' lang='lat' dir='ltr'><strong>deti-</strong></span> 
     </span>
    </p>
   </div>
   <div class='ocr_carea' id='block_1_67' title="bbox 471 4044 2057 4117">
    <p class='ocr_par' dir='ltr' id='par_1_67' title="bbox 471 4044 2057 4117">
     <span class='ocr_line' id='line_1_67' title="bbox 471 4044 2057 4117; baseline -0.001 -16"><span class='ocrx_word' id='word_1_514' title='bbox 471 4047 589 4101; x_wconf 86' lang='lat' dir='ltr'><strong>neri</strong></span> <span class='ocrx_word' id='word_1_515' title='bbox 612 4047 767 4100; x_wconf 82' lang='lat' dir='ltr'><strong>illum</strong></span> <span class='ocrx_word' id='word_1_516' title='bbox 798 4047 862 4100; x_wconf 90' lang='lat' dir='ltr'><strong>ab</strong></span> <span class='ocrx_word' id='word_1_517' title='bbox 891 4047 1075 4117; x_wconf 77' lang='lat' dir='ltr'><strong>inferis</strong></span> <span class='ocrx_word' id='word_1_518' title='bbox 1102 4048 1145 4104; x_wconf 78' lang='grc'><strong>⁵.</strong></span> <span class='ocrx_word' id='word_1_519' title='bbox 1200 4046 1344 4114; x_wconf 82' lang='lat' dir='ltr'><strong>Quid</strong></span> <span class='ocrx_word' id='word_1_520' title='bbox 1386 4054 1472 4103; x_wconf 90' lang='lat' dir='ltr'><strong>est</strong></span> <span class='ocrx_word' id='word_1_521' title='bbox 1519 4047 1665 4117; x_wconf 88' lang='lat' dir='ltr'><strong>quod</strong></span> <span class='ocrx_word' id='word_1_522' title='bbox 1720 4044 2057 4116; x_wconf 91' lang='lat' dir='ltr'><strong>impossibile</strong></span> 
     </span>
    </p>
   </div>
   <div class='ocr_carea' id='block_1_68' title="bbox 472 4140 2056 4213">
    <p class='ocr_par' dir='ltr' id='par_1_68' title="bbox 472 4140 2056 4213">
     <span class='ocr_line' id='line_1_68' title="bbox 472 4140 2056 4213; baseline 0 -18"><span class='ocrx_word' id='word_1_523' title='bbox 472 4141 642 4196; x_wconf 80' lang='lat' dir='ltr'><strong>fuisse</strong></span> <span class='ocrx_word' id='word_1_524' title='bbox 694 4152 903 4205; x_wconf 85' lang='lat' dir='ltr'><strong>narrat,</strong></span> <span class='ocrx_word' id='word_1_525' title='bbox 955 4142 1061 4198; x_wconf 91' lang='lat' dir='ltr'><strong>nisi</strong></span> <span class='ocrx_word' id='word_1_526' title='bbox 1107 4142 1252 4213; x_wconf 89' lang='lat' dir='ltr'><strong>quod</strong></span> <span class='ocrx_word' id='word_1_527' title='bbox 1293 4151 1348 4199; x_wconf 89' lang='lat' dir='ltr'><strong>et</strong></span> <span class='ocrx_word' id='word_1_528' title='bbox 1390 4158 1542 4197; x_wconf 88' lang='lat' dir='ltr'><strong>mors</strong></span> <span class='ocrx_word' id='word_1_529' title='bbox 1600 4150 1653 4196; x_wconf 88' lang='lat' dir='ltr'><strong>et</strong></span> <span class='ocrx_word' id='word_1_530' title='bbox 1700 4140 1858 4195; x_wconf 76' lang='lat' dir='ltr'><strong>inferi</strong></span> <span class='ocrx_word' id='word_1_531' title='bbox 1908 4140 2056 4195; x_wconf 89' lang='lat' dir='ltr'><strong>illius</strong></span> 
     </span>
    </p>
   </div>
   <div class='ocr_carea' id='block_1_69' title="bbox 470 4223 2057 4298">
    <p class='ocr_par' dir='ltr' id='par_1_69' title="bbox 470 4223 2057 4298">
     <span class='ocr_line' id='line_1_69' title="bbox 470 4223 2057 4298; baseline 0 -13"><span class='ocrx_word' id='word_1_532' title='bbox 470 4232 709 4286; x_wconf 74' lang='lat' dir='ltr'><strong>annnam</strong></span> <span class='ocrx_word' id='word_1_533' title='bbox 739 4233 984 4289; x_wconf 83' lang='lat' dir='ltr'><strong>detinere</strong></span> <span class='ocrx_word' id='word_1_534' title='bbox 1026 4223 1333 4298; x_wconf 82' lang='lat' dir='ltr'><strong>studerent,</strong></span> <span class='ocrx_word' id='word_1_535' title='bbox 1380 4233 1497 4288; x_wconf 81' lang='lat' dir='ltr'><strong>ﬁeri</strong></span> <span class='ocrx_word' id='word_1_536' title='bbox 1536 4240 1719 4287; x_wconf 87' lang='lat' dir='ltr'><strong>tamen</strong></span> <span class='ocrx_word' id='word_1_537' title='bbox 1754 4232 1825 4286; x_wconf 89' lang='lat' dir='ltr'><strong>ob</strong></span> <span class='ocrx_word' id='word_1_538' title='bbox 1856 4231 2057 4286; x_wconf 73' lang='lat' dir='ltr'><strong>divini~</strong></span> 
     </span>
    </p>
   </div>
   <div class='ocr_carea' id='block_1_70' title="bbox 471 4321 2056 4394">
    <p class='ocr_par' dir='ltr' id='par_1_70' title="bbox 471 4321 2056 4394">
     <span class='ocr_line' id='line_1_70' title="bbox 471 4321 2056 4394; baseline 0.001 -18"><span class='ocrx_word' id='word_1_539' title='bbox 471 4330 638 4377; x_wconf 88' lang='lat' dir='ltr'><strong>tatem</strong></span> <span class='ocrx_word' id='word_1_540' title='bbox 663 4339 775 4378; x_wconf 84' lang='lat' dir='ltr'><strong>non</strong></span> <span class='ocrx_word' id='word_1_541' title='bbox 808 4326 1007 4394; x_wconf 86' lang='lat' dir='ltr'><strong>potuit.</strong></span> <span class='ocrx_word' id='word_1_542' title='bbox 1037 4333 1096 4379; x_wconf 89' lang='lat' dir='ltr'><strong>ut</strong></span> <span class='ocrx_word' id='word_1_543' title='bbox 1122 4326 1191 4380; x_wconf 88' lang='lat' dir='ltr'><strong>ab</strong></span> <span class='ocrx_word' id='word_1_544' title='bbox 1217 4325 1328 4379; x_wconf 88' lang='lat' dir='ltr'><strong>illis</strong></span> <span class='ocrx_word' id='word_1_545' title='bbox 1356 4324 1744 4380; x_wconf 84' lang='lat' dir='ltr'><strong>coerceretur?</strong></span> <span class='ocrx_word' id='word_1_546' title='bbox 1775 4321 1896 4377; x_wconf 54' lang='grc' dir='ltr'><strong>μω</strong></span> <span class='ocrx_word' id='word_1_547' title='bbox 1928 4338 2056 4378; x_wconf 90' lang='lat' dir='ltr'><strong>vero</strong></span> 
     </span>
    </p>
   </div>
   <div class='ocr_carea' id='block_1_71' title="bbox 471 4414 2052 4485">
    <p class='ocr_par' dir='ltr' id='par_1_71' title="bbox 471 4414 2052 4485">
     <span class='ocr_line' id='line_1_71' title="bbox 471 4414 2052 4485; baseline -0.001 -16"><span class='ocrx_word' id='word_1_548' title='bbox 471 4414 519 4469; x_wconf 80' lang='lat' dir='ltr'><strong>si</strong></span> <span class='ocrx_word' id='word_1_549' title='bbox 542 4415 613 4468; x_wconf 92' lang='lat' dir='ltr'><strong>ob</strong></span> <span class='ocrx_word' id='word_1_550' title='bbox 642 4414 979 4471; x_wconf 84' lang='lat' dir='ltr'><strong>divinitatem</strong></span> <span class='ocrx_word' id='word_1_551' title='bbox 1013 4416 1185 4485; x_wconf 86' lang='lat' dir='ltr'><strong>ipsam</strong></span> <span class='ocrx_word' id='word_1_552' title='bbox 1215 4416 1486 4471; x_wconf 81' lang='lat' dir='ltr'><strong>contineri</strong></span> <span class='ocrx_word' id='word_1_553' title='bbox 1510 4416 1690 4469; x_wconf 88' lang='lat' dir='ltr'><strong>anima</strong></span> <span class='ocrx_word' id='word_1_554' title='bbox 1719 4431 1826 4469; x_wconf 92' lang='lat' dir='ltr'><strong>non</strong></span> <span class='ocrx_word' id='word_1_555' title='bbox 1858 4414 2052 4485; x_wconf 89' lang='lat' dir='ltr'><strong>potuit,</strong></span> 
     </span>
    </p>
   </div>
   <div class='ocr_carea' id='block_1_72' title="bbox 2226 2943 3746 3025">
    <p class='ocr_par' dir='ltr' id='par_1_72' title="bbox 2226 2943 3746 3025">
     <span class='ocr_line' id='line_1_72' title="bbox 2226 2943 3746 3025; baseline -0.007 -16"><span class='ocrx_word' id='word_1_556' title='bbox 2226 2955 2342 3011; x_wconf 74' lang='lat' dir='ltr'><strong>EI&quot;.</strong></span> <span class='ocrx_word' id='word_1_557' title='bbox 2377 2956 2476 3009; x_wconf 85' lang='grc' dir='ltr'><strong>Διά</strong></span> <span class='ocrx_word' id='word_1_558' title='bbox 2496 2955 2654 3009; x_wconf 71' lang='grc' dir='ltr'>τοῦτο</span> <span class='ocrx_word' id='word_1_559' title='bbox 2680 2954 2845 3008; x_wconf 78' lang='grc' dir='ltr'>πάλιν</span> <span class='ocrx_word' id='word_1_560' title='bbox 2859 2956 2916 3007; x_wconf 80' lang='grc' dir='ltr'>ὲν</span> <span class='ocrx_word' id='word_1_561' title='bbox 2937 2952 3108 3025; x_wconf 78' lang='grc' dir='ltr'>ἑτέρῳ</span> <span class='ocrx_word' id='word_1_562' title='bbox 3130 2950 3315 3022; x_wconf 74' lang='grc' dir='ltr'>φησὶν,</span> <span class='ocrx_word' id='word_1_563' title='bbox 3347 2947 3537 3019; x_wconf 75' lang='grc' dir='ltr'>ἐπειδὴ</span> <span class='ocrx_word' id='word_1_564' title='bbox 3563 2943 3746 3000; x_wconf 78' lang='grc' dir='ltr'>εἶπεν·</span> 
     </span>
    </p>
   </div>
   <div class='ocr_carea' id='block_1_73' title="bbox 2157 3039 3747 3119">
    <p class='ocr_par' dir='ltr' id='par_1_73' title="bbox 2157 3039 3747 3119">
     <span class='ocr_line' id='line_1_73' title="bbox 2157 3039 3747 3119; baseline -0.005 -16"><span class='ocrx_word' id='word_1_565' title='bbox 2157 3050 2281 3103; x_wconf 80' lang='grc' dir='ltr'><strong>Ἵνα</strong></span> <span class='ocrx_word' id='word_1_566' title='bbox 2303 3050 2359 3101; x_wconf 84' lang='grc' dir='ltr'><strong>τι</strong></span> <span class='ocrx_word' id='word_1_567' title='bbox 2380 3047 2764 3119; x_wconf 70' lang='grc' dir='ltr'>ἐγκατέλιπές</span> <span class='ocrx_word' id='word_1_568' title='bbox 2782 3064 2896 3116; x_wconf 78' lang='grc' dir='ltr'>με;</span> <span class='ocrx_word' id='word_1_569' title='bbox 2923 3039 3023 3098; x_wconf 84' lang='grc' dir='ltr'>ὧδε</span> <span class='ocrx_word' id='word_1_570' title='bbox 3062 3045 3229 3114; x_wconf 82' lang='grc' dir='ltr'>λέγει·</span> <span class='ocrx_word' id='word_1_571' title='bbox 3263 3045 3345 3096; x_wconf 87' lang='grc' dir='ltr'><strong>Οὐ</strong></span> <span class='ocrx_word' id='word_1_572' title='bbox 3363 3043 3448 3113; x_wconf 77' lang='grc' dir='ltr'>μή</span> <span class='ocrx_word' id='word_1_573' title='bbox 3483 3058 3559 3096; x_wconf 85' lang='grc' dir='ltr'><strong>σε</strong></span> <span class='ocrx_word' id='word_1_574' title='bbox 3594 3041 3747 3104; x_wconf 74' lang='grc' dir='ltr'><strong>ἀνῶ,</strong></span> 
     </span>
    </p>
   </div>
   <div class='ocr_carea' id='block_1_74' title="bbox 2156 3134 3750 3209">
    <p class='ocr_par' dir='ltr' id='par_1_74' title="bbox 2156 3134 3750 3209">
     <span class='ocr_line' id='line_1_74' title="bbox 2156 3134 3750 3209; baseline -0.005 -15"><span class='ocrx_word' id='word_1_575' title='bbox 2156 3140 2282 3194; x_wconf 79' lang='grc' dir='ltr'>οὐδ’</span> <span class='ocrx_word' id='word_1_576' title='bbox 2316 3142 2391 3194; x_wconf 85' lang='grc' dir='ltr'>οὑ</span> <span class='ocrx_word' id='word_1_577' title='bbox 2412 3139 2496 3209; x_wconf 81' lang='grc' dir='ltr'>μή</span> <span class='ocrx_word' id='word_1_578' title='bbox 2523 3155 2597 3193; x_wconf 86' lang='grc' dir='ltr'><strong>σε</strong></span> <span class='ocrx_word' id='word_1_579' title='bbox 2620 3138 3051 3209; x_wconf 68' lang='grc' dir='ltr'>ἐγκαταλείπω.</span> <span class='ocrx_word' id='word_1_580' title='bbox 3083 3137 3235 3190; x_wconf 85' lang='grc' dir='ltr'><strong>Ἔδει</strong></span> <span class='ocrx_word' id='word_1_581' title='bbox 3258 3135 3368 3207; x_wconf 80' lang='grc' dir='ltr'><strong>γὰρ</strong></span> <span class='ocrx_word' id='word_1_582' title='bbox 3395 3135 3651 3204; x_wconf 74' lang='grc' dir='ltr'>γενέσθαι</span> <span class='ocrx_word' id='word_1_583' title='bbox 3682 3134 3750 3187; x_wconf 77' lang='grc' dir='ltr'><strong>τὸ</strong></span> 
     </span>
    </p>
   </div>
   <div class='ocr_carea' id='block_1_75' title="bbox 2155 3226 3746 3304">
    <p class='ocr_par' dir='ltr' id='par_1_75' title="bbox 2155 3226 3746 3304">
     <span class='ocr_line' id='line_1_75' title="bbox 2155 3226 3746 3304; baseline -0.004 -19"><span class='ocrx_word' id='word_1_584' title='bbox 2155 3233 2449 3304; x_wconf 83' lang='grc' dir='ltr'>τριήμερον</span> <span class='ocrx_word' id='word_1_585' title='bbox 2479 3232 2635 3300; x_wconf 90' lang='grc' dir='ltr'>σῶμα</span> <span class='ocrx_word' id='word_1_586' title='bbox 2662 3232 2718 3283; x_wconf 80' lang='grc' dir='ltr'><strong>ὲν</strong></span> <span class='ocrx_word' id='word_1_587' title='bbox 2735 3230 2811 3300; x_wconf 82' lang='grc' dir='ltr'>τῷ</span> <span class='ocrx_word' id='word_1_588' title='bbox 2831 3231 3094 3301; x_wconf 77' lang='grc' dir='ltr'><strong>μνήματι,</strong></span> <span class='ocrx_word' id='word_1_589' title='bbox 3114 3229 3200 3281; x_wconf 84' lang='grc' dir='ltr'>ἵνα</span> <span class='ocrx_word' id='word_1_590' title='bbox 3222 3227 3479 3300; x_wconf 76' lang='grc' dir='ltr'>πληρωθῇ</span> <span class='ocrx_word' id='word_1_591' title='bbox 3499 3226 3559 3279; x_wconf 72' lang='grc' dir='ltr'>τὸ</span> <span class='ocrx_word' id='word_1_592' title='bbox 3590 3230 3746 3298; x_wconf 80' lang='grc' dir='ltr'>εἱρηο</span> 
     </span>
    </p>
   </div>
   <div class='ocr_carea' id='block_1_76' title="bbox 2161 3320 3747 3394">
    <p class='ocr_par' dir='ltr' id='par_1_76' title="bbox 2161 3320 3747 3394">
     <span class='ocr_line' id='line_1_76' title="bbox 2161 3320 3747 3394; baseline -0.004 -18"><span class='ocrx_word' id='word_1_593' title='bbox 2161 3323 2339 3394; x_wconf 86' lang='grc' dir='ltr'>μένον·</span> <span class='ocrx_word' id='word_1_594' title='bbox 2387 3323 2495 3376; x_wconf 80' lang='grc' dir='ltr'><strong>Καὶ</strong></span> <span class='ocrx_word' id='word_1_595' title='bbox 2528 3322 2824 3392; x_wconf 72' lang='grc' dir='ltr'><strong>ἐγενόμην</strong></span> <span class='ocrx_word' id='word_1_596' title='bbox 2867 3321 2935 3374; x_wconf 77' lang='grc' dir='ltr'>ἐν</span> <span class='ocrx_word' id='word_1_597' title='bbox 2982 3320 3217 3388; x_wconf 74' lang='grc' dir='ltr'>νεκροῖς</span> <span class='ocrx_word' id='word_1_598' title='bbox 3254 3320 3591 3386; x_wconf 74' lang='grc' dir='ltr'>ἐλεύθερος⁸</span> <span class='ocrx_word' id='word_1_599' title='bbox 3628 3320 3747 3384; x_wconf 68' lang='grc' dir='ltr'>καὶ,</span> 
     </span>
    </p>
   </div>
   <div class='ocr_carea' id='block_1_77' title="bbox 2169 3399 3743 3483">
    <p class='ocr_par' dir='ltr' id='par_1_77' title="bbox 2169 3399 3743 3483">
     <span class='ocr_line' id='line_1_77' title="bbox 2169 3399 3743 3483; baseline -0.003 -16"><span class='ocrx_word' id='word_1_600' title='bbox 2169 3399 2630 3483; x_wconf 66' lang='grc' dir='ltr'><strong>’Λπέῤῥιψάνίιε</strong></span> <span class='ocrx_word' id='word_1_601' title='bbox 2658 3414 2766 3465; x_wconf 73' lang='grc' dir='ltr'><strong>τὸν</strong></span> <span class='ocrx_word' id='word_1_602' title='bbox 2802 3410 3131 3480; x_wconf 73' lang='grc' dir='ltr'>ἀγαπητὸν,</span> <span class='ocrx_word' id='word_1_603' title='bbox 3160 3411 3302 3463; x_wconf 77' lang='grc' dir='ltr'>ὡσεὶ</span> <span class='ocrx_word' id='word_1_604' title='bbox 3333 3409 3550 3477; x_wconf 71' lang='grc' dir='ltr'><em>νεκρὸν</em></span> <span class='ocrx_word' id='word_1_605' title='bbox 3581 3409 3743 3463; x_wconf 63' lang='lat'>£668-</span> 
     </span>
    </p>
   </div>
   <div class='ocr_carea' id='block_1_78' title="bbox 2154 3500 3750 3573">
    <p class='ocr_par' dir='ltr' id='par_1_78' title="bbox 2154 3500 3750 3573">
     <span class='ocr_line' id='line_1_78' title="bbox 2154 3500 3750 3573; baseline -0.003 -16"><span class='ocrx_word' id='word_1_606' title='bbox 2154 3502 2477 3572; x_wconf 66' lang='grc' dir='ltr'><strong>λυῃλένογ.</strong></span> <span class='ocrx_word' id='word_1_607' title='bbox 2496 3502 2608 3555; x_wconf 66' lang='grc' dir='ltr'><strong>Καὶ</strong></span> <span class='ocrx_word' id='word_1_608' title='bbox 2635 3502 2722 3555; x_wconf 80' lang='grc' dir='ltr'><strong>ἵνα</strong></span> <span class='ocrx_word' id='word_1_609' title='bbox 2738 3501 3021 3573; x_wconf 76' lang='grc' dir='ltr'>πληρωθῇ,</span> <span class='ocrx_word' id='word_1_610' title='bbox 3044 3503 3125 3554; x_wconf 78' lang='grc' dir='ltr'><strong>Οὐ</strong></span> <span class='ocrx_word' id='word_1_611' title='bbox 3155 3500 3369 3566; x_wconf 80' lang='grc' dir='ltr'><strong>δώσεις</strong></span> <span class='ocrx_word' id='word_1_612' title='bbox 3398 3500 3505 3553; x_wconf 77' lang='grc' dir='ltr'><strong>τὸν</strong></span> <span class='ocrx_word' id='word_1_613' title='bbox 3536 3501 3750 3553; x_wconf 60' lang='lat' dir='ltr'><strong>&quot;0076a-</strong></span> 
     </span>
    </p>
   </div>
   <div class='ocr_carea' id='block_1_79' title="bbox 2156 3590 3747 3665">
    <p class='ocr_par' dir='ltr' id='par_1_79' title="bbox 2156 3590 3747 3665">
     <span class='ocr_line' id='line_1_79' title="bbox 2156 3590 3747 3665; baseline -0.003 -18"><span class='ocrx_word' id='word_1_614' title='bbox 2156 3608 2272 3647; x_wconf 83' lang='grc' dir='ltr'><strong>σου</strong></span> <span class='ocrx_word' id='word_1_615' title='bbox 2319 3592 2467 3657; x_wconf 75' lang='grc' dir='ltr'>ἰδεῖν</span> <span class='ocrx_word' id='word_1_616' title='bbox 2501 3591 2850 3662; x_wconf 70' lang='grc' dir='ltr'>διαφθοράν-⁸</span> <span class='ocrx_word' id='word_1_617' title='bbox 2907 3593 2995 3645; x_wconf 86' lang='grc' dir='ltr'>ἴνα</span> <span class='ocrx_word' id='word_1_618' title='bbox 3042 3593 3189 3665; x_wconf 79' lang='grc' dir='ltr'>δείξῃ</span> <span class='ocrx_word' id='word_1_619' title='bbox 3233 3592 3293 3644; x_wconf 78' lang='grc' dir='ltr'>τὸ</span> <span class='ocrx_word' id='word_1_620' title='bbox 3325 3593 3470 3645; x_wconf 80' lang='grc' dir='ltr'>ὅσιον</span> <span class='ocrx_word' id='word_1_621' title='bbox 3510 3590 3602 3643; x_wconf 71' lang='grc' dir='ltr'>διὰ</span> <span class='ocrx_word' id='word_1_622' title='bbox 3647 3592 3747 3643; x_wconf 73' lang='grc' dir='ltr'>τοῦ</span> 
     </span>
    </p>
   </div>
   <div class='ocr_carea' id='block_1_80' title="bbox 2158 3684 3747 3758">
    <p class='ocr_par' dir='ltr' id='par_1_80' title="bbox 2158 3684 3747 3758">
     <span class='ocr_line' id='line_1_80' title="bbox 2158 3684 3747 3758; baseline -0.003 -17"><span class='ocrx_word' id='word_1_623' title='bbox 2158 3687 2429 3757; x_wconf 80' lang='grc' dir='ltr'>σώματος,</span> <span class='ocrx_word' id='word_1_624' title='bbox 2463 3688 2554 3739; x_wconf 79' lang='grc' dir='ltr'><strong>καὶ</strong></span> <span class='ocrx_word' id='word_1_625' title='bbox 2577 3687 2664 3740; x_wconf 83' lang='grc' dir='ltr'><strong>ἵνα</strong></span> <span class='ocrx_word' id='word_1_626' title='bbox 2685 3686 2832 3758; x_wconf 79' lang='grc' dir='ltr'>δείξῃ</span> <span class='ocrx_word' id='word_1_627' title='bbox 2860 3688 2997 3757; x_wconf 84' lang='grc' dir='ltr'>μήτε</span> <span class='ocrx_word' id='word_1_628' title='bbox 3018 3686 3194 3757; x_wconf 69' lang='grc' dir='ltr'>ψυχὴν</span> <span class='ocrx_word' id='word_1_629' title='bbox 3224 3684 3747 3754; x_wconf 71' lang='grc' dir='ltr'>ἐγκαταλειφθεῖσαν</span> 
     </span>
    </p>
   </div>
   <div class='ocr_carea' id='block_1_81' title="bbox 2157 3773 3745 3851">
    <p class='ocr_par' dir='ltr' id='par_1_81' title="bbox 2157 3773 3745 3851">
     <span class='ocr_line' id='line_1_81' title="bbox 2157 3773 3745 3851; baseline -0.004 -22"><span class='ocrx_word' id='word_1_630' title='bbox 2157 3778 2215 3830; x_wconf 79' lang='grc' dir='ltr'><strong>ὲν</strong></span> <span class='ocrx_word' id='word_1_631' title='bbox 2242 3777 2364 3851; x_wconf 72' lang='grc' dir='ltr'><strong>ᾄδῃ.</strong></span> <span class='ocrx_word' id='word_1_632' title='bbox 2407 3778 2495 3829; x_wconf 84' lang='grc' dir='ltr'><strong>Ἐν</strong></span> <span class='ocrx_word' id='word_1_633' title='bbox 2533 3777 2671 3848; x_wconf 80' lang='grc' dir='ltr'>αὐτῇ</span> <span class='ocrx_word' id='word_1_634' title='bbox 2704 3776 2812 3848; x_wconf 83' lang='grc' dir='ltr'><strong>γὰρ</strong></span> <span class='ocrx_word' id='word_1_635' title='bbox 2839 3775 2926 3829; x_wconf 78' lang='grc' dir='ltr'>διὰ</span> <span class='ocrx_word' id='word_1_636' title='bbox 2958 3775 3056 3847; x_wconf 85' lang='grc' dir='ltr'><strong>τῆς</strong></span> <span class='ocrx_word' id='word_1_637' title='bbox 3086 3775 3410 3845; x_wconf 85' lang='grc' dir='ltr'>κατακωχῆς</span> <span class='ocrx_word' id='word_1_638' title='bbox 3444 3775 3501 3825; x_wconf 79' lang='grc' dir='ltr'>ἐν</span> <span class='ocrx_word' id='word_1_639' title='bbox 3532 3773 3612 3843; x_wconf 80' lang='grc' dir='ltr'>τῷ</span> <span class='ocrx_word' id='word_1_640' title='bbox 3642 3773 3745 3844; x_wconf 69' lang='grc' dir='ltr'><strong>ᾅδῃ</strong></span> 
     </span>
    </p>
   </div>
   <div class='ocr_carea' id='block_1_82' title="bbox 2155 3863 3745 3939">
    <p class='ocr_par' dir='ltr' id='par_1_82' title="bbox 2155 3863 3745 3939">
     <span class='ocr_line' id='line_1_82' title="bbox 2155 3863 3745 3939; baseline -0.003 -19"><span class='ocrx_word' id='word_1_641' title='bbox 2155 3864 2222 3939; x_wconf 79' lang='grc' dir='ltr'><strong>ἦν</strong></span> <span class='ocrx_word' id='word_1_642' title='bbox 2248 3871 2275 3922; x_wconf 90' lang='lat'><strong>6</strong></span> <span class='ocrx_word' id='word_1_643' title='bbox 2296 3868 2428 3932; x_wconf 86' lang='grc' dir='ltr'>Θεὸς</span> <span class='ocrx_word' id='word_1_644' title='bbox 2449 3869 2637 3936; x_wconf 80' lang='grc' dir='ltr'>Λόγος,</span> <span class='ocrx_word' id='word_1_645' title='bbox 2662 3868 2749 3921; x_wconf 78' lang='grc' dir='ltr'>ἵνα</span> <span class='ocrx_word' id='word_1_646' title='bbox 2777 3867 2882 3938; x_wconf 84' lang='grc' dir='ltr'><strong>πλη</strong></span> <span class='ocrx_word' id='word_1_647' title='bbox 2892 3863 3038 3937; x_wconf 79' lang='grc' dir='ltr'>ρώσῃ</span> <span class='ocrx_word' id='word_1_648' title='bbox 3065 3866 3125 3918; x_wconf 84' lang='grc' dir='ltr'><strong>τὸ</strong></span> <span class='ocrx_word' id='word_1_649' title='bbox 3150 3867 3195 3917; x_wconf 78' lang='grc' dir='ltr'><strong>εί</strong></span> <span class='ocrx_word' id='word_1_650' title='bbox 3203 3883 3269 3937; x_wconf 53' lang='lat' dir='ltr'><strong>pr,</strong></span> <span class='ocrx_word' id='word_1_651' title='bbox 3280 3864 3436 3936; x_wconf 78' lang='grc' dir='ltr'>μένον</span> <span class='ocrx_word' id='word_1_652' title='bbox 3460 3864 3612 3935; x_wconf 79' lang='grc' dir='ltr'>παρᾶ</span> <span class='ocrx_word' id='word_1_653' title='bbox 3633 3864 3745 3917; x_wconf 81' lang='grc' dir='ltr'><strong>τῶν</strong></span> 
     </span>
    </p>
   </div>
   <div class='ocr_carea' id='block_1_83' title="bbox 2157 3952 3746 4027">
    <p class='ocr_par' dir='ltr' id='par_1_83' title="bbox 2157 3952 3746 4027">
     <span class='ocr_line' id='line_1_83' title="bbox 2157 3952 3746 4027; baseline -0.001 -16"><span class='ocrx_word' id='word_1_654' title='bbox 2157 3957 2488 4011; x_wconf 77' lang='grc' dir='ltr'>ἀποστόλων·</span> <span class='ocrx_word' id='word_1_655' title='bbox 2550 3956 2878 4015; x_wconf 78' lang='grc' dir='ltr'>Ἀδύνατον</span> <span class='ocrx_word' id='word_1_656' title='bbox 2918 3957 3029 4026; x_wconf 77' lang='grc' dir='ltr'>γὰρ</span> <span class='ocrx_word' id='word_1_657' title='bbox 3054 3952 3134 4027; x_wconf 77' lang='grc' dir='ltr'><strong>ἦν</strong></span> <span class='ocrx_word' id='word_1_658' title='bbox 3173 3954 3513 4024; x_wconf 74' lang='grc' dir='ltr'>κρατεῖσθαι</span> <span class='ocrx_word' id='word_1_659' title='bbox 3552 3956 3746 4009; x_wconf 72' lang='grc' dir='ltr'>αὐτὸν</span> 
     </span>
    </p>
   </div>
   <div class='ocr_carea' id='block_1_84' title="bbox 2157 4046 3742 4116">
    <p class='ocr_par' dir='ltr' id='par_1_84' title="bbox 2157 4046 3742 4116">
     <span class='ocr_line' id='line_1_84' title="bbox 2157 4046 3742 4116; baseline -0.003 -13"><span class='ocrx_word' id='word_1_660' title='bbox 2157 4050 2274 4103; x_wconf 80' lang='grc' dir='ltr'><strong>ὑπὸ</strong></span> <span class='ocrx_word' id='word_1_661' title='bbox 2314 4048 2423 4103; x_wconf 83' lang='grc' dir='ltr'>τοῦ</span> <span class='ocrx_word' id='word_1_662' title='bbox 2463 4048 2631 4116; x_wconf 81' lang='grc' dir='ltr'>ᾅδου.</span> <span class='ocrx_word' id='word_1_663' title='bbox 2670 4049 2783 4101; x_wconf 77' lang='grc' dir='ltr'><strong>Καὶ</strong></span> <span class='ocrx_word' id='word_1_664' title='bbox 2815 4048 2959 4111; x_wconf 84' lang='grc' dir='ltr'>τίνος</span> <span class='ocrx_word' id='word_1_665' title='bbox 2991 4049 3155 4102; x_wconf 77' lang='grc' dir='ltr'>ἓνεκα</span> <span class='ocrx_word' id='word_1_666' title='bbox 3186 4048 3246 4100; x_wconf 87' lang='grc' dir='ltr'><strong>τὸ</strong></span> <span class='ocrx_word' id='word_1_667' title='bbox 3280 4046 3537 4100; x_wconf 76' lang='grc' dir='ltr'>ἀδύνατον</span> <span class='ocrx_word' id='word_1_668' title='bbox 3566 4046 3742 4115; x_wconf 80' lang='grc' dir='ltr'>λέγει,</span> 
     </span>
    </p>
   </div>
   <div class='ocr_carea' id='block_1_85' title="bbox 2158 4137 3739 4210">
    <p class='ocr_par' dir='ltr' id='par_1_85' title="bbox 2158 4137 3739 4210">
     <span class='ocr_line' id='line_1_85' title="bbox 2158 4137 3739 4210; baseline -0.002 -17"><span class='ocrx_word' id='word_1_669' title='bbox 2158 4140 2272 4193; x_wconf 82' lang='grc' dir='ltr'>ἀλλ’</span> <span class='ocrx_word' id='word_1_670' title='bbox 2317 4141 2400 4193; x_wconf 84' lang='grc' dir='ltr'>ὃτι</span> <span class='ocrx_word' id='word_1_671' title='bbox 2433 4139 2659 4192; x_wconf 76' lang='grc' dir='ltr'>ἔσπευδε</span> <span class='ocrx_word' id='word_1_672' title='bbox 2698 4140 2795 4210; x_wconf 81' lang='grc' dir='ltr'>μὲν</span> <span class='ocrx_word' id='word_1_673' title='bbox 2829 4142 2858 4193; x_wconf 86' lang='lat'><strong>6</strong></span> <span class='ocrx_word' id='word_1_674' title='bbox 2896 4140 3127 4202; x_wconf 81' lang='grc' dir='ltr'>Θάνατος</span> <span class='ocrx_word' id='word_1_675' title='bbox 3178 4140 3272 4192; x_wconf 70' lang='grc' dir='ltr'>καὶ</span> <span class='ocrx_word' id='word_1_676' title='bbox 3309 4140 3336 4190; x_wconf 89' lang='lat'><strong>6</strong></span> <span class='ocrx_word' id='word_1_677' title='bbox 3385 4137 3516 4209; x_wconf 76' lang='grc' dir='ltr'>ᾅδης</span> <span class='ocrx_word' id='word_1_678' title='bbox 3568 4154 3739 4191; x_wconf 84' lang='grc' dir='ltr'>κατα-</span> 
     </span>
    </p>
   </div>
   <div class='ocr_carea' id='block_1_86' title="bbox 2159 4228 3743 4303">
    <p class='ocr_par' dir='ltr' id='par_1_86' title="bbox 2159 4228 3743 4303">
     <span class='ocr_line' id='line_1_86' title="bbox 2159 4228 3743 4303; baseline -0.001 -19"><span class='ocrx_word' id='word_1_679' title='bbox 2159 4235 2308 4302; x_wconf 81' lang='grc' dir='ltr'>σχεῖν</span> <span class='ocrx_word' id='word_1_680' title='bbox 2339 4232 2540 4303; x_wconf 72' lang='grc' dir='ltr'>ψυχὴν,</span> <span class='ocrx_word' id='word_1_681' title='bbox 2576 4232 2837 4286; x_wconf 82' lang='grc' dir='ltr'>ἀδύνατον</span> <span class='ocrx_word' id='word_1_682' title='bbox 2867 4233 2924 4285; x_wconf 85' lang='grc' dir='ltr'>δὲ</span> <span class='ocrx_word' id='word_1_683' title='bbox 2955 4228 3025 4303; x_wconf 80' lang='grc' dir='ltr'>ἧν</span> <span class='ocrx_word' id='word_1_684' title='bbox 3053 4230 3151 4302; x_wconf 80' lang='grc' dir='ltr'>τὴν</span> <span class='ocrx_word' id='word_1_685' title='bbox 3171 4230 3348 4301; x_wconf 76' lang='grc' dir='ltr'>ψυχὴν</span> <span class='ocrx_word' id='word_1_686' title='bbox 3377 4229 3539 4283; x_wconf 77' lang='grc' dir='ltr'>αὐτοῦ</span> <span class='ocrx_word' id='word_1_687' title='bbox 3570 4248 3743 4283; x_wconf 72' lang='grc' dir='ltr'>κατι-</span> 
     </span>
    </p>
   </div>
   <div class='ocr_carea' id='block_1_87' title="bbox 2159 4317 3741 4396">
    <p class='ocr_par' dir='ltr' id='par_1_87' title="bbox 2159 4317 3741 4396">
     <span class='ocr_line' id='line_1_87' title="bbox 2159 4317 3741 4396; baseline -0.004 -18"><span class='ocrx_word' id='word_1_688' title='bbox 2159 4325 2414 4396; x_wconf 77' lang='grc' dir='ltr'>σχεθῆναι</span> <span class='ocrx_word' id='word_1_689' title='bbox 2454 4325 2541 4377; x_wconf 77' lang='grc' dir='ltr'><strong>διὰ</strong></span> <span class='ocrx_word' id='word_1_690' title='bbox 2577 4325 2675 4396; x_wconf 81' lang='grc' dir='ltr'><strong>τὴν</strong></span> <span class='ocrx_word' id='word_1_691' title='bbox 2706 4324 2965 4394; x_wconf 86' lang='grc' dir='ltr'>θεότητα;</span> <span class='ocrx_word' id='word_1_692' title='bbox 3005 4323 3064 4375; x_wconf 83' lang='grc' dir='ltr'>Εί</span> <span class='ocrx_word' id='word_1_693' title='bbox 3098 4322 3155 4374; x_wconf 85' lang='grc' dir='ltr'>δὲ</span> <span class='ocrx_word' id='word_1_694' title='bbox 3187 4321 3441 4374; x_wconf 84' lang='grc' dir='ltr'>ἀδύνατον</span> <span class='ocrx_word' id='word_1_695' title='bbox 3472 4317 3537 4391; x_wconf 78' lang='grc' dir='ltr'><strong>ἦν</strong></span> <span class='ocrx_word' id='word_1_696' title='bbox 3573 4338 3741 4374; x_wconf 61' lang='lat' dir='ltr'><strong>scata-</strong></span> 
     </span>
    </p>
   </div>
   <div class='ocr_carea' id='block_1_88' title="bbox 2161 4412 3739 4486">
    <p class='ocr_par' dir='ltr' id='par_1_88' title="bbox 2161 4412 3739 4486">
     <span class='ocr_line' id='line_1_88' title="bbox 2161 4412 3739 4486; baseline -0.001 -19"><span class='ocrx_word' id='word_1_697' title='bbox 2161 4415 2417 4485; x_wconf 76' lang='grc' dir='ltr'>σχεθῆναι</span> <span class='ocrx_word' id='word_1_698' title='bbox 2445 4414 2533 4468; x_wconf 84' lang='grc' dir='ltr'>διὰ.</span> <span class='ocrx_word' id='word_1_699' title='bbox 2563 4416 2664 4485; x_wconf 77' lang='grc' dir='ltr'>τὴν</span> <span class='ocrx_word' id='word_1_700' title='bbox 2689 4414 2939 4486; x_wconf 84' lang='grc' dir='ltr'>θεότητα,</span> <span class='ocrx_word' id='word_1_701' title='bbox 2965 4414 3081 4477; x_wconf 85' lang='grc' dir='ltr'><strong>πῶς</strong></span> <span class='ocrx_word' id='word_1_702' title='bbox 3104 4415 3213 4484; x_wconf 84' lang='grc' dir='ltr'>ἄρα</span> <span class='ocrx_word' id='word_1_703' title='bbox 3239 4415 3303 4466; x_wconf 83' lang='grc' dir='ltr'><strong>ἐκ</strong></span> <span class='ocrx_word' id='word_1_704' title='bbox 3329 4412 3623 4483; x_wconf 81' lang='grc' dir='ltr'>προσώπου</span> <span class='ocrx_word' id='word_1_705' title='bbox 3644 4416 3739 4483; x_wconf 76' lang='grc' dir='ltr'>τῆς</span> 
     </span>
    </p>
   </div>
   <div class='ocr_carea' id='block_1_89' title="bbox 469 4503 2048 4581">
    <p class='ocr_par' dir='ltr' id='par_1_89' title="bbox 469 4505 2045 4576">
     <span class='ocr_line' id='line_1_89' title="bbox 469 4505 2045 4576; baseline 0.001 -18"><span class='ocrx_word' id='word_1_706' title='bbox 469 4505 694 4574; x_wconf 88' lang='lat' dir='ltr'><strong>quinam</strong></span> <span class='ocrx_word' id='word_1_707' title='bbox 729 4523 793 4561; x_wconf 79' lang='lat' dir='ltr'><strong>ex</strong></span> <span class='ocrx_word' id='word_1_708' title='bbox 828 4522 1061 4575; x_wconf 77' lang='lat' dir='ltr'><strong>persona</strong></span> <span class='ocrx_word' id='word_1_709' title='bbox 1084 4507 1389 4561; x_wconf 87' lang='lat' dir='ltr'><strong>divinitatis</strong></span> <span class='ocrx_word' id='word_1_710' title='bbox 1421 4515 1741 4576; x_wconf 88' lang='lat' dir='ltr'><strong>usurpatum</strong></span> <span class='ocrx_word' id='word_1_711' title='bbox 1770 4505 1905 4559; x_wconf 90' lang='lat' dir='ltr'><strong>illud</strong></span> <span class='ocrx_word' id='word_1_712' title='bbox 1929 4514 2006 4560; x_wconf 86' lang='lat' dir='ltr'><strong>est</strong></span> <span class='ocrx_word' id='word_1_713' title='bbox 2033 4525 2045 4560; x_wconf 86' lang='lat'>:</span> 
     </span>
    </p>
   </div>
   <div class='ocr_carea' id='block_1_90' title="bbox 2159 4503 3741 4581">
    <p class='ocr_par' dir='ltr' id='par_1_90' title="bbox 2159 4503 3741 4578">
     <span class='ocr_line' id='line_1_90' title="bbox 2159 4503 3741 4578; baseline -0.002 -18"><span class='ocrx_word' id='word_1_714' title='bbox 2159 4506 2321 4561; x_wconf 75' lang='grc' dir='ltr'>αὑτοῦ</span> <span class='ocrx_word' id='word_1_715' title='bbox 2370 4507 2621 4578; x_wconf 79' lang='grc' dir='ltr'>θεότητος</span> <span class='ocrx_word' id='word_1_716' title='bbox 2665 4506 2896 4576; x_wconf 72' lang='grc' dir='ltr'>ἠδύνατο</span> <span class='ocrx_word' id='word_1_717' title='bbox 2942 4506 3170 4577; x_wconf 75' lang='grc' dir='ltr'>ῥηθῆναι</span> <span class='ocrx_word' id='word_1_718' title='bbox 3202 4506 3285 4571; x_wconf 83' lang='grc' dir='ltr'><strong>τὸ,</strong></span> <span class='ocrx_word' id='word_1_719' title='bbox 3319 4503 3423 4558; x_wconf 85' lang='grc' dir='ltr'>Θεέ</span> <span class='ocrx_word' id='word_1_720' title='bbox 3456 4521 3601 4575; x_wconf 82' lang='grc' dir='ltr'>μου,</span> <span class='ocrx_word' id='word_1_721' title='bbox 3638 4506 3741 4558; x_wconf 82' lang='grc' dir='ltr'>Θεέ</span> 
     </span>
    </p>
   </div>
   <div class='ocr_carea' id='block_1_91' title="bbox 468 4592 2048 4668">
    <p class='ocr_par' dir='ltr' id='par_1_91' title="bbox 468 4596 2048 4667">
     <span class='ocr_line' id='line_1_91' title="bbox 468 4596 2048 4667; baseline -0.003 -13"><span class='ocrx_word' id='word_1_722' title='bbox 468 4598 611 4654; x_wconf 82' lang='lat' dir='ltr'><strong>Deus</strong></span> <span class='ocrx_word' id='word_1_723' title='bbox 636 4615 800 4665; x_wconf 78' lang='lat' dir='ltr'><strong>meus,</strong></span> <span class='ocrx_word' id='word_1_724' title='bbox 828 4598 966 4653; x_wconf 80' lang='lat' dir='ltr'><strong>Deus</strong></span> <span class='ocrx_word' id='word_1_725' title='bbox 987 4614 1148 4661; x_wconf 81' lang='lat' dir='ltr'><strong>meus,</strong></span> <span class='ocrx_word' id='word_1_726' title='bbox 1173 4614 1338 4667; x_wconf 85' lang='lat' dir='ltr'><strong>quare</strong></span> <span class='ocrx_word' id='word_1_727' title='bbox 1363 4614 1442 4651; x_wconf 87' lang='lat' dir='ltr'><strong>me</strong></span> <span class='ocrx_word' id='word_1_728' title='bbox 1464 4598 1789 4667; x_wconf 76' lang='lat' dir='ltr'><strong>dereliquisti</strong></span> <span class='ocrx_word' id='word_1_729' title='bbox 1806 4600 1837 4652; x_wconf 64' lang='lat'><strong>.9</strong></span> <span class='ocrx_word' id='word_1_730' title='bbox 1865 4596 2048 4653; x_wconf 79' lang='lat' dir='ltr'><strong>Restat</strong></span> 
     </span>
    </p>
   </div>
   <div class='ocr_carea' id='block_1_92' title="bbox 2159 4592 3741 4668">
    <p class='ocr_par' dir='ltr' id='par_1_92' title="bbox 2159 4592 3741 4668">
     <span class='ocr_line' id='line_1_92' title="bbox 2159 4592 3741 4668; baseline -0.002 -17"><span class='ocrx_word' id='word_1_731' title='bbox 2159 4616 2297 4668; x_wconf 86' lang='grc' dir='ltr'>μου,</span> <span class='ocrx_word' id='word_1_732' title='bbox 2329 4599 2428 4651; x_wconf 77' lang='grc' dir='ltr'><strong>ἵνα</strong></span> <span class='ocrx_word' id='word_1_733' title='bbox 2448 4599 2504 4651; x_wconf 84' lang='grc' dir='ltr'><strong>τί</strong></span> <span class='ocrx_word' id='word_1_734' title='bbox 2532 4597 2919 4665; x_wconf 73' lang='grc' dir='ltr'>ἐγκατέλιπές</span> <span class='ocrx_word' id='word_1_735' title='bbox 2948 4615 3060 4667; x_wconf 82' lang='grc' dir='ltr'>με;</span> <span class='ocrx_word' id='word_1_736' title='bbox 3099 4597 3238 4650; x_wconf 81' lang='grc' dir='ltr'>Ἀλλ’</span> <span class='ocrx_word' id='word_1_737' title='bbox 3276 4592 3431 4661; x_wconf 75' lang='grc' dir='ltr'>οὗτος</span> <span class='ocrx_word' id='word_1_738' title='bbox 3466 4599 3531 4649; x_wconf 78' lang='grc' dir='ltr'><strong>ὲκ</strong></span> <span class='ocrx_word' id='word_1_739' title='bbox 3569 4614 3741 4668; x_wconf 83' lang='grc' dir='ltr'>προσ-</span> 
     </span>
    </p>
   </div>
   <div class='ocr_carea' id='block_1_93' title="bbox 468 4688 2048 4761">
    <p class='ocr_par' dir='ltr' id='par_1_93' title="bbox 468 4688 2048 4761">
     <span class='ocr_line' id='line_1_93' title="bbox 468 4688 2048 4761; baseline -0.001 -16"><span class='ocrx_word' id='word_1_740' title='bbox 468 4691 634 4761; x_wconf 65' lang='lat' dir='ltr'><strong>igitur</strong></span> <span class='ocrx_word' id='word_1_741' title='bbox 658 4699 798 4745; x_wconf 81' lang='lat' dir='ltr'><strong>utex</strong></span> <span class='ocrx_word' id='word_1_742' title='bbox 824 4690 1077 4744; x_wconf 73' lang='lat' dir='ltr'><strong>humana:</strong></span> <span class='ocrx_word' id='word_1_743' title='bbox 1094 4699 1303 4743; x_wconf 71' lang='lat' dir='ltr'><strong>naturae</strong></span> <span class='ocrx_word' id='word_1_744' title='bbox 1327 4705 1561 4759; x_wconf 87' lang='lat' dir='ltr'><strong>persona</strong></span> <span class='ocrx_word' id='word_1_745' title='bbox 1604 4699 1657 4744; x_wconf 92' lang='lat' dir='ltr'><strong>et</strong></span> <span class='ocrx_word' id='word_1_746' title='bbox 1689 4688 1885 4743; x_wconf 73' lang='lat' dir='ltr'><strong>affectu</strong></span> <span class='ocrx_word' id='word_1_747' title='bbox 1921 4706 2048 4759; x_wconf 85' lang='lat' dir='ltr'><strong>quo-</strong></span> 
     </span>
    </p>
   </div>
   <div class='ocr_carea' id='block_1_94' title="bbox 2159 4688 3739 4761">
    <p class='ocr_par' dir='ltr' id='par_1_94' title="bbox 2159 4688 3739 4761">
     <span class='ocr_line' id='line_1_94' title="bbox 2159 4688 3739 4761; baseline -0.001 -20"><span class='ocrx_word' id='word_1_748' title='bbox 2159 4689 2309 4741; x_wconf 86' lang='grc' dir='ltr'>ὠπου</span> <span class='ocrx_word' id='word_1_749' title='bbox 2376 4688 2476 4759; x_wconf 88' lang='grc' dir='ltr'>τῆς</span> <span class='ocrx_word' id='word_1_750' title='bbox 2537 4688 2703 4742; x_wconf 77' lang='grc' dir='ltr'>αὑτοῦ</span> <span class='ocrx_word' id='word_1_751' title='bbox 2762 4689 3225 4761; x_wconf 77' lang='grc' dir='ltr'>ὲνανθρωπὴσεως</span> <span class='ocrx_word' id='word_1_752' title='bbox 3292 4688 3739 4757; x_wconf 81' lang='grc' dir='ltr'>ἁνθρωποπαθῶς</span> 
     </span>
    </p>
   </div>
   <div class='ocr_carea' id='block_1_95' title="bbox 467 4781 2048 4845">
    <p class='ocr_par' dir='ltr' id='par_1_95' title="bbox 467 4781 2048 4845">
     <span class='ocr_line' id='line_1_95' title="bbox 467 4781 2048 4845; baseline -0.003 -5"><span class='ocrx_word' id='word_1_753' title='bbox 467 4784 596 4840; x_wconf 86' lang='lat' dir='ltr'><strong>dam</strong></span> <span class='ocrx_word' id='word_1_754' title='bbox 634 4784 876 4839; x_wconf 88' lang='lat' dir='ltr'><strong>humano</strong></span> <span class='ocrx_word' id='word_1_755' title='bbox 904 4782 1110 4835; x_wconf 91' lang='lat' dir='ltr'><strong>dictum</strong></span> <span class='ocrx_word' id='word_1_756' title='bbox 1140 4781 1271 4835; x_wconf 86' lang='lat' dir='ltr'><strong>illud</strong></span> <span class='ocrx_word' id='word_1_757' title='bbox 1301 4782 1570 4845; x_wconf 88' lang='lat' dir='ltr'><strong>videatur,</strong></span> <span class='ocrx_word' id='word_1_758' title='bbox 1608 4789 1667 4834; x_wconf 94' lang='lat' dir='ltr'><strong>ut</strong></span> <span class='ocrx_word' id='word_1_759' title='bbox 1705 4781 2048 4835; x_wconf 85' lang='lat' dir='ltr'><strong>incarnatio-</strong></span> 
     </span>
    </p>
   </div>
   <div class='ocr_carea' id='block_1_96' title="bbox 469 4871 2048 4943">
    <p class='ocr_par' dir='ltr' id='par_1_96' title="bbox 469 4871 2048 4943">
     <span class='ocr_line' id='line_1_96' title="bbox 469 4871 2048 4943; baseline -0.003 -12"><span class='ocrx_word' id='word_1_760' title='bbox 469 4890 595 4931; x_wconf 90' lang='lat' dir='ltr'><strong>nem</strong></span> <span class='ocrx_word' id='word_1_761' title='bbox 628 4888 740 4928; x_wconf 92' lang='lat' dir='ltr'><strong>non</strong></span> <span class='ocrx_word' id='word_1_762' title='bbox 775 4876 958 4942; x_wconf 87' lang='lat' dir='ltr'><strong>specie</strong></span> <span class='ocrx_word' id='word_1_763' title='bbox 981 4872 1247 4927; x_wconf 81' lang='lat' dir='ltr'><strong>duntaxat</strong></span> <span class='ocrx_word' id='word_1_764' title='bbox 1277 4874 1684 4937; x_wconf 82' lang='lat' dir='ltr'><strong>adumbratam,</strong></span> <span class='ocrx_word' id='word_1_765' title='bbox 1737 4871 1829 4928; x_wconf 91' lang='lat' dir='ltr'><strong>sed</strong></span> <span class='ocrx_word' id='word_1_766' title='bbox 1865 4873 2048 4943; x_wconf 86' lang='lat' dir='ltr'><strong>reipsa</strong></span> 
     </span>
    </p>
   </div>
   <div class='ocr_carea' id='block_1_97' title="bbox 468 4964 2047 5037">
    <p class='ocr_par' dir='ltr' id='par_1_97' title="bbox 468 4964 2047 5037">
     <span class='ocr_line' id='line_1_97' title="bbox 468 4964 2047 5037; baseline -0.003 -13"><span class='ocrx_word' id='word_1_767' title='bbox 468 4981 709 5035; x_wconf 78' lang='lat' dir='ltr'><strong>vereque</strong></span> <span class='ocrx_word' id='word_1_768' title='bbox 757 4966 1198 5020; x_wconf 89' lang='lat' dir='ltr'><strong>administratam</strong></span> <span class='ocrx_word' id='word_1_769' title='bbox 1250 4964 1421 5021; x_wconf 73' lang='lat' dir='ltr'><strong>fuisse</strong></span> <span class='ocrx_word' id='word_1_770' title='bbox 1476 4965 1775 5021; x_wconf 89' lang='lat' dir='ltr'><strong>discamus.</strong></span> <span class='ocrx_word' id='word_1_771' title='bbox 1840 4965 2047 5037; x_wconf 87' lang='lat' dir='ltr'><strong>Ecquid</strong></span> 
     </span>
    </p>
   </div>
   <div class='ocr_carea' id='block_1_98' title="bbox 469 5058 2049 5131">
    <p class='ocr_par' dir='ltr' id='par_1_98' title="bbox 469 5058 2049 5131">
     <span class='ocr_line' id='line_1_98' title="bbox 469 5058 2049 5131; baseline 0.004 -22"><span class='ocrx_word' id='word_1_772' title='bbox 469 5074 655 5131; x_wconf 77' lang='lat' dir='ltr'><strong>porro,</strong></span> <span class='ocrx_word' id='word_1_773' title='bbox 706 5068 902 5129; x_wconf 63' lang='lat' dir='ltr'><strong>praeter</strong></span> <span class='ocrx_word' id='word_1_774' title='bbox 928 5059 979 5113; x_wconf 92' lang='lat' dir='ltr'><strong>id</strong></span> <span class='ocrx_word' id='word_1_775' title='bbox 1011 5058 1158 5128; x_wconf 93' lang='lat' dir='ltr'><strong>quod</strong></span> <span class='ocrx_word' id='word_1_776' title='bbox 1193 5074 1390 5113; x_wconf 90' lang='lat' dir='ltr'><strong>somno</strong></span> <span class='ocrx_word' id='word_1_777' title='bbox 1422 5059 1615 5113; x_wconf 84' lang='lat' dir='ltr'><strong>mortis</strong></span> <span class='ocrx_word' id='word_1_778' title='bbox 1651 5060 1893 5129; x_wconf 87' lang='lat' dir='ltr'><strong>sopitum</strong></span> <span class='ocrx_word' id='word_1_779' title='bbox 1933 5059 2049 5115; x_wconf 83' lang='lat' dir='ltr'><strong>fue-</strong></span> 
     </span>
    </p>
   </div>
   <div class='ocr_carea' id='block_1_99' title="bbox 468 5149 2049 5221">
    <p class='ocr_par' dir='ltr' id='par_1_99' title="bbox 468 5149 2049 5221">
     <span class='ocr_line' id='line_1_99' title="bbox 468 5149 2049 5221; baseline -0.001 -16"><span class='ocrx_word' id='word_1_780' title='bbox 468 5161 576 5219; x_wconf 87' lang='lat' dir='ltr'><strong>rat,</strong></span> <span class='ocrx_word' id='word_1_781' title='bbox 602 5168 633 5207; x_wconf 88' lang='lat' dir='ltr'><strong>e</strong></span> <span class='ocrx_word' id='word_1_782' title='bbox 664 5161 809 5206; x_wconf 86' lang='lat' dir='ltr'><strong>terra</strong></span> <span class='ocrx_word' id='word_1_783' title='bbox 843 5151 1125 5207; x_wconf 79' lang='lat' dir='ltr'><strong>surrexit?</strong></span> <span class='ocrx_word' id='word_1_784' title='bbox 1152 5149 1396 5205; x_wconf 73' lang='lat' dir='ltr'><strong>Surrexit</strong></span> <span class='ocrx_word' id='word_1_785' title='bbox 1418 5151 1578 5217; x_wconf 86' lang='lat' dir='ltr'><strong>enim,</strong></span> <span class='ocrx_word' id='word_1_786' title='bbox 1613 5150 1811 5221; x_wconf 86' lang='lat' dir='ltr'><strong>inquit,</strong></span> <span class='ocrx_word' id='word_1_787' title='bbox 1842 5166 1946 5205; x_wconf 82' lang='lat' dir='ltr'><strong>non</strong></span> <span class='ocrx_word' id='word_1_788' title='bbox 1970 5159 2049 5205; x_wconf 84' lang='lat' dir='ltr'><strong>est</strong></span> 
     </span>
    </p>
   </div>
   <div class='ocr_carea' id='block_1_100' title="bbox 468 5245 609 5299">
    <p class='ocr_par' dir='ltr' id='par_1_100' title="bbox 468 5245 609 5299">
     <span class='ocr_line' id='line_1_100' title="bbox 468 5245 609 5299; baseline 0.007 -2"><span class='ocrx_word' id='word_1_789' title='bbox 468 5245 553 5299; x_wconf 80' lang='lat' dir='ltr'><strong>hic</strong></span> <span class='ocrx_word' id='word_1_790' title='bbox 569 5246 609 5298; x_wconf 86' lang='grc'><strong>⁷.</strong></span> 
     </span>
    </p>
   </div>
   <div class='ocr_carea' id='block_1_101' title="bbox 538 5334 2051 5400">
    <p class='ocr_par' dir='ltr' id='par_1_101' title="bbox 538 5334 2051 5400">
     <span class='ocr_line' id='line_1_101' title="bbox 538 5334 2051 5400; baseline 0.001 -11"><span class='ocrx_word' id='word_1_791' title='bbox 538 5334 722 5389; x_wconf 76' lang='lat' dir='ltr'><strong>LXIV.</strong></span> <span class='ocrx_word' id='word_1_792' title='bbox 759 5334 1032 5400; x_wconf 87' lang='lat' dir='ltr'><strong>Quidnam</strong></span> <span class='ocrx_word' id='word_1_793' title='bbox 1064 5334 1197 5389; x_wconf 88' lang='lat' dir='ltr'><strong>illud</strong></span> <span class='ocrx_word' id='word_1_794' title='bbox 1223 5335 1530 5390; x_wconf 78' lang='lat' dir='ltr'><strong>surrexisse</strong></span> <span class='ocrx_word' id='word_1_795' title='bbox 1556 5336 1758 5390; x_wconf 83' lang='lat' dir='ltr'><strong>dicitur</strong></span> <span class='ocrx_word' id='word_1_796' title='bbox 1796 5335 1902 5391; x_wconf 90' lang='lat' dir='ltr'><strong>nisi</strong></span> <span class='ocrx_word' id='word_1_797' title='bbox 1926 5351 2051 5391; x_wconf 88' lang='lat' dir='ltr'><strong>cor-</strong></span> 
     </span>
    </p>
   </div>
   <div class='ocr_carea' id='block_1_102' title="bbox 469 5426 2052 5499">
    <p class='ocr_par' dir='ltr' id='par_1_102' title="bbox 469 5426 2052 5499">
     <span class='ocr_line' id='line_1_102' title="bbox 469 5426 2052 5499; baseline 0.001 -18"><span class='ocrx_word' id='word_1_798' title='bbox 469 5442 594 5496; x_wconf 88' lang='lat' dir='ltr'><strong>pus,</strong></span> <span class='ocrx_word' id='word_1_799' title='bbox 617 5435 672 5481; x_wconf 91' lang='lat' dir='ltr'><strong>et</strong></span> <span class='ocrx_word' id='word_1_800' title='bbox 701 5427 919 5497; x_wconf 90' lang='lat' dir='ltr'><strong>quidem</strong></span> <span class='ocrx_word' id='word_1_801' title='bbox 943 5426 1077 5479; x_wconf 88' lang='lat' dir='ltr'><strong>illud</strong></span> <span class='ocrx_word' id='word_1_802' title='bbox 1099 5428 1276 5496; x_wconf 90' lang='lat' dir='ltr'><strong>ipsum</strong></span> <span class='ocrx_word' id='word_1_803' title='bbox 1296 5441 1517 5498; x_wconf 89' lang='lat' dir='ltr'><strong>corpus,</strong></span> <span class='ocrx_word' id='word_1_804' title='bbox 1542 5428 1686 5499; x_wconf 88' lang='lat' dir='ltr'><strong>quod</strong></span> <span class='ocrx_word' id='word_1_805' title='bbox 1712 5427 1767 5481; x_wconf 91' lang='lat' dir='ltr'><strong>in</strong></span> <span class='ocrx_word' id='word_1_806' title='bbox 1799 5428 2052 5499; x_wconf 89' lang='lat' dir='ltr'><strong>sepulcro</strong></span> 
     </span>
    </p>
   </div>
   <div class='ocr_carea' id='block_1_103' title="bbox 468 5516 2049 5590">
    <p class='ocr_par' dir='ltr' id='par_1_103' title="bbox 468 5516 2049 5590">
     <span class='ocr_line' id='line_1_103' title="bbox 468 5516 2049 5590; baseline 0.002 -19"><span class='ocrx_word' id='word_1_807' title='bbox 468 5516 685 5589; x_wconf 72' lang='lat' dir='ltr'><strong>iacuit?</strong></span> <span class='ocrx_word' id='word_1_808' title='bbox 747 5518 941 5572; x_wconf 79' lang='lat' dir='ltr'><strong>Anima</strong></span> <span class='ocrx_word' id='word_1_809' title='bbox 995 5534 1159 5588; x_wconf 91' lang='lat' dir='ltr'><strong>porro</strong></span> <span class='ocrx_word' id='word_1_810' title='bbox 1206 5535 1328 5573; x_wconf 90' lang='lat' dir='ltr'><strong>enm</strong></span> <span class='ocrx_word' id='word_1_811' title='bbox 1382 5520 1567 5575; x_wconf 88' lang='lat' dir='ltr'><strong>divino</strong></span> <span class='ocrx_word' id='word_1_812' title='bbox 1617 5520 1798 5575; x_wconf 81' lang='lat' dir='ltr'><strong>Verbo</strong></span> <span class='ocrx_word' id='word_1_813' title='bbox 1846 5521 2049 5590; x_wconf 87' lang='lat' dir='ltr'><strong>pariter</strong></span> 
     </span>
    </p>
   </div>
   <div class='ocr_carea' id='block_1_104' title="bbox 546 5672 2225 5741">
    <p class='ocr_par' dir='ltr' id='par_1_104' title="bbox 546 5672 2225 5741">
     <span class='ocr_line' id='line_1_104' title="bbox 546 5672 2225 5741; baseline 0.001 -15"><span class='ocrx_word' id='word_1_814' title='bbox 546 5674 559 5704; x_wconf 86' lang='grc'>¹</span> <span class='ocrx_word' id='word_1_815' title='bbox 596 5672 741 5729; x_wconf 85' lang='lat' dir='ltr'><strong>Psal.</strong></span> <span class='ocrx_word' id='word_1_816' title='bbox 772 5690 861 5730; x_wconf 80' lang='lat' dir='ltr'><strong>xv.</strong></span> <span class='ocrx_word' id='word_1_817' title='bbox 898 5673 1000 5741; x_wconf 65' lang='lat'><strong>10!;</strong></span> <span class='ocrx_word' id='word_1_818' title='bbox 1036 5675 1157 5728; x_wconf 82' lang='lat' dir='ltr'><strong>Act.</strong></span> <span class='ocrx_word' id='word_1_819' title='bbox 1194 5691 1253 5739; x_wconf 88' lang='grc' dir='ltr'><strong>ιι,</strong></span> <span class='ocrx_word' id='word_1_820' title='bbox 1285 5676 1377 5730; x_wconf 76' lang='grc' dir='ltr'><strong>ΞῚ.</strong></span> <span class='ocrx_word' id='word_1_821' title='bbox 1454 5678 1473 5708; x_wconf 81' lang='grc'>¹</span> <span class='ocrx_word' id='word_1_822' title='bbox 1505 5676 1615 5731; x_wconf 63' lang='grc' dir='ltr'><strong>1ης</strong></span> <span class='ocrx_word' id='word_1_823' title='bbox 1653 5693 1692 5739; x_wconf 90' lang='grc' dir='ltr'>ι,</span> <span class='ocrx_word' id='word_1_824' title='bbox 1722 5673 1978 5741; x_wconf 84' lang='lat' dir='ltr'><strong>5;Ichr.</strong></span> <span class='ocrx_word' id='word_1_825' title='bbox 2022 5690 2143 5735; x_wconf 82' lang='lat' dir='ltr'><strong>xm,</strong></span> <span class='ocrx_word' id='word_1_826' title='bbox 2171 5674 2225 5728; x_wconf 77' lang='grc'><strong>5.</strong></span> 
     </span>
    </p>
   </div>
   <div class='ocr_carea' id='block_1_105' title="bbox 970 5718 2048 5813">
    <p class='ocr_par' dir='ltr' id='par_1_105' title="bbox 970 5718 1984 5813">
     <span class='ocr_line' id='line_1_105' title="bbox 970 5718 1984 5813; baseline -0.002 -13"><span class='ocrx_word' id='word_1_827' title='bbox 970 5718 1000 5743; x_wconf 53' lang='grc' dir='ltr'>μ</span> <span class='ocrx_word' id='word_1_828' title='bbox 1046 5747 1065 5777; x_wconf 78' lang='grc'>⁸</span> <span class='ocrx_word' id='word_1_829' title='bbox 1090 5746 1211 5801; x_wconf 79' lang='lat' dir='ltr'><strong>Aet.</strong></span> <span class='ocrx_word' id='word_1_830' title='bbox 1241 5718 1437 5813; x_wconf 43' lang='grc' dir='ltr'>ἰιῗέί.</span> <span class='ocrx_word' id='word_1_831' title='bbox 1505 5718 1904 5812; x_wconf 49' lang='grc' dir='ltr'><strong>Τιιὲιῖἕᾶνῇ</strong></span> <span class='ocrx_word' id='word_1_832' title='bbox 1931 5744 1984 5798; x_wconf 84' lang='grc'><strong>6.</strong></span> 
     </span>
    </p>
   </div>
   <div class='ocr_carea' id='block_1_106' title="bbox 2159 5718 3089 5813">
    <p class='ocr_par' dir='ltr' id='par_1_106' title="bbox 2159 5718 3089 5813">
     <span class='ocr_line' id='line_1_106' title="bbox 2159 5718 3089 5813; baseline 0.002 -19"><span class='ocrx_word' id='word_1_833' title='bbox 2159 5761 2248 5813; x_wconf 80' lang='lat' dir='ltr'><strong>.eg.</strong></span> <span class='ocrx_word' id='word_1_834' title='bbox 2287 5743 2537 5812; x_wconf 71' lang='grc' dir='ltr'>θεότητα,</span> <span class='ocrx_word' id='word_1_835' title='bbox 2563 5744 2654 5799; x_wconf 81' lang='lat' dir='ltr'><strong>sed</strong></span> <span class='ocrx_word' id='word_1_836' title='bbox 2692 5718 2844 5800; x_wconf 66' lang='lat' dir='ltr'><strong>deest</strong></span> <span class='ocrx_word' id='word_1_837' title='bbox 2863 5742 3089 5812; x_wconf 77' lang='lat' dir='ltr'><strong>aliquid.</strong></span> 
     </span>
    </p>
   </div>
   <div class='ocr_carea' id='block_1_107' title="bbox 476 5742 1437 5815">
    <p class='ocr_par' dir='ltr' id='par_1_107' title="bbox 476 5742 1437 5815">
     <span class='ocr_line' id='line_1_107' title="bbox 476 5742 1437 5815; baseline 0.004 -16"><span class='ocrx_word' id='word_1_838' title='bbox 476 5742 583 5811; x_wconf 64' lang='lat'><strong>10;</strong></span> <span class='ocrx_word' id='word_1_839' title='bbox 612 5744 730 5801; x_wconf 83' lang='lat' dir='ltr'><strong>Act.</strong></span> <span class='ocrx_word' id='word_1_840' title='bbox 770 5761 829 5814; x_wconf 91' lang='grc' dir='ltr'>ιι,</span> <span class='ocrx_word' id='word_1_841' title='bbox 860 5744 945 5799; x_wconf 77' lang='lat'><strong>‘27.</strong></span> <span class='ocrx_word' id='word_1_842' title='bbox 974 5742 979 5743; x_wconf 14' lang='lat'><em>7</em></span> <span class='ocrx_word' id='word_1_843' title='bbox 1046 5747 1065 5777; x_wconf 82' lang='lat'><strong>&#39;</strong></span> <span class='ocrx_word' id='word_1_844' title='bbox 1090 5746 1211 5801; x_wconf 80' lang='lat' dir='ltr'><strong>Aet.</strong></span> <span class='ocrx_word' id='word_1_845' title='bbox 1251 5764 1309 5815; x_wconf 87' lang='grc' dir='ltr'><strong>ιι,</strong></span> <span class='ocrx_word' id='word_1_846' title='bbox 1346 5746 1437 5803; x_wconf 70' lang='grc'><strong>24.</strong></span> 
     </span>
    </p>
   </div>
   <div class='ocr_carea' id='block_1_108' title="bbox 2159 4776 3739 4853">
    <p class='ocr_par' dir='ltr' id='par_1_108' title="bbox 2159 4776 3739 4853">
     <span class='ocr_line' id='line_1_108' title="bbox 2159 4776 3739 4853; baseline -0.001 -18"><span class='ocrx_word' id='word_1_847' title='bbox 2159 4782 2434 4836; x_wconf 77' lang='grc' dir='ltr'>ἐδείκνυτο</span> <span class='ocrx_word' id='word_1_848' title='bbox 2464 4786 2492 4837; x_wconf 89' lang='lat'><strong>6</strong></span> <span class='ocrx_word' id='word_1_849' title='bbox 2529 4784 2705 4853; x_wconf 77' lang='grc' dir='ltr'>λόγος,</span> <span class='ocrx_word' id='word_1_850' title='bbox 2753 4783 2841 4837; x_wconf 82' lang='grc' dir='ltr'>ἴνα</span> <span class='ocrx_word' id='word_1_851' title='bbox 2884 4782 3143 4853; x_wconf 81' lang='grc' dir='ltr'>μάθωμεν</span> <span class='ocrx_word' id='word_1_852' title='bbox 3177 4781 3446 4852; x_wconf 82' lang='grc' dir='ltr'>ἀληθινῶς</span> <span class='ocrx_word' id='word_1_853' title='bbox 3479 4776 3621 4834; x_wconf 87' lang='grc' dir='ltr'>εἶναι</span> <span class='ocrx_word' id='word_1_854' title='bbox 3645 4782 3739 4852; x_wconf 70' lang='grc' dir='ltr'>τὴν</span> 
     </span>
    </p>
   </div>
   <div class='ocr_carea' id='block_1_109' title="bbox 2158 4873 3738 4948">
    <p class='ocr_par' dir='ltr' id='par_1_109' title="bbox 2158 4873 3738 4948">
     <span class='ocr_line' id='line_1_109' title="bbox 2158 4873 3738 4948; baseline -0.003 -19"><span class='ocrx_word' id='word_1_855' title='bbox 2158 4876 2422 4948; x_wconf 80' lang='grc' dir='ltr'>ἐνσαρκον</span> <span class='ocrx_word' id='word_1_856' title='bbox 2452 4878 2775 4948; x_wconf 78' lang='grc' dir='ltr'>παρουσίαν,</span> <span class='ocrx_word' id='word_1_857' title='bbox 2810 4876 2904 4927; x_wconf 75' lang='grc' dir='ltr'>καὶ</span> <span class='ocrx_word' id='word_1_858' title='bbox 2926 4875 2985 4927; x_wconf 76' lang='grc' dir='ltr'><strong>οὐ</strong></span> <span class='ocrx_word' id='word_1_859' title='bbox 3013 4874 3229 4943; x_wconf 82' lang='grc' dir='ltr'>δοκήσει</span> <span class='ocrx_word' id='word_1_860' title='bbox 3252 4874 3284 4944; x_wconf 81' lang='grc' dir='ltr'>ἦ</span> <span class='ocrx_word' id='word_1_861' title='bbox 3308 4873 3582 4945; x_wconf 70' lang='grc' dir='ltr'>φαντασίᾳ</span> <span class='ocrx_word' id='word_1_862' title='bbox 3609 4875 3738 4942; x_wconf 82' lang='grc' dir='ltr'>παρ’</span> 
     </span>
    </p>
   </div>
   <div class='ocr_carea' id='block_1_110' title="bbox 2154 4964 3738 5037">
    <p class='ocr_par' dir='ltr' id='par_1_110' title="bbox 2154 4964 3738 5037">
     <span class='ocr_line' id='line_1_110' title="bbox 2154 4964 3738 5037; baseline -0.004 -17"><span class='ocrx_word' id='word_1_863' title='bbox 2154 4966 2319 5020; x_wconf 76' lang='grc' dir='ltr'><strong>αὖτοῦ</strong></span> <span class='ocrx_word' id='word_1_864' title='bbox 2343 4966 2811 5037; x_wconf 78' lang='grc' dir='ltr'>οἰκονομηθεῐσαν.</span> <span class='ocrx_word' id='word_1_865' title='bbox 2858 4965 3087 5035; x_wconf 81' lang='grc' dir='ltr'>Ἀνέστη</span> <span class='ocrx_word' id='word_1_866' title='bbox 3113 4964 3171 5017; x_wconf 85' lang='grc' dir='ltr'>δὲ</span> <span class='ocrx_word' id='word_1_867' title='bbox 3201 4965 3307 5017; x_wconf 84' lang='grc' dir='ltr'><strong>ἀπὸ</strong></span> <span class='ocrx_word' id='word_1_868' title='bbox 3329 4964 3429 5034; x_wconf 87' lang='grc' dir='ltr'><strong>τῆς</strong></span> <span class='ocrx_word' id='word_1_869' title='bbox 3458 4964 3565 5034; x_wconf 80' lang='grc' dir='ltr'>γῆς</span> <span class='ocrx_word' id='word_1_870' title='bbox 3588 4967 3738 5016; x_wconf 77' lang='grc' dir='ltr'>ποῖον</span> 
     </span>
    </p>
   </div>
   <div class='ocr_carea' id='block_1_111' title="bbox 2152 5054 3738 5128">
    <p class='ocr_par' dir='ltr' id='par_1_111' title="bbox 2152 5054 3738 5128">
     <span class='ocr_line' id='line_1_111' title="bbox 2152 5054 3738 5128; baseline -0.002 -17"><span class='ocrx_word' id='word_1_871' title='bbox 2152 5058 2268 5113; x_wconf 80' lang='grc' dir='ltr'>ἀλλ’</span> <span class='ocrx_word' id='word_1_872' title='bbox 2297 5058 2331 5128; x_wconf 82' lang='grc' dir='ltr'>ἢ</span> <span class='ocrx_word' id='word_1_873' title='bbox 2358 5056 2419 5109; x_wconf 81' lang='grc' dir='ltr'><strong>τὸ</strong></span> <span class='ocrx_word' id='word_1_874' title='bbox 2446 5056 2736 5127; x_wconf 83' lang='grc' dir='ltr'>κοιμηθέν;</span> <span class='ocrx_word' id='word_1_875' title='bbox 2779 5054 3020 5122; x_wconf 76' lang='grc' dir='ltr'>Ἀνέστη</span> <span class='ocrx_word' id='word_1_876' title='bbox 3058 5056 3188 5124; x_wconf 70' lang='grc' dir='ltr'>γὰρ,</span> <span class='ocrx_word' id='word_1_877' title='bbox 3216 5055 3401 5125; x_wconf 72' lang='grc' dir='ltr'>φησὶν,</span> <span class='ocrx_word' id='word_1_878' title='bbox 3428 5057 3539 5110; x_wconf 83' lang='grc' dir='ltr'><strong>οὐκ</strong></span> <span class='ocrx_word' id='word_1_879' title='bbox 3566 5057 3738 5110; x_wconf 71' lang='grc' dir='ltr'>ἐστιν</span> 
     </span>
    </p>
   </div>
   <div class='ocr_carea' id='block_1_112' title="bbox 2150 5145 2287 5205">
    <p class='ocr_par' dir='ltr' id='par_1_112' title="bbox 2150 5145 2287 5205">
     <span class='ocr_line' id='line_1_112' title="bbox 2150 5145 2287 5205; baseline 0 0"><span class='ocrx_word' id='word_1_880' title='bbox 2150 5145 2287 5205; x_wconf 82' lang='grc' dir='ltr'>ὧδε.</span> 
     </span>
    </p>
   </div>
   <div class='ocr_carea' id='block_1_113' title="bbox 2228 5326 3737 5399">
    <p class='ocr_par' dir='ltr' id='par_1_113' title="bbox 2228 5326 3737 5399">
     <span class='ocr_line' id='line_1_113' title="bbox 2228 5326 3737 5399; baseline -0.003 -12"><span class='ocrx_word' id='word_1_881' title='bbox 2228 5331 2343 5387; x_wconf 57' lang='grc' dir='ltr'><strong>ΞΔἏ</strong></span> <span class='ocrx_word' id='word_1_882' title='bbox 2360 5332 2426 5385; x_wconf 85' lang='grc' dir='ltr'><strong>Τί</strong></span> <span class='ocrx_word' id='word_1_883' title='bbox 2443 5331 2499 5385; x_wconf 85' lang='grc' dir='ltr'>δὲ</span> <span class='ocrx_word' id='word_1_884' title='bbox 2526 5330 2588 5383; x_wconf 86' lang='grc' dir='ltr'><strong>τὸ</strong></span> <span class='ocrx_word' id='word_1_885' title='bbox 2610 5329 2846 5384; x_wconf 80' lang='grc' dir='ltr'>ἀναστὰν</span> <span class='ocrx_word' id='word_1_886' title='bbox 2878 5328 2992 5383; x_wconf 81' lang='grc' dir='ltr'>ἀλλ’</span> <span class='ocrx_word' id='word_1_887' title='bbox 3018 5326 3050 5399; x_wconf 78' lang='grc' dir='ltr'>ἢ</span> <span class='ocrx_word' id='word_1_888' title='bbox 3081 5329 3141 5381; x_wconf 85' lang='grc' dir='ltr'><strong>τὸ</strong></span> <span class='ocrx_word' id='word_1_889' title='bbox 3164 5328 3350 5399; x_wconf 88' lang='grc' dir='ltr'>σῶμα;</span> <span class='ocrx_word' id='word_1_890' title='bbox 3380 5327 3546 5399; x_wconf 82' lang='grc' dir='ltr'>Σῶμα</span> <span class='ocrx_word' id='word_1_891' title='bbox 3560 5329 3737 5399; x_wconf 78' lang='grc' dir='ltr'>δὲᾶρα</span> 
     </span>
    </p>
   </div>
   <div class='ocr_carea' id='block_1_114' title="bbox 2154 5420 3735 5494">
    <p class='ocr_par' dir='ltr' id='par_1_114' title="bbox 2154 5420 3735 5494">
     <span class='ocr_line' id='line_1_114' title="bbox 2154 5420 3735 5494; baseline -0.006 -14"><span class='ocrx_word' id='word_1_892' title='bbox 2154 5425 2217 5481; x_wconf 83' lang='grc' dir='ltr'>τὸ</span> <span class='ocrx_word' id='word_1_893' title='bbox 2247 5426 2305 5478; x_wconf 84' lang='grc' dir='ltr'>ὲν</span> <span class='ocrx_word' id='word_1_894' title='bbox 2330 5424 2408 5493; x_wconf 84' lang='grc' dir='ltr'>τῷ</span> <span class='ocrx_word' id='word_1_895' title='bbox 2441 5423 2705 5494; x_wconf 82' lang='grc' dir='ltr'>μνήματι,</span> <span class='ocrx_word' id='word_1_896' title='bbox 2735 5422 2829 5475; x_wconf 79' lang='grc' dir='ltr'>καὶ</span> <span class='ocrx_word' id='word_1_897' title='bbox 2850 5422 2885 5492; x_wconf 82' lang='grc' dir='ltr'><strong>ἡ</strong></span> <span class='ocrx_word' id='word_1_898' title='bbox 2923 5420 3068 5490; x_wconf 76' lang='grc' dir='ltr'>ψυχὴ</span> <span class='ocrx_word' id='word_1_899' title='bbox 3098 5420 3155 5473; x_wconf 85' lang='grc' dir='ltr'>δὲ</span> <span class='ocrx_word' id='word_1_900' title='bbox 3183 5420 3479 5490; x_wconf 83' lang='grc' dir='ltr'>συνανῆ),θε</span> <span class='ocrx_word' id='word_1_901' title='bbox 3512 5421 3592 5491; x_wconf 81' lang='grc' dir='ltr'>τῷ</span> <span class='ocrx_word' id='word_1_902' title='bbox 3621 5420 3735 5490; x_wconf 79' lang='grc' dir='ltr'>Θεῷ</span> 
     </span>
    </p>
   </div>
   <div class='ocr_carea' id='block_1_115' title="bbox 2157 5511 3732 5587">
    <p class='ocr_par' dir='ltr' id='par_1_115' title="bbox 2157 5511 3732 5587">
     <span class='ocr_line' id='line_1_115' title="bbox 2157 5511 3732 5587; baseline -0.005 -16"><span class='ocrx_word' id='word_1_903' title='bbox 2157 5517 2334 5587; x_wconf 82' lang='grc' dir='ltr'><strong>Λόγῳ.</strong></span> <span class='ocrx_word' id='word_1_904' title='bbox 2376 5516 2485 5568; x_wconf 72' lang='grc' dir='ltr'>Καὶ</span> <span class='ocrx_word' id='word_1_905' title='bbox 2521 5514 2680 5568; x_wconf 73' lang='grc' dir='ltr'>πάλιν</span> <span class='ocrx_word' id='word_1_906' title='bbox 2723 5515 2813 5568; x_wconf 70' lang='grc' dir='ltr'><strong>ἐπὶ</strong></span> <span class='ocrx_word' id='word_1_907' title='bbox 2845 5514 2903 5567; x_wconf 74' lang='grc' dir='ltr'><strong>τὸ</strong></span> <span class='ocrx_word' id='word_1_908' title='bbox 2933 5512 3067 5566; x_wconf 78' lang='grc' dir='ltr'>αὐτὸ</span> <span class='ocrx_word' id='word_1_909' title='bbox 3113 5511 3351 5583; x_wconf 77' lang='grc' dir='ltr'>ἐπλήρου</span> <span class='ocrx_word' id='word_1_910' title='bbox 3390 5512 3490 5582; x_wconf 72' lang='grc' dir='ltr'><strong>τὴν</strong></span> <span class='ocrx_word' id='word_1_911' title='bbox 3524 5512 3732 5565; x_wconf 76' lang='grc' dir='ltr'>τελείαν</span> 
     </span>
    </p>
   </div>
   <div class='ocr_carea' id='block_1_116' title="bbox 2304 5669 3729 5736">
    <p class='ocr_par' dir='ltr' id='par_1_116' title="bbox 2304 5669 3729 5736">
     <span class='ocr_line' id='line_1_116' title="bbox 2304 5669 3729 5736; baseline -0.004 -9"><span class='ocrx_word' id='word_1_912' title='bbox 2304 5674 2324 5704; x_wconf 84' lang='grc'><strong>³</strong></span> <span class='ocrx_word' id='word_1_913' title='bbox 2352 5672 2495 5727; x_wconf 83' lang='lat' dir='ltr'><strong>Psal.</strong></span> <span class='ocrx_word' id='word_1_914' title='bbox 2528 5689 2769 5729; x_wconf 72' lang='lat' dir='ltr'><strong>LXX\VII.</strong></span> <span class='ocrx_word' id='word_1_915' title='bbox 2804 5672 2855 5724; x_wconf 83' lang='lat'>6.</span> <span class='ocrx_word' id='word_1_916' title='bbox 2934 5671 2953 5700; x_wconf 68' lang='grc' dir='ltr'>δ</span> <span class='ocrx_word' id='word_1_917' title='bbox 2977 5669 3079 5724; x_wconf 87' lang='lat' dir='ltr'><strong>Isa.</strong></span> <span class='ocrx_word' id='word_1_918' title='bbox 3109 5685 3223 5733; x_wconf 77' lang='grc' dir='ltr'>ιιν,</span> <span class='ocrx_word' id='word_1_919' title='bbox 3256 5671 3337 5727; x_wconf 88' lang='lat' dir='ltr'><strong>l9.</strong></span> <span class='ocrx_word' id='word_1_920' title='bbox 3415 5673 3436 5703; x_wconf 86' lang='grc'>⁸</span> <span class='ocrx_word' id='word_1_921' title='bbox 3465 5669 3611 5725; x_wconf 80' lang='lat' dir='ltr'><strong>Psal.</strong></span> <span class='ocrx_word' id='word_1_922' title='bbox 3641 5685 3729 5736; x_wconf 75' lang='lat' dir='ltr'><strong>xv,</strong></span> 
     </span>
    </p>
   </div>
  </div>
