3826 6206
155 282 245 339 $09

810 278 1178 335 ADVERSUS
1217 279 1560 334 ".‘ERESES
1593 280 1720 335 LIB.
1765 280 1832 337 11.
1871 279 2035 335 ΤΟΜ.
2072 279 2138 336 ll.
2177 311 2246 322 —
2286 279 2562 336 HIERES.
2603 277 2786 338 LXIX.

3283 280 3391 340 Ξίθ

155 397 419 450 divam-3w
447 392 503 445 ὲν
528 395 593 464 τῇ
626 392 764 464 αὐτῇ
801 392 1036 465 θεότητι,
1073 395 1132 446 ἐν
1166 397 1231 465 τῇ
1277 395 1415 465 αύτῖέ⁸
1457 394 1625 465 ψυχῇ,
1653 396 1711 449 ἐν

1826 395 1884 449 ab
1922 394 2113 452 inferis
2153 395 2399 451 emersit.
2442 392 2756 451 Secundum
2799 408 2924 464 quae
2971 393 3304 450 consociatis
3334 397 3388 450 in

249 482 388 553 αύτῷ
415 481 552 554 ἀγίῳ
588 482 820 553 σώματι,
855 483 1163 546 συνενιῖηας
1193 482 1377 536 λοιπὸν
1408 484 1505 554 τὴν
1529 484 1708 536 πᾶσαν

152 576 436 646 οἰκονομίαν
481 576 560 638 είς
608 574 737 646 μίαν
775 573 968 628 ἕνωσιν
1011 576 1410 646 πνευματικὴν,
1457 576 1536 639 εἰς
1581 575 1708 646 μίαν

151 673 320 724 ἕνωσιν
337 667 602 739 θεότητος,
631 669 710 728 είς
729 668 858 738 μίαν
883 667 1216 738 οἰκονομίαν,
1244 669 1324 732 είς
1351 666 1476 738 μίαν
1505 667 1707 720 τελειό-

149 777 289 832 τητα·
331 760 405 824 ὡς
451 759 596 828 λέγει
638 760 696 813 ὲν
755 759 831 830 τῷ
871 759 959 830 οβ’
1005 758 1226 831 ψαλμῷ·
1255 761 1472 827 Κύριος
1508 760 1708 814 ἐϐασί-

149 860 368 916 λευσεν,
395 851 751 922 εὐπρέπειαν
780 851 1131 906 ἐνεδύσατο·
1157 852 1244 905 ἵνα
1295 851 1444 923 δείξῃ
1470 853 1567 922 τὴν
1593 852 1709 904 είσ-

150 947 252 1000 οδον
281 945 370 998 τοῦ
400 943 533 998 Θεοῦ
565 945 736 1014 Λόγου
775 945 884 998 ἀπὸ
916 945 1024 998 τῶν
1054 944 1394 1015 ἐπουρανίων
1420 947 1499 1008 εἰς
1515 943 1603 997 τὸν
1619 944 1711 997 κό-

151 1056 268 1108 σμον
305 1036 624 1107 ἐνδυομένην
668 1036 1024 1107 εὐπρέπειαν,
1069 1035 1316 1089 τουτέστι
1359 1035 1458 1107 τὴν
1509 1037 1707 1106 σάρκα,

148 1131 233 1201 τὴν
258 1129 358 1182 ἀπὺ
391 1128 668 1200 Παρθένου
700 1129 1125 1200 γεγεννημένην.
1161 1128 1379 1200 Ἐπειδὴ
1400 1127 1508 1199 γὰρ
1536 1127 1710 1181 ἐδόκει

147 1221 350 1289 εὐτελής
376 1237 459 1282 τις
484 1220 598 1281 τοῖς
627 1219 824 1288 δρῶσιν
846 1218 1117 1280 ἀπίστοις,
1147 1216 1295 1286 αύτῷ
1325 1235 1381 1270 τε
1411 1216 1712 1287 εὐπρέπεια

147 1309 469 1379 λογιζομένη,
508 1309 606 1362 ἵνα
645 1309 794 1382 δείξῃ
827 1309 887 1362 τὸ
925 1307 1093 1362 αὐτοῦ
1127 1307 1346 1380 ἰσχυρὸν
1385 1306 1476 1361 διὰ
1505 1310 1602 1378 τῆς
1627 1307 1713 1360 δο-

146 1399 329 1470 κούσης
355 1399 640 1463 ἀσθενείας
663 1399 763 1468 τῆς
786 1400 1010 1468 σαρκὸς,
1045 1398 1357 1472 καταργοῦν
1381 1399 1472 1452 τὸν
1493 1397 1553 1451 τὸ
1577 1399 1713 1469 κρά-

147 1509 225 1556 τος
254 1491 438 1562 ἔχοντα
472 1492 570 1562 τῆς
607 1491 881 1563 ἁμαρτίας
901 1494 915 1523 ¹
947 1489 1168 1563 [λύσας]
1208 1491 1458 1544 τουτέστι
1494 1489 1583 1543 τὸν
1615 1488 1713 1542 θά-

147 1602 306 1647 νατον,
349 1583 444 1656 τὴν
499 1585 679 1638 πᾶσαν
727 1583 1039 1654 οἰκονομίαν
1089 1584 1190 1654 τῆς
1235 1583 1510 1655 σωτηρίας
1557 1582 1714 1653 ἡμῶν

148 1675 416 1746 εὐπρεπῶς
462 1676 717 1746 ποιήσας,
767 1676 866 1729 καὶ⁴
907 1674 1006 1747 τὴν
1051 1674 1256 1746 φθορὰν
1285 1675 1572 1742 ἀφανίσας,
1619 1674 1714 1727 καὶ

1818 503 1986 542 unum
2037 487 2314 551 omnibus,
2370 484 2668 557 perfectam
2713 485 2959 541 numeris
3003 487 3258 540 omnibus
3306 503 3392 541 re‘

1817 583 2214 638 surrectionem
2266 581 2540 651 implevit,
2576 579 2773 647 eadem
2831 579 3140 644 divinitate,
3199 582 3387 634 eadem

1815 669 2015 733 anima,
2044 670 2348 740 eodemque
2375 667 2727 724 sanctissimo
2758 683 2988 738 corpore
3016 677 3388 733 constantem;

1814 770 1868 816 et
1916 769 2090 816 totum
2147 761 2284 816 illud
2331 759 2731 816 incarnationis
2778 761 3098 832 mysterium
3131 762 3186 815 in
3227 778 3390 815 unam

1817 851 2121 922 spiritalem
2168 851 2636 924 coniunctionem,
2681 861 2736 907 et
2781 853 2835 907 in
2884 867 3048 907 unam
3095 853 3395 907 divinitatis

1817 944 2265 1013 copulationem,
2314 944 2479 1015 atqué
2539 945 2594 1001 in
2642 960 2808 1001 unam
2865 943 3390 1000 administrationem

1819 1032 2321 1106 perfectionemque
2347 1035 2627 1090 conflavit.
2664 1034 2785 1102 Quo
2816 1034 2948 1089 illud
2984 1049 3014 1089 e
3051 1034 3260 1102 psalmo
3287 1049 3394 1088 xcu

1818 1129 2096 1198 pertinet:
2133 1129 2390 1183 Dominus
2449 1131 2705 1200 regnavit,
2751 1129 2989 1183 decorem
3042 1127 3257 1181 indutus
3280 1136 3393 1193 est;

1820 1231 1876 1274 ut
1907 1220 2076 1274 divini
2102 1219 2263 1275 Verbi
2298 1220 2352 1274 in
2379 1229 2557 1275 terras
2585 1220 2896 1291 ingressum
2931 1234 2962 1273 e
2990 1219 3131 1274 caelo
3157 1217 3394 1288 quodam

1818 1321 2075 1366 ornatum
2123 1307 2323 1367 tlecore
2369 1309 2727 1382 signiﬁcaret,
2775 1311 2880 1366 hoc
2924 1317 3009 1366 est
3057 1325 3276 1364 carnem
3329 1309 3397 1366 de

1820 1404 1989 1458 Maria
2021 1404 2244 1474 Virgine
2267 1413 2604 1476 susceptam.
2637 1403 2770 1470 Quae
2799 1401 3020 1473 quidem
3045 1418 3167 1457 cum
3205 1401 3388 1456 inlide-

1821 1498 1951 1551 lium
2002 1498 2180 1553 oculis
2215 1498 2341 1553 vilis
2374 1506 2548 1568 atque
2571 1496 2785 1566 ahjecta
2817 1494 3115 1559 videretur,
3151 1494 3396 1547 divinum

1819 1598 1998 1644 tamen
2031 1587 2268 1644 Verbum
2307 1605 2405 1659 pro
2447 1590 2650 1647 decore
2679 1597 2734 1646 et
2760 1595 3086 1644 ornamento
3117 1588 3263 1640 illam
3301 1587 3400 1640 ha-

1823 1681 1960 1740 lunt.
1989 1689 2046 1734 ut
2067 1697 2131 1735 ea
2165 1697 2222 1736 re
2256 1683 2363 1737 vim
2395 1697 2553 1738 suam
2589 1697 2653 1738 ac
2695 1689 3020 1754 potestatem
3065 1679 3396 1744 ostenderet,

148 1768 230 1837 τὴν
253 1766 493 1838 κατάραν
528 1766 835 1834 ἐξαλείψας,
869 1769 963 1821 καὶ
994 1765 1054 1820 τὸ
1081 1765 1201 1820 καθ’
1237 1761 1394 1836 ἡμῶν
1425 1764 1709 1837 χειρόγρα-

1826 1785 1932 1839 quae
1985 1785 2080 1839 per
2139 1778 2422 1826 externam
2495 1772 2642 1826 illam
2705 1770 2889 1826 carnis
2952 1767 3384 1824 imbecillitatem

149 1876 255 1927 φον,
289 1860 380 1910 καὶ
410 1858 511 1930 τὴν
559 1858 694 1928 πρὸς
741 1858 832 1911 τὸν
879 1857 1011 1930 ᾅδην
1061 1857 1325 1930 διαθήκην
1371 1855 1559 1920 λύσας,
1609 1855 1706 1909 καὶ

149 1949 306 2002 πάντα
343 1948 707 2018 οίκονομήσας
746 1948 1055 2019 ἀνθρώποις
1095 1952 1176 2013 είς
1216 1948 1506 2020 σωτηρίαν·
1543 1946 1704 2010 εὐθὺς

149 2039 242 2108 γὰρ
265 2039 397 2109 μετὰ
417 2039 479 2092 τὸ
506 2041 702 2102 εἰπεῖν,
739 2038 792 2092 Ὀ
814 2041 1029 2108 Κύριος
1047 2036 1465 2102 ἐϐασίλευσεν,
1493 2039 1704 2106 εὐπρέ-

149 2147 303 2184 πειαν
327 2129 679 2194 ἐνεδύσατο,
729 2131 1052 2203 προστίθησι
1097 2131 1279 2197 πάλιν,
1322 2132 1416 2186 καὶ
1460 2129 1704 2201 δευτεροῖ

149 2223 320 2290 λέγων·
364 2221 724 2276 Ὲνεδύσατο
757 2224 974 2291 Κύριος
1005 2222 1282 2293 δύναμιν,
1317 2223 1413 2277 καὶ
1443 2221 1707 2292 περιεζώ-

150 2328 298 2365 σατο·
325 2312 411 2366 ἴνα
440 2313 616 2386 δείξῃ,
647 2312 708 2366 τὸ
739 2313 956 2384 πρῶτον
981 2312 1184 2384 ἔνδυμα
1214 2314 1322 2366 ἀπὸ
1349 2313 1578 2386 Μαρίας·
1608 2313 1707 2386 τὴν

150 2403 197 2454 δὲ
224 2403 736 2476 ὲπιδευτερουμένην
766 2405 928 2458 πάλιν
951 2403 1160 2458 ἔνδυσιν
1201 2405 1308 2458 ἀπὸ
1357 2405 1456 2477 τῆς
1481 2405 1711 2460 ἀναστά-

152 2510 272 2558 eam;
309 2494 416 2547 τῶν
457 2494 692 2566 νεκρῶν.
729 2497 840 2549 Καὶ
883 2495 993 2568 γὰρ
1038 2497 1408 2564 πρωτότοκος
1452 2497 1623 2549 ἐστιν
1647 2494 1717 2549 ἐκ

152 2585 254 2639 τῶν
278 2585 528 2655 νεκρῶν,
579 2587 657 2652 ὡς
707 2582 860 2641 εἶπεν
907 2591 940 2660 ἡ
991 2587 1112 2641 θεία
1153 2588 1369 2660 Γραφή.
1415 2588 1514 2642 Διά
1557 2588 1716 2642 τοῦτο

153 2677 451 2749 προστίθησι
487 2677 660 2751 ταύτῃ
699 2681 766 2750 τῇ
798 2678 1027 2752 δευτέρᾳ
1068 2680 1276 2733 ὲνδύσει
1321 2682 1716 2753 περισσοτέραν

153 2767 256 2820 τινα
283 2768 602 2835 ἀσφάλειαν.
647 2769 842 2838 λέγων·
905 2769 1258 2824 Ἐνεδύσατο
1291 2772 1508 2840 Κύριος
1535 2771 1714 2826 δύνα-

154 2875 258 2926 μιν,
284 2859 376 2911 καὶ
409 2859 825 2928 περιεζώσατο.

1817 1865 2043 1915 ιιιοτῑθιι]
2082 1862 2344 1927 aboleret,
2397 1878 2518 1932 quae
2567 1862 2777 1932 peccati
2849 1860 3187 1915 dominatum
3235 1867 3399 1928 atque

1813 1950 2100 2022 imperium
2133 1951 2443 2020 obtinebat;
2480 1951 2640 2023 791
2676 1966 2742 2007 ac
2770 1949 3037 2022 quidquid
3071 1947 3140 2003 ad
3167 1949 3398 2003 salutem

1811 2051 2056 2096 nostram
2081 2044 2384 2114 spectabat,
2422 2044 2528 2099 rite
2566 2042 2873 2114 perliceret,
2915 2041 3278 2113 corruptelam
3311 2055 3402 2096 ex-

1814 2129 2136 2200 stingueret,
2168 2142 2222 2188 et
2243 2133 2674 2190 exsecrationem
2697 2149 2805 2189 una
2829 2147 2954 2189 cum
2985 2133 3190 2204 scripto
3218 2132 3402 2187 adver-

1815 2237 1910 2275 sus
1956 2238 2059 2278 nos
2103 2224 2468 2296 chirographo
2519 2225 2804 2290 deleret’,
2865 2231 2920 2279 et
2971 2223 3163 2295 initum
3219 2222 3400 2278 ftedus

1814 2329 1940 2368 eum
1978 2314 2170 2370 inferis
2201 2315 2546 2379 dissolveret,
2586 2315 2879 2384 omniaque
2909 2313 2977 2368 ad
3008 2313 3287 2368 hominum
3312 2326 3402 2368 sa-

1816 2407 1980 2462 lutem
2010 2406 2202 2462 idonee
2235 2408 2755 2477 accommodateque
2788 2405 3136 2476 gubernaret.
3187 2402 3400 2459 Etenim

1822 2499 1984 2553 simul
2019 2507 2180 2570 atque
2214 2497 2393 2554 dixit:
2444 2499 2700 2553 Dominus
2737 2497 2994 2567 regnavit,
3034 2495 3273 2549 decorem
3322 2494 3403 2548 in-

1820 2591 1979 2644 dutus
2001 2601 2097 2647 est.
2122 2589 2355 2644 subinde
2379 2589 2509 2643 illud
2543 2588 2733 2657 adjicit
2760 2607 2772 2642 :
2796 2585 2979 2640 Induit
3012 2584 3270 2640 Dominus
3299 2583 3403 2654 [or-

1819 2681 2118 2742 tilndinem,
2152 2690 2200 2733 et
2237 2680 2512 2747 prwcinxit
2562 2695 2636 2732 se.
2692 2676 2795 2732 Ubi
2842 2676 3078 2748 primum
3116 2675 3398 2729 indumen-

1817 2778 1934 2824 tum
1988 2787 2053 2824 ex
2109 2767 2276 2823 Maria
2312 2777 2609 2838 sumptum,
2654 2768 2948 2838 posterius,
2979 2765 3072 2820 ubi
3109 2779 3139 2818 a
3171 2764 3403 2818 mortuis

1816 2861 2090 2918 excitatus
2145 2869 2267 2925 est,
2330 2861 2613 2931 accepisse
2664 2859 3029 2915 demonstrat.
3089 2858 3186 2913 Est
3233 2857 3400 2918 enim,

157 2951 414 3023 Scriptura
455 2962 614 3016 teste,
649 2956 1025 3026 primogenitus
1056 2971 1120 3011 ea:
1155 2957 1378 3011 mortuis
1407 2958 1448 3013 ³.
1492 2955 1787 3028 Propterea
1829 2956 2131 3013 secundum
2170 2957 2315 3010 hunc
2368 2957 2626 3012 vestitum
2694 2955 3006 3011 accuratius
3065 2953 3386 3022 firmiusque

155 3046 430 3100 communit
460 3047 549 3102 his
585 3047 762 3103 verbis
806 3067 818 3100 :

889 3045 1073 3102 Induit
1125 3047 1385 3104 Dominus
1444 3051 1708 3117 virtutem,
1753 3059 1802 3104 et
1849 3049 2128 3118 praecinxit
2170 3064 2245 3103 se.

213 3139 321 3194 EE'.
365 3142 580 3213 Ὠσπερ
619 3141 728 3215 γὰρ
777 3143 804 3195 ὁ
841 3143 935 3195 ἐπὶ
973 3145 1041 3215 τῇ
1075 3143 1240 3214 ὀσφύϊ
1283 3143 1718 3216 διαζωννύμενος

1894 3143 2053 3198 LXV.
2104 3141 2576 3210 Quemadmodum
2638 3142 2783 3196 enim
2832 3140 2925 3211 qui
2987 3139 3203 3194 lumbos
3274 3152 3404 3193 suos

157 3232 452 3303 ἑπισφίγγει
482 3235 546 3287 τὸ
579 3234 784 3306 ἔνδυμα
824 3235 920 3288 ἐπὶ
958 3236 1057 3308 τὴν
1096 3237 1290 3306 ὀσφὺν,
1335 3237 1718 3310 περισσότερον

158 3325 372 3399 στερεῶν
406 3325 466 3379 τὸ
515 3321 677 3391 εἶδος,
726 3329 823 3381 καὶ
869 3328 1106 3383 συνενῶν
1137 3326 1216 3398 τῷ
1261 3327 1434 3400 χρωτὶ
1475 3327 1552 3399 τῷ
1583 3326 1717 3399 ἰδίῳ·

157 3415 280 3470 οὕτω
301 3417 359 3470 τὸ
388 3418 608 3490 πρῶτον
639 3420 971 3492 εὐπρέπειαν
997 3419 1084 3474 διὰ
1115 3419 1214 3492 τὴν
1246 3419 1511 3492 ἕνσαρκον
1539 3418 1724 3475 ὲνταῦ-

157 3507 217 3560 θα
240 3509 516 3580 ἐνδημίαν,
549 3511 611 3564 τὸ
633 3511 992 3584 δὲδεύτερον,
1029 3511 1184 3582 φησὶ,
1217 3509 1445 3582 δύναμιν
1471 3509 1722 3565 ἐνεδύσα-

158 3615 228 3660 το,
252 3601 482 3665 ἀναστὰς
511 3604 576 3655 ἐκ
601 3602 708 3656 τῶν
735 3601 962 3673 νεκρῶν·
990 3603 1173 3656 οὐκέτι
1199 3602 1278 3666 είς
1307 3601 1478 3666 πάθος
1505 3603 1538 3673 ἡ
1569 3604 1720 3654 ἐναν-

162 3689 419 3762 θρώπησις
444 3694 612 3747 αὑτοῦ
637 3693 874 3765 ἔρχεται,
904 3695 1086 3748 οὐκέτι
1119 3697 1198 3758 είς
1227 3694 1514 3765 μάστιγας,
1543 3695 1722 3748 οὐκέτι

161 3783 483 3853 σταυροῦται,
519 3783 593 3848 ὡς
623 3780 743 3838 εἷπε
775 3785 905 3857 περὶ
931 3785 1094 3839 αὑτοῦ
1141 3784 1170 3838 ὁ
1225 3783 1566 3850 ’Δπόστολος
1603 3786 1724 3840 Ἁν-

159 3869 310 3940 ἐστη·
325 3873 526 3928 οὐκέτι
540 3874 933 3942 ἀποθνήσκει,
950 3875 1204 3944 θάνατος
1215 3876 1401 3932 αὐτοῦ
1416 3876 1612 3931 οὐκέτι
1628 3895 1726 3932 κυ-

161 3966 345 4030 ριεύει.
373 3966 474 4019 Διά
501 3966 663 4021 τοῦτο
687 3970 820 4040 φησὶ
843 3968 925 4032 τὸ,
948 3967 1285 4032 διεζώσατο,
1306 3967 1611 4034 συνενώσας
1625 3968 1725 4042 τὴν

163 4058 308 4112 αὐτοῦ
344 4059 520 4132 σάρκα
540 4062 623 4124 είς
650 4061 779 4131 μίαν
807 4060 1056 4133 θεότητα,
1089 4063 1170 4125 είς
1205 4061 1333 4132 μίαν
1357 4060 1608 4134 ἑνότητα,
1644 4061 1724 4124 είς

163 4149 364 4220 Πνεῦμα
392 4151 452 4204 τὸ
483 4151 665 4204 eam
697 4151 789 4204 καὶ
820 4151 1149 4221 σωματικὸν,
1169 4153 1249 4215 εἰς
1265 4150 1323 4204 ἓν
1357 4151 1727 4222 πνευματικὸν

164 4239 478 4313 τελούμενον,
514 4243 611 4296 καὶ
639 4244 714 4313 μὴ
743 4242 880 4312 ἔχων
906 4242 1171 4305 διάλυσιν,
1193 4242 1269 4306 ὡς
1298 4242 1515 4313 είσῆλθε
1541 4242 1729 4296 λοιπὸν

166 4329 324 4401 θυρῶν
358 4333 760 4404 κεκλεισμένων
809 4333 870 4386 τὸ
900 4333 1236 4404 παχυμερὲς,
1279 4333 1633 4404 λεπτομερὲς,
1668 4333 1729 4385 τὸ

169 4421 404 4494 παθητὸν,
456 4423 690 4489 ἀπαθὲς,
727 4425 784 4477 ὲν
822 4425 987 4496 σαρκὶ
1029 4423 1298 4487 πεπονθὸς
1321 4464 1335 4489 ,
1378 4423 1552 4495 μένων
1580 4423 1636 4475 δὲ
1673 4422 1729 4475 ὲν

1826 3235 2134 3307 praecingit,
2176 3245 2383 3289 vestem
2433 3233 2501 3287 ad
2549 3233 2695 3285 illam
2747 3231 2998 3301 corporis
3037 3238 3243 3300 partem
3275 3226 3403 3281 dili-

1825 3327 2045 3397 gentius
2073 3324 2353 3393 astringit,
2383 3334 2441 3377 ut
2471 3322 2538 3377 ad
2565 3336 2768 3392 corpus
2795 3335 2955 3376 suum
2989 3316 3196 3374 art-tius
3223 3317 3407 3372 adiue-

1826 3425 2005 3474 rescat
2053 3435 2067 3471 :
2111 3417 2184 3470 ita
2235 3414 2496 3470 Christus
2560 3413 2792 3484 primum
2839 3409 3094 3467 decorem
3161 3408 3408 3464 induisse

1828 3513 2046 3576 prepter
2095 3505 2528 3559 incarnationem
2577 3502 2822 3567 dicitur;
2860 3508 3046 3571 postea
3081 3514 3208 3554 vero
3233 3498 3408 3554 virtu-

1831 3608 1963 3663 tem,
2006 3611 2129 3651 cum
2164 3596 2420 3651 videlicet
2464 3610 2493 3647 a
2541 3593 2776 3649 mortuis
2808 3591 3071 3655 surrexit,
3100 3591 3173 3644 ita
3204 3597 3264 3643 ut
3295 3604 3403 3643 non

1825 3687 1937 3757 jam
1971 3684 2038 3741 ad
2069 3687 2353 3740 cruciatus
2393 3675 2669 3748 ferendos,
2704 3691 2799 3738 aut
2825 3677 3074 3748 verbera,
3108 3683 3191 3738 vel
3225 3683 3407 3739 crucis

1829 3776 2157 3848 supplicium
2192 3776 2431 3830 humana
2470 3774 2559 3829 illa
2587 3781 2782 3828 natura
2806 3772 3126 3836 descendat,
3160 3781 3221 3834 ut
3249 3771 3315 3826 de
3343 3787 3407 3826 eo

1831 3877 2064 3924 testatur
2133 3866 2465 3936 Apostolus:
2523 3865 2802 3930 Surrexit;
2838 3865 2955 3935 jam
3003 3881 3108 3919 non
3155 3864 3407 3924 moritur,

1831 3977 1971 4015 mars
2026 3959 2108 4014 illi
2150 3959 2295 4014 ultra
2346 3976 2448 4013 non
2495 3945 2860 4013 dominabitur
2907 3958 2951 4013 ‘.
2984 3957 3068 4014 Ob
3098 3957 3174 4020 id,
3207 3953 3406 4027 inquit,

1830 4053 2106 4123 prwcinxit
2137 4069 2212 4116 se,
2247 4067 2373 4106 eum
2404 4051 2662 4105 nimirum
2692 4065 2914 4105 carnem
2951 4064 3106 4106 suam
3144 4063 3269 4103 eum
3301 4060 3411 4102 una

1833 4144 2116 4199 divinitate
2165 4143 2435 4205 sociavit;
2471 4141 2633 4212 idque
2665 4142 2719 4195 in
2750 4139 2914 4196 unam
2950 4139 3410 4211 singularemque

1835 4249 2145 4304 persnnam,
2179 4233 2235 4287 in
2273 4231 2537 4302 Spiritum
2582 4231 2826 4286 divinum
2879 4232 3082 4301 pariter
3126 4238 3179 4285 et
3208 4243 3408 4299 corpo-

1836 4342 2008 4390 reum,
2041 4326 2097 4380 in
2132 4341 2297 4379 unum
2330 4317 2591 4394 quiddam
2634 4324 2880 4394 spiritale
2915 4322 3234 4393 perfectum,
3263 4319 3411 4391 quod

1835 4417 2060 4473 dissolvi
2099 4417 2239 4471 ultra
2274 4424 2528 4487 nequeat.
2579 4415 2652 4468 Ita
2698 4414 2957 4485 deinceps
2990 4412 3230 4469 occlusis
3274 4411 3414 4466 fori-

168 4514 397 4589 ἁπαθείᾳ·
413 4517 577 4571 καίπε
589 4535 640 4587 ρ,
659 4516 796 4587 μετά
812 4516 872 4570 τὸ
887 4515 1144 4570 εἰσελθεῖν
1155 4559 1166 4577 ,
1181 4515 1441 4570 δεικνύων
1457 4515 1616 4569 ὀστέα
1631 4515 1718 4568 καὶ

1829 4508 1932 4564 bus
1959 4508 2264 4578 ingressum
2287 4485 2377 4563 est
2395 4505 2415 4539 ⁸
2452 4485 2591 4562 idem
2620 4499 2753 4560 illud
2779 4512 3095 4561 concretum
3143 4502 3310 4560 simul
3331 4503 3413 4571 fac

172 4604 347 4677 σάρκα,
371 4608 542 4661 τύπον
572 4608 791 4678 λόγχης,
819 4610 912 4662 καὶ
938 4609 1106 4662 τύπον
1127 4609 1292 4680 ἥλων,
1328 4607 1726 4679 ψηλαφώμενος

172 4693 262 4748 ὑπὸ
295 4697 382 4750 τεῦ
416 4699 610 4770 Θωμᾶ,
651 4699 925 4770 ὁρώμενος
958 4697 1063 4753 ὑπὸ
1101 4698 1208 4752 τῶν
1237 4698 1516 4771 μαθητῶν·
1553 4698 1732 4770 είσερ-

173 4786 376 4858 χόμενος
408 4789 466 4843 δὲ
507 4789 691 4862 θυρῶν
728 4788 1153 4861 κεκλεισμένων,
1197 4791 1284 4844 ἵνα
1320 4790 1492 4863 δείξῃ,
1526 4790 1608 4844 ὅτι
1651 4789 1732 4852 είς

177 4878 287 4947 μίαν
310 4880 498 4934 ἕνωσιν
523 4879 902 4952 πνευματικὴν
925 4881 987 4934 τὸ
1021 4883 1129 4936 πᾶν
1159 4882 1475 4954 ᾠκονόμησε
1509 4881 1607 4952 τῆς
1636 4880 1733 4934 αύ-

175 4969 255 5023 τοῦ
283 4973 411 5044 πρὸς
435 4975 587 5046 ἡμᾶς
614 4975 743 5038 τοὺς
764 4974 1086 5044 ἀνθρώπους
1110 4975 1403 5046 σωτηρίας.
1432 4973 1542 5027 Καὶ
1565 4972 1618 5026 τί
1643 4989 1732 5044 μοι

179 5067 287 5137 περὶ
329 5069 418 5120 τὸν
457 5067 712 5121 τοσοῦτον
756 5068 914 5137 λόγον
956 5065 1418 5139 κατατρίϐεσθαι;
1465 5063 1733 5128 Πολλάκις

179 5155 272 5228 γὰρ
293 5158 358 5212 τά
382 5159 523 5213 αὐτά
560 5158 739 5228 λέγειν
771 5161 901 5232 ἡμῖν
953 5159 1049 5231 μὲν
1093 5159 1195 5212 οὐκ
1236 5155 1488 5228 ὀκνηρὸν,
1534 5156 1648 5220 τοῖς
1679 5154 1736 5209 δὲ

181 5245 576 5319 ἐντυγχάνουσιν
604 5247 900 5319 ἀσφαλείας
931 5249 1091 5321 χάριν
1125 5245 1510 5318 φροντίσαντες
1538 5242 1736 5298 πολλά-

183 5353 257 5400 κις
291 5339 687 5414 διηγησάμεθα,
722 5341 789 5396 ἵν’
827 5342 978 5406 ὅπως
1021 5338 1452 5412 διαπεράσαντες
1494 5335 1594 5408 τὴν
1640 5335 1736 5390 τοῦ

193 5424 382 5496 ’Δρείου
415 5429 780 5502 θηριοδολίαν,
811 5430 921 5486 τῶν
955 5431 1319 5502 φρονημάτων
1343 5444 1404 5481 τε
1436 5427 1532 5482 καὶ
1563 5425 1739 5497 λόγων

185 5515 266 5566 καὶ
288 5516 676 5590 διανοημάτων.

1835 4599 2077 4666 subtile;
2128 4599 2374 4671 passioni
2416 4596 2737 4662 obnoxium,
2779 4613 3088 4669 expersque
3117 4595 3411 4668 passionis,

1834 4693 1890 4747 in
1935 4707 2102 4748 carne
2143 4707 2388 4764 passum,
2427 4698 2480 4745 et
2514 4701 2665 4745 extra
2699 4706 2916 4746 omnem
2950 4689 3190 4760 patiendi
3223 4686 3415 4744 condi-

1835 4781 2038 4837 tionem
2069 4781 2419 4846 consistens;
2454 4794 2767 4851 quanquam
2803 4786 2924 4851 post
2956 4779 3264 4850 ingressum
3286 4791 3414 4834 ossa

1833 4887 2164 4944 carnemque
2218 4881 2569 4939 monstraret,
2649 4881 2704 4927 et
2754 4871 2956 4926 lanceae
3025 4871 3415 4939 clavorumque

1837 4968 2106 5039 vestigia;
2141 4967 2251 5022 imo
2285 4973 2341 5020 et
2371 4983 2399 5020 a
2435 4964 2644 5020 Thoma
2689 4970 3146 5025 eontrectaretur,
3189 4970 3244 5016 et
3270 4976 3299 5014 a
3329 4959 3414 5014 di-

1844 5061 2068 5132 scipulis
2102 5066 2440 5115 cerneretur.
2477 5057 2746 5113 Caeterum
2781 5056 3018 5112 occlusis
3071 5055 3281 5109 foribus
3328 5053 3415 5108 in-

1843 5165 2066 5221 gressus
2097 5157 2202 5212 est,
2233 5160 2292 5204 ut
2323 5149 2376 5204 in
2412 5164 2578 5203 unam
2628 5146 2928 5218 spiritalem
2973 5144 3414 5214 conjunctionem

1843 5250 2078 5312 utraque
2106 5251 2302 5296 natura
2328 5239 2664 5299 consociata,
2696 5249 2913 5292 omnem
2941 5233 3134 5289 salutis
3166 5236 3418 5288 humanae

1843 5330 2285 5401 procurationem
2314 5335 2626 5398 susceptam
2663 5340 2694 5378 a
2728 5339 2787 5379 se
2815 5331 3168 5379 monstraret.
3215 5320 3416 5377 Verum

1843 5421 1976 5496 quid
2038 5422 2229 5478 tandiu
2284 5421 2340 5476 in
2388 5435 2453 5475 ea
2512 5417 2762 5474 oratione
2817 5414 3149 5472 conﬂicter?
3211 5412 3414 5470 Eadem

1843 5516 1988 5572 enim
2021 5522 2267 5588 repetere
2317 5511 2517 5583 saepius
2561 5523 2662 5566 nos
2703 5508 2925 5581 quidem
2967 5505 3192 5565 minime
3239 5506 3417 5579 pigra-

251 5670 264 5700 ¹
298 5667 452 5728 Deest
483 5675 708 5747 aliquid.
787 5681 807 5710 '
841 5673 1152 5746 Colossgu,
1189 5674 1274 5730 η.
1351 5677 1371 5710 ³
1396 5675 1612 5731 Coloss.
1647 5691 1686 5738 l,
1717 5666 1828 5739 18',
1852 5675 2021 5746 Apoc.
2052 5689 2089 5742 ι,
2125 5671 2178 5728 5.
2255 5672 2276 5705 ⁸
2303 5667 2464 5728 Rom.
2495 5669 2641 5738 v1.9.
2708 5670 2729 5703 '
2763 5667 2920 5724 Joan.
2943 5683 3034 5732 xx,
3062 5663 3126 5722 19
3154 5673 3272 5735 sqq.
