3826 6206
394 234 496 292 ⁵511

1781 231 1837 288 ε.
1881 229 2251 294 EPIPIIANII.

393 368 515 411 mur
543 354 582 420 ³,
616 353 778 423 idque
824 353 878 409 in
939 354 1202 411 lectorum
1245 353 1477 425 gratiam
1522 352 1590 407 ad
1633 366 1730 407 eos
1775 351 2218 422 praemuniendos
2267 350 2580 405 faciendum
2648 349 2904 404 duximus
2961 365 2974 402 :

3564 219 3684 276 3&2

3038 361 3149 418 quo
3193 344 3267 399 illi
3317 340 3682 397 virulentam,

396 459 461 498 ac
512 442 831 514 pestiferam
888 444 1005 499 Arii
1054 444 1362 500 doctrinam
1440 445 1495 498 in
1561 442 1817 499 omnibus
1872 442 2020 498 illius
2091 442 2378 499 sententiis
2436 440 2893 511 orationibusque
2955 436 3208 494 diliusam
3265 431 3481 488 facitius
3536 440 3686 479 cva-

395 540 548 597 dant.

473 630 638 701 792
691 629 877 687 LXVI.
940 629 1097 687 Nunc
1153 647 1277 686 cum
1333 630 1399 686 de
1449 630 1556 686 isto
1609 628 1786 698 capite
1849 626 1985 683 satis

2162 623 2296 692 EQ".
2344 623 2567 686 Ἱκανῶς
2590 620 2647 674 δὲ
2678 620 2807 692 περί
2826 617 3030 687 ταύτης
3052 615 3153 687 τῆς
3179 612 3378 678 λέξεως
3407 610 3686 701 ὡσαύτως

400 724 574 776 multa
616 726 779 778 verba
835 724 1150 788 fecerimus,
1204 723 1272 778 ad
1319 722 1426 776 alia
1471 730 1838 776 transeamus.
1894 718 1985 775 Sic

402 817 549 869 enim
595 816 888 886 plerisque,
944 832 1066 887 qum
1124 817 1400 871 memoriae
1460 831 1596 870 meae
1662 822 1982 879 occurrunt,

403 908 745 965 calumniose
779 909 849 964 ab
882 910 991 965 illis
1036 909 1274 980 objecta,
1318 908 1630 974 declaratis,
1676 922 1739 963 ex
1792 907 1985 979 paucis

404 997 514 1052 illis
547 997 865 1068 pluribusve
908 999 1087 1068 palam
1131 998 1263 1053 illud
1312 998 1574 1054 faciemus
1602 1015 1617 1053 :
1645 1013 1988 1068 quaecunque

405 1089 461 1144 in
494 1089 793 1162 Scripturis
828 1091 1100 1161 leguntur,
1134 1090 1277 1159 apud
1303 1105 1425 1145 eum
1464 1088 1706 1161 quidem,
1739 1089 1831 1159 qui
1865 1087 1988 1159 Spi-

407 1181 518 1235 ritu
552 1184 746 1236 sancto
784 1183 1041 1252 praeditus
1074 1182 1163 1246 sit,
1226 1181 1431 1253 quique
1469 1181 1682 1251 vigilem
1711 1189 1766 1235 et
1791 1195 1986 1251 exper-

407 1280 613 1326 rectam
642 1271 737 1328 Dei
772 1273 1038 1329 beneficio
1066 1280 1302 1328 mentem
1353 1273 1583 1343 adeptus
1629 1272 1817 1339 fuerit,
1865 1288 1989 1343 per-

407 1365 621 1433 plexam
665 1366 869 1421 nullam
911 1367 1193 1421 continere
1236 1366 1601 1432 sententiam;
1653 1382 1755 1422 nec
1783 1366 1867 1422 vel
1908 1374 1989 1423 te-

407 1457 738 1513 nuissimum
789 1457 1095 1514 aliectionis
1149 1459 1296 1514 illius
1348 1457 1600 1529 judicare
1655 1458 1984 1529 vestigium,

407 1547 554 1619 quod
585 1546 756 1613 Patri,
781 1549 866 1604 vel
892 1547 1050 1610 Filio,
1082 1549 1169 1604 vel
1201 1548 1428 1619 Spiritui
1462 1555 1653 1604 sancto
1682 1547 1986 1614 tribuatur;

408 1656 533 1693 nam
572 1656 602 1696 e
640 1640 921 1696 contrario
952 1640 1088 1695 nihil
1120 1656 1229 1695 non
1284 1641 1394 1696 illis
1444 1639 1843 1712 perfectissime
1879 1649 1988 1694 tam

409 1729 478 1782 ab
510 1728 734 1783 Christo
760 1726 1010 1794 Domino,
1040 1744 1206 1800 quam
1235 1729 1303 1785 ab
1328 1728 1593 1799 apostolis
1621 1744 1684 1784 ac
1707 1729 1990 1800 prophetis

409 1819 477 1872 ah
506 1818 697 1874 eodem
725 1819 911 1877 missis
948 1828 1033 1875 est
1057 1819 1288 1875 dictum.
1323 1819 1430 1876 Sed
1462 1822 1534 1875 ita
1566 1829 1768 1889 tamen,
1803 1829 1863 1876 ut
1891 1836 1991 1892 pro

409 1910 683 1981 cujusque
726 1911 805 1967 rei
850 1926 914 1967 ac
963 1913 1065 1968 loci
1112 1920 1168 1969 et
1222 1915 1525 1984 argumenti
1586 1915 1993 1986 opportunitate

2086 715 2453 779 διαλαϐόντες,
2478 713 2571 766 ἐπὶ
2601 710 2700 776 τὰς
2729 710 2858 781 ἑξῆς
2888 710 3077 779 ῐωμεν’
3110 706 3220 769 ἴνα,
3243 701 3585 772 πανταχόθεν
3611 700 3686 752 τὰ

2088 809 2316 862 πλεῖστα
2344 805 2411 859 τὰ
2454 807 2524 876 τῇ
2556 802 2763 873 διανοίᾳ
2792 799 2950 872 ήμῶν
2987 796 3092 851 ὑπὸ
3134 796 3233 866 τῆς
3282 793 3505 847 ἐκείνων
3552 794 3687 862 ipso

2090 901 2307 972 σχελίας
2356 896 2733 951 ὑποπίπτοντα
2788 890 3206 963 σαφηνίσαντες,
3248 885 3515 955 δείξωμεν
3566 883 3687 936 ἀπὸ

2088 992 2194 1047 τῶν
2234 990 2430 1059 ὀλίγων
2478 988 2513 1059 ἢ
2562 986 2658 1041 καὶ
2703 985 2987 1049 πλειόνων,
3033 982 3116 1035 ὅτι
3150 978 3327 1032 πάντα
3362 978 3421 1029 ὲν
3453 979 3520 1047 τῇ
3553 974 3687 1044 θείᾳ

2088 1087 2279 1158 Γραφῇ
2315 1082 2393 1154 τῷ
2422 1078 2747 1151 κεκτημένῳ
2779 1074 3006 1147 Πνεῦμα
3031 1073 3205 1142 ἅγιον,
3230 1071 3325 1125 καὶ
3353 1069 3481 1124 νοῦν
3512 1071 3687 1139 ἐγρή-

2089 1194 2250 1249 γορον
2274 1175 2426 1247 παρά
2456 1171 2663 1245 Κυρίου
2694 1168 2959 1241 εἰληφότι,
2987 1165 3137 1221 οὐδέν
3167 1167 3281 1217 ἐστι
3308 1162 3523 1217 σκολιὸν
3550 1163 3686 1214 ὑπο-

2089 1269 2301 1340 νοῆσαι.
2335 1267 2369 1337 ἢ
2411 1264 2616 1328 πάθους
2671 1258 2813 1324 εἰδος
2855 1260 2936 1323 είς
2978 1259 3071 1311 τὸν
3106 1256 3347 1328 Πατέρα,
3383 1255 3417 1326 ἢ
3467 1255 3549 1317 εἰς
3587 1254 3686 1304 τον

2091 1359 2239 1421 Υίὸν,
2260 1358 2380 1412 οὐδὲ
2412 1359 2493 1421 εἰς
2519 1356 2581 1410 τὸ
2611 1354 2764 1424 ἆγιον
2781 1352 3029 1422 Πνεῦμα·
3046 1349 3182 1404 ἀλλὰ
3207 1348 3387 1401 πάντα
3408 1346 3687 1399 τελειότα-

2090 1469 2180 1518 τα,
2199 1448 2560 1521 οἰκονομικῶς
2580 1448 2637 1501 δὲ
2665 1448 2744 1509 εἰς
2772 1445 3011 1514 ἑκάστην
3031 1440 3221 1513 χρείαν
3251 1439 3346 1493 καί
3374 1440 3433 1492 ὲν
3461 1438 3687 1506 ἑκάστῳ

2090 1542 2240 1613 τόπῳ
2291 1541 2431 1612 πρὸς
2482 1538 2543 1592 τὸ
2599 1536 2962 1606 ὑποκείμενον
3029 1534 3088 1585 ὲν
3139 1530 3370 1603 ἀληθείᾳ
3436 1531 3499 1581 ὲν
3557 1529 3686 1590 ταῖς

2092 1634 2264 1698 θείαις
2282 1634 2527 1706 Γραφαῖς
2552 1632 2766 1702 εἴρηται
2792 1626 2883 1680 ὑπ’
2906 1623 3072 1679 αὑτοῦ
3098 1622 3193 1677 τοῦ
3222 1621 3432 1693 Κυρίου
3457 1620 3552 1673 καὶ
3574 1618 3688 1671 τῶν

2092 1726 2257 1783 αὐτοῦ
2286 1724 2619 1790 ἀποστόλων,
2652 1723 2745 1776 καὶ
2781 1722 2891 1776 τῶν
2922 1719 3093 1789 ἁγίων
3126 1713 3422 1789 προφητῶν
3448 1712 3559 1766 τῶν
3590 1712 3687 1765 ὑπ’

2090 1817 2255 1873 αὑτοῦ
2282 1815 2729 1887 ἀπεσταλμένων,
2770 1811 2882 1866 Καὶ
2916 1811 3026 1883 γὰρ
3055 1808 3184 1880 περὶ
3210 1805 3401 1860 τούτου
3436 1804 3691 1875 προεφήα

2090 1928 2275 1978 τευσε,
2321 1910 2502 1981 φήσας
2543 1906 2685 1961 κατὰ
2716 1906 2816 1977 τὴν
2859 1900 3151 1975 Ἐὕραῖκὴν
3185 1898 3491 1952 διάλεκτονυ
3530 1892 3684 1953 Ἠλὶ,

408 2002 705 2071 prudenter
739 2010 903 2073 atque
958 2020 1027 2060 ex
1059 2005 1290 2061 veritate
1332 2007 1544 2077 prolata
1576 1984 1686 2062 sint
1712 2007 1989 2064 universa.

2107 2003 2248 2068 Ἠλὶ,
2270 2000 2434 2071 λημᾶ
2458 1997 2820 2069 σαϐαχθαν[;
2847 1995 2876 2049 ὃ
2905 1992 3047 2048 κατὰ
3087 1988 3409 2046 ἀκολουθίαν
3438 1984 3687 2056 ἐπλήρου

411 2094 625 2149 Etenim
657 2093 724 2150 de
751 2095 975 2151 Christo
1006 2097 1317 2153 vaticinans
1361 2097 1530 2153 David
1572 2098 1841 2154 Hebraica
1886 2099 1991 2153 liu-

413 2203 518 2256 gua
549 2188 805 2244 dixerat:
852 2188 961 2253 Eli,
999 2190 1110 2253 Eli,
1163 2190 1354 2245 lemma
1406 2190 1800 2245 sabaei/tani’?
1837 2189 1990 2258 Quod

412 2278 692 2349 deinceps,
728 2288 787 2333 ut
819 2288 934 2335 erat
985 2279 1329 2352 pmdictum,
1388 2283 1442 2335 in
1504 2298 1669 2338 cruce
1731 2282 1994 2338 Dominus

412 2369 677 2440 implevit,
716 2385 838 2424 cum
876 2369 1142 2428 Hebraica
1178 2373 1383 2444 lingua,
1415 2372 1524 2440 Eli,
1556 2372 1664 2437 Eli,
1689 2391 1753 2429 ex
1785 2376 1994 2430 oraculi

417 2461 520 2516 ﬁde
556 2463 948 2533 pronuntiavit.
982 2463 1190 2520 Caetera
1238 2481 1403 2537 porro
1447 2465 1711 2521 vocabula
1745 2466 1854 2521 duo
1883 2481 1995 2522 non

415 2549 702 2617 Hebraice,
730 2553 827 2609 sed
855 2552 1081 2626 Syriace
1102 2556 1399 2621 subtexuit,
1423 2556 1618 2611 lemma
1656 2557 1990 2612 sabacthani.

415 2643 490 2697 Ita
534 2643 808 2715 principio
860 2644 1079 2716 quidem
1122 2646 1391 2717 ejusmodi
1438 2661 1574 2702 usus
1602 2654 1709 2713 est,
1736 2649 1898 2719 quale
1926 2648 1995 2705 de

415 2736 537 2807 ipso
566 2734 744 2791 fuerat
770 2737 1072 2808 scriptum;
1098 2746 1293 2794 caetera
1320 2739 1498 2795 aliena
1520 2740 1705 2812 lingua
1737 2741 1991 2812 subjecit,

415 2841 481 2883 ac
507 2827 755 2883 nonnihil
791 2829 955 2884 verba
994 2830 1376 2885 commutavit.
1427 2828 1485 2887 Id
1534 2832 1681 2902 quod
1726 2832 1993 2904 singulari

415 2918 649 2989 quadam
678 2926 765 2976 est
800 2919 1089 2990 prudentia
1117 2920 1345 2988 factum,
1370 2928 1431 2977 ut
1453 2938 1578 2978 cum
1611 2922 1722 2989 Eli,
1776 2923 1870 2978 Eli
1912 2924 1996 2980 di-

418 3020 589 3078 ceret,
638 3011 919 3083 propheta:
950 3011 1087 3067 illud
1140 3013 1462 3069 vaticinium
1510 3013 1579 3068 ad
1626 3031 1687 3071 se
1721 3015 1999 3087 pertinere

418 3105 807 3172 profiteretur;
841 3118 966 3159 cum
1004 3119 1133 3160 vero
1166 3105 1308 3177 quod
1342 3105 1613 3177 reliquum
1636 3114 1723 3163 est
1752 3121 1863 3161 non
1884 3104 1995 3161 Ile—

419 3192 646 3258 braice,
700 3194 796 3249 sed
860 3193 1086 3266 Syrisce
1141 3196 1488 3267 conciperet,
1543 3212 1733 3253 eorum
1796 3197 1997 3253 fastum

419 3285 831 3355 comprimeret,
888 3285 983 3357 qui
1040 3302 1114 3342 se.
1145 3285 1410 3342 llebraica
1464 3288 1650 3358 lingua
1701 3288 1999 3345 insolenter

419 3373 693 3443 efferrent,
720 3383 776 3431 et
804 3374 871 3431 ad
896 3348 1042 3432 edita
1071 3376 1139 3433 de
1160 3391 1222 3432 se
1249 3377 1302 3432 in
1330 3377 1503 3433 sacris
1532 3348 1751 3435 ljitteris
1773 3378 1997 3434 oracula
2025 3348 2068 3406 θ

422 3468 750 3538 complenda
796 3477 1027 3526 caeteras
1077 3485 1295 3541 quoque
1327 3472 1541 3544 linguas
1570 3472 1873 3527 adhiberet.
1907 3470 1999 3526 In-

420 3563 602 3616 stabat
648 3562 793 3618 enim
848 3570 1063 3635 tempus
1114 3563 1271 3630 illud,
1320 3581 1429 3637 quo
1476 3566 1559 3621 sui
1599 3565 1852 3620 notitiam
1902 3580 2000 3636 per

419 3668 612 3708 omnes
672 3653 923 3713 nationes
985 3653 1333 3720 diffunderet,
1400 3672 1512 3711 non
1568 3672 1694 3711 eum
1757 3655 2031 3713 Hebraeis.

419 3742 583 3798 modo
613 3743 1068 3811 communicaret,
1100 3752 1160 3799 ut
1191 3745 1246 3801 in
1282 3753 1397 3802 toto
1429 3746 1541 3803 fere
1563 3748 1812 3804 vicesimi
1839 3749 2001 3820 primi

420 3836 619 3906 psalmi
670 3844 929 3892 contextu
978 3837 1200 3909 legitur.
1258 3837 1360 3894 Ubi
1391 3846 1653 3911 tanquam
1686 3857 1715 3896 a
1746 3852 2000 3914 suscepta

419 3926 663 3982 hominis
706 3935 903 3983 natura
952 3931 1330 3999 pronuntiata,
1372 3932 1440 3987 ad
1469 3934 1742 3990 humanos
1767 3934 1998 3990 affectus

420 4020 835 4076 accommodata
865 4028 995 4076 sunt
1025 4025 1212 4079 omnia
1242 4043 1257 4079 :
1289 4040 1411 4096 quae
1442 4026 1665 4097 quidem
1699 4028 1999 4085 adveniens

418 4112 538 4181 ipse
580 4113 895 4185 complevit.
945 4113 1086 4170 Sunt
1134 4117 1226 4171 illa
1265 4133 1416 4183 vero,
1457 4135 1579 4190 quae
1608 4120 1662 4175 in
1687 4136 1753 4177 eo
1787 4121 2000 4192 psalmo

417 4202 680 4274 loquitur,
725 4222 955 4278 qumque
998 4208 1066 4263 ad
1108 4208 1315 4265 Christi
1361 4210 1793 4268 incarnationem
1833 4214 2000 4285 perti-

415 4310 548 4351 nere
574 4297 835 4366 dicimus,
869 4301 937 4355 ad
970 4299 1283 4356 institutam
1316 4316 1347 4356 a
1374 4303 1534 4358 nobis
1567 4304 2000 4375 disputationem

421 4392 477 4447 in
513 4390 701 4459 primis
734 4401 1066 4462 opportuna,
1124 4395 1275 4449 velut
1329 4410 1454 4450 cum
1521 4396 1647 4463 ait;
1695 4397 2002 4452 Diviserum

2094 2097 2122 2149 ὁ
2151 2095 2354 2165 Κύριος
2386 2093 2478 2146 ἐπὶ
2507 2090 2602 2145 τοῦ
2636 2089 2906 2161 σταυροῦ,
2967 2087 3035 2141 τὰ
3070 2088 3151 2149 εἰς
3175 2083 3338 2137 αὑτὸν
3390 2096 3688 2152 προπεφη-

2093 2187 2335 2258 τευμένα
2387 2185 2582 2255 λέγων,
2652 2182 2795 2248 Ἠλὶ,
2871 2180 3016 2244 Ἠλὶ,
3060 2177 3323 2248 Ἐὁραῖκῇ
3371 2176 3440 2245 τῇ
3496 2171 3688 2237 λέξει,

2093 2280 2169 2344 ὡς
2192 2276 2261 2352 ἦν
2298 2275 2812 2351 προγεγραμμένον.
2842 2273 2952 2327 Καὶ
2985 2270 3170 2325 οὐκέτι
3204 2268 3505 2340 Ἐϐραῖκῇ,
3545 2264 3689 2318 ἀλλά

2096 2373 2339 2445 Συριακῇ
2394 2369 2660 2439 διαλέκτῳ
2728 2366 2790 2421 τὸ
2852 2363 3121 2434 συζυγοῦν
3179 2362 3333 2434 ῥῆμα
3399 2356 3689 2413 ἀποτελῶν

2096 2464 2273 2533 ἔλεγε,
2295 2461 2462 2533 λημᾶ
2490 2460 2855 2532 σαϐαχθανις
2885 2460 2973 2513 ἵνα
2987 2461 3055 2529 τῇ
3086 2457 3227 2527 ἀρχῇ
3260 2452 3355 2524 μὲν
3385 2451 3692 2523 χρήσηται.

2096 2558 2171 2623 ὡς
2200 2553 2267 2629 ἦν
2300 2556 2428 2630 περὶ
2456 2555 2620 2611 αὑτοῦ
2649 2552 3054 2628 γεγραμμένοψ
3089 2551 3169 2612 εἰς
3201 2546 3395 2619 ἑτέραν
3422 2544 3483 2597 δὲ
3504 2540 3688 2612 γλῶσ-

2098 2668 2196 2704 σαν
2218 2648 2278 2703 τὸ
2296 2648 2505 2713 λοιπὸν,
2528 2645 2607 2718 τῷ
2630 2645 2779 2718 ῥητῷ
2797 2645 2896 2716 τὴν
2910 2644 3160 2714 διήγησιν
3188 2635 3686 2711 μεταϐαλλόμενος,

2098 2741 2194 2798 καὶ
2222 2740 2353 2795 αὐτὸ
2377 2738 2547 2793 ποιῶν
2570 2738 2638 2792 δι’
2663 2735 2876 2807 ἀγαθὴν
2906 2732 3236 2803 οἰκονομίαν,
3279 2731 3360 2793 εἰς
3397 2727 3459 2780 τὸ
3492 2724 3690 2796 ὁμολο-

2098 2838 2213 2907 γεῖν
2242 2836 2303 2887 τὸ
2333 2833 2494 2906 ῥητὸν
2519 2830 2649 2903 περὶ
2669 2828 2834 2884 αὑτοῦ
2860 2826 3112 2899 εἰρῆσθαι
3136 2823 3241 2878 ὑπὸ
3259 2821 3354 2876 τοῦ
3378 2820 3687 2892 προφήτου,

2097 2927 2188 2982 διὰ
2214 2925 2331 2990 τοῦ,
2389 2923 2534 2990 Ἠλὶ,
2578 2922 2722 2989 Ἠλὶ,
2744 2921 2944 2990 λέγειν·
2995 2917 3057 2972 τὸ
3091 2916 3147 2970 δὲ
3177 2914 3472 2969 ὑπόλοιπον
3502 2908 3689 2963 οὐκέτι

2111 3020 2373 3092 Ἐϐραῖκῇ
2418 3015 2585 3082 λέξει,
2633 3014 2771 3069 ἀλλά
2812 3012 3081 3085 Συριακῇ,
3126 3009 3273 3071 ὅπως
3314 3003 3535 3059 καθέλοι
3579 2999 3688 3055 τῶν

2099 3110 2413 3183 αὐχούντων
2437 3108 2536 3181 τὴν
2579 3106 2858 3179 Ἐϐραῖδα,
2888 3102 2986 3158 καὶ
3013 3098 3327 3170 καταξιώση
3363 3096 3460 3150 καὶ
3493 3093 3690 3165 ἑτέρας

2100 3202 2351 3274 γλώσσας
2366 3202 2445 3264 εἰς
2463 3199 2741 3272 πλήρωσιν
2760 3196 2870 3251 τῶν
2887 3194 3015 3267 περὶ
3036 3191 3200 3247 αὑτοῦ
3224 3189 3426 3265 ῥητῶν.
3449 3186 3689 3258 Ἔμελλε

2100 3294 2210 3367 γὰρ
2246 3293 2347 3367 ήδη
2380 3290 2585 3348 ἁπλοῦν
2616 3291 2717 3362 τὴν
2747 3287 2926 3343 αὐτῶν
2962 3287 2985 3318 ⁸
3012 3284 3212 3356 γνῶσιν
3254 3282 3348 3336 ἐπὶ
3392 3280 3577 3335 πάντα
3620 3274 3695 3330 τὰ

2101 3390 2253 3461 ἔθνη,
2274 3387 2370 3442 καὶ
2390 3386 2490 3441 οὐκ
2506 3385 2599 3439 ἐπὶ
2614 3385 2739 3448 τοὺς
2752 3379 3040 3455 Ἐϐραίους
3058 3377 3239 3450 μόνον’
3259 3374 3337 3438 ὡς
3354 3372 3472 3444 ἔχει
3489 3373 3524 3443 ή
3539 3372 3689 3423 πᾶσα

2101 3480 2241 3551 αῦτη
2270 3477 2561 3533 ἀκολουθία
2577 3477 2635 3530 ὲν
2664 3471 2894 3544 εἰκοστῷ
2917 3469 3117 3543 πρώτῳ
3141 3465 3363 3539 ψαλμῷ,
3391 3463 3502 3519 ἀπὸ
3527 3478 3688 3533 προσ·

2100 3572 2253 3626 ώπου
2272 3572 2371 3643 τῆς
2390 3570 2659 3641 ὲνσάρκου
2678 3564 2843 3620 αὑτοῦ
2864 3560 3169 3635 παρουσίας
3187 3559 3255 3613 τὰ
3271 3557 3369 3612 ἀνθ
3378 3552 3688 3627 ρωποπαθῆ

2104 3662 2285 3716 πάντα
2311 3659 2475 3715 αὑτοῦ
2514 3655 2774 3730 δηλοῦσα.
2810 3654 2987 3716 Αύτδς
3019 3651 3076 3705 δὲ
3112 3649 3283 3703 ἐλθὼν
3313 3646 3583 3717 ἐπλήρου,
3615 3643 3689 3704 ὡς

2102 3756 2197 3809 καὶ
2237 3754 2384 3808 ἐστιν
2424 3749 2694 3807 ἀκόλουθα
2731 3750 2788 3803 ὲν
2830 3746 2938 3817 ὅλῳ
2968 3736 3045 3816 τῷ
3088 3740 3287 3813 ψαλμῶ
3331 3741 3412 3803 εἰς
3443 3738 3546 3808 τὴν
3592 3736 3687 3805 τῆς

2103 3848 2431 3919 ὑφηγήσεως
2455 3843 2660 3914 ταύτης
2688 3840 2953 3909 ἕνσαρκον
2985 3833 3288 3907 παρουσίαν
3320 3827 3588 3903 Χριστοῦ,
3617 3843 3688 3919 τεο

2103 3917 2355 3993 λειότατα
2384 3937 2445 3990 τὸ
2480 3937 2745 4007 διήγημα·
2782 3930 2857 3995 ὣς
2897 3946 3048 4000 φησιο
3082 3927 3192 3982 Καὶ
3221 3924 3579 3994 ἐμερίσαντο
3622 3917 3687 3971 τὰ

2105 4028 2303 4101 ἱμάτιά
2326 4046 2464 4099 μου·
2503 4028 2619 4091 καὶ,
2659 4025 2919 4094 Ὠρυξαν
2960 4020 3162 4092 χεῇοάς
3192 4036 3312 4089 μου
3352 4015 3453 4069 καί
3496 4012 3686 4076 πέδας

2100 4139 2240 4192 μου·
2277 4121 2448 4176 αὐτοὶ
2475 4120 2542 4173 δὲ
2577 4118 2958 4186 κατενόησαν
2991 4112 3088 4167 καὶ
3118 4109 3361 4166 ἐπεῖδόν
3390 4107 3571 4177 μου⁹,
3600 4103 3686 4155 καὶ

2106 4213 2205 4266 ὅσα
2236 4213 2355 4266 ἐστί
2384 4211 2610 4266 τοιαῦτα
2638 4209 2927 4281 λεγόμενα,
2952 4206 2989 4261 ἃ
3016 4205 3116 4258 ούκ
3146 4200 3419 4271 ἐνδέχεται
3449 4192 3685 4267 πληροῦο

2109 4305 2233 4358 σθαι
2274 4296 2485 4375 εἰςτὴν
2525 4303 2792 4375 θεότητος,
2840 4300 2954 4356 ἀλλ’
3007 4301 3065 4352 ὲν
3108 4295 3273 4365 σαρκὶ
3302 4292 3401 4362 τῆς
3432 4289 3684 4358 θεότητος

2106 4397 2498 4469 οίκονομούσης
2524 4396 2594 4450 τὰ
2640 4397 2819 4451 πάντα
2858 4396 2916 4447 ὲν
2944 4388 3186 4459 ἀπαθείᾳ
3216 4386 3311 4440 καὶ
3344 4385 3404 4437 ὲν
3433 4380 3680 4453 ἀληθείᾳ.

415 4482 726 4536 vestimenta
772 4501 886 4538 mea
913 4484 970 4549 ⁸;
1007 4493 1093 4540 et:
1147 4484 1426 4541 Foderunt
1466 4505 1657 4543 manus
1721 4507 1886 4556 meas,
1943 4499 1992 4545 et
2043 4490 2196 4560 pedes
2224 4490 2440 4549 meos“;
2484 4490 2609 4545 item
2658 4506 2673 4541 :
2706 4486 2811 4559 ipsi
2850 4502 2967 4542 vero
3008 4481 3500 4541 considerareruut,
3528 4485 3580 4529 et
3611 4474 3683 4526 in-

415 4585 697 4641 spexerunt
738 4575 877 4639 me',
936 4588 1000 4629 ac
1028 4583 1224 4632 caetera
1253 4577 1308 4633 id
1366 4593 1562 4649 genus,
1602 4595 1726 4650 quae
1779 4581 1835 4635 in
1881 4582 1999 4653 ipsa
2051 4580 2337 4651 divinitate
2379 4580 2561 4652 perlici
2608 4587 2921 4651 nequeunt,
2964 4575 3058 4632 sed
3098 4575 3153 4629 in
3186 4584 3353 4627 carne
3380 4568 3680 4627 duntaxat;

415 4670 579 4741 793
613 4670 667 4724 in
700 4684 808 4740 qua
835 4670 1097 4726 divinitas
1144 4672 1353 4739 omnia,
1401 4674 1550 4729 nulla
1586 4674 1875 4733 aﬂectione
1938 4686 2215 4750 suscepta,
2244 4677 2343 4735 sed
2371 4693 2437 4733 ex
2460 4677 2539 4732 rei
2568 4685 2748 4731 tamen
2778 4674 3031 4745 veritate,
3060 4666 3329 4742 prmstitit.

483 4757 694 4814 LXVII.
735 4757 951 4815 Rursus
981 4760 1133 4815 velut
1173 4760 1369 4819 furiosi
1417 4764 1640 4834 quidam
1671 4780 1858 4834 canes,
1891 4782 1991 4823 ne-

2167 4768 2284 4824 EZ’.
2328 4768 2666 4840 Ἀναπηδῶσι
2705 4767 2765 4821 δὲ
2800 4766 2984 4831 πάλιν,
3010 4764 3087 4828 ὼς
3117 4763 3167 4816 οἰ
3214 4762 3482 4831 ἐμμανεῖς
3528 4758 3679 4819 κύνες

410 4865 519 4923 que
548 4850 830 4905 dominum
860 4848 970 4921 prae
1002 4850 1158 4905 rabie
1181 4853 1417 4924 amplius
1447 4865 1830 4927 agnoscentes,
1861 4866 1915 4914 et
1942 4860 1997 4914 in

410 4945 591 5015 ipsum
665 4944 900 5014 primum
976 4945 1239 5017 impetum
1324 4946 1589 5005 facientes
1628 4991 1643 5017 ,
1724 4951 1992 5009 insiliunt.

409 5031 679 5103 Cumque,
711 5032 1007 5091 fatentibus
1034 5036 1214 5100 nobis,
1235 5036 1287 5092 id
1318 5038 1463 5108 quod
1493 5055 1582 5096 res
1614 5049 1720 5105 est,
1742 5044 1995 5112 audiunt,

407 5122 689 5178 Christum
722 5122 1010 5179 Dominum
1042 5126 1093 5180 in
1139 5125 1435 5199 Evangelio
1462 5128 1528 5185 de
1552 5130 1837 5204 discipulis
1880 5135 1998 5192 suis

411 5210 515 5266 ista
544 5213 752 5269 dixisse
782 5234 794 5269 :
834 5215 978 5282 Quos
1003 5216 1201 5272 dedisti
1229 5218 1379 5283 mihi,
1418 5218 1601 5287 Pater,
1647 5226 1847 5278 servavi
1876 5226 1997 5280 illos

410 5305 465 5357 in
492 5307 691 5362 mundo
724 5308 765 5363 °.
794 5308 1002 5366 Deinde
1030 5327 1046 5365 :
1085 5310 1199 5366 Fac
1229 5314 1393 5383 ipsos,
1422 5323 1480 5366 ut
1515 5314 1623 5368 sint
1656 5316 1710 5369 in
1734 5333 1836 5381 me,
1863 5318 2001 5371 sicut

409 5415 505 5468 ego
546 5409 596 5453 et
622 5410 677 5453 tu
708 5418 870 5458 unum
896 5422 1082 5460 summ
1113 5407 1133 5437 ⁷
1161 5422 1175 5473 ;
1216 5415 1330 5462 tum
1359 5408 1435 5463 illi
1472 5409 1636 5466 nobis
1675 5410 1948 5481 objiciunt
1981 5430 1994 5467 :

408 5640 437 5680 .
469 5575 509 5680 ὲ.
538 5575 770 5680 '1'1‘11'19-
825 5598 916 5680 επις
950 5581 999 5635 ’-

464 5645 527 5702 1".
561 5645 750 5704 αὑτοῦ.
825 5652 845 5682 ⁹
876 5653 1003 5709 Cor.
1040 5670 1128 5724 με.

1088 5585 1107 5615 ⁸
1133 5582 1279 5641 Psal.
1309 5601 1426 5656 xxi,
1464 5586 1520 5641 2.
1598 5586 1618 5619 ³
1650 5586 1782 5643 ibid.
1827 5587 1914 5643 I9.
1992 5587 2013 5620 ⁸
2044 5587 2175 5644 ibid.
2212 5588 2301 5643 17.

2105 4861 2280 4935 λύσσῃ
2312 4862 2419 4915 τινί
2451 4860 2825 4932 κατεχόμενοι,
2858 4858 2951 4912 τὸν
2980 4856 3159 4910 αὐτῶν
3185 4853 3455 4922 δεσπότην
3482 4850 3571 4903 διὰ
3592 4848 3680 4918 τὴν

2106 4954 2308 5009 λύσσαν
2337 4954 2679 5023 ἀγνοοῦντες,
2731 4951 2826 5006 καὶ
2860 4949 3009 5020 αὐτῷ
3049 4946 3264 5019 πρῶτον
3307 4943 3676 5014 ἐπερχόμενα.

2106 5044 2217 5097 Καὶ
2262 5043 2478 5112 λέγουσι
2525 5042 2708 5107 πάλιν,
2743 5042 2870 5094 ὅταν
2919 5037 3194 5092 ἀκούσωσι
3243 5034 3374 5105 παρ’
3409 5032 3591 5103 ἡμῶν,
3614 5032 3679 5093 ὡς

2105 5133 2254 5187 ἔστιν
2278 5134 2496 5206 ἀληθὲς,
2527 5135 2603 5198 ὡς
2630 5133 2724 5187 τοῦ
2747 5132 2953 5203 Κυρίου
2978 5130 3223 5199 λέγοντος
3249 5128 3307 5180 ὲν
3337 5124 3416 5197 τῷ
3448 5126 3678 5192 Εύαγγει

2105 5225 2203 5297 λίῳ
2236 5228 2365 5297 περὶ
2410 5228 2518 5280 τῶν
2552 5226 2718 5280 αὑτοῦ
2766 5224 3056 5296 μαθητῶν
3088 5222 3207 5287 Οὓς
3250 5217 3518 5283 δέδωκάς
3564 5233 3675 5285 μοι.

2102 5318 2314 5388 Πάτερ,
2337 5319 2616 5389 ἐφύλαξα
2637 5318 2862 5384 αὐτοὺς
2887 5318 2959 5370 ἐν
2993 5315 3072 5380 τῷ
3100 5315 3333 5383 κόσμῳ·
3365 5312 3462 5365 καὶ
3486 5309 3645 5364 πάλιν
3662 5322 3675 5336 θ

2104 5411 2372 5480 Ποίησον
2399 5411 2622 5478 αὐτοὺς
2653 5411 2754 5465 ἵνα
2791 5404 2943 5463 ὦσιν
2976 5406 3047 5459 ἐν
3084 5404 3235 5474 ἐμοί,
3277 5404 3360 5470 ὠς
3392 5401 3553 5471 κάγὼ
3587 5392 3675 5451 καὶ

2405 5591 2426 5621 ⁸
2466 5587 2598 5644 ibid.
2629 5588 2718 5643 l8.
2796 5588 2815 5618 ⁶
2841 5585 3001 5643 Joan.
3030 5599 3164 5651 xvn,
3211 5581 3298 5639 l2.
3379 5579 3397 5611 ⁷
3435 5576 3565 5634 ibid.
3588 5572 3673 5631 21.
