3826 6206
99 335 192 395 ’53

99 447 169 504 σὺ
194 445 260 500 ἐν
282 443 494 514 ἐσμεν·
525 445 618 497 καὶ
641 442 892 512 λέγουσιν
912 462 925 477 ·
970 445 1134 516 Ὁρᾷς
1163 445 1224 498 τὸ
1251 446 1344 498 ὑπ’
1374 444 1540 499 αὐτοῦ
1563 445 1650 528 λετ
1681 451 1726 508 Α

99 534 323 604 γόμενον,
363 533 444 585 ὅτι
483 531 624 601 Ἐγὼ
669 532 742 586 ἐν
790 533 872 599 τῷ
908 533 1112 600 Πατρὶ,
1147 534 1246 588 καί
1295 537 1327 589 ὀ
1362 535 1563 604 Πατὴρ
1588 535 1658 588 ἐν

99 621 226 692 ἐμοὶ,
263 619 353 674 καὶ
389 623 443 674 οἱ
467 619 575 674 δύο
603 621 672 674 ἓν
698 621 906 691 ἐσμεν,
933 624 1014 677 ὅτι
1044 623 1106 676 ού
1143 624 1271 694 περὶ
1301 625 1543 693 ἰσότητος
1571 625 1656 678 λέ-

98 729 191 780 γει,
224 709 353 764 ἀλλὰ
391 711 514 782 περὶ
549 712 832 781 όμονοίας;
878 713 1002 777 Πῶς
1045 714 1155 785 γὰρ
1189 713 1442 769 δύνανται
1470 716 1520 768 οἱ
1552 732 1658 785 μα-

99 805 236 876 θηταὶ
282 806 338 857 ὲν
374 804 520 876 αὐτῷ
553 800 693 858 εἶναι
741 805 883 860 κατὰ
935 805 1177 877 ἰσότητα,
1226 806 1362 861 ἀλλὰ
1409 807 1484 879 μὴ
1519 808 1661 863 κατὰ

97 898 179 967 τὴν
207 898 479 966 ὀμόνοιαν;
513 899 622 951 Καὶ
648 898 810 962 εὐθὺς
840 900 1013 970 πάντη
1041 900 1254 970 ἐλέγχει
1281 901 1479 964 αὐτοὺς
1501 904 1534 972 ὴ
1562 900 1657 954 τοῦ

98 989 213 1043 Θεοῦ
256 989 501 1060 ἀλήθεια,
548 990 624 1055 ὡς
666 991 790 1045 οὔτε
815 995 864 1045 οἱ
914 993 1151 1064 μαθηταὶ
1203 993 1467 1063 ἠδύναντο
1500 993 1660 1048 τοῦτο

98 1083 334 1153 πληροῦν,
362 1083 484 1137 οὔτε
514 1085 642 1155 περὶ
662 1085 843 1139 αὐτῶν
872 1085 1033 1140 τοῦτο
1068 1087 1318 1158 ῥηθῆναι,
1351 1089 1400 1140 εἰ
1425 1087 1500 1159 μὴ
1525 1089 1661 1142 ὲκοιε

98 1174 279 1246 νώνησε
307 1175 408 1246 τῆς
438 1178 616 1230 αὐτῶν
658 1177 881 1250 σαρκὸς,
913 1177 1084 1232 ἐλθὼν
1106 1180 1135 1231 6
1166 1180 1360 1248 Λόγος,
1405 1179 1501 1233 καὶ
1531 1197 1659 1234 συν-

97 1262 220 1330 ἅψας
235 1263 427 1328 αὐτοὺς
445 1266 504 1318 ὲν
524 1265 673 1337 αὐτῷ
690 1269 769 1330 είς
797 1266 1090 1322 υἱοθεσίαν.
1120 1268 1220 1321 Διὰ
1250 1268 1410 1323 τοῦτο
1437 1270 1545 1342 γὰρ
1567 1271 1660 1323 καὶ

98 1356 250 1425 πάντη
277 1357 332 1409 ὲν
361 1355 439 1425 τῷ
477 1356 719 1428 ’ᾼσματι
745 1357 856 1413 τῶν
885 1359 1147 1431 ᾀσμάτων
1168 1359 1267 1431 τὴν
1299 1359 1460 1430 ἁγίαν
1490 1360 1657 1414 αὑτοῦ

108 1449 407 1519 Ἐκκλησίαν
441 1452 667 1523 πλησίον
697 1453 873 1517 καλεῖ,
910 1454 1248 1525 προσφωνῶν
1279 1455 1416 1526 αύτῇ
1447 1455 1535 1508 διὰ
1560 1455 1659 1526 τῆς

97 1541 235 1608 ἁγίας
255 1539 421 1594 αὑτοῦ
447 1542 654 1613 φωνῆς,
683 1545 781 1614 τῆς
809 1545 1168 1616 ἁνεγερτικῆς
1195 1547 1289 1600 καὶ
1333 1563 1658 1618 προτρεπτι-

98 1633 200 1702 κῆς,
222 1629 389 1700 λέγων
417 1632 514 1702 τὸ),
556 1633 838 1699 Ἀνάστα,
864 1635 1005 1691 ἐλθὲ
1032 1637 1301 1704 πλησίον
1322 1655 1463 1706 μου,
1499 1635 1656 1704 καλή

94 1743 211 1796 μου,
257 1725 577 1796 περιστερά
600 1745 739 1797 μου.
776 1729 890 1782 Καὶ
938 1730 1088 1801 ὁρᾷς,
1125 1729 1200 1794 ὡς
1228 1729 1454 1802 πλησίον
1487 1730 1656 1802 αὐτὴν

673 328 1039 389 ADVERSUS
1073 328 1419 388 HIEIKESES
1455 329 1584 387 LIB.
1627 329 1692 387 ll.
1734 329 1900 388 TOM.
1942 329 2011 388 ll.
2047 363 2118 372 —
2157 330 2426 387 IIIERES.
2473 331 2659 386 LXIX.

3129 310 3136 314 “
3234 328 3342 386 δη

1754 444 2152 501 Animadvertis
2188 442 2498 515 eujusmodi
2547 443 2636 498 illa
2672 443 2836 499 verba
2883 442 3031 498 sint?
3080 440 3213 514 Ego,
3255 441 3342 497 in.

1758 537 1897 608 quit,
1934 538 1990 591 in
2039 536 2222 600 Patre,
2247 547 2297 591 et
2331 536 2494 592 Pater
2535 538 2590 591 in
2630 555 2729 600 me,
2766 546 2815 592 et
2853 537 3005 590 ambo
3043 552 3208 589 unum
3244 551 3339 589 su-

1759 641 1876 678 mus
1913 624 1953 679 ¹.
1987 622 2118 691 Quae
2162 641 2267 679 non
2297 625 2364 680 de
2395 625 2708 696 aaqualitale
2755 635 2988 692 natura,
3023 625 3121 679 sed
3154 617 3222 679 de
3247 640 3340 679 vo-

1760 716 2032 772 luntatum
2065 717 2361 772 concordia
2396 733 2495 788 par
2529 727 2613 774 est
2641 718 2836 788 accipi.
2879 717 3164 784 Quomodo
3193 715 3340 772 enim

1759 806 2034 877 discipuli,
2067 807 2112 864 si
2135 809 2202 864 de
2229 809 2558 878 aequalitate,
2593 825 2701 863 non
2731 809 2798 864 de
2834 808 3129 863 concordia
3156 821 3340 862 sermo

1760 898 1852 962 sit,
1886 900 1939 953 in
1972 899 2091 968 ipso
2124 902 2248 955 esse
2277 901 2607 969 potuerunt?
2637 900 2741 955 Sed
2791 900 2859 954 ab
2887 899 3036 953 omni
3071 905 3226 968 parte
3255 897 3340 950 die

1758 988 1900 1042 vinas
1948 988 2070 1042 illos
2115 988 2361 1044 veritatis
2409 989 2711 1044 auctoritas
2750 989 2949 1044 refellit
2988 986 3178 1058 :quod
3227 1001 3338 1041 non

1760 1080 1918 1134 aliter
1950 1080 2054 1135 hoc
2086 1079 2299 1150 impleri
2339 1081 2408 1136 ab
2446 1081 2712 1151 apostolis
2746 1081 2942 1150 potuit,
2979 1094 3081 1134 nec
3122 1080 3190 1134 de
3233 1077 3342 1134 illis

1760 1171 1906 1228 istud
1941 1173 2120 1242 ipsum
2148 1174 2516 1243 pronuntiari,
2550 1173 2655 1229 nisi
2688 1172 2873 1228 carnis
2919 1171 3136 1225 illorum
3169 1169 3341 1240 parti-

1759 1278 1886 1332 ceps
1913 1262 2156 1317 divinum
2191 1261 2429 1318 Verbum
2481 1263 2698 1325 fuisset,
2734 1263 3070 1330 eosdemque
3115 1259 3169 1312 in
3220 1273 3344 1313 sese

1759 1351 2051 1425 adoptione
2075 1352 2372 1422 junxisset.
2398 1353 2577 1423 Atque
2605 1352 2796 1407 eadem
2827 1365 2993 1406 causa
3024 1358 3128 1414 est,
3157 1364 3256 1402 cur
3285 1349 3342 1402 in

1757 1443 1982 1499 Cantico
2011 1445 2353 1500 canticorum
2385 1452 2797 1500 sacrosanctam
2844 1458 3001 1498 suam
3038 1442 3338 1496 Ecclesiam

1759 1536 1960 1607 ubique
1987 1536 2291 1606 proximam
2321 1536 2575 1608 appellet,
2616 1513 2780 1606 quam
2809 1549 2940 1589 voce
2967 1547 3066 1588 sua
3090 1532 3339 1587 excitans

1755 1635 1810 1684 et
1853 1628 2149 1683 cohortans
2199 1627 2347 1683 hunc
2400 1629 2457 1682 in
2502 1627 2723 1682 modum
2781 1625 3115 1696 compellat:
3153 1622 3343 1693 Surge.

1757 1719 1890 1782 veni,
1928 1719 2173 1787 proxima
2220 1734 2356 1783 mea,
2396 1717 2632 1786 formosa
2679 1733 2814 1780 mea,
2863 1717 3106 1770 columba
3141 1731 3256 1769 mea
3291 1707 3352 1769 ’.⁸

99 1815 260 1878 καλεῖς
290 1817 403 1869 Ούκ
433 1817 666 1888 ἠδύνατο
687 1819 744 1872 δὲ
768 1821 800 1890 η
847 1819 1143 1892 Ἐκκλησία
1167 1820 1392 1892 πλησίον
1417 1822 1655 1893 Χριστοῦ

1771 1808 1994 1864 Videsne
2018 1817 2077 1863 ut
2103 1809 2249 1864 illam
2274 1809 2579 1880 proximam
2603 1807 2884 1862 nominet?
2904 1807 3069 1877 Atqui
3093 1807 3342 1877 proxima

99 1906 366 1970 καλεῖσθαι,
402 1909 450 1962 εί
489 1910 564 1981 μὴ
590 1910 795 1964 ἄνωθεν
825 1908 978 1983 ἦλθε,
1008 1912 1100 1965 καὶ
1135 1912 1466 1985 ἐπλησίασεν
1494 1914 1653 1985 αὐτῇ,

98 1999 154 2052 δι’
173 1994 232 2071 ἧς
273 2000 427 2054 ἔλαϐε
466 2004 669 2074 σαρκὸς
705 2004 1091 2075 όμοιοπαθοῦς,
1118 2005 1204 2059 ἵνα
1230 2006 1330 2077 τὴν
1357 1987 1660 2077 πλησὶάσα-

103 2107 183 2144 σαν
209 2093 350 2163 αύτῷ
382 2094 803 2167 ἀνθρωπότητα,
841 2096 1165 2166 συναγαγίον
1195 2099 1323 2163 τοὺς
1355 2099 1413 2152 ὲν
1442 2099 1656 2170 ὑπακοῇ

102 2185 393 2256 γενομένους
447 2187 679 2260 πλησίον
727 2189 926 2262 ἑαυτῷ,
979 2191 1181 2266 καλέσῃ
1213 2193 1312 2264 τὴν
1364 2192 1526 2262 ἁγίαν
1563 2193 1658 2247 καὶ

103 2277 296 2332 ἄσπιλον
318 2278 558 2351 νύμφην.

160 2544 256 2600 Καὶ
289 2543 374 2598 διὰ
413 2543 576 2598 τοῦτο
609 2545 840 2600 ἐνταῦθα
882 2546 974 2600 τὸν
1008 2548 1230 2621 Πατέρα
1267 2549 1448 2604 αἰτείὸ
1463 2550 1656 2619 Λόγος,

104 2633 330 2706 ὀΚύριος
361 2635 528 2706 ἡμῶν
557 2637 586 2689 6
617 2637 935 2708 Μονογενὴς
965 2638 1094 2710 περὶ
1126 2637 1235 2692 τῶν
1268 2638 1546 2710 μαθητῶν,
1574 2641 1660 2696 ἵνα

104 2718 213 2779 ὦσιν
241 2726 294 2778 ὲν
323 2726 525 2799 ἑαυτῷ,
556 2727 642 2782 ἵνα
682 2727 779 2799 τὴν
812 2729 1131 2799 συγγένειαν
1158 2729 1256 2801 τὴν
1281 2731 1362 2794 είς
1387 2729 1551 2784 αὑτὸν
1572 2731 1661 2785 διὰ

104 2815 184 2885 τῆς
217 2816 410 2888 σαρκὸς
435 2818 740 2890 γενομένην
773 2818 993 2891 εὐδοκία
1027 2820 1262 2891 Πατρὸς,
1290 2821 1659 2890 ἁγιασθέντων

104 2905 192 2959 τῶν
233 2908 506 2981 μαθητῶν,
547 2910 629 2974 είς
675 2911 902 2982 ἑνότητα
948 2911 1197 2975 εὐδοκίας
1243 2913 1339 2967 καὶ
1387 2913 1660 2978 υἱοθεσίας

106 3000 320 3075 συνάψῃθ
349 3003 436 3056 ἵνα
481 3003 682 3075 ἔχωσιν
712 3004 771 3058 ὲν
813 3003 892 3076 τῷ
933 3003 1265 3076 πρωτοτόκῳ
1302 3005 1396 3060 τοῦ
1446 3006 1660 3079 Πατρδς

105 3092 200 3161 τὴν
229 3095 584 3166 ἀπογραφὴν
607 3095 728 3150 τῶν
747 3097 1138 3165 πρωτοτόκων
1166 3097 1238 3150 ἐν
1273 3097 1510 3167 οὐρανῷ
1525 3115 1540 3130 ο
1565 3099 1661 3153 καὶ

108 3187 178 3238 Eva
206 3188 271 3259 μή
298 3205 441 3252 τινες
468 3188 734 3260 νομίσωσι
762 3178 854 3244 τὸν
883 3188 1014 3243 Υίὺν
1043 3187 1534 3261 ἀπαλλοτριοῦσθαι
1561 3192 1661 3263 τῆς

105 3278 182 3332 τοῦ
215 3279 420 3352 Πατρὸς
457 3281 639 3352 δόξης,
672 3281 762 3336 διὰ
793 3281 854 3336 τὸ
890 3281 1264 3354 πεφορηκέναι
1312 3281 1512 3354 σάρκα,
1558 3285 1660 3338 ἐπ-

107 3371 508 3442 ασφαλιζόμενος
523 3374 622 3445 τὴν
637 3373 823 3428 πίστιν
843 3373 942 3428 καὶ
967 3373 1064 3445 τὴν
1079 3374 1180 3446 τῆς
1202 3373 1466 3444 ἀληθείας
1494 3374 1661 3429 αὐτοῦ

105 3464 295 3532 γνῶσιν,
335 3467 407 3540 μὴ
450 3469 510 3521 ὲν
543 3467 769 3539 ὑπονοίᾳ
793 3468 901 3522 τινὶ
932 3467 1187 3537 γενέσθαι
1213 3467 1322 3522 τῶν
1349 3468 1516 3522 αὐτοῦ
1541 3467 1664 3522 δού-

106 3555 212 3622 λων,
249 3559 340 3613 καὶ
383 3558 489 3630 τῆς
540 3559 754 3623 ἐλπίδος
797 3558 1022 3614 ἐκπέσοι
1069 3561 1099 3613 6
1150 3557 1414 3624 τοιοῦτος,
1465 3558 1659 3629 φησίν·

108 3649 209 3703 ἰνα
221 3646 382 3715 ὦσιν,
409 3650 493 3718 ὡς
513 3650 628 3721 ἐγὼ
649 3651 750 3705 καὶ.
777 3651 858 3705 σὺ
880 3651 950 3705 ἐν
973 3651 1182 3720 ἐσμεν,
1202 3650 1356 3705 οὕτω
1375 3650 1473 3704 καὶ
1501 3645 1666 3706 οὗτοι

108 3736 331 3798 ἐνῶσιν.
366 3741 519 3812 Ἐγὼ
553 3742 674 3812 μὲν
714 3741 824 3812 τὰρ
871 3741 969 3796 καί
1016 3741 1098 3796 σὺ
1127 3741 1199 3796 ἐν
1221 3741 1430 3811 ἐσμεν,
1471 3740 1561 3794 διὰ
1605 3739 1667 3793 τὸ

110 3832 216 3886 Θεὸν
238 3837 298 3889 ὲκ
323 3834 480 3898 Θεοῦ,
514 3836 608 3888 καὶ
631 3835 918 3906 ὁμοούσιον
955 3836 1014 3888 ὲν
1049 3833 1286 3906 θεότητι.
1314 3836 1428 3889 Καὶ
1446 3835 1528 3898 τὸ,
1553 3835 1668 3888 Ἕν

110 3926 285 3996 ἐσμεν,
312 3929 409 4000 οὐχ
441 3929 623 3983 ἑνικὸν
653 3927 926 4000 σημαίνει.
965 3928 1079 3982 Οὐκ
1100 3924 1224 3982 εἶπε
1253 3928 1386 3998 γὰρ,
1419 3929 1502 3982 ὅτι
1525 3925 1667 3997 Ἐγὼ

113 4012 175 4080 εἷς
198 4020 326 4087 εἰμι,
354 4019 469 4074 ἀλλ’
517 4019 659 4090 Ἐγὼ
678 4018 777 4072 καὶ
806 4019 889 4073 σύ
907 4033 922 4050 ⁸
958 4018 1154 4086 καὶτὸ,
1195 4019 1310 4074 Ἕν
1329 4019 1548 4089 ἐσμεν,
1581 4019 1669 4072 ἵνα

113 4111 278 4186 ἐλέγξῃ
325 4113 614 4167 Σαόέλλιον
644 4114 740 4167 καὶ
780 4113 878 4186 τὴν
925 4112 1090 4168 αὑτοῦ
1127 4112 1344 4184 σχολὴν,
1375 4111 1467 4165 τὸν
1519 4110 1682 4182 νομί-ν

114 4200 249 4263 ζοντα
271 4203 356 4256 τὸν
387 4204 519 4256 Υίὸν
545 4203 640 4257 καὶ
669 4203 760 4257 τὸν
782 4203 1004 4276 Πατέρα
1032 4201 1362 4273 συναλοιφὴν
1385 4196 1544 4267 εἶναι,
1577 4200 1673 4254 καὶ

114 4291 187 4346 τὸν
230 4294 442 4367 Πατέρα
491 4295 629 4368 πρὸς
663 4295 725 4349 τὸ
771 4295 926 4365 ἅγιον
977 4294 1206 4365 Πνεῦμα
1251 4293 1534 4358 ὡσαύτως.
1572 4291 1671 4346 Διὰ

114 4385 244 4439 τοῦτο
268 4388 372 4459 γὰρ
391 4387 563 4458 λέγει,
597 4388 705 4442 Ἕν
728 4388 1038 4458 ὲσμεν,καὶ
1071 4387 1172 4440 οὐκ
1195 4380 1370 4451 εἶπεν,
1401 4379 1497 4449 Εἷς
1529 4386 1667 4456 ειμι.

1687 3156 1730 3216 C

1757 1916 1880 1957 esse
1905 1900 2128 1956 Christo
2154 1899 2400 1956 Ecclesia
2430 1915 2540 1954 non
2569 1906 2803 1970 poterat,
2832 1899 2939 1954 nisi
2971 1897 3040 1954 de
3067 1898 3210 1953 ccelo
3255 1897 3346 1952 ille

1758 1993 2101 2049 descendens
2129 1993 2197 2047 ad
2227 2007 2345 2047 eam
2379 1993 2706 2048 accessisset
2735 2009 2752 2045 :
2779 1998 3003 2060 propter
3034 2003 3199 2060 quam
3246 1988 3345 2042 iis-

1757 2084 1883 2140 dem
1909 2084 2292 2140 aﬂ‘ectionibus
2317 2083 2616 2139 obnoxiam
2656 2081 2762 2138 sibi
2791 2096 3013 2137 carnem
3063 2079 3343 2151 imposuit,

1757 2184 1819 2232 ut
1847 2176 2148 2231 humanum
2185 2191 2360 2246 genus
2390 2175 2457 2229 ad
2502 2190 2626 2231 sese
2651 2174 2878 2245 propius
2910 2171 3177 2228 accedens
3221 2186 3350 2226 san-

1759 2277 1905 2324 etam
1949 2284 2015 2324 ac
2041 2268 2181 2324 labis
2210 2278 2489 2340 expertem
2537 2281 2800 2337 sponsam
2831 2273 3071 2329 vocaret,
3104 2262 3349 2319 collectis

1758 2361 2014 2416 omnibus
2059 2360 2151 2427 iis,
2191 2360 2285 2431 qui
2322 2360 2596 2431 obsequio
2641 2356 3061 2429 propinquiores
3089 2355 3194 2411 sibi
3227 2368 3352 2410 esse

1759 2453 2080 2523 cwpissent.

1830 2545 1970 2600 Hinc
2007 2559 2036 2598 a
2082 2543 2244 2600 Patre
2288 2559 2391 2601 suo
2435 2544 2678 2615 postulat
2750 2543 2854 2598 hoc
2897 2543 3018 2597 loco
3071 2538 3350 2605 Verbum,

1759 2639 1866 2693 hoc
1906 2645 1990 2694 est
2021 2636 2290 2694 Dominus
2331 2645 2540 2701 noster,
2582 2635 2780 2691 unicus
2810 2635 2905 2690 Dei
2935 2632 3130 2697 Filius,
3156 2647 3222 2686 ac
3252 2646 3352 2702 pro

1759 2730 2046 2800 discipulis
2061 2729 2353 2800 supplicat,
2373 2735 2434 2783 ut
2449 2729 2503 2783 in
2521 2728 2702 2798 seipso
2716 2728 2826 2784 sint
2846 2745 2860 2782 :
2876 2741 2986 2798 quo
3001 2726 3150 2780 illam
3167 2724 3355 2780 carnis

1761 2823 2075 2879 interventu
2106 2821 2490 2894 cognationem
2515 2819 2583 2875 de
2635 2819 2816 2874 Patris
2851 2819 2908 2873 in
2946 2833 3007 2874 se
3064 2815 3352 2871 voluntate

1759 2922 2101 2972 contractam
2128 2912 2488 2971 sanctiﬁcatis
2535 2911 2824 2981 discipulis
2853 2909 3018 2965 unius
3050 2906 3354 2964 voluntatis

1759 3015 1815 3064 et
1838 3006 2153 3079 adoptionis
2187 3004 2578 3076 conjunctione
2608 3003 3113 3074 copularet;atque
3154 3009 3212 3055 ut
3260 3013 3356 3069 per

1765 3101 2186 3174 primogenitum
2202 3100 2405 3165 Patris,
2419 3097 2905 3170 primogenitorum
2923 3096 2978 3150 in
2994 3094 3136 3150 cmlo
3151 3091 3358 3148 descri-

1761 3196 2004 3267 ptionem
2025 3194 2048 3227 ⁸
2075 3192 2422 3248 obtinerent:
2444 3203 2581 3245 neve
2603 3203 2634 3244 a
2657 3196 2886 3258 paterna
2917 3185 3090 3257 gloria
3115 3183 3354 3239 alienum

1761 3305 1886 3347 esse
1917 3288 2119 3344 Filium
2151 3302 2220 3343 ex
2245 3301 2313 3342 eo
2337 3282 2590 3341 nonnulli
2626 3281 2731 3338 sibi
2757 3281 3174 3352 persuaderent,
3209 3273 3357 3347 quod

1762 3395 1985 3438 carnem
2017 3385 2307 3452 gestasset.
2325 3375 2483 3433 Unde
2500 3382 2562 3431 ut
2591 3382 2646 3431 et
2672 3373 2833 3431 ﬁdem
2851 3389 2917 3430 ac
2950 3372 3202 3430 veritatis
3229 3385 3344 3427 sua:

1763 3472 2130 3545 cognitionem
2167 3470 2428 3536 muniret,
2485 3460 2716 3526 et’nihil
2753 3465 3024 3538 ejusmodi
3071 3477 3358 3522 servorum

1763 3581 1991 3622 suorum
2026 3563 2307 3619 mentibus
2352 3572 2690 3626 occurreret,
2725 3557 2871 3629 quod
2905 3557 3055 3628 ipsos
3077 3555 3228 3610 omni
3260 3565 3362 3625 spe

1767 3655 2202 3713 immortalitatis
2249 3653 2602 3718 excluderet,
2653 3647 3025 3721 adjiciendum
3077 3644 3292 3715 putavit
3337 3660 3354 3698 :

1767 3749 1931 3823 795,
1968 3748 2036 3805 Ut
2080 3749 2186 3804 sint
2215 3763 2400 3812 unum,
2445 3747 2582 3800 sicut
2611 3761 2702 3816 ego
2735 3753 2786 3800 et
2817 3751 2874 3796 tu
2905 3755 3070 3795 unum
3101 3753 3285 3793 sumus
3311 3735 3357 3789 ⁸.

1761 3835 1881 3915 Ego
1913 3843 2054 3898 enim
2090 3849 2142 3896 et
2177 3850 2231 3894 tu
2271 3855 2435 3894 unum
2481 3830 2668 3893 sumus
2717 3839 2770 3903 ⁸,
2812 3851 2878 3892 eo
2909 3832 3060 3906 quod
3102 3831 3246 3887 Deus
3289 3845 3361 3885 ex

1767 3935 1902 4004 Deo,
1958 3943 2014 3991 et
2066 3932 2561 3992 consubstantialis
2612 3931 2666 3986 in
2709 3929 3000 3986 divinitate
3045 3927 3120 3983 sit
3173 3931 3360 3979 natus.

1770 4029 1940 4086 Porro
1978 4029 2088 4084 ilLe
2131 4027 2266 4098 ipsa:
2307 4040 2494 4089 voces,
2544 4023 2721 4079 Unum
2749 4038 2959 4085 sumus,
3008 4034 3116 4074 non
3175 4017 3362 4086 singu-

1770 4122 1884 4176 lare
1918 4119 2125 4191 aliquid
2159 4134 2271 4189 pra:
2303 4133 2363 4174 se
2409 4117 2612 4174 ferunt.
2659 4114 2845 4187 Neque
2873 4113 3019 4170 enim
3052 4111 3211 4174 dixit,
3245 4107 3363 4180 Ego

1770 4228 1915 4270 unus
1945 4227 2092 4277 sum,
2147 4209 2265 4275 sed,
2302 4209 2414 4282 Ego
2444 4217 2494 4265 et
2521 4216 2615 4272 tu;
2661 4215 2737 4273 et,
2789 4205 2964 4261 Unum
2994 4219 3196 4258 sumus.
3243 4199 3363 4266 Qua

1770 4307 1984 4361 ratione
2033 4301 2332 4358 Sabellium
2382 4317 2508 4356 cum
2566 4299 2713 4354 omni
2763 4313 2862 4354 sua
2915 4295 3102 4353 schola
3155 4290 3361 4347 conde-

1772 4405 1946 4465 mnat,
1980 4397 2075 4468 qui
2095 4394 2294 4451 Filium
2317 4408 2442 4450 cum
2471 4391 2653 4457 Patre,
2676 4399 2729 4446 ct
2746 4390 2966 4444 Patrem
2999 4403 3122 4443 cum
3154 4384 3364 4457 Spiritu

117 4478 199 4532 Δύο
225 4481 316 4552 μὲν
351 4481 460 4552 γὰρ
494 4480 699 4544 τέλεια,
735 4481 928 4553 Πατὴρ
960 4480 1055 4535 καὶ
1090 4479 1249 4542 Υἱός·
1285 4478 1344 4532 ἓν
1369 4477 1428 4532 δὲ
1455 4478 1544 4533 διὰ
1567 4479 1663 4549 τὴν

1772 4497 1962 4546 sancto
1989 4485 2298 4543 confundit.
2332 4484 2541 4541 Idcirco
2563 4483 2732 4550 enim,
2761 4480 2938 4536 Unum
2968 4494 3176 4542 sumus,
3197 4475 3361 4538 dixit,

120 4572 327 4641 ἰσότητα,
349 4573 438 4628 διὰ
461 4572 564 4644 τὴν
590 4571 840 4643 θεότητα,
865 4572 960 4625 καὶ¹
992 4571 1121 4643 μίαν
1141 4569 1390 4641 δύναμιν,
1416 4570 1512 4623 καὶ
1540 4569 1669 4640 μίαν

117 4665 392 4737 ὁμοιότητα.
446 4667 538 4724 Ἐν
565 4668 633 4737 τῇ
675 4661 768 4719 οὖν
797 4665 1014 4736 θεότητι
1053 4664 1250 4736 Πατὴρ
1282 4665 1378 4718 καὶ
1417 4663 1545 4726 Υἱὸς
1571 4663 1630 4717 ἓν
1651 4678 1667 4694 θ

120 4756 242 4827 ἑντῇ
269 4756 619 4829 ἀνθρωπήσει
652 4755 782 4819 Υἱὸς
814 4754 910 4808 καὶ
936 4755 986 4806 οἱ
1017 4753 1259 4825 μαθηταὶ
1287 4752 1368 4818 ἓν,
1399 4769 1673 4826 προσαγο-

123 4847 269 4916 μένων
293 4849 398 4904 τῶν
422 4849 515 4903 διὰ.
541 4848 637 4920 τὴν
671 4845 999 4912 καταξίωσίν
1024 4845 1124 4917 τῆς
1158 4845 1402 4917 κλήσεως
1428 4844 1538 4898 τῶν
1568 4861 1676 4916 μα-

122 4939 268 5010 θητῶν
293 4943 382 4996 ἐπὶ
421 4943 483 4996 τὸ
509 4941 898 5012 ἀνεκδιὴγητον
931 4939 1031 5011 τῆς
1062 4937 1229 4993 αὐτοῦ
1263 4936 1674 5010 φιλανθρωπίας

124 5033 188 5095 εἰς
214 5035 330 5106 μίαν
359 5036 587 5106 ἑνότητα
623 5033 898 5097 υἱοθεσίας
930 5032 1019 5086 διὰ
1059 5031 1159 5103 τὴν
1196 5030 1290 5085 τοῦ
1322 5032 1536 5104 Πατρὸς
1579 5032 1675 5084 καὶ

126 5124 230 5178 Υἱοῦ
255 5129 343 5182 καὶ
370 5127 466 5181 τοῦ
499 5126 658 5196 ἁγίου
701 5124 1022 5197 Πνεύματος
1063 5124 1333 5178 εὐδοκίαν.
1370 5124 1482 5177 Καὶ
1512 5123 1674 5179 πάλιν

126 5218 404 5291 ὲλὴλεγκται
433 5223 468 5292 ἡ
494 5221 670 5290 πλάνη
699 5217 810 5273 τῶν
835 5217 1104 5290 ματαίων,
1132 5217 1261 5288 περὶ
1291 5214 1385 5270 τοῦ
1417 5215 1548 5269 ἰδίου
1581 5216 1676 5268 αύ-

127 5311 214 5363 τῶν
233 5316 490 5386 Δεσπότου
525 5312 714 5376 κακῶς
745 5310 1107 5385 φρονούντων.

1776 4595 1889 4635 non
1925 4585 2130 4642 autem,
2158 4574 2316 4633 Unus
2351 4591 2496 4631 sum.
2549 4573 2761 4645 Quippe
2798 4571 3043 4642 perfecta
3074 4567 3184 4624 duo
3211 4573 3362 4628 sunt,

1775 4672 1940 4729 Pater
1977 4679 2034 4728 et
2076 4670 2276 4738 Filius,
2309 4669 2405 4726 sed
2435 4682 2608 4725 unum
2639 4665 3004 4721 nihilominus
3029 4661 3363 4734 aequalitate,

1777 4763 2090 4830 divinitate,
2121 4762 2345 4829 virtute,
2392 4759 2779 4818 similitudine.
2813 4755 3228 4814 Coucludamus
3262 4753 3367 4806 ita-

1781 4874 1910 4930 que,
1945 4856 2095 4929 quod
2135 4856 2203 4912 ad
2231 4854 2579 4912 divinitatem
2609 4851 2865 4923 pertinet,
2914 4848 3132 4903 Patrem
3182 4852 3236 4901 et
3270 4841 3364 4898 Fi-

1781 4949 1914 5003 lium
1949 4948 2093 5004 idem
2125 4955 2291 5016 atque
2319 4959 2489 5000 unum
2525 4957 2681 5007 esse;
2735 4941 2780 4996 si
2823 4953 2955 4996 vero
2984 4945 3236 4992 naturam
3266 4934 3367 4987 ho-

1779 5039 1948 5096 minis
1991 5039 2333 5102 consideres,
2388 5049 2559 5091 unum
2610 5048 2734 5090 esse
2779 5046 2903 5087 cum
2953 5027 3242 5098 discipulis
3277 5024 3356 5078 Fi-

1779 5134 1913 5189 lium
1965 5150 1980 5189 :
2029 5147 2170 5204 quos
2224 5128 2534 5186 vocationis
2606 5142 2722 5183 suae
2805 5121 3204 5195 gratiﬁcatioue
3269 5131 3366 5186 pro

1778 5225 1989 5280 inﬁnita
2023 5239 2123 5280 sua
2151 5223 2519 5294 benignitate,
2567 5218 2636 5273 ad
2681 5230 2847 5271 unam
2883 5210 3198 5282 adoptionis
3252 5208 3394 5282 sing

1775 5315 2122 5386 gularitatem
2153 5315 2222 5369 de
2249 5311 2531 5368 communi
2559 5307 2759 5372 Patris,
2788 5314 2844 5362 et
2868 5304 3014 5371 Filii,
3038 5311 3092 5358 et
3122 5298 3368 5371 Spiritus

130 5405 278 5460 sancti
337 5407 608 5463 sententia
666 5404 944 5478 perduxit.
987 5403 1106 5471 Qua
1155 5401 1378 5474 quidem
1437 5401 1650 5458 ratione
1702 5405 2131 5464 vanissimornm
2191 5403 2480 5460 hominum
2535 5415 2600 5456 ac
2677 5398 2821 5454 male
2862 5397 2932 5453 de
2984 5392 3217 5449 Domino
3268 5403 3369 5447 suo

133 5497 448 5553 sentientium
476 5498 613 5554 falsa
649 5497 970 5554 confutatur
998 5495 1208 5568 opinio.

187 5593 294 5649 EH’.
325 5595 614 5669 Παρελθὼν
645 5595 703 5649 δὲ
737 5595 832 5649 καὶ
859 5593 1064 5665 ταύτην
1094 5594 1192 5665 τὴν
1219 5593 1383 5662 λέξιν,
1420 5593 1517 5656 τὰς
1550 5592 1676 5663 ἑξῆς

137 5683 466 5760 διασκοπήσω.
492 5687 819 5762 Προπηδῶσι
844 5686 903 5741 δέ
921 5705 1073 5751 τινας
1099 5686 1272 5752 λέξεις
1293 5688 1502 5750 ἑαυτοῖς
1524 5685 1679 5754 ἐφευ-

1859 5586 2089 5645 LXVlll.
2132 5586 2237 5644 Sed
2265 5588 2381 5658 jam
2416 5587 2485 5643 ab
2514 5585 2620 5642 hoc
2651 5584 2830 5657 capite
2857 5582 2922 5638 ad
2971 5582 3074 5639 alia
3107 5581 3366 5652 deinceps

1785 5681 2075 5738 tractanda
2120 5681 2458 5752 progrediar.
2496 5679 2710 5736 Rursus
2745 5680 2890 5735 enim
2935 5693 3132 5751 magno
3171 5677 3226 5732 in
3263 5689 3366 5734 nos

195 5796 368 5857 ‘Joan.
397 5817 510 5872 xlv,
544 5804 642 5873 10;
667 5819 726 5872 ι,
755 5803 845 5860 50.
923 5807 942 5836 ¹
974 5803 1134 5860 Cant.
1166 5819 1226 5872 ιι,
1253 5804 1341 5861 10.
1418 5803 1437 5836 ³
1472 5800 1637 5857 Hebr.

1784 5798 1875 5854 23.
1953 5794 2152 5852 "Joan.
2181 5812 2314 5864 xvn,
2339 5795 2429 5852 ‘22.
2521 5795 2541 5828 '
2572 5793 2730 5850 Joan.
2774 5793 2940 5858 x,50.
