3846 6314
456 303 561 359 ὖὲὅ

1869 304 1930 361 S.
1970 303 2311 361 EPlPllANl‘l

3628 302 3739 359 εὖεῦ

456 424 660 493 impetu
692 422 956 493 sophistae
993 421 1262 490 feruntur,
1294 424 1618 496 eXCOgitatis
1648 425 1978 496 quibusdam
2006 445 2035 483 a

2146 431 2424 501 ρίσκοντες
2449 430 2498 483 οἱ
2532 427 2806 498 σοφισταὶ,
2839 428 2967 498 περὶ
3000 423 3391 495 συλλογισμοὺς
3437 422 3737 494 ἐσχόλακέ-

456 532 517 573 se
566 516 872 572 rationibus
908 518 1053 583 freti,
1098 534 1331 589 quorum
1369 520 1610 574 studium
1647 536 1805 576 omne
1838 522 1892 575 in
1926 523 2039 593 syl-

456 609 702 679 logismis
742 616 796 663 et
851 619 1299 679 argumentorum
1330 610 1774 670 cavillationibus
1800 630 2040 685 occupa-

456 710 561 753 tur.
600 700 654 752 ln
693 715 803 768 quo
833 700 1046 753 ridiculi
1085 701 1310 754 omnino
1334 712 1483 768 sunt,
1514 702 1609 772 qui
1648 717 1773 757 cum
1808 705 2034 759 homun-

455 791 644 847 ciones
688 792 798 846 sint
847 790 1017 845 Deum
1072 792 1587 849 ratiocinationibus
1620 795 1738 851 suis
1786 811 2041 866 compre—

460 883 695 937 hendere
752 892 1042 937 conantur.
1092 881 1338 948 Quorum
1391 885 1663 939 insaniam
1723 885 1809 939 bis
1858 886 2041 941 verbis

456 976 721 1046 propheta
800 974 1076 1045 redarguit
1119 998 1131 1030 ;
1181 974 1324 1030 Nunt
1400 978 1770 1046 supplantabit
1844 979 2039 1048 aliquis

458 1067 646 1129 Deum,
684 1067 932 1136 quoniam
967 1082 1054 1119 vos
1092 1067 1452 1135 supplantatis
1498 1084 1576 1121 me
1608 1069 1662 1120 ’?
1700 1067 1843 1134 Quid
1880 1070 2043 1140 igitur

458 1158 695 1213 audaces
730 1160 805 1212 illi
856 1175 919 1211 ac
966 1160 1301 1215 confidentes
1340 1161 1591 1216 homines
1622 1161 1899 1215 afferunt?
1931 1161 2041 1217 Nos

458 1252 621 1303 aliam
667 1249 806 1304 hanc
847 1251 1063 1303 illorum
1132 1252 1497 1321 ulijectionem
1545 1259 1702 1307 antea
1750 1253 2041 1323 proposui-

458 1357 603 1405 mus,
640 1350 804 1409 atque
830 1342 1247 1411 explicavimus,
1282 1359 1445 1413 quam
1478 1344 1866 1414 interrogando
1897 1345 2043 1412 eius-

460 1435 605 1487 modi
641 1436 800 1490 nobis
836 1438 1013 1492 solent
1043 1452 1339 1507 opponere.
1372 1438 1480 1491 Aut
1511 1439 1718 1502 volens,
1761 1439 2039 1508 inquiunt,

460 1522 658 1578 Filium
690 1541 851 1580 suum
878 1529 1067 1598 genuit
1103 1526 1266 1591 Deus,
1304 1537 1398 1582 aut
1439 1529 1650 1584 nolens.
1692 1529 1799 1584 Sed
1841 1530 2042 1584 ibidem

458 1615 570 1671 Deo
599 1619 899 1687 opitulante
936 1622 1401 1683 monstravimus,
1454 1620 1588 1674 nihil
1640 1621 1694 1674 in
1745 1620 1865 1691 ipso
1896 1620 2044 1691 quod

455 1708 769 1764 tarditatem
823 1718 918 1763 aut
966 1725 1173 1764 moram
1216 1711 1461 1775 haberet,
1499 1712 1683 1767 inesse
1723 1727 1903 1782 posse,
1947 1711 2043 1767 sed

2141 542 2231 587 τες
2270 524 2364 576 καὶ
2395 522 2687 593 λογισμοὺς
2733 518 3228 592 ματαιοφροσύνης,
3264 516 3542 586 ἄνθρωποι
3578 516 3736 577 ὄντες

2140 618 2231 671 τὸν
2261 616 2394 669 Θεὸν
2427 614 2846 684 συλλογίσασθαι
2891 610 3245 683 πειρώμενοι,
3277 610 3354 673 ὡς
3394 611 3488 662 καὶ
3525 612 3555 663 ό
3598 624 3736 681 προ-

2143 710 2318 780 φήτης
2345 707 2543 769 αὐτοὺς
2559 704 2771 774 ἐλέγχει
2791 704 3016 772 φάσκων
3042 718 3054 730 ·
3080 702 3148 754 Εί
3168 697 3435 766 πτερνιεῖ
3446 715 3539 762 τις
3556 696 3733 763 Θεὸν,

2141 798 2229 852 ὅτι
2273 796 2437 866 ὑμεῖς
2480 793 2813 862 πτερνίζετέ
2845 807 2956 862 με;
2988 791 3052 843 Τί
3094 789 3203 859 γὰρ
3253 789 3413 842 πάλιν
3470 788 3639 858 φασὶν
3684 788 3736 839 οἱ

2141 888 2423 957 γεννάδαι;
2459 888 2549 950 Ὠς
2592 885 2686 938 καὶ
2712 886 2811 955 τὴν
2843 884 3007 954 ἄλλην
3048 881 3194 947 λέξιν
3223 881 3334 935 ἄνω
3368 878 3733 951 ἐρμηνευθείι

2144 994 2241 1031 σαν
2271 973 2560 1047 ἐτάξαμεν,
2588 976 2680 1028 ὑπ’
2707 973 2886 1027 αὐτῶν
2917 974 2972 1026 δὲ
3002 973 3131 1043 ἡμῖν
3162 970 3297 1042 πρὸς
3331 970 3524 1022 πεῦσιν
3552 971 3736 1022 ἐκτειο

2142 1070 2395 1141 νομένην,
2433 1069 2514 1133 τὸ,
2545 1067 2726 1121 Θέλων
2759 1066 3017 1136 ἐγέννησε
3044 1065 3136 1117 τὸν
3160 1063 3305 1123 Υἰὸν,
3343 1062 3375 1133 ἦ
3406 1061 3481 1132 μὴ
3517 1060 3694 1113 θέλων
3718 1078 3732 1090 ο

2143 1164 2218 1227 ὡς
2254 1166 2312 1217 έν
2348 1162 2466 1233 Θεῷ
2511 1161 2814 1230 ἐδείξαμεν,
2846 1160 2926 1211 ὅτι
2963 1157 3115 1210 οὐδέν
3145 1174 3194 1209 τι
3245 1155 3565 1227 μελλητικὸν
3594 1172 3731 1222 τυγο

2143 1257 2295 1327 χάνει
2316 1254 2484 1325 αύτῷ,
2510 1253 2624 1306 ἀλλ’
2653 1254 2768 1323 ἅμα
2791 1251 2967 1303 πάντα
2994 1250 3049 1301 έν
3072 1247 3221 1317 αύτῷ
3248 1250 3361 1300 ἐστι
3386 1246 3585 1299 τέλεια.
3628 1244 3737 1299 Καὶ

2142 1349 2203 1401 ού
2240 1346 2453 1417 πρῶτον
2486 1344 2733 1415 βούλεται
2777 1340 2942 1413 πρινὴ
2988 1340 3233 1409 ποιῆσαι,
3270 1337 3389 1390 οὐδὲ
3426 1338 3571 1388 ποιεῖ
3600 1335 3735 1389 ἄνευ

2146 1438 2530 1510 βουλεύματος,
2578 1435 2672 1489 καὶ
2717 1435 2777 1487 ού
2836 1431 3147 1503 βουλεύεται
3205 1430 3290 1483 ἵνα
3334 1447 3385 1482 τι
3436 1427 3733 1498 έτοιμάσῃ,

2143 1531 2261 1583 οὐδὲ
2292 1532 2325 1600 ἡ
2354 1528 2641 1600 έτοιμασία
2674 1525 2840 1580 αὑτοῦ
2875 1525 3069 1596 βουλῆς
3102 1523 3403 1577 ἐπιδέεται·
3428 1520 3570 1573 ὥστε
3597 1522 3734 1589 παρ’

2144 1622 2294 1692 αύτῷ
2327 1622 2387 1675 τὸ
2423 1622 2668 1690 γέννημα
2700 1620 2786 1672 ἀεὶ
2825 1617 3178 1687 γεγέννηται·
3216 1615 3308 1667 καὶ
3351 1612 3425 1684 μὴ
3464 1614 3524 1664 ἐν
3552 1611 3736 1683 χρόνῳ

2145 1712 2471 1783 ἀρξάμενον,
2511 1711 2622 1764 ἀλλ’
2657 1710 2744 1764 ἀεὶ⁸
2775 1709 2871 1762 σὺν
2902 1706 3079 1778 Πατρὶ
3106 1704 3503 1775 γεγεννημένον
3547 1702 3735 1772 ύπάρο

456 1800 641 1853 omnia
696 1800 862 1854 sinml
919 1802 973 1854 in
1025 1816 1090 1855 eo
1136 1817 1258 1856 esse
1308 1802 1568 1871 perfecta.
1636 1802 1818 1868 Quare
1866 1819 2037 1873 neque

2148 1822 2254 1875 χει.
2287 1803 2380 1857 καὶ
2422 1802 2677 1856 οὐδέποτε
2707 1800 3007 1855 διαλείπει·
3038 1798 3115 1862 ὡς
3163 1798 3259 1850 καὶ
3291 1795 3526 1849 ἐνταῦθα
3568 1793 3736 1847 πάλιν

456 1893 608 1960 prius
638 1893 751 1945 vult
779 1908 943 1963 quam
982 1892 1196 1956 fecerit,
1243 1908 1419 1964 neque
1451 1895 1570 1949 sine
1602 1896 1833 1951 consilio
1874 1896 2037 1965 quid-

453 1985 599 2052 piam
637 1985 882 2047 molitur,
920 2000 1097 2054 neque
1136 1985 1204 2038 ad
1236 1987 1649 2054 praeparandum
1694 1986 1902 2061 aliquid
1938 1986 2035 2040 de-

454 2072 782 2136 liberat,nec
819 2074 963 2128 illius
997 2074 1324 2145 prreparatio
1352 2075 1811 2129 consultationem
1843 2074 2026 2143 requi-

452 2163 544 2217 rit.
587 2164 949 2229 Quamobrem
990 2166 1082 2234 qui
1126 2166 1196 2218 ab
1246 2180 1311 2219 eo
1360 2165 1660 2233 productus
1709 2172 1795 2220 est
1843 2163 2036 2229 Filius,

2146 1890 2486 1963 δευτερώσας
2524 1890 2622 1961 τὴν
2667 1889 2809 1953 λέξιν
2841 1888 3001 1941 πάλιν
3040 1886 3250 1958 τίθημι,
3285 1886 3366 1938 ὅτι
3394 1883 3525 1951 οὔτε
3561 1882 3736 1936 θέλων

2138 1984 2455 2055 ἐγέννησεν,
2498 1980 2622 2035 οὔτε
2652 1982 2728 2053 μὴ
2777 1980 2947 2033 θέλων
2972 1995 2984 2006 ⁸
3016 1978 3150 2032 ἀλλὰ
3182 1981 3239 2030 έν
3263 1979 3330 2050 τῇ
3361 1976 3503 2047 ὑπὲρ
3534 1975 3736 2045 βουλὴν

2140 2076 2323 2146 φύσει.
2369 2073 2587 2137 Φύσεως
2638 2072 2745 2143 γάρ
2782 2071 2928 2123 ἐστιν
2958 2070 2986 2122 ό
3018 2069 3149 2133 Θεὸς
3182 2069 3323 2139 ὑπὲρ
3372 2067 3590 2138 βουλὴν,
3638 2066 3737 2120 καὶ

2142 2166 2323 2218 πᾶσαν
2355 2163 2584 2227 έννοιαν,
2613 2163 2708 2217 καὶ
2744 2160 3020 2215 ὑπόνοιαν.

453 2270 671 2324 semper
704 2266 788 2310 est
836 2256 1092 2325 genitus;
1143 2272 1245 2311 nec
1287 2257 1398 2310 ullo
1458 2267 1701 2326 tempore
1742 2258 1931 2327 ccepit,
1969 2257 2063 2312 sed
2132 2273 2163 2312 a
2217 2257 2379 2313 Patre
2424 2259 2643 2328 genitus
2695 2272 2819 2309 cum
2877 2254 3068 2309 eodem
3125 2252 3274 2307 nulla
3330 2250 3737 2319 interruptione

453 2348 718 2416 temporis
748 2349 986 2404 exsistit.
1022 2347 1207 2419 Itaque
1233 2351 1373 2405 idem
1402 2354 1547 2421 quod
1583 2360 1745 2406 antea
1779 2351 2025 2406 dixeram
2065 2352 2169 2407 hoc
2200 2354 2320 2408 loco
2378 2361 2641 2422 repetam.
2690 2349 2875 2419 Neque
2940 2348 3203 2403 volentem
3260 2345 3515 2416 genuisse
3555 2360 3737 2413 neq-ue

454 2439 752 2505 nolentem,
789 2438 883 2493 sed
927 2441 982 2494 in
1024 2456 1089 2496 ea
1138 2441 1299 2512 795
1353 2457 1571 2508 natura,
1639 2460 1762 2514 qua:
1806 2444 1956 2499 omni
2007 2453 2093 2500 est
2151 2444 2550 2500 deliberatione
2607 2443 2874 2513 superior.
2938 2437 3220 2509 Ejusmodi
3282 2438 3485 2509 quippe
3532 2444 3737 2490 natura

454 2532 548 2587 Dei
596 2540 701 2597 est,
754 2544 813 2588 ut
842 2550 1003 2591 omne
1035 2536 1327 2592 consilium
1362 2546 1418 2593 et
1450 2554 1670 2595 onmem
1722 2540 2141 2612 intelligentiam
2205 2542 2687 2611 cognitionemque
2720 2538 3091 2593 transcendat.

526 2623 710 2679 LXIX.
751 2625 890 2681 lluic
937 2639 1262 2698 argumento
1291 2647 1400 2685 non
1447 2632 1717 2688 dissimile
1759 2642 1844 2689 est
1884 2633 2035 2688 aliud

455 2714 527 2768 ab
575 2716 730 2772 sos-is
783 2717 891 2773 illis
927 2718 1295 2776 Aristotclicis
1346 2723 1650 2780 inventum.
1702 2723 1839 2780 Nam
1875 2726 2042 2797 hujus

453 2806 762 2877 pli'dusophi
800 2809 953 2864 virus
984 2825 1145 2866 omne
1178 2813 1231 2866 in
1282 2814 1482 2885 seipsis
1535 2829 1953 2886 expresserunt,
1986 2830 2041 2876 et

452 2898 798 2956 innocentem
853 2900 1094 2972 Spiritus
1150 2907 1328 2960 sancti
1408 2906 1817 2977 simplicitatem
1887 2911 2045 2967 beni~

450 2990 820 3062 gnitatemque
873 2994 1235 3064 reliquerunt.
1290 2998 1366 3052 De
1413 3001 1616 3069 quibus
1645 3001 1720 3055 ita
1772 3001 2039 3059 Dominus

2209 2638 2330 2693 39'.
2364 2635 2597 2706 Ὁμοίως
2627 2633 2682 2687 δὲ
2716 2632 2890 2704 ταύτῃ
2914 2630 3077 2695 λέξει,
3106 2628 3182 2692 ὡς
3214 2628 3373 2698 ἔφην,
3402 2627 3572 2697 ἄλλην
3594 2628 3737 2697 ἡμῖν

2142 2727 2561 2799 ὲφευρίσκουσιν
2606 2726 2655 2777 oi.
2705 2723 2813 2776 νέοι
2860 2718 3299 2790 Ἀριστοτελικοί.
3345 2718 3586 2770 Ἐκείνου
3624 2718 3738 2790 γὰρ

2142 2819 2497 2891 ἁπεμάξαντο
2527 2816 2625 2887 τὴν
2671 2813 2926 2877 ιοὸολίαν,
2971 2813 3065 2866 καὶ
3114 2812 3402 2865 κατέλιπον
3434 2809 3531 2864 τοῦ
3574 2811 3738 2878 ἁγίου

2143 2914 2460 2985 Πνεύματος
2488 2910 2547 2965 τὸ
2579 2910 2786 2964 ἄκακον
2834 2907 2930 2961 καὶ
2967 2905 3027 2959 τὸ
3056 2907 3253 2977 πρᾶον,
3279 2904 3354 2967 ὠς
3382 2903 3531 2972 λέγει
3554 2906 3585 2957 ό
3619 2904 3738 2955 Κύ-
3770 2924 3781 2933 ο

2146 3023 2293 3078 ριος·
2336 3004 2564 3059 Μάθετε
2617 3002 2719 3056 ἀπ’
2751 2999 2921 3070 ἐμοῦ,
2958 2999 3047 3053 ὅτι
3086 2996 3274 3066 πρᾶός
3318 2998 3432 3065 ειμι
3475 2996 3575 3049 καὶ
3631 3013 3737 3049 τα-

451 3081 739 3150 loquitur:
780 3084 972 3140 Discite
1015 3104 1047 3139 a
1084 3104 1164 3141 me
1211 3090 1339 3160 quia
1388 3091 1533 3145 mitis
1574 3109 1692 3147 sum
1735 3104 1785 3148 et
1827 3095 2037 3150 humilia

2146 3096 2351 3161 πεινὸς
2373 3093 2448 3163 τῇ
2468 3092 2680 3161 καρδίᾳ
2700 3109 2712 3122 ·
2738 3090 2833 3144 καὶ
2856 3088 3144 3158 εὑρήσετε
3168 3086 3295 3153 ταῖς
3314 3085 3542 3156 ψυχαῖς
3563 3084 3739 3155 ὑμῶν

451 3174 640 3237 corde,
680 3184 731 3228 et
764 3176 1034 3231 invenietis
1071 3182 1298 3247 requiem
1341 3182 1621 3238 animabus
1660 3188 1842 3241 vestris
1875 3189 1916 3241 ².
1970 3190 2042 3243 At

452 3263 555 3328 iiIi,
592 3268 1015 3325 inausuctudine
1049 3272 1264 3331 relicta.
1298 3274 1657 3330 calliditatem
1705 3278 1890 3347 potius
1924 3294 2042 3333 am-

455 3357 594 3424 plexi
648 3365 810 3420 sunt,
847 3374 1016 3428 seque
1066 3370 1121 3415 et
1165 3362 1231 3415 ad
1285 3362 1634 3419 Aristotelem
1692 3382 1757 3421 ac
1814 3378 2041 3424 caeteros

454 3448 641 3502 mundi
674 3448 840 3518 hujus
874 3450 1196 3507 dialecticos
1226 3458 1640 3513 accommodare
1688 3460 2037 3515 maluerunt:

453 3556 685 3610 quorum
717 3541 930 3599 fructus
958 3544 1031 3598 ita
1060 3556 1467 3614 consectantur,
1494 3551 1700 3605 nullam
1742 3552 2045 3621 utjustitite

452 3630 663 3701 frugem
692 3635 992 3703 proferant,
1020 3652 1119 3692 nec
1155 3639 1322 3692 ullqu
1353 3639 1589 3710 Spiritus
1632 3644 1809 3697 sancti
1841 3644 2044 3699 benefi-

454 3725 623 3791 cium,
649 3736 836 3795 utpote
882 3731 1247 3786 contentionis
1279 3734 1400 3803 plus
1431 3749 1588 3805 aaquo
1611 3736 1819 3806 cupidi,
1857 3737 2030 3807 impe-

454 3823 602 3872 trare
632 3828 947 3875 meruerint.
981 3820 1120 3892 Ergo
1158 3823 1228 3876 ita
1266 3839 1365 3879 nos
1394 3827 1615 3896 aggredi
1665 3828 1865 3895 solent,
1902 3843 2030 3883 cum

452 3908 707 3975 dicimus,
754 3912 1105 3967 exsistentem
1146 3910 1340 3969 Filium
1374 3918 1515 3986 apud
1543 3918 1895 3975 exsistentem
1942 3919 2044 3975 Pa-

452 4008 590 4054 trem
611 4000 798 4073 fuissc,
818 4004 1257 4075 quandoquidem
1275 4007 1345 4061 ita
1370 4007 1527 4064 Pater
1544 4009 1715 4081 Moysi
1733 4010 2037 4067 mandavit:

456 4091 585 4145 Haec
631 4095 769 4148 dices
811 4094 878 4147 ad
913 4097 1049 4165 ipsos
1080 4114 1097 4150 :
1131 4099 1235 4163 Qui
1282 4109 1360 4153 est
1404 4101 1545 4154 misit
1602 4114 1683 4155 me
1735 4102 1791 4167 ³;
1847 4101 2042 4158 deinde

451 4185 535 4238 sic
583 4185 930 4257 Evangeiium
959 4190 1025 4243 de
1056 4189 1194 4245 Filio
1227 4200 1462 4246 testatur
1492 4212 1503 4246 :
1546 4192 1613 4247 In
1650 4194 1908 4260 principio
1927 4205 2041 4248 erat

464 4275 707 4342 ‘verbum,
744 4290 793 4333 et
833 4280 1054 4335 Verbum
1102 4294 1217 4337 erat
1254 4286 1394 4352 apud
1436 4285 1624 4347 Deum,
1665 4295 1715 4340 et
1760 4284 1902 4341 Deus
1927 4296 2043 4341 erat

467 4367 687 4423 Verbum
726 4370 767 4423 ⁸⁵.
806 4371 883 4425 Ex
915 4374 1117 4442 quibus
1148 4376 1536 4446 colligentibus
1565 4379 1745 4443 nobis,
1770 4378 2035 4434 exsistet:-

2141 3188 2509 3244 ἀνάπαυσιν.
2533 3180 2691 3240 Οὗτοι
2714 3184 2791 3247 δὲ,
2823 3183 2922 3253 τὴν
2949 3182 3234 3255 πραότητα
3257 3178 3735 3242 καταλελοιπότες,

2141 3282 2405 3351 δεινότητι
2439 3276 2639 3349 μᾶλλον
2679 3276 2904 3338 ἑαυτοὺς
2954 3271 3335 3336 ὲκδεδώκασιν,
3376 3270 3737 3340 ἐνδυσάμενοι

2154 3371 2531 3445 Ἀριστοτέλην
2557 3385 2614 3422 τε
2639 3368 2731 3422 καὶ
2768 3367 2894 3430 τοὺς
2920 3364 3111 3427 ἄλλους
3140 3362 3235 3416 τοῦ
3277 3362 3486 3431 κόσμου
3555 3361 3739 3415 διαλε-

2142 3466 2384 3529 κτικοὺς,
2422 3457 2496 3517 ὧν
2530 3462 2625 3516 καὶ
2661 3461 2787 3522 τοὺς
2823 3458 3069 3529 καρποὺς
3111 3455 3346 3525 μετίασι,
3369 3454 3572 3523 μηδένα
3598 3470 3737 3525 mp.

2142 3559 2241 3610 πὸν
2268 3554 2615 3624 δικαιοσύνης
2657 3550 2878 3613 εἰδότες,
2917 3549 3051 3619 μηδὲ
3100 3546 3418 3617 Πνεύματος
3453 3546 3737 3610 καταξιω-

2142 3648 2326 3710 θέντες
2347 3645 2554 3717 δωρεὰν
2584 3644 2727 3715 ἔχειν
2752 3644 2809 3695 ἐν
2834 3642 3046 3703 ἑαυτοῖς
3068 3640 3119 3691 οἱ
3150 3638 3463 3707 φιλόνεικοι.
3496 3639 3733 3705 Λέγουσι

2141 3737 2271 3808 γοῦν
2309 3737 2446 3808 πρὸς
2476 3736 2643 3807 ἡμᾶς,
2670 3736 2795 3786 ὅταν
2824 3732 3067 3801 εἴπωμεν
3098 3729 3302 3791 αὐτοῖς,
3326 3728 3406 3780 ὅτι
3438 3729 3465 3780 ό
3499 3726 3576 3777 ὢν
3605 3726 3733 3790 Υἱὸς

2143 3830 2281 3901 πρὸς
2314 3829 2406 3882 τὸν
2437 3828 2567 3882 ὅντα
2599 3825 2821 3895 Πατέρα
2864 3818 2960 3894 ἦν·
2998 3820 3187 3890 ἐπειδὴ
3248 3818 3359 3905 γὰρ
3399 3816 3476 3888 τῷ
3519 3819 3732 3888 Maian]

2143 3916 2293 3973 εἶπεν
2331 3921 2359 3973 ὁ
2412 3916 2625 3989 Πατὴρ,
2671 3917 2753 3969 ὄτι
2799 3912 2988 3983 Ἐρεῖς
3044 3910 3195 3979 πρὸς
3248 3910 3496 3974 αὐτούς’
3545 3910 3609 3970 '0
3646 3910 3735 3960 ὧν

2142 4008 2489 4066 ἁπέσταλκέ
2513 4025 2591 4078 με
2624 4022 2639 4038 ⁸
2676 4008 2773 4059 καὶ
2824 4004 2985 4058 πάλιν
3010 4002 3071 4055 τὸ
3105 3999 3436 4069 Εὐαγγέλιον
3477 4001 3606 4070 περὶ
3636 3999 3732 4052 τοῦ

2144 4102 2275 4157 Υίοῦ
2309 4103 2527 4172 φάσκει,
2566 4101 2648 4154 ὅτι
2689 4100 2790 4152 Ἑν
2818 4095 2974 4165 ἀρχῇ
3014 4091 3091 4164 ἦν
3121 4097 3152 4148 ό
3184 4097 3396 4163 Λόγος,
3432 4093 3527 4145 καί
3560 4095 3592 4146 ό
3618 4094 3732 4146 Ad-

2142 4213 2248 4265 γος
2274 4190 2352 4264 ἦν
2378 4192 2528 4262 πρὸς
2553 4191 2660 4244 τὸν
2691 4189 2861 4253 Θεὸν,
2892 4187 2989 4241 καὶ
3025 4185 3169 4251 Θεὸς
3209 4182 3288 4255 ἦν
3321 4188 3353 4237 ὀ
3383 4185 3603 4254 Λόγος’
3637 4183 3733 4237 ἐὰν

2142 4287 2406 4356 εἴπωμεν,
2446 4285 2527 4336 ὅτι
2555 4282 2584 4333 ό
2615 4281 2691 4335 ὢν
2724 4276 2793 4352 ἦν
2843 4280 2979 4351 πρὸς
3016 4279 3106 4331 τὸν
3134 4278 3285 4341 ὄντα,
3328 4279 3544 4346 λέγουσι
3600 4279 3730 4348 πρὸς

2142 4381 2289 4450 ἡμᾶς
2312 4395 2325 4408 .
2357 4377 2431 4431 Τὸ
2468 4376 2526 4431 ὃν
2548 4376 2726 4429 τοίνυν
2760 4372 3049 4443 ἐγεννήθη,
3080 4372 3113 4441 ἢ
3142 4372 3202 4424 τὸ
3231 4372 3306 4443 μὴ
3342 4372 3400 4424 ὃν
3423 4370 3728 4441 ἐγεννήθη;

454 4469 563 4513 tem
608 4460 805 4515 Filium
859 4465 1002 4533 apud
1060 4468 1416 4522 exsistentem
1468 4467 1687 4523 Patrem
1746 4470 1917 4526 fuisse
1964 4475 2036 4525 ita

2144 4475 2207 4527 Εἰ
2239 4471 2347 4543 γὰρ
2372 4466 2462 4541 ἦν,
2492 4470 2608 4533 πῶς
2631 4467 2929 4540 ἐγεννήθης
2968 4459 3030 4519 Ei
3067 4466 3124 4518 δὲ
3154 4464 3441 4536 ἐγεννήθη,
3475 4464 3597 4529 πῶς
3618 4461 3687 4535 ἦν
3712 4483 3725 4531 ;

450 4555 847 4609 ratiocinantur
880 4575 891 4610 :
936 4566 1249 4613 utrumnam
1285 4560 1430 4631 quod
1461 4562 1573 4629 jam
1611 4571 1747 4626 erat,
1778 4578 1847 4616 an
1895 4565 2038 4633 quod

452 4646 695 4699 nondum
728 4655 844 4701 erat
878 4656 961 4703 est
994 4651 1276 4719 genitum?
1302 4651 1440 4705 Nam
1482 4653 1528 4707 si
1571 4654 1683 4723 jam
1717 4664 1856 4720 erat,
1903 4672 2040 4726 quo-

450 4737 612 4791 modo
639 4739 879 4808 genitum
910 4742 1033 4795 est?
1068 4741 1125 4797 Si
1161 4758 1290 4798 vero
1334 4744 1577 4814 genitum
1612 4756 1717 4812 est,
1750 4750 2031 4818 quomodo

447 4828 562 4900 jam
611 4830 770 4884 erat?
798 4831 977 4903 Atque
1008 4833 1110 4889 hoc
1140 4835 1209 4888 ab
1239 4837 1427 4890 eadem
1460 4838 1698 4894 vanitate
1728 4839 2033 4911 profectum

448 4928 558 4985 est,
593 4936 714 4990 quae
765 4921 819 4985 in
870 4926 1291 4993 quaestiunculis
1345 4927 1645 4995 volutatur,
1702 4937 1755 4983 et
1780 4929 2031 4984 sublimia

451 5018 797 5077 consectans,
829 5029 894 5069 ac
945 5014 1187 5069 cmlestia
1237 5016 1458 5073 curiose
1494 5027 1869 5087 perscrutans,
1905 5019 2030 5073 boni

448 5099 615 5155 elIicit
641 5102 798 5157 nihil.
834 5102 943 5161 Nos
967 5112 1149 5161 autem
1178 5107 1260 5161 sic
1291 5124 1387 5163 eos
1418 5109 1759 5180 alloquemur
1792 5128 1804 5163 :
1843 5109 2029 5165 Unde-

449 5210 575 5248 nam
630 5194 744 5251 haec
783 5197 983 5253 animis
1016 5200 1214 5254 vestris
1249 5199 1448 5270 injecta
1494 5202 1750 5272 cogitatio
1800 5202 1921 5258 est?
1972 5200 2031 5257 Si

448 5284 692 5341 dixerint
736 5287 879 5346 hanc
930 5290 1241 5362 inquirendi
1273 5295 1417 5349 viam
1454 5308 1577 5349 cum
1614 5301 1763 5349 recta
1818 5294 2029 5350 ratione

449 5388 877 5436 consentaneaut
926 5385 1121 5451 videri,
1170 5391 1286 5439 tum
1319 5401 1421 5443 nos
1450 5395 1642 5442 contra
1681 5386 1763 5443 sic
1805 5388 2023 5458 urgebi-

450 5483 573 5524 mus
612 5488 627 5525 :
667 5472 877 5530 Audire
917 5491 986 5531 ex
1024 5478 1180 5533 vobis
1227 5478 1502 5548 cupimus,
1559 5492 1685 5531 num
1747 5477 1814 5532 de
1861 5479 2026 5535 rebus

2141 4567 2253 4619 Καὶ
2285 4564 2401 4617 ἔστι
2423 4563 2522 4634 τῆς
2551 4561 2725 4633 αὐτῆς
2762 4558 3238 4632 ματαιοφροσύνης
3270 4560 3369 4629 τῆς
3406 4557 3533 4628 περὶ
3562 4557 3729 4629 ζητή-

2141 4673 2254 4719 σεις
2282 4654 2710 4726 ἀσχολουμένης,
2759 4652 2853 4707 καὶ
2888 4650 2956 4705 τὰ
3005 4650 3254 4723 μετέωρα
3294 4648 3726 4721 ὲμϐατευούσης,

2138 4749 2231 4802 καὶ
2259 4747 2327 4802 τὰ
2356 4748 2468 4802 ἄνω
2499 4744 3027 4817 περιεργαζομένης,
3074 4744 3168 4798 καὶ
3208 4742 3377 4815 μηδὲν
3411 4742 3619 4810 ἀγαθὸν
3643 4744 3731 4814 sp-

2138 4839 2465 4910 γαζομένης.
2503 4835 2764 4910 Ἐροῦμεν
2796 4838 2904 4907 γὰρ
2940 4836 3077 4906 πρὸς
3112 4834 3345 4897 αύτούς·
3389 4832 3561 4886 Πόθεν
3600 4834 3729 4902 ὑμῖν

2140 4934 2172 5003 ἡ
2205 4932 2429 4985 ὑπόνοια
2459 4930 2595 5000 αὓτη
2630 4927 2726 4982 τοῦ
2770 4927 2941 4981 ταῦτα
2976 4925 3363 4997 διανοηθῆναις
3412 4924 3536 4977 Ἐὰν
3559 4924 3618 4977 δὲ
3650 4924 3726 4977 εί-

2139 5039 2333 5085 πωσιν,
2367 5022 2448 5075 ὅτι
2493 5019 2679 5082 Οὕτως
2727 5020 2951 5072 ἀπαιτεῖ
2990 5017 3051 5070 τὸ
3102 5016 3359 5087 φρόνημα
3408 5013 3720 5079 ἐξετάζειν·

2136 5115 2366 5185 λέγομεν
2394 5114 2489 5167 καὶ
2517 5113 2671 5166 αὐτοί
2690 5128 2703 5140 ⁸
2735 5110 2944 5165 Οὐκοῦν
2974 5110 3162 5179 λέγετε
3196 5111 3347 5179 ἡμῖν,
3383 5103 3428 5160 ὦ
3457 5102 3630 5171 οὗτοι,
3657 5107 3724 5159 τὰ

2135 5205 2345 5261 ἑαυτῶν
2392 5204 2696 5275 λογίζεσθε,
2733 5204 2767 5276 ἢ
2798 5203 2868 5257 τὰ
2900 5201 2995 5256 τοῦ
3034 5200 3209 5267 Θεοῦ;
3256 5197 3390 5254 Εἶτά
3424 5217 3590 5269 φασιν
3630 5200 3722 5266 ἀφ’

2135 5295 2366 5359 ἑαυτῶν,
2413 5294 2488 5360 ὼς
2523 5294 2765 5363 λογικοί⁶
2804 5293 2885 5347 Τὰ
2929 5291 3023 5345 τοῦ
3058 5290 3192 5344 Θεοῦ
3238 5288 3589 5361 λογιζόμεθα.
3621 5290 3721 5343 0-5-

2130 5389 2218 5443 δὲν
2251 5383 2344 5443 οὖν
2376 5387 2681 5443 διαλλάττει
2713 5386 2845 5449 Θεὸς
2875 5383 2975 5455 τῆς
3018 5383 3171 5456 ὑμῶν
3197 5383 3384 5450 ἕξεως,
3418 5381 3634 5452 φύσεώς
3663 5396 3717 5433 τε

2132 5481 2226 5535 καὶ
2258 5481 2479 5547 οὐσίας;
2512 5481 2643 5548 Ναὶ,
2677 5479 2863 5551 φασίν.

452 5568 672 5630 vestris.
706 5583 773 5623 an
804 5570 873 5627 de
923 5572 1031 5638 his,
1086 5589 1208 5644 quae
1269 5574 1334 5629 ad
1398 5572 1568 5628 Deum
1612 5571 1886 5643 pertinent
1938 5575 2012 5630 ita
2048 5576 2321 5647 cogitetis.
2367 5574 2799 5647 Respondebant
2846 5581 3035 5649 utpote
3080 5573 3293 5628 ratione
3345 5568 3558 5640 μνωόὶιί
3586 5608 3599 5633 ,
3651 5563 3716 5621 de

532 5725 801 5783 ‘Malach.
845 5748 922 5793 ιιι,
960 5731 1011 5783 8.
1089 5735 1107 5762 ¹
1143 5731 1327 5787 Matth.
1371 5748 1445 5795 XI,
1486 5733 1573 5788 9.9.
1654 5734 1674 5765 ³
1700 5731 1868 5789 Exod.
1904 5733 2101 5800 1H,”.
2180 5729 2378 5788 ‘Joau.
2413 5748 2449 5797 t,
2488 5732 2531 5786 l.
