3826 6206
417 275 523 334 319

1829 282 1886 339 S.
1914 279 2256 338 EPII’HANII

3587 283 3704 341 390

421 393 598 464 ipsum
634 391 779 464 quod
813 402 917 459 est,
955 394 1097 450 sicut
1124 394 1340 469 Moyses
1374 396 1512 453 dixit
1544 417 1556 452 :
1595 398 1699 466 Qui
1723 409 1824 464 est,
1852 399 1996 453 misit

2123 416 2202 454 νει.
2240 399 2313 452 Τὸ
2356 399 2412 452 δὲ
2449 398 2585 472 ὁμοῦ
2612 399 2709 470 οὐχ
2751 398 2850 454 ἕνα
2881 397 3041 453 πάλιν
3087 397 3370 470 σημαίνει,
3399 397 3535 452 ἀλλά
3582 400 3702 454 ἀπὸ

423 500 501 538 me
533 484 572 550 ⁸,
599 485 774 556 inquit
803 484 869 538 ad
896 484 1035 542 filios
1068 484 1255 543 Israel.
1282 486 1468 559 Itaque
1497 489 1587 559 qui
1619 497 1726 555 est,
1759 506 1859 546 ens
1891 497 1996 556 est,

422 582 482 627 ut
529 575 606 629 ita
657 576 878 633 dicam:
914 577 1020 632 hoc
1069 587 1246 634 autem
1294 582 1428 634 nihil
1482 581 1627 635 aliud
1681 589 1786 644 est,
1827 597 1993 652 quam

421 666 750 722 substantia.
786 667 904 722 1am
953 670 1218 739 particula
1253 671 1343 725 illa
1376 672 1510 741 ὁμοῦ
1543 686 1651 725 non
1679 687 1846 726 unum
1899 672 2000 726 ali-

422 773 583 828 quem
639 765 690 813 et
745 758 1076 830 singularem
1121 763 1399 832 exprimit,
1453 762 1548 818 sed
1603 764 1658 817 in
1709 764 1998 833 ὁμοουσίου

421 866 554 904 voce
571 850 679 905 duo
696 853 940 921 quaedam
980 854 1030 906 in
1062 855 1250 909 eadem
1277 857 1514 909 essentia
1550 854 1792 924 perfecta
1829 855 1999 925 signi~

421 943 567 1009 tlcat,
604 959 724 1013 qua:
759 959 857 998 nec
892 960 921 997 a
953 961 1012 1000 se
1060 946 1292 1000 invicem
1331 947 1566 1012 diversa,
1618 962 1719 1001 nec
1767 947 1835 1001 ab
1879 946 2000 1001 uni-

423 1048 532 1094 tate
560 1055 656 1094 sua
687 1039 797 1094 sint
835 1040 1031 1094 aliena.
1067 1039 1203 1105 Quid
1247 1042 1290 1096 si
1336 1042 1554 1112 pietatis
1599 1041 1793 1112 gratia,
1833 1047 1999 1110 atque

424 1130 492 1186 ad
549 1132 974 1186 consociandam
1043 1133 1291 1187 veritatis
1343 1133 1737 1203 professionem
1797 1148 2000 1187 novum

424 1223 641 1294 aliquod
675 1225 1004 1284 vocabulum
1036 1240 1304 1296 usurpare
1336 1226 1647 1282 voluimus?
1697 1225 1811 1280 Nisi
1854 1225 2000 1280 enim

423 1318 893 1374 consubstantiale
921 1319 1054 1373 illud
1081 1319 1492 1380 retinuerimus,
1523 1334 1589 1372 ex
1618 1317 1874 1373 omnibus
1900 1317 2004 1371 ha:-

422 1409 641 1466 rcsibus
677 1410 902 1466 refutari
938 1413 1087 1466 nulla
1132 1419 1329 1482 potest.
1372 1411 1510 1465 Nam
1550 1419 1608 1465 ut
1653 1427 1879 1482 serpens
1917 1409 2003 1464 bi-

424 1501 652 1558 luminis
705 1503 928 1557 odorem
976 1503 1197 1574 refugit,
1249 1510 1342 1557 aut
1389 1518 1563 1559 cerva:
1613 1502 1862 1569 halitum,
1907 1511 2002 1555 aut

423 1602 634 1662 gagalte
673 1593 870 1664 lapidis
924 1593 1184 1657 suﬂitum,
1239 1601 1333 1648 aut
1383 1593 1615 1665 styracis
1645 1593 1875 1660 fumum,
1921 1591 2001 1648 sic

2103 490 2198 543 τοῦ
2232 489 2522 560 ὁμοουσίου
2549 489 2645 542 δύο
2673 488 2930 560 σημαίνει
2960 488 3174 542 τέλεια·
3213 489 3328 541 ἀλλ’
3368 489 3472 542 οὐκ
3504 487 3698 542 ἀλλοῖα

2103 580 2348 652 ἀλλήλων
2383 581 2551 642 ἐστὶν,
2576 579 2698 632 οὐδὲ
2723 579 2980 650 ἀλλότρια
2997 579 3098 650 τῆς
3124 578 3303 632 αὐτῶν
3322 578 3600 649 ένότητος.
3631 579 3699 630 Εἰ

2101 671 2159 724 δὲ
2206 669 2563 742 ἐχρησάμεθα
2611 668 2892 733 εὐσεϐείας
2937 669 3097 740 χάριν
3143 669 3250 721 ἰτινλ⁵
3297 667 3446 734 λέξει
3478 667 3567 720 διὰ
3601 668 3698 719 τὸν

2063 831 2073 842 .
2105 764 2399 834 σύνδεσμον
2438 765 2540 834 τῆς
2583 760 2862 832 ἀληθείας.
2897 761 3061 814 ’Ἄνευ
3111 760 3221 832 γάρ
3261 761 3356 814 τοῦ
3407 759 3699 831 ὁμολογεῖν

2103 859 2406 929 ὁμοούσιον,
2441 857 2659 910 πάντων
2693 854 2715 885 ⁸
2748 853 3012 924 αἱρέσεων
3041 853 3103 906 οὐ
3127 852 3352 907 δύναται
3377 847 3519 905 εἶναι
3543 852 3702 918 ελεγι

2102 964 2216 1016 χος.
2244 947 2454 1016 ’Ὠσπερ
2493 944 2604 1016 γάρ
2638 945 2788 1014 μισεῖ
2821 944 2850 995 ὁ
2883 942 3006 1012 ὁφις
3031 942 3129 1015 τὴν
3155 942 3331 1013 ὀσμὴν
3355 945 3458 1013 τῆς
3488 941 3700 1011 ἀσφάλ-

2101 1055 2219 1104 του,
2253 1037 2347 1091 καὶ
2372 1037 2472 1107 τὴν
2504 1035 2674 1106 πνοὴν
2696 1035 2799 1104 τῆς
2839 1033 3062 1103 ἐλάφου,
3094 1034 3189 1088 καὶ
3209 1033 3271 1086 τὺ
3309 1031 3568 1103 θυμίαμα
3599 1031 3701 1085 τοῦ

2103 1130 2345 1199 γαγάτου
2371 1129 2546 1192 λίθου,
2576 1127 2670 1180 καὶ
2694 1127 2757 1180 τὸ
2781 1127 3066 1198 κάπνισμα
3098 1125 3194 1178 τοῦ
3217 1124 3491 1197 στύρακος
3512 1143 3524 1154 ·
3551 1124 3701 1177 οὕτω

2103 1225 2198 1278 καὶ
2226 1225 2442 1296 ¹Ἀρειος
2457 1222 2550 1275 καὶ
2568 1220 2854 1285 Σαϐέλλιος
2881 1223 3028 1291 μισεῖ
3051 1220 3141 1273 τὸν
3165 1218 3323 1288 λόγον
3348 1219 3451 1289 τῆς
3483 1220 3542 1271 ὲν
3570 1218 3701 1286 ἀλῃ-

2105 1317 2226 1387 θείᾳ
2277 1313 2570 1387 ὁμολογίας
2614 1312 2709 1366 τοῦ
2753 1311 3102 1382 όμοουσίου.
3139 1309 3301 1363 Ἀλλά
3351 1309 3451 1362 καὶ
3511 1309 3700 1372 αὐτοῖς

2103 1407 2336 1479 ἐροῦμεν
2360 1421 2374 1436 ·
2406 1406 2470 1460 Et
2497 1404 2593 1458 καὶ
2629 1404 2703 1476 μὴ
2732 1399 2802 1475 ἦν
2830 1405 2863 1475 ή
2903 1403 3050 1467 λέξις
3087 1403 3146 1456 ἐν
3175 1404 3295 1465 ταῖς
3335 1401 3515 1464 θείαις
3551 1401 3700 1472 Γρα-

2103 1501 2229 1570 φαῖς
2275 1497 2413 1570 (ἐστι
2457 1497 2537 1560 δὲ,
2611 1497 2706 1550 καὶ
2757 1495 2944 1565 σαφῶς
2984 1493 3226 1562 ἔγκειται
3273 1495 3331 1546 ὲν
3372 1494 3554 1564 νόμῳ,
3605 1494 3702 1546 καὶ

2105 1589 2258 1662 παρὰ
2283 1587 2601 1652 ἀποστόλοις
2625 1587 2720 1641 καὶ
2766 1589 2878 1645 τοῖς
2911 1586 3246 1654 προφήταις.
3288 1585 3393 1638 Ἐκ
3439 1587 3554 1655 γὰρ
3593 1584 3706 1638 δύο

422 1683 587 1740 Arius
615 1693 668 1741 et
698 1684 964 1742 Sabellius
992 1685 1466 1740 consubstantialis
1513 1700 1701 1740 vocem
1737 1685 1883 1738 illam
1935 1698 2000 1739 ac

2123 1683 2415 1752 ιαρτύρων
2447 1681 2485 1750 ἢ
2516 1680 2693 1750 τριῶν
2715 1679 3083 1749 σταθήσεται
3108 1677 3231 1733 πᾶν
3245 1676 3458 1748 ρἦα).

423 1777 818 1846 professionem
849 1779 1198 1834 vehementer
1237 1778 1494 1833 oderunt.
1546 1776 1650 1832 Sed
1697 1777 1768 1830 ita
1801 1776 2070 1833 adversus
2119 1777 2244 1832 illos
2293 1791 2561 1845 agemus:
2626 1773 2890 1842 Quamvis
2943 1786 3212 1842 nusquam
3244 1771 3297 1824 in
3345 1769 3530 1825 sacris
3586 1767 3702 1822 Lit-

423 1873 555 1926 teris
600 1887 663 1926 ea
730 1889 837 1928 vox
876 1881 1120 1928 exstaret
1167 1874 1319 1944 (quae
1394 1888 1584 1928 revera
1644 1883 1825 1928 tamen
1875 1881 2055 1928 exstat
2109 1881 2273 1942 atque
2322 1873 2376 1926 in
2432 1872 2567 1942 lege,
2614 1879 2670 1926 et
2727 1869 3135 1940 apostolorum,
3187 1882 3251 1921 ac
3305 1864 3700 1936 prOphetarum

422 1965 644 2035 scriptis
675 1966 963 2023 manifeste
996 1970 1303 2039 reperitur:
1343 1967 1554 2022 Duobus
1585 1984 1750 2038 [orro
1776 1967 1854 2022 vel
1887 1970 2053 2022 tribus
2088 1970 2302 2023 testibus
2329 1977 2434 2023 stat
2462 1983 2612 2021 omne
2640 1966 2850 2021 verbum
2879 1964 2943 2038 ’).

496 2055 601 2112 Sed
631 2065 687 2111 ut
743 2059 890 2112 nulla
923 2059 1043 2128 ejus
1075 2062 1278 2116 mentio
1313 2061 1496 2126 ﬁeret,
1531 2062 1742 2130 liceret,
1778 2063 1996 2133 Opinor,
2030 2073 2072 2128 Β

423 2148 493 2202 ad
547 2148 706 2204 fidem
753 2151 1260 2216 corroborandam,
1341 2163 1703 2224 opportunam
1764 2155 2002 2225 aliquam

425 2249 589 2310 atque
619 2240 808 2296 utilem
865 2256 1052 2297 vocem
1095 2243 1281 2298 studio
1312 2246 1529 2314 pietatis
1571 2260 1855 2314 usurpare.
1894 2243 2006 2299 Vos

427 2338 607 2386 autem
642 2331 774 2402 quid
838 2333 1056 2388 tandem
1087 2334 1315 2390 dicitis?
1371 2335 1544 2392 Velim
1595 2337 1728 2391 illud
1763 2337 1892 2391 mihi
1923 2352 2006 2392 re-

427 2419 781 2490 spondeatis,
837 2438 960 2493 quae
1009 2423 1082 2479 sit
1139 2433 1320 2480 vestra
1378 2425 1446 2481 de
1496 2423 1659 2480 Patre
1710 2426 2003 2481 sententia.

427 2512 594 2570 Estne
619 2523 678 2569 ut
700 2516 999 2572 increatum
1038 2518 1189 2571 illum
1211 2518 1588 2574 existimemus
1618 2517 1900 2574 ?Omnino
1934 2519 2006 2572 ita

427 2619 550 2658 esse
582 2604 856 2659 fatendum
888 2614 991 2662 est.
1019 2604 1154 2672 Quis
1187 2608 1333 2662 enim
1393 2608 1530 2664 adeo
1579 2609 1782 2664 stultus
1817 2616 1918 2670 est.
1951 2616 2009 2662 ut

428 2709 490 2750 ea
516 2696 584 2751 de
615 2711 673 2751 re
701 2697 952 2752 dubitet?
979 2697 1134 2765 Quis,
1187 2700 1432 2770 inquam,
1473 2701 1555 2755 sic
1582 2701 1765 2755 animo
1793 2700 2010 2771 percul-

427 2802 523 2842 sus
549 2801 612 2842 ac
627 2803 862 2845 vesanus
889 2801 993 2856 est,
1016 2799 1075 2845 ut
1092 2790 1260 2847 Deum
1289 2802 1342 2847 et
1366 2790 1580 2847 Patrem
1596 2791 1810 2846 Domini
1835 2792 2007 2848 nostri

431 2875 562 2934 Jesu
595 2879 800 2936 Christi
831 2883 1133 2938 increatum
1161 2899 1283 2939 esse
1318 2899 1428 2938 non
1452 2883 1696 2955 iudicet?
1721 2882 1829 2939 Vos
1863 2885 2008 2940 enim

430 2969 618 3040 utique
681 2987 791 3027 non
825 2973 1036 3042 negatis
1065 2973 1368 3044 ingenitum
1426 2973 1607 3042 ipsum
1653 2988 1800 3040 esse,
1835 2982 1891 3028 et
1934 2976 2012 3026 in-

429 3069 696 3130 creatum,
728 3070 938 3134 atquea
961 3065 1113 3118 nullo
1138 3063 1489 3135 productum.
1522 3062 1709 3135 Neque
1742 3065 1886 3120 enim
1915 3063 2014 3119 Pa-

430 3159 574 3206 trem
604 3153 786 3217 hahet,
820 3155 915 3224 qui
939 3155 1012 3210 sit
1035 3154 1157 3226 ipso
1187 3156 1340 3227 prior
1360 3197 1376 3222 ,
1408 3171 1582 3226 neque
1607 3156 1888 3212 definitum
1915 3172 2012 3212 an-

431 3255 628 3297 norun
655 3243 913 3312 spatium,
950 3253 1045 3299 aut
1075 3245 1244 3300 ullum
1273 3246 1487 3302 dierum
1519 3245 1760 3310 initium,
1790 3253 1849 3301 ut
1872 3247 2014 3302 Scri-

433 3343 593 3404 ptura
630 3335 873 3406 loquitur
905 3338 948 3394 ³.
991 3336 1046 3394 Si
1084 3338 1251 3411 igitur
1279 3355 1457 3411 neque
1485 3339 1814 3411 principium
1848 3339 2011 3396 habet

2175 2065 2366 2135 Ὅμως
2398 2062 2517 2130 ἐξὸν
2547 2058 2616 2133 ἦν
2643 2063 2774 2132 ἡμῖν
2802 2061 2870 2115 δι’
2898 2059 3182 2114 εὐσέϐειαν
3204 2055 3523 2129 χρήσασθαι
3556 2055 3699 2121 λέξει

2106 2153 2378 2227 Χρησίμῃ,
2404 2151 2931 2222 ὲπασφαλιζομένοις
2949 2151 3047 2223 τὴν
3079 2151 3237 2220 ἁγίαν
3268 2149 3477 2201 πίστιν.
3514 2148 3701 2219 Ὑμεῖς

2106 2247 2162 2300 δὲ
2188 2245 2243 2300 τί
2279 2263 2449 2316 φατε;
2486 2245 2690 2314 Λέγετε
2716 2246 2826 2318 γὰρ
2859 2247 3010 2317 ἡμῖν,
3029 2239 3255 2306 ῶούτοι,
3283 2242 3336 2296 τί
3357 2242 3552 2311 λέγετε
3577 2240 3704 2312 περὶ

2109 2335 2204 2389 τοῦ
2256 2335 2504 2407 Πατρός;
2543 2337 2830 2400 Ἀχτιστος
2870 2336 2899 2387 ὁ
2935 2335 3153 2407 Πατήρς
3199 2334 3429 2397 Πάντως
3478 2333 3566 2385 ὁτι
3593 2333 3699 2384 ναί.

2108 2427 2205 2491 Τίς
2263 2427 2372 2498 γάρ
2429 2426 2669 2499 ἠλίθιος,
2736 2428 2823 2482 ἴνα
2878 2427 3208 2498 ἀμφιὸάλλοι
3275 2425 3409 2498 περὶ
3470 2425 3699 2489 τούτους

2109 2518 2267 2581 Ποῖος
2301 2517 2359 2572 δὲ
2403 2515 2770 2588 ὲμὸρόντητος
2799 2515 3117 2585 λογίσασθαι
3150 2516 3224 2588 μὴ
3272 2510 3415 2568 εἶναι
3445 2515 3700 2568 ἀκτιπον

2107 2609 2200 2663 τὸν
2255 2609 2424 2674 Θεὸν,
2473 2609 2569 2663 καὶ
2620 2608 2842 2681 Πατέρα
2890 2608 2986 2662 τοῦ
3040 2607 3246 2678 Κυρίου
3297 2606 3457 2678 ήμῶν
3527 2605 3699 2676 Ἰησοῦ

2108 2699 2382 2773 Χριστοῦ;
2434 2700 2658 2764 Πάντως
2709 2699 2818 2773 γὰρ
2866 2700 2961 2755 καὶ
3012 2699 3166 2753 αὐτοὶ
3217 2698 3558 2768 ὁμολογεῖτε,
3623 2698 3701 2751 ὅτι

2111 2789 2433 2861 ἀγέννητος,
2465 2789 2560 2842 καὶ
2591 2789 2863 2853 ἄκτιστος,
2894 2791 2988 2843 καὶ
3018 2789 3300 2862 ἀγένητος.
3343 2790 3420 2843 Οὐ
3451 2788 3566 2860 γὰρ
3595 2787 3702 2858 ἔχει

2110 2881 2218 2954 πρὸ
2245 2880 2411 2935 αὐτοῦ
2442 2880 2682 2952 Πατέρα,
2705 2881 2826 2934 οὐδὲ
2852 2881 3104 2952 ὁρισμὸν
3131 2879 3300 2948 ἐτῶν,
3325 2880 3473 2935 οὐδὲ
3503 2881 3702 2949 ἀρχὴν

2109 2971 2367 3043 ἡμερῶν,
2398 2970 2539 3026 κατά
2581 2971 2644 3025 τὸ
2675 2971 3082 3043 γεγραμμένον.
3121 2973 3184 3026 El
3215 2970 3400 3026 τοίνυν
3428 2971 3559 3026 οὐτε
3607 2973 3702 3040 ἀρ-

2111 3061 2181 3134 χὴ
2197 3063 2388 3134 χρόνου
2411 3061 2581 3133 αὐτῷ,
2599 3061 2722 3116 οὐτε
2740 3061 2912 3126 τέλος,
2937 3063 3296 3134 ὁμολογεῖται,
3321 3063 3404 3116 ὅτι
3428 3063 3698 3125 ἇκτιστος,

2112 3157 2205 3210 καὶ
2233 3155 2602 3228 ἀναμφίόολὸν
2627 3158 2797 3212 ἐστιν.
2829 3154 3080 3228 Οὐδαμοῦ
3103 3156 3160 3209 δὲ
3190 3157 3322 3230 περὶ
3342 3155 3515 3211 αὐτοῦ
3547 3157 3701 3209 τοῦτο

2112 3250 2442 3322 γέγραπται.
2484 3249 2782 3316 Εὐσεϐείας
2817 3250 2874 3305 δὲ
2899 3251 3058 3321 χάριν
3084 3250 3513 3323 ἀναγκαζόμεθα
3537 3250 3700 3305 ταῦτα

2113 3341 2352 3407 εὐσεϐῶς
2386 3343 2515 3415 ἰτερῖ⁹
2565 3342 2731 3397 αὐτοῦ
2782 3344 2999 3416 φρονεῖν
3030 3359 3092 3397 τε
3132 3342 3229 3397 καὶ
3261 3343 3469 3412 λέγειν,
3511 3343 3618 3396 κᾶν
3645 3359 3700 3395 τε

432 3428 696 3497 temporis
726 3428 916 3498 ullum,
951 3446 1128 3502 neque
1159 3431 1342 3499 ﬁnem,
1365 3433 1419 3488 in
1435 3431 1694 3490 confesso
1712 3441 1818 3499 est,
1849 3442 2011 3504 atque

2123 3433 2193 3506 μὴ
2287 3431 2694 3505 γεγραμμένον,
2728 3430 2915 3496 Οὕτως
2946 3432 3009 3485 τὸ
3049 3431 3180 3501 περὶ
3209 3429 3323 3503 τοῦ,
3349 3431 3699 3501 ὀμοουσίου,

430 3527 586 3574 extra
637 3535 854 3578 omnem
919 3525 1386 3595 controversiam,
1459 3525 1712 3583 eumdem
1771 3542 1803 3582 a
1859 3527 2014 3583 nullo

431 3619 677 3668 creatum
738 3614 930 3673 fuisse.
963 3617 1127 3688 Atqui
1159 3633 1430 3690 nusquam
1473 3619 1542 3675 de
1571 3633 1636 3675 eo
1675 3627 1760 3676 est
1792 3620 2015 3690 scriptis

435 3703 571 3759 illud
602 3721 948 3778 expressum.
993 3709 1226 3767 Verbum
1276 3713 1519 3783 pietatis,
1558 3725 1618 3768 ut
1645 3712 1780 3777 dixi,
1808 3712 2011 3778 studio,

432 3797 688 3868 religiose
715 3799 828 3855 haec
854 3801 922 3857 de
969 3803 1090 3873 ipso
1133 3811 1188 3858 et
1221 3805 1427 3861 sentire
1451 3815 1505 3861 et
1533 3805 1833 3876 praedicare
1853 3804 2015 3876 ,(3οεί-

433 3908 578 3956 mur,
606 3893 732 3951 licet
754 3895 888 3951 nihil
915 3896 988 3954 sit
1009 3897 1280 3968 ejusmodi
1305 3898 1594 3970 scriptum.
1620 3898 1822 3954 Eodem
1852 3896 2015 3954 modo

433 3988 652 4041 tametsi
689 3987 840 4041 nullo
861 3989 914 4042 in
948 3987 1381 4060 Scripturteloco
1409 4005 1514 4045 vox
1549 3990 1641 4044 illa
1674 3989 2017 4044 consubstan-

436 4077 599 4141 tialis,
635 4077 841 4135 diserte
872 4089 1034 4157 atque
1066 4082 1343 4152 expressis
1387 4081 1586 4137 litteris
1614 4081 2012 4145 contineretur,

434 4183 536 4224 nos
567 4170 643 4224 uti
673 4181 855 4226 tamen
886 4171 978 4226 illa
1017 4187 1244 4230 necesse
1278 4182 1620 4244 putaremus,
1659 4173 2015 4244 quantumvis

2115 3523 2540 3596 ἀναγκαζόμεθα
2593 3523 2792 3593 λέγειν,
2848 3525 2897 3578 εί
2941 3523 3038 3577 καὶ
3085 3523 3160 3595 μὴ
3202 3518 3272 3594 ἦν
3317 3522 3700 3593 γεγραμμένον

2114 3619 2256 3674 κατά
2283 3620 2382 3691 τὴν
2417 3618 2554 3672 ἰδίαν
2588 3617 2861 3690 γλῶσσαν,
2897 3615 3036 3688 μετά
3060 3616 3340 3688 στενωπῆς
3369 3614 3482 3668 τῶν
3508 3613 3697 3683 λόγων.

2115 3714 2164 3766 εί
2205 3713 2297 3766 καὶ
2337 3709 2503 3777 δόξειε
2544 3709 2703 3762 τοῦτο
2735 3704 2875 3764 εἶναι
2909 3707 3050 3779 ὑπὲρ
3083 3704 3252 3780 ἡμᾶς,
3292 3707 3387 3761 καὶ
3421 3707 3568 3778 ὑπὲρ
3612 3705 3698 3775 τὴν

2114 3801 2270 3874 ἡμῶν
2299 3799 2462 3870 φύσιν
2510 3800 2572 3854 τὸ
2627 3799 2722 3854 ἐπὶ
2759 3796 2895 3852 Θεοῦ
2949 3797 3315 3867 διαλέγεσθαι.
3362 3795 3506 3850 Ἀλλ’
3559 3796 3698 3866 ὅμως

2114 3895 2276 3958 αὐτὸς
2321 3894 2350 3946 ὁ
2383 3891 2585 3964 Κύριος
2614 3892 3128 3961 συγγνωμονῆσειεν
3162 3891 3315 3961 ἡμῖν,
3359 3889 3698 3960 βουλομένοις

2114 3991 2211 4060 οὐχ
2244 3988 2382 4061 ὑπὲρ
2430 3987 2680 4058 θεότητος
2725 3983 3129 4052 ἀπολογεῖσθαι,
3165 3984 3264 4054 τῆς
3297 3980 3584 4045 ἀνενδεοῦς
3614 3977 3697 4032 οὐ-

2115 4097 2216 4150 σης
2246 4081 2344 4149 τῆς
2369 4077 2526 4148 ἡμῶν
2556 4074 2866 4136 συστάσεως
2887 4075 2899 4127 l
2947 4071 3110 4127 Ἀλλά
3131 4072 3214 4126 δεῖ
3235 4070 3478 4134 εὐσεϐῶς
3503 4069 3693 4138 λέγειν,

2114 4171 2210 4226 καὶ
2241 4168 2482 4232 εὐσεϐῶς
2515 4169 2678 4232 νοεῖν,
2713 4167 2799 4218 ἵνα
2832 4165 2906 4238 μὴ
2939 4163 3289 4235 ἀπολώμεθα.
3397 4223 3408 4228 __

433 4263 500 4317 de
535 4264 641 4320 Deo
667 4266 951 4337 disputare
980 4285 1144 4340 supra
1171 4285 1272 4324 nos
1300 4285 1365 4325 ac
1401 4279 1612 4326 naturae
1665 4277 1868 4326 nostra:
1928 4267 2302 4324 conditionem
2353 4283 2476 4324 esse
2531 4267 2833 4322 videretur.
2889 4264 3262 4322 Nihilominus
3301 4272 3490 4319 tamen
3552 4260 3695 4316 facile

434 4355 602 4428 798
630 4360 788 4415 nobis
812 4345 1240 4432 benignissimus
1269 4361 1781 4424 Dominusveniam
1837 4359 2189 4422 concederet,
2220 4362 2450 4432 quinon
2502 4359 2555 4415 id
2605 4358 3012 4424 aliectaremus,
3079 4369 3140 4413 ut
3183 4357 3518 4421 divinitatis,
3583 4369 3692 4425 qua.

439 4448 693 4517 praesidio
717 4460 912 4506 nostro
954 4467 1018 4507 ac
1051 4452 1466 4509 confirmatione
1511 4451 1620 4508 nun
1650 4461 1794 4522 eget,
1859 4453 2228 4524 patrocinium
2295 4453 2728 4523 susciperemus.
2787 4450 2896 4508 Sed
2941 4451 3200 4506 nimirum
3246 4449 3315 4504 de
3365 4449 3572 4503 divinis
3623 4463 3693 4501 reo

438 4543 544 4599 bus
588 4545 672 4608 pie
707 4547 854 4616 loqui
913 4561 978 4601 ac
1011 4547 1216 4604 sentire
1252 4563 1355 4604 nos
1397 4557 1632 4619 oportet.
1665 4564 1733 4602 ne
1778 4550 2019 4619 pessime
2059 4563 2372 4621 pereamus.

509 4634 692 4690 LXXI.
752 4636 1119 4702 Quamobrem
1170 4638 1522 4709 respondete,
1587 4654 1797 4710 quaeso,
1832 4641 2014 4706 nobis,

2194 4643 2319 4697 ΟΝ.
2360 4641 2553 4694 Τοίνυν
2580 4639 2918 4712 ἀποκρίθητέ
2948 4641 3104 4710 ἡμῖν,
3141 4638 3192 4691 oi.
3212 4635 3307 4690 τοῦ
3357 4637 3571 4708 Ἀρείου
3605 4652 3691 4705 μα-

439 4733 553 4788 Arii
591 4732 834 4790 fautores
865 4748 930 4788 ac
952 4733 1231 4804 discipuli,
1263 4748 1386 4789 cum
1427 4734 1729 4806 ingenitum
1760 4749 1826 4790 ex
1860 4750 2011 4806 aequo

2125 4732 2316 4805 θηταί·
2353 4733 2648 4805 ἀγέννητον
2675 4732 2910 4803 λέγομεν
2940 4731 3141 4795 πάντες
3182 4729 3318 4801 ὁμοῦ
3348 4729 3442 4782 τὸν
3469 4730 3693 4800 Πατέρα,

439 4825 657 4882 Patrem
702 4841 894 4881 omnes
920 4825 1334 4898 increalumque
1371 4826 1662 4890 fateamur,
1709 4826 1891 4897 sitque
1923 4826 2020 4881 ad—

440 4915 712 4972 mirabilis
761 4916 852 4970 illa
905 4914 1152 4987 profecto
1194 4915 1384 4986 dictio,
1428 4917 1652 4972 ubinam
1683 4926 1771 4976 est
1815 4918 2022 4990 scripto

441 5009 763 5066 nominatim
820 5009 1118 5080 expressa?
1170 5007 1414 5066 Proferte
1443 5010 1644 5076 locum,
1691 5011 1738 5068 si
1769 5013 2020 5083 potestis.

439 5101 626 5172 Neque
652 5102 798 5158 enim
837 5110 932 5157 aut
982 5101 1038 5156 in
1086 5102 1202 5173 lege
1238 5113 1724 5170 commemoratur,
1757 5115 1852 5160 aut
1877 5103 2022 5177 apud

440 5197 758 5267 prophetas,
787 5203 882 5251 aut
938 5195 992 5250 in
1023 5195 1342 5267 Evangelio,
1388 5203 1483 5251 aut
1534 5196 1590 5252 in
1647 5198 2022 5268 apostolorum

440 5287 677 5359 denique
731 5287 1122 5345 monumentis.
1164 5288 1320 5357 Quod
1360 5289 1408 5346 si
1449 5291 1773 5348 vocabulum
1803 5293 2024 5364 aliquod

445 5395 714 5450 nusquam
770 5382 993 5452 scriptis
1027 5397 1348 5453 expressum
1384 5397 1654 5453 usurpare
1685 5383 1833 5450 licet,
1859 5384 2024 5455 idque

447 5477 667 5539 propter
684 5470 924 5526 divinam
982 5473 1212 5542 gloriam
1254 5483 1578 5546 usurpatum
1613 5477 2020 5545 amplectuntur

443 5575 634 5615 omnes
703 5570 758 5615 ct
803 5562 1128 5632 approbant,
1179 5565 1304 5636 quis
1349 5580 1451 5622 nos
1507 5582 1770 5624 accusare
1824 5568 2021 5623 merito

2118 4829 2213 4882 καὶ
2252 4828 2528 4888 ἄκτιστον,
2566 4827 2660 4881 καὶ
2687 4825 2976 4897 θαυμαστὴ
3017 4827 3051 4897 ή
3084 4823 3232 4891 ’λέξις
3280 4823 3557 4894 δηλονότιο
3605 4819 3691 4874 ποῦ

2118 4919 2298 4974 τοίνυν
2330 4919 2642 4992 γέγραπται
2687 4917 2881 4985 τοῦτο;
2929 4916 3146 4982 Δείξατε
3189 4916 3283 4970 τόν
3329 4915 3520 4969 τόπον.
3574 4913 3692 4968 Οὐτε

2119 5010 2228 5083 γάρ
2257 5011 2691 5087 νόμοςβίρηκεν,
2715 5009 2840 5064 οὔτε
2868 5007 3169 5082 προφῆται,
3194 5007 3320 5061 οὐτε
3353 5006 3690 5077 Εὐαγγέλιον,

2121 5103 2244 5158 οὐτε
2291 5104 2599 5159 ἀπόστολοι.
2639 5106 2703 5159 Εἰ
2728 5104 2906 5158 τοίνυν
2934 5102 3173 5166 εὐσεδῶς
3204 5103 3436 5172 λέγομεν
3465 5101 3608 5168 λέξιν
3632 5100 3693 5170 μὴ

2124 5199 2537 5270 γεγραμμένην,
2580 5198 2675 5252 καὶ
2721 5196 2869 5251 ἑστιν
2895 5195 3168 5267 ἀποδεκτὴ
3203 5195 3342 5265 ὑπὲρ
3370 5192 3533 5265 δόξης
3578 5189 3691 5245 Θεοῦ

2121 5288 2432 5361 λεγομένη·
2466 5289 2552 5354 τίς
2602 5289 2735 5361 ἡμῖν
2782 5287 3148 5357 ἐγκαλέσειεν,
3184 5289 3232 5340 εἰ
3276 5285 3374 5339 καὶ
3429 5285 3507 5356 μὴ
3555 5279 3617 5354 ἦν
3646 5281 3694 5333 τὸ

2119 5381 2404 5453 ὁμοούσιον
2428 5381 2838 5454 γεγραμμένον,
2857 5380 3126 5452 εὑρόντων
3161 5377 3319 5450 ήμῶν
3352 5377 3534 5445 λόγον,
3561 5376 3619 5429 δι’
3643 5365 3691 5424 οὐ

2118 5476 2274 5545 λόγου
2309 5475 2655 5548 δυνησόμεθα
2687 5477 2749 5530 τὸ
2779 5474 3018 5546 ἀσφαλὲς
3048 5472 3381 5545 ὁμολογῆσαι
3417 5472 3517 5542 τῆς
3559 5466 3691 5539 ἡμῶν

2121 5568 2430 5641 σωτηρίας;
2486 5567 2598 5622 ἀλλ’
2648 5570 2755 5622 εἰσὶ
2793 5566 3091 5640 μαρτυρίαι
3135 5565 3272 5638 μετά
3314 5562 3409 5618 καὶ
3438 5560 3532 5616 τοῦ
3563 5560 3690 5615 εὐσε-

516 5716 534 5750 ¹
575 5715 748 5773 Exod.
785 5731 868 5782 ιιι,
905 5715 989 5771 Η.
1070 5721 1090 5750 ²
1120 5717 1276 5775 Deut.
1312 5738 1424 5786 xix,
1459 5723 1557 5791 l5;
1587 5723 1776 5778 Matth.
1803 5740 1955 5791 xvul,
1992 5723 2011 5777 l

2158 5725 2178 5756 ³
2219 5723 2383 5780 llebr.
2420 5740 2516 5790 vn,
2547 5723 2599 5778 5.
2677 5725 2697 5755 ⁸
2729 5723 2791 5776 F.
2824 5723 3060 5786 πάντως.
