3826 6206
122 293 210 352 321
712 287 1084 347 ADVERSUS
1121 288 1464 345 [UERESES
1500 288 1627 345 LIB.
1668 290 1733 344 ll.
1773 285 1937 343 T0,“.
1981 284 2042 340 il.
2084 317 2151 326 —
2190 247 2461 338 HAERES.
2506 279 2698 336 LXIX.
3233 275 3343 333 322

125 407 236 472 ϐοῦς
282 402 531 476 λογισμοῦ
553 445 569 469 ,
623 404 686 459 αἶ
742 423 802 459 τε
869 407 1308 479 προτεταγμέναι
1368 407 1463 461 καὶ
1517 407 1674 462 ἄλλαι

1790 403 1968 474 possit,
2014 402 2061 458 si
2095 417 2219 457 cum
2251 415 2358 456 vox
2387 401 2479 454 illa
2522 393 2994 452 consubstantialis
3046 390 3237 446 nullibi
3266 390 3350 444 di-

123 500 340 563 πλείους.
373 497 783 570 Παρελεύσομαι
815 499 872 551 δὲ
899 501 994 553 καὶ
1026 499 1231 571 ταύτην
1254 498 1354 571 τὴν
1381 497 1547 562 λέξιν,
1578 499 1673 552 καὶ

1790 503 1922 550 terte
1983 493 2187 563 scripta
2225 491 2518 555 videretur,
2576 502 2678 542 nos
2715 485 2987 554 ejusmodi
3023 483 3348 538 vocabulum

122 591 207 655 τὰς
228 589 384 653 ἄλλας
413 589 589 644 αὐτῶν
618 589 713 643 τοῦ
739 589 1038 661 δελεασμοῦ
1082 590 1223 645 κατὰ
1253 590 1364 644 τῶν
1398 588 1673 661 ἀκεραίων

1790 586 2117 656 axcogitasse
2147 582 2477 642 diceremus,
2511 593 2607 648 per
2642 576 2790 647 quod
2822 577 3117 631 salutarem
3147 572 3350 628 doctri-

122 680 395 753 λεγομένας
422 683 478 734 ὲν
526 681 646 753 Θεῷ
675 681 924 749 ἀναξανῶ
969 683 1157 755 ῥήσεις
1179 699 1248 739 τε,
1273 682 1366 735 καὶ
1405 680 1670 744 ἐπινοίας.

1790 691 1925 742 nam,
1961 677 2030 732 ab
2072 673 2221 729 omni
2254 671 2498 744 periculo
2532 668 2737 724 erroris
2769 667 3066 721 immunem
3101 661 3350 735 proﬁteri

121 776 421 848 possemus?
467 774 669 831 Verum
720 777 788 832 ad
845 778 998 848 pium
1047 777 1202 832 illum
1277 777 1706 848 religiosumqne
1765 787 1988 828 sensum
2037 770 2338 840 Scriptura:
2388 767 2613 836 insuper
2649 761 3006 818 auctoritates
3057 759 3348 823 accedunt,

121 887 230 927 cum
259 885 289 924 a
322 885 409 925 me
444 880 887 927 commemorata:
915 870 1338 937 hactenus,tum
1372 869 1685 940 complures
1711 869 1848 920 alim.
1894 864 1999 922 Sed
2034 864 2145 934 jam
2179 863 2249 918 ab
2301 861 2464 931 hujus
2522 859 2628 914 loci
2687 859 3008 912 tractatione
3047 852 3347 914 discedam.

122 979 170 1020 ut
194 965 254 1021 ad
281 964 415 1028 alias
447 962 743 1035 Scriptum
783 967 1087 1023 sententias
1117 973 1175 1022 et
1210 975 1534 1039 argumenta
1592 961 1941 1020 discutienda
1973 975 2059 1016 me
2113 957 2416 1022 conferam,
2477 970 2616 1026 quas
2655 955 2803 1010 velut
2861 952 3149 1008 illecebras
3206 948 3354 1002 rudi-

120 1064 210 1117 bus
232 1075 294 1115 ac
325 1060 664 1130 simplicibus
692 1062 983 1132 objiciunt.

178 1155 288 1210 OB'.
325 1155 556 1224 Λέγουσι
589 1157 699 1227 γὰρ
743 1155 905 1211 πάλιν
928 1155 1006 1228 (2)
1032 1156 1082 1210 oi
1108 1155 1264 1210 αὐτοὶ
1311 1154 1449 1226 μετὰ
1482 1153 1670 1207 πασῶν

119 1245 183 1303 ὧν
222 1247 323 1302 ἀπὸ
367 1248 458 1301 τοῦ
510 1247 831 1302 Ἀποστόλου
865 1248 960 1302 καὶ
993 1247 1104 1302 τῶν
1137 1245 1486 1315 Εὑαγγελίων
1532 1243 1672 1297 κατὰ

119 1343 196 1394 τὸν
223 1339 339 1394 νοῦν
371 1339 550 1392 αὐτῶν
591 1337 1049 1410 παραφθείρουσι,
1101 1337 1287 1401 κακῶς
1321 1334 1672 1398 ὑπονοοῦντες

121 1433 288 1496 λέξεις,
314 1432 407 1485 καὶ
435 1431 637 1501 ταύτην
667 1433 747 1494 είς
781 1431 943 1501 μέσον
973 1432 1229 1504 φέροντες
1254 1429 1361 1484 ἀπὸ
1387 1427 1481 1482 τοῦ
1510 1428 1671 1480 Ἀπο-

123 1522 306 1586 στόλου,
325 1520 397 1582 ὠς
421 1522 635 1592 εἴρηται
665 1521 724 1574 ὲν
747 1523 815 1591 τῇ
838 1521 974 1593 πρὸς
1004 1519 1322 1592 Κορινθίους
1362 1515 1673 1587 Ἐπιστολῇ,

120 1617 168 1666 ὲν
189 1613 260 1684 τῷ
291 1612 416 1682 περὶ
448 1611 661 1682 νεκρῶν
693 1611 1042 1674 ἀναστάσεως
1073 1611 1369 1681 κεφαλαίῳ.
1406 1609 1494 1672 Ὠς
1539 1606 1674 1662 καθ-

1849 1140 2059 1196 LXXII.
2111 1141 2324 1196 Etenim
2383 1140 2526 1194 inter
2569 1137 2675 1191 alia
2705 1152 2987 1193 sacrarum
3017 1134 3350 1192 Litterarum

1779 1232 2113 1298 testimonia,
2136 1247 2256 1302 qua
2275 1245 2341 1286 ex
2363 1229 2626 1300 Apostolo
2658 1238 2712 1290 et
2740 1227 3049 1299 Evangeliis
3090 1229 3160 1284 ad
3191 1244 3352 1284 suum

1778 1339 2001 1381 sensum
2058 1324 2372 1393 depravata,
2425 1336 2490 1376 ac
2518 1335 2801 1391 perperam
2848 1319 3121 1375 intellecta
3173 1319 3354 1392 profe-

1778 1425 1928 1482 runt,
1981 1417 2087 1472 hoc
2138 1416 2372 1486 insuper
2409 1430 2476 1470 ex
2532 1414 2794 1484 Apostolo
2844 1413 3004 1468 nobis
3061 1413 3352 1483 objiciunt,

1779 1509 1927 1580 quod
1959 1508 2016 1563 in
2043 1507 2283 1579 Epistola
2313 1505 2381 1560 ad
2402 1505 2717 1561 Corinthios
2745 1505 2959 1577 legitur,
2992 1505 3084 1561 ubi
3114 1505 3183 1561 de
3205 1520 3355 1560 mor-

1782 1607 2006 1654 tuorum
2036 1597 2445 1656 resurrectione
2474 1595 2737 1666 disputat.
2769 1594 2859 1650 Sic
2893 1598 3037 1651 enim
3072 1597 3354 1668 loquitur:

120 1675 244 1777 εξῆς
283 1675 480 1775 φησιν·
516 1675 660 1758 έῖτα
691 1705 756 1759 τὸ
788 1704 982 1771 τέλος,
1032 1675 1178 1758 ὅταν
1219 1675 1522 1772 παραδιδῷ
1560 1701 1676 1769 τὴν

1790 1689 1981 1745 Deinde
2026 1690 2175 1760 ﬁnis,
2231 1704 2352 1743 cum
2389 1686 2670 1742 tradiderit
2709 1703 2923 1758 regnum
2961 1686 3070 1741 Deo
3101 1695 3150 1741 et
3176 1685 3355 1754 Patri,

116 1794 414 1860 βασιλείαν
451 1792 532 1860 τῷ
571 1792 693 1860 Θεῷ
742 1793 842 1847 καί
886 1794 1091 1862 Πατρὶ,
1143 1793 1288 1846 ὅταν
1320 1789 1674 1860 καταργήσῃ

120 1884 302 1940 πᾶσαν
318 1883 538 1954 ἀρχὴν,
567 1885 667 1940 καὶ
699 1884 907 1940 πᾶσαν
930 1886 1239 1950 ἐξουσίαν,
1272 1885 1369 1940 καὶ
1397 1885 1671 1953 δύναμιν.

119 1979 204 2034 Δεῖ
223 1978 327 2049 γὰρ
356 1977 547 2032 αὐτὸν
588 1979 970 2045 βασιλεύειν,
1001 1978 1172 2048 ἄχρις
1213 1974 1285 2034 οὗ
1327 1977 1402 2048 θῇ
1450 1976 1678 2042 πάντας

119 2072 242 2138 τοὺς
288 2071 544 2140 ἐχθροὺς
595 2069 781 2126 αὑτοῦ
841 2070 961 2126 ὑπὸ
1014 2070 1158 2138 τοὺς
1207 2069 1398 2136 πόδας
1452 2066 1673 2124 αὐτοῦ·

120 2164 354 2235 ἔσχατος
384 2165 605 2234 ἐχθρὸς
657 2163 1031 2234 καταργεῖται
1073 2166 1107 2218 ό
1156 2163 1434 2230 θάνατος.
1493 2163 1679 2216 Ὅταν

121 2257 178 2310 δὲ
205 2257 335 2325 sum
353 2299 370 2325 ,
422 2258 518 2312 ὅτι
569 2257 774 2311 Πάντα
803 2258 966 2326 αὐτῷ
1003 2255 1419 2323 ὑποτέτακται,
1460 2253 1675 2325 δῆλον,

122 2350 193 2404 ὅτι
213 2349 378 2415 ἐκτὸς
401 2349 513 2405 τοῦ
534 2349 950 2418 ὑποτάξαντος
968 2349 1128 2416 αὐτῷ
1155 2351 1228 2405 τὰ
1257 2349 1473 2404 πάντα.
1493 2349 1681 2402 ὀταν

122 2441 174 2496 δὲ
204 2441 465 2513 ὑποταγῇ
513 2442 674 2509 αὐτῷ
717 2443 793 2498 τὰ
830 2443 1049 2506 πάντα,
1081 2443 1215 2496 τότε
1262 2442 1361 2496 καί
1413 2439 1598 2505 αὐτὸς
1645 2441 1679 2493 ό

130 2535 244 2602 Υἱὸς
297 2533 741 2605 ὑποταγήσεται
806 2534 888 2601 τῷ
941 2532 1306 2599 ὑποτάξαντι
1379 2529 1542 2596 αὐτῷ
1606 2529 1681 2584 τὰ

124 2628 312 2693 πάντα,
349 2630 451 2683 ἵνα
491 2623 532 2700 ᾖ
577 2631 609 2682 ὁ
643 2626 788 2692 Θεὸς
818 2627 891 2681 τὰ
937 2626 1134 2680 πάντα
1162 2626 1233 2678 ἐν
1259 2624 1468 2682 πᾶσιν.
1531 2622 1683 2675 Ἐπι-

125 2721 460 2793 λαμσάνονται
499 2720 680 2774 τοίνυν
708 2719 802 2773 τοῦ
845 2718 1032 2791 ῥητοῦ,
1060 2719 1156 2772 καὶ
1194 2717 1272 2789 τῷ
1314 2715 1426 2769 ἔθει
1455 2715 1554 2788 τῆς
1581 2715 1681 2768 αὐ-

123 2814 212 2866 τῶν
241 2813 430 2886 ἔχθρας
463 2813 602 2884 πρὸς
623 2812 714 2866 τὸν
732 2810 1004 2884 Μονογενῆ
1027 2809 1522 2874 κατασκευάζοντες
1549 2809 1566 2839 ¹
1583 2806 1683 2879 τὴν

126 2905 266 2959 αὑτοῦ
292 2907 571 2978 ἄφραστον
611 2903 706 2958 καὶ
741 2903 948 2971 ἔνδοξον
976 2903 1228 2974 θεότητα,
1256 2901 1332 2966 ὡς
1359 2902 1454 2956 καὶ
1483 2900 1683 2954 πολλά-

127 3011 198 3057 κις
234 2990 396 3056 εἷπον,
431 2993 592 3065 ἀνοίᾳ
625 2994 934 3064 φερόμενοι.
972 2993 1082 3045 Καί
1113 3009 1275 3060 φασιν
1298 3007 1312 3021 ο
1371 2990 1553 3062 ἰἑρᾷς,
1598 2989 1681 3042 ὅτι

126 3084 282 3154 λέγει’
319 3085 508 3140 Ὅταν
542 3084 611 3138 τὸ
655 3084 833 3151 τέλος
865 3082 1166 3152 παραδιδῷ
1206 3081 1321 3151 τὴν
1353 3082 1684 3147 ,ϐασιλείαν

127 3174 190 3240 τῷ
223 3175 336 3242 Θεῷ
367 3177 464 3228 καὶ
491 3173 693 3242 Πατρι,
719 3174 866 3228 ὅταν
892 3175 1242 3242 καταργήσῃ
1279 3172 1489 3228 πᾶσαν
1514 3170 1685 3236 ἐξαυ-

127 3269 248 3322 σίαν
288 3269 384 3323 καὶ
441 3268 718 3338 δύναμιν.
759 3267 854 3322 Δεῖ
899 3267 1011 3338 γὰρ
1068 3266 1255 3324 αὐτὸν
1303 3267 1682 3331 βασιλεύειν,

127 3360 275 3429 ἄχρις
318 3357 387 3418 οὗ
421 3360 500 3430 θῇ
535 3359 767 3426 πάντας
798 3359 942 3424 τοὺς
975 3359 1227 3428 ἐχθροὺς
1250 3358 1370 3413 ὑπὸ
1402 3358 1545 3423 τοὺς
1580 3357 1687 3412 πό-

128 3452 218 3520 tat;
244 3453 445 3509 αὐτοῦ.
471 3455 547 3507 Τὸ
572 3454 650 3518 δὲ,
685 3453 793 3518 δεῖ,
823 3454 937 3512 καὶ.
984 3453 1140 3522 ἄχρι,
1172 3453 1286 3516 καὶ,
1323 3451 1468 3504 ὅταν
1497 3464 1684 3518 παρα-

130 3545 251 3611 διδῷ
295 3546 410 3615 τὴν
452 3547 806 3612 βασιλειαν,
851 3546 1043 3617 χρόνου
1095 3546 1244 3599 ἐστὶν
1287 3545 1534 3616 ὁρισμός.
1575 3542 1686 3596 Καὶ

133 3636 553 3710 βλασφημοῦντες
584 3655 715 3706 φασι
735 3655 748 3668 ·
782 3639 1043 3702 Παύσεως
1085 3637 1179 3691 καὶ
1207 3636 1558 3699 καταλύσεως
1587 3634 1683 3690 τοῦ

134 3730 484 3799 βασιλεῦοντός
516 3733 632 3783 ἐστι
661 3730 834 3786 ταῦτα
873 3729 1165 3802 δηλωτικὰ,
1198 3730 1352 3796 Ἕως
1390 3725 1462 3785 οὗ
1501 3740 1688 3800 παραρ

131 3821 249 3888 didii)
279 3823 388 3891 τὴν
423 3824 760 3888 βασιλείαν
802 3821 882 3889 τῷ
910 3821 1031 3888 Θεῷ
1061 3822 1160 3876 καὶ
1197 3821 1402 3890 Πατρί.
1437 3821 1548 3874 Καὶ
1585 3821 1686 3875 οὐκ

134 3915 285 3967 ἴσασιν
314 3916 373 3980 ὲξ
401 3915 654 3986 ὑπαρχῆς
689 3914 781 3969 τὸν
816 3915 941 3968 νοῦν
967 3915 1070 3984 τῆς
1095 3913 1370 3985 ἀληθείας,
1399 3913 1480 3967 ὅτι
1509 3912 1596 3967 διὰ
1624 3911 1686 3967 τὸ

138 4007 499 4076 μετεσχηκέναι
526 4007 620 4060 τὸν
654 4005 935 4076 Μονογενῆ
980 4004 1180 4076 σαρκὸς
1212 4005 1308 4058 καὶ
1337 4005 1588 4075 αἵματος,
1616 4001 1686 4057 τὰ

134 4093 510 4166 ἀνθρωποπαθῆ
554 4095 680 4166 περὶ
723 4093 910 4156 αὑτοῦ,
951 4093 1174 4164 καὶτῆς
1219 4093 1485 4165 ἐνσάρκου
1520 4089 1685 4146 αὑτοῦ

137 4187 401 4256 παρουσίας
436 4187 823 4258 προσληπτικὰ
865 4186 965 4257 τῆς
995 4186 1152 4256 δόξης
1179 4185 1366 4256 ᾄδεται
1409 4185 1504 4238 καλ⁸
1532 4183 1686 4253 λέγε-

136 4294 232 4331 ται·
268 4278 376 4332 ἀλλ’
408 4279 511 4333 οὐκ
545 4277 702 4341 ἐκτὸς
738 4277 838 4347 τῆς
863 4277 1073 4342 τελείας
1098 4278 1186 4331 ἀεὶ
1222 4278 1316 4331 καὶ
1344 4276 1556 4343 ἐνδόξου
1585 4275 1685 4330 αὐ-

1776 1798 1894 1837 cum
1916 1779 2237 1835 destruxerit
2284 1795 2487 1832 omnem
2526 1778 2902 1846 principatum,
2935 1786 2986 1832 et
3025 1779 3230 1832 ot’nnem
3262 1793 3358 1846 po-

1776 1880 2019 1927 testatem
2079 1887 2141 1924 ac
2193 1870 2456 1923 virtutem.
2495 1867 2710 1936 Oportet
2756 1869 2893 1922 enim
2923 1869 3094 1938 ipsum
3119 1884 3356 1938 regnare,

1774 1963 1938 2016 donec
1955 1970 2113 2032 ponat
2162 1975 2340 2014 omnes
2387 1959 2627 2031 inimicos
2661 1975 2783 2012 suos
2820 1957 2915 2012 sub
2965 1957 3183 2028 pedibus
3222 1959 3356 2014 suis.

1777 2050 2116 2105 Nouissimas
2150 2049 2393 2102 inimicus
2413 2046 2712 2101 destruetur
2732 2064 2896 2102 mors.
2927 2047 3061 2103 Cum
3083 2058 3254 2102 autem
3278 2049 3362 2101 di-

1781 2146 1852 2200 cit
1880 2140 2210 2214 subjicienda
2241 2140 2337 2194 illa
2357 2140 2560 2206 omnia,
2582 2140 2921 2210 manifestum
2944 2150 3023 2198 est
3049 2156 3165 2195 eum
3187 2142 3359 2210 excipi

1776 2233 1866 2304 qui
1891 2230 2170 2302 subjecerit
2225 2230 2328 2300 ipsi
2377 2230 2578 2286 omnia.
2640 2228 2774 2285 Cum
2819 2239 2995 2285 autem
3037 2230 3273 2300 subjecta
3311 2233 3361 2284 ei

1775 2327 1976 2396 fuerint
2005 2325 2204 2389 omnia,
2239 2331 2362 2377 tunc
2391 2331 2441 2377 et
2490 2325 2598 2391 ipse
2621 2319 2794 2376 Filius
2825 2320 3142 2390 subjicietur
3162 2322 3235 2390 ei,
3270 2322 3361 2392 qui

1777 2421 1881 2476 sibi
1897 2419 2112 2490 subjicit
2145 2418 2346 2483 omnia,
2397 2425 2453 2470 ut
2484 2417 2552 2470 sit
2582 2414 2723 2470 Deus
2758 2417 2939 2470 omnia
2971 2416 3028 2470 in
3061 2414 3298 2470 omnibus
3314 2415 3359 2470 ⁸.

1779 2513 1940 2569 Hunc
1973 2526 2105 2583 ergo
2134 2510 2315 2565 locum
2376 2508 2668 2578 arripiunt,
2719 2515 2774 2563 et
2808 2522 2906 2578 pro
2937 2522 3004 2563 eo
3034 2522 3099 2561 ac
3127 2522 3364 2564 consue-

1779 2610 1998 2668 verunt,
2031 2609 2256 2672 propter
2287 2598 2512 2654 insitum
2533 2599 2586 2652 in
2605 2597 2696 2652 Dei
2725 2595 2922 2651 Filium
2950 2597 3134 2652 odium
3170 2597 3365 2652 adver-

1781 2712 1879 2752 sus
1902 2694 2340 2764 inexplicabilem
2395 2706 2459 2746 ac
2485 2689 2826 2758 magniﬁcam
2850 2689 2999 2744 illius
3029 2688 3364 2743 divinitatem

1783 2793 2130 2857 comparant,
2166 2784 2496 2845 incredibili,
2527 2790 2585 2836 ut
2613 2797 2756 2852 saepe
2784 2782 2988 2836 dictum
3018 2789 3122 2843 est,
3152 2781 3366 2836 insania

1783 2877 1998 2950 perciti.
2053 2876 2144 2932 Sic
2178 2877 2344 2947 igitur
2377 2874 2642 2944 objiciunt
2676 2892 2689 2928 :
2723 2871 2887 2942 799
2931 2871 3171 2927 Videsne
3199 2888 3362 2942 quam

1785 2972 1986 3025 diserte
2010 2968 2158 3022 dicat
2191 2985 2205 3022 :
2236 2965 2367 3020 Cum
2394 2975 2658 3034 postremo
2688 2963 2971 3018 tradiderit
3002 2979 3217 3034 regnum
3255 2961 3365 3015 Dea

1789 3062 1964 3127 Patri,
1994 3077 2112 3116 cum
2141 3060 2679 3114 destruxeritomnem
2693 3067 3005 3125 potestatem
3027 3067 3075 3111 et
3102 3058 3366 3111 uirtutem.

1789 3153 2003 3224 Oportet
2033 3153 2171 3207 enim
2205 3151 2376 3218 ipsum
2411 3165 2650 3219 regnare,
2677 3148 2840 3202 donec
2864 3157 3025 3218 ponat
3057 3164 3235 3202 omnes
3262 3147 3369 3201 ini-

1786 3249 1949 3302 micos
2006 3245 2102 3300 sub
2131 3242 2348 3312 pedibus
2384 3243 2594 3309 ipsius?
2636 3239 2736 3295 Ubi
2772 3241 2886 3295 haec
2920 3241 3112 3306 verba,
3145 3249 3367 3308 oportet,

1785 3349 1860 3405 et,
1891 3339 2074 3406 donec,
2100 3346 2175 3404 et,
2205 3354 2323 3391 cum
2351 3335 2629 3389 tradiderit
2652 3351 2890 3406 regnum,
2919 3335 3201 3390 deﬁnitum
3233 3344 3371 3392 tem-

1788 3435 1938 3504 poris
1975 3429 2212 3501 Spatium
2259 3429 2593 3500 signiﬁcant.
2631 3431 2809 3498 Atque
2849 3427 2965 3482 hate
2999 3429 3118 3498 ipsa
3179 3428 3368 3494 verba,

1789 3526 1964 3580 Donec
2012 3523 2296 3578 tradiderit
2356 3538 2573 3592 regnum
2621 3520 2729 3574 Deo
2755 3531 2803 3574 et
2843 3518 3014 3585 Patri,
3043 3520 3249 3576 exitum
3269 3520 3372 3574 ali-

1787 3634 1970 3690 quem,
2004 3616 2275 3686 ﬁnemque
2323 3615 2472 3684 regni
2509 3614 2560 3668 ei
2597 3614 2690 3684 qui
2743 3621 2954 3684 regnat,
2997 3613 3245 3668 accidere
3276 3613 3373 3667 de-

1787 3717 2084 3768 monstrat.
2117 3707 2242 3762 Haac
2275 3707 2351 3761 illi
2383 3722 2478 3776 per
2501 3721 2771 3760 sumn'iam
2796 3706 2848 3758 in
2879 3703 3047 3758 Deum
3089 3712 3372 3759 contume-

1788 3808 1914 3860 liam
1948 3802 2228 3874 jactitant,
2282 3815 2459 3870 neque
2503 3799 2632 3869 quid
2679 3799 2883 3853 veritas
2937 3799 3056 3869 ipsa
3103 3797 3372 3869 signiﬁcet

1789 3898 1900 3952 ullo
1953 3895 2117 3951 modo
2171 3893 2482 3964 percipiunt
2514 3907 2528 3944 :
2557 3892 2811 3945 nimirum
2855 3891 2998 3960 quod
3047 3890 3245 3944 unicus
3278 3889 3370 3944 Dei

1789 3988 1964 4042 Filius
1983 3985 2166 4040 carnis
2183 3998 2247 4037 ac
2277 3981 2563 4053 sanguinis
2586 3982 2858 4048 particeps
2881 3979 3068 4042 fuerit,
3103 3978 3372 4033 humanas

1785 4081 1963 4137 eidem
1993 4077 2332 4139 all‘ectiones,
2367 4089 2540 4144 eaque
2585 4088 2706 4142 quae
2740 4071 2927 4142 gloria:
2957 4071 3246 4141 quamdam
3288 4085 3372 4124 ac-

1789 4172 2099 4229 cessionem
2147 4167 2412 4229 indicant,
2463 4166 2716 4219 humana:
2755 4164 2902 4219 illius
2943 4174 3153 4216 naturae
3181 4161 3367 4227 tribui,

1791 4266 2056 4337 vulgoque
2077 4259 2362 4333 praedicari
2395 4278 2410 4314 :
2441 4258 2584 4328 quod
2631 4265 2812 4310 tamen
2842 4270 2872 4309 a
2902 4255 3138 4326 perfecta
3161 4254 3366 4324 gloriae.

137 4370 212 4422 ¹τοῦ
254 4370 518 4442 θεότητος,
549 4369 652 4440 τῆς
702 4369 865 4440 μηδὲν
907 4368 1226 4440 ὲνδεομένης
1275 4366 1639 4439 προλαᾶέσθαι
1666 4367 1682 4398 ¹

1793 4374 1900 4430 que
1967 4354 2286 4428 plenissima
2342 4350 2630 4405 divinitate
2670 4350 2892 4403 minime
2923 4347 3225 4419 putandum
3262 4356 3368 4400 est.

138 4459 285 4531 δόξης,
317 4461 550 4534 ἐχούσης
577 4461 634 4515 δὲ
657 4460 719 4514 τὸ
751 4460 1265 4530 αὐτοδεδοξασμένον
1308 4459 1404 4513 καὶ
1435 4459 1497 4512 τὸ
1525 4459 1688 4513 αὑτο-

138 4553 330 4607 τέλειον.
369 4552 647 4620 Ὡσαύτως
671 4551 690 4583 ³
708 4549 964 4622 περὶτῶν
985 4549 1079 4604 δύο
1109 4549 1455 4619 ἀπολογεῖται
1484 4549 1688 4620 μερῶν,

141 4647 334 4712 φάσκων
382 4644 514 4718 περὶ
565 4645 663 4715 μὲν
708 4643 804 4696 τοῦ
863 4643 1177 4716 προσφάτου
1199 4659 1213 4674 ο
1272 4641 1547 4706 Δόξασόν
1590 4657 1688 4711 με,

145 4723 436 4806 Πάτερ,λὲν
463 4736 542 4805 τῇ
591 4735 764 4804 δόξῃ,
795 4727 834 4806 ᾖ
871 4730 1039 4804 εἶχον
1066 4733 1227 4802 παρὰ
1279 4734 1377 4787 σοὶ
1420 4734 1534 4802 πρὸ
1583 4734 1691 4788 τοῦ
1735 4720 1740 4724 ’

145 4830 230 4882 τὸν
249 4831 471 4900 κόσμον
495 4829 794 4900 γενέσθαι.
834 4829 893 4880 '0
929 4827 986 4878 δὲ
1014 4825 1222 4896 Πατὴρ,
1261 4825 1282 4856 ⁸
1308 4825 1414 4878 τῶν
1447 4824 1540 4878 δύο
1570 4825 1696 4895 σχέο

148 4938 260 4975 σεων
293 4923 648 4993 ἀπαγγέλλων
679 4921 778 4993 τὴν
821 4920 999 4986 δόξαν,
1035 4920 1163 4988 περὶ
1216 4917 1314 4987 μὲν
1344 4917 1441 4988 τῆς
1470 4916 1694 4990 πρώτης

149 5013 264 5067 κατὰ
287 5017 342 5069 τὸ
383 5015 630 5085 Πνεῦμα,
660 5015 742 5067 ὅτι
783 5011 1098 5076 Ἐδόεασα,
1128 5010 1215 5063 ἵνα
1255 5007 1404 5084 δείξῃ
1436 5011 1498 5064 τὸ
1542 5011 1694 5081 ἀόρι-

151 5123 278 5160 στονο
326 5109 454 5181 περὶ
507 5109 565 5162 δὲ
610 5106 703 5160 τοῦ
758 5105 1095 5179 προσφάτου,
1147 5104 1236 5158 διὰ
1291 5106 1387 5177 τὴν
1435 5105 1698 5177 ἐνσαρκον

152 5202 434 5270 παρουσίαν,
467 5202 550 5255 ὅτι
579 5197 680 5254 καί
705 5197 893 5254 πάλιν
923 5196 1188 5262 δοξάσω.

1795 4453 1928 4519 Quae
1981 4448 2200 4520 quidem
2239 4443 2498 4500 divinitas
2555 4457 2679 4496 cum
2748 4442 2866 4511 ipsa
2911 4455 3008 4510 per
3046 4456 3166 4495 sese
3203 4439 3374 4511 gloria

1796 4545 2021 4619 praedita
2051 4558 2116 4598 ac
2136 4539 2374 4614 perfecta
2404 4539 2496 4601 sit,
2526 4549 2868 4606 nequaquam
2891 4542 3174 4587 externam
3211 4541 3376 4598 atque

1797 4637 2089 4694 ascititiam
2146 4633 2376 4704 gloriam
2423 4627 2672 4699 requirit.
2711 4624 2844 4678 Nam
2882 4632 2937 4679 et
2976 4623 3230 4678 Christus
3260 4623 3375 4693 ipse

1796 4749 1860 4789 ea
1880 4730 2065 4787 verbis
2095 4723 2388 4798 expressit,
2421 4737 2543 4794 quae
2570 4720 2635 4775 ad
2668 4719 2857 4772 ambas
2888 4717 3010 4771 illas
3035 4725 3222 4787 partes
3248 4732 3376 4786 pro-

1795 4820 2121 4896 pugnandas
2168 4818 2443 4890 pertinere
2505 4819 2758 4885 possunt.
2799 4809 2986 4879 Itaque
3028 4809 3095 4863 de
3129 4824 3212 4873 ea,
3255 4824 3376 4879 quae

1797 4916 2069 4974 recentior
2109 4920 2216 4978 est,
2263 4909 2437 4980 accipi
2497 4908 2603 4964 ista
2652 4911 2882 4976 possunt
2915 4919 2928 4955 :
2956 4901 3215 4972 Cleri/ica
3267 4918 3374 4967 me,

1802 5011 1985 5074 Pater,
2035 5023 2098 5061 ea
2151 5005 2346 5076 gloria,
2385 5017 2546 5072 quam
2603 4997 2767 5052 habui
2809 4995 2950 5065 apud
2994 5004 3043 5048 te
3097 5004 3376 5063 antequam

1797 5101 2024 5158 mundus
2055 5101 2204 5170 fieret
2242 5098 2284 5151 °.
2309 5095 2473 5151 Pater
2521 5101 2700 5148 autem
2740 5091 2972 5145 duarum
3002 5085 3225 5157 perinde
3248 5100 3377 5138 con-

1796 5196 2065 5251 ditionum
2120 5199 2176 5246 et
2245 5187 2627 5244 habitudinum
2689 5182 2919 5253 gloriam
2969 5179 3379 5239 demonstrans,

153 5291 208 5345 de
244 5295 408 5364 priore
470 5293 772 5349 secundum
815 5291 1070 5361 spiritum
1119 5291 1200 5347 sic
1254 5289 1501 5361 ιοιιιιίῑιιι·
1536 5287 1691 5361 :Ego
1723 5286 2040 5361 gloriﬁcavi,
2081 5293 2140 5338 ut
2171 5282 2440 5336 inﬁnitum
2467 5276 2726 5350 quiddam
2769 5272 3030 5327 declaret.
3069 5270 3146 5325 De
3200 5285 3384 5324 recen-

157 5385 271 5443 tiore
296 5403 417 5444 vero
463 5399 521 5446 ct
547 5387 803 5444 ,bominis
844 5394 1102 5459 suscepta
1141 5393 1362 5452 natura,
1411 5396 1461 5442 et
1517 5387 1709 5442 iterum
1737 5383 2107 5457 gloriﬁcabo.’
2573 5420 2595 5449 ,

215 5541 230 5572 ‘
252 5540 304 5594 F.
338 5541 816 5614 ὸίνασκευάζοντες.
893 5543 913 5574 ¹
944 5540 1006 5597 F.
1033 5541 1455 5614 [προσλαϐέσθαι.
1524 5541 1544 5573 ³
1568 5540 1644 5606 ὡς
1667 5539 1848 5604 αὑτός.

159 5608 328 5667 ‘Joan.
360 5631 488 5681 xvn,
532 5614 584 5668 5.
661 5612 682 5645 "
713 5611 868 5668 lean.
903 5629 1004 5680 xu,
1027 5608 1117 5668 28.

1928 5536 2166 5591 ‘Dcesse
2199 5531 2445 5587 nonnihil
2467 5527 2738 5597 suspicor.
2819 5526 2839 5557 ⁸
2863 5523 2879 5580 Ι
2905 5524 3029 5580 Cor.
3065 5539 3151 5588 xv,
3189 5519 3384 5576 “25-28.

220 5756 286 5829 (Ξ)
317 5759 568 5831 Λέγουσι
614 5760 724 5832 γὰρ
771 5757 974 5814 πάλιν.
1019 5756 1091 5812 De
1149 5755 1252 5812 hoc
1285 5751 1532 5826 Apostoli
1584 5751 1682 5808 loc:

1797 5746 1863 5803 de
1899 5743 2166 5800 Hilarium
2208 5741 2304 5799 lib.
2332 5756 2384 5795 xu
2425 5738 2502 5794 De
2535 5739 2728 5793 t'rinit.
