3826 6206
414 306 417 307 ν
450 274 555 333 523

1860 273 1919 330 S.
1957 270 2299 332 EPIPHANII

3606 284 3717 342 32$

519 387 750 447 LXXIII.
796 388 874 444 Ex
904 388 1103 461 quibus
1131 388 1394 445 illustrari
1425 404 1489 445 ac
1525 389 1793 453 declarari
1844 400 2024 462 potest

2198 397 2315 453 Ol".
2356 398 2476 451 'lva
2510 398 2603 452 καὶ
2634 395 2871 453 ἐνταῦθα
2898 396 2959 452 τὸ
2988 398 3158 469 σαφὲς
3198 399 3550 472 ἀποδειχθείη
3588 403 3720 474 mp!

452 486 541 540 hic
569 482 814 555 Apostoli
848 483 1003 537 locus
1030 482 1097 536 de
1128 496 1236 551 quo
1269 496 1414 535 nunc
1440 482 1674 553 agimus,
1700 484 1753 537 in
1784 499 1895 553 quo
1924 485 2027 540 du-

451 576 645 646 plieem
683 573 911 643 perinde
960 587 1184 628 sensum
1231 573 1480 627 veritatis
1535 575 1837 642 proposuit.
1890 574 2025 630 Nam

452 668 566 722 lucc
630 667 794 721 verba
822 707 837 732 ,
871 664 1045 718 Donec
1078 663 1357 717 tradiderit
1396 681 1609 735 regnum
1638 665 1747 720 Deo
1773 676 1822 720 et
1850 664 2024 733 Patri,

452 762 518 814 ad
553 759 805 812 humanae
830 765 1058 821 natura,
1096 770 1217 826 qua:
1246 764 1398 811 certo
1427 764 1669 826 tempore
1698 759 1886 827 cmpit,
1919 759 2025 812 ini-

452 856 588 910 tium
635 855 938 911 revocanda
990 860 1139 909 sunt.
1204 851 1469 907 Divinitas
1525 867 1689 921 porro
1736 851 1860 908 Filii
1900 870 2025 908 cum

455 951 609 1007 Patre
673 965 888 1020 semper
936 948 1168 1014 exstitit,
1206 963 1327 1017 qua:
1373 947 1508 1001 nihil
1538 947 1687 1002 aliud
1728 957 1833 1013 est,
1860 964 2023 1019 quam

452 1044 766 1112 unigenitus
814 1042 973 1101 Deus,
1026 1039 1265 1093 Verbum
1312 1054 1341 1090 a
1368 1038 1528 1094 Patre
1559 1040 1677 1095 sine
1706 1042 1817 1095 ullo
1847 1041 2023 1106 initio,

451 1135 536 1187 vel
585 1143 828 1203 tempore
878 1132 1201 1203 procedens.
1265 1132 1483 1202 Alioqui
1529 1132 1805 1202 quomodo
1848 1131 2024 1201 angeli

436 1227 652 1303 dictum
688 1224 819 1278 illud
855 1225 1032 1293 reipsa
1060 1222 1246 1293 perﬁci
1299 1229 1521 1293 posset:
1554 1221 1786 1291 Spiritus
1810 1221 2027 1276 Domini

448 1318 769 1383 superveniet
794 1318 845 1368 in
871 1324 938 1375 te,
976 1324 1025 1368 et
1056 1317 1218 1367 virtus
1250 1315 1514 1369 Altissimi
1547 1314 1878 1367 obumbrabit
1909 1323 1956 1368 te
1976 1314 2027 1366 ’ἵ

450 1411 671 1466 Dixerat
700 1411 844 1465 enim
902 1408 1087 1463 Maria:
1124 1408 1333 1479 Virgini
1369 1425 1382 1461 :
1416 1408 1604 1463 Paries
1632 1410 1826 1478 ﬁlium,
1859 1417 1909 1462 et
1938 1425 2027 1462 vo-

449 1503 592 1556 cabis
621 1518 803 1554 nomen
832 1499 944 1569 ejus
971 1498 1174 1553 Jesum.
1217 1500 1428 1564 Quibus
1453 1500 1700 1554 divinum
1724 1497 1962 1554 Verbum
1995 1513 2026 1553 ε

448 1592 587 1645 cmle
633 1590 911 1659 delapsum
953 1605 1095 1653 esse,
1139 1596 1301 1657 atque
1341 1591 1394 1642 in
1435 1596 1595 1644 utero
1632 1588 1873 1658 Virginis
1904 1604 2026 1643 car-

448 1697 573 1736 nem
610 1679 835 1754 inctum,
874 1679 1279 1749 perfectamque
1332 1680 1570 1733 hominis
1616 1690 1866 1733 naturam
1902 1694 2026 1735 sus-

2129 482 2205 543 ὧν
2226 492 2321 543 καὶ
2348 492 2377 543 ὁ
2407 491 2727 556 Ἀπόστολος
2756 492 2967 564 εἴρηκε,
2999 493 3132 564 περὶ
3172 491 3339 545 αὐτοῦ
3381 492 3577 556 διττῶς
3616 495 3720 565 τὴν

2130 582 2386 652 ἀλήθειαν
2424 583 2833 655 ὑποτιθέμενος.
2882 585 2994 637 Καὶ
3034 584 3116 650 τὸ,
3151 585 3361 652 Ἀχρις
3403 579 3477 640 οὗ
3527 600 3717 655 παρα-

2130 673 2273 739 διδῷ
2297 676 2412 744 τὴν
2430 676 2765 740 ,ϐασιλείαν
2812 675 2894 741 τῷ
2938 675 3061 742 Θεῷ
3104 677 3203 730 καὶ
3245 676 3452 745 Πατρι,
3494 678 3584 731 διὰ
3619 678 3721 748 τὴν

2131 767 2239 820 ἀπὺ
2285 769 2478 839 χρόνου
2508 769 2684 840 ἀρχὴν
2725 768 3026 840 γενομένην
3067 769 3334 839 ὲνσάρκου
3390 768 3716 838 παρουσίας.

2142 859 2207 912 Ἦ
2252 860 2361 931 γὰρ
2400 859 2587 931 θεότης
2613 860 2705 914 τοῦ
2738 858 3079 928 Μονογενοῦς
3108 855 3176 929 ἦν
3223 860 3309 911 ἀεὶ
3358 861 3459 913 σὺν
3512 862 3716 930 Πατρὶ,

2130 950 2267 1020 ὅπερ
2296 951 2412 1002 ἐστὶ
2443 950 2735 1021 μονογενὴς
2752 950 2885 1013 Θεὸς
2906 950 3076 1018 Λόγος
3103 951 3167 1002 ὲκ
3191 948 3404 1020 Πατρὸς
3438 948 3719 1018 προελθὼν

2131 1044 2381 1114 ἁνάρχως
2412 1046 2506 1097 καὶ
2550 1044 2815 1115 ἀχρὸνως.
2864 1043 3024 1095 Ἐπεὶ
3048 1042 3167 1106 πῶς
3204 1042 3633 1112 πληρωθήσεται
3661 1040 3720 1093 τὸ

2133 1136 2294 1207 ῥηθὲν
2323 1136 2427 1188 ὑπὸ
2470 1134 2564 1188 τοῦ
2610 1134 2862 1204 ἀγγέλου,
2894 1134 2957 1186 τὸ
2984 1175 2999 1193 .
3054 1134 3295 1202 Πνεῦμα
3339 1134 3571 1200 Κυρίου
3609 1132 3718 1184 ἐπ-

2130 1226 2439 1281 ελεύσεται
2464 1227 2564 1281 ἐπὶ
2603 1226 2699 1290 σὲ,
2724 1226 2823 1279 καὶ
2845 1224 3097 1294 δύναμις
3140 1226 3424 1294 Ὑψίστου
3452 1222 3715 1278 ἐπισκιά-

2131 1336 2226 1374 σει
2268 1336 2402 1383 σοι;
2444 1320 2767 1391 Ἐπειδήπερ
2794 1318 2977 1387 ἔλεγεν
3021 1319 3158 1388 αὐτῇ
3187 1332 3202 1347 ⁶
3255 1318 3404 1385 Τέξῃ
3430 1318 3587 1381 υἱὸν,
3619 1320 3719 1370 καὶ

2131 1410 2413 1477 καλέσεις
2465 1410 2531 1462 τὸ
2575 1410 2763 1478 ὄνομα
2819 1409 3016 1463 ἀὐτοῦ
3086 1408 3354 1475 Ἰησοῦνο
3426 1409 3515 1460 ἵνα
3568 1409 3715 1479 δείξῃ

2131 1502 2337 1556 ἄνωθεν
2372 1502 2462 1554 τὸν
2489 1501 2621 1554 Θεὸν
2653 1502 2825 1568 Λόγον
2854 1500 3275 1570 κατεληλυθότα,
3318 1498 3416 1553 καὶ
3442 1500 3502 1551 ὲν
3537 1502 3721 1570 μήτρα

2130 1594 2228 1664 τῆς
2262 1594 2431 1663 αὐτῆς
2465 1592 2742 1663 Παρθένου
2788 1591 3158 1662 σαρκωθέντα,
3190 1592 3283 1644 καὶ
3307 1589 3535 1652 τελείως
3570 1591 3722 1642 ἐναν-

2132 1686 2502 1758 Θρωπήσαντα
2519 1702 2536 1718 ·
2566 1685 2652 1737 ἴνα
2686 1682 2761 1754 μὴ
2786 1684 2997 1754 διορὶσῃ
3026 1683 3123 1753 τὴν
3148 1681 3414 1751 ἐνσαρκον
3438 1681 3722 1734 et:ka

448 1774 663 1844 cepisse
699 1782 1053 1838 monstraret,
1081 1781 1140 1827 ut
1164 1790 1231 1828 ne
1259 1772 1556 1843 perfectam
1592 1773 1840 1841 corporis
1868 1781 2025 1826 natu-

2137 1779 2238 1831 ἀπὸ
2268 1778 2370 1846 τῆς
2412 1776 2595 1829 ἐνθέου
2636 1775 2986 1837 τελειώσεως,
3046 1774 3183 1845 μετά
3226 1773 3554 1843 προσθήκης
3602 1771 3720 1834 τοῦ,

446 1881 562 1919 ram
589 1880 618 1919 a
652 1864 888 1935 perfecta
910 1864 1190 1918 divinitate
1230 1871 1563 1919 secerneret.
1584 1862 1766 1928 Quare
1795 1863 2028 1918 subinde

447 1958 579 2013 illud
611 1957 807 2026 adjecit
825 1956 1109 2027 eidemque
1141 1956 1279 2009 dixit
1310 1972 1323 2007 :
1355 1956 1521 2025 800
1558 1954 1782 2025 Ideoque
1810 1966 1859 2009 et
1890 1954 2025 2025 quod

448 2062 693 2105 nascetur
752 2060 991 2105 sanciunt
1047 2046 1319 2103 i'ocabitur
1366 2049 1539 2102 Filius
1598 2048 1716 2102 Dei.
1775 2047 2027 2103 Deinde:

448 2141 605 2196 Dabit
627 2143 674 2196 ei
704 2141 841 2195 Deus
863 2142 1035 2196 sedem
1077 2140 1246 2194 David
1274 2142 1443 2208 patris
1467 2141 1603 2209 ejus,
1630 2150 1679 2194 et
1704 2141 1950 2211 ,regnabit
1973 2143 2029 2195 in

446 2234 602 2288 domo
627 2233 793 2287 Iacob
826 2236 879 2287 in
911 2243 1185 2297 wternum,
1230 2242 1279 2286 et
1308 2234 1450 2302 regni
1482 2232 1594 2301 ejus
1632 2248 1732 2286 non
1764 2233 1859 2284 erit
1880 2232 2027 2301 ﬁnis.

445 2325 806 2391 Quamobrem
839 2341 961 2378 cum
1009 2324 1124 2377 ὶιαξο
1157 2324 1318 2376 ambo
1365 2323 1467 2377 sibi
1515 2321 1748 2375 invicem
1778 2322 2029 2390 opposita

444 2433 568 2473 esse
616 2418 930 2475 videantur,
972 2415 1225 2469 videlicet
1260 2430 1272 2464 :
1316 2412 1532 2481 Oportet
1571 2413 1741 2479 ipsum
1789 2427 2027 2481 regnare,

444 2511 631 2573 donec,
652 2520 784 2575 etc.;
819 2520 891 2572 et,
921 2507 1172 2579 Regnabit
1209 2508 1364 2560 domo
1397 2504 1565 2559 Jacob
1598 2506 1651 2558 in
1685 2505 1903 2565 stecula,
1936 2503 2028 2556 ubi

444 2601 847 2659 observandum
914 2611 1023 2662 est,
1073 2601 1125 2653 in
1181 2599 1399 2662 swcula,
1451 2613 1581 2659 non,
1639 2597 1691 2651 in
1745 2597 2025 2658 saeculum,

444 2696 668 2750 dixisse.
724 2694 856 2748 ltem
888 2709 1011 2747 cum
1041 2691 1193 2755 illud,
1220 2689 1353 2746 Cum
1373 2690 1649 2743 tradiderit
1680 2705 1895 2757 regnum
1921 2687 2028 2742 Deo

441 2797 490 2840 et
526 2785 697 2848 Patri,
727 2784 853 2838 huic
881 2785 1215 2838 contrarium
1242 2782 1331 2845 sit,
1378 2780 1443 2833 Et
1477 2781 1622 2850 regni
1649 2780 1763 2849 ejus
1796 2797 1899 2833 non
1930 2780 2030 2833 erit

449 2881 601 2942 ﬁnis;
629 2878 1002 2947 cumque-th
1031 2878 1190 2929 ambo
1230 2874 1296 2927 de
1320 2873 1542 2927 Christo
1589 2873 1816 2928 Domino
1848 2873 2031 2928 idonei

440 2989 504 3026 ac
532 2972 635 3026 [ide
660 2972 806 3039 digni
832 2978 1085 3023 auctores
1106 2975 1355 3023 asserant
1400 2968 1547 3037 (nam
1584 2976 1636 3020 et
1669 2967 1895 3035 angelus
1926 2965 2031 3020 Ga-

2130 1870 2231 1924 καὶ
2274 1870 2485 1937 ἔλεγεν
2532 1867 2686 1935 αὺτῄ
2710 1886 2723 1898 θ
2752 1868 2848 1921 Διὸ
2894 1866 2993 1919 καὶ
3031 1866 3097 1919 τὸ
3136 1865 3518 1935 γεννώμενον
3552 1863 3725 1931 ἄτιον

2128 1960 2494 2027 κληθήσεται
2526 1958 2653 2023 Υἱὸς
2685 1956 2853 2011 Θεοῦ.
2897 1952 3030 2010 Εἶτα
3054 1972 3068 1987 ⁸
3098 1954 3283 2010 Δὼσει
3307 1953 3474 2019 αὐτῷ
3508 1957 3542 2007 ό
3579 1952 3723 2019 Θεὸς

2130 2054 2237 2105 τὸν
2265 2053 2483 2120 θρόνον
2516 2049 2696 2103 Δαϐὶδ
2742 2048 2851 2103 τοῦ
2885 2049 3109 2116 πατρὸς
3137 2047 3348 2112 αὐτοῦ,
3401 2045 3507 2099 καὶ
3550 2046 3725 2109 ,βασι-

2128 2148 2337 2201 λεύσει
2386 2145 2485 2198 ἐπὶ
2520 2144 2628 2197 τὸν
2678 2140 2848 2197 οἷκον
2896 2142 3097 2196 Ἰακὼϐ
3145 2143 3232 2207 είς
3273 2139 3420 2206 τοὺς
3475 2138 3719 2205 αὶιῖινας,

2130 2239 2231 2293 καὶ
2268 2239 2377 2308 τῆς
2404 2238 2728 2303 βασιλείας
2768 2234 2955 2290 αὐτοῦ
2984 2236 3096 2288 οὐκ
3140 2234 3313 2288 ἔσται
3349 2234 3554 2297 τέλος.
3603 2234 3721 2284 ’Av-

2130 2331 2643 2401 τιδιαστελλομένωδ
2668 2328 2847 2382 τοίνυν
2880 2329 3085 2381 τούτων
3130 2326 3358 2396 Θατέρου
3392 2326 3536 2395 πρὸς
3568 2324 3722 2377 ϐατε-

2136 2442 2246 2494 ρον,
2276 2424 2356 2487 τὸ,
2388 2422 2489 2475 Δεῖ
2508 2422 2697 2476 αὐτὸν
2717 2419 3075 2484 βασιλεύειν
3102 2419 3277 2487 ἄχρις
3302 2414 3375 2473 οὗ
3410 2434 3424 2447 ·
3460 2418 3580 2481 καὶ,
3619 2420 3722 2469 Ba-

2131 2516 2408 2569 σιλεύσει
2439 2514 2539 2567 ἐπὶ
2585 2512 2692 2566 τὸν
2728 2510 2899 2567 οἷκον
2938 2511 3148 2567 Ἰακὼϐ
3180 2514 3268 2578 είς
3298 2510 3443 2575 τοὺς
3476 2510 3719 2574 αἰῶνας.

2134 2607 2243 2658 Καὶ
2267 2605 2366 2658 οὐκ
2393 2602 2567 2668 εἶπεν,
2598 2606 2679 2667 εἰς
2718 2604 2810 2657 τὸν
2854 2603 3025 2657 αἰῶνα
3058 2602 3242 2672 μόνον,
3276 2602 3415 2665 ἀλλ’,
3444 2604 3539 2667 είς
3582 2601 3723 2663 τοὺς

2132 2699 2355 2765 αἰῶνας
2378 2714 2392 2729 °
2441 2699 2537 2751 καὶ
2572 2698 2736 2753 πάλιν
2758 2698 2837 2765 τὸ,
2863 2698 3043 2751 Ὅταν
3066 2695 3371 2765 παραδιδῷ
3400 2695 3521 2763 τὴν
3549 2695 3723 2759 ,ϐασι-

2130 2792 2304 2846 λείαν
2328 2790 2409 2857 τῷ
2437 2788 2560 2856 Θεῷ
2586 2790 2684 2843 καὶ
2701 2790 2906 2858 Πατρὶ,
2924 2786 3481 2859 ἀπιπαρατιθέμενον
3509 2787 3599 2847 τὸ,
3616 2784 3723 2838 Καὶ

2131 2883 2244 2951 τῆς
2265 2882 2589 2949 βασιλείας
2632 2881 2819 2936 αὑτοῦ
2852 2883 2963 2935 οὐκ
2996 2881 3169 2935 ἔσται
3222 2879 3429 2945 τέλος·
3474 2879 3722 2948 ἀμφοτὲ-

2135 2993 2245 3047 ρων
2277 2975 2333 3027 δὲ
2359 2975 2429 3027 τὰ
2455 2973 2682 3028 τοιαῦτα
2715 2974 2844 3045 περὶ
2879 2972 3082 3043 Κυρίου
3116 2972 3211 3024 καὶ
3246 2971 3486 3040 Χριστοῦ
3516 2970 3723 3039 φησάν-

444 3065 577 3119 briel
609 3072 837 3117 sanctus
862 3070 967 3124 est,
999 3070 1055 3114 et
1084 3061 1383 3128 Apostolus
1410 3060 1598 3113 divino
1631 3058 1842 3128 Spiritu
1879 3059 2025 3113 allia-

2137 3084 2260 3130 των,
2307 3066 2635 3131 ἀξιοπίστων
2682 3064 2938 3117 ἁπάντων
2984 3063 3154 3116 ὄντων
3194 3060 3310 3133 (τοῦ
3354 3061 3454 3130 μὲν
3486 3059 3718 3129 ἀγγέλου

442 3156 576 3221 tus),
610 3151 741 3222 quid
781 3151 952 3205 nostri
1008 3150 1083 3202 illi
1130 3149 1310 3203 vitalis
1342 3164 1403 3202 ac
1443 3148 1702 3203 salutaris
1730 3148 1876 3203 illius
1907 3164 2027 3220 my-

443 3247 594 3301 sterii
624 3246 784 3313 plano
818 3242 1057 3313 imperiti
1089 3242 1368 3295 dixerint?
1408 3240 1677 3296 Utrumne
1744 3241 2028 3312 Scriptura

441 3352 629 3393 secum
684 3336 801 3405 ipsa
842 3343 1064 3405 pugnat,
1112 3349 1232 3403 qua:
1283 3349 1561 3403 nunquam
1611 3348 1640 3386 a
1675 3334 1901 3388 veritate
1932 3332 2029 3387 de-

441 3428 653 3483 ﬂectit?
701 3428 926 3481 Minime
976 3440 1125 3480 vero.
1179 3424 1306 3488 Sed,
1361 3432 1421 3477 ut
1477 3433 1635 3479 antea
1687 3424 2026 3486 dicebamus,

442 3528 663 3591 propter
685 3519 831 3573 illam
862 3518 1113 3570 hmuaua:
1136 3526 1344 3568 natura
1377 3514 1767 3580 conditionem,
1789 3531 1911 3585 qua:
1940 3530 2031 3569 ac-

440 3612 705 3667 cessionis
733 3624 903 3679 capax
918 3596 1021 3670 est,
1040 3617 1406 3662 consentanee
1425 3608 1608 3660 omnia
1637 3608 2028 3677 aptissimeque

439 3704 735 3757 cohzerent.
790 3700 1003 3755 Etenim
1028 3700 1073 3754 si
1111 3715 1335 3769 regnum
1377 3710 1526 3755 certo
1569 3700 1753 3769 aliquo
1785 3708 2031 3771 tempore

441 3793 746 3846 traditurus
787 3803 890 3855 est,
913 3805 1256 3859 consequens
1306 3798 1411 3855 est,
1448 3798 1504 3843 ut
1548 3791 1789 3844 nondum
1822 3797 2027 3860 regnet.

441 3885 598 3952 Quod
630 3886 674 3939 si
701 3884 775 3937 ita
804 3891 909 3948 est,
946 3898 1042 3935 cur
1077 3883 1283 3952 angelis
1306 3891 1356 3937 et
1377 3881 1717 3952 archangelis
1737 3889 1848 3934 tam
1883 3890 2027 3946 ante,

443 3992 607 4047 quam
653 3984 775 4046 post
824 3974 1257 4029 incarnationem
1300 3974 1561 4028 adoratus
1604 3987 1727 4027 esse
1770 3979 2030 4043 perpetuo

442 4068 685 4122 dicitur?
716 4066 788 4122 De
804 4082 869 4121 eo
899 4066 1102 4137 quippe
1136 4064 1419 4137 Scriptura
1462 4073 1693 4120 testatur
1728 4062 1901 4119 :Cum
1956 4066 2034 4117 in-

437 4164 650 4215 duceret
676 4160 1079 4230 primogenitum
1101 4158 1154 4211 in
1177 4156 1352 4211 orbem
1377 4166 1637 4211 terrarum
1658 4156 1858 4210 dictum
1885 4172 2029 4211 esse:

440 4254 510 4309 Et
550 4254 770 4308 adorent
825 4269 941 4308 eum
994 4269 1172 4307 omnes
1216 4253 1391 4325 angeli
1449 4252 1546 4308 Dei
1575 4255 1617 4306 ³.
1656 4252 1790 4309 Item
1826 4271 1841 4308 :
1874 4251 2030 4308 Sedet

438 4353 511 4407 ad
540 4352 813 4407 dexteram
842 4351 1030 4404 Patris
1060 4350 1101 4402 ³.

515 4532 744 4588 Deinde:
767 4531 957 4586 Coram
990 4532 1085 4585 illo
1106 4532 1345 4601 ﬂectetur
1373 4549 1523 4587 omne
1549 4550 1683 4604 genu
1712 4534 2020 4597 caelestium,

442 4625 772 4680 terrestrium
793 4633 839 4677 et
875 4624 1248 4691 inferuorum‘.
1282 4624 1519 4680 Necesse
1547 4635 1631 4681 est
1664 4626 1829 4697 igitur
1847 4624 2023 4695 utqui

440 4716 511 4771 ab
543 4715 798 4770 omnibus
843 4715 1120 4779 adoretur,
1164 4724 1425 4786 perpetuo
1471 4732 1698 4787 regnum
1756 4718 2023 4772 obtineat.

439 4807 559 4863 Jam
583 4822 710 4863 vero
746 4823 871 4863 cum
898 4816 1159 4878 perpetuo
1186 4822 1352 4877 penes
1378 4805 1575 4862 Filium
1609 4809 1719 4877 jam
1744 4809 1873 4863 olim
1906 4808 2026 4863 fue-

441 4902 534 4966 rit,
567 4909 621 4956 et
648 4901 806 4957 modo
830 4901 924 4965 sit,
946 4906 1000 4956 et
1024 4899 1282 4971 deinceps
1314 4901 1383 4955 sit
1402 4902 1547 4972 regia
1575 4901 1755 4956 futura
1783 4910 2027 4973 potestas

440 4995 903 5067 (quandoquidem
951 5009 1181 5065 regnum
1250 4992 1396 5048 Patri
1470 4995 1713 5049 nondum
1763 4995 2030 5065 tradidit),

440 5089 575 5160 quid
606 5088 825 5144 tandem
850 5086 1331 5143 exisﬁmabimus?
1355 5084 1643 5143 Patremne
1670 5087 1737 5142 ab
1759 5102 1928 5158 regno
1954 5089 2032 5142 in-

437 5184 597 5238 terim
632 5180 963 5237 exclusum?
992 5179 1213 5233 Minime
1267 5193 1420 5233 vero.
1451 5178 1664 5249 Regnat
1706 5180 1851 5233 enim
1907 5195 2031 5235 cum

438 5278 599 5331 Patre
623 5274 817 5340 Filius,
850 5283 903 5329 et
928 5289 1053 5329 cum
1079 5272 1242 5338 Filio,
1275 5287 1339 5326 ac
1370 5269 1578 5341 Spiritu
1615 5282 1811 5328 sancto
1845 5272 2027 5327 Pater.

440 5368 545 5423 Sed
585 5368 717 5438 quid
742 5365 1146 5422 asseruntisti?
1185 5362 1318 5419 Cum
1351 5364 1629 5419 tradiderit
1669 5382 1885 5436 regnum
1917 5365 2027 5420 Deo

435 5472 483 5511 et
520 5458 692 5523 Patri,
745 5475 873 5513 num
912 5472 1140 5527 regnare
1174 5458 1423 5512 desinet?
1461 5456 1816 5528 Nequaquam
1849 5466 2018 5513 certe.

438 5550 719 5616 Quomodo
745 5550 886 5604 enim
915 5564 1102 5602 verum
1130 5549 1259 5604 illud
1288 5560 1431 5605 esset
1462 5550 1639 5621 angeli
1672 5565 2019 5619 responsum:

508 5704 528 5739 ί
563 5703 693 5760 Luc.
723 5719 759 5769 ι,
786 5704 855 5758 ’55
892 5720 1012 5774 sqq.

2135 3160 2175 3211 Γ
2179 3157 2374 3229 αὸριὴλ
2404 3158 2560 3226 ἁγίου
2588 3157 2758 3220 ὄντος,
2785 3154 2878 3207 τοῦ
2912 3155 2969 3207 δὲ
2998 3155 3154 3221 ἁγίου
3198 3151 3526 3206 Ἀποστόλου
3566 3170 3718 3204 πνευν

2140 3242 2443 3322 ματοξρόρου
2494 3248 2694 3317 ὄντος),
2739 3248 2793 3299 τι
2844 3247 2909 3300 ἂν
2963 3247 3198 3317 φαίησαν
3236 3244 3287 3296 οἱ
3326 3244 3428 3313 τῆς
3483 3241 3724 3306 ζωτικῆς

2137 3341 2520 3414 πραγματείας
2570 3341 2873 3408 animarat;
2926 3338 3011 3407 Μὴ
3055 3337 3163 3407 ἄρα
3214 3334 3494 3397 ἀντίθετος
3550 3335 3640 3405 εἴη
3697 3336 3720 3401 ἢ

2136 3435 2327 3506 Γραφὴ
2356 3434 2491 3501 πρὸς
2524 3433 2723 3503 ἑαυτὴν
2752 3431 2819 3484 τα
2852 3432 3026 3485 πάντα
3074 3430 3161 3483 ἀεὶ
3204 3428 3585 3497 ἀληθεύουσα;
3638 3426 3724 3497 Μὴ

2136 3524 2630 3595 γένοιτοῐἈλλ⁹ὼς
2656 3524 2909 3595 ἀπαρχῆς
2939 3524 3186 3593 εἴπομεν,
3228 3519 3316 3573 διὰ
3358 3519 3422 3572 τὸ
3483 3518 3723 3590 προσληη

2137 3617 2327 3670 πτικὺν
2345 3617 2441 3687 τῆς
2465 3615 2947 3687 ἐνανορωπήσεως.
2967 3613 3033 3667 τὰ
3058 3612 3233 3667 πάντα
3249 3610 3361 3681 ἔχει
3382 3610 3483 3680 τῆς
3498 3610 3722 3678 εὐλόγου

2137 3707 2473 3772 ἀκολουθίας.
2509 3708 2571 3761 Εἰ
2600 3706 2708 3779 γὰρ
2752 3705 3086 3778 παραδίδωσι
3129 3704 3190 3755 τὸ
3219 3702 3493 3773 βασίλειον
3520 3703 3718 3772 “Imp,

2136 3801 2244 3872 ἄρα
2273 3800 2366 3853 νῦν
2404 3799 2525 3852 οὐδὲ
2573 3798 2865 3867 βασιλεύει.
2906 3798 2969 3849 Εἰ
2995 3796 3051 3848 δὲ
3083 3794 3235 3848 οὔπω
3270 3793 3574 3863 βασιλεύει,
3609 3792 3721 3852 πῶς

2137 3893 2452 3963 εὑρίσκεται
2479 3888 2945 3962 προσκυνούμενος
2973 3886 3061 3939 ἀεὶ
3088 3884 3194 3937 ὑπὸ
3216 3884 3323 3936 τῶν
3356 3884 3612 3951 ἀγγέλων
3633 3884 3720 3937 καὶ

2137 3984 2493 4054 ἀρχαγγέλων
2520 3984 2625 4054 πρὸ
2652 3982 2750 4051 τῆς
2791 3980 3055 4050 ὲνσάρκου
3087 3977 3387 4048 παρουσίας
3432 3977 3528 4029 καὶ
3579 3977 3638 4029 ὲν
3658 3979 3718 4047 τῇ

2138 4081 2386 4152 ὲνσάρκῳ
2406 4079 2674 4151 παρουσίᾳ
2694 4095 2706 4139 ;
2729 4077 2853 4147 ὠςὴ
2876 4074 3066 4147 Γραφὴ
3090 4073 3238 4141 λέγει
3270 4073 3398 4143 περὶ
3414 4072 3611 4136 αὑτοῦ,
3642 4073 3716 4125 ὅτι

2142 4174 2326 4226 Ὅταν
2346 4169 2637 4241 εἰσαγάγῃ
2658 4168 2767 4222 τὸν
2795 4165 3173 4236 πρωτότοκον
3193 4165 3279 4229 εις
3304 4162 3417 4230 τὴν
3450 4160 3719 4231 οὶκουμέ·

2136 4282 2274 4331 νην,
2300 4262 2598 4333 λέγουσα’
2626 4260 2735 4314 Καὶ
2757 4255 3358 4325 προσκυνησάτωσαν
3384 4252 3551 4319 αὐτῷ
3579 4254 3719 4309 πάν-

2139 4371 2237 4420 τες
2270 4354 2510 4423 ἄγγελοι
2541 4349 2688 4405 Θεοῦ
2710 4366 2725 4380 ·
2757 4349 2853 4402 καὶ
2874 4346 3037 4399 πάλιν
3056 4363 3069 4376 ·
3106 4343 3422 4398 Ἐκάθισεν
3450 4345 3526 4397 ἐν
3552 4341 3715 4411 δεξιᾷ

2060 4453 2101 4507 D
2132 4447 2239 4503 τοῦ
2266 4446 2514 4513 Πατρός.

2203 4537 2311 4589 Καί
2342 4552 2530 4606 φησιν,
2553 4532 2719 4599 Αὐτῷ
2746 4534 2966 4603 κάμψει
2995 4532 3119 4589 πᾶν
3145 4532 3291 4602 γόνυ
3322 4528 3715 4598 ἐπουρανίων,

2131 4630 2235 4683 παὶ
2268 4630 2561 4698 ἐπιγείων,
2580 4628 2678 4682 καὶ
2702 4628 3127 4697 καταχθονίων.
3162 4628 3304 4696 Ἄρα
3328 4620 3423 4678 οὖν
3447 4623 3715 4695 βασιλεύει

2132 4722 2219 4773 ἀεὶ
2250 4722 2279 4773 ὁ
2313 4720 2418 4773 ὑπὸ
2449 4722 2665 4774 πάντων
2702 4718 3194 4790 προσκυνούμενος.
3228 4717 3293 4770 Ti
3318 4713 3414 4770 οὖν
3442 4718 3714 4787 εἶπωμενξ

2132 4814 2240 4867 Τοῦ
2273 4814 2404 4867 Υἱοῦ
2450 4815 2536 4868 ἀεὶ
2581 4813 2976 4884 βασιλεύοντος,
3022 4812 3131 4865 ἀπὸ
3157 4810 3263 4863 τῶν
3307 4810 3597 4873 ἀνέκαθεν,
3630 4812 3717 4863 καὶ

2135 4905 2252 4971 νῦν,
2295 4908 2389 4959 καὶ
2442 4909 2521 4971 εἰς
2548 4907 2607 4960 τὸ
2655 4907 2801 4978 ἑξῆς,
2850 4906 2972 4959 ἐπεὶ
3008 4905 3232 4975 μηδέπω
3283 4904 3573 4975 παρέδωκε
3625 4903 3716 4972 τὴν

2138 4999 2414 5068 βασιλείαν
2445 4999 2524 5069 τῷ
2553 5000 2748 5070 Πατρὶ,
2777 4994 2888 5070 ἆρα
2916 4998 3070 5060 ἐκτός
3108 4999 3222 5050 ἐστι
3270 4996 3363 5049 τοῦ
3416 4996 3717 5067 βασιλεύειν

2135 5093 2165 5145 ὁ
2204 5092 2429 5163 Πατήρ;
2461 5092 2552 5163 Μὴ
2586 5091 2822 5158 γένοιτοῑ
2863 5091 3019 5143 Ἐστι
3047 5088 3157 5161 γὰρ
3197 5090 3312 5161 ἅμα
3357 5090 3536 5160 Πατρὶ
3568 5090 3715 5159 βασι-

2138 5184 2329 5249 λεύων,
2378 5183 2473 5237 καὶ
2526 5184 2714 5257 Πατὴρ
2766 5184 2883 5254 ἅμα
2934 5183 3049 5254 Υἱῷ
3098 5184 3193 5237 xa‘t
3224 5172 3371 5253 ἆγίῳ
3418 5184 3712 5254 Πνεῦματι.

2149 5276 2309 5330 Ἀλλά
2364 5277 2416 5327 τί
2449 5276 2739 5343 λέγουσιν;
2775 5274 2958 5331 Ὅταν
2977 5274 3276 5346 παραδιδῷ
3296 5274 3363 5328 τὸ
3398 5277 3716 5341 ,βασίλειον

2133 5368 2213 5434 τῷ
2248 5367 2371 5433 Θεῷ
2426 5368 2525 5421 καὶ
2558 5367 2762 5437 "arpi,
2795 5367 3031 5422 παύεται
3069 5367 3230 5430 αὐτὸς
3254 5366 3346 5420 τοῦ
3379 5366 3713 5437 βασιλεύειν;

2130 5461 2221 5531 Μὴ
2265 5459 2505 5528 γένοιτοί
2549 5461 2701 5513 Ἐπεὶ
2736 5459 2850 5525 πῶς
2882 5460 3187 5531 πληροῦται
3219 5459 3298 5521 τὸ,
3332 5460 3438 5513 Καὶ
3476 5459 3588 5529 τῆς
3610 5458 3715 5522 ,βα-

2131 5551 2365 5615 σιλείας
2395 5549 2582 5604 αὺτοῦ
2617 5552 2728 5604 οὐκ
2759 5552 2955 5605 ἔσται,
2982 5549 3193 5615 τέλος;
3240 5549 3378 5603 Ἀλλ’
3415 5550 3505 5603 ἵνα
3549 5549 3715 5621 δείξῃ,

1092 5708 1110 5736 ³
1134 5704 1297 5761 llehr.
1334 5722 1371 5773 ι,
1403 5706 1477 5771 6;
1514 5705 1658 5760 Psal.
1698 5721 1836 5770 xcw,
1867 5705 1917 5757 7.
1998 5706 2013 5736 ³

2137 5709 2206 5759 br.
2241 5723 2276 5772 ι,
2306 5706 2357 5760 5.
2440 5710 2458 5738 ⁸
2491 5706 2723 5776 Philipp.
2764 5723 2821 5771 ιι,
2848 5707 2939 5760 10.
