3826 6206
131 256 237 312 325

870 254 960 310 AD
969 253 1242 313 VERSUS
1281 253 1396 310 ΗΕ
1405 253 1626 311 RESES
1665 254 1706 309 Ι.

1837 255 1903 312 ll.
1948 257 2115 316 ΤΟΜ.
2165 259 2306 314 ll.-—
2344 259 2623 318 HERES.
2665 261 2858 324 LXIX.

3319 271 3426 330 328

131 373 214 426 ἔτι
257 373 422 426 οῦδὲν
470 374 526 428 ὲν
565 372 642 446 τῷ
684 372 800 444 Υίῷ
848 374 1226 448 πεπλήρωται,
1259 373 1384 428 οὔτε
1429 373 1706 446 πληροῦται

1840 375 1905 428 Ει
1933 379 2082 449 regni
2105 377 2218 448 ejus
2236 395 2338 434 non
2359 382 2458 435 erit
2480 383 2602 450 finis
2622 385 2648 437 ?
2677 381 2786 438 Hoc
2813 385 2978 455 igitur
2995 387 3300 459 signiﬁcare
3329 407 3426 446 vo-

135 460 445 532 ἀφηνιάζον
520 463 614 518 καὶ
663 462 864 530 ἰδιάζον
911 466 1012 537 τῆς
1066 464 1160 519 τοῦ
1211 465 1424 536 Πατρὸς
1469 465 1736 531 ἐνώσεωςν

1843 462 1944 517 luit
1994 465 2311 535 Apostolus,
2337 467 2473 522 nihil
2526 468 2804 540 impletum
2855 473 2908 527 in
2959 474 3113 539 Filio,
3145 480 3425 550 imple’rivc

135 553 224 604 καὶ
261 554 390 618 ἐνὸς
448 555 752 626 θελήματος
795 555 1030 630 Πατρὸς,
1083 557 1177 610 καὶ
1231 557 1388 622 Υῑοῦ,
1437 558 1534 611 καὶ
1580 558 1706 627 ἀγίοη

1840 557 1984 625 quod
2031 571 2061 610 a
2117 566 2343 628 paterna
2399 559 2559 629 801
2611 564 3040 628 conjunctione,
3092 575 3255 639 alque
3311 585 3422 625 una

137 643 480 716 Πνεῦματος.
529 647 776 718 Ὀρῶμεν
820 647 929 718 γὰρ
959 647 1054 701 καὶ
1087 646 1324 701 ἐνταῦθα
1358 646 1434 712 ὡς
1467 647 1596 717 περὶ⁵
1635 648 1736 702 αὐ-

1837 645 2137 718 eademque
2175 647 2378 714 Patris,
2407 659 2458 704 et
2483 649 2627 714 Filii,
2662 659 2716 706 et
2749 651 2986 724 Spiritus
3021 659 3198 712 sancti
3227 661 3420 714 volun-

133 735 226 788 τοῦ
253 737 352 790 τοῦ
387 736 520 791 Υἱοῠ
550 738 842 810 εἰρημένου
879 739 918 802 ι,
974 739 1058 791 ὅτι
1089 738 1266 790 Ὅταν
1289 737 1591 808 παραδιδῷ
1619 739 1706 808 rip

1837 747 1948 794 tate
1973 740 2293 811 discrepans
2327 743 2418 806 sit,
2455 751 2549 796 aut
2582 743 2915 816 sejunctum.
2943 746 3223 817 Siquidem
3245 752 3424 807 ethoc

127 827 470 890 ,ϐασιλείαν
499 828 578 894 τῷ
630 829 752 894 Θεῷ
786 829 882 882 καὶ
931 829 1136 898 "arpi,
1183 829 1331 883 ὅταν
1378 831 1706 900 tiaram-tio;

1833 830 1956 884 loco
1996 831 2064 886 de
2118 831 2258 888 Filio
2285 835 2405 904 ipso
2449 836 2654 890 dictum
2705 838 3235 894 animadvertimus:
3287 843 3419 897 Cum

133 915 341 971 πᾶσαν
383 919 609 988 ἀρχὴν,
654 921 754 973 καὶ
794 921 1106 986 ἐξουσίαν,
1167 921 1264 974 και
1317 921 1606 991 δύναμιν·
1655 923 1732 987 ὡς

1833 919 2114 974 tradiderit
2164 938 2382 992 regnum
2438 923 2546 978 Deo
2587 934 2635 980 et
2687 924 2879 989 Patri,
2939 945 3058 982 cum
3100 929 3419 986 destruxerit

129 1007 292 1060 αὑτοῦ
350 1009 455 1061 τοῦ
501 1009 632 1062 Υίοῦ
683 1010 1066 1081 παραδιδόντος
1134 1013 1234 1083 τὴν
1283 1011 1582 1082 βασιλείαν,
1633 1033 1706 1068 κα

1830 1026 2034 1064 onmem
2063 1012 2439 1081 principatum,
2479 1025 2528 1068 et
2558 1023 2888 1083 potestatem,
2924 1026 2975 1072 et
3000 1019 3268 1086 uirtutem,
3293 1030 3417 1076 tan-

133 1099 540 1171 καταργοῦντος
573 1104 756 1156 πᾶσαν
790 1102 984 1174 ἀρχὴν,
1035 1102 1131 1156 καὶ
1173 1103 1244 1156 τὰ
1290 1103 1453 1174 ἑξῆς·
1503 1105 1596 1158 καὶ
1643 1105 1723 1169 τὸ,

129 1193 226 1246 Δεῖ
249 1194 450 1246 αὐτὸν
479 1195 838 1258 βασιλεύειν
865 1195 1036 1263 ἄχρις
1065 1190 1140 1250 οὗ
1191 1193 1268 1264 θῇ
1311 1195 1544 1261 πάντας
1582 1199 1724 1264 τοὺς

132 1285 382 1354 ἐχθροὺς
439 1287 558 1340 ὑπὸ
597 1287 738 1352 τοὺς
770 1287 960 1352 πόδας
987 1287 1170 1342 αὐτοῦ
1189 1304 1204 1318 ο
1249 1287 1322 1352 ὡς
1371 1289 1466 1342 τοῦ
1493 1289 1625 1343 Υἱοῦ
1654 1291 1724 1345 τὰ

133 1379 304 1432 πάντα
336 1378 647 1446 ποιοῦντος,
681 1380 777 1434 καὶ
825 1380 1232 1444 αὑθεντοῦντος,
1263 1383 1360 1435 καὶ
1393 1383 1724 1449 ἐξουσιάζον-

133 1487 236 1534 cog,
289 1471 386 1522 καὶ
427 1471 508 1541 τῷ
547 1473 722 1544 Πατρὶ
776 1473 1162 1546 παραδιδόντος
1213 1473 1312 1527 σὺν
1361 1476 1427 1546 τῇ
1475 1474 1722 1550 βασιλείᾳ

132 1562 248 1625 τοὺς
277 1561 784 1634 ὑποτασσομένους.

195 1653 309 1707 οΔ’.
343 1649 484 1707 Εἶτα
517 1654 704 1710 λοιπὸν
749 1655 1061 1727 μεταϐαίνει
1095 1657 1168 1719 εἰς
1205 1657 1500 1729 πρόσωπον
1532 1661 1718 1732 ἕτερον

1827 1117 1990 1170 quam
2033 1099 2204 1157 Filius
2269 1103 2383 1174 ipse
2433 1121 2661 1176 regnum
2703 1109 2904 1174 tradat,
2935 1125 2999 1164 ac
3041 1113 3413 1182 principatum

1825 1205 2041 1247 onmem
2061 1193 2330 1258 destruat,
2355 1207 2460 1250 etc.
2488 1197 2567 1250 Ad
2593 1197 2729 1260 haec,
2757 1197 2992 1268 Oportet,
3021 1203 3220 1273 inquit,
3245 1207 3414 1274 ipsum

1825 1297 2066 1352 regnare,
2129 1284 2293 1338 donec
2337 1296 2498 1354 ponat
2557 1289 2797 1344 inimicos
2859 1293 2954 1348 sub
3021 1297 3238 1364 pedibus
3278 1302 3411 1366 suis,

1824 1375 1980 1445 quasi
2005 1374 2175 1432 Filius
2205 1379 2387 1432 omnia
2421 1380 2686 1448 perﬁciat,
2715 1397 2779 1436 ac
2809 1399 2908 1453 pro
2931 1389 3260 1446 auctoritate
3313 1407 3412 1447 sua

1821 1475 1876 1523 et
1935 1476 2206 1538 potestate
2249 1470 2582 1538 moderetur,
2619 1480 2676 1528 et
2723 1473 2869 1530 Patri
2895 1478 3130 1550 denique
3153 1497 3258 1536 una
3286 1501 3413 1539 cum

1819 1573 1988 1630 τρεηο
2009 1559 2287 1630 subjectos
2315 1561 2528 1618 oﬂ‘erat.

1889 1651 2122 1707 LXXIV.
2165 1652 2296 1709 Post
2343 1655 2460 1710 haec
2505 1656 2664 1711 aliam
2708 1657 2776 1713 ad
2823 1673 3114 1729 personam
3155 1663 3404 1718 transit:

133 1747 284 1802 πάλιν
305 1764 322 1779 ·
359 1748 474 1802 Τοῦ
503 1747 736 1817 Πατρὸς
756 1732 1218 1816 ὐέεοτάσσοντος
1244 1727 1443 1804 ,πάντα
1469 1751 1550 1818 τῷ
1583 1727 1706 1817 rio

1827 1741 1992 1798 Patre
2037 1740 2182 1797 Filio
2217 1743 2528 1813 subjiciente
2561 1748 2770 1811 omnia;
2810 1727 2902 1804 et:
2937 1748 3132 1804 Omnia
3161 1751 3406 1820 subjecit,

131 1839 220 1894 καί
257 1857 430 1911 φησι⁹
466 1841 672 1895 Πάντα
717 1841 1020 1906 ὑπέταξεν
1065 1843 1186 1897 ὑπὸ
1219 1843 1363 1910 τοὺς
1392 1845 1583 1911 πόδας
1615 1847 1722 1900 αὐ-

132 1931 229 1986 τοῦ
255 1949 264 1960 ν
291 1933 568 2002 ἔσχατος
598 1931 812 2001 ἐχθρὸς
845 1933 1219 2003 καταργεῖται
1251 1937 1284 1988 ὁ
1312 1933 1588 2002 θάνατος.
1621 1937 1724 1990 Οὗ-

133 2023 240 2078 κέτι
270 2024 326 2078 δὲ
358 2023 476 2078 ἀπδ
504 2022 800 2096 προσώπου
827 2025 1040 2098 Πατρὸς
1072 2025 1254 2096 μόνον,
1275 2027 1395 2081 οὐδὲ
1425 2027 1534 2082 ἀπὺ
1554 2045 1722 2099 ’προσ⁸

133 2115 270 2168 ὡπου
311 2113 447 2168 Υἱοῦ
489 2116 674 2188 μόνον,
717 2115 852 2168 ἀλλὰ
887 2115 1193 2186 [terrai-Lara.
1255 2117 1368 2170 τῶν
1413 2119 1720 2190 προσώπων

135 2207 332 2278 [ἰατρὸς
361 2207 462 2260 καὶ
501 2205 662 2274 Tini,
695 2206 862 2278 φησίν
882 2224 894 2238 ·
935 2209 1238 2276 Ἕσχατος
1264 2209 1478 2278 ἐχθρὸς
1506 2227 1722 2281 καταρ-

137 2299 304 2366 γεῖται
333 2302 366 2353 d
391 2299 676 2365 θάνατος.
715 2300 892 2353 Ὅταν
922 2299 991 2352 δὲ
1020 2301 1183 2369 εἴπῃ,
1217 2299 1305 2354 ὅτι
1336 2301 1534 2356 πάντα
1561 2303 1720 2370 αὐτῷ

135 2390 560 2455 ὑποτέτακται,
597 2389 789 2462 ἦθελον
833 2389 1109 2462 ἐρωτῆσαι
1163 2393 1290 2457 τοὺς
1339 2395 1563 2460 αὐτοὺς,
1611 2396 1720 2450 ἀπὸ

137 2482 411 2554 προσώπου
446 2483 596 2546 τίνος
631 2481 715 2548 τὺ,
751 2483 916 2553 sirm,
949 2484 1129 2552 λέγει;
1161 2485 1234 2538 Τὸ
1263 2485 1374 2558 γὰρ
1407 2485 1570 2557 βάθος
1607 2487 1716 2540 τῶν

139 2573 441 2646 μυστηρίων
480 2573 579 2627 τοῦ
625 2573 760 2627 Θεοῦ
807 2575 1198 2646 πνευματικῶς
1235 2577 1364 2640 τοὺς
1419 2579 1716 2649 σαρκικοὺς

138 2667 314 2736 κρίνει.
351 2667 408 2718 '0
447 2667 561 2736 γὰρ
595 2667 884 2734 σαρκικὸς
911 2668 984 2720 οὐ
1010 2666 1245 2736 δέχεται
1279 2669 1352 2722 τὰ
1385 2667 1494 2722 τοῦ
1527 2669 1717 2722 11νεύ-

133 2771 326 2824 paras"
366 2757 553 2828 μωρία
584 2755 693 2828 γὰρ
719 2757 870 2827 αὐτῷ
897 2757 1062 2811 ἐστιν.
1087 2757 1350 2811 Ἐνταῦθα
1373 2759 1501 2830 γὰρ,
1529 2759 1716 2813 Ὅταν

137 2847 282 2914 εἴπῃ,
305 2847 398 2901 ὅτι
435 2847 638 2901 πάντα
669 2846 830 2914 αὐτῷ
865 2847 1282 2915 ὑποτέτακται,
1329 2851 1378 2904 εί
1413 2850 1514 2922 μὲν
1545 2853 1572 2906 ὁ
1599 2853 1714 2906 Πα-

135 2937 225 3009 τὴρ
263 2938 409 3007 λέγει
439 2939 580 3009 πρὸς
611 2939 704 2993 τὸν
737 2939 902 3005 Υἱὸν,
961 2941 1186 3013 ἐλλιπὴς
1240 2945 1273 3014 ἡ
1326 2943 1708 3016 πραγματεία·

139 3030 350 3095 ὑπέταξε
383 3031 498 3104 γὰρ
532 3032 560 3084 ὁ
593 3032 722 3096 Υἱὸς
757 3031 827 3087 τὰ
860 3032 1038 3086 πάντα
1077 3028 1155 3104 τῷ
1183 3033 1395 3106 ὶῖατρί·
1431 3037 1479 3088 εἰ
1511 3035 1568 3088 δὲ
1603 3036 1711 3089 ἀπὸ

139 3121 408 3191 προσώπου
431 3123 568 3176 Tim")
588 3123 858 3186 τὸ,”οτιιν
883 3124 1042 3193 ετπῃ·
1063 3124 1144 3179 Τὰ
1163 3125 1360 3179 πάντα
1378 3126 1538 3194 αὺτῷ
1563 3131 1714 3183 bsta-

139 3213 405 3282 τέτακται,
423 3215 662 3284 λέγεται,
687 3216 902 3280 ἐλλιπὲς
923 3217 984 3270 τὺ
1007 3218 1258 3289 φρόνημα
1273 3257 1287 3282 ,
1312 3219 1388 3271 ὅτε
1418 3217 1720 3290 μελλητικά

137 3323 242 3360 τινα
265 3309 320 3360 ἐν
356 3308 498 3380 Θεῷ,
531 3308 565 3379 ἢ
596 3310 654 3362 ὲν
679 3310 880 3382 Πατρὶ,
910 3309 944 3381 ἢ
976 3313 1032 3364 ἐν
1065 3311 1176 3381 Υἱῷ
1211 3309 1507 3380 λογίζεται.
1536 3311 1634 3375 Τίς
1657 3311 1717 3364 δέ

141 3401 266 3453 ἐστιν
279 3403 306 3454 ὁ
326 3401 528 3472 λέγων,
545 3404 626 3455 ὅτι
649 3401 844 3456 πάντα
863 3402 1286 3468 ὑποτέτᾱκταη
1311 3403 1386 3456 οὐ
1406 3404 1516 3476 γὰρ
1539 3399 1710 3459 εἶπεν·

141 3489 284 3544 ὀταν
304 3495 553 3548 εἴπωσιν.
574 3495 636 3547 Εἰ
663 3493 772 3566 γὰρ
791 3491 858 3567 ἦν
880 3493 1038 3548 τοῦτο
1059 3493 1150 3548 τοῦ
1171 3495 1412 3560 Υιοῦ,τὺ,
1435 3493 1609 3550 Ὅταν
1637 3495 1716 3549 si-

143 3601 284 3645 πωσι.
299 3585 613 3658 λεγόμενον,
627 3587 856 3658 ἠδύνατο
869 3587 1206 3660 πληροῦσθαι
1229 3589 1262 3661 ἢ
1288 3589 1382 3642 ἐπὶ
1401 3589 1528 3652 τοὺς
1555 3588 1712 3659 ἀγγέ-

141 3676 262 3740 λους,
279 3678 308 3748 ἢ
327 3680 417 3731 ἐπὶ
433 3680 562 3744 τοὺς
583 3680 981 3749 ὑποταγέντας.
1013 3681 1230 3753 Ἐπειδὴ
1258 3679 1314 3733 δὲ
1337 3680 1448 3734 ἄνω
1469 3682 1564 3752 ὲσή
1574 3699 1710 3752 μανε

143 3766 218 3818 τὸν
255 3768 374 3821 Υἰὸν
409 3769 790 3824 ὑποτάσσοντα
815 3770 894 3842 τῷ
937 3771 1114 3842 Πατρὶ
1133 3811 1148 3836 ,
1185 3773 1280 3825 καὶ
1321 3773 1706 3844 παραδιδόντα,

145 3857 222 3908 καὶ
246 3857 328 3910 τὸν
357 3859 578 3930 Πατέρα
612 3859 988 3915 ὑποτάσσοντα
1023 3859 1102 3932 τῷ
1125 3861 1240 3933 Υῑῷ
1263 3862 1332 3916 τὰ
1363 3864 1536 3918 πάντα
1553 3905 1568 3924 ,
1603 3883 1706 3918 πε-

148 3947 417 4015 ριελείπετο
437 3949 496 4003 δὲ
523 3953 635 4011 τοῖς
663 3949 972 4024 λεξιθήρεσι
997 3953 1057 4006 τὸ
1085 3951 1180 4006 τοῦ
1207 3953 1524 4025 Πνεῦματος
1549 3955 1704 4024 ἁγίου

146 4038 438 4107 πρόσωπον·
497 4041 692 4096 τούτου
755 4043 920 4096 ’ἕνεκα
975 4043 1394 4115 ἅπαρεμφάτως
1453 4043 1592 4114 μετὰ
1645 4043 1706 4096 τὸ

149 4131 404 4200 πρόσωπον
435 4135 534 4188 τοῦ
573 4134 726 4200 Υἱοῦ,
775 4135 872 4189 καὶ
915 4136 978 4189 τὸ
1007 4137 1296 4208 πρόσωπον
1333 4136 1430 4189 τοῦ
1464 4136 1700 4207 Πατρὸς,

147 4221 194 4273 τὸ
233 4225 514 4294 πρόσωπον
567 4227 832 4296 ὑπέφαινε
881 4228 974 4281 τοῦ
1031 4230 1188 4297 ἁγίου
1223 4227 1575 4299 Πνεύματος,
1605 4227 1698 4281 τοῦ

149 4311 540 4381 ἀναγγέλλοντας
588 4317 676 4369 ἀεὶ
719 4316 790 4370 τὰ
835 4318 1048 4389 Πατρδς
1091 4319 1188 4371 καὶ
1234 4318 1366 4372 Tim":
1384 4359 1398 4383 ,
1432 4320 1528 4372 καὶ
1559 4317 1700 4372 διδά-

1829 1835 2025 1905 inquit,
2044 1835 2140 1888 sub
2166 1834 2386 1905 pedibus
2411 1837 2548 1906 ejus,
2571 1840 2886 1894 novissimus
2907 1841 3152 1896 inimicus
3171 1843 3411 1897 destrue-
3461 1839 3464 1842 ’

1827 1942 1916 1982 tur
1943 1947 2106 1984 mors.
2151 1929 2254 1986 Ubi
2283 1947 2392 1988 non
2426 1934 2660 2003 amplius
2689 1950 2753 1990 ex
2784 1949 3020 2004 persona
3053 1935 3234 1992 Patris
3263 1937 3408 1992 dun-

1835 2028 2006 2084 taxat,
2038 2035 2213 2090 neque
2243 2037 2308 2076 ex
2343 2023 2516 2077 solius
2549 2039 2784 2093 persona
2815 2023 2962 2088 Filii,
3005 2023 3102 2080 sed
3145 2034 3408 2098 tanquam

1821 2113 1891 2167 ab
1940 2111 2045 2166 alia
2077 2114 2219 2168 inter
2249 2122 2542 2182 utramque
2570 2113 2854 2184 interjecta
2899 2115 3191 2185 subjicitur
3235 2137 3247 2173 :
3293 2117 3408 2172 No-

1823 2205 2068 2258 uissimas
2108 2205 2358 2260 inimicus
2401 2204 2700 2260 destruitur
2743 2223 2909 2262 mors.
2952 2205 3086 2263 Cum
3117 2219 3294 2262 autent
3321 2209 3409 2263 di-

1821 2297 1913 2360 cit,
1945 2297 2127 2350 omnia
2151 2296 2274 2350 huic
2295 2313 2406 2351 esse
2429 2297 2687 2367 subjecta,
2723 2299 2853 2354 libet
2883 2301 3012 2356 illos
3041 2301 3404 2372 interrogare,

1821 2387 1978 2456 cujus
2011 2403 2076 2442 ex
2116 2403 2352 2458 persona
2401 2405 2506 2444 vox
2561 2390 2682 2453 illa,
2715 2390 2878 2455 dicit,
2915 2393 3262 2461 pronuntiata
3307 2397 3404 2451 sit.

1821 2476 2102 2546 Siquidem
2129 2477 2442 2533 divinorum
2471 2483 2858 2550 mysteriorum
2893 2482 3126 2538 altitudo
3153 2487 3408 2544 carnales

1819 2569 2070 2625 homines
2117 2571 2438 2640 Spiritaliter
2489 2571 2798 2640 dijudicat:
2838 2573 2982 2628 Nam
3019 2576 3254 2630 carnalis
3299 2593 3408 2634 non

1815 2662 2030 2730 percipit
2071 2678 2134 2716 ea
2185 2679 2310 2732 qua;
2353 2647 2449 2716 Dei
2481 2665 2672 2731 sunt';
2705 2667 2938 2720 stultitia
2977 2669 3122 2721 enim
3153 2678 3236 2723 est
3274 2670 3404 2739 ipsi.

1819 2752 1944 2808 llaec
1975 2755 2143 2816 enim,
2175 2753 2313 2808 Cum
2344 2755 2474 2808 dicit
2516 2757 2697 2810 omnia
2734 2757 2782 2810 ei
2807 2773 2919 2811 esse
2945 2759 3202 2828 subjecta,
3241 2761 3289 2815 si
3327 2762 3402 2816 ita

1816 2845 2178 2914 accipiantur,
2208 2847 2368 2915 quasi
2415 2845 2554 2903 Filio
2593 2847 2752 2903 Pater
2781 2848 3016 2914 dixerit,
3080 2865 3274 2905 manca
3317 2859 3404 2906 est

1813 2949 1879 2989 ac
1929 2935 2144 2992 defecta
2195 2940 2464 2994 narratio.
2512 2939 2728 3011 Quippe
2777 2939 2952 2997 Filius
3007 2944 3192 2998 omnia
3251 2943 3402 3000 Patri

1817 3025 2066 3094 subjecit.
2103 3027 2200 3082 Sin
2243 3043 2310 3083 ex
2355 3028 2476 3084 Filii
2526 3044 2762 3100 persona
2819 3041 3139 3102 usurpatum
3177 3041 3404 3104 putetur

1823 3117 1970 3172 istud
2003 3119 2204 3190 ipsum,
2241 3119 2375 3174 Cum
2404 3121 2536 3176 dicit
2563 3139 2582 3176 :
2637 3123 2774 3176 Huic
2798 3126 2975 3178 omnia
2996 3126 3252 3194 subjecta,
3285 3141 3400 3182 non

1818 3212 2002 3266 minus
2031 3221 2228 3268 sensus
2264 3213 2381 3284 ipse
2410 3215 2613 3282 deficit,
2663 3230 2730 3270 eo
2755 3216 2900 3285 quod
2934 3231 3086 3272 mora
3146 3218 3400 3288 qutedam

1817 3317 1882 3357 ac
1927 3303 2160 3360 tarditas
2205 3303 2336 3366 Deo.
2387 3307 2504 3364 sive
2539 3306 2714 3371 Patri,
2770 3325 2886 3364 sn'e
2937 3307 3078 3363 Filio
3111 3311 3393 3366 tribuitur.

1816 3395 1950 3462 Quis
1985 3395 2150 3467 igitur
2177 3407 2260 3452 est
2287 3398 2379 3467 qui
2423 3398 2658 3467 subjecta
2705 3415 2817 3453 esse
2858 3399 2988 3452 dicit
3021 3400 3198 3454 omnia
3218 3403 3244 3455 7
3275 3399 3394 3456 Non

1814 3487 1959 3542 enim
1989 3491 2254 3558 scriptum
2283 3499 2406 3544 est:
2439 3489 2572 3545 Cum
2603 3489 2812 3545 dicunt.
2853 3488 2986 3543 Nam
3021 3491 3066 3546 si
3099 3490 3167 3544 ad
3195 3489 3394 3548 Filium

1814 3576 2002 3631 referri
2038 3576 2258 3632 deberet
2307 3578 2475 3644 istud,
2505 3579 2642 3634 Cum
2675 3580 2894 3644 dicunt;
2929 3581 3014 3634 vel
3045 3580 3112 3634 ad
3144 3581 3391 3651 angelos,

1813 3669 1894 3722 vel
1929 3669 1996 3722 ad
2021 3683 2138 3731 eos,
2163 3670 2254 3739 qui
2279 3667 2514 3740 subjecti
2547 3678 2696 3736 sunt,
2729 3671 3004 3740 pertinere
3035 3681 3241 3740 posset.
3267 3669 3388 3726 lam

1810 3775 1940 3814 vero
1977 3775 2100 3814 cum
2132 3768 2292 3816 antea
2329 3759 2474 3815 Patri
2515 3761 2711 3816 Filium
2752 3763 2934 3820 omnia
2965 3764 3270 3834 subjecisse
3323 3779 3390 3820 ac

1811 3852 2106 3907 tradidisse
2130 3853 2448 3919 docuisset,
2467 3867 2532 3908 ac
2563 3855 2806 3909 vicissim
2837 3853 2974 3909 Filio
3013 3854 3227 3912 Patrem
3261 3873 3387 3912 om-

1807 3945 1894 3999 nia
1925 3945 2250 4016 subjecisse,
2282 3961 2476 4002 vocum
2513 3963 2678 4018 porro
2707 3950 3084 4018 captatoribus
3117 3965 3226 4004 una
3257 3949 3384 4020 Spi-

1807 4035 1946 4090 ritus
1979 4036 2154 4092 sancti
2187 4051 2422 4106 persona
2455 4045 2712 4102 restaret,
2735 4038 2807 4092 ob
2852 4038 2906 4092 id
2948 4037 3072 4093 Filii
3109 4055 3173 4094 ac
3207 4039 3387 4096 Patris

1805 4129 2055 4198 personis
2095 4129 2335 4199 Spiritus
2369 4131 2546 4185 sancti
2593 4145 2884 4200 personam
2933 4145 3044 4184 non
3099 4145 3382 4198 expresse.

1804 4221 1900 4276 sed
1949 4222 2160 4278 inﬁnite
2203 4223 2506 4287 subtexuit,
2545 4223 2667 4292 ejus
2695 4222 2946 4276 videlicet
2989 4222 3248 4292 Spiritus,
3292 4223 3386 4291 qui

1802 4312 1982 4368 Patris
2031 4322 2084 4368 et
2117 4312 2240 4368 Filii
2299 4329 2502 4369 arcana
2538 4315 2756 4368 nuntiat
2802 4327 2868 4367 ac
2910 4314 3184 4384 perdocet.
3225 4315 3384 4380 Quod

153 4419 346 4470 σκοντος
372 4409 459 4462 ἶνα
511 4406 586 4479 μὴ
628 4407 818 4479 ἐλλιπῆ
853 4411 1054 4481 ποιήσῃ
1099 4409 1198 4480 τὴν
1243 4409 1456 4464 τελείαν
1497 4408 1698 4478 γνῶσιν

1821 4405 1924 4460 deo
1957 4405 2162 4461 factum
2189 4417 2309 4472 est,
2371 4424 2438 4463 ne
2469 4408 2632 4478 802
2663 4409 2730 4462 ad
2767 4405 3064 4476 perfectam
3094 4405 3386 4462 Trinitatis

149 4494 229 4564 τῆς
253 4498 370 4567 περὶ
397 4497 418 4528 ³
451 4497 682 4569 Τριὰδος
724 4499 818 4550 καὶ
844 4497 944 4569 τῆς
972 4499 1241 4570 ὲνσάρκου
1279 4498 1694 4571 προσληπτικῆς

1818 4506 1854 4553 ει
1893 4499 2147 4555 humanae
2181 4509 2429 4566 naturae,
2482 4501 2550 4556 ad
2599 4517 2764 4572 quam
2807 4501 2994 4572 gloriae
3045 4499 3162 4556 ﬁeri
3203 4507 3383 4570 potest

151 4587 282 4660 δόξης
303 4591 622 4660 παρουσίας.
636 4585 798 4654 Εἶτα,
818 4591 1004 4662 φησὶν,
1026 4591 1288 4658 ἔσχατος
1315 4591 1528 4662 ἐχθρὸς
1559 4609 1698 4646 κατ-

151 4682 374 4748 αργεῖται
401 4686 434 4737 ό
483 4682 761 4750 θάνατος.
801 4684 860 4736 '0
888 4683 947 4737 δὲ
973 4684 1348 4756 καταργηθεὶς
1370 4684 1694 4756 πεπέδηται,

1796 4593 2078 4656 accessio,
2141 4595 2512 4662 cognitionem
2565 4594 2844 4665 quidpiam
2891 4593 3130 4648 deesset.
3181 4590 3382 4646 Deinde

1796 4685 2139 4750 nouissimus,
2173 4685 2372 4755 inquit,
2399 4686 2646 4740 inimicus
2673 4685 2972 4752 destruitur
3005 4699 3168 4736 mors.
3207 4679 3380 4738 Porro

153 4773 306 4825 οὐκέτι
334 4775 569 4847 ἐνεργῶν
610 4775 639 4829 ὃ
669 4778 911 4848 ἐνεργεῖ,
965 4777 1088 4830 οὐδὲ
1135 4777 1216 4831 ἔτι
1253 4777 1516 4850 ὑπάρχων
1545 4795 1558 4808 ·
1601 4778 1696 4832 καὶ

1818 4777 1887 4846 ιιιί
1919 4776 2225 4833 destruitur
2251 4778 2654 4848 quodammodo
2684 4777 2916 4834 detineri
2949 4777 3170 4832 vinctus
3212 4776 3374 4830 intel-

154 4859 240 4930 γὰρ
263 4866 610 4936 κατήργηται.

1793 4841 2003 4938 ligitur,
2051 4878 2112 4922 ut
2143 4841 2290 4940 quod
2332 4871 2510 4926 facere
2537 4871 2769 4933 solebat,
2815 4885 2924 4924 non
2958 4869 3216 4922 moliatur
3255 4881 3376 4920 ant-
3405 4841 3416 4940 ξ

1799 4909 2003 4938 ..ο.....,
2053 4909 2112 4922 ..-
2143 4909 2290 4940 qm...
2332 4909 2510 4926 ...ιωυ
2538 4909 2769 4933 ..νων-η
2816 4909 2924 4924 ..νη
3255 4909 3340 4920 .....

1799 4961 1966 5024 plius,
2017 4959 2262 5032 adeoque
2304 4977 2430 5017 cum
2475 4963 2792 5019 destructus
2839 4961 2946 5027 sit,
2988 4976 3098 5015 non
3139 4909 3413 5028 amplius!

1797 5049 2052 5104 exsistat.

1867 5135 2080 5192 LXXV.
2121 5136 2262 5205 Quid
2299 5140 2465 5211 igitur
2501 5155 2784 5196 sacrarum
2819 5139 3150 5194 Litterarum
3203 5135 3376 5205 impc-

1796 5227 1888 5283 riti
1922 5245 1985 5283 ea
2018 5229 2086 5285 de
2123 5247 2182 5286 re
2224 5231 2410 5288 dicere
2444 5231 2710 5302 possunt?
2737 5231 2823 5284 An
2851 5229 2918 5285 de
2955 5227 3098 5285 Filio
3125 5227 3373 5298 cogitan-

1795 5322 1926 5376 dum
1959 5323 2120 5378 nobis
2153 5324 2287 5379 illud
2333 5333 2440 5389 est,
2487 5321 2750 5394 regnandi
2783 5323 2946 5378 tinem
2975 5333 3210 5392 unquam
3249 5331 3372 5374 esse

1798 5413 2072 5470 facturum
2098 5416 2122 5470 ?
2157 5417 2214 5471 Si
2247 5417 2466 5486 quidem
2501 5417 2574 5470 ita
2605 5429 2728 5470 sese
2755 5415 2847 5468 illa
2873 5429 2976 5469 vox
3005 5413 3246 5469 haberet.
3271 5409 3370 5464 At-

1794 5509 1886 5579 qui
1941 5508 2164 5582 impium
2205 5507 2464 5580 quiddam
2491 5525 2521 5563 a
2553 5507 2712 5564 nobis
2745 5505 3084 5573 admittetur,
3122 5505 3170 5560 si
3213 5503 3367 5559 illum

213 5129 314 5186 OE‘.
329 5133 388 5186 Ti
432 5129 524 5189 οὖν
553 5135 604 5188 οἱ
640 5134 704 5188 τὸ
731 5135 974 5190 συνιέναι
995 5135 1094 5201 τὰς
1121 5137 1346 5206 Γραειςάς
1375 5137 1692 5207 ἀγνοοῦντες

163 5217 310 5288 ἔχουσι
342 5225 464 5297 περὶ
511 5225 704 5280 τούτου
743 5227 952 5298 λέγεινς
999 5231 1090 5282 Δεῖ
1131 5229 1278 5301 ἡμᾶς
1309 5229 1418 5301 ἄρα
1468 5229 1689 5300 λογίσα..

166 5307 264 5364 citat
303 5317 422 5387 περὶ
459 5315 554 5370 τοῦ
587 5317 748 5382 Υἱοῦ,
802 5319 884 5372 ὅτι
937 5319 1172 5390 ἀργήσει
1209 5319 1304 5373 τοῦ
1365 5305 1686 5390 βασιλεύειν.

167 5396 212 5448 Ei
235 5399 382 5469 οὕτως
411 5407 518 5479 ἄρα
553 5407 702 5479 εἶχεν
731 5410 765 5480 ἡ
809 5407 974 5474 λέξις.
1023 5407 1186 5462 Ἀλλὰ
1226 5409 1568 5481 ἀσεϐήσομεν
1597 5412 1688 5466 καὶ

166 5489 292 5546 αὐτὴν
330 5498 456 5567 μετὰ
495 5499 604 5554 τῶν
661 5501 1116 5572 ὑποτασσομένων
1171 5502 1536 5574 ἐναριθμῆσαι
1586 5505 1688 5574 μά-

219 5649 230 5677 ¹
257 5645 368 5721 ch.
394 5655 694 5728 εἰρημένον.
774 5660 793 5690 ¹
823 5658 883 5714 F.
916 5659 1043 5730 περὶ
1071 5658 1186 5730 τῆς.
1266 5659 1288 5690 ³
1311 5657 1330 5712 l
1353 5657 1480 5716 Cor.
1513 5675 1570 5726 ιι,
1605 5661 1682 5716 Η.
