3846 6338
421 319 527 379 ΞΞἸ

1844 309 1904 366 S.
1949 307 2291 365 EPIPHANH

3602 310 3725 365 328

418 431 475 484 in
522 422 868 481 subditorum
920 422 1023 479 sibi
1058 420 1305 478 ordinem
1355 420 1604 492 redigere
1636 420 1995 483 voluerimus,

2138 439 2279 483 ιστα,
2336 419 2490 491 μετά
2525 420 2585 473 τὸ
2643 420 2885 491 ἐνεργεῖν
2950 413 3012 475 οῦ
3073 421 3301 492 ἐνήργει
3363 422 3719 493 παυομένου.

418 525 478 573 ιιι
505 530 629 571 cum
660 528 800 584 opus
832 528 993 567 suum
1034 509 1376 581 praestiterit,
1418 509 1487 564 ab
1516 508 1728 580 agendo
1757 506 2006 562 desistat.

420 609 528 665 Sed
580 606 725 661 absit
753 620 783 659 a
816 605 979 659 nobis
1010 611 1121 656 tam
1171 602 1336 671 impia
1366 601 1435 655 de
1462 598 1685 655 Christo
1718 600 2007 654 sententia.

418 699 593 755 Nemo
623 698 769 753 enim
792 737 807 762 ,
842 696 937 766 qui
973 694 1193 765 quidem
1230 694 1284 746 in
1318 694 1494 763 ipsum
1526 692 1732 756 credat,
1761 698 1855 745 aut
1890 706 2012 761 spe-

420 802 506 849 ret
541 808 604 848 ex
645 791 850 857 animo,
902 788 1185 858 indignum
1218 786 1516 856 quidquam
1552 785 1619 841 de
1653 784 1801 839 illius
1840 784 2013 853 gloria

421 885 723 957 praedicare
766 889 861 934 aut
892 879 1083 934 audire
1121 878 1418 933 sustinebit
1450 892 1463 928 :
1528 876 1840 946 cujusmodi
1882 890 2010 946 per-

423 991 613 1048 peram
650 976 774 1040 isti,
827 980 880 1027 et
929 970 1169 1025 absurde
1212 971 1480 1024 sentiunt.
1516 969 1788 1024 Caeterum
1827 968 2013 1022 omnia

420 1068 597 1125 sacris
632 1066 685 1120 in
722 1064 945 1119 Litteris
979 1064 1247 1116 docentur
1279 1077 1292 1112 :
1329 1060 1462 1116 Cum
1486 1062 1655 1125 dicit,
1696 1060 1895 1117 Omnia
1930 1060 2013 1115 illi

422 1161 659 1231 subjecta
707 1167 861 1224 sunt,
912 1156 1055 1209 haud
1089 1154 1305 1206 dubium
1340 1154 1465 1224 quin
1497 1165 1690 1222 praeter
1734 1154 1887 1207 illum
1924 1154 2016 1224 qui

422 1253 645 1323 subjecit
690 1251 774 1305 illi
805 1250 1004 1305 omnia.
1039 1247 1175 1303 Cum
1225 1255 1402 1300 autem
1446 1246 1681 1317 subjecta
1726 1247 1774 1301 ei
1818 1246 2015 1315 fuerint

425 1348 637 1410 omnia,
664 1354 788 1398 tunc
812 1352 862 1398 et
890 1341 1066 1395 Filius
1095 1342 1206 1409 ipse
1229 1340 1542 1411 subjicietur
1564 1341 1613 1395 ei
1640 1341 1729 1411 qui
1756 1340 1857 1395 sibi
1887 1339 2014 1394 sub-

422 1441 548 1510 jecit
578 1439 776 1494 omnia.
804 1435 876 1491 Ut
904 1435 1053 1506 quod
1097 1428 1256 1489 initio
1289 1434 1593 1489 declaravit
1625 1433 1875 1505 angelus,
1907 1441 2017 1489 est-

426 1548 536 1603 que
564 1547 594 1585 a
626 1531 782 1585 nobis
817 1528 947 1583 huic
982 1528 1102 1583 loco
1143 1534 1367 1598 propter
1391 1525 1708 1581 adﬁnitatem
1764 1539 1829 1579 ac
1862 1524 2017 1580 simi-

428 1624 715 1679 litudinem
752 1621 1071 1692 adjunctum
1101 1618 1208 1673 vim
1239 1632 1458 1673 omnem
1486 1616 1662 1671 divini
1692 1614 1853 1671 Verbi
1882 1630 2017 1670 con-

429 1724 689 1772 sentanee
735 1728 799 1768 ac
852 1710 1141 1783 perspicue
1196 1708 1459 1764 declaret.
1502 1706 1640 1762 Nam
1686 1715 1741 1762 et
1792 1707 2017 1777 angelus

2124 511 2285 564 Ἀλλά
2324 512 2398 581 μὴ
2438 510 2683 579 γένοιτοῑ
2718 512 2907 576 Οὐδεὶς
2941 512 3052 583 γὰρ
3083 513 3191 567 τῶν
3225 516 3303 576 είς
3343 515 3586 587 Χριστὸν
3626 533 3727 568 πι-

2114 604 2411 658 στευόντων
2434 644 2448 667 ,
2488 605 2584 657 καὶ
2618 605 2947 669 ἐλπιζόντων
2987 607 3046 659 ὲν
3078 606 3329 687 ἀληθεία,
3352 608 3728 680 διανοηθήσε-

2111 711 2202 747 ται
2237 694 2501 765 ἀπρεπῶς
2537 696 2603 765 τῇ
2636 695 2801 748 αὑτοῦ
2832 694 2960 767 δόξῃ
2992 695 3204 765 λέγειν,
3247 697 3279 767 ἢ
3316 698 3578 761 ἀκούειν,
3638 699 3729 760 ὡς

2112 781 2257 840 οῦτοι
2290 786 2536 855 ματαίως
2568 786 2848 857 φρονοῦσι.
2885 786 3074 840 Πάντα
3102 788 3160 840 δὲ
3188 790 3221 858 ἡ
3257 788 3377 842 θεία
3410 788 3607 859 Γραφὴ
3636 789 3729 841 δι-

2113 879 2337 932 δάσκει·
2397 880 2584 931 ’Ὅταν
2614 880 2787 946 εἷπῃο
2822 878 3026 933 Πάντα
3076 878 3238 945 αὐτῷ
3284 880 3723 943 ὑποτέτακται,

2114 970 2397 1038 δηλονότι
2423 971 2597 1036 ἐκτὸς
2624 970 2730 1024 τοῦ
2760 970 3179 1037 ὑποτάξαντος
3200 970 3360 1036 αὑτῷ
3384 972 3458 1025 τὰ
3488 973 3723 1025 πάντα.

2118 1065 2295 1118 Ὅταν
2318 1064 2387 1118 δὲ
2412 1062 2686 1134 ὑποταγῇ
2712 1061 2873 1128 αὑτῷ
2899 1062 2972 1117 τὰ
2993 1061 3210 1126 πάντα,
3234 1064 3367 1116 τότε
3396 1064 3494 1117 καὶ
3524 1064 3727 1130 αὐτὸς

2115 1161 2149 1213 ό
2202 1158 2334 1226 Υἱὸς
2384 1156 2833 1226 ὑποταγήσεται
2882 1153 2961 1219 τῷ
3006 1154 3375 1219 ὑποτάξαντι
3430 1154 3595 1220 αὐτῷ
3642 1156 3726 1208 τὰ

2116 1250 2346 1303 πάγην
2390 1250 2538 1313 ὅπως
2562 1249 2625 1302 τὸ
2668 1247 2926 1318 ἁπαρχῆς
2960 1247 3064 1299 ὑπὸ
3098 1246 3191 1299 τοῦ
3224 1248 3457 1316 ἀγγέλου
3494 1266 3724 1319 quav—

2118 1342 2208 1395 θὲν
2238 1343 2331 1395 καὶ
2368 1338 2601 1395 ἐνταῦθα
2631 1339 2720 1393 διὰ
2761 1338 2856 1391 τοῦ
2891 1338 3238 1409 ὁμοιώματος
3274 1339 3371 1392 τοῦ
3408 1340 3572 1407 λόγου
3618 1357 3728 1393 συ-

2118 1431 2364 1505 ζευχθὲν,
2406 1434 2505 1504 τὴν
2534 1432 2733 1504 φράσιν
2760 1433 2940 1485 πᾶσαν
2964 1430 3061 1501 τῆς
3088 1431 3371 1502 δυνάμεως
3404 1431 3498 1485 τοῦ
3529 1432 3723 1501 Λόγου

2117 1528 2389 1597 άποφάνοι
2426 1528 2734 1591 ἀκολούθως
2789 1544 2849 1580 τε
2902 1526 2998 1579 καὶ
3038 1526 3348 1598 τηλαυγῶς.
3415 1527 3501 1591 Ὠς
3551 1528 3657 1580 καὶ
3689 1529 3725 1581 ὁ

2117 1621 2348 1690 ἄγγελος
2375 1620 2437 1674 τὸ
2464 1622 2648 1692 ὅμοιον
2687 1620 2875 1689 ἔλεγεν
2896 1659 2911 1684 ,
2954 1620 3159 1676 ἄνωθεν
3193 1619 3292 1690 μὲν
3323 1619 3577 1690 σημάνας
3618 1620 3724 1671 τὸν

2118 1712 2270 1778 Υίὸν,
2289 1707 2410 1766 εἶτα
2441 1711 2581 1783 μετὰ
2613 1710 2934 1784 προσθήκης
2963 1711 3093 1784 περί
3131 1711 3229 1782 τῆς
3260 1710 3527 1781 ὲνσάρκου
3560 1727 3725 1781 παρα

430 1807 573 1862 idem
606 1804 1000 1877 propemodum
1034 1800 1175 1856 dixit
1198 1841 1214 1865 ,
1242 1815 1367 1855 cum
1400 1799 1710 1870 signiﬁcato
1736 1798 1831 1853 Dei
1858 1797 2015 1864 Filio,

2131 1805 2310 1868 ιυσίας
2337 1803 2436 1876 τὴν
2491 1804 2784 1858 συνένωσιν
2847 1805 3023 1875 δηλῶν
3047 1845 3063 1869 ,
3095 1804 3178 1857 ὅτι
3228 1803 3325 1857 Διὸ
3354 1803 3449 1856 καὶ
3476 1802 3546 1857 τὸ
3576 1819 3726 1873 τεν-

429 1896 663 1953 subinde
691 1893 1017 1966 quibusdam
1050 1892 1278 1956 additis,
1309 1900 1612 1962 assumpta:
1645 1890 1887 1946 hominis
1917 1905 2016 1943 na-

429 2000 565 2044 tura:
612 1996 667 2042 et
699 2002 824 2041 cum
853 1984 1033 2040 Verbo
1067 1983 1380 2054 conjunctae
1411 1984 1743 2038 mentionem
1781 1982 1969 2052 injecit
2001 2000 2014 2037 :

430 2083 718 2152 Propterea
742 2120 757 2144 ,
805 2078 984 2149 inquit
1003 2116 1019 2141 ,
1053 2087 1103 2131 et
1133 2076 1270 2147 quod
1303 2086 1552 2131 nascetur
1578 2090 1642 2129 ea:
1670 2083 1720 2128 te
1752 2073 1866 2144 (ubi
1893 2091 2021 2129 san-

427 2184 571 2229 ctum
619 2172 863 2242 adjecit),
896 2170 1173 2225 vocabitur
1203 2169 1251 2221 Γ
1254 2170 1380 2225 ilius
1419 2169 1520 2223 Dei
1545 2170 1586 2222 ⁸.
1616 2167 1898 2239 Ωιιίεξειιιη
1943 2168 2023 2222 ita

429 2267 562 2330 sint,
594 2280 660 2320 ac
691 2278 852 2319 voces
884 2262 1011 2326 illae,
1039 2270 1337 2330 propterea,
1375 2269 1451 2326 et,
1486 2261 1629 2331 quod
1655 2268 1904 2315 nascetur
1933 2276 2021 2314 oo-

430 2359 643 2414 cabitur
690 2353 867 2409 Filius
919 2353 1045 2416 Dei,
1098 2362 1377 2422 usurpata:
1426 2352 1497 2407 ab
1546 2351 1741 2422 angelo
1793 2350 2018 2416 fuerint,

431 2458 582 2506 recte
628 2446 803 2501 Filius
847 2445 897 2500 ei
948 2444 1326 2514 subjiciendus
1356 2443 1582 2510 dicitur,
1633 2444 1724 2514 qui
1757 2444 1862 2498 sibi
1896 2444 2020 2498 uni-

432 2559 580 2597 versa
610 2539 867 2608 subjecit,
901 2546 960 2593 ut
993 2554 1062 2594 ne
1090 2538 1236 2608 quod
1268 2537 1492 2592 carnale
1539 2545 1626 2593 est
1672 2536 1911 2606 amplius
1950 2536 2024 2591 sit

431 2635 638 2690 virtute
677 2630 937 2699 carnale,
991 2630 1086 2685 sed
1123 2646 1247 2684 cum
1280 2628 1565 2689 divinitate
1611 2626 1966 2698 conjunctum
2004 2643 2019 2681 :

435 2721 592 2787 illud,
630 2724 877 2790 inquam,
923 2721 1103 2791 ipsum
1136 2720 1359 2774 carnale
1399 2719 1453 2773 in
1504 2735 1673 2774 unum
1708 2720 2021 2790 copulatum

431 2829 559 2869 cum
591 2811 722 2878 Deo,
754 2820 809 2867 et
846 2827 972 2866 cum
1004 2810 1187 2873 Patre,
1233 2825 1299 2865 ac
1327 2808 1537 2881 Spiritu
1569 2819 1763 2866 sancto
1794 2826 2021 2881 regnum

434 2905 570 2962 iilud
597 2905 874 2967 obtinens,
906 2902 1083 2974 Cujus
1128 2920 1231 2958 non
1260 2905 1359 2958 erit
1387 2903 1533 2973 ﬁnis.
1581 2903 1755 2973 Cujus
1779 2903 2021 2973 quidem,

432 3015 501 3055 ex
526 3014 635 3069 quo
660 2996 986 3061 resurrexit,
1010 2996 1162 3050 velut
1191 2995 1408 3049 initium
1434 2995 1667 3066 accepit,
1694 2993 1761 3048 Ut
1789 2996 1859 3049 sit
1882 2994 2024 3049 Deus

433 3091 613 3147 omnia
632 3090 688 3143 in
715 3089 959 3142 omnibus
981 3104 1000 3141 :
1024 3087 1172 3157 quod
1207 3087 1264 3141 in
1295 3103 1458 3141 unam
1489 3086 1828 3141 divinitatem
1865 3086 2027 3155 sp'ri-

2117 1895 2387 1965 νώιιενον
2409 1896 2476 1950 ἐκ
2501 1896 2619 1951 σοῦ
2654 1897 2818 1969 (μετὰ
2844 1896 3166 1969 προσθήκης
3188 1894 3307 1962 τοῦ,
3358 1894 3454 1950 καὶ
3482 1894 3720 1964 ἁγίου),

2120 1986 2493 2054 κληθήσεται
2557 1986 2692 2053 Υἱὸς
2746 1987 2916 2041 Θεοῦ.
2966 1986 3069 2040 Διά
3132 2003 3215 2039 τοι
3277 1983 3435 2037 τοῦτο
3496 1984 3595 2037 καὶ
3649 1984 3726 2037 τὰ

2118 2077 2367 2145 τοιαῦτα,
2399 2079 2589 2149 ἐπειδὴ
2626 2078 2707 2145 τὺ,
2749 2080 2846 2133 καὶ
2891 2079 3005 2146 διὸ,
3052 2080 3179 2143 καὶ,
3220 2077 3284 2132 τὸ
3332 2076 3727 2147 γεννώμενον

2121 2170 2490 2240 κληθήσεται
2528 2171 2663 2236 Υἱὸς
2687 2172 2836 2226 θεοῦ
2855 2212 2870 2237 ,
2907 2171 3101 2225 τούτου
3135 2170 3298 2225 ἕνεκα
3324 2169 3486 2233 αὐτὸς
3520 2170 3550 2223 ὁ
3580 2170 3727 2233 Υἱὸς

2122 2264 2527 2334 ὑποταγήσεται
2558 2262 2638 2329 τῷ
2666 2263 3035 2328 ὑποτάξαντι
3076 2261 3237 2328 αὑτῷ
3263 2261 3335 2315 τὰ
3362 2258 3593 2327 πάντα,
3627 2262 3724 2317 ἵνα

2124 2351 2322 2424 μηκέτι
2359 2352 2421 2406 τὸ
2459 2353 2721 2425 σαρκικδν
2759 2353 3022 2426 σαρκικὸν
3053 2353 3139 2425 εἴη
3168 2356 3235 2426 τῇ
3279 2352 3506 2423 δυνάμει
3531 2392 3548 2417 ,
3575 2351 3727 2406 ἀλλὰ

2124 2444 2502 2516 συνηνωμένον
2533 2448 2599 2517 τῇ
2634 2444 2868 2516 θεότητι,
2918 2445 2981 2498 τὸ
3040 2443 3303 2516 σαρκικὸν
3343 2446 3422 2508 είς
3466 2443 3600 2515 μίαν
3638 2445 3725 2497 ἓν·

2121 2553 2257 2590 ωσιν
2311 2536 2713 2607 συνηνωμένον,
2742 2538 2839 2590 σὺν
2879 2537 3054 2609 Πατρὶ
3100 2536 3382 2607 βασιλεῦον
3434 2535 3532 2589 καὶ
3568 2537 3727 2608 ἁγίῳ

2122 2627 2423 2700 Πνεὺματι,
2447 2624 2528 2684 Οὗ
2554 2626 2661 2697 τῆς
2683 2628 3009 2695 βασιλείας
3035 2630 3147 2683 οὑκ
3166 2627 3339 2683 ἔσται
3365 2628 3560 2695 τέλος.
3611 2626 3723 2681 Καὶ

2125 2720 2275 2785 ἐξότε
2312 2721 2411 2791 μὲν
2451 2721 2673 2791 ἀνέστη,
2719 2722 2895 2794 ἀρχὴν
2933 2721 3095 2775 λαϐὸν
3126 2721 3224 2787 τὺ,
3264 2722 3399 2776 Ἵνα
3430 2715 3470 2792 ᾖ
3497 2724 3533 2775 d
3569 2720 3726 2787 Θεὸς

2124 2816 2197 2867 τὰ
2229 2812 2427 2867 πάντα
2469 2814 2539 2867 ἐν
2582 2812 2766 2869 πᾶσν
2801 2815 3107 2885 συνήνωται
3145 2814 3255 2885 γὰρ
3297 2815 3431 2885 ὁμοῦ
3469 2816 3551 2877 εἰς
3582 2815 3726 2884 μίαν

2123 2904 2222 2978 τὴν
2245 2905 2408 2960 αὑτοῦ
2434 2904 2665 2975 θεότητα
2692 2904 3077 2976 πνευματικῶς
3106 2906 3167 2958 τὸ
3198 2905 3488 2978 σαρκικόν’
3522 2905 3726 2976 ἐπειδὴ

2125 3000 2311 3069 λέγει·
2352 2997 2534 3052 Τοῦτο
2587 2998 2806 3053 ποιεῖτε
2849 3001 2937 3063 εὶς
2985 2998 3100 3066 τὴν
3144 2998 3300 3068 ἐμὴν
3339 2997 3725 3067 ἀνάμνησιν,

2125 3089 2237 3155 ἕως
2255 3087 2366 3156 τῆς
2400 3088 2737 3156 παρουσίας
2769 3088 2875 3141 τοῦ
2906 3087 3039 3141 Υἱοῦ
3066 3087 3173 3141 τοῦ
3202 3089 3514 3154 ἀνθίώπου
3541 3101 3556 3115 ’
3593 3087 3725 3149 καὶ,

436 3186 619 3239 taliter
662 3184 735 3239 sit
770 3182 905 3237 illud
938 3182 1161 3237 carnale
1195 3180 1577 3249 conjunctum.
1624 3177 1730 3233 Sed
1761 3178 1908 3250 quod
1951 3179 2021 3232 ita

2131 3180 2318 3246 Οὕτως
2338 3180 2564 3249 ὄψεσθε
2590 3179 2797 3243 αὐτὸν,
2831 3178 2902 3233 ὃν
2922 3182 3145 3247 τρόπον
3170 3178 3322 3232 ἴδετε
3345 3178 3535 3232 αὑτὸν
3565 3180 3725 3233 ἁνα-

437 3276 681 3345 loquitur
721 3293 735 3328 :
782 3273 899 3328 Hoc
939 3273 1099 3343 facite
1141 3274 1197 3327 in
1238 3288 1409 3326 meam
1452 3271 2022 3333 commemorationem,

436 3366 603 3421 donec
635 3367 808 3421 veniat
840 3363 1014 3419 Filius
1039 3364 1268 3417 hominis
1296 3365 1337 3417 ’.
1367 3361 1501 3418 Item
1536 3380 1550 3416 :
1585 3361 1674 3418 Sic
1704 3362 1857 3416 illum
1883 3362 2026 3415 ride-

439 3457 584 3516 bitis.
605 3456 1047 3528 quemadmodum
1072 3456 1279 3510 vidistis
1306 3454 1673 3509 ascendentem
1696 3456 1752 3508 in
1777 3454 1962 3509 caelum
1982 3454 2024 3519 ³;

436 3546 611 3618 803
633 3556 746 3601 tum
776 3546 997 3602 domum
1030 3545 1290 3617 perfectis
1334 3546 1593 3602 omnibus
1622 3585 1637 3607 .
1679 3560 1782 3601 nec
1821 3546 1927 3600 ulla
1968 3560 2028 3599 re

439 3639 843 3708 praetermissa,
876 3638 944 3692 ad
989 3639 1163 3709 ipsius
1209 3638 1555 3693 divinitatem
1605 3647 1918 3695 revocatum
1958 3637 2028 3692 iri

439 3732 625 3785 omnia
664 3730 980 3785 eadem'illa
1023 3730 1187 3786 verba
1227 3730 1652 3787 demonstrant:
1684 3731 1754 3784 Ut
1788 3731 1858 3785 sit
1885 3729 2027 3785 Deus

440 3820 619 3873 omnia
635 3821 702 3873 in
734 3821 976 3874 omnibus
997 3860 1013 3886 ,
1068 3836 1135 3875 ne
1164 3835 1272 3891 qua
1309 3821 1382 3875 sit
1416 3820 1701 3877 divisionis
1743 3821 2026 3891 suspicio;

439 3928 564 3983 quae.
607 3914 758 3967 nulla
791 3920 910 3980 est,
949 3920 1007 3965 ut
1033 3927 1140 3967 non
1176 3912 1404 3968 deorum
1447 3912 1740 3969 multitudo
1770 3914 2026 3987 ﬁngatur.

440 4005 578 4062 Nam
632 4023 741 4062 una
788 4018 873 4062 est
921 4021 1282 4077 personarum
1318 4007 1564 4061 omnium
1620 4021 1686 4061 ac
1732 4005 2029 4078 singularis

441 4097 639 4170 gloria.
678 4096 744 4151 Et
766 4113 894 4153 vero
926 4114 1036 4152 non
1062 4098 1221 4169 quasi
1248 4097 1594 4169 tyrannidem
1629 4098 1913 4168 usurparit
1939 4097 2033 4153 Fi-

440 4191 548 4247 lius
584 4190 736 4245 Patri
790 4190 954 4247 modo
1006 4206 1117 4246 non
1165 4192 1496 4262 subjicitur,
1544 4208 1722 4263 neque
1768 4201 2029 4263 tanquam

438 4300 633 4341 servus
684 4300 751 4340 ac
788 4285 1007 4356 propria
1050 4292 1320 4355 potestate
1350 4300 1546 4341 carens
1586 4286 1762 4342 eidem
1805 4285 2033 4355 subjici-

442 4387 561 4444 tur,
590 4393 714 4433 cum
749 4377 821 4433 sit
853 4393 882 4431 a
934 4376 1096 4431 Patre
1130 4377 1380 4449 genitus,
1409 4377 1709 4448 eademque
1749 4393 1873 4432 cum
1910 4378 2031 4447 ipso

2126 3274 2605 3342 λαμϐανόμενον
2648 3271 2767 3324 τότε
2826 3270 3011 3323 λοιπὸν
3048 3270 3266 3325 πάντων
3293 3270 3723 3333 τελειωθέντων,

2129 3365 2221 3418 καὶ
2249 3364 2473 3435 μηδενὸς
2497 3363 2604 3416 τῶν
2627 3362 2763 3434 πρὸς
2790 3362 3070 3435 πλήρωσιν
3090 3362 3536 3434 ὑπολειπομένων
3554 3363 3575 3393 ⁸
3602 3363 3726 3417 τῶν

2128 3456 2220 3508 ἐπὶ
2244 3455 2343 3526 τὴν
2376 3454 2542 3508 αὑτοῦ
2574 3454 2806 3525 θεότητα
2834 3454 3127 3527 ἀναφέρειν
3158 3455 3240 3519 τὸ,
3284 3456 3409 3510 Ἵνα
3436 3450 3477 3526 ᾖ
3501 3458 3536 3509 ό
3569 3456 3725 3523 Θεὸς

2127 3547 2199 3602 τὰ
2223 3546 2418 3601 πάντα
2455 3548 2525 3601 ἐν
2552 3547 2763 3612 πᾶσιν,
2793 3547 2909 3600 ἐστι
2939 3548 3358 3619 σημαινόμενον,
3392 3549 3480 3601 ἵνα
3520 3548 3599 3619 μὴ
3629 3549 3725 3618 εἴη

2128 3639 2429 3712 διαίρεσις·
2464 3641 2525 3693 οὑ
2562 3640 2669 3711 γάρ
2698 3642 2868 3703 ἐστιν,
2909 3640 2997 3693 ἵνα
3032 3640 3106 3711 μὴ
3154 3640 3382 3711 νομισθῇ
3433 3640 3722 3694 πολυθεῖα.

2130 3731 2245 3785 Μία
2288 3732 2398 3803 γάρ
2437 3733 2583 3785 ἐστιν
2614 3733 2648 3802 ἡ
2675 3730 2969 3801 δοξολογία.
2997 3731 3134 3785 Οὔτε
3161 3732 3270 3803 γὰρ
3296 3731 3391 3786 νῦν
3414 3732 3489 3795 ὡς
3520 3750 3721 3804 τυραν-

2131 3824 2239 3879 νῶν
2267 3826 2295 3877 ὁ
2329 3824 2456 3887 Υἱὸς
2483 3825 2580 3894 οὑχ
2621 3824 2990 3879 ὑποτέτακται
3019 3824 3098 3896 τῷ
3129 3825 3326 3896 Πατρὶ,
3364 3823 3484 3877 οὔτε
3518 3825 3723 3878 ὑποτέ-

2131 3932 2331 3971 τακται
2401 3915 2476 3978 ὡς
2551 3915 2770 3981 δοῦλος,
2834 3916 2928 3969 καὶ
2990 3916 3237 3979 ἐξουσίαν
3299 3916 3374 3987 μὴ
3429 3916 3603 3987 ἔχων,
3655 3917 3723 3969 ὲκ

2134 4008 2347 4080 Πατρὸς
2401 4008 2798 4079 γεγεννημένος
2846 4009 2949 4079 τῆς
2985 4009 3157 4080 αὑτῆς
3203 4008 3437 4077 φύσεως,
3489 4008 3720 4079 καὶτῆς

2134 4101 2306 4171 αὐτῆς
2344 4100 2615 4175 ’θεότητος
2642 4141 2656 4165 ,
2708 4100 2831 4157 οὔτε
2882 4101 3005 4154 τότε
3059 4100 3201 4154 κατὰ
3256 4100 3530 4170 ἔλλειψιν,
3590 4101 3720 4153 οὒτε

2131 4192 2275 4247 κατὰ
2302 4192 2589 4257 ὑπόϐασιν,
2623 4191 2747 4246 οὔτε
2798 4191 2941 4246 κατὰ
2966 4193 3235 4263 ἀνάγκην,
3265 4193 3298 4266 ἢ
3346 4192 3485 4247 κατὰ
3522 4191 3676 4257 λέξιν
3699 4193 3721 4223 ⁸

2134 4287 2499 4341 ὑποτάσσεται
2566 4284 2644 4355 τῷ
2704 4286 2912 4358 Πατρί·
2983 4286 3097 4339 ἀλλ’
3164 4286 3236 4350 ὡς
3304 4286 3427 4349 Υἱὸς
3490 4287 3721 4357 γνήσιος

2137 4378 2470 4450 μονογενὴς,
2543 4379 2640 4431 σὺν
2709 4377 2883 4449 Πατρὶ
2955 4377 3253 4448 βασιλεύων
3318 4378 3404 4431 ἀεὶ
3448 4379 3529 4440 εἰς
3585 4378 3719 4447 μίαν

372 4542 385 4551 α
440 4478 641 4525 natura
677 4485 741 4524 ac
779 4470 1068 4525 divinitate
1097 4470 1382 4540 praeditus.
1414 4470 1602 4541 Neque
1642 4479 1773 4526 tunc
1802 4482 2021 4541 propter

2131 4470 2397 4541 ἑνότητα,
2465 4470 2560 4523 καὶ
2605 4470 2687 4533 εἰς
2749 4469 2806 4521 ἓν
2872 4470 3039 4540 γέρας
3102 4470 3270 4542 τιμῆς
3322 4471 3540 4538 ἀνάγων
3616 4470 3719 4539 τὴν

444 4563 615 4617 ullum
646 4561 943 4624 defectum,
991 4566 1086 4614 aut
1128 4561 1277 4615 velut
1322 4560 1759 4616 imminutionem
1803 4560 2024 4631 capitis,

442 4663 508 4703 ac
543 4647 944 4714 necessitatem,
979 4648 1095 4703 sive
1118 4650 1412 4719 potestatis
1444 4649 1853 4721 abrogationem
1882 4651 2027 4706 Patri

443 4739 824 4809 subjiciendus
856 4747 973 4808 est;
1004 4740 1099 4797 sed
1130 4741 1357 4812 perinde
1382 4757 1447 4797 ac
1478 4759 1776 4814 germanus
1814 4752 1869 4800 et
1903 4745 2030 4799 uni-

442 4848 543 4888 cus
574 4830 765 4897 Filius,
814 4834 906 4901 qui
943 4849 1068 4888 cum
1098 4832 1263 4890 Patre
1304 4843 1568 4906 perpetuo
1600 4845 1825 4907 regnat,
1867 4845 1922 4892 et
1962 4837 2031 4892 ad

442 4939 607 4980 unam
637 4924 1107 4994 singularitatem,
1149 4933 1315 4997 atque
1342 4942 1513 4981 unum
1541 4927 1742 4993 decus,
1769 4936 1824 4983 et
1853 4928 2025 4983 hono-

440 5031 555 5071 rem
591 5024 807 5070 creatas
841 5032 927 5071 res
959 5032 1152 5074 omnes
1174 5026 1418 5083 revocat,
1451 5027 1504 5074 et
1531 5018 1835 5075 Ecclesiam
1865 5036 2022 5075 suam

440 5106 676 5160 instituit
707 5149 721 5173 ,
766 5104 833 5159 Ut
872 5107 940 5160 sit
990 5106 1127 5162 Deus
1160 5110 1339 5163 omnia
1372 5111 1427 5163 in
1455 5111 1716 5165 omnibus.
1753 5110 2020 5177 Quoniam

439 5212 547 5252 una
576 5206 662 5254 est
695 5197 895 5265 Patris,
924 5206 977 5254 et
1015 5200 1231 5267 Filii,et
1264 5201 1501 5271 Spiritus
1532 5204 1708 5258 sancti
1738 5201 2021 5269 divinitas,

438 5289 761 5345 dominatus
790 5308 953 5359 unus,
975 5293 1382 5365 singularisque
1402 5294 1606 5365 gloria;
1626 5310 1656 5349 a
1673 5294 1811 5352 Filio
1841 5313 2024 5367 porro,

441 5392 706 5453 tanquam
739 5384 807 5439 ab
835 5401 1098 5456 germano
1128 5384 1292 5450 Filio,
1328 5386 1497 5452 Patri,
1529 5397 1587 5443 ut
1615 5405 1714 5460 par
1740 5398 1825 5443 est
1854 5390 2029 5445 honor

449 5474 715 5528 tribuitur
747 5495 758 5529 :
797 5493 897 5531 nec
928 5492 1036 5531 non
1070 5487 1124 5534 et
1148 5492 1179 5531 a
1215 5477 1424 5550 Spiritu
1453 5488 1668 5543 sancto,
1710 5498 1834 5537 cttm
1866 5498 1897 5536 a
1927 5480 2029 5535 Pa-

442 5572 522 5619 tre
583 5574 635 5620 et
665 5556 805 5622 Filio
838 5568 1063 5623 minime
1096 5570 1168 5626 sit
1215 5571 1449 5627 alienus.
1494 5570 1791 5629 Facessant
1845 5574 2030 5644 itaque

512 5764 533 5801 ¹
558 5764 693 5822 Luc.
727 5783 769 5835 ι,
800 5768 892 5824 35.
971 5773 989 5802 ³
1021 5770 1155 5825 Luc.
1190 5784 1326 5836 uti,
1355 5768 1420 5825 l9
1444 5788 1459 5839 ;
1487 5767 1507 5821 ι
1535 5769 1663 5827 Cor.
1699 5787 1776 5841 τι,
1814 5773 1904 5827 24.

2020 5776 2039 5805 ³
2067 5774 2187 5829 Act.
2230 5775 2380 5839 1,“.

2132 4565 2315 4617 πᾶσαν
2346 4562 2542 4626 κτίσιν,
2576 4562 2669 4616 καὶ
2697 4562 2966 4617 διδάσκων
3002 4563 3166 4617 αὑτοῦ
3211 4564 3311 4635 τὴν
3362 4563 3717 4636 Ἐκκλησίαν,

2136 4658 2271 4712 Ἵνα
2297 4651 2337 4727 ᾖ
2377 4659 2409 4711 ό
2444 4655 2587 4721 Θεὸς
2621 4656 2696 4711 τὰ
2739 4655 2937 4710 πάντα
2982 4656 3054 4709 ἐν
3085 4655 3293 4712 πᾶσιν.
3357 4657 3575 4728 Ἐπειδὴ
3620 4658 3718 4727 μία

2134 4748 2282 4802 ἐστὶν
2309 4749 2342 4818 ἡ
2379 4746 2603 4817 θεότης,
2638 4747 2736 4819 μία
2768 4750 2801 4819 ἡ
2838 4749 3125 4821 κυριότης,
3169 4748 3268 4820 μία
3290 4748 3565 4817 δοξολογία
3598 4750 3717 4804 Πα-

2126 4841 2278 4912 τρὸς,
2313 4839 2466 4904 Υἱοῦ,
2500 4842 2594 4894 καὶ
2622 4841 2781 4909 ἁγίου
2812 4842 3159 4913 Πνεὺματος,
3196 4844 3513 4915 πρεπόντως
3545 4860 3717 4913 τιμω-

2136 4931 2295 5002 μένου
2335 4932 2428 4985 τοῦ
2458 4932 2670 5003 Πατρὸς
2700 4932 2806 4986 ὑπὸ
2836 4933 2930 4987 τοῦ
2976 4932 3128 4997 Υίοῦ,
3171 4933 3248 4998 ὡς
3295 4934 3517 5004 γνησίου
3560 4934 3713 4998 Υἱοῦ,

2130 5028 2226 5080 καὶ
2277 5027 2369 5081 τοῦ
2421 5028 2575 5096 ἁγίου
2610 5028 2962 5099 Πνεύματος,
2996 5028 3072 5092 ὡς
3110 5028 3209 5081 οὑκ
3252 5027 3531 5100 ἀλλοτρίου
3563 5029 3715 5091 ὄντος

2131 5120 2344 5191 Πατρὸς
2395 5121 2488 5174 καὶ
2541 5120 2692 5175 Υἱοῦ.
2742 5122 2853 5175 Καὶ
2902 5121 3377 5176 άποκλειέσθωσαν
3416 5123 3524 5174 τῶν
3575 5124 3715 5177 κατὰ

2128 5208 2223 5262 τοῦ
2261 5208 2390 5262 Υἱοῦ
2439 5210 2533 5263 τοῦ
2572 5211 2708 5265 Θεοῦ
2769 5213 2863 5265 καὶ
2902 5212 2995 5265 τοῦ
3031 5214 3188 5281 ἁγίου
3234 5214 3551 5285 Πνεύματος
3594 5215 3717 5285 βλα-

2127 5300 2490 5373 σφημούντων
2528 5304 2681 5358 αὐτοὶ
2707 5307 2753 5357 οἱ
2796 5305 2979 5373 λόγοι,
3012 5307 3108 5360 καὶ
3142 5306 3214 5358 τὰ
3243 5308 3590 5377 ἐπινοήματα
3620 5310 3717 5377 τῆς

2128 5394 2263 5466 πρὸς
2293 5396 2385 5449 τὸν
2412 5396 2538 5451 Υίὸν
2571 5398 2664 5451 καὶ
2693 5398 2755 5450 τὸ
2789 5399 2943 5466 ἅγιον
2984 5397 3211 5469 Πνεῦμα
3239 5397 3458 5470 ἔχθρας.
3498 5399 3611 5453 Καὶ
3639 5399 3714 5453 ἔτι

2129 5484 2292 5537 πάλιν
2321 5487 2388 5539 τὰ
2423 5487 2606 5551 κακῶς
2636 5490 2728 5542 ὑπ’
2759 5489 2936 5543 αὐτῶν
2966 5489 3330 5562 ὲπινοοὺμενα
3360 5491 3709 5561 φωράσαντες

2128 5576 2524 5649 άνατρέψομεν.

2474 5775 2495 5807 ⁸
2517 5774 2742 5835 Mutilus
2774 5780 2948 5837 locus.
3046 5784 3067 5814 ⁸
3091 5781 3153 5838 F.
3185 5783 3357 5849 λῆξιν.
