  <div class='ocr_page' id='page_1' title='image "/cluster/home/n/w/nwhite01/storage/ocr_20150623/42/hvd.32044011752995/164.png"; bbox 0 0 3826 6206; ppageno 0'>
   <div class='ocr_carea' id='block_1_1' title="bbox 129 315 214 370">
    <p class='ocr_par' dir='ltr' id='par_1_1' title="bbox 129 315 214 370">
     <span class='ocr_line' id='line_1_1' title="bbox 129 315 214 370; baseline -0.012 0"><span class='ocrx_word' id='word_1_1' title='bbox 129 315 214 370; x_wconf 72' lang='lat'><strong>32‘)</strong></span> 
     </span>
    </p>
   </div>
   <div class='ocr_carea' id='block_1_2' title="bbox 717 307 1750 365">
    <p class='ocr_par' dir='ltr' id='par_1_2' title="bbox 717 307 1750 365">
     <span class='ocr_line' id='line_1_2' title="bbox 717 307 1750 365; baseline -0.002 -1"><span class='ocrx_word' id='word_1_2' title='bbox 717 307 1094 365; x_wconf 75' lang='lat' dir='ltr'><strong>ADVERSUS</strong></span> <span class='ocrx_word' id='word_1_3' title='bbox 1135 307 1477 364; x_wconf 60' lang='lat' dir='ltr'><strong>IIIEIIESES</strong></span> <span class='ocrx_word' id='word_1_4' title='bbox 1515 307 1643 364; x_wconf 86' lang='lat' dir='ltr'><strong>LIB.</strong></span> <span class='ocrx_word' id='word_1_5' title='bbox 1685 307 1750 362; x_wconf 91' lang='lat' dir='ltr'><strong>II.</strong></span> 
     </span>
    </p>
   </div>
   <div class='ocr_carea' id='block_1_3' title="bbox 1795 305 3333 367">
    <p class='ocr_par' dir='ltr' id='par_1_3' title="bbox 1795 305 3333 367">
     <span class='ocr_line' id='line_1_3' title="bbox 1795 305 3333 367; baseline 0.002 -5"><span class='ocrx_word' id='word_1_6' title='bbox 1795 305 1958 362; x_wconf 77' lang='grc' dir='ltr'><strong>ΤΟΜ.</strong></span> <span class='ocrx_word' id='word_1_7' title='bbox 2001 305 2066 362; x_wconf 93' lang='lat' dir='ltr'><strong>II.</strong></span> <span class='ocrx_word' id='word_1_8' title='bbox 2105 338 2174 347; x_wconf 93' lang='lat'><strong><em>—</em></strong></span> <span class='ocrx_word' id='word_1_9' title='bbox 2210 307 2487 364; x_wconf 59' lang='grc' dir='ltr'><strong>ΗΔΕΒΕδ.</strong></span> <span class='ocrx_word' id='word_1_10' title='bbox 2524 308 2708 364; x_wconf 82' lang='lat' dir='ltr'><strong>LXIX.</strong></span> <span class='ocrx_word' id='word_1_11' title='bbox 3227 305 3333 367; x_wconf 71' lang='lat'><strong>530</strong></span> 
     </span>
    </p>
   </div>
   <div class='ocr_carea' id='block_1_4' title="bbox 125 424 3331 495">
    <p class='ocr_par' dir='ltr' id='par_1_4' title="bbox 125 424 3331 495">
     <span class='ocr_line' id='line_1_4' title="bbox 125 424 3331 495; baseline -0.001 -10"><span class='ocrx_word' id='word_1_12' title='bbox 125 425 596 485; x_wconf 86' lang='lat' dir='ltr'><strong>contumeliosorum</strong></span> <span class='ocrx_word' id='word_1_13' title='bbox 653 424 710 479; x_wconf 88' lang='lat' dir='ltr'><strong>in</strong></span> <span class='ocrx_word' id='word_1_14' title='bbox 767 425 860 479; x_wconf 86' lang='lat' dir='ltr'><strong>Dei</strong></span> <span class='ocrx_word' id='word_1_15' title='bbox 915 425 1133 488; x_wconf 82' lang='lat' dir='ltr'><strong>Filium,</strong></span> <span class='ocrx_word' id='word_1_16' title='bbox 1189 439 1250 478; x_wconf 87' lang='lat' dir='ltr'><strong>ac</strong></span> <span class='ocrx_word' id='word_1_17' title='bbox 1311 425 1572 495; x_wconf 91' lang='lat' dir='ltr'><strong>Spiritum</strong></span> <span class='ocrx_word' id='word_1_18' title='bbox 1635 433 1888 479; x_wconf 87' lang='lat' dir='ltr'><strong>sanctum</strong></span> <span class='ocrx_word' id='word_1_19' title='bbox 1955 424 2135 494; x_wconf 71' lang='lat' dir='ltr'><strong>impia:</strong></span> <span class='ocrx_word' id='word_1_20' title='bbox 2177 438 2362 488; x_wconf 83' lang='lat' dir='ltr'><strong>voces,</strong></span> <span class='ocrx_word' id='word_1_21' title='bbox 2405 438 2469 478; x_wconf 88' lang='lat' dir='ltr'><strong>ac</strong></span> <span class='ocrx_word' id='word_1_22' title='bbox 2520 425 2838 494; x_wconf 73' lang='lat' dir='ltr'><strong>sacrilegae;</strong></span> <span class='ocrx_word' id='word_1_23' title='bbox 2903 429 3331 495; x_wconf 81' lang='lat' dir='ltr'><strong>argumentaque</strong></span> 
     </span>
    </p>
   </div>
   <div class='ocr_carea' id='block_1_5' title="bbox 125 515 3331 588">
    <p class='ocr_par' dir='ltr' id='par_1_5' title="bbox 125 515 3331 588">
     <span class='ocr_line' id='line_1_5' title="bbox 125 515 3331 588; baseline -0.001 -14"><span class='ocrx_word' id='word_1_24' title='bbox 125 521 246 574; x_wconf 91' lang='lat' dir='ltr'><strong>omni</strong></span> <span class='ocrx_word' id='word_1_25' title='bbox 278 520 327 572; x_wconf 89' lang='lat' dir='ltr'><strong>in</strong></span> <span class='ocrx_word' id='word_1_26' title='bbox 355 516 570 572; x_wconf 85' lang='lat' dir='ltr'><strong>eosdem</strong></span> <span class='ocrx_word' id='word_1_27' title='bbox 607 517 905 573; x_wconf 89' lang='lat' dir='ltr'><strong>hostilitate</strong></span> <span class='ocrx_word' id='word_1_28' title='bbox 953 515 1172 572; x_wconf 82' lang='lat' dir='ltr'><strong>referta.</strong></span> <span class='ocrx_word' id='word_1_29' title='bbox 1227 515 1336 572; x_wconf 86' lang='lat' dir='ltr'><strong>Nos</strong></span> <span class='ocrx_word' id='word_1_30' title='bbox 1372 526 1551 571; x_wconf 87' lang='lat' dir='ltr'><strong>autem</strong></span> <span class='ocrx_word' id='word_1_31' title='bbox 1585 523 1780 572; x_wconf 84' lang='lat' dir='ltr'><strong>caetera</strong></span> <span class='ocrx_word' id='word_1_32' title='bbox 1825 517 1962 571; x_wconf 86' lang='lat' dir='ltr'><strong>male</strong></span> <span class='ocrx_word' id='word_1_33' title='bbox 2018 517 2089 570; x_wconf 91' lang='lat' dir='ltr'><strong>ab</strong></span> <span class='ocrx_word' id='word_1_34' title='bbox 2135 516 2242 571; x_wconf 88' lang='lat' dir='ltr'><strong>illis</strong></span> <span class='ocrx_word' id='word_1_35' title='bbox 2282 515 2608 588; x_wconf 80' lang='lat' dir='ltr'><strong>excogitata,</strong></span> <span class='ocrx_word' id='word_1_36' title='bbox 2641 523 2694 572; x_wconf 89' lang='lat' dir='ltr'><strong>et</strong></span> <span class='ocrx_word' id='word_1_37' title='bbox 2735 517 2836 571; x_wconf 89' lang='lat' dir='ltr'><strong>hoc</strong></span> <span class='ocrx_word' id='word_1_38' title='bbox 2895 516 3016 572; x_wconf 91' lang='lat' dir='ltr'><strong>loco</strong></span> <span class='ocrx_word' id='word_1_39' title='bbox 3058 515 3331 588; x_wconf 79' lang='lat' dir='ltr'><strong>patefacta</strong></span> 
     </span>
    </p>
   </div>
   <div class='ocr_carea' id='block_1_6' title="bbox 123 615 372 668">
    <p class='ocr_par' dir='ltr' id='par_1_6' title="bbox 123 615 372 668">
     <span class='ocr_line' id='line_1_6' title="bbox 123 615 372 668; baseline -0.008 0"><span class='ocrx_word' id='word_1_40' title='bbox 123 615 372 668; x_wconf 85' lang='lat' dir='ltr'><strong>diluemus.</strong></span> 
     </span>
    </p>
   </div>
   <div class='ocr_carea' id='block_1_7' title="bbox 179 701 1661 778">
    <p class='ocr_par' dir='ltr' id='par_1_7' title="bbox 179 705 1658 778">
     <span class='ocr_line' id='line_1_7' title="bbox 179 705 1658 778; baseline -0.003 -16"><span class='ocrx_word' id='word_1_41' title='bbox 179 710 295 776; x_wconf 68' lang='grc' dir='ltr'><strong>οςν.</strong></span> <span class='ocrx_word' id='word_1_42' title='bbox 325 705 484 760; x_wconf 84' lang='grc' dir='ltr'>Πάλιν</span> <span class='ocrx_word' id='word_1_43' title='bbox 516 705 734 775; x_wconf 77' lang='grc' dir='ltr'>λέγουσι</span> <span class='ocrx_word' id='word_1_44' title='bbox 755 706 830 778; x_wconf 80' lang='grc'><strong>(5)</strong></span> <span class='ocrx_word' id='word_1_45' title='bbox 865 705 975 760; x_wconf 84' lang='grc' dir='ltr'><strong>τῶν</strong></span> <span class='ocrx_word' id='word_1_46' title='bbox 999 709 1062 759; x_wconf 83' lang='grc' dir='ltr'>ὲκ</span> <span class='ocrx_word' id='word_1_47' title='bbox 1096 705 1190 760; x_wconf 83' lang='grc' dir='ltr'>τοῦ</span> <span class='ocrx_word' id='word_1_48' title='bbox 1217 705 1546 776; x_wconf 80' lang='grc' dir='ltr'>Εὐαγγελίου</span> <span class='ocrx_word' id='word_1_49' title='bbox 1571 706 1658 758; x_wconf 83' lang='grc' dir='ltr'><strong>λέ-</strong></span> 
     </span>
    </p>
   </div>
   <div class='ocr_carea' id='block_1_8' title="bbox 1764 701 3332 778">
    <p class='ocr_par' dir='ltr' id='par_1_8' title="bbox 1831 701 3332 772">
     <span class='ocr_line' id='line_1_8' title="bbox 1831 701 3332 772; baseline 0.002 -16"><span class='ocrx_word' id='word_1_50' title='bbox 1831 701 2064 757; x_wconf 71' lang='lat' dir='ltr'><strong>LXXVI.</strong></span> <span class='ocrx_word' id='word_1_51' title='bbox 2105 702 2240 757; x_wconf 81' lang='lat' dir='ltr'><strong>Aliis</strong></span> <span class='ocrx_word' id='word_1_52' title='bbox 2272 702 2436 772; x_wconf 90' lang='lat' dir='ltr'><strong>igitur</strong></span> <span class='ocrx_word' id='word_1_53' title='bbox 2463 715 2526 756; x_wconf 84' lang='lat' dir='ltr'><strong>ex</strong></span> <span class='ocrx_word' id='word_1_54' title='bbox 2559 701 2852 772; x_wconf 79' lang='lat' dir='ltr'><strong>Evangelia</strong></span> <span class='ocrx_word' id='word_1_55' title='bbox 2879 703 3108 772; x_wconf 73' lang='lat' dir='ltr'><strong>prolatis</strong></span> <span class='ocrx_word' id='word_1_56' title='bbox 3141 713 3332 758; x_wconf 90' lang='lat' dir='ltr'><strong>aucto-</strong></span> 
     </span>
    </p>
   </div>
   <div class='ocr_carea' id='block_1_9' title="bbox 121 797 1658 868">
    <p class='ocr_par' dir='ltr' id='par_1_9' title="bbox 121 797 1658 868">
     <span class='ocr_line' id='line_1_9' title="bbox 121 797 1658 868; baseline -0.001 -15"><span class='ocrx_word' id='word_1_57' title='bbox 121 803 212 868; x_wconf 83' lang='grc' dir='ltr'>ξεις</span> <span class='ocrx_word' id='word_1_58' title='bbox 249 798 409 862; x_wconf 71' lang='grc' dir='ltr'>τινας,</span> <span class='ocrx_word' id='word_1_59' title='bbox 446 799 542 851; x_wconf 84' lang='grc' dir='ltr'><strong>καί</strong></span> <span class='ocrx_word' id='word_1_60' title='bbox 583 815 774 867; x_wconf 84' lang='grc' dir='ltr'>φασιν·</span> <span class='ocrx_word' id='word_1_61' title='bbox 825 798 924 852; x_wconf 90' lang='grc' dir='ltr'>Διά</span> <span class='ocrx_word' id='word_1_62' title='bbox 963 799 1014 852; x_wconf 88' lang='grc' dir='ltr'><strong>τί</strong></span> <span class='ocrx_word' id='word_1_63' title='bbox 1046 801 1118 853; x_wconf 81' lang='grc' dir='ltr'>οὐ</span> <span class='ocrx_word' id='word_1_64' title='bbox 1159 798 1408 853; x_wconf 79' lang='grc' dir='ltr'>δύναται</span> <span class='ocrx_word' id='word_1_65' title='bbox 1466 797 1658 852; x_wconf 76' lang='grc' dir='ltr'>ποιεῖν</span> 
     </span>
    </p>
   </div>
   <div class='ocr_carea' id='block_1_10' title="bbox 123 888 1658 961">
    <p class='ocr_par' dir='ltr' id='par_1_10' title="bbox 123 888 1658 961">
     <span class='ocr_line' id='line_1_10' title="bbox 123 888 1658 961; baseline -0.003 -15"><span class='ocrx_word' id='word_1_66' title='bbox 123 893 273 946; x_wconf 79' lang='grc' dir='ltr'>οὐδὲν</span> <span class='ocrx_word' id='word_1_67' title='bbox 301 893 332 944; x_wconf 83' lang='lat' dir='ltr'><strong>d</strong></span> <span class='ocrx_word' id='word_1_68' title='bbox 351 890 476 956; x_wconf 62' lang='lat' dir='ltr'><strong>nec</strong></span> <span class='ocrx_word' id='word_1_69' title='bbox 503 889 604 959; x_wconf 68' lang='grc' dir='ltr'><strong>ἀφ’</strong></span> <span class='ocrx_word' id='word_1_70' title='bbox 641 889 880 955; x_wconf 78' lang='grc' dir='ltr'>ἑαυτοῦ,</span> <span class='ocrx_word' id='word_1_71' title='bbox 909 891 1018 944; x_wconf 81' lang='grc' dir='ltr'><strong>ἐὰν</strong></span> <span class='ocrx_word' id='word_1_72' title='bbox 1036 889 1122 961; x_wconf 81' lang='grc' dir='ltr'><strong>μὴ</strong></span> <span class='ocrx_word' id='word_1_73' title='bbox 1159 889 1260 958; x_wconf 76' lang='grc' dir='ltr'><strong>ἴδῃ</strong></span> <span class='ocrx_word' id='word_1_74' title='bbox 1291 889 1396 944; x_wconf 74' lang='grc' dir='ltr'><strong>τὸν</strong></span> <span class='ocrx_word' id='word_1_75' title='bbox 1428 888 1658 957; x_wconf 73' lang='grc' dir='ltr'>Πατέρα</span> 
     </span>
    </p>
   </div>
   <div class='ocr_carea' id='block_1_11' title="bbox 122 979 1652 1053">
    <p class='ocr_par' dir='ltr' id='par_1_11' title="bbox 122 979 1652 1053">
     <span class='ocr_line' id='line_1_11' title="bbox 122 979 1652 1053; baseline -0.004 -16"><span class='ocrx_word' id='word_1_76' title='bbox 122 982 406 1044; x_wconf 63' lang='grc' dir='ltr'>ποιοῦν-τω</span> <span class='ocrx_word' id='word_1_77' title='bbox 448 981 561 1034; x_wconf 69' lang='grc' dir='ltr'>Καὶ</span> <span class='ocrx_word' id='word_1_78' title='bbox 594 981 654 1034; x_wconf 83' lang='grc' dir='ltr'><strong>οὐ</strong></span> <span class='ocrx_word' id='word_1_79' title='bbox 692 980 902 1034; x_wconf 82' lang='grc' dir='ltr'><strong>νοοῦσιν</strong></span> <span class='ocrx_word' id='word_1_80' title='bbox 944 981 1200 1053; x_wconf 83' lang='grc' dir='ltr'>ἀπαρχῆς</span> <span class='ocrx_word' id='word_1_81' title='bbox 1245 980 1314 1033; x_wconf 80' lang='grc' dir='ltr'>τὰ</span> <span class='ocrx_word' id='word_1_82' title='bbox 1365 979 1652 1050; x_wconf 82' lang='grc' dir='ltr'>λεγόμενα,</span> 
     </span>
    </p>
   </div>
   <div class='ocr_carea' id='block_1_12' title="bbox 121 1067 1656 1142">
    <p class='ocr_par' dir='ltr' id='par_1_12' title="bbox 121 1067 1656 1142">
     <span class='ocr_line' id='line_1_12' title="bbox 121 1067 1656 1142; baseline -0.005 -16"><span class='ocrx_word' id='word_1_83' title='bbox 121 1075 186 1126; x_wconf 80' lang='grc' dir='ltr'>ὃτι</span> <span class='ocrx_word' id='word_1_84' title='bbox 203 1072 423 1138; x_wconf 79' lang='grc' dir='ltr'><strong>καίτοιγε</strong></span> <span class='ocrx_word' id='word_1_85' title='bbox 443 1069 472 1120; x_wconf 82' lang='grc' dir='ltr'><strong>ὁ</strong></span> <span class='ocrx_word' id='word_1_86' title='bbox 492 1069 681 1140; x_wconf 81' lang='grc' dir='ltr'>Πατὴρ</span> <span class='ocrx_word' id='word_1_87' title='bbox 708 1071 768 1123; x_wconf 85' lang='grc' dir='ltr'><strong>οὐ</strong></span> <span class='ocrx_word' id='word_1_88' title='bbox 813 1071 1078 1142; x_wconf 82' lang='grc' dir='ltr'>πρότερον</span> <span class='ocrx_word' id='word_1_89' title='bbox 1105 1070 1348 1140; x_wconf 78' lang='grc' dir='ltr'>ἐποίησε,</span> <span class='ocrx_word' id='word_1_90' title='bbox 1380 1069 1472 1123; x_wconf 72' lang='grc' dir='ltr'>καὶ</span> <span class='ocrx_word' id='word_1_91' title='bbox 1498 1067 1656 1120; x_wconf 76' lang='grc' dir='ltr'>ὓστε-</span> 
     </span>
    </p>
   </div>
   <div class='ocr_carea' id='block_1_13' title="bbox 124 1158 1655 1236">
    <p class='ocr_par' dir='ltr' id='par_1_13' title="bbox 124 1158 1655 1236">
     <span class='ocr_line' id='line_1_13' title="bbox 124 1158 1655 1236; baseline -0.004 -20"><span class='ocrx_word' id='word_1_92' title='bbox 124 1165 239 1236; x_wconf 83' lang='grc' dir='ltr'>ρονὸ</span> <span class='ocrx_word' id='word_1_93' title='bbox 265 1161 382 1223; x_wconf 79' lang='grc' dir='ltr'><strong>Υἱὸς</strong></span> <span class='ocrx_word' id='word_1_94' title='bbox 423 1158 765 1228; x_wconf 82' lang='grc' dir='ltr'>ὲτεχνάσατο.</span> <span class='ocrx_word' id='word_1_95' title='bbox 813 1161 970 1213; x_wconf 80' lang='grc' dir='ltr'>Ποῖον</span> <span class='ocrx_word' id='word_1_96' title='bbox 1010 1160 1120 1232; x_wconf 87' lang='grc' dir='ltr'>γὰρ</span> <span class='ocrx_word' id='word_1_97' title='bbox 1159 1160 1384 1230; x_wconf 75' lang='grc' dir='ltr'>οὐρανὸν</span> <span class='ocrx_word' id='word_1_98' title='bbox 1433 1161 1655 1228; x_wconf 82' lang='grc' dir='ltr'>ἐποίησε</span> 
     </span>
    </p>
   </div>
   <div class='ocr_carea' id='block_1_14' title="bbox 122 1245 1657 1321">
    <p class='ocr_par' dir='ltr' id='par_1_14' title="bbox 122 1245 1657 1321">
     <span class='ocr_line' id='line_1_14' title="bbox 122 1245 1657 1321; baseline -0.004 -15"><span class='ocrx_word' id='word_1_99' title='bbox 122 1253 220 1306; x_wconf 79' lang='grc' dir='ltr'><strong>καθ’</strong></span> <span class='ocrx_word' id='word_1_100' title='bbox 245 1249 423 1304; x_wconf 77' lang='grc' dir='ltr'>ἑαυτὸν</span> <span class='ocrx_word' id='word_1_101' title='bbox 453 1253 482 1304; x_wconf 83' lang='grc' dir='ltr'>ὁ</span> <span class='ocrx_word' id='word_1_102' title='bbox 509 1249 724 1320; x_wconf 76' lang='grc' dir='ltr'>Πατήρ,</span> <span class='ocrx_word' id='word_1_103' title='bbox 758 1249 877 1312; x_wconf 80' lang='grc' dir='ltr'>ἴνα,</span> <span class='ocrx_word' id='word_1_104' title='bbox 911 1249 1018 1303; x_wconf 78' lang='grc' dir='ltr'><strong>ἀπὸ</strong></span> <span class='ocrx_word' id='word_1_105' title='bbox 1049 1248 1144 1302; x_wconf 82' lang='grc' dir='ltr'>τοῦ</span> <span class='ocrx_word' id='word_1_106' title='bbox 1181 1252 1352 1302; x_wconf 80' lang='grc' dir='ltr'>τύπου</span> <span class='ocrx_word' id='word_1_107' title='bbox 1383 1249 1476 1302; x_wconf 81' lang='grc' dir='ltr'>τοῦ</span> <span class='ocrx_word' id='word_1_108' title='bbox 1508 1245 1657 1321; x_wconf 77' lang='grc' dir='ltr'>πρώ-</span> 
     </span>
    </p>
   </div>
   <div class='ocr_carea' id='block_1_15' title="bbox 121 1341 1655 1414">
    <p class='ocr_par' dir='ltr' id='par_1_15' title="bbox 121 1341 1655 1414">
     <span class='ocr_line' id='line_1_15' title="bbox 121 1341 1655 1414; baseline -0.003 -16"><span class='ocrx_word' id='word_1_109' title='bbox 121 1363 196 1398; x_wconf 77' lang='grc' dir='ltr'><strong>του</strong></span> <span class='ocrx_word' id='word_1_110' title='bbox 227 1343 440 1414; x_wconf 81' lang='grc' dir='ltr'>οὐρανοῦ</span> <span class='ocrx_word' id='word_1_111' title='bbox 469 1341 650 1395; x_wconf 75' lang='grc' dir='ltr'>λαϐὼν</span> <span class='ocrx_word' id='word_1_112' title='bbox 683 1342 744 1395; x_wconf 74' lang='grc' dir='ltr'>τὸ</span> <span class='ocrx_word' id='word_1_113' title='bbox 770 1341 1019 1412; x_wconf 84' lang='grc' dir='ltr'>ὁμοίωμα</span> <span class='ocrx_word' id='word_1_114' title='bbox 1048 1343 1076 1394; x_wconf 87' lang='grc' dir='ltr'>ὁ</span> <span class='ocrx_word' id='word_1_115' title='bbox 1109 1341 1256 1408; x_wconf 84' lang='grc' dir='ltr'>Υίὸς,</span> <span class='ocrx_word' id='word_1_116' title='bbox 1291 1341 1460 1405; x_wconf 77' lang='grc' dir='ltr'>οὕτως</span> <span class='ocrx_word' id='word_1_117' title='bbox 1488 1341 1655 1412; x_wconf 85' lang='grc' dir='ltr'>ὲργά-</span> 
     </span>
    </p>
   </div>
   <div class='ocr_carea' id='block_1_16' title="bbox 121 1429 1655 1504">
    <p class='ocr_par' dir='ltr' id='par_1_16' title="bbox 121 1429 1655 1504">
     <span class='ocr_line' id='line_1_16' title="bbox 121 1429 1655 1504; baseline 0 -18"><span class='ocrx_word' id='word_1_118' title='bbox 121 1451 280 1504; x_wconf 57' lang='lat' dir='ltr'><strong>autut;</strong></span> <span class='ocrx_word' id='word_1_119' title='bbox 320 1431 456 1485; x_wconf 81' lang='grc' dir='ltr'>Ἀλλ’</span> <span class='ocrx_word' id='word_1_120' title='bbox 481 1432 654 1496; x_wconf 74' lang='grc' dir='ltr'>οὐδεὶς</span> <span class='ocrx_word' id='word_1_121' title='bbox 678 1430 836 1485; x_wconf 82' lang='grc' dir='ltr'>τοῦτο</span> <span class='ocrx_word' id='word_1_122' title='bbox 859 1431 1079 1484; x_wconf 77' lang='grc' dir='ltr'>δύναται</span> <span class='ocrx_word' id='word_1_123' title='bbox 1103 1429 1268 1496; x_wconf 77' lang='grc' dir='ltr'>δεῖξαι</span> <span class='ocrx_word' id='word_1_124' title='bbox 1293 1431 1402 1485; x_wconf 88' lang='grc' dir='ltr'><strong>τῶν</strong></span> <span class='ocrx_word' id='word_1_125' title='bbox 1429 1431 1528 1502; x_wconf 80' lang='grc' dir='ltr'>τὴν</span> <span class='ocrx_word' id='word_1_126' title='bbox 1555 1449 1655 1486; x_wconf 88' lang='grc' dir='ltr'><strong>κα-</strong></span> 
     </span>
    </p>
   </div>
   <div class='ocr_carea' id='block_1_17' title="bbox 121 1521 1657 1592">
    <p class='ocr_par' dir='ltr' id='par_1_17' title="bbox 121 1521 1657 1592">
     <span class='ocr_line' id='line_1_17' title="bbox 121 1521 1657 1592; baseline -0.002 -14"><span class='ocrx_word' id='word_1_127' title='bbox 121 1527 223 1578; x_wconf 79' lang='grc' dir='ltr'>κίαν</span> <span class='ocrx_word' id='word_1_128' title='bbox 252 1523 617 1578; x_wconf 75' lang='grc' dir='ltr'>ἐπινοούντων.</span> <span class='ocrx_word' id='word_1_129' title='bbox 650 1525 756 1578; x_wconf 77' lang='grc' dir='ltr'><strong>Ἐν</strong></span> <span class='ocrx_word' id='word_1_130' title='bbox 788 1521 946 1592; x_wconf 79' lang='grc' dir='ltr'>ἀρχῇ</span> <span class='ocrx_word' id='word_1_131' title='bbox 990 1523 1099 1592; x_wconf 76' lang='grc' dir='ltr'><strong>τὰρ</strong></span> <span class='ocrx_word' id='word_1_132' title='bbox 1125 1522 1412 1590; x_wconf 78' lang='grc' dir='ltr'>ἐποίησεν</span> <span class='ocrx_word' id='word_1_133' title='bbox 1454 1525 1487 1576; x_wconf 82' lang='lat' dir='ltr'><strong>d</strong></span> <span class='ocrx_word' id='word_1_134' title='bbox 1511 1523 1657 1587; x_wconf 84' lang='grc' dir='ltr'><strong>Θεὸς</strong></span> 
     </span>
    </p>
   </div>
   <div class='ocr_carea' id='block_1_18' title="bbox 119 1612 1654 1685">
    <p class='ocr_par' dir='ltr' id='par_1_18' title="bbox 119 1612 1654 1685">
     <span class='ocr_line' id='line_1_18' title="bbox 119 1612 1654 1685; baseline -0.004 -15"><span class='ocrx_word' id='word_1_135' title='bbox 119 1617 206 1670; x_wconf 68' lang='grc' dir='ltr'><strong>τὸν</strong></span> <span class='ocrx_word' id='word_1_136' title='bbox 224 1614 470 1684; x_wconf 77' lang='grc' dir='ltr'>οὐρανὸν</span> <span class='ocrx_word' id='word_1_137' title='bbox 501 1613 600 1668; x_wconf 76' lang='grc' dir='ltr'><strong>καὶ</strong></span> <span class='ocrx_word' id='word_1_138' title='bbox 621 1613 738 1682; x_wconf 76' lang='grc' dir='ltr'><strong>τὴν</strong></span> <span class='ocrx_word' id='word_1_139' title='bbox 757 1612 894 1682; x_wconf 71' lang='grc' dir='ltr'><strong>γῆν.</strong></span> <span class='ocrx_word' id='word_1_140' title='bbox 939 1612 1075 1664; x_wconf 83' lang='grc' dir='ltr'>Ἀλλ’</span> <span class='ocrx_word' id='word_1_141' title='bbox 1110 1612 1226 1683; x_wconf 82' lang='grc' dir='ltr'><strong>ἀμα</strong></span> <span class='ocrx_word' id='word_1_142' title='bbox 1255 1613 1312 1665; x_wconf 80' lang='grc' dir='ltr'>ὲν</span> <span class='ocrx_word' id='word_1_143' title='bbox 1341 1615 1480 1685; x_wconf 82' lang='grc' dir='ltr'>ἀρχῇ</span> <span class='ocrx_word' id='word_1_144' title='bbox 1509 1614 1566 1664; x_wconf 78' lang='grc' dir='ltr'>ὲν</span> <span class='ocrx_word' id='word_1_145' title='bbox 1589 1615 1654 1685; x_wconf 84' lang='grc' dir='ltr'>τῇ</span> 
     </span>
    </p>
   </div>
   <div class='ocr_carea' id='block_1_19' title="bbox 119 1700 1680 1776">
    <p class='ocr_par' dir='ltr' id='par_1_19' title="bbox 119 1700 1680 1776">
     <span class='ocr_line' id='line_1_19' title="bbox 119 1700 1680 1776; baseline -0.004 -18"><span class='ocrx_word' id='word_1_146' title='bbox 119 1705 406 1776; x_wconf 76' lang='grc' dir='ltr'>κοσμοποιίᾳ</span> <span class='ocrx_word' id='word_1_147' title='bbox 471 1704 704 1773; x_wconf 79' lang='grc' dir='ltr'><strong>φάσκει·</strong></span> <span class='ocrx_word' id='word_1_148' title='bbox 763 1700 1110 1770; x_wconf 77' lang='grc' dir='ltr'><strong>Ποιήσωμεν</strong></span> <span class='ocrx_word' id='word_1_149' title='bbox 1161 1701 1474 1770; x_wconf 77' lang='grc' dir='ltr'>ἄνθρωπον</span> <span class='ocrx_word' id='word_1_150' title='bbox 1527 1701 1680 1756; x_wconf 83' lang='grc' dir='ltr'><strong>κατ’.</strong></span> 
     </span>
    </p>
   </div>
   <div class='ocr_carea' id='block_1_20' title="bbox 117 1786 1654 1864">
    <p class='ocr_par' dir='ltr' id='par_1_20' title="bbox 117 1786 1654 1864">
     <span class='ocr_line' id='line_1_20' title="bbox 117 1786 1654 1864; baseline -0.004 -14"><span class='ocrx_word' id='word_1_151' title='bbox 117 1797 292 1850; x_wconf 68' lang='grc' dir='ltr'>εἰκόνα</span> <span class='ocrx_word' id='word_1_152' title='bbox 315 1795 608 1864; x_wconf 76' lang='grc' dir='ltr'><strong>ἡμετέραν</strong></span> <span class='ocrx_word' id='word_1_153' title='bbox 637 1793 732 1847; x_wconf 72' lang='grc' dir='ltr'><strong>καὶ</strong></span> <span class='ocrx_word' id='word_1_154' title='bbox 766 1793 892 1845; x_wconf 79' lang='grc' dir='ltr'><strong>καθ’</strong></span> <span class='ocrx_word' id='word_1_155' title='bbox 918 1791 1222 1861; x_wconf 79' lang='grc' dir='ltr'><strong>ὁμοίωσιν.</strong></span> <span class='ocrx_word' id='word_1_156' title='bbox 1249 1789 1360 1844; x_wconf 71' lang='grc' dir='ltr'>Καὶ</span> <span class='ocrx_word' id='word_1_157' title='bbox 1387 1790 1486 1844; x_wconf 84' lang='grc' dir='ltr'><strong>οὐκ</strong></span> <span class='ocrx_word' id='word_1_158' title='bbox 1514 1786 1654 1844; x_wconf 79' lang='grc' dir='ltr'>εἷπε·</span> 
     </span>
    </p>
   </div>
   <div class='ocr_carea' id='block_1_21' title="bbox 117 1881 1657 1956">
    <p class='ocr_par' dir='ltr' id='par_1_21' title="bbox 117 1881 1657 1956">
     <span class='ocr_line' id='line_1_21' title="bbox 117 1881 1657 1956; baseline -0.001 -18"><span class='ocrx_word' id='word_1_159' title='bbox 117 1886 278 1956; x_wconf 74' lang='grc' dir='ltr'>Δεῦρο,</span> <span class='ocrx_word' id='word_1_160' title='bbox 326 1886 536 1954; x_wconf 78' lang='grc' dir='ltr'>ποιήσω</span> <span class='ocrx_word' id='word_1_161' title='bbox 579 1883 673 1936; x_wconf 76' lang='grc' dir='ltr'><strong>καὶ</strong></span> <span class='ocrx_word' id='word_1_162' title='bbox 717 1881 978 1948; x_wconf 75' lang='grc' dir='ltr'>ὑποδείξω</span> <span class='ocrx_word' id='word_1_163' title='bbox 1011 1883 1127 1944; x_wconf 84' lang='grc' dir='ltr'><strong>πῶς</strong></span> <span class='ocrx_word' id='word_1_164' title='bbox 1159 1881 1386 1954; x_wconf 77' lang='grc' dir='ltr'><strong>ἐργάσῃ.</strong></span> <span class='ocrx_word' id='word_1_165' title='bbox 1426 1881 1657 1936; x_wconf 82' lang='grc' dir='ltr'>Ἔπειτα</span> 
     </span>
    </p>
   </div>
   <div class='ocr_carea' id='block_1_22' title="bbox 113 1971 1655 2041">
    <p class='ocr_par' dir='ltr' id='par_1_22' title="bbox 113 1971 1655 2041">
     <span class='ocr_line' id='line_1_22' title="bbox 113 1971 1655 2041; baseline -0.004 -11"><span class='ocrx_word' id='word_1_166' title='bbox 113 1978 178 2040; x_wconf 79' lang='grc' dir='ltr'><strong>δὲ,</strong></span> <span class='ocrx_word' id='word_1_167' title='bbox 210 1976 300 2030; x_wconf 76' lang='grc' dir='ltr'><strong>Καὶ</strong></span> <span class='ocrx_word' id='word_1_168' title='bbox 334 1974 624 2041; x_wconf 74' lang='grc' dir='ltr'>ἐποίησεν·</span> <span class='ocrx_word' id='word_1_169' title='bbox 661 1975 694 2027; x_wconf 83' lang='grc' dir='ltr'><strong>δ</strong></span> <span class='ocrx_word' id='word_1_170' title='bbox 729 1972 871 2037; x_wconf 82' lang='grc' dir='ltr'><strong>Θεὸς</strong></span> <span class='ocrx_word' id='word_1_171' title='bbox 903 1971 1010 2025; x_wconf 80' lang='grc' dir='ltr'><strong>τὸν</strong></span> <span class='ocrx_word' id='word_1_172' title='bbox 1047 1971 1381 2040; x_wconf 76' lang='grc' dir='ltr'><strong>ἄνθρωπον.</strong></span> <span class='ocrx_word' id='word_1_173' title='bbox 1419 1971 1527 2024; x_wconf 74' lang='grc' dir='ltr'><strong>Καὶ</strong></span> <span class='ocrx_word' id='word_1_174' title='bbox 1555 1972 1655 2024; x_wconf 82' lang='grc' dir='ltr'><strong>οὐκ</strong></span> 
     </span>
    </p>
   </div>
   <div class='ocr_carea' id='block_1_23' title="bbox 117 2039 1734 2138">
    <p class='ocr_par' dir='ltr' id='par_1_23' title="bbox 117 2039 1734 2138">
     <span class='ocr_line' id='line_1_23' title="bbox 117 2039 1734 2138; baseline -0.004 -15"><span class='ocrx_word' id='word_1_175' title='bbox 117 2039 260 2132; x_wconf 75' lang='grc' dir='ltr'>εἶπεν,</span> <span class='ocrx_word' id='word_1_176' title='bbox 297 2039 568 2138; x_wconf 58' lang='lat' dir='ltr'><strong>Eminus,</strong></span> <span class='ocrx_word' id='word_1_177' title='bbox 607 2065 699 2119; x_wconf 78' lang='grc' dir='ltr'>καὶ</span> <span class='ocrx_word' id='word_1_178' title='bbox 723 2063 890 2130; x_wconf 74' lang='grc' dir='ltr'>ἔδειξε</span> <span class='ocrx_word' id='word_1_179' title='bbox 931 2062 1009 2134; x_wconf 80' lang='grc' dir='ltr'>τῷ</span> <span class='ocrx_word' id='word_1_180' title='bbox 1057 2039 1172 2134; x_wconf 80' lang='grc' dir='ltr'><strong>Υίῷ</strong></span> <span class='ocrx_word' id='word_1_181' title='bbox 1225 2062 1342 2127; x_wconf 80' lang='grc' dir='ltr'><strong>πῶς</strong></span> <span class='ocrx_word' id='word_1_182' title='bbox 1369 2064 1450 2116; x_wconf 82' lang='grc' dir='ltr'><strong>δεῖ</strong></span> <span class='ocrx_word' id='word_1_183' title='bbox 1489 2063 1660 2116; x_wconf 83' lang='grc' dir='ltr'>ποιεῖν</span> <span class='ocrx_word' id='word_1_184' title='bbox 1693 2039 1734 2098; x_wconf 70' lang='grc' dir='ltr'><strong><em>Β</em></strong></span> 
     </span>
    </p>
   </div>
   <div class='ocr_carea' id='block_1_24' title="bbox 117 2149 1662 2232">
    <p class='ocr_par' dir='ltr' id='par_1_24' title="bbox 117 2149 1662 2232">
     <span class='ocr_line' id='line_1_24' title="bbox 117 2149 1662 2232; baseline -0.005 -17"><span class='ocrx_word' id='word_1_185' title='bbox 117 2163 190 2215; x_wconf 66' lang='grc' dir='ltr'><strong>τὸν</strong></span> <span class='ocrx_word' id='word_1_186' title='bbox 227 2160 520 2232; x_wconf 70' lang='grc' dir='ltr'>ἄνθρωπον.</span> <span class='ocrx_word' id='word_1_187' title='bbox 551 2157 688 2212; x_wconf 78' lang='grc' dir='ltr'>Οὔτε</span> <span class='ocrx_word' id='word_1_188' title='bbox 727 2157 838 2228; x_wconf 86' lang='grc' dir='ltr'>γὰρ</span> <span class='ocrx_word' id='word_1_189' title='bbox 883 2157 940 2209; x_wconf 82' lang='grc' dir='ltr'>ὲν</span> <span class='ocrx_word' id='word_1_190' title='bbox 979 2153 1172 2226; x_wconf 77' lang='grc' dir='ltr'><strong>ἀγνοίᾳ</strong></span> <span class='ocrx_word' id='word_1_191' title='bbox 1205 2149 1273 2226; x_wconf 81' lang='grc' dir='ltr'>ἦν</span> <span class='ocrx_word' id='word_1_192' title='bbox 1315 2153 1344 2206; x_wconf 84' lang='grc' dir='ltr'>ὁ</span> <span class='ocrx_word' id='word_1_193' title='bbox 1383 2153 1538 2218; x_wconf 84' lang='grc' dir='ltr'>Υίδς,</span> <span class='ocrx_word' id='word_1_194' title='bbox 1573 2153 1662 2207; x_wconf 81' lang='grc' dir='ltr'><strong>ἵνα</strong></span> 
     </span>
    </p>
   </div>
   <div class='ocr_carea' id='block_1_25' title="bbox 123 2247 1656 2324">
    <p class='ocr_par' dir='ltr' id='par_1_25' title="bbox 123 2247 1656 2324">
     <span class='ocr_line' id='line_1_25' title="bbox 123 2247 1656 2324; baseline -0.003 -20"><span class='ocrx_word' id='word_1_195' title='bbox 123 2253 238 2324; x_wconf 83' lang='grc' dir='ltr'>μετά</span> <span class='ocrx_word' id='word_1_196' title='bbox 263 2253 320 2306; x_wconf 75' lang='grc' dir='ltr'>τὸ</span> <span class='ocrx_word' id='word_1_197' title='bbox 357 2252 548 2323; x_wconf 78' lang='grc' dir='ltr'>μαθεῖν</span> <span class='ocrx_word' id='word_1_198' title='bbox 573 2251 786 2321; x_wconf 76' lang='grc' dir='ltr'>τέχνην,</span> <span class='ocrx_word' id='word_1_199' title='bbox 813 2248 936 2301; x_wconf 79' lang='grc' dir='ltr'>τότε</span> <span class='ocrx_word' id='word_1_200' title='bbox 965 2247 1033 2302; x_wconf 76' lang='grc' dir='ltr'>τὰ</span> <span class='ocrx_word' id='word_1_201' title='bbox 1059 2247 1117 2315; x_wconf 76' lang='grc' dir='ltr'>ἐξ</span> <span class='ocrx_word' id='word_1_202' title='bbox 1143 2248 1309 2318; x_wconf 78' lang='grc' dir='ltr'>αὐτῆς</span> <span class='ocrx_word' id='word_1_203' title='bbox 1337 2247 1656 2319; x_wconf 81' lang='grc' dir='ltr'>ἐργάσηται.</span> 
     </span>
    </p>
   </div>
   <div class='ocr_carea' id='block_1_26' title="bbox 131 2339 1660 2416">
    <p class='ocr_par' dir='ltr' id='par_1_26' title="bbox 131 2339 1660 2416">
     <span class='ocr_line' id='line_1_26' title="bbox 131 2339 1660 2416; baseline -0.005 -17"><span class='ocrx_word' id='word_1_204' title='bbox 131 2346 246 2400; x_wconf 82' lang='grc' dir='ltr'>Ἀλλ’</span> <span class='ocrx_word' id='word_1_205' title='bbox 273 2345 453 2416; x_wconf 75' lang='grc' dir='ltr'>ἐπειδὴ</span> <span class='ocrx_word' id='word_1_206' title='bbox 481 2344 644 2398; x_wconf 84' lang='grc' dir='ltr'>πάλιν</span> <span class='ocrx_word' id='word_1_207' title='bbox 676 2339 842 2398; x_wconf 58' lang='lat' dir='ltr'><strong>item</strong></span> <span class='ocrx_word' id='word_1_208' title='bbox 872 2341 901 2392; x_wconf 83' lang='lat'><em>6</em></span> <span class='ocrx_word' id='word_1_209' title='bbox 931 2340 1136 2412; x_wconf 82' lang='grc' dir='ltr'>Κύριος</span> <span class='ocrx_word' id='word_1_210' title='bbox 1165 2339 1323 2411; x_wconf 78' lang='grc' dir='ltr'>ἡμῶν</span> <span class='ocrx_word' id='word_1_211' title='bbox 1353 2341 1450 2409; x_wconf 77' lang='grc' dir='ltr'><strong>τὴν</strong></span> <span class='ocrx_word' id='word_1_212' title='bbox 1485 2340 1660 2411; x_wconf 69' lang='grc' dir='ltr'>ὰάρκα</span> 
     </span>
    </p>
   </div>
   <div class='ocr_carea' id='block_1_27' title="bbox 117 2433 1662 2508">
    <p class='ocr_par' dir='ltr' id='par_1_27' title="bbox 117 2433 1662 2508">
     <span class='ocr_line' id='line_1_27' title="bbox 117 2433 1662 2508; baseline -0.003 -16"><span class='ocrx_word' id='word_1_213' title='bbox 117 2439 394 2504; x_wconf 72' lang='grc' dir='ltr'>ἐνεδύσατο,</span> <span class='ocrx_word' id='word_1_214' title='bbox 429 2437 528 2491; x_wconf 78' lang='grc' dir='ltr'><strong>καὶ</strong></span> <span class='ocrx_word' id='word_1_215' title='bbox 573 2436 856 2508; x_wconf 82' lang='grc' dir='ltr'>ἄνθρωπος</span> <span class='ocrx_word' id='word_1_216' title='bbox 887 2435 1132 2504; x_wconf 77' lang='grc' dir='ltr'>ἐγένετο,</span> <span class='ocrx_word' id='word_1_217' title='bbox 1163 2434 1256 2486; x_wconf 76' lang='grc' dir='ltr'>καὶ</span> <span class='ocrx_word' id='word_1_218' title='bbox 1284 2434 1341 2487; x_wconf 80' lang='grc' dir='ltr'>ὲν</span> <span class='ocrx_word' id='word_1_219' title='bbox 1379 2433 1510 2504; x_wconf 82' lang='grc' dir='ltr'>ἡμῖν</span> <span class='ocrx_word' id='word_1_220' title='bbox 1540 2449 1662 2487; x_wconf 86' lang='grc' dir='ltr'>συν-</span> 
     </span>
    </p>
   </div>
   <div class='ocr_carea' id='block_1_28' title="bbox 119 2523 1656 2602">
    <p class='ocr_par' dir='ltr' id='par_1_28' title="bbox 119 2523 1656 2602">
     <span class='ocr_line' id='line_1_28' title="bbox 119 2523 1656 2602; baseline -0.005 -18"><span class='ocrx_word' id='word_1_221' title='bbox 119 2531 396 2602; x_wconf 73' lang='grc' dir='ltr'>ανεστράςρη</span> <span class='ocrx_word' id='word_1_222' title='bbox 416 2571 431 2595; x_wconf 88' lang='grc'><strong><em>,</em></strong></span> <span class='ocrx_word' id='word_1_223' title='bbox 463 2526 578 2600; x_wconf 79' lang='grc' dir='ltr'>εἶχε</span> <span class='ocrx_word' id='word_1_224' title='bbox 603 2530 660 2582; x_wconf 84' lang='grc' dir='ltr'>δὲ</span> <span class='ocrx_word' id='word_1_225' title='bbox 701 2529 836 2601; x_wconf 83' lang='grc' dir='ltr'>πρὸς</span> <span class='ocrx_word' id='word_1_226' title='bbox 874 2528 1000 2590; x_wconf 77' lang='grc' dir='ltr'>τοὺς</span> <span class='ocrx_word' id='word_1_227' title='bbox 1037 2525 1322 2588; x_wconf 76' lang='grc' dir='ltr'><strong>Ἰουδαίους</strong></span> <span class='ocrx_word' id='word_1_228' title='bbox 1360 2525 1452 2578; x_wconf 81' lang='grc' dir='ltr'><strong>τὸν</strong></span> <span class='ocrx_word' id='word_1_229' title='bbox 1482 2523 1656 2593; x_wconf 88' lang='grc' dir='ltr'>λόγον,</span> 
     </span>
    </p>
   </div>
   <div class='ocr_carea' id='block_1_29' title="bbox 117 2616 1660 2692">
    <p class='ocr_par' dir='ltr' id='par_1_29' title="bbox 117 2616 1660 2692">
     <span class='ocr_line' id='line_1_29' title="bbox 117 2616 1660 2692; baseline -0.005 -16"><span class='ocrx_word' id='word_1_230' title='bbox 117 2625 282 2687; x_wconf 75' lang='grc' dir='ltr'>οἵτινες</span> <span class='ocrx_word' id='word_1_231' title='bbox 305 2621 556 2692; x_wconf 81' lang='grc' dir='ltr'>ἐνόμιζον</span> <span class='ocrx_word' id='word_1_232' title='bbox 579 2622 739 2676; x_wconf 79' lang='grc' dir='ltr'>αὐτὸν</span> <span class='ocrx_word' id='word_1_233' title='bbox 762 2621 829 2674; x_wconf 80' lang='grc' dir='ltr'>τὰ</span> <span class='ocrx_word' id='word_1_234' title='bbox 848 2619 940 2674; x_wconf 77' lang='grc' dir='ltr'>τοῦ</span> <span class='ocrx_word' id='word_1_235' title='bbox 971 2619 1184 2690; x_wconf 82' lang='grc' dir='ltr'>Πατρὸς</span> <span class='ocrx_word' id='word_1_236' title='bbox 1205 2617 1510 2678; x_wconf 78' lang='grc' dir='ltr'>καταλύειν,</span> <span class='ocrx_word' id='word_1_237' title='bbox 1538 2616 1660 2687; x_wconf 79' lang='grc' dir='ltr'>βου·-</span> 
     </span>
    </p>
   </div>
   <div class='ocr_carea' id='block_1_30' title="bbox 118 2707 1656 2787">
    <p class='ocr_par' dir='ltr' id='par_1_30' title="bbox 118 2707 1656 2787">
     <span class='ocr_line' id='line_1_30' title="bbox 118 2707 1656 2787; baseline -0.005 -19"><span class='ocrx_word' id='word_1_238' title='bbox 118 2717 310 2787; x_wconf 79' lang='grc' dir='ltr'>λόμενος</span> <span class='ocrx_word' id='word_1_239' title='bbox 334 2717 631 2784; x_wconf 77' lang='grc' dir='ltr'>ἀναγαγεῖν</span> <span class='ocrx_word' id='word_1_240' title='bbox 656 2715 756 2786; x_wconf 80' lang='grc' dir='ltr'><strong>τὴν</strong></span> <span class='ocrx_word' id='word_1_241' title='bbox 798 2714 1032 2767; x_wconf 73' lang='grc' dir='ltr'>διάνοιαν</span> <span class='ocrx_word' id='word_1_242' title='bbox 1059 2709 1151 2764; x_wconf 76' lang='grc' dir='ltr'>τοῦ</span> <span class='ocrx_word' id='word_1_243' title='bbox 1183 2709 1257 2780; x_wconf 82' lang='grc' dir='ltr'><strong>μὴ</strong></span> <span class='ocrx_word' id='word_1_244' title='bbox 1284 2707 1569 2782; x_wconf 83' lang='grc' dir='ltr'>προσέχειν</span> <span class='ocrx_word' id='word_1_245' title='bbox 1591 2710 1656 2780; x_wconf 79' lang='grc' dir='ltr'>τῇ</span> 
     </span>
    </p>
   </div>
   <div class='ocr_carea' id='block_1_31' title="bbox 117 2799 1660 2878">
    <p class='ocr_par' dir='ltr' id='par_1_31' title="bbox 117 2799 1660 2878">
     <span class='ocr_line' id='line_1_31' title="bbox 117 2799 1660 2878; baseline -0.004 -18"><span class='ocrx_word' id='word_1_246' title='bbox 117 2807 251 2861; x_wconf 71' lang='grc' dir='ltr'>αὑτοῦ</span> <span class='ocrx_word' id='word_1_247' title='bbox 291 2806 704 2878; x_wconf 79' lang='grc' dir='ltr'>ὲνανθρωπήσει</span> <span class='ocrx_word' id='word_1_248' title='bbox 746 2805 924 2876; x_wconf 81' lang='grc' dir='ltr'>μόνον,</span> <span class='ocrx_word' id='word_1_249' title='bbox 960 2804 1172 2872; x_wconf 73' lang='grc' dir='ltr'>ἕλεγενο</span> <span class='ocrx_word' id='word_1_250' title='bbox 1209 2799 1400 2854; x_wconf 78' lang='grc' dir='ltr'>Οὐδὲν</span> <span class='ocrx_word' id='word_1_251' title='bbox 1429 2799 1592 2854; x_wconf 80' lang='grc' dir='ltr'>ποιεῖ</span> <span class='ocrx_word' id='word_1_252' title='bbox 1626 2803 1660 2854; x_wconf 84' lang='grc' dir='ltr'><em>ὁ</em></span> 
     </span>
    </p>
   </div>
   <div class='ocr_carea' id='block_1_32' title="bbox 117 2892 1660 2969">
    <p class='ocr_par' dir='ltr' id='par_1_32' title="bbox 117 2892 1660 2969">
     <span class='ocr_line' id='line_1_32' title="bbox 117 2892 1660 2969; baseline -0.006 -16"><span class='ocrx_word' id='word_1_253' title='bbox 117 2901 238 2968; x_wconf 75' lang='grc' dir='ltr'><strong><em>Υἱὸς,</em></strong></span> <span class='ocrx_word' id='word_1_254' title='bbox 265 2901 368 2954; x_wconf 78' lang='grc' dir='ltr'><strong>ἐὰν</strong></span> <span class='ocrx_word' id='word_1_255' title='bbox 397 2899 488 2969; x_wconf 82' lang='grc' dir='ltr'><strong>μὴ</strong></span> <span class='ocrx_word' id='word_1_256' title='bbox 518 2899 615 2968; x_wconf 76' lang='grc' dir='ltr'><strong>ιδῃ</strong></span> <span class='ocrx_word' id='word_1_257' title='bbox 644 2897 751 2952; x_wconf 73' lang='grc' dir='ltr'>τὸν</span> <span class='ocrx_word' id='word_1_258' title='bbox 777 2897 1010 2964; x_wconf 81' lang='grc' dir='ltr'><strong>Πατέρα</strong></span> <span class='ocrx_word' id='word_1_259' title='bbox 1047 2893 1336 2948; x_wconf 70' lang='grc' dir='ltr'>ποιοῦντα</span> <span class='ocrx_word' id='word_1_260' title='bbox 1355 2909 1369 2922; x_wconf 89' lang='grc'><strong>·</strong></span> <span class='ocrx_word' id='word_1_261' title='bbox 1399 2893 1485 2947; x_wconf 78' lang='grc' dir='ltr'><strong>ἵνα</strong></span> <span class='ocrx_word' id='word_1_262' title='bbox 1512 2892 1660 2964; x_wconf 77' lang='grc' dir='ltr'>δείξῃ</span> 
     </span>
    </p>
   </div>
   <div class='ocr_carea' id='block_1_33' title="bbox 115 2983 1659 3064">
    <p class='ocr_par' dir='ltr' id='par_1_33' title="bbox 115 2983 1659 3064">
     <span class='ocr_line' id='line_1_33' title="bbox 115 2983 1659 3064; baseline -0.006 -19"><span class='ocrx_word' id='word_1_263' title='bbox 115 2993 164 3045; x_wconf 76' lang='grc' dir='ltr'><strong>τὸ</strong></span> <span class='ocrx_word' id='word_1_264' title='bbox 191 2992 335 3064; x_wconf 77' lang='grc' dir='ltr'>ἔργον</span> <span class='ocrx_word' id='word_1_265' title='bbox 373 2993 467 3046; x_wconf 78' lang='grc' dir='ltr'>τοῦ</span> <span class='ocrx_word' id='word_1_266' title='bbox 511 2989 641 3044; x_wconf 81' lang='grc' dir='ltr'>Υἱοῦ</span> <span class='ocrx_word' id='word_1_267' title='bbox 683 2985 818 3043; x_wconf 75' lang='grc' dir='ltr'>εἶναι</span> <span class='ocrx_word' id='word_1_268' title='bbox 849 2991 1008 3060; x_wconf 78' lang='grc' dir='ltr'>ἔργον</span> <span class='ocrx_word' id='word_1_269' title='bbox 1037 2985 1129 3039; x_wconf 77' lang='grc' dir='ltr'><strong>τοῦ</strong></span> <span class='ocrx_word' id='word_1_270' title='bbox 1159 2985 1390 3057; x_wconf 78' lang='grc' dir='ltr'>Πατρὸς,</span> <span class='ocrx_word' id='word_1_271' title='bbox 1436 2984 1526 3037; x_wconf 79' lang='grc' dir='ltr'>καὶ</span> <span class='ocrx_word' id='word_1_272' title='bbox 1570 2983 1659 3036; x_wconf 74' lang='grc' dir='ltr'><strong>τὸν</strong></span> 
     </span>
    </p>
   </div>
   <div class='ocr_carea' id='block_1_34' title="bbox 117 3073 1659 3154">
    <p class='ocr_par' dir='ltr' id='par_1_34' title="bbox 117 3073 1659 3154">
     <span class='ocr_line' id='line_1_34' title="bbox 117 3073 1659 3154; baseline -0.006 -17"><span class='ocrx_word' id='word_1_273' title='bbox 117 3083 304 3154; x_wconf 81' lang='grc' dir='ltr'>Πατέρα</span> <span class='ocrx_word' id='word_1_274' title='bbox 328 3081 650 3137; x_wconf 79' lang='grc' dir='ltr'>εὐδοκοῦντα</span> <span class='ocrx_word' id='word_1_275' title='bbox 675 3083 766 3134; x_wconf 75' lang='grc' dir='ltr'>ἐπὶ</span> <span class='ocrx_word' id='word_1_276' title='bbox 791 3083 856 3151; x_wconf 86' lang='grc' dir='ltr'>τῇ</span> <span class='ocrx_word' id='word_1_277' title='bbox 878 3077 1043 3133; x_wconf 80' lang='grc' dir='ltr'>αὐτοῦ</span> <span class='ocrx_word' id='word_1_278' title='bbox 1074 3077 1171 3145; x_wconf 79' lang='grc' dir='ltr'><strong>τῆς</strong></span> <span class='ocrx_word' id='word_1_279' title='bbox 1198 3075 1376 3146; x_wconf 79' lang='grc' dir='ltr'><strong>πάσης</strong></span> <span class='ocrx_word' id='word_1_280' title='bbox 1399 3073 1659 3146; x_wconf 69' lang='grc' dir='ltr'>ἐργασίας</span> 
     </span>
    </p>
   </div>
   <div class='ocr_carea' id='block_1_35' title="bbox 115 3165 1660 3246">
    <p class='ocr_par' dir='ltr' id='par_1_35' title="bbox 115 3165 1660 3246">
     <span class='ocr_line' id='line_1_35' title="bbox 115 3165 1660 3246; baseline -0.005 -19"><span class='ocrx_word' id='word_1_281' title='bbox 115 3175 379 3246; x_wconf 61' lang='grc' dir='ltr'>οἰκονομία.</span> <span class='ocrx_word' id='word_1_282' title='bbox 409 3173 572 3228; x_wconf 74' lang='grc' dir='ltr'><strong>Οὕτω</strong></span> <span class='ocrx_word' id='word_1_283' title='bbox 599 3173 692 3227; x_wconf 75' lang='grc' dir='ltr'><strong>καὶ</strong></span> <span class='ocrx_word' id='word_1_284' title='bbox 717 3173 859 3226; x_wconf 72' lang='grc' dir='ltr'>κατὰ</span> <span class='ocrx_word' id='word_1_285' title='bbox 885 3169 1206 3225; x_wconf 76' lang='grc' dir='ltr'>ἀκολουθίαν</span> <span class='ocrx_word' id='word_1_286' title='bbox 1252 3169 1346 3222; x_wconf 76' lang='grc' dir='ltr'>καὶ</span> <span class='ocrx_word' id='word_1_287' title='bbox 1368 3166 1467 3230; x_wconf 79' lang='grc' dir='ltr'><strong>τὰς</strong></span> <span class='ocrx_word' id='word_1_288' title='bbox 1495 3165 1660 3230; x_wconf 78' lang='grc' dir='ltr'>ἄλλας</span> 
     </span>
    </p>
   </div>
   <div class='ocr_carea' id='block_1_36' title="bbox 115 3259 1660 3338">
    <p class='ocr_par' dir='ltr' id='par_1_36' title="bbox 115 3259 1660 3338">
     <span class='ocr_line' id='line_1_36' title="bbox 115 3259 1660 3338; baseline -0.005 -22"><span class='ocrx_word' id='word_1_289' title='bbox 115 3265 263 3330; x_wconf 78' lang='grc' dir='ltr'>λέξεις</span> <span class='ocrx_word' id='word_1_290' title='bbox 298 3265 757 3338; x_wconf 73' lang='grc' dir='ltr'>προσκόπτοντες,</span> <span class='ocrx_word' id='word_1_291' title='bbox 805 3263 880 3326; x_wconf 83' lang='grc' dir='ltr'><strong>ὡς</strong></span> <span class='ocrx_word' id='word_1_292' title='bbox 935 3261 1129 3334; x_wconf 81' lang='grc' dir='ltr'>θῆρες,</span> <span class='ocrx_word' id='word_1_293' title='bbox 1181 3259 1275 3312; x_wconf 78' lang='grc' dir='ltr'><strong>καὶ</strong></span> <span class='ocrx_word' id='word_1_294' title='bbox 1313 3259 1660 3328; x_wconf 76' lang='grc' dir='ltr'>ἐλεγχόμενοι</span> 
     </span>
    </p>
   </div>
   <div class='ocr_carea' id='block_1_37' title="bbox 115 3350 1730 3441">
    <p class='ocr_par' dir='ltr' id='par_1_37' title="bbox 115 3350 1730 3441">
     <span class='ocr_line' id='line_1_37' title="bbox 115 3350 1730 3441; baseline -0.004 -33"><span class='ocrx_word' id='word_1_295' title='bbox 115 3356 204 3409; x_wconf 73' lang='grc' dir='ltr'><strong>ἀπὸ</strong></span> <span class='ocrx_word' id='word_1_296' title='bbox 237 3355 530 3428; x_wconf 77' lang='grc' dir='ltr'>προσώπου</span> <span class='ocrx_word' id='word_1_297' title='bbox 573 3355 672 3425; x_wconf 79' lang='grc' dir='ltr'><strong>τῆς</strong></span> <span class='ocrx_word' id='word_1_298' title='bbox 705 3354 799 3407; x_wconf 71' lang='grc' dir='ltr'>τοῦ</span> <span class='ocrx_word' id='word_1_299' title='bbox 837 3353 996 3422; x_wconf 72' lang='grc' dir='ltr'>λόγου</span> <span class='ocrx_word' id='word_1_300' title='bbox 1046 3351 1352 3424; x_wconf 77' lang='grc' dir='ltr'>ἀστραπῆς,</span> <span class='ocrx_word' id='word_1_301' title='bbox 1385 3350 1482 3420; x_wconf 75' lang='grc' dir='ltr'><strong>τῆς</strong></span> <span class='ocrx_word' id='word_1_302' title='bbox 1524 3350 1658 3441; x_wconf 58' lang='grc' dir='ltr'>ἀληέ</span> <span class='ocrx_word' id='word_1_303' title='bbox 1688 3383 1730 3441; x_wconf 77' lang='lat' dir='ltr'><strong><em>C</em></strong></span> 
     </span>
    </p>
   </div>
   <div class='ocr_carea' id='block_1_38' title="bbox 117 3439 1660 3518">
    <p class='ocr_par' dir='ltr' id='par_1_38' title="bbox 117 3439 1660 3518">
     <span class='ocr_line' id='line_1_38' title="bbox 117 3439 1660 3518; baseline -0.004 -20"><span class='ocrx_word' id='word_1_304' title='bbox 117 3447 242 3510; x_wconf 77' lang='grc' dir='ltr'>θείας</span> <span class='ocrx_word' id='word_1_305' title='bbox 297 3447 710 3518; x_wconf 78' lang='grc' dir='ltr'>διωχθήσονται.</span> <span class='ocrx_word' id='word_1_306' title='bbox 769 3447 1110 3512; x_wconf 70' lang='grc' dir='ltr'>Ἀστραψον</span> <span class='ocrx_word' id='word_1_307' title='bbox 1161 3442 1516 3510; x_wconf 79' lang='grc' dir='ltr'>ἀστραπὴν,</span> <span class='ocrx_word' id='word_1_308' title='bbox 1561 3439 1660 3494; x_wconf 81' lang='grc' dir='ltr'><strong>καὶ</strong></span> 
     </span>
    </p>
   </div>
   <div class='ocr_carea' id='block_1_39' title="bbox 113 3531 1662 3608">
    <p class='ocr_par' dir='ltr' id='par_1_39' title="bbox 113 3531 1662 3608">
     <span class='ocr_line' id='line_1_39' title="bbox 113 3531 1662 3608; baseline -0.005 -16"><span class='ocrx_word' id='word_1_309' title='bbox 113 3541 383 3608; x_wconf 70' lang='grc' dir='ltr'>σκορπιεῖς</span> <span class='ocrx_word' id='word_1_310' title='bbox 403 3541 648 3605; x_wconf 80' lang='grc' dir='ltr'>αὐτούς·</span> <span class='ocrx_word' id='word_1_311' title='bbox 670 3539 1102 3604; x_wconf 76' lang='grc' dir='ltr'>ἐξαπόστειλον</span> <span class='ocrx_word' id='word_1_312' title='bbox 1125 3535 1198 3588; x_wconf 84' lang='grc' dir='ltr'><em>τὰ</em></span> <span class='ocrx_word' id='word_1_313' title='bbox 1217 3533 1378 3603; x_wconf 74' lang='grc' dir='ltr'><strong>βέλη</strong></span> <span class='ocrx_word' id='word_1_314' title='bbox 1403 3547 1539 3598; x_wconf 79' lang='grc' dir='ltr'>σου,</span> <span class='ocrx_word' id='word_1_315' title='bbox 1565 3531 1662 3586; x_wconf 79' lang='grc' dir='ltr'><strong>καὶ</strong></span> 
     </span>
    </p>
   </div>
   <div class='ocr_carea' id='block_1_40' title="bbox 115 3631 753 3702">
    <p class='ocr_par' dir='ltr' id='par_1_40' title="bbox 115 3631 753 3702">
     <span class='ocr_line' id='line_1_40' title="bbox 115 3631 753 3702; baseline 0 -18"><span class='ocrx_word' id='word_1_316' title='bbox 115 3633 480 3702; x_wconf 69' lang='grc' dir='ltr'>συνταράξεις</span> <span class='ocrx_word' id='word_1_317' title='bbox 515 3631 753 3696; x_wconf 77' lang='grc' dir='ltr'><strong>αὐτούς.</strong></span> 
     </span>
    </p>
   </div>
   <div class='ocr_carea' id='block_1_41' title="bbox 171 3801 1662 3878">
    <p class='ocr_par' dir='ltr' id='par_1_41' title="bbox 171 3801 1662 3878">
     <span class='ocr_line' id='line_1_41' title="bbox 171 3801 1662 3878; baseline -0.003 -18"><span class='ocrx_word' id='word_1_318' title='bbox 171 3807 270 3862; x_wconf 87' lang='grc' dir='ltr'><strong>οΖ’.</strong></span> <span class='ocrx_word' id='word_1_319' title='bbox 285 3807 618 3878; x_wconf 80' lang='grc' dir='ltr'>Πρόσκειται</span> <span class='ocrx_word' id='word_1_320' title='bbox 635 3805 746 3876; x_wconf 80' lang='grc' dir='ltr'><strong>γὰρ</strong></span> <span class='ocrx_word' id='word_1_321' title='bbox 769 3804 942 3878; x_wconf 79' lang='grc' dir='ltr'>ταύτῃ</span> <span class='ocrx_word' id='word_1_322' title='bbox 963 3805 1028 3876; x_wconf 80' lang='grc' dir='ltr'>τῇ</span> <span class='ocrx_word' id='word_1_323' title='bbox 1051 3801 1191 3868; x_wconf 78' lang='grc' dir='ltr'>λέξει</span> <span class='ocrx_word' id='word_1_324' title='bbox 1208 3803 1273 3856; x_wconf 78' lang='grc' dir='ltr'><strong>ἂν</strong></span> <span class='ocrx_word' id='word_1_325' title='bbox 1298 3802 1314 3834; x_wconf 77' lang='grc' dir='ltr'><strong>ί</strong></span> <span class='ocrx_word' id='word_1_326' title='bbox 1340 3803 1662 3873; x_wconf 77' lang='grc' dir='ltr'>ἀναλέγουσι</span> 
     </span>
    </p>
   </div>
   <div class='ocr_carea' id='block_1_42' title="bbox 115 3893 1663 3971">
    <p class='ocr_par' dir='ltr' id='par_1_42' title="bbox 115 3893 1663 3971">
     <span class='ocr_line' id='line_1_42' title="bbox 115 3893 1663 3971; baseline -0.002 -19"><span class='ocrx_word' id='word_1_327' title='bbox 115 3898 214 3952; x_wconf 75' lang='grc' dir='ltr'>καθ’</span> <span class='ocrx_word' id='word_1_328' title='bbox 247 3900 454 3971; x_wconf 77' lang='grc' dir='ltr'>εἱρμὸν,</span> <span class='ocrx_word' id='word_1_329' title='bbox 496 3901 591 3952; x_wconf 75' lang='grc' dir='ltr'><strong>καὶ</strong></span> <span class='ocrx_word' id='word_1_330' title='bbox 631 3897 874 3966; x_wconf 78' lang='grc' dir='ltr'>λέγουσιν</span> <span class='ocrx_word' id='word_1_331' title='bbox 903 3896 1010 3950; x_wconf 78' lang='grc' dir='ltr'>ἀπὸ</span> <span class='ocrx_word' id='word_1_332' title='bbox 1051 3895 1144 3949; x_wconf 75' lang='grc' dir='ltr'>τοῦ</span> <span class='ocrx_word' id='word_1_333' title='bbox 1187 3893 1552 3964; x_wconf 78' lang='grc' dir='ltr'>Εὑαγγελίου·</span> <span class='ocrx_word' id='word_1_334' title='bbox 1599 3895 1663 3949; x_wconf 88' lang='lat'><strong>&#39;0</strong></span> 
     </span>
    </p>
   </div>
   <div class='ocr_carea' id='block_1_43' title="bbox 116 3981 1666 4057">
    <p class='ocr_par' dir='ltr' id='par_1_43' title="bbox 116 3981 1666 4057">
     <span class='ocr_line' id='line_1_43' title="bbox 116 3981 1666 4057; baseline -0.005 -15"><span class='ocrx_word' id='word_1_335' title='bbox 116 3987 204 4054; x_wconf 76' lang='grc' dir='ltr'><strong>τὰρ</strong></span> <span class='ocrx_word' id='word_1_336' title='bbox 239 3989 434 4055; x_wconf 76' lang='grc' dir='ltr'>Πατὴρ</span> <span class='ocrx_word' id='word_1_337' title='bbox 457 3987 622 4057; x_wconf 67' lang='grc' dir='ltr'>φιλεῖ</span> <span class='ocrx_word' id='word_1_338' title='bbox 643 3986 751 4040; x_wconf 77' lang='grc' dir='ltr'><strong>τὸν</strong></span> <span class='ocrx_word' id='word_1_339' title='bbox 798 3984 954 4050; x_wconf 65' lang='lat' dir='ltr'><strong>nar,</strong></span> <span class='ocrx_word' id='word_1_340' title='bbox 983 3983 1080 4037; x_wconf 78' lang='grc' dir='ltr'>καί</span> <span class='ocrx_word' id='word_1_341' title='bbox 1117 3982 1312 4035; x_wconf 70' lang='grc' dir='ltr'>πάντα</span> <span class='ocrx_word' id='word_1_342' title='bbox 1352 3981 1666 4036; x_wconf 74' lang='grc' dir='ltr'>δείκνυσιν</span> 
     </span>
    </p>
   </div>
   <div class='ocr_carea' id='block_1_44' title="bbox 114 4073 1664 4146">
    <p class='ocr_par' dir='ltr' id='par_1_44' title="bbox 114 4073 1664 4146">
     <span class='ocr_line' id='line_1_44' title="bbox 114 4073 1664 4146; baseline -0.004 -14"><span class='ocrx_word' id='word_1_343' title='bbox 114 4079 274 4144; x_wconf 81' lang='grc' dir='ltr'><strong>αὐτῷ,</strong></span> <span class='ocrx_word' id='word_1_344' title='bbox 297 4077 336 4134; x_wconf 79' lang='grc' dir='ltr'><em>ἁ</em></span> <span class='ocrx_word' id='word_1_345' title='bbox 371 4079 562 4146; x_wconf 76' lang='grc' dir='ltr'><strong>αὐτὸς</strong></span> <span class='ocrx_word' id='word_1_346' title='bbox 601 4076 774 4142; x_wconf 72' lang='grc' dir='ltr'>ποιεῖ,</span> <span class='ocrx_word' id='word_1_347' title='bbox 806 4077 902 4130; x_wconf 74' lang='grc' dir='ltr'><strong>καὶ</strong></span> <span class='ocrx_word' id='word_1_348' title='bbox 940 4075 1180 4146; x_wconf 78' lang='grc' dir='ltr'>μείζονα</span> <span class='ocrx_word' id='word_1_349' title='bbox 1213 4075 1439 4128; x_wconf 80' lang='grc' dir='ltr'><em>τούτων</em></span> <span class='ocrx_word' id='word_1_350' title='bbox 1481 4073 1664 4138; x_wconf 77' lang='grc' dir='ltr'>δείξει</span> 
     </span>
    </p>
   </div>
   <div class='ocr_carea' id='block_1_45' title="bbox 115 4163 1664 4241">
    <p class='ocr_par' dir='ltr' id='par_1_45' title="bbox 115 4163 1664 4241">
     <span class='ocr_line' id='line_1_45' title="bbox 115 4163 1664 4241; baseline -0.003 -19"><span class='ocrx_word' id='word_1_351' title='bbox 115 4169 248 4236; x_wconf 77' lang='grc' dir='ltr'><strong>αὐτῷ</strong></span> <span class='ocrx_word' id='word_1_352' title='bbox 275 4171 438 4241; x_wconf 72' lang='grc' dir='ltr'>ἔργα,</span> <span class='ocrx_word' id='word_1_353' title='bbox 473 4171 576 4224; x_wconf 80' lang='grc' dir='ltr'><strong>ἵνα</strong></span> <span class='ocrx_word' id='word_1_354' title='bbox 609 4169 776 4240; x_wconf 79' lang='grc' dir='ltr'><strong>ὑμεῖς</strong></span> <span class='ocrx_word' id='word_1_355' title='bbox 807 4165 1136 4236; x_wconf 76' lang='grc' dir='ltr'><strong>θαυμάζητε</strong></span> <span class='ocrx_word' id='word_1_356' title='bbox 1163 4183 1177 4196; x_wconf 91' lang='grc'>·</span> <span class='ocrx_word' id='word_1_357' title='bbox 1221 4165 1318 4218; x_wconf 70' lang='grc' dir='ltr'>καὶ</span> <span class='ocrx_word' id='word_1_358' title='bbox 1367 4163 1557 4219; x_wconf 79' lang='grc' dir='ltr'>πάλιν·</span> <span class='ocrx_word' id='word_1_359' title='bbox 1601 4164 1664 4217; x_wconf 86' lang='grc' dir='ltr'><strong>Ὀ</strong></span> 
     </span>
    </p>
   </div>
   <div class='ocr_carea' id='block_1_46' title="bbox 115 4257 1664 4334">
    <p class='ocr_par' dir='ltr' id='par_1_46' title="bbox 115 4257 1664 4334">
     <span class='ocr_line' id='line_1_46' title="bbox 115 4257 1664 4334; baseline -0.001 -22"><span class='ocrx_word' id='word_1_360' title='bbox 115 4261 286 4330; x_wconf 77' lang='grc' dir='ltr'>Πατὴρ</span> <span class='ocrx_word' id='word_1_361' title='bbox 297 4263 514 4334; x_wconf 75' lang='grc' dir='ltr'>ἐγείρει</span> <span class='ocrx_word' id='word_1_362' title='bbox 538 4259 681 4327; x_wconf 78' lang='grc' dir='ltr'><strong>τοὺς</strong></span> <span class='ocrx_word' id='word_1_363' title='bbox 695 4260 964 4329; x_wconf 72' lang='grc' dir='ltr'><strong>νεκροὺς,</strong></span> <span class='ocrx_word' id='word_1_364' title='bbox 989 4259 1086 4312; x_wconf 78' lang='grc' dir='ltr'><strong>καὶ</strong></span> <span class='ocrx_word' id='word_1_365' title='bbox 1109 4257 1388 4319; x_wconf 77' lang='grc' dir='ltr'>ζωοποιεῖ.</span> <span class='ocrx_word' id='word_1_366' title='bbox 1419 4257 1664 4327; x_wconf 80' lang='grc' dir='ltr'><strong>Ὀμοίως</strong></span> 
     </span>
    </p>
   </div>
   <div class='ocr_carea' id='block_1_47' title="bbox 117 4347 1667 4419">
    <p class='ocr_par' dir='ltr' id='par_1_47' title="bbox 117 4347 1667 4419">
     <span class='ocr_line' id='line_1_47' title="bbox 117 4347 1667 4419; baseline -0.003 -15"><span class='ocrx_word' id='word_1_367' title='bbox 117 4353 196 4404; x_wconf 77' lang='grc' dir='ltr'><strong>καὶ</strong></span> <span class='ocrx_word' id='word_1_368' title='bbox 217 4355 246 4406; x_wconf 82' lang='grc' dir='ltr'><em>ό</em></span> <span class='ocrx_word' id='word_1_369' title='bbox 266 4353 394 4419; x_wconf 61' lang='lat' dir='ltr'><strong>mg</strong></span> <span class='ocrx_word' id='word_1_370' title='bbox 422 4351 536 4418; x_wconf 82' lang='grc' dir='ltr'><strong>οῦς</strong></span> <span class='ocrx_word' id='word_1_371' title='bbox 563 4352 721 4406; x_wconf 82' lang='grc' dir='ltr'>θέλει</span> <span class='ocrx_word' id='word_1_372' title='bbox 749 4349 1039 4411; x_wconf 76' lang='grc' dir='ltr'>ζωοποιεῖ·</span> <span class='ocrx_word' id='word_1_373' title='bbox 1083 4350 1177 4402; x_wconf 75' lang='grc' dir='ltr'>καὶ</span> <span class='ocrx_word' id='word_1_374' title='bbox 1205 4349 1366 4402; x_wconf 76' lang='grc' dir='ltr'>πάλιν</span> <span class='ocrx_word' id='word_1_375' title='bbox 1385 4366 1399 4380; x_wconf 91' lang='grc'><strong>·</strong></span> <span class='ocrx_word' id='word_1_376' title='bbox 1435 4347 1667 4402; x_wconf 80' lang='grc' dir='ltr'>Οὐδένα</span> 
     </span>
    </p>
   </div>
   <div class='ocr_carea' id='block_1_48' title="bbox 117 4431 1664 4512">
    <p class='ocr_par' dir='ltr' id='par_1_48' title="bbox 117 4431 1664 4512">
     <span class='ocr_line' id='line_1_48' title="bbox 117 4431 1664 4512; baseline -0.006 -20"><span class='ocrx_word' id='word_1_377' title='bbox 117 4439 204 4512; x_wconf 76' lang='grc' dir='ltr'>γὰρ</span> <span class='ocrx_word' id='word_1_378' title='bbox 243 4445 274 4495; x_wconf 81' lang='grc' dir='ltr'><em>ό</em></span> <span class='ocrx_word' id='word_1_379' title='bbox 305 4441 513 4510; x_wconf 79' lang='grc' dir='ltr'>Πατὴρ</span> <span class='ocrx_word' id='word_1_380' title='bbox 539 4439 746 4508; x_wconf 77' lang='grc' dir='ltr'>κρίνει,</span> <span class='ocrx_word' id='word_1_381' title='bbox 771 4437 931 4492; x_wconf 68' lang='grc' dir='ltr'><strong>ἀλλὰ</strong></span> <span class='ocrx_word' id='word_1_382' title='bbox 957 4437 1068 4504; x_wconf 78' lang='grc' dir='ltr'><strong>τὴν</strong></span> <span class='ocrx_word' id='word_1_383' title='bbox 1105 4435 1306 4503; x_wconf 76' lang='grc' dir='ltr'>κρίσιν</span> <span class='ocrx_word' id='word_1_384' title='bbox 1333 4432 1539 4487; x_wconf 67' lang='grc' dir='ltr'><em>πᾶσαν</em></span> <span class='ocrx_word' id='word_1_385' title='bbox 1569 4431 1664 4484; x_wconf 82' lang='grc' dir='ltr'><strong>δέ-</strong></span> 
     </span>
    </p>
   </div>
   <div class='ocr_carea' id='block_1_49' title="bbox 115 4523 1666 4599">
    <p class='ocr_par' dir='ltr' id='par_1_49' title="bbox 115 4523 1666 4599">
     <span class='ocr_line' id='line_1_49' title="bbox 115 4523 1666 4599; baseline -0.008 -12"><span class='ocrx_word' id='word_1_386' title='bbox 115 4531 240 4586; x_wconf 76' lang='grc' dir='ltr'><strong>ὄωκε</strong></span> <span class='ocrx_word' id='word_1_387' title='bbox 263 4533 338 4599; x_wconf 85' lang='grc' dir='ltr'>τῷ</span> <span class='ocrx_word' id='word_1_388' title='bbox 364 4533 500 4598; x_wconf 81' lang='grc' dir='ltr'><strong>Υὶῷ,</strong></span> <span class='ocrx_word' id='word_1_389' title='bbox 529 4533 632 4586; x_wconf 78' lang='lat' dir='ltr'><strong>Ira</strong></span> <span class='ocrx_word' id='word_1_390' title='bbox 658 4530 880 4595; x_wconf 72' lang='grc' dir='ltr'><em>πάντες</em></span> <span class='ocrx_word' id='word_1_391' title='bbox 903 4527 1114 4598; x_wconf 84' lang='grc' dir='ltr'><strong>τιμῶσι</strong></span> <span class='ocrx_word' id='word_1_392' title='bbox 1141 4527 1248 4581; x_wconf 76' lang='grc' dir='ltr'><strong>τὸν</strong></span> <span class='ocrx_word' id='word_1_393' title='bbox 1283 4525 1442 4590; x_wconf 68' lang='lat' dir='ltr'><strong>nar,</strong></span> <span class='ocrx_word' id='word_1_394' title='bbox 1472 4523 1666 4588; x_wconf 79' lang='grc' dir='ltr'><strong>καθὼς</strong></span> 
     </span>
    </p>
   </div>
   <div class='ocr_carea' id='block_1_50' title="bbox 117 4615 1664 4693">
    <p class='ocr_par' dir='ltr' id='par_1_50' title="bbox 117 4615 1664 4693">
     <span class='ocr_line' id='line_1_50' title="bbox 117 4615 1664 4693; baseline -0.006 -15"><span class='ocrx_word' id='word_1_395' title='bbox 117 4623 292 4691; x_wconf 74' lang='grc' dir='ltr'><strong>τιμῶσι</strong></span> <span class='ocrx_word' id='word_1_396' title='bbox 319 4626 424 4678; x_wconf 77' lang='grc' dir='ltr'><strong>τὸν</strong></span> <span class='ocrx_word' id='word_1_397' title='bbox 463 4622 715 4690; x_wconf 79' lang='grc' dir='ltr'>Πατέρα.</span> <span class='ocrx_word' id='word_1_398' title='bbox 749 4622 890 4693; x_wconf 89' lang='grc' dir='ltr'>Ὅρα</span> <span class='ocrx_word' id='word_1_399' title='bbox 927 4619 984 4673; x_wconf 82' lang='grc' dir='ltr'>δέ</span> <span class='ocrx_word' id='word_1_400' title='bbox 1019 4636 1110 4690; x_wconf 80' lang='grc' dir='ltr'>μοι</span> <span class='ocrx_word' id='word_1_401' title='bbox 1133 4617 1338 4682; x_wconf 74' lang='grc' dir='ltr'>λοιπὸν,</span> <span class='ocrx_word' id='word_1_402' title='bbox 1373 4617 1574 4687; x_wconf 67' lang='lat' dir='ltr'><strong>&quot;Agere,</strong></span> <span class='ocrx_word' id='word_1_403' title='bbox 1605 4615 1664 4669; x_wconf 80' lang='grc' dir='ltr'><strong>τὸ</strong></span> 
     </span>
    </p>
   </div>
   <div class='ocr_carea' id='block_1_51' title="bbox 1757 791 3330 864">
    <p class='ocr_par' dir='ltr' id='par_1_51' title="bbox 1757 791 3330 864">
     <span class='ocr_line' id='line_1_51' title="bbox 1757 791 3330 864; baseline -0.001 -14"><span class='ocrx_word' id='word_1_404' title='bbox 1757 795 2012 850; x_wconf 88' lang='lat' dir='ltr'><strong>ritatibus</strong></span> <span class='ocrx_word' id='word_1_405' title='bbox 2064 793 2135 848; x_wconf 88' lang='lat' dir='ltr'><strong>ita</strong></span> <span class='ocrx_word' id='word_1_406' title='bbox 2165 793 2486 864; x_wconf 79' lang='lat' dir='ltr'><strong>disputant:</strong></span> <span class='ocrx_word' id='word_1_407' title='bbox 2525 791 2664 858; x_wconf 84' lang='lat' dir='ltr'><strong>Quid</strong></span> <span class='ocrx_word' id='word_1_408' title='bbox 2700 800 2784 848; x_wconf 91' lang='lat' dir='ltr'><strong>est</strong></span> <span class='ocrx_word' id='word_1_409' title='bbox 2827 791 2972 862; x_wconf 88' lang='lat' dir='ltr'><strong>quod</strong></span> <span class='ocrx_word' id='word_1_410' title='bbox 3005 793 3139 846; x_wconf 79' lang='lat' dir='ltr'><strong>nihil</strong></span> <span class='ocrx_word' id='word_1_411' title='bbox 3171 811 3203 846; x_wconf 91' lang='lat' dir='ltr'><strong>a</strong></span> <span class='ocrx_word' id='word_1_412' title='bbox 3241 810 3330 848; x_wconf 83' lang='lat' dir='ltr'><strong>se-</strong></span> 
     </span>
    </p>
   </div>
   <div class='ocr_carea' id='block_1_52' title="bbox 1758 882 3330 955">
    <p class='ocr_par' dir='ltr' id='par_1_52' title="bbox 1758 882 3330 955">
     <span class='ocr_line' id='line_1_52' title="bbox 1758 882 3330 955; baseline -0.001 -16"><span class='ocrx_word' id='word_1_413' title='bbox 1758 887 1872 954; x_wconf 85' lang='lat' dir='ltr'><strong>ipso</strong></span> <span class='ocrx_word' id='word_1_414' title='bbox 1902 886 2075 955; x_wconf 87' lang='lat' dir='ltr'><strong>facere</strong></span> <span class='ocrx_word' id='word_1_415' title='bbox 2123 883 2298 937; x_wconf 83' lang='lat' dir='ltr'><strong>Filius</strong></span> <span class='ocrx_word' id='word_1_416' title='bbox 2331 891 2520 951; x_wconf 85' lang='lat' dir='ltr'><strong>potest,</strong></span> <span class='ocrx_word' id='word_1_417' title='bbox 2555 884 2660 937; x_wconf 89' lang='lat' dir='ltr'><strong>nisi</strong></span> <span class='ocrx_word' id='word_1_418' title='bbox 2693 882 2906 936; x_wconf 87' lang='lat' dir='ltr'><strong>Patrem</strong></span> <span class='ocrx_word' id='word_1_419' title='bbox 2941 884 3219 952; x_wconf 88' lang='lat' dir='ltr'><strong>facientem</strong></span> <span class='ocrx_word' id='word_1_420' title='bbox 3253 885 3330 939; x_wconf 83' lang='lat' dir='ltr'><strong>vi-</strong></span> 
     </span>
    </p>
   </div>
   <div class='ocr_carea' id='block_1_53' title="bbox 1756 973 3329 1031">
    <p class='ocr_par' dir='ltr' id='par_1_53' title="bbox 1756 973 3329 1031">
     <span class='ocr_line' id='line_1_53' title="bbox 1756 973 3329 1031; baseline 0.001 -3"><span class='ocrx_word' id='word_1_421' title='bbox 1756 975 1892 1030; x_wconf 85' lang='lat' dir='ltr'><strong>derit</strong></span> <span class='ocrx_word' id='word_1_422' title='bbox 1917 975 1978 1027; x_wconf 82' lang='lat'><strong>&#39;?</strong></span> <span class='ocrx_word' id='word_1_423' title='bbox 2011 974 2120 1031; x_wconf 86' lang='lat' dir='ltr'><strong>Sed</strong></span> <span class='ocrx_word' id='word_1_424' title='bbox 2153 975 2302 1029; x_wconf 91' lang='lat' dir='ltr'><strong>nullo</strong></span> <span class='ocrx_word' id='word_1_425' title='bbox 2331 973 2491 1030; x_wconf 92' lang='lat' dir='ltr'><strong>modo</strong></span> <span class='ocrx_word' id='word_1_426' title='bbox 2531 973 2726 1027; x_wconf 88' lang='lat' dir='ltr'><strong>horum</strong></span> <span class='ocrx_word' id='word_1_427' title='bbox 2775 975 3064 1029; x_wconf 84' lang='lat' dir='ltr'><strong>verborum</strong></span> <span class='ocrx_word' id='word_1_428' title='bbox 3107 983 3329 1030; x_wconf 84' lang='lat' dir='ltr'><strong>senten-</strong></span> 
     </span>
    </p>
   </div>
   <div class='ocr_carea' id='block_1_54' title="bbox 1757 1066 3330 1138">
    <p class='ocr_par' dir='ltr' id='par_1_54' title="bbox 1757 1066 3330 1138">
     <span class='ocr_line' id='line_1_54' title="bbox 1757 1066 3330 1138; baseline 0.001 -17"><span class='ocrx_word' id='word_1_429' title='bbox 1757 1068 1889 1121; x_wconf 89' lang='lat' dir='ltr'><strong>tiam</strong></span> <span class='ocrx_word' id='word_1_430' title='bbox 1920 1075 2320 1137; x_wconf 82' lang='lat' dir='ltr'><strong>assequuntur;</strong></span> <span class='ocrx_word' id='word_1_431' title='bbox 2352 1081 2528 1136; x_wconf 84' lang='lat' dir='ltr'><strong>neque</strong></span> <span class='ocrx_word' id='word_1_432' title='bbox 2558 1067 2743 1121; x_wconf 89' lang='lat' dir='ltr'><strong>vident</strong></span> <span class='ocrx_word' id='word_1_433' title='bbox 2775 1066 2911 1120; x_wconf 87' lang='lat' dir='ltr'><strong>nihil</strong></span> <span class='ocrx_word' id='word_1_434' title='bbox 2942 1081 3082 1131; x_wconf 89' lang='lat' dir='ltr'><strong>esse,</strong></span> <span class='ocrx_word' id='word_1_435' title='bbox 3114 1066 3260 1138; x_wconf 89' lang='lat' dir='ltr'><strong>quod</strong></span> <span class='ocrx_word' id='word_1_436' title='bbox 3298 1081 3330 1122; x_wconf 89' lang='lat' dir='ltr'><strong>a</strong></span> 
     </span>
    </p>
   </div>
   <div class='ocr_carea' id='block_1_55' title="bbox 1755 1157 3330 1223">
    <p class='ocr_par' dir='ltr' id='par_1_55' title="bbox 1755 1157 3330 1223">
     <span class='ocr_line' id='line_1_55' title="bbox 1755 1157 3330 1223; baseline 0 -11"><span class='ocrx_word' id='word_1_437' title='bbox 1755 1157 1916 1214; x_wconf 86' lang='lat' dir='ltr'><strong>Patre</strong></span> <span class='ocrx_word' id='word_1_438' title='bbox 1953 1165 2111 1213; x_wconf 90' lang='lat' dir='ltr'><strong>antea</strong></span> <span class='ocrx_word' id='word_1_439' title='bbox 2143 1157 2367 1223; x_wconf 82' lang='lat' dir='ltr'><strong>factum,</strong></span> <span class='ocrx_word' id='word_1_440' title='bbox 2403 1165 2456 1212; x_wconf 91' lang='lat' dir='ltr'><strong>et</strong></span> <span class='ocrx_word' id='word_1_441' title='bbox 2505 1173 2534 1211; x_wconf 89' lang='lat' dir='ltr'><strong>a</strong></span> <span class='ocrx_word' id='word_1_442' title='bbox 2579 1157 2718 1213; x_wconf 87' lang='lat' dir='ltr'><strong>Filio</strong></span> <span class='ocrx_word' id='word_1_443' title='bbox 2765 1157 2960 1214; x_wconf 88' lang='lat' dir='ltr'><strong>deinde</strong></span> <span class='ocrx_word' id='word_1_444' title='bbox 3007 1158 3330 1213; x_wconf 83' lang='lat' dir='ltr'><strong>fabricatum</strong></span> 
     </span>
    </p>
   </div>
   <div class='ocr_carea' id='block_1_56' title="bbox 1757 1249 3332 1320">
    <p class='ocr_par' dir='ltr' id='par_1_56' title="bbox 1757 1249 3332 1320">
     <span class='ocr_line' id='line_1_56' title="bbox 1757 1249 3332 1320; baseline -0.001 -14"><span class='ocrx_word' id='word_1_445' title='bbox 1757 1251 1940 1306; x_wconf 82' lang='lat' dir='ltr'><strong>fuerit.</strong></span> <span class='ocrx_word' id='word_1_446' title='bbox 1975 1249 2130 1316; x_wconf 85' lang='lat' dir='ltr'><strong>Quod</strong></span> <span class='ocrx_word' id='word_1_447' title='bbox 2165 1249 2310 1305; x_wconf 88' lang='lat' dir='ltr'><strong>enim</strong></span> <span class='ocrx_word' id='word_1_448' title='bbox 2339 1250 2535 1304; x_wconf 89' lang='lat' dir='ltr'><strong>coelum</strong></span> <span class='ocrx_word' id='word_1_449' title='bbox 2567 1251 2718 1306; x_wconf 92' lang='lat' dir='ltr'><strong>solus</strong></span> <span class='ocrx_word' id='word_1_450' title='bbox 2762 1265 2856 1320; x_wconf 89' lang='lat' dir='ltr'><strong>per</strong></span> <span class='ocrx_word' id='word_1_451' title='bbox 2881 1265 3000 1305; x_wconf 89' lang='lat' dir='ltr'><strong>sese</strong></span> <span class='ocrx_word' id='word_1_452' title='bbox 3023 1249 3184 1306; x_wconf 87' lang='lat' dir='ltr'><strong>Pater</strong></span> <span class='ocrx_word' id='word_1_453' title='bbox 3213 1266 3332 1305; x_wconf 91' lang='lat' dir='ltr'><strong>mo-</strong></span> 
     </span>
    </p>
   </div>
   <div class='ocr_carea' id='block_1_57' title="bbox 1757 1339 3332 1410">
    <p class='ocr_par' dir='ltr' id='par_1_57' title="bbox 1757 1339 3332 1410">
     <span class='ocr_line' id='line_1_57' title="bbox 1757 1339 3332 1410; baseline 0 -14"><span class='ocrx_word' id='word_1_454' title='bbox 1757 1341 1886 1397; x_wconf 88' lang='lat' dir='ltr'><strong>litus</strong></span> <span class='ocrx_word' id='word_1_455' title='bbox 1919 1347 2023 1406; x_wconf 88' lang='lat' dir='ltr'><strong>est,</strong></span> <span class='ocrx_word' id='word_1_456' title='bbox 2053 1349 2114 1394; x_wconf 92' lang='lat' dir='ltr'><strong>ut</strong></span> <span class='ocrx_word' id='word_1_457' title='bbox 2144 1339 2216 1395; x_wconf 79' lang='lat' dir='ltr'><strong>ad</strong></span> <span class='ocrx_word' id='word_1_458' title='bbox 2238 1341 2438 1410; x_wconf 86' lang='lat' dir='ltr'><strong>prioris</strong></span> <span class='ocrx_word' id='word_1_459' title='bbox 2467 1341 2633 1410; x_wconf 85' lang='lat' dir='ltr'><strong>hujus</strong></span> <span class='ocrx_word' id='word_1_460' title='bbox 2676 1341 2956 1410; x_wconf 77' lang='lat' dir='ltr'><strong>exemplar</strong></span> <span class='ocrx_word' id='word_1_461' title='bbox 2981 1341 3157 1395; x_wconf 91' lang='lat' dir='ltr'><strong>simile</strong></span> <span class='ocrx_word' id='word_1_462' title='bbox 3203 1341 3332 1396; x_wconf 87' lang='lat' dir='ltr'><strong>alte-</strong></span> 
     </span>
    </p>
   </div>
   <div class='ocr_carea' id='block_1_58' title="bbox 1755 1431 3328 1502">
    <p class='ocr_par' dir='ltr' id='par_1_58' title="bbox 1755 1431 3328 1502">
     <span class='ocr_line' id='line_1_58' title="bbox 1755 1431 3328 1502; baseline 0 -16"><span class='ocrx_word' id='word_1_463' title='bbox 1755 1447 1876 1487; x_wconf 87' lang='lat' dir='ltr'><strong>rum</strong></span> <span class='ocrx_word' id='word_1_464' title='bbox 1910 1431 2084 1487; x_wconf 85' lang='lat' dir='ltr'><strong>Filius</strong></span> <span class='ocrx_word' id='word_1_465' title='bbox 2125 1432 2501 1501; x_wconf 81' lang='lat' dir='ltr'><strong>expresserit?</strong></span> <span class='ocrx_word' id='word_1_466' title='bbox 2541 1431 2684 1486; x_wconf 85' lang='lat' dir='ltr'><strong>Nihil</strong></span> <span class='ocrx_word' id='word_1_467' title='bbox 2723 1433 2992 1502; x_wconf 85' lang='lat' dir='ltr'><strong>ejusmodi</strong></span> <span class='ocrx_word' id='word_1_468' title='bbox 3023 1433 3090 1487; x_wconf 87' lang='lat' dir='ltr'><strong>ab</strong></span> <span class='ocrx_word' id='word_1_469' title='bbox 3124 1434 3190 1488; x_wconf 91' lang='lat' dir='ltr'><strong>iis</strong></span> <span class='ocrx_word' id='word_1_470' title='bbox 3223 1434 3328 1486; x_wconf 89' lang='lat' dir='ltr'><strong>im-</strong></span> 
     </span>
    </p>
   </div>
   <div class='ocr_carea' id='block_1_59' title="bbox 1756 1519 3327 1592">
    <p class='ocr_par' dir='ltr' id='par_1_59' title="bbox 1756 1519 3327 1592">
     <span class='ocr_line' id='line_1_59' title="bbox 1756 1519 3327 1592; baseline 0.001 -17"><span class='ocrx_word' id='word_1_471' title='bbox 1756 1521 1972 1592; x_wconf 89' lang='lat' dir='ltr'><strong>pietatis</strong></span> <span class='ocrx_word' id='word_1_472' title='bbox 2005 1519 2318 1576; x_wconf 90' lang='lat' dir='ltr'><strong>architectis</strong></span> <span class='ocrx_word' id='word_1_473' title='bbox 2362 1521 2725 1575; x_wconf 86' lang='lat' dir='ltr'><strong>demonstrari</strong></span> <span class='ocrx_word' id='word_1_474' title='bbox 2766 1529 2964 1590; x_wconf 89' lang='lat' dir='ltr'><strong>potest.</strong></span> <span class='ocrx_word' id='word_1_475' title='bbox 3026 1522 3086 1575; x_wconf 91' lang='lat' dir='ltr'><strong>In</strong></span> <span class='ocrx_word' id='word_1_476' title='bbox 3128 1522 3327 1591; x_wconf 79' lang='lat' dir='ltr'><strong>princi-</strong></span> 
     </span>
    </p>
   </div>
   <div class='ocr_carea' id='block_1_60' title="bbox 1755 1609 3328 1684">
    <p class='ocr_par' dir='ltr' id='par_1_60' title="bbox 1755 1609 3328 1684">
     <span class='ocr_line' id='line_1_60' title="bbox 1755 1609 3328 1684; baseline 0.001 -17"><span class='ocrx_word' id='word_1_477' title='bbox 1755 1614 1842 1683; x_wconf 84' lang='lat' dir='ltr'><strong>pio</strong></span> <span class='ocrx_word' id='word_1_478' title='bbox 1899 1613 2036 1667; x_wconf 89' lang='lat' dir='ltr'><strong>enim</strong></span> <span class='ocrx_word' id='word_1_479' title='bbox 2081 1612 2203 1680; x_wconf 86' lang='lat' dir='ltr'><strong>fecit</strong></span> <span class='ocrx_word' id='word_1_480' title='bbox 2245 1609 2386 1666; x_wconf 91' lang='lat' dir='ltr'><strong>Deus</strong></span> <span class='ocrx_word' id='word_1_481' title='bbox 2431 1613 2617 1666; x_wconf 75' lang='lat' dir='ltr'><strong>caelum</strong></span> <span class='ocrx_word' id='word_1_482' title='bbox 2657 1623 2706 1666; x_wconf 82' lang='lat' dir='ltr'><strong>et</strong></span> <span class='ocrx_word' id='word_1_483' title='bbox 2757 1614 3017 1667; x_wconf 74' lang='lat' dir='ltr'><strong>terram’.</strong></span> <span class='ocrx_word' id='word_1_484' title='bbox 3065 1613 3175 1669; x_wconf 82' lang='lat' dir='ltr'><strong>IIIIO</strong></span> <span class='ocrx_word' id='word_1_485' title='bbox 3215 1615 3328 1684; x_wconf 88' lang='lat' dir='ltr'><strong>jam</strong></span> 
     </span>
    </p>
   </div>
   <div class='ocr_carea' id='block_1_61' title="bbox 1758 1703 3330 1776">
    <p class='ocr_par' dir='ltr' id='par_1_61' title="bbox 1758 1703 3330 1776">
     <span class='ocr_line' id='line_1_61' title="bbox 1758 1703 3330 1776; baseline 0.001 -18"><span class='ocrx_word' id='word_1_486' title='bbox 1758 1712 1870 1759; x_wconf 90' lang='lat' dir='ltr'><strong>tum</strong></span> <span class='ocrx_word' id='word_1_487' title='bbox 1901 1705 2020 1776; x_wconf 91' lang='lat' dir='ltr'><strong>ipso</strong></span> <span class='ocrx_word' id='word_1_488' title='bbox 2055 1703 2358 1759; x_wconf 79' lang='lat' dir='ltr'><strong>fabricandi</strong></span> <span class='ocrx_word' id='word_1_489' title='bbox 2390 1704 2576 1759; x_wconf 88' lang='lat' dir='ltr'><strong>mundi</strong></span> <span class='ocrx_word' id='word_1_490' title='bbox 2613 1705 2883 1776; x_wconf 87' lang='lat' dir='ltr'><strong>principio</strong></span> <span class='ocrx_word' id='word_1_491' title='bbox 2911 1705 3050 1761; x_wconf 78' lang='lat' dir='ltr'><strong>dixit</strong></span> <span class='ocrx_word' id='word_1_492' title='bbox 3083 1723 3095 1758; x_wconf 87' lang='lat'><strong>:</strong></span> <span class='ocrx_word' id='word_1_493' title='bbox 3131 1705 3330 1760; x_wconf 80' lang='lat' dir='ltr'><strong>Facia-</strong></span> 
     </span>
    </p>
   </div>
   <div class='ocr_carea' id='block_1_62' title="bbox 1759 1795 3332 1866">
    <p class='ocr_par' dir='ltr' id='par_1_62' title="bbox 1759 1795 3332 1866">
     <span class='ocr_line' id='line_1_62' title="bbox 1759 1795 3332 1866; baseline -0.001 -14"><span class='ocrx_word' id='word_1_494' title='bbox 1759 1813 1874 1852; x_wconf 87' lang='lat' dir='ltr'><strong>mus</strong></span> <span class='ocrx_word' id='word_1_495' title='bbox 1923 1797 2184 1850; x_wconf 76' lang='lat' dir='ltr'><strong>hominem</strong></span> <span class='ocrx_word' id='word_1_496' title='bbox 2229 1795 2298 1850; x_wconf 86' lang='lat' dir='ltr'><strong>ad</strong></span> <span class='ocrx_word' id='word_1_497' title='bbox 2339 1797 2620 1866; x_wconf 81' lang='lat' dir='ltr'><strong>imaginem</strong></span> <span class='ocrx_word' id='word_1_498' title='bbox 2660 1806 2898 1850; x_wconf 87' lang='lat' dir='ltr'><strong>nostram</strong></span> <span class='ocrx_word' id='word_1_499' title='bbox 2935 1805 2985 1850; x_wconf 92' lang='lat' dir='ltr'><strong>et</strong></span> <span class='ocrx_word' id='word_1_500' title='bbox 3019 1797 3332 1851; x_wconf 83' lang='lat' dir='ltr'><strong>similitudi-</strong></span> 
     </span>
    </p>
   </div>
   <div class='ocr_carea' id='block_1_63' title="bbox 1759 1885 3331 1959">
    <p class='ocr_par' dir='ltr' id='par_1_63' title="bbox 1759 1885 3331 1959">
     <span class='ocr_line' id='line_1_63' title="bbox 1759 1885 3331 1959; baseline -0.001 -14"><span class='ocrx_word' id='word_1_501' title='bbox 1759 1907 1873 1945; x_wconf 85' lang='lat' dir='ltr'><strong>nem</strong></span> <span class='ocrx_word' id='word_1_502' title='bbox 1899 1890 1942 1943; x_wconf 75' lang='grc'><strong>⁵.</strong></span> <span class='ocrx_word' id='word_1_503' title='bbox 1967 1887 2086 1943; x_wconf 87' lang='lat' dir='ltr'><strong>Non</strong></span> <span class='ocrx_word' id='word_1_504' title='bbox 2123 1889 2259 1942; x_wconf 80' lang='lat' dir='ltr'><strong>dixit</strong></span> <span class='ocrx_word' id='word_1_505' title='bbox 2293 1905 2308 1943; x_wconf 90' lang='lat'><strong>:</strong></span> <span class='ocrx_word' id='word_1_506' title='bbox 2339 1887 2481 1959; x_wconf 86' lang='lat' dir='ltr'><strong>Age,</strong></span> <span class='ocrx_word' id='word_1_507' title='bbox 2523 1885 2717 1942; x_wconf 78' lang='lat' dir='ltr'><strong>faciam</strong></span> <span class='ocrx_word' id='word_1_508' title='bbox 2757 1889 2935 1957; x_wconf 88' lang='lat' dir='ltr'><strong>prius,</strong></span> <span class='ocrx_word' id='word_1_509' title='bbox 2988 1897 3042 1943; x_wconf 91' lang='lat' dir='ltr'><strong>et</strong></span> <span class='ocrx_word' id='word_1_510' title='bbox 3071 1891 3331 1959; x_wconf 84' lang='lat' dir='ltr'><strong>quemad-</strong></span> 
     </span>
    </p>
   </div>
   <div class='ocr_carea' id='block_1_64' title="bbox 1761 1980 3330 2037">
    <p class='ocr_par' dir='ltr' id='par_1_64' title="bbox 1761 1980 3330 2037">
     <span class='ocr_line' id='line_1_64' title="bbox 1761 1980 3330 2037; baseline 0.001 -1"><span class='ocrx_word' id='word_1_511' title='bbox 1761 1984 1984 2037; x_wconf 88' lang='lat' dir='ltr'><strong>modum</strong></span> <span class='ocrx_word' id='word_1_512' title='bbox 2033 1981 2210 2035; x_wconf 92' lang='lat' dir='ltr'><strong>moliri</strong></span> <span class='ocrx_word' id='word_1_513' title='bbox 2271 1980 2472 2035; x_wconf 87' lang='lat' dir='ltr'><strong>debeas</strong></span> <span class='ocrx_word' id='word_1_514' title='bbox 2520 1983 2824 2035; x_wconf 85' lang='lat' dir='ltr'><strong>ostendam.</strong></span> <span class='ocrx_word' id='word_1_515' title='bbox 2877 1980 3126 2036; x_wconf 86' lang='lat' dir='ltr'><strong>Deinde:</strong></span> <span class='ocrx_word' id='word_1_516' title='bbox 3182 1980 3330 2036; x_wconf 77' lang='lat' dir='ltr'><strong>Fecit</strong></span> 
     </span>
    </p>
   </div>
   <div class='ocr_carea' id='block_1_65' title="bbox 1761 2051 3328 2138">
    <p class='ocr_par' dir='ltr' id='par_1_65' title="bbox 1761 2051 3328 2138">
     <span class='ocr_line' id='line_1_65' title="bbox 1761 2051 3328 2138; baseline 0.001 -11"><span class='ocrx_word' id='word_1_517' title='bbox 1761 2071 1903 2127; x_wconf 86' lang='lat' dir='ltr'><strong>Deus</strong></span> <span class='ocrx_word' id='word_1_518' title='bbox 1949 2072 2209 2126; x_wconf 77' lang='lat' dir='ltr'><strong>hominem</strong></span> <span class='ocrx_word' id='word_1_519' title='bbox 2238 2071 2279 2124; x_wconf 85' lang='grc'><strong>⁸.</strong></span> <span class='ocrx_word' id='word_1_520' title='bbox 2309 2069 2427 2126; x_wconf 87' lang='lat' dir='ltr'><strong>Non</strong></span> <span class='ocrx_word' id='word_1_521' title='bbox 2460 2051 2626 2134; x_wconf 71' lang='lat' dir='ltr'><strong>dixit,</strong></span> <span class='ocrx_word' id='word_1_522' title='bbox 2654 2069 2804 2124; x_wconf 86' lang='lat' dir='ltr'><strong>Fecit</strong></span> <span class='ocrx_word' id='word_1_523' title='bbox 2833 2077 2886 2122; x_wconf 84' lang='lat' dir='ltr'><strong>et</strong></span> <span class='ocrx_word' id='word_1_524' title='bbox 2908 2072 3144 2127; x_wconf 85' lang='lat' dir='ltr'><strong>ostendit</strong></span> <span class='ocrx_word' id='word_1_525' title='bbox 3170 2072 3328 2138; x_wconf 88' lang='lat' dir='ltr'><strong>Filio,</strong></span> 
     </span>
    </p>
   </div>
   <div class='ocr_carea' id='block_1_66' title="bbox 1759 2163 3330 2236">
    <p class='ocr_par' dir='ltr' id='par_1_66' title="bbox 1759 2163 3330 2236">
     <span class='ocr_line' id='line_1_66' title="bbox 1759 2163 3330 2236; baseline 0.001 -18"><span class='ocrx_word' id='word_1_526' title='bbox 1759 2163 2220 2235; x_wconf 84' lang='lat' dir='ltr'><strong>quemadmodum</strong></span> <span class='ocrx_word' id='word_1_527' title='bbox 2280 2163 2633 2218; x_wconf 82' lang='lat' dir='ltr'><strong>fabricandas</strong></span> <span class='ocrx_word' id='word_1_528' title='bbox 2683 2163 2845 2218; x_wconf 80' lang='lat' dir='ltr'><strong>homo</strong></span> <span class='ocrx_word' id='word_1_529' title='bbox 2897 2163 2990 2220; x_wconf 90' lang='lat' dir='ltr'><strong>sit.</strong></span> <span class='ocrx_word' id='word_1_530' title='bbox 3056 2165 3330 2236; x_wconf 80' lang='lat' dir='ltr'><strong>Siquidem</strong></span> 
     </span>
    </p>
   </div>
   <div class='ocr_carea' id='block_1_67' title="bbox 1759 2245 3334 2326">
    <p class='ocr_par' dir='ltr' id='par_1_67' title="bbox 1759 2245 3334 2326">
     <span class='ocr_line' id='line_1_67' title="bbox 1759 2245 3334 2326; baseline -0.001 -14"><span class='ocrx_word' id='word_1_531' title='bbox 1759 2259 1906 2312; x_wconf 89' lang='lat' dir='ltr'><strong>nulla</strong></span> <span class='ocrx_word' id='word_1_532' title='bbox 1939 2257 1996 2313; x_wconf 86' lang='lat' dir='ltr'><strong>in</strong></span> <span class='ocrx_word' id='word_1_533' title='bbox 2023 2255 2161 2311; x_wconf 89' lang='lat' dir='ltr'><strong>Filio</strong></span> <span class='ocrx_word' id='word_1_534' title='bbox 2193 2257 2369 2312; x_wconf 88' lang='lat' dir='ltr'><strong>inerat</strong></span> <span class='ocrx_word' id='word_1_535' title='bbox 2409 2256 2740 2326; x_wconf 78' lang='lat' dir='ltr'><strong>ignorantia,</strong></span> <span class='ocrx_word' id='word_1_536' title='bbox 2767 2263 2826 2308; x_wconf 90' lang='lat' dir='ltr'><strong>ut</strong></span> <span class='ocrx_word' id='word_1_537' title='bbox 2853 2245 3204 2325; x_wconf 81' lang='lat' dir='ltr'><strong>posteaquam</strong></span> <span class='ocrx_word' id='word_1_538' title='bbox 3245 2272 3334 2310; x_wconf 90' lang='lat' dir='ltr'><strong>ar-</strong></span> 
     </span>
    </p>
   </div>
   <div class='ocr_carea' id='block_1_68' title="bbox 1758 2343 3333 2416">
    <p class='ocr_par' dir='ltr' id='par_1_68' title="bbox 1758 2343 3333 2416">
     <span class='ocr_line' id='line_1_68' title="bbox 1758 2343 3333 2416; baseline 0 -16"><span class='ocrx_word' id='word_1_539' title='bbox 1758 2351 1866 2402; x_wconf 87' lang='lat' dir='ltr'><strong>tem</strong></span> <span class='ocrx_word' id='word_1_540' title='bbox 1902 2345 2322 2410; x_wconf 85' lang='lat' dir='ltr'><strong>condidicisset,</strong></span> <span class='ocrx_word' id='word_1_541' title='bbox 2358 2361 2423 2400; x_wconf 81' lang='lat' dir='ltr'><strong>ex</strong></span> <span class='ocrx_word' id='word_1_542' title='bbox 2454 2345 2602 2399; x_wconf 90' lang='lat' dir='ltr'><strong>illius</strong></span> <span class='ocrx_word' id='word_1_543' title='bbox 2627 2343 2794 2416; x_wconf 58' lang='lat'><strong>805.</strong></span> <span class='ocrx_word' id='word_1_544' title='bbox 2822 2347 3141 2416; x_wconf 66' lang='lat' dir='ltr'><strong>praescripto</strong></span> <span class='ocrx_word' id='word_1_545' title='bbox 3177 2347 3333 2400; x_wconf 81' lang='lat' dir='ltr'><strong>moli-</strong></span> 
     </span>
    </p>
   </div>
   <div class='ocr_carea' id='block_1_69' title="bbox 1761 2435 3440 2506">
    <p class='ocr_par' dir='ltr' id='par_1_69' title="bbox 1761 2435 3440 2506">
     <span class='ocr_line' id='line_1_69' title="bbox 1761 2435 3440 2506; baseline 0 -14"><span class='ocrx_word' id='word_1_546' title='bbox 1761 2447 1929 2493; x_wconf 89' lang='lat' dir='ltr'><strong>retur.</strong></span> <span class='ocrx_word' id='word_1_547' title='bbox 1961 2435 2164 2493; x_wconf 78' lang='lat' dir='ltr'><strong>Verum</strong></span> <span class='ocrx_word' id='word_1_548' title='bbox 2189 2437 2284 2492; x_wconf 92' lang='lat' dir='ltr'><strong>ubi</strong></span> <span class='ocrx_word' id='word_1_549' title='bbox 2328 2435 2398 2491; x_wconf 87' lang='lat' dir='ltr'><strong>ad</strong></span> <span class='ocrx_word' id='word_1_550' title='bbox 2433 2452 2536 2491; x_wconf 87' lang='lat' dir='ltr'><strong>nos</strong></span> <span class='ocrx_word' id='word_1_551' title='bbox 2563 2435 2821 2506; x_wconf 90' lang='lat' dir='ltr'><strong>delapsus</strong></span> <span class='ocrx_word' id='word_1_552' title='bbox 2848 2436 3104 2493; x_wconf 88' lang='lat' dir='ltr'><strong>Christus</strong></span> <span class='ocrx_word' id='word_1_553' title='bbox 3145 2436 3332 2492; x_wconf 87' lang='lat' dir='ltr'><strong>Domi-</strong></span> <span class='ocrx_word' id='word_1_554' title='bbox 3437 2471 3440 2474; x_wconf 98' lang='lat'><strong><em>-</em></strong></span> 
     </span>
    </p>
   </div>
   <div class='ocr_carea' id='block_1_70' title="bbox 1759 2527 3333 2592">
    <p class='ocr_par' dir='ltr' id='par_1_70' title="bbox 1759 2527 3333 2592">
     <span class='ocr_line' id='line_1_70' title="bbox 1759 2527 3333 2592; baseline 0 -9"><span class='ocrx_word' id='word_1_555' title='bbox 1759 2544 1864 2584; x_wconf 88' lang='lat' dir='ltr'><strong>nus</strong></span> <span class='ocrx_word' id='word_1_556' title='bbox 1893 2529 2128 2583; x_wconf 88' lang='lat' dir='ltr'><strong>humana</strong></span> <span class='ocrx_word' id='word_1_557' title='bbox 2159 2543 2324 2582; x_wconf 88' lang='lat' dir='ltr'><strong>carne</strong></span> <span class='ocrx_word' id='word_1_558' title='bbox 2349 2528 2579 2583; x_wconf 90' lang='lat' dir='ltr'><strong>vestitus</strong></span> <span class='ocrx_word' id='word_1_559' title='bbox 2613 2533 2717 2592; x_wconf 89' lang='lat' dir='ltr'><strong>est,</strong></span> <span class='ocrx_word' id='word_1_560' title='bbox 2752 2537 2803 2582; x_wconf 88' lang='lat' dir='ltr'><strong>ct</strong></span> <span class='ocrx_word' id='word_1_561' title='bbox 2837 2527 3001 2583; x_wconf 91' lang='lat' dir='ltr'><strong>homo</strong></span> <span class='ocrx_word' id='word_1_562' title='bbox 3039 2529 3216 2584; x_wconf 80' lang='lat' dir='ltr'><strong>factus</strong></span> <span class='ocrx_word' id='word_1_563' title='bbox 3249 2535 3333 2586; x_wconf 84' lang='lat' dir='ltr'><strong>est</strong></span> 
     </span>
    </p>
   </div>
   <div class='ocr_carea' id='block_1_71' title="bbox 1759 2619 3334 2691">
    <p class='ocr_par' dir='ltr' id='par_1_71' title="bbox 1759 2619 3334 2691">
     <span class='ocr_line' id='line_1_71' title="bbox 1759 2619 3334 2691; baseline 0 -13"><span class='ocrx_word' id='word_1_564' title='bbox 1759 2633 1812 2678; x_wconf 85' lang='lat' dir='ltr'><strong>et</strong></span> <span class='ocrx_word' id='word_1_565' title='bbox 1852 2623 2135 2678; x_wconf 87' lang='lat' dir='ltr'><strong>nobiscum</strong></span> <span class='ocrx_word' id='word_1_566' title='bbox 2177 2629 2429 2676; x_wconf 88' lang='lat' dir='ltr'><strong>versatus</strong></span> <span class='ocrx_word' id='word_1_567' title='bbox 2455 2661 2469 2686; x_wconf 93' lang='lat'><strong><em>,</em></strong></span> <span class='ocrx_word' id='word_1_568' title='bbox 2521 2635 2644 2674; x_wconf 91' lang='lat' dir='ltr'><strong>cum</strong></span> <span class='ocrx_word' id='word_1_569' title='bbox 2681 2619 2899 2676; x_wconf 68' lang='lat' dir='ltr'><strong>Judains</strong></span> <span class='ocrx_word' id='word_1_570' title='bbox 2941 2622 3334 2691; x_wconf 85' lang='lat' dir='ltr'><strong>alloqueretur,</strong></span> 
     </span>
    </p>
   </div>
   <div class='ocr_carea' id='block_1_72' title="bbox 1759 2709 3330 2784">
    <p class='ocr_par' dir='ltr' id='par_1_72' title="bbox 1759 2709 3330 2784">
     <span class='ocr_line' id='line_1_72' title="bbox 1759 2709 3330 2784; baseline -0.001 -18"><span class='ocrx_word' id='word_1_571' title='bbox 1759 2713 1854 2784; x_wconf 87' lang='lat' dir='ltr'><strong>qui</strong></span> <span class='ocrx_word' id='word_1_572' title='bbox 1889 2711 1956 2766; x_wconf 89' lang='lat' dir='ltr'><strong>ab</strong></span> <span class='ocrx_word' id='word_1_573' title='bbox 1985 2712 2104 2780; x_wconf 91' lang='lat' dir='ltr'><strong>ipso</strong></span> <span class='ocrx_word' id='word_1_574' title='bbox 2133 2725 2296 2781; x_wconf 86' lang='lat' dir='ltr'><strong>opera</strong></span> <span class='ocrx_word' id='word_1_575' title='bbox 2346 2709 2522 2764; x_wconf 86' lang='lat' dir='ltr'><strong>Patris</strong></span> <span class='ocrx_word' id='word_1_576' title='bbox 2559 2709 2731 2764; x_wconf 88' lang='lat' dir='ltr'><strong>everti</strong></span> <span class='ocrx_word' id='word_1_577' title='bbox 2768 2710 2870 2764; x_wconf 89' lang='lat' dir='ltr'><strong>sibi</strong></span> <span class='ocrx_word' id='word_1_578' title='bbox 2919 2721 3330 2782; x_wconf 86' lang='lat' dir='ltr'><strong>persuaserant,</strong></span> 
     </span>
    </p>
   </div>
   <div class='ocr_carea' id='block_1_73' title="bbox 1759 2787 3334 2875">
    <p class='ocr_par' dir='ltr' id='par_1_73' title="bbox 1759 2787 3334 2875">
     <span class='ocr_line' id='line_1_73' title="bbox 1759 2787 3334 2875; baseline -0.002 -16"><span class='ocrx_word' id='word_1_579' title='bbox 1759 2819 1870 2875; x_wconf 88' lang='lat' dir='ltr'><strong>quo</strong></span> <span class='ocrx_word' id='word_1_580' title='bbox 1905 2807 2092 2858; x_wconf 87' lang='lat' dir='ltr'><strong>eorum</strong></span> <span class='ocrx_word' id='word_1_581' title='bbox 2147 2801 2359 2854; x_wconf 89' lang='lat' dir='ltr'><strong>animos</strong></span> <span class='ocrx_word' id='word_1_582' title='bbox 2395 2815 2425 2853; x_wconf 91' lang='lat' dir='ltr'><strong>a</strong></span> <span class='ocrx_word' id='word_1_583' title='bbox 2473 2799 2645 2855; x_wconf 90' lang='lat' dir='ltr'><strong>solius</strong></span> <span class='ocrx_word' id='word_1_584' title='bbox 2675 2800 2924 2855; x_wconf 65' lang='lat' dir='ltr'><strong>humanae</strong></span> <span class='ocrx_word' id='word_1_585' title='bbox 2957 2787 3164 2856; x_wconf 69' lang='lat' dir='ltr'><strong>naturae</strong></span> <span class='ocrx_word' id='word_1_586' title='bbox 3201 2818 3334 2857; x_wconf 87' lang='lat' dir='ltr'><strong>con-</strong></span> 
     </span>
    </p>
   </div>
   <div class='ocr_carea' id='block_1_74' title="bbox 1760 2887 3332 2962">
    <p class='ocr_par' dir='ltr' id='par_1_74' title="bbox 1760 2887 3332 2962">
     <span class='ocr_line' id='line_1_74' title="bbox 1760 2887 3332 2962; baseline 0 -16"><span class='ocrx_word' id='word_1_587' title='bbox 1760 2893 2115 2962; x_wconf 90' lang='lat' dir='ltr'><strong>templatione</strong></span> <span class='ocrx_word' id='word_1_588' title='bbox 2145 2897 2427 2945; x_wconf 88' lang='lat' dir='ltr'><strong>revocaret</strong></span> <span class='ocrx_word' id='word_1_589' title='bbox 2461 2906 2473 2940; x_wconf 91' lang='lat'><strong>:</strong></span> <span class='ocrx_word' id='word_1_590' title='bbox 2516 2887 2690 2952; x_wconf 80' lang='lat' dir='ltr'><strong>Nihil,</strong></span> <span class='ocrx_word' id='word_1_591' title='bbox 2726 2890 2903 2960; x_wconf 88' lang='lat' dir='ltr'><strong>inquit</strong></span> <span class='ocrx_word' id='word_1_592' title='bbox 2926 2931 2940 2954; x_wconf 89' lang='lat'>.</span> <span class='ocrx_word' id='word_1_593' title='bbox 2977 2889 3022 2943; x_wconf 83' lang='lat' dir='ltr'><em>F</em></span> <span class='ocrx_word' id='word_1_594' title='bbox 3025 2891 3148 2946; x_wconf 83' lang='lat' dir='ltr'><strong>ilius</strong></span> <span class='ocrx_word' id='word_1_595' title='bbox 3179 2892 3332 2962; x_wconf 80' lang='lat' dir='ltr'><strong>facit,</strong></span> 
     </span>
    </p>
   </div>
   <div class='ocr_carea' id='block_1_75' title="bbox 1760 2981 3335 3053">
    <p class='ocr_par' dir='ltr' id='par_1_75' title="bbox 1760 2981 3335 3053">
     <span class='ocr_line' id='line_1_75' title="bbox 1760 2981 3335 3053; baseline 0.003 -14"><span class='ocrx_word' id='word_1_596' title='bbox 1760 2987 1865 3040; x_wconf 84' lang='lat' dir='ltr'><strong>nisi</strong></span> <span class='ocrx_word' id='word_1_597' title='bbox 1905 2985 2181 3053; x_wconf 78' lang='lat' dir='ltr'><strong>facientem</strong></span> <span class='ocrx_word' id='word_1_598' title='bbox 2221 2981 2439 3037; x_wconf 86' lang='lat' dir='ltr'><strong>Patrem</strong></span> <span class='ocrx_word' id='word_1_599' title='bbox 2481 2982 2704 3047; x_wconf 71' lang='lat' dir='ltr'><strong>viderit,-</strong></span> <span class='ocrx_word' id='word_1_600' title='bbox 2752 2991 2809 3038; x_wconf 91' lang='lat' dir='ltr'><strong>ut</strong></span> <span class='ocrx_word' id='word_1_601' title='bbox 2854 2999 2992 3053; x_wconf 91' lang='lat' dir='ltr'><strong>opus</strong></span> <span class='ocrx_word' id='word_1_602' title='bbox 3037 2985 3161 3040; x_wconf 86' lang='lat' dir='ltr'><strong>Filii</strong></span> <span class='ocrx_word' id='word_1_603' title='bbox 3211 3003 3335 3042; x_wconf 82' lang='lat' dir='ltr'><strong>esse</strong></span> 
     </span>
    </p>
   </div>
   <div class='ocr_carea' id='block_1_76' title="bbox 1763 3073 3335 3146">
    <p class='ocr_par' dir='ltr' id='par_1_76' title="bbox 1763 3073 3335 3146">
     <span class='ocr_line' id='line_1_76' title="bbox 1763 3073 3335 3146; baseline 0.003 -16"><span class='ocrx_word' id='word_1_604' title='bbox 1763 3075 1936 3132; x_wconf 86' lang='lat' dir='ltr'><strong>Patris</strong></span> <span class='ocrx_word' id='word_1_605' title='bbox 1961 3091 2100 3146; x_wconf 85' lang='lat' dir='ltr'><strong>Opus</strong></span> <span class='ocrx_word' id='word_1_606' title='bbox 2133 3074 2477 3140; x_wconf 73' lang='lat' dir='ltr'><strong>ostenderet,</strong></span> <span class='ocrx_word' id='word_1_607' title='bbox 2511 3073 2800 3144; x_wconf 89' lang='lat' dir='ltr'><strong>eidemque</strong></span> <span class='ocrx_word' id='word_1_608' title='bbox 2847 3073 2993 3130; x_wconf 87' lang='lat' dir='ltr'><strong>Patri</strong></span> <span class='ocrx_word' id='word_1_609' title='bbox 3025 3093 3180 3132; x_wconf 88' lang='lat' dir='ltr'><strong>suam</strong></span> <span class='ocrx_word' id='word_1_610' title='bbox 3213 3094 3335 3134; x_wconf 78' lang='lat' dir='ltr'><strong>om-</strong></span> 
     </span>
    </p>
   </div>
   <div class='ocr_carea' id='block_1_77' title="bbox 1763 3163 3334 3235">
    <p class='ocr_par' dir='ltr' id='par_1_77' title="bbox 1763 3163 3334 3235">
     <span class='ocr_line' id='line_1_77' title="bbox 1763 3163 3334 3235; baseline 0.003 -14"><span class='ocrx_word' id='word_1_611' title='bbox 1763 3183 1886 3222; x_wconf 92' lang='lat' dir='ltr'><strong>nem</strong></span> <span class='ocrx_word' id='word_1_612' title='bbox 1929 3165 2462 3220; x_wconf 87' lang='lat' dir='ltr'><strong>administrationem</strong></span> <span class='ocrx_word' id='word_1_613' title='bbox 2488 3179 2549 3220; x_wconf 87' lang='lat' dir='ltr'><strong>ac</strong></span> <span class='ocrx_word' id='word_1_614' title='bbox 2583 3163 2919 3220; x_wconf 75' lang='lat' dir='ltr'><strong>iunctionem</strong></span> <span class='ocrx_word' id='word_1_615' title='bbox 2956 3166 3192 3235; x_wconf 89' lang='lat' dir='ltr'><strong>placere.</strong></span> <span class='ocrx_word' id='word_1_616' title='bbox 3243 3170 3334 3226; x_wconf 72' lang='lat' dir='ltr'><strong>Sic</strong></span> 
     </span>
    </p>
   </div>
   <div class='ocr_carea' id='block_1_78' title="bbox 1763 3255 3336 3330">
    <p class='ocr_par' dir='ltr' id='par_1_78' title="bbox 1763 3255 3336 3330">
     <span class='ocr_line' id='line_1_78' title="bbox 1763 3255 3336 3330; baseline 0.003 -16"><span class='ocrx_word' id='word_1_617' title='bbox 1763 3259 1932 3330; x_wconf 80' lang='lat' dir='ltr'><strong>igitur</strong></span> <span class='ocrx_word' id='word_1_618' title='bbox 1959 3257 2218 3328; x_wconf 87' lang='lat' dir='ltr'><strong>deinceps</strong></span> <span class='ocrx_word' id='word_1_619' title='bbox 2264 3255 2512 3310; x_wconf 80' lang='lat' dir='ltr'><strong>infelices</strong></span> <span class='ocrx_word' id='word_1_620' title='bbox 2555 3255 2645 3310; x_wconf 61' lang='lat' dir='ltr'><strong>isti</strong></span> <span class='ocrx_word' id='word_1_621' title='bbox 2671 3296 2686 3322; x_wconf 96' lang='lat'><strong>,</strong></span> <span class='ocrx_word' id='word_1_622' title='bbox 2737 3257 2829 3326; x_wconf 89' lang='lat' dir='ltr'><strong>qui</strong></span> <span class='ocrx_word' id='word_1_623' title='bbox 2869 3257 3003 3312; x_wconf 87' lang='lat' dir='ltr'><strong>alias</strong></span> <span class='ocrx_word' id='word_1_624' title='bbox 3039 3257 3336 3330; x_wconf 69' lang='lat' dir='ltr'><strong>Scriptura:</strong></span> 
     </span>
    </p>
   </div>
   <div class='ocr_carea' id='block_1_79' title="bbox 1764 3337 3336 3416">
    <p class='ocr_par' dir='ltr' id='par_1_79' title="bbox 1764 3337 3336 3416">
     <span class='ocr_line' id='line_1_79' title="bbox 1764 3337 3336 3416; baseline 0.003 -14"><span class='ocrx_word' id='word_1_625' title='bbox 1764 3345 2085 3409; x_wconf 88' lang='lat' dir='ltr'><strong>sententias,</strong></span> <span class='ocrx_word' id='word_1_626' title='bbox 2127 3352 2386 3416; x_wconf 86' lang='lat' dir='ltr'><strong>tanquam</strong></span> <span class='ocrx_word' id='word_1_627' title='bbox 2432 3345 2698 3398; x_wconf 86' lang='lat' dir='ltr'><strong>immanes</strong></span> <span class='ocrx_word' id='word_1_628' title='bbox 2755 3344 2900 3409; x_wconf 81' lang='lat' dir='ltr'><strong>ferae,</strong></span> <span class='ocrx_word' id='word_1_629' title='bbox 2933 3337 3234 3406; x_wconf 76' lang='lat' dir='ltr'><strong>concidunt</strong></span> <span class='ocrx_word' id='word_1_630' title='bbox 3273 3367 3336 3407; x_wconf 88' lang='lat' dir='ltr'><strong>ac</strong></span> 
     </span>
    </p>
   </div>
   <div class='ocr_carea' id='block_1_80' title="bbox 1764 3435 3339 3512">
    <p class='ocr_par' dir='ltr' id='par_1_80' title="bbox 1764 3435 3339 3512">
     <span class='ocr_line' id='line_1_80' title="bbox 1764 3435 3339 3512; baseline 0.004 -20"><span class='ocrx_word' id='word_1_631' title='bbox 1764 3439 2040 3502; x_wconf 83' lang='lat' dir='ltr'><strong>lacerant,</strong></span> <span class='ocrx_word' id='word_1_632' title='bbox 2077 3437 2336 3500; x_wconf 88' lang='lat' dir='ltr'><strong>convicti,</strong></span> <span class='ocrx_word' id='word_1_633' title='bbox 2370 3435 2544 3491; x_wconf 88' lang='lat' dir='ltr'><strong>divini</strong></span> <span class='ocrx_word' id='word_1_634' title='bbox 2597 3436 2748 3490; x_wconf 89' lang='lat' dir='ltr'><strong>verbi</strong></span> <span class='ocrx_word' id='word_1_635' title='bbox 2787 3451 2851 3492; x_wconf 90' lang='lat' dir='ltr'><strong>ac</strong></span> <span class='ocrx_word' id='word_1_636' title='bbox 2881 3439 3124 3495; x_wconf 85' lang='lat' dir='ltr'><strong>veritatis</strong></span> <span class='ocrx_word' id='word_1_637' title='bbox 3157 3444 3339 3512; x_wconf 74' lang='lat' dir='ltr'><strong>splen-</strong></span> 
     </span>
    </p>
   </div>
   <div class='ocr_carea' id='block_1_81' title="bbox 1763 3527 3334 3601">
    <p class='ocr_par' dir='ltr' id='par_1_81' title="bbox 1763 3527 3334 3601">
     <span class='ocr_line' id='line_1_81' title="bbox 1763 3527 3334 3601; baseline 0.001 -15"><span class='ocrx_word' id='word_1_638' title='bbox 1763 3531 1981 3596; x_wconf 89' lang='lat' dir='ltr'><strong>dorem,</strong></span> <span class='ocrx_word' id='word_1_639' title='bbox 2016 3530 2162 3585; x_wconf 87' lang='lat' dir='ltr'><strong>velut.</strong></span> <span class='ocrx_word' id='word_1_640' title='bbox 2197 3528 2408 3600; x_wconf 82' lang='lat' dir='ltr'><strong>fulgure</strong></span> <span class='ocrx_word' id='word_1_641' title='bbox 2434 3527 2671 3600; x_wconf 90' lang='lat' dir='ltr'><strong>quodam</strong></span> <span class='ocrx_word' id='word_1_642' title='bbox 2704 3531 3066 3592; x_wconf 88' lang='lat' dir='ltr'><strong>consternati,</strong></span> <span class='ocrx_word' id='word_1_643' title='bbox 3106 3531 3334 3601; x_wconf 79' lang='lat' dir='ltr'><strong>fugient.</strong></span> 
     </span>
    </p>
   </div>
   <div class='ocr_carea' id='block_1_82' title="bbox 1769 3620 3334 3694">
    <p class='ocr_par' dir='ltr' id='par_1_82' title="bbox 1769 3620 3334 3694">
     <span class='ocr_line' id='line_1_82' title="bbox 1769 3620 3334 3694; baseline 0.003 -19"><span class='ocrx_word' id='word_1_644' title='bbox 1769 3621 2028 3694; x_wconf 77' lang='lat' dir='ltr'><strong>Futgura,</strong></span> <span class='ocrx_word' id='word_1_645' title='bbox 2077 3621 2272 3692; x_wconf 87' lang='lat' dir='ltr'><strong>inquit,</strong></span> <span class='ocrx_word' id='word_1_646' title='bbox 2323 3623 2776 3684; x_wconf 83' lang='lat' dir='ltr'><strong>coruscationem,</strong></span> <span class='ocrx_word' id='word_1_647' title='bbox 2809 3629 2860 3674; x_wconf 88' lang='lat' dir='ltr'><strong>et</strong></span> <span class='ocrx_word' id='word_1_648' title='bbox 2895 3620 3178 3690; x_wconf 69' lang='lat' dir='ltr'><strong>dissipnbis</strong></span> <span class='ocrx_word' id='word_1_649' title='bbox 3224 3640 3334 3679; x_wconf 85' lang='lat' dir='ltr'><strong>eos.</strong></span> 
     </span>
    </p>
   </div>
   <div class='ocr_carea' id='block_1_83' title="bbox 1765 3713 3017 3786">
    <p class='ocr_par' dir='ltr' id='par_1_83' title="bbox 1765 3713 3017 3786">
     <span class='ocr_line' id='line_1_83' title="bbox 1765 3713 3017 3786; baseline 0 -18"><span class='ocrx_word' id='word_1_650' title='bbox 1765 3714 1960 3769; x_wconf 84' lang='lat' dir='ltr'><strong>Emitte</strong></span> <span class='ocrx_word' id='word_1_651' title='bbox 1991 3715 2217 3786; x_wconf 80' lang='lat' dir='ltr'><strong>sagittas</strong></span> <span class='ocrx_word' id='word_1_652' title='bbox 2249 3723 2388 3775; x_wconf 85' lang='lat' dir='ltr'><strong>tuas,</strong></span> <span class='ocrx_word' id='word_1_653' title='bbox 2415 3723 2463 3768; x_wconf 94' lang='lat' dir='ltr'><strong>et</strong></span> <span class='ocrx_word' id='word_1_654' title='bbox 2494 3713 2833 3767; x_wconf 86' lang='lat' dir='ltr'><strong>conturbabis</strong></span> <span class='ocrx_word' id='word_1_655' title='bbox 2864 3731 2950 3768; x_wconf 87' lang='lat' dir='ltr'><strong>eos</strong></span> <span class='ocrx_word' id='word_1_656' title='bbox 2975 3715 3017 3768; x_wconf 79' lang='grc'><strong>⁵.</strong></span> 
     </span>
    </p>
   </div>
   <div class='ocr_carea' id='block_1_84' title="bbox 1837 3803 3336 3876">
    <p class='ocr_par' dir='ltr' id='par_1_84' title="bbox 1837 3803 3336 3876">
     <span class='ocr_line' id='line_1_84' title="bbox 1837 3803 3336 3876; baseline 0.003 -17"><span class='ocrx_word' id='word_1_657' title='bbox 1837 3803 2092 3859; x_wconf 82' lang='lat' dir='ltr'><strong>LXXVII.</strong></span> <span class='ocrx_word' id='word_1_658' title='bbox 2135 3804 2346 3861; x_wconf 89' lang='lat' dir='ltr'><strong>Etenim</strong></span> <span class='ocrx_word' id='word_1_659' title='bbox 2403 3805 2478 3859; x_wconf 91' lang='lat' dir='ltr'><strong>illi</strong></span> <span class='ocrx_word' id='word_1_660' title='bbox 2513 3803 2812 3876; x_wconf 69' lang='lat' dir='ltr'><strong>Scriptura:</strong></span> <span class='ocrx_word' id='word_1_661' title='bbox 2859 3805 3012 3870; x_wconf 90' lang='lat' dir='ltr'><strong>loco,</strong></span> <span class='ocrx_word' id='word_1_662' title='bbox 3065 3821 3226 3876; x_wconf 90' lang='lat' dir='ltr'><strong>quem</strong></span> <span class='ocrx_word' id='word_1_663' title='bbox 3273 3821 3336 3864; x_wconf 78' lang='lat' dir='ltr'><strong>ex</strong></span> 
     </span>
    </p>
   </div>
   <div class='ocr_carea' id='block_1_85' title="bbox 1766 3895 3341 3969">
    <p class='ocr_par' dir='ltr' id='par_1_85' title="bbox 1766 3895 3341 3969">
     <span class='ocr_line' id='line_1_85' title="bbox 1766 3895 3341 3969; baseline 0.001 -18"><span class='ocrx_word' id='word_1_664' title='bbox 1766 3895 2059 3969; x_wconf 81' lang='lat' dir='ltr'><strong>Evangelio</strong></span> <span class='ocrx_word' id='word_1_665' title='bbox 2088 3897 2412 3966; x_wconf 69' lang='lat' dir='ltr'><strong>proferunt,</strong></span> <span class='ocrx_word' id='word_1_666' title='bbox 2462 3899 2649 3952; x_wconf 90' lang='lat' dir='ltr'><strong>statim</strong></span> <span class='ocrx_word' id='word_1_667' title='bbox 2701 3897 2832 3951; x_wconf 92' lang='lat' dir='ltr'><strong>illud</strong></span> <span class='ocrx_word' id='word_1_668' title='bbox 2867 3895 3058 3952; x_wconf 85' lang='lat' dir='ltr'><strong>ordine</strong></span> <span class='ocrx_word' id='word_1_669' title='bbox 3098 3899 3341 3954; x_wconf 82' lang='lat' dir='ltr'><strong>subtexi-</strong></span> 
     </span>
    </p>
   </div>
   <div class='ocr_carea' id='block_1_86' title="bbox 1767 3985 3342 4060">
    <p class='ocr_par' dir='ltr' id='par_1_86' title="bbox 1767 3985 3342 4060">
     <span class='ocr_line' id='line_1_86' title="bbox 1767 3985 3342 4060; baseline 0.003 -16"><span class='ocrx_word' id='word_1_670' title='bbox 1767 3993 1856 4044; x_wconf 78' lang='grc' dir='ltr'><strong>ιω-</strong></span> <span class='ocrx_word' id='word_1_671' title='bbox 1885 4007 1898 4043; x_wconf 91' lang='lat'><strong>:</strong></span> <span class='ocrx_word' id='word_1_672' title='bbox 1940 3989 2098 4043; x_wconf 80' lang='lat' dir='ltr'><strong>Pater</strong></span> <span class='ocrx_word' id='word_1_673' title='bbox 2120 3990 2256 4042; x_wconf 85' lang='lat' dir='ltr'><strong>enim</strong></span> <span class='ocrx_word' id='word_1_674' title='bbox 2296 3988 2470 4060; x_wconf 81' lang='lat' dir='ltr'><strong>diligit</strong></span> <span class='ocrx_word' id='word_1_675' title='bbox 2505 3988 2551 4041; x_wconf 87' lang='lat' dir='ltr'><strong><em>F</em></strong></span> <span class='ocrx_word' id='word_1_676' title='bbox 2555 3990 2704 4043; x_wconf 86' lang='lat' dir='ltr'><strong>ilium</strong></span> <span class='ocrx_word' id='word_1_677' title='bbox 2733 3999 2782 4045; x_wconf 89' lang='lat' dir='ltr'><strong>et</strong></span> <span class='ocrx_word' id='word_1_678' title='bbox 2806 3989 2983 4043; x_wconf 86' lang='lat' dir='ltr'><strong>omnia</strong></span> <span class='ocrx_word' id='word_1_679' title='bbox 3014 3985 3342 4048; x_wconf 67' lang='lat' dir='ltr'><strong>demonstret</strong></span> 
     </span>
    </p>
   </div>
   <div class='ocr_carea' id='block_1_87' title="bbox 1764 4081 3335 4152">
    <p class='ocr_par' dir='ltr' id='par_1_87' title="bbox 1764 4081 3335 4152">
     <span class='ocr_line' id='line_1_87' title="bbox 1764 4081 3335 4152; baseline 0.001 -16"><span class='ocrx_word' id='word_1_680' title='bbox 1764 4082 1833 4144; x_wconf 86' lang='lat' dir='ltr'><strong>ei.</strong></span> <span class='ocrx_word' id='word_1_681' title='bbox 1864 4098 1979 4152; x_wconf 72' lang='lat' dir='ltr'><strong>qua:</strong></span> <span class='ocrx_word' id='word_1_682' title='bbox 2011 4082 2116 4150; x_wconf 83' lang='lat' dir='ltr'><strong>ipse</strong></span> <span class='ocrx_word' id='word_1_683' title='bbox 2145 4081 2296 4150; x_wconf 87' lang='lat' dir='ltr'><strong>facit,</strong></span> <span class='ocrx_word' id='word_1_684' title='bbox 2330 4091 2380 4135; x_wconf 89' lang='lat' dir='ltr'><strong>et</strong></span> <span class='ocrx_word' id='word_1_685' title='bbox 2410 4081 2476 4135; x_wconf 86' lang='lat' dir='ltr'><strong>iis</strong></span> <span class='ocrx_word' id='word_1_686' title='bbox 2504 4082 2710 4151; x_wconf 88' lang='lat' dir='ltr'><strong>majora</strong></span> <span class='ocrx_word' id='word_1_687' title='bbox 2737 4099 2894 4152; x_wconf 84' lang='lat' dir='ltr'><strong>opera</strong></span> <span class='ocrx_word' id='word_1_688' title='bbox 2921 4083 3335 4146; x_wconf 86' lang='lat' dir='ltr'><strong>demonstrabit,</strong></span> 
     </span>
    </p>
   </div>
   <div class='ocr_carea' id='block_1_88' title="bbox 1767 4171 3341 4230">
    <p class='ocr_par' dir='ltr' id='par_1_88' title="bbox 1767 4171 3341 4230">
     <span class='ocr_line' id='line_1_88' title="bbox 1767 4171 3341 4230; baseline 0.004 -6"><span class='ocrx_word' id='word_1_689' title='bbox 1767 4181 1824 4224; x_wconf 89' lang='lat' dir='ltr'><strong>ut</strong></span> <span class='ocrx_word' id='word_1_690' title='bbox 1856 4189 1942 4225; x_wconf 85' lang='lat' dir='ltr'><strong>vos</strong></span> <span class='ocrx_word' id='word_1_691' title='bbox 1985 4171 2303 4223; x_wconf 80' lang='lat' dir='ltr'><strong>miremini&#39;.</strong></span> <span class='ocrx_word' id='word_1_692' title='bbox 2351 4171 2523 4225; x_wconf 89' lang='lat' dir='ltr'><strong>Item:</strong></span> <span class='ocrx_word' id='word_1_693' title='bbox 2568 4171 2734 4226; x_wconf 86' lang='lat' dir='ltr'><strong>Pater</strong></span> <span class='ocrx_word' id='word_1_694' title='bbox 2779 4175 3004 4228; x_wconf 84' lang='lat' dir='ltr'><strong>suscitat</strong></span> <span class='ocrx_word' id='word_1_695' title='bbox 3031 4183 3264 4228; x_wconf 82' lang='lat' dir='ltr'><strong>mortuos</strong></span> <span class='ocrx_word' id='word_1_696' title='bbox 3288 4183 3341 4230; x_wconf 82' lang='lat' dir='ltr'><strong>et</strong></span> 
     </span>
    </p>
   </div>
   <div class='ocr_carea' id='block_1_89' title="bbox 1768 4260 3338 4336">
    <p class='ocr_par' dir='ltr' id='par_1_89' title="bbox 1768 4260 3338 4336">
     <span class='ocr_line' id='line_1_89' title="bbox 1768 4260 3338 4336; baseline 0.004 -21"><span class='ocrx_word' id='word_1_697' title='bbox 1768 4261 2030 4322; x_wconf 82' lang='lat' dir='ltr'><strong>viviﬁcal;</strong></span> <span class='ocrx_word' id='word_1_698' title='bbox 2077 4261 2326 4314; x_wconf 85' lang='lat' dir='ltr'><strong>similiter</strong></span> <span class='ocrx_word' id='word_1_699' title='bbox 2379 4271 2428 4314; x_wconf 83' lang='lat' dir='ltr'><strong>et</strong></span> <span class='ocrx_word' id='word_1_700' title='bbox 2487 4260 2664 4316; x_wconf 86' lang='lat' dir='ltr'><strong>Filius</strong></span> <span class='ocrx_word' id='word_1_701' title='bbox 2715 4281 2843 4335; x_wconf 81' lang='lat' dir='ltr'><strong>quos</strong></span> <span class='ocrx_word' id='word_1_702' title='bbox 2876 4265 2983 4319; x_wconf 85' lang='lat' dir='ltr'><strong>vult</strong></span> <span class='ocrx_word' id='word_1_703' title='bbox 3045 4267 3275 4336; x_wconf 72' lang='lat' dir='ltr'><strong>riviﬁcat</strong></span> <span class='ocrx_word' id='word_1_704' title='bbox 3295 4267 3338 4322; x_wconf 76' lang='grc'><strong>⁸.</strong></span> 
     </span>
    </p>
   </div>
   <div class='ocr_carea' id='block_1_90' title="bbox 1769 4349 3342 4421">
    <p class='ocr_par' dir='ltr' id='par_1_90' title="bbox 1769 4349 3342 4421">
     <span class='ocr_line' id='line_1_90' title="bbox 1769 4349 3342 4421; baseline 0.006 -17"><span class='ocrx_word' id='word_1_705' title='bbox 1769 4351 1900 4406; x_wconf 89' lang='lat' dir='ltr'><strong>Item</strong></span> <span class='ocrx_word' id='word_1_706' title='bbox 1937 4371 1950 4406; x_wconf 91' lang='lat'>:</span> <span class='ocrx_word' id='word_1_707' title='bbox 1993 4349 2155 4404; x_wconf 90' lang='lat' dir='ltr'><strong>Pater</strong></span> <span class='ocrx_word' id='word_1_708' title='bbox 2199 4352 2456 4405; x_wconf 86' lang='lat' dir='ltr'><strong>neminem</strong></span> <span class='ocrx_word' id='word_1_709' title='bbox 2499 4353 2733 4421; x_wconf 82' lang='lat' dir='ltr'><strong>judieat,</strong></span> <span class='ocrx_word' id='word_1_710' title='bbox 2765 4353 2855 4409; x_wconf 86' lang='lat' dir='ltr'><strong>sed</strong></span> <span class='ocrx_word' id='word_1_711' title='bbox 2889 4373 3038 4410; x_wconf 84' lang='lat' dir='ltr'><strong>omne</strong></span> <span class='ocrx_word' id='word_1_712' title='bbox 3081 4357 3342 4420; x_wconf 82' lang='lat' dir='ltr'><strong>iudicium</strong></span> 
     </span>
    </p>
   </div>
   <div class='ocr_carea' id='block_1_91' title="bbox 1767 4439 3343 4514">
    <p class='ocr_par' dir='ltr' id='par_1_91' title="bbox 1767 4439 3343 4514">
     <span class='ocr_line' id='line_1_91' title="bbox 1767 4439 3343 4514; baseline 0.007 -21"><span class='ocrx_word' id='word_1_713' title='bbox 1767 4441 1910 4496; x_wconf 87' lang='lat' dir='ltr'><strong>dedit</strong></span> <span class='ocrx_word' id='word_1_714' title='bbox 1945 4439 2104 4506; x_wconf 82' lang='lat' dir='ltr'><strong>Filio,</strong></span> <span class='ocrx_word' id='word_1_715' title='bbox 2148 4449 2204 4494; x_wconf 89' lang='lat' dir='ltr'><strong>ut</strong></span> <span class='ocrx_word' id='word_1_716' title='bbox 2240 4458 2416 4495; x_wconf 88' lang='lat' dir='ltr'><strong>omnes</strong></span> <span class='ocrx_word' id='word_1_717' title='bbox 2452 4442 2706 4498; x_wconf 84' lang='lat' dir='ltr'><strong>honorent</strong></span> <span class='ocrx_word' id='word_1_718' title='bbox 2753 4445 2982 4514; x_wconf 79' lang='lat' dir='ltr'><strong>Filium,</strong></span> <span class='ocrx_word' id='word_1_719' title='bbox 3009 4449 3144 4502; x_wconf 86' lang='lat' dir='ltr'><strong>sicut</strong></span> <span class='ocrx_word' id='word_1_720' title='bbox 3175 4449 3343 4504; x_wconf 87' lang='lat' dir='ltr'><strong>hono-</strong></span> 
     </span>
    </p>
   </div>
   <div class='ocr_carea' id='block_1_92' title="bbox 1769 4531 3340 4613">
    <p class='ocr_par' dir='ltr' id='par_1_92' title="bbox 1769 4531 3340 4613">
     <span class='ocr_line' id='line_1_92' title="bbox 1769 4531 3340 4613; baseline 0.009 -28"><span class='ocrx_word' id='word_1_721' title='bbox 1769 4541 1888 4585; x_wconf 84' lang='lat' dir='ltr'><strong>rant</strong></span> <span class='ocrx_word' id='word_1_722' title='bbox 1923 4531 2131 4585; x_wconf 84' lang='lat' dir='ltr'><strong>Patrem</strong></span> <span class='ocrx_word' id='word_1_723' title='bbox 2150 4533 2191 4586; x_wconf 81' lang='lat'><strong>’.</strong></span> <span class='ocrx_word' id='word_1_724' title='bbox 2228 4532 2606 4590; x_wconf 81' lang='lat' dir='ltr'><strong>Animadverte</strong></span> <span class='ocrx_word' id='word_1_725' title='bbox 2637 4553 2804 4604; x_wconf 90' lang='lat' dir='ltr'><strong>nunc,</strong></span> <span class='ocrx_word' id='word_1_726' title='bbox 2839 4541 2954 4604; x_wconf 79' lang='lat' dir='ltr'><strong>Ari,</strong></span> <span class='ocrx_word' id='word_1_727' title='bbox 2987 4539 3133 4596; x_wconf 89' lang='lat' dir='ltr'><strong>hunc</strong></span> <span class='ocrx_word' id='word_1_728' title='bbox 3160 4542 3340 4613; x_wconf 88' lang='lat' dir='ltr'><strong>ipsum</strong></span> 
     </span>
    </p>
   </div>
   <div class='ocr_carea' id='block_1_93' title="bbox 1771 4625 3340 4702">
    <p class='ocr_par' dir='ltr' id='par_1_93' title="bbox 1771 4625 3340 4702">
     <span class='ocr_line' id='line_1_93' title="bbox 1771 4625 3340 4702; baseline 0.009 -24"><span class='ocrx_word' id='word_1_729' title='bbox 1771 4625 2030 4679; x_wconf 70' lang='lat' dir='ltr'><strong>instituta:</strong></span> <span class='ocrx_word' id='word_1_730' title='bbox 2075 4631 2269 4679; x_wconf 90' lang='lat' dir='ltr'><strong>contra</strong></span> <span class='ocrx_word' id='word_1_731' title='bbox 2313 4635 2365 4681; x_wconf 87' lang='lat' dir='ltr'><strong>te</strong></span> <span class='ocrx_word' id='word_1_732' title='bbox 2396 4641 2426 4680; x_wconf 90' lang='lat' dir='ltr'><strong>a</strong></span> <span class='ocrx_word' id='word_1_733' title='bbox 2467 4628 2626 4684; x_wconf 88' lang='lat' dir='ltr'><strong>nobis</strong></span> <span class='ocrx_word' id='word_1_734' title='bbox 2675 4631 3066 4702; x_wconf 86' lang='lat' dir='ltr'><strong>disputationis</strong></span> <span class='ocrx_word' id='word_1_735' title='bbox 3111 4636 3340 4692; x_wconf 81' lang='lat' dir='ltr'><strong>exitum.</strong></span> 
     </span>
    </p>
   </div>
   <div class='ocr_carea' id='block_1_94' title="bbox 118 4705 1661 4790">
    <p class='ocr_par' dir='ltr' id='par_1_94' title="bbox 118 4705 1661 4785">
     <span class='ocr_line' id='line_1_94' title="bbox 118 4705 1661 4785; baseline -0.003 -21"><span class='ocrx_word' id='word_1_736' title='bbox 118 4714 263 4782; x_wconf 67' lang='grc' dir='ltr'>πέρας</span> <span class='ocrx_word' id='word_1_737' title='bbox 298 4715 394 4785; x_wconf 73' lang='grc' dir='ltr'>τῆς</span> <span class='ocrx_word' id='word_1_738' title='bbox 435 4715 576 4785; x_wconf 75' lang='grc' dir='ltr'>πρὸς</span> <span class='ocrx_word' id='word_1_739' title='bbox 609 4713 670 4765; x_wconf 86' lang='grc' dir='ltr'><strong>σὲ</strong></span> <span class='ocrx_word' id='word_1_740' title='bbox 708 4711 987 4782; x_wconf 77' lang='grc' dir='ltr'>διαλογῆς,</span> <span class='ocrx_word' id='word_1_741' title='bbox 1023 4709 1124 4763; x_wconf 81' lang='grc' dir='ltr'>ποῦ</span> <span class='ocrx_word' id='word_1_742' title='bbox 1152 4707 1477 4764; x_wconf 78' lang='grc' dir='ltr'>ἀπετέλεσεν</span> <span class='ocrx_word' id='word_1_743' title='bbox 1509 4709 1538 4760; x_wconf 84' lang='grc' dir='ltr'><strong>ὁ</strong></span> <span class='ocrx_word' id='word_1_744' title='bbox 1579 4705 1661 4760; x_wconf 84' lang='grc' dir='ltr'><strong>λὸ-</strong></span> 
     </span>
    </p>
   </div>
   <div class='ocr_carea' id='block_1_95' title="bbox 1764 4705 3344 4790">
    <p class='ocr_par' dir='ltr' id='par_1_95' title="bbox 1767 4713 3344 4790">
     <span class='ocr_line' id='line_1_95' title="bbox 1767 4713 3344 4790; baseline 0.009 -22"><span class='ocrx_word' id='word_1_745' title='bbox 1767 4713 1884 4768; x_wconf 86' lang='lat' dir='ltr'><strong>Non</strong></span> <span class='ocrx_word' id='word_1_746' title='bbox 1935 4714 2072 4768; x_wconf 88' lang='lat' dir='ltr'><strong>dixit</strong></span> <span class='ocrx_word' id='word_1_747' title='bbox 2119 4729 2150 4768; x_wconf 93' lang='lat' dir='ltr'><strong>a</strong></span> <span class='ocrx_word' id='word_1_748' title='bbox 2197 4715 2525 4786; x_wconf 86' lang='lat' dir='ltr'><strong>quibusdam</strong></span> <span class='ocrx_word' id='word_1_749' title='bbox 2581 4717 2842 4776; x_wconf 88' lang='lat' dir='ltr'><strong>honorari</strong></span> <span class='ocrx_word' id='word_1_750' title='bbox 2872 4722 3091 4790; x_wconf 89' lang='lat' dir='ltr'><strong>debere,</strong></span> <span class='ocrx_word' id='word_1_751' title='bbox 3123 4725 3192 4780; x_wconf 90' lang='lat' dir='ltr'><strong>ab</strong></span> <span class='ocrx_word' id='word_1_752' title='bbox 3218 4725 3344 4782; x_wconf 87' lang='lat' dir='ltr'><strong>aliis</strong></span> 
     </span>
    </p>
   </div>
   <div class='ocr_carea' id='block_1_96' title="bbox 119 4797 1662 4868">
    <p class='ocr_par' dir='ltr' id='par_1_96' title="bbox 119 4797 1662 4868">
     <span class='ocr_line' id='line_1_96' title="bbox 119 4797 1662 4868; baseline -0.004 -11"><span class='ocrx_word' id='word_1_753' title='bbox 119 4816 208 4868; x_wconf 66' lang='lat'><strong>70;.</strong></span> <span class='ocrx_word' id='word_1_754' title='bbox 239 4805 344 4858; x_wconf 76' lang='grc' dir='ltr'><strong>Οὐκ</strong></span> <span class='ocrx_word' id='word_1_755' title='bbox 369 4801 494 4857; x_wconf 75' lang='grc' dir='ltr'>εἷπε</span> <span class='ocrx_word' id='word_1_756' title='bbox 528 4803 680 4866; x_wconf 73' lang='grc' dir='ltr'>τινας</span> <span class='ocrx_word' id='word_1_757' title='bbox 709 4803 817 4866; x_wconf 68' lang='grc' dir='ltr'>ναὶ,</span> <span class='ocrx_word' id='word_1_758' title='bbox 842 4801 936 4855; x_wconf 77' lang='grc' dir='ltr'><strong>καὶ</strong></span> <span class='ocrx_word' id='word_1_759' title='bbox 957 4801 1108 4864; x_wconf 71' lang='grc' dir='ltr'>τινας</span> <span class='ocrx_word' id='word_1_760' title='bbox 1131 4799 1190 4853; x_wconf 78' lang='grc' dir='ltr'>οὗ</span> <span class='ocrx_word' id='word_1_761' title='bbox 1215 4816 1229 4830; x_wconf 89' lang='grc'><strong>·</strong></span> <span class='ocrx_word' id='word_1_762' title='bbox 1257 4799 1369 4853; x_wconf 79' lang='grc' dir='ltr'>ἀλλ’</span> <span class='ocrx_word' id='word_1_763' title='bbox 1389 4799 1490 4852; x_wconf 70' lang='grc' dir='ltr'>ἵνα</span> <span class='ocrx_word' id='word_1_764' title='bbox 1513 4797 1662 4852; x_wconf 77' lang='grc' dir='ltr'><strong>πάν-</strong></span> 
     </span>
    </p>
   </div>
   <div class='ocr_carea' id='block_1_97' title="bbox 118 4888 1662 4964">
    <p class='ocr_par' dir='ltr' id='par_1_97' title="bbox 118 4888 1662 4964">
     <span class='ocr_line' id='line_1_97' title="bbox 118 4888 1662 4964; baseline -0.003 -18"><span class='ocrx_word' id='word_1_765' title='bbox 118 4907 198 4957; x_wconf 79' lang='grc' dir='ltr'><strong>τες</strong></span> <span class='ocrx_word' id='word_1_766' title='bbox 229 4893 428 4964; x_wconf 81' lang='grc' dir='ltr'><strong>τιμῶσι</strong></span> <span class='ocrx_word' id='word_1_767' title='bbox 461 4897 574 4948; x_wconf 77' lang='grc' dir='ltr'>τὸν</span> <span class='ocrx_word' id='word_1_768' title='bbox 606 4893 740 4948; x_wconf 76' lang='grc' dir='ltr'><strong>Υἱὸν</strong></span> <span class='ocrx_word' id='word_1_769' title='bbox 767 4893 848 4960; x_wconf 86' lang='grc' dir='ltr'><strong>ὡς</strong></span> <span class='ocrx_word' id='word_1_770' title='bbox 880 4891 1092 4961; x_wconf 82' lang='grc' dir='ltr'>τιμῶσι</span> <span class='ocrx_word' id='word_1_771' title='bbox 1137 4890 1244 4944; x_wconf 77' lang='grc' dir='ltr'><strong>τὸν</strong></span> <span class='ocrx_word' id='word_1_772' title='bbox 1278 4889 1525 4958; x_wconf 72' lang='grc' dir='ltr'>Πατέρα.</span> <span class='ocrx_word' id='word_1_773' title='bbox 1569 4888 1662 4960; x_wconf 85' lang='grc' dir='ltr'><strong>Μὴ</strong></span> 
     </span>
    </p>
   </div>
   <div class='ocr_carea' id='block_1_98' title="bbox 121 4983 1668 5056">
    <p class='ocr_par' dir='ltr' id='par_1_98' title="bbox 121 4983 1668 5056">
     <span class='ocr_line' id='line_1_98' title="bbox 121 4983 1668 5056; baseline -0.001 -20"><span class='ocrx_word' id='word_1_774' title='bbox 121 4983 318 5056; x_wconf 78' lang='grc' dir='ltr'>ἀτίμαζε</span> <span class='ocrx_word' id='word_1_775' title='bbox 345 4989 532 5040; x_wconf 82' lang='grc' dir='ltr'>τοίνυν</span> <span class='ocrx_word' id='word_1_776' title='bbox 561 4987 655 5039; x_wconf 83' lang='grc' dir='ltr'><strong>τὸν</strong></span> <span class='ocrx_word' id='word_1_777' title='bbox 691 4985 855 5048; x_wconf 84' lang='grc' dir='ltr'>Υίδν,</span> <span class='ocrx_word' id='word_1_778' title='bbox 889 4985 978 5039; x_wconf 81' lang='grc' dir='ltr'><strong>ἵνα</strong></span> <span class='ocrx_word' id='word_1_779' title='bbox 1010 4984 1086 5056; x_wconf 83' lang='grc' dir='ltr'><strong>μὴ</strong></span> <span class='ocrx_word' id='word_1_780' title='bbox 1123 4983 1396 5054; x_wconf 82' lang='grc' dir='ltr'><strong>ἀτιμάσῃς</strong></span> <span class='ocrx_word' id='word_1_781' title='bbox 1427 4983 1516 5036; x_wconf 80' lang='grc' dir='ltr'><strong>τὸν</strong></span> <span class='ocrx_word' id='word_1_782' title='bbox 1555 4983 1668 5036; x_wconf 88' lang='grc' dir='ltr'><strong>Πα-</strong></span> 
     </span>
    </p>
   </div>
   <div class='ocr_carea' id='block_1_99' title="bbox 121 5073 1666 5151">
    <p class='ocr_par' dir='ltr' id='par_1_99' title="bbox 121 5073 1666 5151">
     <span class='ocr_line' id='line_1_99' title="bbox 121 5073 1666 5151; baseline 0.001 -25"><span class='ocrx_word' id='word_1_783' title='bbox 121 5075 255 5146; x_wconf 76' lang='grc' dir='ltr'>τέρα·</span> <span class='ocrx_word' id='word_1_784' title='bbox 285 5081 330 5132; x_wconf 81' lang='grc' dir='ltr'><strong>εί</strong></span> <span class='ocrx_word' id='word_1_785' title='bbox 355 5080 464 5151; x_wconf 84' lang='grc' dir='ltr'><strong>γάρ</strong></span> <span class='ocrx_word' id='word_1_786' title='bbox 498 5097 555 5132; x_wconf 82' lang='grc' dir='ltr'><strong>τι</strong></span> <span class='ocrx_word' id='word_1_787' title='bbox 596 5078 675 5141; x_wconf 84' lang='grc' dir='ltr'>είς</span> <span class='ocrx_word' id='word_1_788' title='bbox 711 5077 802 5130; x_wconf 76' lang='grc' dir='ltr'>τὸν</span> <span class='ocrx_word' id='word_1_789' title='bbox 837 5075 966 5129; x_wconf 79' lang='grc' dir='ltr'>Υίὸν</span> <span class='ocrx_word' id='word_1_790' title='bbox 1001 5074 1193 5146; x_wconf 78' lang='grc' dir='ltr'>λογίζῃ</span> <span class='ocrx_word' id='word_1_791' title='bbox 1221 5073 1558 5144; x_wconf 81' lang='grc' dir='ltr'>ὑποϐεϐηκὺς</span> <span class='ocrx_word' id='word_1_792' title='bbox 1581 5113 1598 5136; x_wconf 94' lang='lat'><strong>,</strong></span> <span class='ocrx_word' id='word_1_793' title='bbox 1631 5073 1666 5144; x_wconf 82' lang='grc' dir='ltr'>ἢ</span> 
     </span>
    </p>
   </div>
   <div class='ocr_carea' id='block_1_100' title="bbox 123 5164 1665 5239">
    <p class='ocr_par' dir='ltr' id='par_1_100' title="bbox 123 5164 1665 5239">
     <span class='ocr_line' id='line_1_100' title="bbox 123 5164 1665 5239; baseline 0.001 -22"><span class='ocrx_word' id='word_1_794' title='bbox 123 5165 372 5239; x_wconf 70' lang='grc' dir='ltr'>ἐλάττωμα</span> <span class='ocrx_word' id='word_1_795' title='bbox 409 5167 773 5232; x_wconf 83' lang='grc' dir='ltr'>διανοεῖσθαι,</span> <span class='ocrx_word' id='word_1_796' title='bbox 815 5166 1010 5220; x_wconf 78' lang='grc' dir='ltr'>οὐκοῦν</span> <span class='ocrx_word' id='word_1_797' title='bbox 1057 5167 1152 5220; x_wconf 78' lang='grc' dir='ltr'>καὶ</span> <span class='ocrx_word' id='word_1_798' title='bbox 1194 5167 1286 5219; x_wconf 76' lang='grc' dir='ltr'><strong>ἐπὶ</strong></span> <span class='ocrx_word' id='word_1_799' title='bbox 1321 5165 1410 5218; x_wconf 83' lang='grc' dir='ltr'><strong>τὸν</strong></span> <span class='ocrx_word' id='word_1_800' title='bbox 1445 5164 1665 5236; x_wconf 81' lang='grc' dir='ltr'>Πατέρα</span> 
     </span>
    </p>
   </div>
   <div class='ocr_carea' id='block_1_101' title="bbox 123 5255 1665 5331">
    <p class='ocr_par' dir='ltr' id='par_1_101' title="bbox 123 5255 1665 5331">
     <span class='ocr_line' id='line_1_101' title="bbox 123 5255 1665 5331; baseline 0.001 -23"><span class='ocrx_word' id='word_1_801' title='bbox 123 5257 364 5314; x_wconf 72' lang='grc' dir='ltr'>ἀναϐαίνει</span> <span class='ocrx_word' id='word_1_802' title='bbox 393 5278 491 5313; x_wconf 86' lang='grc' dir='ltr'><strong>σου</strong></span> <span class='ocrx_word' id='word_1_803' title='bbox 521 5263 554 5331; x_wconf 85' lang='grc' dir='ltr'><strong>ἡ</strong></span> <span class='ocrx_word' id='word_1_804' title='bbox 593 5260 824 5314; x_wconf 77' lang='grc' dir='ltr'>διάνοια.</span> <span class='ocrx_word' id='word_1_805' title='bbox 867 5259 980 5330; x_wconf 85' lang='grc' dir='ltr'><strong>Τῆς</strong></span> <span class='ocrx_word' id='word_1_806' title='bbox 1023 5257 1134 5328; x_wconf 82' lang='grc' dir='ltr'>γὰρ</span> <span class='ocrx_word' id='word_1_807' title='bbox 1158 5257 1327 5328; x_wconf 81' lang='grc' dir='ltr'>αὐτῆς</span> <span class='ocrx_word' id='word_1_808' title='bbox 1355 5273 1436 5310; x_wconf 87' lang='grc' dir='ltr'>σοι</span> <span class='ocrx_word' id='word_1_809' title='bbox 1462 5255 1665 5327; x_wconf 85' lang='grc' dir='ltr'>τολμη-</span> 
     </span>
    </p>
   </div>
   <div class='ocr_carea' id='block_1_102' title="bbox 125 5347 1667 5421">
    <p class='ocr_par' dir='ltr' id='par_1_102' title="bbox 125 5347 1667 5421">
     <span class='ocr_line' id='line_1_102' title="bbox 125 5347 1667 5421; baseline 0.001 -21"><span class='ocrx_word' id='word_1_810' title='bbox 125 5347 221 5416; x_wconf 70' lang='lat' dir='ltr'><strong>pia;</strong></span> <span class='ocrx_word' id='word_1_811' title='bbox 243 5353 351 5405; x_wconf 71' lang='grc' dir='ltr'>ἐστὶ</span> <span class='ocrx_word' id='word_1_812' title='bbox 387 5353 452 5406; x_wconf 80' lang='grc' dir='ltr'>τὸ</span> <span class='ocrx_word' id='word_1_813' title='bbox 493 5353 574 5416; x_wconf 80' lang='grc' dir='ltr'>είς</span> <span class='ocrx_word' id='word_1_814' title='bbox 605 5352 696 5404; x_wconf 80' lang='grc' dir='ltr'><strong>τὸν</strong></span> <span class='ocrx_word' id='word_1_815' title='bbox 727 5351 856 5406; x_wconf 79' lang='grc' dir='ltr'>Υἰὸν</span> <span class='ocrx_word' id='word_1_816' title='bbox 883 5349 1242 5415; x_wconf 84' lang='grc' dir='ltr'>διανοεῖσθαι,</span> <span class='ocrx_word' id='word_1_817' title='bbox 1269 5347 1364 5403; x_wconf 71' lang='grc' dir='ltr'><strong>καὶ</strong></span> <span class='ocrx_word' id='word_1_818' title='bbox 1396 5347 1470 5421; x_wconf 80' lang='grc' dir='ltr'><strong>μὴ</strong></span> <span class='ocrx_word' id='word_1_819' title='bbox 1501 5349 1667 5421; x_wconf 79' lang='grc' dir='ltr'>τιμᾷν</span> 
     </span>
    </p>
   </div>
   <div class='ocr_carea' id='block_1_103' title="bbox 1764 4803 3342 4881">
    <p class='ocr_par' dir='ltr' id='par_1_103' title="bbox 1764 4803 3342 4881">
     <span class='ocr_line' id='line_1_103' title="bbox 1764 4803 3342 4881; baseline 0.008 -23"><span class='ocrx_word' id='word_1_820' title='bbox 1764 4821 1873 4860; x_wconf 90' lang='lat' dir='ltr'><strong>non</strong></span> <span class='ocrx_word' id='word_1_821' title='bbox 1901 4803 2142 4860; x_wconf 72' lang='lat' dir='ltr'><strong>debere:</strong></span> <span class='ocrx_word' id='word_1_822' title='bbox 2167 4805 2263 4863; x_wconf 89' lang='lat' dir='ltr'><strong>sed</strong></span> <span class='ocrx_word' id='word_1_823' title='bbox 2284 4814 2340 4860; x_wconf 89' lang='lat' dir='ltr'><strong>ut</strong></span> <span class='ocrx_word' id='word_1_824' title='bbox 2371 4824 2571 4874; x_wconf 88' lang='lat' dir='ltr'><strong>omnes,</strong></span> <span class='ocrx_word' id='word_1_825' title='bbox 2600 4810 2798 4881; x_wconf 89' lang='lat' dir='ltr'><strong>inquit,</strong></span> <span class='ocrx_word' id='word_1_826' title='bbox 2828 4811 3081 4868; x_wconf 85' lang='lat' dir='ltr'><strong>honorent</strong></span> <span class='ocrx_word' id='word_1_827' title='bbox 3117 4813 3342 4880; x_wconf 84' lang='lat' dir='ltr'><strong>Filium,</strong></span> 
     </span>
    </p>
   </div>
   <div class='ocr_carea' id='block_1_104' title="bbox 1763 4897 3346 4976">
    <p class='ocr_par' dir='ltr' id='par_1_104' title="bbox 1763 4897 3346 4976">
     <span class='ocr_line' id='line_1_104' title="bbox 1763 4897 3346 4976; baseline 0.008 -24"><span class='ocrx_word' id='word_1_828' title='bbox 1763 4897 1899 4952; x_wconf 87' lang='lat' dir='ltr'><strong>sicut</strong></span> <span class='ocrx_word' id='word_1_829' title='bbox 1947 4898 2208 4952; x_wconf 85' lang='lat' dir='ltr'><strong>honorant</strong></span> <span class='ocrx_word' id='word_1_830' title='bbox 2245 4899 2460 4954; x_wconf 88' lang='lat' dir='ltr'><strong>Patrem</strong></span> <span class='ocrx_word' id='word_1_831' title='bbox 2491 4902 2558 4956; x_wconf 73' lang='grc' dir='ltr'><strong>ιο.</strong></span> <span class='ocrx_word' id='word_1_832' title='bbox 2608 4901 2753 4960; x_wconf 84' lang='lat' dir='ltr'><strong>Cave</strong></span> <span class='ocrx_word' id='word_1_833' title='bbox 2807 4907 2974 4976; x_wconf 82' lang='lat' dir='ltr'><strong>igitur</strong></span> <span class='ocrx_word' id='word_1_834' title='bbox 3020 4907 3346 4965; x_wconf 86' lang='lat' dir='ltr'><strong>dehonestes</strong></span> 
     </span>
    </p>
   </div>
   <div class='ocr_carea' id='block_1_105' title="bbox 1771 4986 3346 5069">
    <p class='ocr_par' dir='ltr' id='par_1_105' title="bbox 1771 4986 3346 5069">
     <span class='ocr_line' id='line_1_105' title="bbox 1771 4986 3346 5069; baseline 0.01 -29"><span class='ocrx_word' id='word_1_835' title='bbox 1771 4986 1988 5054; x_wconf 81' lang='lat' dir='ltr'><strong>Filium,</strong></span> <span class='ocrx_word' id='word_1_836' title='bbox 2018 5004 2082 5044; x_wconf 91' lang='lat' dir='ltr'><strong>ne</strong></span> <span class='ocrx_word' id='word_1_837' title='bbox 2115 4989 2442 5046; x_wconf 88' lang='lat' dir='ltr'><strong>dehonestes</strong></span> <span class='ocrx_word' id='word_1_838' title='bbox 2467 5000 2521 5048; x_wconf 93' lang='lat' dir='ltr'><strong>et</strong></span> <span class='ocrx_word' id='word_1_839' title='bbox 2551 4992 2787 5050; x_wconf 89' lang='lat' dir='ltr'><strong>Patrem.</strong></span> <span class='ocrx_word' id='word_1_840' title='bbox 2837 4997 2972 5052; x_wconf 64' lang='lat' dir='ltr'><strong>Nam</strong></span> <span class='ocrx_word' id='word_1_841' title='bbox 3022 4999 3068 5054; x_wconf 85' lang='lat' dir='ltr'><strong>si</strong></span> <span class='ocrx_word' id='word_1_842' title='bbox 3118 5000 3250 5069; x_wconf 86' lang='lat' dir='ltr'><strong>quid</strong></span> <span class='ocrx_word' id='word_1_843' title='bbox 3289 5001 3346 5055; x_wconf 91' lang='lat' dir='ltr'><strong>in</strong></span> 
     </span>
    </p>
   </div>
   <div class='ocr_carea' id='block_1_106' title="bbox 1769 5075 3347 5158">
    <p class='ocr_par' dir='ltr' id='par_1_106' title="bbox 1769 5075 3347 5158">
     <span class='ocr_line' id='line_1_106' title="bbox 1769 5075 3347 5158; baseline 0.008 -26"><span class='ocrx_word' id='word_1_844' title='bbox 1769 5075 1912 5133; x_wconf 87' lang='lat' dir='ltr'><strong>Filio</strong></span> <span class='ocrx_word' id='word_1_845' title='bbox 1960 5081 2260 5150; x_wconf 89' lang='lat' dir='ltr'><strong>suspiceris</strong></span> <span class='ocrx_word' id='word_1_846' title='bbox 2291 5083 2540 5148; x_wconf 87' lang='lat' dir='ltr'><strong>inferius,</strong></span> <span class='ocrx_word' id='word_1_847' title='bbox 2576 5095 2669 5140; x_wconf 85' lang='lat' dir='ltr'><strong>aut</strong></span> <span class='ocrx_word' id='word_1_848' title='bbox 2693 5086 2963 5142; x_wconf 82' lang='lat' dir='ltr'><strong>defectum</strong></span> <span class='ocrx_word' id='word_1_849' title='bbox 2997 5091 3246 5158; x_wconf 85' lang='lat' dir='ltr'><strong>reperiri,</strong></span> <span class='ocrx_word' id='word_1_850' title='bbox 3290 5092 3347 5146; x_wconf 85' lang='lat' dir='ltr'><strong>in</strong></span> 
     </span>
    </p>
   </div>
   <div class='ocr_carea' id='block_1_107' title="bbox 1770 5167 3344 5248">
    <p class='ocr_par' dir='ltr' id='par_1_107' title="bbox 1770 5167 3344 5248">
     <span class='ocr_line' id='line_1_107' title="bbox 1770 5167 3344 5248; baseline 0.01 -25"><span class='ocrx_word' id='word_1_851' title='bbox 1770 5167 1951 5225; x_wconf 88' lang='lat' dir='ltr'><strong>Patris</strong></span> <span class='ocrx_word' id='word_1_852' title='bbox 2001 5172 2352 5241; x_wconf 81' lang='lat' dir='ltr'><strong>ignominiam</strong></span> <span class='ocrx_word' id='word_1_853' title='bbox 2405 5186 2494 5230; x_wconf 89' lang='lat' dir='ltr'><strong>tua</strong></span> <span class='ocrx_word' id='word_1_854' title='bbox 2545 5178 2636 5231; x_wconf 90' lang='lat' dir='ltr'><strong>illa</strong></span> <span class='ocrx_word' id='word_1_855' title='bbox 2682 5179 2945 5248; x_wconf 88' lang='lat' dir='ltr'><strong>cogitatio</strong></span> <span class='ocrx_word' id='word_1_856' title='bbox 2993 5182 3344 5239; x_wconf 87' lang='lat' dir='ltr'><strong>redundabit.</strong></span> 
     </span>
    </p>
   </div>
   <div class='ocr_carea' id='block_1_108' title="bbox 1771 5257 3346 5334">
    <p class='ocr_par' dir='ltr' id='par_1_108' title="bbox 1771 5257 3346 5334">
     <span class='ocr_line' id='line_1_108' title="bbox 1771 5257 3346 5334; baseline 0.011 -20"><span class='ocrx_word' id='word_1_857' title='bbox 1771 5259 1869 5316; x_wconf 90' lang='lat' dir='ltr'><strong>Est</strong></span> <span class='ocrx_word' id='word_1_858' title='bbox 1890 5261 2034 5316; x_wconf 91' lang='lat' dir='ltr'><strong>enim</strong></span> <span class='ocrx_word' id='word_1_859' title='bbox 2063 5263 2306 5332; x_wconf 87' lang='lat' dir='ltr'><strong>ejusdem</strong></span> <span class='ocrx_word' id='word_1_860' title='bbox 2343 5267 2398 5320; x_wconf 93' lang='lat' dir='ltr'><strong>in</strong></span> <span class='ocrx_word' id='word_1_861' title='bbox 2423 5276 2473 5321; x_wconf 94' lang='lat' dir='ltr'><strong>te</strong></span> <span class='ocrx_word' id='word_1_862' title='bbox 2503 5257 2851 5334; x_wconf 84' lang='lat' dir='ltr'><strong>temeritatis,</strong></span> <span class='ocrx_word' id='word_1_863' title='bbox 2875 5277 2928 5324; x_wconf 89' lang='lat' dir='ltr'><strong>et</strong></span> <span class='ocrx_word' id='word_1_864' title='bbox 2959 5272 3203 5327; x_wconf 71' lang='lat' dir='ltr'><strong>audaciae</strong></span> <span class='ocrx_word' id='word_1_865' title='bbox 3227 5275 3346 5332; x_wconf 83' lang='lat' dir='ltr'><strong>sive</strong></span> 
     </span>
    </p>
   </div>
   <div class='ocr_carea' id='block_1_109' title="bbox 1772 5351 3348 5434">
    <p class='ocr_par' dir='ltr' id='par_1_109' title="bbox 1772 5351 3348 5434">
     <span class='ocr_line' id='line_1_109' title="bbox 1772 5351 3348 5434; baseline 0.011 -29"><span class='ocrx_word' id='word_1_866' title='bbox 1772 5351 2044 5422; x_wconf 83' lang='lat' dir='ltr'><strong>ejusmodi</strong></span> <span class='ocrx_word' id='word_1_867' title='bbox 2083 5353 2288 5425; x_wconf 87' lang='lat' dir='ltr'><strong>aliquid</strong></span> <span class='ocrx_word' id='word_1_868' title='bbox 2316 5358 2580 5413; x_wconf 87' lang='lat' dir='ltr'><strong>adversus</strong></span> <span class='ocrx_word' id='word_1_869' title='bbox 2615 5357 2811 5414; x_wconf 88' lang='lat' dir='ltr'><strong>Filium</strong></span> <span class='ocrx_word' id='word_1_870' title='bbox 2861 5364 3204 5434; x_wconf 81' lang='lat' dir='ltr'><strong>conceperis,</strong></span> <span class='ocrx_word' id='word_1_871' title='bbox 3229 5365 3348 5422; x_wconf 85' lang='lat' dir='ltr'><strong>sive</strong></span> 
     </span>
    </p>
   </div>
   <div class='ocr_carea' id='block_1_110' title="bbox 181 5508 1661 5600">
    <p class='ocr_par' dir='ltr' id='par_1_110' title="bbox 181 5508 1661 5600">
     <span class='ocr_line' id='line_1_110' title="bbox 181 5508 1661 5600; baseline 0 -36"><span class='ocrx_word' id='word_1_872' title='bbox 399 5512 658 5600; x_wconf 53' lang='grc' dir='ltr'>ἀναλτυξ</span> <span class='ocrx_word' id='word_1_873' title='bbox 689 5509 850 5600; x_wconf 48' lang='grc' dir='ltr'><strong>ἔξω.</strong></span> <span class='ocrx_word' id='word_1_874' title='bbox 872 5509 1080 5600; x_wconf 32' lang='lat' dir='ltr'><strong>xuii}.</strong></span> <span class='ocrx_word' id='word_1_875' title='bbox 1103 5510 1180 5600; x_wconf 57' lang='grc' dir='ltr'><strong>ως</strong></span> <span class='ocrx_word' id='word_1_876' title='bbox 1199 5508 1335 5565; x_wconf 85' lang='lat' dir='ltr'><strong>Gen.</strong></span> <span class='ocrx_word' id='word_1_877' title='bbox 1391 5525 1432 5578; x_wconf 83' lang='grc' dir='ltr'>ι,</span> <span class='ocrx_word' id='word_1_878' title='bbox 1471 5509 1522 5564; x_wconf 83' lang='lat' dir='ltr'><strong>I.</strong></span> <span class='ocrx_word' id='word_1_879' title='bbox 1599 5509 1661 5563; x_wconf 64' lang='grc' dir='ltr'><strong>δί</strong></span> 
     </span>
    </p>
   </div>
   <div class='ocr_carea' id='block_1_111' title="bbox 1764 5508 3345 5600">
    <p class='ocr_par' dir='ltr' id='par_1_111' title="bbox 1769 5510 3345 5600">
     <span class='ocr_line' id='line_1_111' title="bbox 1769 5510 3345 5600; baseline 0.01 -32"><span class='ocrx_word' id='word_1_880' title='bbox 1769 5553 1784 5568; x_wconf 93' lang='grc'><strong>.</strong></span> <span class='ocrx_word' id='word_1_881' title='bbox 1809 5510 1898 5566; x_wconf 74' lang='grc'><strong>26.</strong></span> <span class='ocrx_word' id='word_1_882' title='bbox 1976 5513 1998 5546; x_wconf 85' lang='grc'><em>³</em></span> <span class='ocrx_word' id='word_1_883' title='bbox 2025 5513 2158 5572; x_wconf 91' lang='lat' dir='ltr'><strong>ibid.</strong></span> <span class='ocrx_word' id='word_1_884' title='bbox 2180 5514 2270 5573; x_wconf 76' lang='lat'><strong>27.</strong></span> <span class='ocrx_word' id='word_1_885' title='bbox 2349 5518 2370 5550; x_wconf 83' lang='grc'>⁸</span> <span class='ocrx_word' id='word_1_886' title='bbox 2398 5515 2542 5574; x_wconf 87' lang='lat' dir='ltr'><strong>Psal.</strong></span> <span class='ocrx_word' id='word_1_887' title='bbox 2583 5535 2770 5586; x_wconf 72' lang='lat' dir='ltr'><strong>cum,</strong></span> <span class='ocrx_word' id='word_1_888' title='bbox 2804 5521 2857 5580; x_wconf 79' lang='grc' dir='ltr'><strong>ϐ.</strong></span> <span class='ocrx_word' id='word_1_889' title='bbox 2938 5525 2957 5554; x_wconf 78' lang='grc'><strong>⁷</strong></span> <span class='ocrx_word' id='word_1_890' title='bbox 2985 5523 3226 5600; x_wconf 50' lang='grc' dir='ltr'><strong>Ιοιιηεγ,</strong></span> <span class='ocrx_word' id='word_1_891' title='bbox 3253 5525 3345 5583; x_wconf 72' lang='grc'><strong>20.</strong></span> 
     </span>
    </p>
   </div>
   <div class='ocr_carea' id='block_1_112' title="bbox 123 5573 1195 5638">
    <p class='ocr_par' dir='ltr' id='par_1_112' title="bbox 123 5573 1195 5638">
     <span class='ocr_line' id='line_1_112' title="bbox 123 5573 1195 5638; baseline 0.002 -4"><span class='ocrx_word' id='word_1_892' title='bbox 123 5573 142 5607; x_wconf 83' lang='grc'><strong>⁸</strong></span> <span class='ocrx_word' id='word_1_893' title='bbox 165 5578 279 5636; x_wconf 86' lang='lat' dir='ltr'><strong>ibid.</strong></span> <span class='ocrx_word' id='word_1_894' title='bbox 316 5573 404 5637; x_wconf 56' lang='lat' dir='ltr'><strong>il.</strong></span> <span class='ocrx_word' id='word_1_895' title='bbox 487 5583 510 5613; x_wconf 81' lang='lat'><strong>’</strong></span> <span class='ocrx_word' id='word_1_896' title='bbox 541 5581 674 5638; x_wconf 87' lang='lat' dir='ltr'><strong>ibid.</strong></span> <span class='ocrx_word' id='word_1_897' title='bbox 699 5582 790 5638; x_wconf 74' lang='grc'><strong>22.</strong></span> <span class='ocrx_word' id='word_1_898' title='bbox 871 5582 914 5614; x_wconf 78' lang='grc'><strong>⁸⁸</strong></span> <span class='ocrx_word' id='word_1_899' title='bbox 941 5581 1074 5636; x_wconf 86' lang='lat' dir='ltr'><strong>ibid.</strong></span> <span class='ocrx_word' id='word_1_900' title='bbox 1093 5579 1195 5636; x_wconf 71' lang='lat'><strong>&#39;25.</strong></span> 
     </span>
    </p>
   </div>
   <div class='ocr_carea' id='block_1_113' title="bbox 181 5733 1710 5808">
    <p class='ocr_par' dir='ltr' id='par_1_113' title="bbox 181 5733 1710 5808">
     <span class='ocr_line' id='line_1_113' title="bbox 181 5733 1710 5808; baseline -0.003 -14"><span class='ocrx_word' id='word_1_901' title='bbox 181 5735 248 5808; x_wconf 72' lang='lat'><strong>(5)</strong></span> <span class='ocrx_word' id='word_1_902' title='bbox 269 5738 460 5794; x_wconf 70' lang='grc' dir='ltr'>Πάλιν</span> <span class='ocrx_word' id='word_1_903' title='bbox 487 5737 757 5808; x_wconf 74' lang='grc' dir='ltr'>λέγουσι.</span> <span class='ocrx_word' id='word_1_904' title='bbox 791 5736 927 5793; x_wconf 80' lang='lat' dir='ltr'><strong>Vide</strong></span> <span class='ocrx_word' id='word_1_905' title='bbox 960 5735 1133 5792; x_wconf 83' lang='lat' dir='ltr'><strong>Hilar.</strong></span> <span class='ocrx_word' id='word_1_906' title='bbox 1175 5737 1268 5794; x_wconf 88' lang='lat' dir='ltr'><strong>lib.</strong></span> <span class='ocrx_word' id='word_1_907' title='bbox 1303 5751 1374 5792; x_wconf 88' lang='lat' dir='ltr'><strong>vu</strong></span> <span class='ocrx_word' id='word_1_908' title='bbox 1403 5733 1482 5793; x_wconf 85' lang='lat' dir='ltr'><strong>De</strong></span> <span class='ocrx_word' id='word_1_909' title='bbox 1517 5733 1710 5790; x_wconf 85' lang='lat' dir='ltr'><strong>Trinit.</strong></span> 
     </span>
    </p>
   </div>
   <div class='ocr_carea' id='block_1_114' title="bbox 407 5833 1062 5896">
    <p class='ocr_par' dir='ltr' id='par_1_114' title="bbox 407 5833 1062 5896">
     <span class='ocr_line' id='line_1_114' title="bbox 407 5833 1062 5896; baseline 0 -2"><span class='ocrx_word' id='word_1_910' title='bbox 407 5834 685 5896; x_wconf 72' lang='grc' dir='ltr'>ΡΛτιιοι.</span> <span class='ocrx_word' id='word_1_911' title='bbox 719 5833 836 5894; x_wconf 78' lang='lat' dir='ltr'><strong>Gtt.</strong></span> <span class='ocrx_word' id='word_1_912' title='bbox 869 5833 1062 5894; x_wconf 83' lang='lat' dir='ltr'><strong>XLII.</strong></span> 
     </span>
    </p>
   </div>
   <div class='ocr_carea' id='block_1_115' title="bbox 2959 5841 3032 5904">
    <p class='ocr_par' dir='ltr' id='par_1_115' title="bbox 2959 5841 3032 5904">
     <span class='ocr_line' id='line_1_115' title="bbox 2959 5841 3032 5904; baseline 0.027 -2"><span class='ocrx_word' id='word_1_913' title='bbox 2959 5841 3032 5904; x_wconf 74' lang='lat' dir='ltr'><strong>ii</strong></span> 
     </span>
    </p>
   </div>
  </div>
