3846 6314
455 264 649 375 551!

1851 313 1909 367 S.
1957 310 2295 368 EPIPHANII

3596 300 3707 339 εἶθ

3594 332 3709 358 ﬁdi:

456 453 565 493 non
611 436 845 489 honores
890 435 1100 505 ipsum,
1134 446 1191 489 ut
1239 435 1466 489 honoras
1503 433 1735 486 Patrem.
1790 430 1924 485 Nam
1967 439 2027 484 ut

2168 430 2311 491 ὐτδν,
2344 426 2608 495 καθάπερ
2648 422 2820 494 τιμᾷς
2850 423 2956 478 τὸν
2997 424 3251 491 Πατέρα.
3301 422 3422 475 Ἵνα
3468 420 3576 490 γὰρ
3622 422 3716 473 καὶ

456 528 560 597 ipsi
609 529 699 581 det
733 527 937 597 aliquid
975 526 1154 589 Pater,
1191 529 1278 582 dic
1304 569 1318 593 ,
1371 527 1565 580 amabo
1619 533 1704 585 te,
1746 524 2029 577 hominum

458 618 951 681 confidentissime,
1000 617 1131 688 quid
1170 617 1343 671 dicit?
1396 615 1462 671 Ut
1494 633 1644 687 quem
1687 615 1794 669 vult
1828 612 2031 677 Filius,

458 710 704 778 vivi/im.
738 708 854 763 Non
886 709 1023 764 dixit
1052 724 1212 779 quem
1240 709 1466 776 iubetur
1496 728 1507 763 :
1538 710 1651 762 haac
1672 708 1815 761 enim
1850 707 2035 761 omnia

466 815 493 853 a
534 798 694 854 Patre
726 798 898 854 Filius
924 800 1172 870 accipere
1199 800 1405 864 debuit,
1438 799 1531 854 sed
1562 816 1667 854 non
1702 807 1759 853 ut
1792 799 1912 868 ipso
1943 812 2031 853 es-

460 898 543 945 set
577 890 824 945 inferior.
845 889 1000 957 Quod
1030 890 1249 960 quidem
1284 890 1501 944 duobus
1534 890 1709 945 modis
1735 888 2038 959 intelligere

462 995 757 1049 possumus
785 998 797 1032 :
841 978 1099 1049 primum,
1132 987 1189 1033 ut
1223 987 1456 1033 mentem
1495 988 1738 1035 nostram
1770 978 1837 1032 ad
1872 991 2037 1031 unam

462 1078 513 1125 et
554 1071 883 1143 singularem
922 1068 1125 1133 Patris,
1166 1068 1290 1123 Filii
1334 1076 1389 1125 et
1445 1067 1681 1139 Spiritus
1727 1069 1901 1124 sancti
1958 1068 2040 1123 di-

469 1164 744 1217 vinitatem
776 1161 1048 1225 eveheret,
1078 1176 1214 1218 neve
1240 1160 1306 1216 ad
1337 1161 1583 1232 quaedam
1609 1160 1856 1217 deorum.
1894 1160 2041 1214 velut

468 1257 700 1312 divortia
742 1254 1046 1317 hominum.
1081 1254 1441 1325 cogitationes
1479 1252 1689 1308 demitti
1726 1260 2038 1322 pateretur;

474 1344 566 1398 sed
600 1342 666 1397 ad
697 1358 865 1397 unum
899 1351 951 1397 et
978 1341 1141 1413 805
1168 1343 1445 1414 singulare
1466 1341 1719 1413 quiddam
1743 1342 2042 1409 attolleret;

472 1436 735 1497 Secundo,
769 1443 827 1488 ut
868 1433 936 1487 ad
979 1442 1312 1505 assumptam
1352 1433 1591 1489 hominis
1617 1440 1891 1495 naturam,
1925 1448 2046 1503 quae

469 1526 653 1593 glorim
682 1524 1114 1581 vicissitudinem
1184 1525 1655 1595 mutationemque
1693 1532 1933 1594 caperet,
1962 1533 2045 1576 at-

469 1632 576 1685 que
600 1614 666 1669 ad
703 1615 1001 1671 divinitatis
1033 1629 1144 1671 suae
1171 1615 1608 1685 conjunctionem
1645 1614 2047 1685 intelligendam

473 1705 813 1774 perduceret.
850 1704 984 1760 Cum
1017 1706 1162 1761 enim
1205 1706 1268 1760 ad
1312 1705 1610 1775 discipulos
1645 1719 1797 1767 suos,
1831 1704 2047 1774 pollici-

2134 518 2208 589 δῷ
2240 518 2389 587 αὐτῷ
2429 519 2473 573 ὁ,
2503 517 2713 587 Πατὴρ,
2744 513 2869 583 λέγε
2901 531 3026 584 μοι,
3062 507 3107 566 ὦ
3140 510 3405 581 γεννάδα,
3434 510 3491 561 τι
3538 508 3720 576 λέγεις

2139 612 2263 666 Ἵνα
2288 610 2359 663 ὃν
2392 609 2537 675 θέλῃ
2571 611 2602 661 ὁ
2631 607 2761 671 Υἱός
2792 604 3154 675 (we/portion.
3190 604 3305 656 Οὐκ
3342 600 3519 663 εἶπεν,
3553 601 3609 653 δν
3635 618 3725 652 κε-

2135 701 2383 754 λεύεταιο
2418 700 2522 753 ἔδει
2560 698 2617 751 δὲ
2648 696 2820 750 ταῦτα
2852 696 2945 748 τὸν
2977 694 3103 747 Υἱδν
3134 692 3389 757 δέξασθαι
3424 689 3580 761 παρά
3610 690 3725 741 Πα-

2136 794 2285 865 τρὸς,
2330 792 2445 846 ἀλλ’
2493 792 2594 844 οὐκ
2640 789 2899 842 ἐλάττονα
2938 782 3076 839 εἶναι
3124 784 3277 855 παρὰ
3328 783 3422 837 τὸν
3465 780 3723 852 Πατέρα,

2142 884 2375 955 μάλιστα
2404 882 2545 936 κατά
2578 879 2670 933 δύο
2708 879 2943 951 τρόπους
2962 895 2977 908 υ
3008 878 3224 949 πρῶτον
3255 876 3353 946 μὲν
3375 915 3390 938 ,
3419 874 3512 926 διὰ
3538 874 3599 925 τὸ
3636 874 3729 925 άνη

2138 978 2366 1045 αγαγεῖν
2390 974 2547 1045 ἡμῶν
2578 974 2678 1043 τὴν
2706 972 2942 1025 διάνοιαν
2971 972 3048 1034 εἰς
3074 970 3202 1040 μίαν
3231 968 3425 1021 ἕνωσιν
3448 966 3722 1034 θεότητος,

2140 1068 2375 1140 Πατρὸς,
2406 1067 2500 1120 καὶ
2528 1064 2678 1121 Υἱοῦ.
2720 1064 2813 1119 καὶ
2845 1064 2999 1132 ἁγίου
3036 1062 3375 1133 Πνεύματος,
3418 1060 3517 1113 καὶ
3549 1059 3622 1129 μὴ
3644 1059 3725 1120 είς

2146 1160 2469 1233 μερισμοὺς,
2504 1160 2600 1213 καὶ
2645 1156 2939 1210 πολυθεῒαν
2977 1156 3309 1226 καταγαγεῖν
3351 1153 3442 1206 τὸν
3484 1151 3597 1204 τῶν
3633 1151 3728 1203 ἀν·

2143 1252 2376 1323 θρώπων
2407 1250 2686 1319 λογισμὸν,
2719 1248 2855 1302 ἀλλά
2884 1248 3177 1318 ἀναφέρειν
3212 1247 3291 1308 είς
3316 1244 3444 1316 μίαν
3474 1243 3725 1309 ἑνότητα·

2142 1343 2394 1415 δεύτερον
2417 1344 2493 1405 δὲ,
2521 1344 2614 1395 καὶ
2646 1343 2724 1403 είς
2752 1340 2849 1411 τὴν
2876 1341 2972 1411 τῆς
2998 1340 3261 1410 ὲνσάρκου
3293 1337 3600 1409 παρουσίας
3632 1354 3728 1405 με⁸

2142 1435 2371 1505 ταϐολὴν
2408 1433 2587 1503 δόξης,
2628 1434 2723 1486 καὶ
2769 1432 3059 1485 συνένωσιν
3096 1431 3198 1500 τῆς
3229 1428 3395 1482 αὑτοῦ
3446 1428 3725 1498 θεότητος.

2160 1526 2376 1597 Ἐπειδὴ
2402 1525 2510 1597 γὰρ
2540 1521 2670 1596 ἦλθε
2702 1526 2829 1587 τοὺς
2856 1522 3103 1594 μαθητὰς
3145 1522 3309 1577 αὑτοῦ
3341 1522 3611 1591 εὐφρᾶναι
3640 1520 3731 1573 διὰ

2147 1615 2246 1684 τῆς
2271 1616 2617 1686 ὑποσχέσεως
2655 1612 2723 1687 ἦς
2771 1612 2923 1668 εἶπεν
2943 1656 2957 1679 ,
2985 1616 3068 1669 ὅτι
3110 1615 3244 1669 Εἰσὶ
3285 1613 3405 1667 τῶν
3430 1614 3729 1672 ἑστώτων.

2149 1704 2365 1769 οἵτινες
2403 1705 2474 1758 οὐ
2502 1704 2588 1773 μὴ
2623 1706 2951 1774 γεύσωνται
2979 1704 3238 1760 θανάτου
3260 1743 3274 1765 .
3304 1703 3413 1769 ἕως
3442 1703 3523 1756 ἂν
3553 1702 3727 1754 ἴδωσι

472 1796 695 1852 tationis
748 1795 1069 1867 'hujusmodi
1135 1812 1231 1866 spe
1295 1796 1700 1857 exhilarandos.
1772 1796 2042 1859 venisset,

2162 1793 2253 1847 τὸν
2282 1794 2418 1847 Υἱὸν
2439 1794 2543 1851 τοῦ
2570 1796 2883 1863 ἀνθρώπου
2907 1795 3234 1864 ἐρχόμενον
3253 1795 3323 1847 ἐν
3348 1794 3420 1861 τῇ
3444 1793 3598 1860 δόξῃ
3626 1796 3733 1847 αὑ-

473 1904 635 1957 quam
680 1888 1035 1943 ostenderat:
1066 1886 1203 1943 Sunt
1254 1888 1317 1942 de
1366 1889 1450 1942 hic
1483 1889 1768 1953 stantibus,
1801 1890 1891 1958 qui
1944 1905 2046 1942 non

479 1978 765 2048 gustabunt
808 1989 1048 2043 mortem,
1093 1978 1255 2033 donec
1305 1978 1530 2032 viderint
1578 1975 1781 2031 Filium
1824 1978 2047 2033 hominis

475 2065 753 2118 venientem
797 2065 849 2117 in
894 2066 1064 2133 gloria
1102 2067 1256 2119 sua'.
1297 2064 1499 2120 Deinde
1530 2072 1723 2121 octava
1756 2066 1864 2132 die,
1901 2076 1960 2121 ut
1994 2069 2046 2122 in

479 2152 767 2223 Evangelio
797 2154 1064 2221 scriptum
1101 2157 1247 2218 est’,
1285 2154 1369 2209 vel
1408 2156 1488 2219 (ut
1518 2155 1664 2209 aliud
1702 2154 2048 2227 Evangelium

476 2245 695 2313 narrat)
728 2253 846 2313 post
882 2261 972 2299 sex
1005 2245 1159 2300 dies‘
1200 2263 1213 2297 :
1267 2261 1373 2299 non
1408 2245 1553 2316 quod
1600 2247 1872 2318 Evangelii
1912 2250 2050 2304 scri-

481 2343 661 2401 ptores
696 2334 1006 2388 hallucinati
1040 2336 1184 2402 sint,
1237 2335 1331 2392 sed
1355 2379 1369 2402 ,
1407 2338 1550 2407 quod
1594 2339 1719 2393 licet
1752 2339 1940 2395 eadem
1973 2343 2051 2396 sit

478 2424 719 2478 omnium
756 2426 1055 2489 certitudo,
1107 2427 1295 2483 eadem
1331 2437 1512 2484 tamen
1542 2432 1836 2487 munienda
1871 2434 2052 2489 videa-

480 2526 591 2581 tur,
636 2532 702 2570 ne
738 2517 1050 2572 hominibus
1081 2517 1149 2572 ad
1183 2534 1267 2582 ea,
1297 2535 1415 2589 qua:
1456 2522 1725 2591 praecipua
1774 2538 1836 2577 ac
1868 2541 2054 2580 neces-

485 2607 629 2662 saria
688 2616 834 2671 sunt,
890 2608 1192 2664 ochndendi
1253 2611 1360 2664 ulla
1420 2613 1725 2681 pra-beatur
1778 2618 2049 2671 occasio:

481 2697 923 2767 quandoquidem
965 2716 1132 2769 prona
1183 2712 1267 2755 est
1314 2702 1615 2771 impensius
1648 2704 1700 2757 in
1745 2705 1949 2760 malum
1989 2708 2055 2761 ah

481 2791 843 2849 adolescentia
876 2792 1112 2847 hominis
1156 2795 1411 2864 cogitatio
1444 2795 1485 2846 ⁸.
1515 2794 1809 2865 Propterea
1862 2807 2053 2853 octava

481 2883 568 2936 die
622 2884 844 2953 scripsnt
892 2885 1345 2955 evangelistarum
1409 2888 1565 2953 alter,
1614 2888 1795 2957 quod,
1854 2906 1977 2943 eum
2025 2907 2055 2944 a

482 2974 699 3028 Christo
745 2973 832 3026 illa
884 2974 1233 3043 pronuntiata
1280 2984 1439 3039 sunt,
1480 2978 1741 3031 nonnulla
1791 2993 1917 3047 pars
1946 2978 2051 3033 diei

2153 1886 2283 1939 τοῦ·
2314 1887 2407 1940 καὶ
2448 1890 2514 1957 τῇ
2559 1887 2717 1958 ὀγδόῃ
2750 1888 2952 1959 ἡμέρα,
2988 1888 3063 1950 ὼς
3093 1888 3239 1955 λέγει
3276 1887 3338 1940 τὸ
3370 1886 3731 1955 Εὐαγγέλιον,

2150 1977 2183 2047 ἢ
2216 1976 2292 2039 ὡς
2325 1976 2385 2029 τὸ
2426 1977 2611 2047 ἕτερον
2643 1978 2811 2046 λέγει,
2856 1979 2992 2048 μετά
3023 1978 3083 2042 ἐξ
3114 1979 3329 2048 ἡμέρας
3399 1978 3461 2030 οὐ
3512 1977 3623 2030 τῶν
3654 1978 3735 2029 εὑ-

2150 2066 2489 2135 αγγελιστῶν
2534 2068 2698 2138 ἕτερα
2726 2069 2842 2122 ἀνθ’
2873 2069 3072 2139 ἐτέρων
3101 2069 3369 2137 λεγόντων
3389 2109 3403 2132 ,
3430 2068 3571 2122 ἀλλά
3602 2070 3732 2136 μιᾶς

2152 2157 2318 2227 οὔσης
2342 2158 2441 2227 τῆς
2472 2158 2777 2229 ἀκριϐείας,
2804 2160 2887 2212 ἀεί
2916 2176 3045 2211 ποτε
3071 2159 3127 2211 δὲ
3146 2157 3609 2227 ἁσφαλιζομένης.
3648 2160 3733 2210 ἵνα

2157 2246 2230 2315 μὴ
2263 2247 2533 2317 πρόφασις
2554 2247 2775 2317 γένηται
2802 2247 2863 2299 τὸ
2884 2250 3005 2310 τοὺς
3026 2247 3342 2318 ἀνθρώπους
3365 2247 3734 2319 προσκόπτειν

2106 2382 2115 2389 .
2154 2339 2211 2390 ὲν
2245 2341 2353 2400 τοῖς
2387 2339 2701 2407 ἀναγκαίοις
2720 2357 2735 2371 ο
2768 2339 3062 2410 ἐπειδήπερ
3092 2339 3335 2407 ἔγκειται
3365 2342 3399 2409 ἡ
3430 2340 3611 2392 ἔννοια
3639 2340 3733 2392 τοι]

2154 2428 2439 2501 ἀνθρώπου
2469 2432 2557 2483 ἐπὶ
2588 2431 2656 2484 τὰ
2686 2432 2897 2503 πονηρά
2933 2435 2994 2485 ὲκ
3027 2436 3275 2503 νεότητος
3312 2431 3590 2502 ἐπιμελῶς
3610 2448 3622 2459 ·
3649 2432 3736 2483 διὰ

2154 2520 2310 2573 τοῦτο
2354 2516 2431 2584 εἷς
2471 2521 2857 2593 εὐαγγελιστὴς
2884 2526 2946 2594 τῇ
2988 2523 3145 2594 ὀγδόῃ
3185 2524 3368 2594 ἡμέρᾳ
3414 2518 3591 2576 εἶπεν.
3630 2518 3737 2573 Ἦν

2156 2615 2264 2685 γὰρ
2296 2614 2457 2687 μέρος
2480 2632 2533 2667 τι
2560 2616 2658 2683 τῆς
2686 2617 2897 2685 ἡμέρας
2928 2615 3370 2685 ὑπολειπόμενον,
3400 2615 3485 2666 ὅτε
3524 2613 3619 2665 τὸν
3652 2613 3736 2664 λό-

2156 2721 2251 2772 γον
2283 2704 2408 2775 έφη,
2449 2707 2541 2759 καὶ
2581 2705 2980 2776 συνηρίθμησεν
3015 2706 3105 2758 ἀπ’
3141 2705 3355 2776 ἐκείνης
3386 2704 3485 2774 τῆς
3518 2704 3737 2774 ἡμέρας

2158 2798 2251 2850 καὶ
2278 2797 2376 2867 τῆς
2405 2796 2574 2867 ὥρας,
2603 2798 2651 2849 εἰ
2677 2792 2743 2867 ἦν
2782 2798 2815 2867 ἡ
2844 2797 3023 2867 ἡμέρα
3054 2798 3336 2850 κεκ).ικυῖα
3373 2796 3503 2868 περὶ
3541 2796 3739 2864 ἐνάτην

2159 2887 2305 2959 ὥραν
2336 2888 2368 2959 ῆ
2397 2888 2648 2958 δεκάτην.
2693 2890 2802 2942 Καὶ
2828 2888 2986 2943 πάλιν
3011 2890 3068 2941 ἐν
3101 2891 3165 2960 τῇ
3193 2888 3352 2958 ὀγδόῃ
3381 2889 3565 2957 ἡμέρᾳ
3611 2887 3741 2957 περὶ

2159 2978 2257 3048 τὴν
2304 2978 2492 3049 τρίτην
2530 2980 2562 3050 ἢ
2606 2980 2868 3050 τετάρτην
2902 2980 3048 3050 ὥραν
3086 2979 3180 3032 τοῦ
3218 2980 3539 3057 πράγματος
3580 2995 3742 3046 γεγο-

483 3072 812 3131 superesset,
859 3078 887 3116 a
919 3080 1022 3133 qua
1065 3064 1150 3119 die
1192 3072 1245 3119 et
1284 3066 1413 3118 hora
1462 3066 1778 3120 numerandi
1840 3067 2051 3122 initium

2162 3073 2330 3136 νότος,
2351 3072 2511 3143 ὀγδόη
2537 3072 2675 3143 αὕτη
2699 3073 2962 3127 ἐκαλεῖτο.
3004 3074 3060 3127 Ὀ
3079 3073 3133 3127 δὲ
3155 3074 3311 3137 ἄλλος
3350 3074 3742 3143 εὐαγγελιστὴς

485 3154 650 3217 fecit;
704 3161 915 3222 utputa.
965 3170 1086 3208 cum
1132 3155 1242 3225 jam
1299 3154 1351 3208 in
1404 3171 1622 3218 nonam,
1654 3166 1752 3211 aut
1790 3157 2053 3213 decimam

2166 3164 2518 3233 ἀσφαλίζεται
2585 3166 2679 3219 καὶ
2720 3166 2895 3233 λέγει,
2933 3166 3069 3235 μετὰ
3114 3166 3170 3232 ἒξ
3206 3166 3439 3237 ἡμέρας.
3481 3167 3598 3219 Οὐκ
3632 3166 3745 3236 ἠρί-

491 3246 679 3297 horam
728 3243 845 3297 dies
892 3243 1248 3298 incumberet.
1295 3244 1496 3300 Deinde
1544 3253 1736 3300 octavo
1779 3245 1866 3302 die
1921 3248 2053 3302 hora

2167 3254 2341 3325 θμησε
2366 3255 2472 3327 γὰρ
2512 3258 2569 3309 ὲν
2613 3250 2766 3329 ᾖτὸν
2808 3257 2962 3325 λόγον
3006 3258 3106 3329 ἔφη
3146 3261 3257 3321 τοῖς
3286 3258 3574 3329 μαθηταῖς,
3625 3259 3744 3311 οὐδὲ

488 3331 707 3384 circiter
738 3330 931 3395 tertia,
978 3330 1061 3385 vel
1093 3340 1285 3401 quarta
1334 3348 1424 3388 res
1475 3333 1591 3403 ipsa
1636 3335 1901 3407 contigit,
1938 3353 2053 3406 quae

2167 3347 2225 3399 ἐν
2320 3346 2378 3399 τὺ
2405 3346 2565 3418 ἔργον
2607 3348 2958 3411 ἐπετέλεσεν,
3002 3349 3137 3403 ἀλλά
3186 3350 3282 3413 τάς
3326 3351 3491 3420 μέσον
3522 3350 3584 3415 ἒξ
3612 3350 3746 3420 πλη-

489 3424 605 3479 dies
649 3432 837 3479 octava
874 3432 1191 3488 numerata;
1228 3441 1351 3480 eum
1388 3427 1527 3482 alius
1554 3429 1906 3499 evangelista,
1940 3448 2053 3485 ma-

2170 3436 2438 3506 ρεστάτας
2475 3438 2709 3507 ἡμέρας.

488 3518 624 3584 juris
670 3520 938 3575 cautionis
970 3521 1163 3591 gratia,
1215 3531 1336 3591 post
1384 3538 1476 3576 sex
1509 3522 1624 3577 dies
1660 3523 1711 3575 id
1747 3527 2044 3597 contigisse
2078 3538 2303 3595 narret,
2375 3532 2630 3601 quoniam
2674 3546 2852 3601 neque
2916 3531 3058 3585 diem
3110 3531 3263 3586 illum
3310 3531 3745 3602 comprehendit,

488 3631 597 3683 quo
630 3614 893 3671 Dominus
927 3616 1187 3685 apostolis
1221 3616 1322 3672 ista
1356 3616 1568 3671 locutus
1602 3626 1720 3685 est,
1753 3636 1853 3674 nec
1903 3622 2073 3689 illam,
2132 3625 2185 3678 in
2227 3640 2333 3695 qua
2366 3640 2505 3695 opus
2539 3624 2671 3679 illud
2701 3623 2956 3691 absolvit,
3012 3623 3107 3679 sed
3141 3624 3457 3694 interiectos
3512 3639 3576 3679 ac
3636 3628 3747 3697 ple-

491 3728 592 3764 nos
621 3708 999 3764 tantummodo
1026 3725 1143 3765 sex.

562 3799 839 3853 LXXVIII.
871 3802 1013 3871 Ergo
1040 3800 1370 3870 evangelista
1397 3816 1522 3856 cum
1548 3803 1616 3858 ad
1645 3804 1915 3874 ejusmodi
1946 3821 2067 3860 nar-

493 3890 757 3943 rationem
790 3890 1050 3952 venisset,
1085 3890 1159 3943 ita
1190 3906 1302 3945 rem
1335 3907 1548 3947 onmem
1573 3895 1825 3965 exponit:
1866 3894 2065 3961 Quem-

494 3977 784 4031 admodum
846 3976 1066 4031 Petrum
1104 3988 1153 4031 et
1194 3976 1455 4033 Joannem
1493 3988 1545 4035 et
1602 3979 1865 4036 Jacobum
1905 3980 2063 4036 adhi-

495 4070 650 4131 Iicns,
680 4068 865 4123 eduxit
914 4067 1035 4123 illus
1068 4069 1120 4122 in
1154 4076 1411 4133 montem,
1454 4080 1503 4122 et
1529 4074 1937 4143 transﬁguratus
1961 4082 2062 4135 est,

492 4171 537 4210 et
575 4158 891 4228 resplenduit
936 4158 1098 4225 [acies
1139 4160 1250 4227 ejus
1298 4160 1432 4213 sicut
1475 4160 1623 4213 sol':
1663 4176 1725 4214 ea
1760 4160 1948 4225 facies,
1980 4163 2062 4215 in-

494 4263 680 4317 qua-n,
720 4264 838 4318 qum
875 4260 989 4304 erat
1023 4265 1147 4304 cum
1198 4250 1484 4303 divinitate
1527 4250 1854 4319 conjuncta:
1910 4253 2065 4306 resti-

496 4350 672 4394 menta
725 4352 897 4395 autem
949 4358 1059 4411 ejus
1106 4342 1335 4395 candida
1387 4341 1534 4410 facta
1584 4353 1704 4396 sunt
1764 4345 1902 4397 sicut
1952 4346 2061 4399 nix.

496 4432 855 4496 Quamobrem
888 4433 975 4486 illa
1011 4446 1139 4487 caro
1160 4450 1278 4502 qua:
1300 4448 1347 4487 ei
1376 4451 1439 4488 ex
1476 4433 1637 4488 Maria
1660 4434 1882 4505 Virgine
1919 4452 2067 4492 sum-

498 4535 607 4592 pta,
631 4533 683 4578 et
711 4541 773 4577 ex
805 4533 990 4577 nostro
1018 4542 1212 4594 genere
1243 4534 1493 4595 suscepta
1533 4526 1727 4591 fuerat,
1757 4529 1812 4582 in
1838 4529 2065 4599 gloriam

504 4616 957 4685 splendoremque
984 4624 1311 4668 commutata
1345 4628 1447 4680 est,
1481 4626 1533 4670 et
1565 4617 1782 4687 quidem
1817 4619 2067 4673 divinita-

501 4709 569 4759 tis
611 4706 855 4777 gloriam,
896 4708 1050 4775 cujus
1084 4706 1148 4760 ad
1194 4708 1336 4759 illam
1368 4717 1450 4763 est
1484 4711 1724 4765 accessio
1760 4711 1924 4775 facta,
1951 4726 2073 4766 nec-

501 4813 607 4849 non
638 4805 691 4850 et
722 4797 964 4860 honoris,
993 4813 1054 4852 ac
1086 4798 1456 4868 perfectionis,
1488 4801 1879 4872 dignitatisque
1904 4803 2070 4858 coale-

500 4889 619 4948 stis,
655 4903 839 4959 quam,
869 4903 991 4941 cum
1026 4890 1290 4944 hactenus
1326 4907 1455 4947 caro
1485 4908 1590 4947 non
1624 4893 1923 4956 habuisset,
1961 4894 2067 4959 hic,

503 4988 851 5048 [osteaquam
884 4994 1005 5033 cum
1052 4980 1237 5036 divino
1266 4981 1445 5038 Verbo
1496 4986 1747 5053 copulata
1782 4996 1887 5047 est,
1932 4986 2072 5041 obti-

500 5071 638 5124 nuit.
693 5069 773 5123 Ad
799 5085 921 5123 eum
960 5070 1141 5140 itaque
1177 5072 1392 5127 modum
1428 5088 1549 5142 quae
1579 5086 1733 5127 antea
1764 5075 1907 5129 dicta
1944 5084 2071 5130 sunt

501 5161 770 5231 accipies:
808 5160 968 5216 Omne
987 5161 1252 5231 judicium
1282 5162 1423 5217 dedit
1445 5162 1584 5216 Filio
1605 5164 1654 5230 °;
1682 5165 1940 5234 quoniam
1967 5165 2069 5220 De-

500 5256 577 5307 dit
622 5255 670 5308 ei
702 5263 1028 5322 potestatem,
1068 5264 1124 5305 ut
1160 5271 1308 5324 quem
1345 5256 1452 5309 rutt
1492 5256 1767 5323 viviﬁcet’.
1803 5254 1981 5321 Quare
2013 5266 2069 5310 ut

498 5354 553 5399 et
600 5344 831 5413 primum
870 5344 1194 5413 principium
1240 5343 1564 5407 declararet,
1615 5352 1669 5397 et
1713 5358 1874 5396 unam
1906 5343 2072 5415 806

500 5433 837 5488 divinitatem
878 5448 941 5485 ac
984 5434 1315 5503 singularem
1353 5432 1406 5486 in
1443 5431 1708 5487 Trinitate
1738 5432 2070 5488 voluntatem

574 5608 590 5635 ‘
630 5605 816 5674 Matth.
848 5622 957 5669 xvi,
986 5606 1076 5661 28.
1149 5609 1169 5638 ¹
1200 5606 1330 5661 Luc.
1366 5623 1441 5674 ix,
1470 5608 1558 5663 28.

501 5675 594 5729 9.2.
668 5676 687 5707 ’
726 5673 857 5730 ibid.
891 5676 981 5729 21.
1060 5676 1081 5708 ⁸
1112 5674 1175 5731 C.
1210 5678 1377 5738 ὅπως.

1637 5609 1655 5640 ³
1688 5606 1876 5661 Matth.
1912 5622 2047 5676 xvn,
2080 5607 2129 5663 Ι.

2242 3801 2367 3858 OH'.
2400 3798 2530 3857 Ὧδε
2558 3802 2615 3856 δὲ
2648 3802 2774 3875 περὶ
2811 3803 2902 3856 τὸν
2940 3802 3094 3873 λόγον
3131 3803 3438 3874 γενόμενος,
3471 3805 3569 3877 τὴν
3610 3811 3747 3881 φρά.

2172 3912 2256 3948 σιν
2312 3893 2587 3961 ὑπέδειξεν
2618 3910 2635 3925 ’
2690 3896 2878 3965 Ὅμως
2921 3895 2942 3926 ⁸
3008 3895 3336 3965 παραλαϐὼν
3390 3898 3599 3969 Πέτρον
3654 3904 3743 3956 καὶ

2182 3990 2433 4058 Ἰωάννην
2498 3990 2592 4043 καὶ
2644 3988 2893 4043 Ἰάκωϐον
2918 4027 2933 4053 ,
2969 3989 3267 4060 ἀνήνεγκεν
3304 3990 3500 4054 αὐτοὺς
3547 3996 3632 4056 είς
3689 3996 3744 4048 τὸ

2168 4080 2311 4150 ὅρος,
2343 4080 2449 4133 Καὶ
2480 4078 2919 4149 μετεμορφώθη,
2949 4080 3045 4133 καὶ
3075 4080 3309 4149 ἔλαμψε
3329 4083 3391 4134 τὸ
3420 4083 3742 4149 πρόσωπον

2167 4172 2352 4225 αὑτοῦ
2383 4173 2463 4238 ὡς
2496 4175 2528 4225 ὀ
2550 4172 2722 4239 ἣλιος
2746 4189 2759 4202 ·
2793 4172 2854 4225 τὸ
2890 4174 2947 4225 ὲν
2982 4174 3143 4245 σαρκὶ
3177 4175 3463 4244 πρόσωπον
3498 4174 3663 4228 συνὸν
3690 4182 3742 4231 ἐν

2172 4265 2236 4333 τῇ
2268 4263 2479 4332 θεότητι
2499 4278 2511 4293 ο
2553 4263 2649 4316 καὶ
2681 4263 2753 4316 τὰ
2781 4264 2975 4332 ἱμάτια
3007 4265 3191 4319 αὑτοῦ
3228 4267 3415 4319 λευκὰ
3444 4268 3524 4331 ὡς
3561 4270 3738 4337 χιών·

2170 4354 2413 4424 δηλονότι
2446 4355 2478 4424 ἡ
2530 4354 2664 4425 σὰρξ
2707 4357 2740 4425 ἡ
2793 4356 2901 4408 ἀπὸ
2950 4357 3165 4425 Μαρίας
3200 4352 3333 4409 οὖσα
3359 4395 3373 4418 ,
3405 4357 3513 4412 καὶ,
3548 4358 3612 4413 ἐκ
3653 4360 3739 4413 τοῦ

2173 4444 2446 4514 ἡμετέρου
2480 4443 2669 4511 γένους
2701 4447 3035 4515 τυγχάνουσα
3063 4462 3075 4474 ·
3112 4447 3205 4498 καὶ
3234 4446 3644 4516 μετεμορφοῦτο
3671 4450 3741 4511 είς

2174 4533 2351 4597 δόξαν,
2387 4534 2543 4601 δόξαν
2567 4537 2911 4607 ὲπικτωμένη
2940 4537 3039 4606 τῆς
3066 4535 3335 4606 θεότητος,
3365 4536 3462 4605 τὴν
3489 4539 3661 4609 τιμήν
3688 4554 3740 4589 τε

2175 4626 2265 4676 καὶ
2296 4624 2606 4696 τελειότητα
2632 4666 2645 4689 ,
2678 4627 2771 4679 καὶ
2818 4626 2974 4692 δόξαν
3018 4626 3116 4696 τὴν
3167 4628 3484 4696 ἐπουράνιον
3510 4665 3525 4687 ,
3567 4628 3635 4695 ἦν
3673 4628 3739 4696 μὴ

2174 4706 2320 4780 εἶχεν
2355 4712 2549 4782 ήσάρξ
2592 4713 2872 4783 ἀπαρχῆς,
2910 4712 3141 4766 ἐνταῦθα
3178 4712 3235 4766 δὲ
3284 4712 3525 4766 λαϐοῦσα
3573 4715 3632 4766 ὲν
3680 4717 3738 4783 τῇ

2177 4800 2465 4854 συνενώσει
2495 4802 2588 4856 τοῦ
2627 4802 2760 4856 Θεοῦ
2788 4804 2981 4871 Λόγου.
3032 4803 3216 4867 Οὕτως
3264 4804 3328 4856 τά
3375 4807 3739 4875 προειρημένα

2175 4891 2313 4953 νόει,
2363 4892 2443 4944 ὅτι
2509 4891 2627 4959 Τὴν
2673 4891 2878 4947 πᾶσαν
2927 4893 3127 4961 κρίσιν
3185 4892 3401 4947 δέδωκε
3456 4892 3539 4958 τῷ
3593 4893 3737 4959 Πιῖν

2175 4984 2256 5035 ὃτι
2311 4982 2569 5037 Ἔδωκεν
2604 4984 2762 5049 αὐτῷ
2789 4986 3099 5049 ἐξουσίαν,
3133 4986 3233 5039 ἵνα
3257 4985 3328 5038 ὃν
3354 4985 3513 5041 θέλει
3539 4985 3739 5056 ζωογο-

2176 5072 2337 5141 νήσῃ
2360 5090 2373 5102 ·
2416 5074 2501 5126 ἵνα
2528 5076 2623 5145 τὴν
2658 5076 2755 5145 μὲν
2781 5074 3002 5146 πρώτην
3041 5075 3211 5146 ἀρχὴν
3243 5074 3389 5147 δείξῃ
3422 5075 3520 5145 τὴν
3556 5076 3740 5129 ἕνωσιν

2176 5164 2276 5233 τῆς
2305 5166 2433 5233 μιᾶς
2461 5165 2731 5236 θεότητος,
2765 5166 2859 5218 καὶ
2882 5166 2943 5218 τὸ
2971 5166 3027 5218 ἒν
3060 5166 3267 5236 θέλημα
3296 5168 3387 5219 ἐπὶ
3414 5166 3503 5219 τὸν
3533 5169 3742 5237 Πατέρα

2178 5254 2363 5323 φέρειν
2396 5254 2463 5307 τὰ
2514 5256 2609 5307 ὂλα
2654 5256 2751 5326 τῆς
2785 5256 3162 5325 ἀγαθοσύνης,
3200 5258 3293 5309 καὶ⁵
3347 5257 3439 5308 ἐπὶ
3482 5255 3583 5327 τὴν
3625 5260 3742 5327 μίαν

2177 5344 2351 5416 ἀρχὴν
2378 5346 2469 5397 καὶ
2492 5345 2720 5416 θεότητα
2747 5346 2854 5399 τῶν
2883 5346 3047 5417 τριῶν
3076 5346 3248 5399 οὐσῶν
3273 5345 3490 5399 τελείων
3506 5347 3738 5399 ὑποστά-

2179 5452 2315 5488 σεων
2345 5475 2360 5499 ,
2423 5438 2553 5507 μιᾶς
2598 5438 2655 5491 δὲ
2711 5437 2994 5509 θεότητος,
3027 5438 3259 5510 Πατρός,
3307 5440 3398 5491 καὶ
3454 5440 3611 5503 Υίοῦ,
3661 5438 3743 5493 καὶ

2238 5610 2260 5644 ⁸
2284 5610 2396 5667 Gen
2446 5630 2560 5682 vni,
2594 5615 2644 5669 I.
2748 5616 2767 5647 ⁸
2801 5613 2989 5669 Matth.
3029 5632 3160 5678 xvii,
3184 5617 3214 5669 ‘i
3258 5631 3377 5687 sqq.
3458 5616 3478 5645 ⁸
3502 5612 3665 5671 Joan.
3693 5630 3741 5679 ν,
