3826 6206
58 309 156 366 $33

636 298 1004 358 ADVERSUS
1064 295 1408 354 HERESES
1465 293 1590 350 LIB.
1632 290 1698 346 II.
1761 290 1928 347 TOM.
1969 290 2032 345 ll.
2073 319 2141 329 —
2202 285 2480 344 HERES.
2521 282 2685 341 LXIX

2970 229 3284 346 ~'31“

57 421 202 490 ἁγίου
238 416 569 488 Πνεύματος,
605 418 699 471 καὶ
737 419 838 486 τῆς
887 414 1154 484 ἐνσὰρκου
1201 412 1361 467 πάλιν
1399 426 1604 481 παρου-
1636 463 1637 467 η

1741 421 1827 466 sse
1864 413 2213 472 monstraret,
2267 418 2389 474 quae
2431 403 2499 458 ad
2538 401 2834 457 bonitatem
2882 401 3175 472 pertinent,
3215 396 3286 456 ad

63 513 170 573 σίας
200 507 714 580 προσλαμϐανούσης
746 507 883 579 μετὰ
936 506 1037 576 τῆς
1082 505 1336 576 θεότητος
1379 503 1479 578 τὴν
1507 500 1614 554 ἀπὸ

61 601 256 672 Πατρδς
318 600 408 652 καὶ
439 598 569 651 Υἱοῦ
603 599 1002 670 κεχαρισμένην
1037 597 1172 668 αὐτῇ
1218 595 1312 649 τοῦ
1373 593 1615 664 ἀξιώμα-

62 709 142 754 τος
172 691 378 761 δωρεάν
433 707 490 742 τε
524 689 618 744 καὶ
655 690 900 755 ἐξουσίαν
954 690 1048 742 καὶ
1078 687 1385 758 τελειότητα
1419 684 1515 740 καὶ
1536 686 1615 748 είς

65 784 180 853 μίαν
209 781 432 852 θεότητα
462 781 833 853 πνευματικὴν
863 783 1174 836 συνένωσιν.

1717 497 1930 553 Patrem
1959 497 2160 568 ipsum,
2191 495 2294 550 hoc
2320 503 2404 550 est
2437 493 2504 548 ad
2537 507 2705 548 unum
2737 492 3061 564 principium
3094 507 3286 547 unam-

1718 605 1824 661 que
1849 590 2186 644 divinitatem
2209 588 2414 644 retulit.
2443 585 2579 642 Cum
2602 585 2748 642 enim
2771 592 2882 641 tres
2904 585 3155 655 perfecta:
3177 586 3289 640 sint

1717 682 2060 753 hypostases,
2096 696 2202 735 una
2238 688 2421 735 tamen
2448 677 2705 733 divinitas
2727 683 2832 740 est,
2863 674 3040 732 Patris
3068 684 3120 730 et
3166 675 3292 731 Filii

1719 784 1774 831 et
1805 774 2045 845 Spiritus
2069 773 2266 830 sancti.
2298 772 2546 828 Hominis
2568 785 2734 841 porro
2759 785 2791 824 a
2821 767 3004 824 Verbo
3033 775 3291 836 suscepta

65 885 239 928 natura
270 888 377 927 una
423 888 547 928 cum
574 874 855 930 divinitate
888 887 1118 930 summa:
1164 870 1444 943 dignitatis
1471 885 1502 924 a
1549 867 1713 922 Patre
1747 865 1989 937 Filioque
2026 865 2370 931 beneﬁcium,
2405 877 2618 920 necnon
2656 868 2710 917 et
2738 857 3061 932 potestatem
3110 857 3292 930 perfe-

63 965 391 1032 ctionemque
425 978 491 1018 ac
513 964 819 1034 spiritalem
858 963 914 1019 in
943 978 1107 1019 unam
1140 962 1479 1018 divinitatem
1514 957 1958 1028 coniunctionem
1995 956 2224 1028 accepit.

130 1054 242 1108 00'.
274 1055 386 1107 Καὶ
415 1053 562 1124 μάλα
590 1055 742 1126 μόλις
776 1055 1135 1127 διεδρὰσαμεν
1153 1055 1215 1107 τδ
1238 1051 1618 1107 δυσθαλάττιον

62 1146 206 1199 τοῦτο
237 1144 434 1216 χωρίον
457 1185 474 1209 ,
525 1147 620 1198 καὶ
649 1146 749 1217 τὴν
800 1148 977 1200 πᾶσαν
1013 1147 1216 1216 ταύτην
1255 1144 1616 1217 θηριοὸολίαν,

63 1237 214 1306 ἄγρια
258 1253 318 1288 τε
370 1237 627 1306 κυμάτων
656 1238 1022 1309 κυρτώματα,
1064 1239 1372 1309 ἀφρισμοὺς
1419 1237 1476 1291 δὲ
1525 1237 1622 1291 καὶ

67 1329 241 1390 σάλους
272 1327 506 1390 δεινούς·
556 1328 682 1399 βέλη
735 1345 792 1382 τε
826 1328 1082 1381 ἐναντίων
1125 1329 1219 1380 καὶ
1247 1327 1472 1398 θυρεοὺς
1525 1344 1625 1380 κα-

66 1418 417 1482 τακαύσαντες
463 1419 603 1474 κατὰ
653 1419 744 1471 τὸν
788 1418 949 1494 ὀρθον
997 1419 1253 1489 λογισμὸν
1285 1419 1342 1471 ἐν
1385 1416 1618 1487 διανοίᾳ,

69 1509 182 1575 τόξα
233 1523 293 1560 τε
348 1508 459 1562 τῶν
517 1509 585 1562 δι’
641 1509 889 1573 ὲναντίας
939 1509 1380 1571 κατακλάσαντες
1418 1508 1510 1560 ἐπὶ
1562 1507 1623 1560 τὸ

71 1597 278 1669 ἑρπετὸν
303 1596 463 1650 τοῦτο
488 1597 549 1650 τὸ
581 1598 951 1668 πολυκέφαλον
994 1598 1156 1672 ὕδρας
1184 1600 1428 1671 ἄμορφον
1457 1599 1624 1653 κατά·

73 1706 255 1759 στημα.
290 1688 547 1752 λαϐόντες
573 1690 637 1742 ὲκ
662 1688 797 1743 Θεοῦ
835 1690 932 1761 τὴν
971 1690 1197 1762 δύναμιν
1249 1691 1344 1745 καὶ
1394 1691 1492 1762 τὴν
1529 1690 1628 1760 χά-

1790 1047 2026 1103 LXXIX.
2081 1047 2187 1102 Sed
2215 1048 2329 1117 jam
2357 1047 2536 1102 locum
2573 1045 2720 1103 hunc
2767 1045 3095 1102 diﬂicillimis
3125 1044 3296 1102 maris

1721 1139 2139 1209 tempestatibus
2167 1139 2450 1204 infestum,
2481 1147 2643 1210 atque
2669 1153 2885 1193 omnem
2920 1139 3066 1192 illam
3100 1138 3294 1194 veneni

1723 1229 1829 1283 vim
1894 1229 2010 1283 sive
2045 1229 2226 1298 potius
2285 1235 2560 1285 tumentes
2605 1243 2668 1282 ac
2711 1227 3041 1298 procellosos
3094 1225 3295 1284 ﬂuctus

1722 1328 1776 1375 et
1813 1335 2103 1389 spnmosos
2144 1319 2414 1374 undarum
2451 1318 2688 1375 vortices
2729 1327 2782 1374 et
2807 1318 3134 1387 jactationes
3165 1318 3297 1372 hor-

1724 1407 1923 1461 rendas
1950 1422 2096 1476 aegre
2128 1407 2420 1462 admodum
2451 1407 2746 1463 evasimus.
2793 1407 2929 1461 Nam
2967 1415 3020 1462 et
3059 1407 3298 1464 hostium

1723 1498 1828 1552 tela
1857 1505 2120 1568 scutaque
2147 1505 2295 1553 recta
2337 1498 2548 1553 ratione
2571 1513 2634 1552 ac
2664 1504 2846 1553 mente
2873 1496 3014 1560 freti,
3045 1498 3297 1553 combus-

1724 1586 1920 1651 simus,
1952 1594 2007 1642 et
2034 1587 2252 1642 illorum
2285 1603 2448 1644 arcus
2482 1587 2842 1658 infregimus;
2882 1602 2946 1643 ac
2977 1595 3183 1642 tantam
3215 1587 3300 1642 di-

1725 1676 1926 1732 vinitus
1965 1676 2075 1731 vim
2114 1685 2168 1732 et
2193 1679 2446 1749 gratiam,
2477 1678 2605 1734 licet
2642 1678 3011 1744 immerentes,
3065 1678 3133 1734 ad
3166 1678 3299 1734 illud

74 1791 146 1844 ριν
166 1773 214 1826 σί
243 1773 508 1838 ἀνίκανοι,
530 1773 692 1840 ὥστε,
726 1777 783 1828 ἐν
804 1775 922 1848 Θεῷ
951 1777 1290 1848 ἰσχύσαντες,
1323 1780 1421 1849 τὴν
1457 1778 1626 1830 ἐπινί-

1741 1775 2028 1822 nonstrum
2053 1767 2302 1837 pluribus
2325 1769 2596 1840 capitibus
2617 1770 2985 1841 turpissimam
3026 1770 3094 1825 ad
3116 1771 3302 1843 hydra

75 1880 178 1915 κιον
195 1862 336 1934 ᾄδειν
364 1863 547 1934 φωνὴν
571 1864 834 1934 λέγουσαν
853 1883 867 1896 ·
891 1867 1162 1936 ’ᾼσωμεν
1184 1865 1264 1932 τῷ
1279 1869 1473 1936 Κυρίῳ
1489 1883 1502 1896 ·
1528 1867 1626 1920 ὲν-

72 1953 242 2020 δόξως
265 1954 375 2024 γὰρ
393 1954 749 2020 δεδόξασται
773 1973 789 1988 θ
818 1957 1006 2011 ἵππον
1024 1958 1123 2011 καὶ
1151 1957 1458 2026 ἀναϐάτην
1485 1958 1632 2027 ἓρῤι-

76 2048 178 2113 iter
201 2048 283 2110 εις
319 2045 642 2100 θάλασσαν
663 2065 676 2078 ·
711 2048 804 2100 καὶ
839 2048 1228 2120 συντρίψαντες
1263 2047 1359 2120 τὴν
1388 2049 1630 2120 κεφαλὴν

78 2135 156 2188 τού
201 2135 489 2206 δράκοντος
531 2137 714 2190 ἐπάνω
754 2137 848 2192 τοῦ
888 2137 1116 2204 ὓδατος,
1149 2137 1243 2193 τοῦ
1277 2138 1492 2210 ἡσύχως
1530 2157 1629 2194 πο-

81 2225 344 2294 ρευομὲνου
370 2264 386 2289 ,
436 2219 500 2280 οὒ
536 2226 636 2306 ούὶκ
672 2227 942 2298 ἠθέλησαν
987 2229 1086 2300 τὴν
1141 2231 1373 2300 μετοχὴν
1429 2233 1478 2284 oi
1523 2231 1629 2284 νέοι

83 2317 203 2384 μετὰ
241 2316 508 2370 Ἰουδαίων
564 2317 924 2390 κληρονομίαν
956 2321 1316 2391 κεκτημένον
1367 2321 1504 2392 πρὸς
1537 2321 1631 2385 οὓς

83 2407 473 2476 ἀποτεινόμενος
503 2409 532 2460 ό
560 2410 844 2479 προφήτης
877 2409 1030 2478 ἔλεγε
1051 2427 1066 2440 ο
1101 2410 1204 2464 Διὰ
1231 2412 1297 2464 τό
1314 2411 1400 2480 μὴ
1435 2413 1634 2466 θέλειν

85 2494 217 2566 ὑμᾶς
246 2495 395 2563 ὕδωρ
439 2497 549 2550 τοῦ
585 2497 822 2568 Σιλωὰμ
858 2499 923 2552 τὸ
965 2501 1371 2570 πορευόμενον
1401 2501 1630 2572 ἡσυχῆ,

86 2585 224 2638 ἀλλὰ
253 2586 588 2648 βούλεσθαι
637 2588 799 2657 ἔχειν
826 2587 982 2658 ὑμᾶς
1008 2589 1116 2644 τὸν
1153 2591 1464 2646 Ῥαασσὼν
1481 2594 1497 2624 ¹
1526 2593 1636 2646 τὸν

94 2675 318 2728 Βασιλέα
381 2676 624 2731 καὶτὸν
665 2678 888 2746 Ταϐεὶιλ
941 2678 1075 2734 υἱὸν
1126 2681 1446 2749 Ῥομελίου,
1507 2681 1634 2736 ιδοὺ

91 2763 265 2831 ἐπάγει
288 2767 508 2834 Κύριος
534 2767 628 2836 ἐφ’
657 2765 813 2837 ὑμᾶς
853 2769 917 2822 τὸ
950 2769 1106 2838 ὕδωρ
1134 2770 1242 2825 τοῦ
1273 2771 1542 2840 ποταμοῦ
1569 2771 1635 2825 τὸ

91 2855 316 2923 ίσχιρόν
341 2897 356 2920 ,
389 2857 499 2910 τὸν
531 2859 798 2922 ,βασιλέα
851 2853 972 2914 τῶν
1031 2862 1389 2930 Ἀσσυρίων,
1439 2863 1532 2916 καὶ
1569 2865 1638 2916 τὰ

95 2943 217 3015 ἑῆς.
255 2946 442 3017 Ἡμεῖς
485 2947 541 3001 δὲ
565 2988 580 3012 ,
618 2948 872 3014 λαὸόντες
904 2953 960 3004 ἐν
1000 2952 1186 3023 Κυρίῳ
1230 2951 1328 3022 τὴν
1363 2951 1636 3024 βοήθειαν,

101 3036 177 3086 καὶ
214 3036 268 3088 τδ
314 3038 422 3091 ἀπὸ
457 3039 720 3112 ωηθινῇς
759 3043 957 3114 σαρκὸς
1003 3043 1226 3114 πτύσμα
1267 3046 1360 3098 ἐπὶ
1401 3047 1499 3116 τῆς
1533 3046 1638 3116 γῆς

101 3124 433 3198 βεϐλημένον,
472 3131 567 3184 καὶ
607 3131 670 3184 τὸ
722 3133 863 3202 μετὰ
907 3134 1221 3203 πτύσματος
1268 3137 1495 3208 φύραμα
1544 3137 1638 3190 τοῦ

98 3219 242 3287 πηλοῦ
273 3222 328 3272 ἐν
352 3225 465 3286 τοῖς
492 3223 787 3294 ὀφθαλμοῖς
818 3225 974 3296 ἡμῶν
1000 3228 1429 3299 κεχαραγμένον,
1469 3229 1556 3282 ἵνα
1592 3229 1646 3282 οἵ

101 3322 207 3360 ποτε
233 3311 284 3362 ὲν
311 3311 510 3383 ἀγνοίᾳ
546 3311 641 3366 νῦν
673 3312 772 3382 τὴν
812 3313 1068 3385 ἀλήθειαν
1097 3316 1314 3387 γνῶμεν
1337 3357 1352 3381 ,
1384 3317 1640 3370 ἀπελθόν-

103 3415 176 3459 τες
211 3401 295 3452 καὶ
321 3401 609 3472 νιψάμενοι
642 3405 704 3482 ἐν
731 3403 809 3475 τῷ
836 3405 1074 3477 Σιλωὰμ,
1115 3406 1192 3478 τῷ
1213 3409 1645 3478 ἀπεσταλμένα)

103 3488 516 3562 ὲρμηνευομένῳ,
546 3493 824 3546 τουτέστιν
850 3496 907 3548 ὲν
938 3497 1004 3566 τῇ
1049 3496 1298 3567 ὲνσάρκῳ
1354 3497 1644 3568 παρουσίᾳ,

105 3579 180 3630 καὶ
208 3580 259 3630 ὲν
306 3579 520 3653 θεότητι
546 3582 877 3652 τελειότητος
903 3626 918 3649 ,
962 3584 1055 3638 καὶ
1085 3584 1270 3640 λοιπὸν
1322 3587 1644 3656 ἑωρακότες,

107 3668 254 3722 οὐκέτι
281 3671 591 3743 ἀρνούμεθα
618 3673 707 3727 τὸν
732 3674 956 3745 Κύριον,
989 3677 1036 3729 εί
1064 3676 1158 3730 καὶ
1186 3677 1646 3747 ἀποσυναγώγους

108 3759 227 3827 ἡμᾶς
257 3764 553 3833 ποιήσωσιν
581 3765 630 3816 οι
675 3765 775 3836 τῆς
820 3766 1027 3838 Ἀρείου
1086 3769 1318 3840 φατρίας
1367 3770 1462 3822 καὶ
1513 3770 1644 3823 Ἰουο

109 3848 239 3903 δαίων
261 3852 507 3926 διάδοχοι.
544 3855 766 3910 Ἐθεντο
794 3857 901 3928 γὰρ
932 3859 1025 3912 καὶ
1062 3852 1239 3922 οὗτοι,
1271 3857 1521 3932 καθάπερ
1552 3861 1650 3914 κά-

114 3942 264 4006 κεῖνοι,
303 3944 481 3998 πάντα
518 3945 606 3998 τὸν
635 3945 995 4016 ὁμολογοῦντα
1029 3947 1117 4000 τὸν
1163 3947 1365 4018 Κύριον
1410 3951 1650 4005 ἀποσυν-

114 4029 289 4099 ἁγωγον
316 4034 491 4088 αὐτῶν
518 4035 788 4102 γενέσθαι.⁹
816 4037 903 4090 ἵνα
927 4035 1137 4102 δείξωσι
1162 4037 1252 4092 τὸν
1278 4038 1650 4110 ἀναϐλέψαντα

117 4119 295 4191 ἔλεγχον
320 4125 586 4193 γεγονότα
612 4127 719 4179 τῶν
752 4127 1180 4183 ἀϐλεπτούντων.
1215 4130 1280 4182 Et
1308 4131 1382 4200 μὴ
1432 4131 1541 4202 γὰρ
1581 4127 1649 4202 ἦν

119 4211 143 4276 ἡ
167 4215 428 4286 συναγωγὴ
455 4217 636 4268 αὐτῶν
659 4217 830 4288 τυφλὴ
855 4218 950 4288 ὅλη
972 4257 986 4280 ,
1017 4219 1117 4271 οὐκ
1146 4219 1210 4272 ἂν
1235 4213 1299 4272 οὗ
1327 4221 1650 4292 ἠνοίχθησαν

119 4301 156 4350 οἱ
179 4303 417 4375 ὀφθαλμοὶ
457 4307 836 4363 ἀποσύνακτον
876 4310 1112 4364 ἐποίουν.
1157 4311 1651 4384 Εύχαριστήσωμεν

121 4394 262 4445 τοίνυν
286 4397 359 4468 τῷ
396 4397 612 4468 Κυρίῳ,
643 4399 724 4451 ᾶτι
768 4400 861 4453 καὶ
901 4399 1296 4472 ἀνεϐλέψαμεν,
1325 4402 1418 4457 καὶ
1464 4403 1649 4472 ὁμολοο

1665 3097 1712 3159 C

1729 1859 2138 1916 similitudinem
2195 1860 2484 1932 praeditum
2538 1861 2936 1918 conﬁciendum
2991 1863 3299 1928 hausimus,

1731 1959 1789 2004 ut
1815 1947 2008 2005 eodem
2053 1951 2236 2005 divina
2265 1967 2367 2021 ope
2390 1952 2536 2007 victo
2556 1967 2621 2007 ac
2646 1951 2947 2023 proﬂigato,
2976 1953 3304 2024 triumphale

1729 2039 1863 2094 illud
1896 2056 2116 2096 carmen
2144 2042 2393 2098 accinere
2419 2043 2725 2112 possimus:
2751 2043 3032 2114 Cantemus
3055 2043 3300 2108 Domino,

1726 2129 1954 2199 gloriose
1987 2131 2126 2184 enim
2160 2131 2526 2201 magniﬁcatus
2554 2139 2654 2198 est,
2685 2149 2873 2204 equum
2901 2141 2951 2188 et
2978 2149 3305 2189 ascensorem

1729 2220 1916 2290 dejecit
1939 2222 1993 2275 in
2015 2237 2158 2276 mars
2172 2231 2212 2276 ι.
2247 2220 2423 2293 Caput
2449 2223 2614 2292 igitur
2638 2224 2894 2280 draconis
2921 2239 3084 2296 supra
3109 2240 3306 2296 aquam

1731 2312 1878 2365 illam
1929 2312 2312 2378 contrivimus,
2365 2329 2487 2384 quae
2529 2315 2740 2384 placide
2775 2315 2996 2382 labitur,
3043 2316 3309 2388 cujusque

1733 2404 1860 2458 novi
1888 2405 1966 2459 illi
1996 2413 2120 2476 post
2147 2405 2364 2462 Judaeos
2391 2405 2724 2464 haereditatis
2753 2422 3101 2477 possessores
3131 2407 3306 2478 parti-

1734 2495 1883 2565 cipes
1913 2511 2036 2552 esse
2065 2497 2386 2552 noluerunt:
2426 2506 2618 2553 contra
2649 2513 2790 2568 quos
2820 2499 3082 2569 propheta
3111 2500 3192 2556 sic
3219 2500 3300 2555 in-

1734 2586 1949 2640 vehitur
1975 2587 2273 2654 :Quoniam
2303 2588 2549 2643 noluistis
2577 2605 2768 2659 aquam
2790 2589 3086 2660 Siloe,qua
3118 2590 3306 2645 leuiter

1734 2678 1923 2741 currit,
1962 2677 2051 2732 sed
2098 2678 2362 2733 maluistis
2395 2677 2530 2732 Rase
2575 2695 2766 2749 regem,
2813 2689 2866 2736 et
2905 2680 3093 2735 Tabeel
3127 2681 3302 2750 ﬁlium

1737 2765 2006 2830 Romelite,
2039 2782 2152 2820 ecce
2178 2767 2420 2820 immittet
2452 2766 2708 2822 Dominus
2737 2769 2792 2822 in
2821 2785 2908 2823 vos
2937 2785 3129 2839 aquam
3151 2771 3300 2838 ﬂuvii

1735 2857 2038 2924 violentam,
2061 2874 2231 2928 regem
2256 2858 2594 2928 Assyriorum
2613 2859 2656 2926 ³,
2678 2867 2782 2915 etc.
2813 2858 2923 2916 Nos
2947 2869 3128 2915 autem
3151 2876 3308 2932 opem

1741 2964 1770 3002 a
1805 2948 2035 3004 Domino
2083 2952 2384 3013 consecuti,
2437 2950 2540 3006 hoc
2576 2959 2660 3007 est
2694 2959 2913 3022 sputum
2943 2952 3079 3007 illud
3115 2967 3153 3006 a
3186 2968 3311 3008 vera

1742 3055 1904 3096 carne
1946 3041 1999 3094 in
2051 3052 2252 3096 terram
2281 3041 2566 3106 emissum,
2612 3050 2665 3097 et
2697 3043 2867 3096 lutum
2895 3057 2963 3098 ex
3005 3042 3100 3098 illo
3151 3051 3314 3114 sputo

1743 3130 1991 3185 factum‘
2033 3139 2195 3202 atque
2259 3133 2431 3187 oculis
2479 3133 2683 3189 nostris
2733 3133 2952 3198 illitum,
3003 3145 3057 3188 ut
3105 3136 3198 3206 qui
3256 3137 3312 3191 in

1745 3237 1955 3278 summa
1977 3223 2104 3278 olim
2127 3223 2432 3295 ignorantia
2453 3223 2830 3291 versabantur,
2845 3225 3129 3281 veritatem
3153 3227 3314 3282 modo

1743 3313 2130 3384 percipiamus,
2176 3315 2462 3380 abeuntes,
2502 3323 2557 3369 et
2598 3314 2654 3368 in
2682 3313 2828 3370 Siloe
2858 3315 3003 3386 quod
3045 3317 3314 3387 interpre-

1744 3414 1890 3459 tatur
1912 3406 2155 3472 missus",
2181 3406 2284 3461 hoc
2308 3414 2412 3469 est,
2443 3407 2498 3460 in
2529 3407 2768 3462 humana
2797 3407 2999 3462 Christi
3030 3418 3222 3463 natura
3247 3424 3314 3465 ac

1744 3495 2026 3553 divinitate
2062 3497 2300 3570 perfecta
2339 3499 2452 3564 loti,
2487 3506 2807 3569 recuperato
2849 3500 2990 3565 visu,
3023 3498 3312 3556 Dominum

1747 3602 2088 3657 nequaquam
2132 3588 2365 3657 amplius
2408 3590 2762 3660 abnegamus,
2804 3591 3052 3659 quamvis
3091 3589 3162 3645 ab
3201 3591 3318 3650 Arii

1746 3677 1983 3732 factione
2022 3685 2079 3733 et
2114 3674 2425 3732 Iudaeorum
2499 3679 2913 3734 successoribus
2952 3679 3022 3734 ab
3062 3679 3318 3735 omnibus

1751 3766 2038 3844 synagogis
2075 3767 2520 3822 esterminemur.
2587 3767 2864 3838 Siquidem
2896 3775 2950 3822 et
2985 3768 3075 3822 isti
3099 3767 3318 3823 illorum

1747 3857 1923 3914 instar
1947 3857 2328 3920 decreverunt,
2370 3864 2462 3924 ut,
2495 3855 2589 3926 qui
2628 3855 2911 3911 Dominum
2946 3855 3316 3922 conﬁteretur.

1749 3948 1818 4002 ab
1845 3947 2086 4017 ipsorum
2114 3946 2475 4001 conventibus
2501 3947 2664 4016 807
2695 3946 3129 4011 excluderetur“,
3163 3954 3221 4000 ut
3249 3946 3317 4001 ab
3349 3973 3354 3978 -

1749 4053 1834 4102 eo,
1888 4038 1977 4091 cui
2023 4037 2176 4092 visus
2219 4037 2508 4092 restitutus
2562 4035 2759 4100 fuerat,
2793 4036 2927 4090 nihil
2969 4037 3212 4091 videntes
3260 4051 3321 4092 se

1750 4126 2002 4181 convinci
2061 4141 2125 4180 ac
2153 4124 2405 4195 redargui
2438 4133 2822 4180 monstrarent.
2861 4124 3072 4181 Etenim
3108 4127 3210 4182 nisi
3237 4134 3322 4180 to-

1749 4227 1865 4274 turn
1899 4219 2113 4272 illorum
2137 4219 2576 4274 conventiculum
2611 4227 2938 4272 exczecatum
2968 4227 3134 4282 esset,
3178 4235 3322 4274 nun-

1752 4324 1916 4378 quam
1962 4309 2136 4374 illum,
2190 4310 2348 4378 cujus
2400 4309 2572 4378 aperti
2618 4309 2832 4363 fuerant
2861 4310 3028 4374 oculi,
3077 4310 3145 4364 ab
3171 4311 3322 4366 omni

1753 4401 2137 4456 communione
2185 4399 2608 4470 proscriberent.
2663 4401 2898 4472 Agendze
2944 4400 3171 4471 proinde
3216 4400 3323 4456 Do-

125 4484 286 4554 τοῦμεν
312 4488 398 4540 τὸν
431 4489 657 4561 Κύριον,
686 4489 778 4542 καὶ
807 4489 1250 4561 ὲθεραπεύσαμεν
1275 4491 1345 4544 τὰ
1370 4493 1488 4563 σίνη
1508 4532 1523 4557 ,
1553 4492 1637 4550 ﬁdi

1755 4493 1903 4549 mino
1941 4493 2128 4562 gratia:
2158 4499 2307 4556 sunt,
2343 4492 2487 4561 quod
2516 4499 2571 4546 et
2598 4490 2813 4546 videndi
2845 4507 3066 4548 sensum
3100 4507 3325 4562 recupe-

128 4575 195 4626 l’ai
224 4577 275 4628 τὸ
323 4578 480 4650 ἔργον
517 4580 627 4637 τῶν
687 4581 916 4635 ἐντολῶν
947 4581 1113 4636 αὐτοῦ
1173 4583 1502 4655 πράξωμενο
1559 4587 1653 4641 καὶ

129 4673 538 4742 κατεπατήσαμεν
555 4671 646 4724 τὸν
666 4673 808 4742 ὅφιν,
830 4674 925 4728 καὶ
950 4674 1348 4746 συνετρίψαμεν
1362 4677 1460 4748 τὴν
1481 4695 1651 4747 κεφα-

130 4756 201 4825 λὴν
236 4761 317 4813 τοῦ
362 4763 654 4831 δράκοντος
689 4764 744 4817 ὲν
776 4767 843 4836 τῇ
894 4765 986 4818 τοῦ
1023 4765 1158 4819 Θεοῦ
1202 4767 1462 4836 δυνάμει’
1614 4772 1648 4841 ή

131 4846 252 4912 ὥξα,
274 4852 426 4925 τιμὴ,
474 4855 708 4924 κράτος,
741 4857 918 4928 Πατρῖ⁹
947 4859 1005 4909 ὲν
1030 4857 1178 4928 Υἱῷ.
1212 4857 1326 4928 Υἱῷ
1362 4862 1420 4913 ὲν
1453 4861 1650 4932 Πατρὶ,

95 4973 108 4992 .
135 4940 206 4989 σὺν
243 4943 368 5014 ἁγίῳ
408 4944 684 5016 Πνεύματι
727 4948 805 5012 εἰς
849 4949 973 5011 τοὺς
1023 4949 1225 5014 αἰῶνας
1271 4950 1380 5006 τῶν
1420 4951 1647 5007 αἰώνων.

145 5030 297 5104 Ἀμήν·

190 5215 589 5290 Καταλείψαντες
610 5221 666 5274 es
687 5220 781 5292 τὴν
807 5223 1220 5293 νενεκρωμένην
1234 5222 1437 5293 ταύτην
1465 5221 1650 5294 ὕδραν,

139 5305 212 5372 τὴν
236 5310 582 5380 ἐπτακέφαλον
611 5312 706 5365 καὶ
736 5311 1072 5382 πολύσχιδον,
1113 5312 1206 5364 ἐπὶ
1247 5312 1344 5374 τὰς
1378 5312 1501 5380 ἑξῆς
1525 5329 1653 5365 συνο

144 5394 251 5462 iam;
276 5403 608 5474 προέλθωμεν
629 5443 644 5467 ,
695 5404 970 5474 ἀγαπητοὶ
990 5442 1006 5466 ,
1045 5403 1177 5456 Θεὸν
1211 5403 1304 5456 τὸν
1341 5405 1428 5457 ἀεὶ
1461 5403 1654 5474 βοηθὸν

145 5483 496 5560 ἐπικαλούμενοι
542 5495 640 5567 τὴν
689 5495 858 5565 αὐτὴν
909 5494 1065 5566 ἡμῶν
1103 5495 1424 5565 ποιήσασθαι
1458 5495 1653 5564 ἐπιμέ-

1750 4583 2010 4648 ravimus,
2043 4588 2098 4636 et
2133 4581 2276 4636 hunc
2319 4582 2496 4652 ipsum
2529 4582 2859 4635 conﬁtemur
2893 4588 3058 4651 atque
3114 4580 3326 4637 incom-

1752 4674 1930 4730 modis
1975 4673 2230 4730 omnibus
2271 4676 2570 4730 remedium
2611 4674 2993 4736 adhibuimus.
3047 4674 3094 4729 si
3141 4680 3323 4730 tamen

1753 4764 2035 4835 praeceptis
2064 4763 2210 4819 illius
2237 4779 2442 4819 morem
2473 4779 2748 4835 geramus,
2775 4774 2830 4818 et
2859 4771 3166 4832 serpentem
3195 4779 3325 4834 pro-

1751 4857 2106 4920 culcavimus,
2140 4857 2394 4913 draconis
2429 4865 2592 4926 caput
2619 4857 2709 4911 Dei
2736 4872 2838 4927 ope
2869 4871 2934 4910 ac
2967 4857 3167 4911 virtute
3199 4871 3326 4926 pro-

1755 4949 2028 5004 trivimus.
2088 4947 2188 5003 Cui
2231 4950 2425 5020 gloria,
2472 4949 2670 5014 honor,
2724 4949 3032 5018 imperium,
3072 4946 3222 5001 Patri
3267 4948 3324 5001 in

1757 5035 1918 5102 Filio,
1952 5037 2087 5091 Filio
2119 5037 2176 5091 in
2209 5035 2388 5103 Patre,
2420 5052 2546 5092 cum
2578 5034 2784 5107 Spiritu
2815 5046 3006 5092 sancto
3036 5035 3094 5090 in
3125 5035 3327 5091 sacula

1757 5127 2102 5183 saeculorum.
2141 5131 2335 5182 Amen.

1824 5218 1978 5274 Nunc
2025 5219 2095 5272 ab
2161 5217 2266 5272 hac
2331 5227 2614 5289 septenum
2662 5217 2898 5289 capitum
2933 5230 2999 5270 ac
3036 5213 3327 5285 multiplici

1755 5308 1849 5365 sed
1875 5317 2084 5364 mortua
2104 5310 2216 5378 jam
2235 5309 2405 5380 hydra
2432 5309 2686 5379 digressi,
2708 5309 2946 5378 reliquas
2974 5306 3042 5362 ad
3065 5305 3324 5370 haereses.

1755 5419 1788 5457 ο
1817 5401 2154 5463 cltarissimi,
2191 5409 2554 5455 transeamus.
2586 5398 2690 5454 Sed
2725 5397 2818 5453 Dei
2859 5399 2913 5452 in
2943 5397 3133 5468 primis
3169 5395 3328 5451 auxi-

1759 5495 1889 5548 lium
1957 5493 2330 5564 itnploremus,
2383 5496 2442 5544 ut
2488 5490 2730 5544 eamdem
2784 5490 2942 5546 nobis
2995 5489 3188 5562 iisque,
3232 5488 3326 5561 qui

205 5656 224 5692 ’
253 5662 356 5719 Scr.
389 5667 623 5724 'Paaciv.
702 5672 720 5702 ¹
754 5669 920 5725 Exod.
951 5685 1038 5736 xv,
1076 5633 1129 5725 il.
1207 5670 1228 5702 ⁸
1262 5669 1364 5726 lsa.
1400 5683 1514 5737 vui,
1544 5669 1595 5733 6,
1639 5669 1687 5723 7.
1766 5669 1785 5698 ⁸
1808 5666 1966 5726 Joan.
2005 5684 2081 5738 ix,
2107 5668 2159 5725 6.
2246 5667 2419 5725 l“ibid.
2455 5669 2502 5722 7.
2581 5669 2600 5700 ⁶
2648 5665 2780 5724 ibid.
2814 5665 2903 5722 22.
