3846 6348
455 314 561 379 355

1863 314 1918 369 S.
1958 312 2299 371 EPIPHANII

3622 324 3729 379 356

456 439 598 492 hanc
634 439 879 490 nostram
903 430 1339 486 lucubrationem
1386 429 1562 500 legere
1614 429 1904 493 voluerint,
1937 445 2033 484 cu-
2062 486 2064 492 λ

2150 441 2284 513 ιειαν
2303 476 2317 499 ,
2353 435 2447 489 καὶ
2475 440 2581 490 τῶν
2624 435 2965 508 βουλομένων
3001 434 3176 507 τούτῳ
3218 436 3298 509 τῷ
3329 438 3611 508 πονήματι
3642 441 3705 494 ἐν

457 545 571 583 ram
600 542 663 580 ac
688 522 1083 596 providentiam
1124 520 1415 585 adhibeat,
1447 529 1504 574 ut
1541 529 1595 577 et
1630 521 1722 590 qui
1756 521 2029 576 morsibus

2150 527 2423 599 τυγχάνειν
2453 570 2469 594 ,
2522 530 2603 593 είς
2659 528 2801 585 ἴασιν
2852 528 2962 582 τῶν
3011 529 3372 601 δεδειγμένων
3412 532 3466 595 ⁸,

461 619 679 689 appetiti
740 623 868 673 sunt
909 621 1300 685 persanentur,
1360 619 1415 667 et
1455 612 1549 682 qui
1588 612 1829 667 nondum
1872 612 1928 665 in
1962 611 2031 666 il-

456 711 562 765 lam
600 707 963 763 calamitatem
1006 705 1316 770 inciderint,
1356 702 1424 760 ad
1462 718 1580 760 eam
1615 702 1912 759 cavendam
1949 702 2033 756 in-

458 809 759 858 struantur.

530 964 545 988 ’
566 965 692 1020 Cor.
718 954 1080 1026 δεδηγμένων.
1118 952 1185 1006 At
1220 952 1354 1024 Reg.
1388 950 1557 1007 τῶνδε
1583 951 1691 1006 τῶν
1714 949 2027 1022 δηγμάτων.

3512 536 3609 587 καὶ
3648 536 3729 599 εἷς,

2136 621 2419 691 διόρθωσιν
2447 620 2553 675 τῶν
2590 620 2665 694 μὴ
2693 622 2751 674 ὲν
2780 623 2969 687 κακοῖς
2994 621 3094 694 ἤδη
3128 622 3552 690 ὲξετασθέντων.

466 1129 3699 1178 ww

1365 1294 1544 1347 TAAE
1594 1291 1868 1346 ΕΝΕΣΤῙ
1905 1291 2035 1344 ΚΑΙ
2086 1290 2188 1342 ΕΝ
2236 1288 2322 1357 Τῼ
2360 1288 2600 1357 ΠΡΩΤῼ
2642 1288 2835 1358 ΤΟΜῼ

1724 1445 1859 1499 ΤΟΥ
1896 1443 2150 1498 ΤΡΙΤΟΥ
2178 1442 2458 1496 ΒΙΒΛΙΟΥ

461 1613 681 1666 Ἕκτον
716 1608 784 1663 δὲ
822 1608 997 1669 ὄντος
1023 1606 1206 1677 τόμου
1230 1643 1246 1671 ,
1292 1603 1417 1656 καθ’
1457 1600 1527 1654 ὃν
1566 1599 1814 1670 ἀριθμὸν
1851 1598 2211 1683 προείπομεν
2237 1615 2251 1628 -
2303 1597 2373 1651 ἐν
2410 1587 2459 1664 ᾧ
2508 1598 2668 1652 εἰσιν
2716 1595 2977 1666 αἱρέσεις
3027 1596 3176 1651 ἑπτὰ
3226 1596 3336 1651 σὺ)
3409 1596 3539 1664 τοῖς
3585 1598 3731 1666 σχει-

1840 1683 2068 1738 σμασιν
2096 1684 2303 1734 ουτως.

710 1896 879 1968 808
908 1895 1307 1958 INDICULUS
1360 1893 1785 1955 HJERESEON
1834 1894 2005 1966 QUAS
2062 1896 2142 1956 IN
2193 1896 2340 1958 HOC
2388 1896 2629 1958 PRIMO
2688 1895 2894 1957 TOMO
2945 1896 3154 1957 LIBRI
3206 1901 3287 1959 III

1895 2070 2290 2126 CONTINENTUR,

461 2221 569 2301 qui
611 2224 703 2282 est
758 2235 835 2280 ex
876 2217 1159 2280 instituto
1207 2221 1523 2276 tomorum
1582 2209 1803 2284 ordine
1856 2210 1957 2283 VI,
2008 2210 2244 2350 infguo
2297 2210 2573 2275 haereses
2632 2220 2899 2294 septem,
2955 2215 3379 2278 adnumeratis
3430 2222 3491 2279 et
3546 2217 3729 2280 schi-

1929 2306 2109 2350 smai
2157 2308 2249 2350 us.

1929 2306 2249 2350 smatmus.

534 2558 891 2614 Audianorum
950 2550 1168 2624 proprie
1219 2536 1455 2604 schisma
1496 2561 1561 2601 ac
1630 2543 1886 2611 defectio,
1927 2560 2035 2599 non

2211 2545 2520 2604 Αῠδιανῶν
2548 2551 2891 2621 ἁφηνιασμὸς
2931 2552 3023 2605 καὶ
3056 2553 3281 2624 σχίσμα,
3309 2554 3372 2605 ού
3407 2554 3598 2624 μέντοι
3636 2556 3730 2609 αἶ-

466 2650 688 2707 Ιιαειηε-’ἰε
715 2655 816 2703 est.
851 2646 1054 2699 [lorum
1081 2644 1219 2697 bene
1247 2642 1499 2695 instituta
1520 2638 1734 2693 vivendi
1762 2637 1901 2691 ratio
1930 2646 2033 2691 est.

465 2745 568 2800 Sed
603 2757 800 2812 neque,
837 2738 982 2810 quod
1023 2737 1087 2789 ad
1134 2735 1292 2789 (idem
1330 2733 1543 2795 attinet,
1577 2730 1644 2785 ab
1673 2729 1918 2784 Ecclesia
1947 2744 2037 2783 ca-

2142 2658 2308 2712 ρεσις.
2342 2637 2498 2696 Οὗτοι
2554 2644 2650 2713 μὲν
2683 2642 2959 2714 διαγωγὴν
3002 2646 3097 2697 καὶ
3140 2645 3253 2715 βίον
3283 2643 3342 2699 εὖ
3381 2647 3730 2718 τεταγμένον

2140 2734 2429 2807 κέκτηνται
2453 2750 2468 2767 ο
2503 2736 2610 2789 είσὶ
2656 2736 2712 2789 δὲ
2758 2736 2900 2789 κατὰ
2931 2737 3108 2791 πάντα
3133 2737 3231 2809 τὴν
3261 2740 3440 2791 πίστιν
3474 2738 3729 2808 ἔχοντες,

464 2835 663 2889 tholica
707 2829 1057 2886 dissentiunt.
1119 2825 1376 2879 Habitant
1424 2822 1617 2893 majori
1665 2836 1732 2876 ex
1784 2826 1936 2889 parte
1982 2819 2038 2872 in

2150 2824 2213 2888 ὥς
2240 2827 2272 2895 ἡ
2303 2825 2562 2897 καθολικὴ
2599 2826 2914 2897 Ἐκκλησία.
2940 2829 3292 2901 Μοναστήρια
3326 2829 3379 2882 δὲ
3415 2832 3462 2882 οἱ
3497 2830 3733 2893 πλείους

464 2922 828 2997 monasteriis.
848 2916 1185 2988 Apocryphis
1216 2914 1369 2967 libris
1392 2920 1445 2967 et
1504 2910 1771 2967 multisret
1798 2908 1864 2962 ad
1898 2908 2042 2963 fasti-

465 3015 613 3070 dium
664 3013 982 3066 abutuntur.
1038 3006 1370 3060 Communes
1424 3002 1709 3056 nohiscum
1762 3001 2041 3054 orationes

465 3118 572 3157 non
604 3101 840 3163 habent;
889 3111 1011 3151 nam
1044 3095 1329 3163 episcopos
1359 3099 1600 3155 nostros,
1636 3105 1846 3144 necnon
1879 3099 1932 3145 et
1958 3091 2042 3143 di-

466 3192 622 3256 vites,
657 3190 899 3257 aliosque
926 3183 1306 3238 condemnant.
1336 3181 1476 3245 Quin
1502 3182 1664 3233 etiam
1699 3177 1909 3231 Pascha
1937 3179 2044 3248 pri-

465 3282 629 3336 vatim
663 3278 851 3334 eodem
882 3290 991 3345 quo
1021 3271 1191 3327 Judaei
1230 3280 1471 3341 tempore
1500 3270 1799 3325 celebrant.
1864 3271 1959 3325 Est
1988 3281 2042 3327 et

465 3367 722 3440 quiddam
771 3366 1045 3436 peculiare
1095 3360 1251 3431 ipsis,
1304 3361 1448 3430 quod
1491 3359 1789 3415 defendunt
1831 3375 2042 3416 summa

464 3458 829 3515 contentione.
898 3453 1106 3523 Quippe
1142 3450 1283 3521 quod
1316 3450 1385 3504 ad
1440 3451 1723 3520 imaginem
1774 3454 2039 3521 scriptum

464 3560 572 3618 est,
598 3549 789 3606 durius
825 3548 1267 3615 interpretantur.

540 3638 867 3695 Pliotiniam'.
902 3635 1169 3690 Photinus
1196 3635 1298 3689 iste
1327 3632 1529 3687 Sirmio
1557 3632 1823 3687 oriundus
1850 3634 1915 3687 ad
1944 3633 2043 3687 ho-

467 3734 717 3788 diernum
758 3743 931 3799 usque
972 3735 1186 3797 tempus
1220 3724 1512 3780 oberrabat
1575 3722 1679 3789 Qui
1704 3724 1919 3794 quidem
1950 3739 2042 3779 ea-

467 3826 587 3879 dem
620 3837 742 3876 cum
774 3819 942 3871 Paulo
974 3818 1332 3872 Samosateno
1365 3817 1546 3870 sentit.
1604 3813 1875 3869 Nonnulla
1911 3822 2041 3871 sunt

2141 2917 2475 2972 κατοικοῦσι.
2510 2919 2824 2991 Κέχρηνται
2865 2919 2920 2974 δὲ
2965 2921 3059 2973 καὶ
3129 2919 3468 2993 ἀποκρύφοις
3499 2922 3734 2985 πολλοῖς

2141 3012 2476 3081 κατακόρως.
2511 3010 2583 3063 Οὐ
2617 3011 2962 3080 συνεύχονται
2994 3010 3050 3063 δὲ
3088 3011 3253 3081 ἡμῖν,
3305 3010 3568 3080 ψέγοντες
3592 3015 3734 3075 τοὺς

2141 3103 2271 3173 παρ’
2324 3104 2453 3172 ἡμῖν
2503 3103 2833 3167 ἐπισκόπους
2860 3143 2875 3167 ,
2930 3103 3216 3167 πλουσίους
3242 3144 3255 3168 ,
3319 3104 3412 3156 καὶ
3469 3104 3678 3168 ἄλλους
3715 3122 3730 3135 ο

2141 3193 2274 3247 ἀλλὰ
2328 3195 2420 3246 καὶ
2462 3194 2550 3247 διὰ
2595 3194 2655 3246 τὸ
2682 3195 2874 3265 Πάσχα
2917 3197 3090 3248 ποιεῖν
3144 3194 3451 3259 ἰδιαζόντως
3479 3237 3494 3261 ,
3534 3195 3629 3248 ὅτε
3680 3199 3733 3250 οἱ

2154 3285 2392 3338 Ἰουδαῖοι
2432 3286 2697 3339 ποιοῦσιν.
2736 3287 2958 3357 Ἔχουσι
3012 3287 3067 3340 δὲ
3112 3287 3205 3340 καὶ
3242 3287 3507 3340 ἰδιωτικόν
3539 3306 3592 3340 τι
3631 3290 3737 3342 καὶ

2141 3379 2462 3447 φιλόνεικον,
2500 3378 2769 3452 ξηρότατα
2809 3380 2869 3432 τὸ
2907 3382 3033 3433 κατ’
3063 3380 3264 3433 εἰκόνα
3296 3380 3732 3452 ἑρμηνεύοντες.

2211 3638 2608 3691 Φωτεινιανοί.
2660 3624 2827 3702 Οὗτος
2885 3640 2913 3692 ὁ
2959 3639 3266 3703 Φωτεινδς,
3324 3639 3431 3693 ἀπὺ
3485 3641 3735 3712 Σιρμὶου

2142 3728 2430 3799 ὑπάρχων,
2462 3728 2542 3781 ἔτι
2586 3729 2680 3782 καὶ
2727 3728 2885 3800 δεῦρο
2935 3731 3286 3802 περιενόστει.
3336 3734 3430 3795 Ὃς
3471 3732 3539 3785 τὰ
3580 3736 3735 3787 αὐτὰ

2140 3818 2336 3890 Παύλῳ
2380 3819 2459 3889 τῷ
2495 3820 2799 3890 Σαμοσατεῖ
2846 3822 3132 3892 ἐφρόνησε.
3176 3822 3332 3875 Κατά
3376 3839 3427 3875 τι
3477 3822 3538 3875 δὲ
3583 3826 3734 3894 πρὸς

467 3925 670 3977 tamen,
706 3914 760 3967 in
793 3911 991 3981 quibus
1020 3910 1087 3963 ab
1116 3909 1305 3963 eodem
1333 3906 1581 3961 dissidet.
1632 3905 1777 3961 ldem
1812 3923 1842 3963 e
1871 3906 2041 3963 Maria

2150 3913 2351 3964 ἐκεῖνον
2387 3912 2754 3983 διαφέρονται.
2796 3914 2904 3966 Καὶ
2935 3913 3089 3966 αὐτοὶ
3116 3913 3211 3967 καὶ
3234 3914 3341 3967 ἀπὸ
3373 3914 3593 3984 Μαρίας
3631 3918 3734 3968 καὶ

466 4007 749 4064 Christum
781 4003 994 4058 initium
1036 4001 1252 4071 penitus
1280 3998 1561 4067 accepisse
1591 4005 1766 4068 putat.

539 4097 898 4155 Marcelliani.
973 4093 1175 4148 Horum
1232 4090 1520 4145 Marcellus
1572 4098 1765 4145 auctor
1808 4092 2038 4158 exstitit,

436 4186 697 4265 QAncyrae
741 4191 795 4245 in
837 4188 1047 4243 Calatia
1077 4186 1386 4256 episc0pus,
1436 4183 1550 4253 qui,
1593 4198 1717 4238 cum
1756 4182 1913 4236 initio
1942 4198 2042 4254 pro

432 4296 437 4319 ί
469 4284 778 4339 Sabelliano
801 4277 1076 4335 communi
1108 4276 1247 4329 fama
1281 4273 1565 4329 traductus
1594 4280 1760 4337 esset,
1797 4275 2038 4344 seipsum

468 4377 631 4431 etiam
671 4374 874 4443 scripto
919 4381 1290 4440 saepenumero
1340 4374 1646 4438 purgasset,
1692 4382 1722 4420 a
1768 4366 2042 4437 plerisque

468 4474 651 4519 tamen
685 4463 948 4516 creditum
988 4468 1093 4525 est,
1158 4458 1224 4512 ad
1271 4457 1490 4512 easdem
1535 4458 1712 4528 ipsum
1756 4458 2042 4526 opiniones

467 4558 856 4611 adhzerescere.
901 4552 1039 4606 Fieri
1070 4559 1246 4621 potest
1290 4558 1349 4603 ut
1387 4552 1471 4605 vel
1502 4552 1617 4620 ipse
1648 4558 1855 4604 mutata
1913 4566 2038 4605 sen-

471 4645 641 4700 tentia
678 4642 950 4696 meliorem
996 4642 1059 4694 ad
1104 4650 1337 4694 mentem
1376 4654 1497 4693 sese
1542 4641 1900 4703 revocaverit,
1957 4639 2040 4693 vel

471 4742 589 4807 ejus
622 4732 895 4802 discipuli.
930 4730 1064 4784 Nam
1096 4744 1194 4800 pro
1227 4728 1473 4798 utrisque
1499 4728 1787 4784 orthodoxi
1819 4729 2037 4798 quidam

470 4842 591 4885 sese
618 4823 937 4878 defensores
968 4821 1431 4889 interposuerunt.

526 4916 863 4974 Semiariani.
880 4913 1153 4968 Christum
1172 4912 1246 4965 illi
1264 4920 1571 4965 creaturam
1587 4925 1709 4967 esse
1724 4911 1933 4979 dicunt,
1943 4912 2038 4967 sed

467 5005 775 5065 cavillando
792 5014 969 5058 tamen
990 5009 1187 5073 negant
1200 5010 1903 5058 ca’terarumcreaturarum
1920 5021 2041 5061 esse

468 5102 730 5163 similem;
755 5096 922 5168 809
942 5095 1034 5151 sed
1060 5095 1277 5159 Filium,
1297 5095 1571 5165 inquiunt,
1598 5096 1748 5150 illum
1771 5096 2035 5163 dicimus;

466 5207 654 5250 verum
688 5205 755 5245 ne
778 5205 843 5243 ex
865 5188 1211 5260 generatione
1238 5188 1355 5257 ipsa
1379 5188 1487 5242 ulla
1512 5188 1567 5241 in
1583 5186 1799 5243 Patrem
1827 5188 2039 5244 aﬂ'ectio

470 5287 762 5348 derivetur,
804 5281 1054 5337 eumdem
1094 5289 1334 5336 creatura
1374 5280 1713 5336 conﬁtemur.
1781 5280 1947 5337 Iidem
1981 5292 2035 5339 et

470 5377 733 5446 Spiritum
760 5383 1009 5429 sanctum
1031 5374 1252 5429 omnino
1274 5380 1579 5428 creaturam
1600 5388 1721 5429 csse
1747 5373 2030 5441 deﬁniunt;

469 5480 703 5535 cumque
747 5464 1048 5535 ὁμοούσιον,
1096 5463 1150 5518 id
1179 5472 1261 5518 est
1304 5462 1826 5529 consubstantialem,
1878 5480 2039 5534 repu-

470 5556 637 5618 dient,
677 5557 1031 5627 όμοιοούσιον,
1060 5557 1162 5612 hoc
1196 5564 1280 5611 est
1307 5556 1610 5611 substantia
1651 5556 1905 5621 similem,
1941 5558 2037 5610 ad-

471 5643 712 5699 mittunt.
775 5645 930 5710 Quod
976 5648 1151 5715 ipsum
1192 5656 1370 5702 tamen
1424 5647 1645 5717 quidam
1688 5663 1751 5701 ex
1805 5648 1913 5702 illis
1956 5665 2039 5703 re-

470 5744 694 5805 spuunt.

2141 3999 2300 4069 δεῦρο
2336 3999 2428 4053 τὸν
2460 4000 2692 4070 Χριστὸν
2731 4001 3182 4055 διαϐεϐαιοῦνται.

2212 4092 2675 4159 Μαρκελλιανοί.
2729 4091 2860 4144 Ἀπὸ
2884 4092 3205 4163 Μαρκέλλου
3235 4091 3330 4145 τοῦ
3364 4092 3472 4145 ἀπὸ
3520 4094 3734 4161 Ἀγκύ-

2146 4198 2243 4252 ρας
2268 4184 2368 4254 τῆς
2401 4184 2685 4247 Γαλατίας.
2709 4177 2896 4247 Οὗτος,
2928 4187 2985 4236 ὲν
3015 4185 3156 4255 ἀρχῇ
3190 4183 3593 4255 παραπλησίως
3619 4185 3737 4237 Σα-

2142 4274 2334 4345 ϐελλίῳ
2395 4277 2709 4345 φρονήσας,
2762 4274 3112 4345 διεφημίσθη.
3160 4274 3254 4336 Εἰς
3309 4274 3611 4341 ἀπολογίας
3670 4276 3732 4328 δὲ

2142 4365 2399 4429 πολλάκις
2454 4366 2623 4419 ἐλθὼν
2660 4407 2675 4431 ,
2721 4368 2813 4419 καὶ
2872 4367 3161 4437 ἐγγράφως
3215 4365 3730 4435 ἀπολογησάμενος,

2141 4457 2292 4529 παρὰ
2351 4457 2559 4511 πολλῶν
2610 4462 2722 4522 τοῖς
2789 4460 2972 4521 αὐτοῖς
3034 4458 3290 4529 ἐμμένειν
3339 4456 3726 4527 κατηγορήθη.

2144 4550 2304 4612 Ἴσως
2353 4550 2409 4603 δὲ
2455 4551 2751 4620 μεταγνοὺς
2786 4551 2925 4620 τάχα
2962 4552 3155 4604 ἑαυτὸν
3188 4548 3567 4620 διωρθώσατο,
3599 4549 3637 4621 ἢ
3677 4552 3726 4602 oi

2141 4639 2302 4692 αὐτοῦ
2362 4640 2617 4710 μαθηταί,
2692 4642 2859 4712 ’Υπὲρ
2935 4640 3098 4695 αὑτοῦ
3151 4642 3259 4711 γὰρ
3311 4640 3343 4710 ἢ
3403 4639 3544 4709 ὑπὲρ
3609 4641 3729 4693 τῶν

2141 4729 2306 4782 αὑτοῦ
2349 4731 2602 4801 μαθητῶν
2642 4730 2909 4804 όρθόδοξοί
2948 4749 3092 4795 τινες
3147 4732 3324 4803 μέσως
3367 4732 3727 4802 ὑπεραπελο-

2140 4823 2352 4891 γοῦντο.

2221 4916 2550 4985 Ἠιιιιὶρειοι.
2592 4919 2654 4972 Οἱ
2682 4918 2915 4989 Χριστὸν
2941 4917 3038 4988 μὲν
3068 4917 3273 4987 κτίσμα
3301 4915 3725 4987 ὁμολογοῦντες,

2140 5008 2392 5078 εἰρωνείᾳ
2440 5008 2497 5061 δὲ
2529 5009 2735 5078 κτίσμα
2782 5009 2944 5061 αὐτὸν
2988 5009 3318 5077 φάσκοντες,
3357 5005 3471 5059 ἀλλ’
3510 5009 3613 5077 οὐχ
3647 5011 3725 5072 ὡς

2141 5098 2199 5151 ἒν
2221 5098 2326 5150 τῶν
2354 5100 2692 5169 κτισμάτων*
2723 5100 2888 5159 ἀλλὰ,
2929 5102 3090 5169 φασὶν
3111 5141 3127 5165 ,
3173 5101 3299 5153 Υἱδν
3327 5100 3559 5170 λέγομεν
3584 5122 3597 5133 ·
3630 5103 3729 5157 διὰ

2141 5190 2196 5243 δὲ
2227 5190 2286 5242 τὸ
2316 5190 2390 5261 μὴ
2427 5191 2596 5254 πάθος
2634 5193 2909 5263 προσάψαι
2949 5192 3027 5263 τῷ
3057 5195 3231 5265 Πατρὶ
3266 5194 3353 5247 διὰ
3395 5193 3489 5248 τοῦ
3528 5210 3729 5262 γεγεν-

2141 5279 2381 5351 νηκέναι,
2419 5281 2635 5332 κτιστδν
2664 5281 2824 5333 αὑτὸν
2855 5282 3105 5352 λέγομεν.
3156 5282 3425 5346 Ὡσαύτως
3462 5283 3560 5337 καὶ
3589 5301 3659 5338 πε
3671 5286 3728 5353 pi

2141 5372 2234 5425 τοῦ
2257 5372 2396 5425 Πνεύ
2406 5389 2573 5443 ματος
2605 5372 2698 5425 τοῦ
2743 5374 2896 5440 ἁγίου
2919 5414 2932 5435 ,
2960 5376 3164 5446 κτίσμα
3211 5374 3485 5437 παντελῶς
3507 5374 3729 5445 ὁρίζον-

2144 5478 2262 5526 ται,
2317 5462 2786 5530 παρεκῦάλλοντες
2820 5463 2950 5516 Υίοῦ
3003 5464 3067 5517 τὸ
3120 5465 3474 5533 ὁμοούσιον,
3531 5466 3732 5529 ὁμοιο-

2141 5556 2355 5609 οὐσιον
2383 5555 2437 5607 δὲ
2466 5556 2676 5608 θέλουσι
2705 5556 2903 5624 λέγειν.
2940 5557 3117 5610 Ἄλλοι
3164 5557 3218 5610 δὲ
3245 5555 3304 5621 ἐξ
3330 5555 3506 5609 αὐτῶν
3540 5559 3637 5607 καὶ
3664 5556 3732 5604 τὸ

2142 5648 2475 5718 ὁμοιοούσιον
2507 5648 2894 5717 παρεξέὂαλον.
