3826 6206
53 393 142 451 537

1041 392 1408 452 ADVERSUS
1434 395 1776 454 ΗΕΒΕὸεὸ
1803 397 1932 456 LIB.
1971 399 2068 454 111.
2103 397 2267 456 ΤΟΜ.
2308 398 2348 452 Ι.

3175 398 3286 459 858

116 504 606 575 Πνευματομάχοι.
643 503 801 562 Οὗτοι
839 511 968 581 περὶ
999 511 1100 582 μὲν
1138 514 1374 583 Χριστοῦ
1423 515 1601 578 καλῶς

1783 517 2276 572 Pneumatomachi.
2311 515 2384 570 Dc
2422 513 2641 570 Christo
2695 514 2782 571 isti
2826 531 2930 569 non
2975 495 3114 570 male
3158 531 3282 571 selt-

53 609 232 674 έχονσι,
277 597 337 650 τὸ
373 597 597 668 Πνεῦμα
633 599 695 652 τὸ
740 599 895 667 ἅγιον
940 600 1342 673 βλασφημοῦσι,
1384 603 1602 657 κτιστδν

54 689 168 744 αὐτὸ
201 688 522 764 ὁριζόμενοι,
553 689 647 742 καὶ
677 689 777 742 οὐκ
805 689 864 743 ὂν
893 693 956 744 ἐκ
975 691 1074 761 τῆς
1107 692 1380 765 θεότητος,
1407 694 1603 765 μᾶλλον

55 782 102 834 δὲ
130 781 572 852 καταχρηστικῶς
599 781 690 835 διὰ
715 782 998 854 ἐνέργειαν
1020 785 1326 852 κεκτίσθαι,
1351 788 1604 856 ἁγιαστιο

57 873 144 944 κὴν
169 873 295 926 αὐτὸ
322 871 548 944 δύναμιν
570 872 869 944 φάσκοντες
895 872 1034 931 εἶναι
1071 877 1249 948 μόνον.

129 1064 419 1144 ’Δεριαῦ-οί.
469 1069 638 1140 Οὗτος
687 1075 894 1148 ’Λέριος
933 1077 1041 1131 ἀπὸ
1096 1079 1298 1134 Πόντου
1350 1081 1604 1152 ὁρμᾶται.

62 1169 166 1222 Ἔτι
221 1167 274 1220 δὲ
317 1165 477 1238 δεῦρο
536 1167 784 1239 περίεστι
821 1169 1128 1241 πειρασμὸς
1186 1169 1262 1240 τῷ
1305 1169 1424 1242 βίῳ.
1470 1172 1612 1243 Πρε-

62 1259 297 1330 σϐύτερος
344 1251 500 1321 οὗτος
529 1253 597 1330 ἦν
629 1258 724 1312 τοῦ
765 1260 1064 1314 ἐπισκόπου
1091 1260 1191 1316 τοῦ
1215 1262 1512 1318 Εὐσταθίου
1552 1265 1611 1317 ἐν

73 1352 341 1422 Ἀρειανοίς
381 1348 760 1420 διαϐληθέντας
784 1367 799 1382 ’
844 1351 940 1404 καὶ
987 1352 1174 1425 ἐπειδὴ
1210 1353 1370 1418 αὐτὸς
1407 1355 1612 1428 Ἀέριος

64 1444 113 1496 οὗ
131 1440 424 1512 κατεστάθη
460 1440 776 1510 ἐπίσκοπος,
809 1441 980 1496 πολλὰ
1003 1443 1144 1498 κατὰ
1161 1444 1260 1516 τῆς
1289 1444 1612 1518 Ἐκκλησίας

65 1533 378 1604 ἐδογμάτισε,
407 1535 474 1605 τῆ
504 1533 602 1602 μὲν
633 1532 813 1587 πίστει
839 1532 914 1586 ὣν
961 1534 1235 1605 Ἀρειανὸς
1258 1536 1611 1604 τελειότατος,

67 1625 416 1698 περιττότερον
473 1624 528 1678 δὲ
579 1623 916 1695 δογματίζει.
979 1627 1071 1698 Μὴ
1117 1627 1224 1682 δεῖν
1276 1646 1408 1700 φησι
1457 1647 1617 1702 προσ-

69 1719 227 1789 φέρειν
255 1717 393 1787 ὑπὲρ
454 1715 564 1770 τῶν
616 1718 1157 1790 προκεκοιμημένων.
1222 1718 1518 1792 Νηστεύειν
1561 1720 1619 1774 δὲ

69 1809 272 1881 τετράδα
320 1809 417 1862 καὶ
465 1807 844 1880 προσάϐϐατον
877 1809 970 1862 καὶ
1021 1810 1472 1883 Τεσσαρακοστὴν
1527 1812 1618 1865 καὶ

72 1904 236 1973 Πάσχα
279 1901 512 1954 κωλύει’
542 1899 842 1966 ἁποταξίαν
893 1901 1178 1974 κηρύσσει.
1211 1903 1617 1976 Σαρκοφαγίαις

71 1993 116 2045 δὲ
142 1991 405 2054 παντοίαις
435 1991 698 2063 κέχρηται
736 1991 830 2046 καὶ
852 1995 1084 2063 τρυφαῖς
1113 1993 1304 2074 ἀδεῶς.
1337 1995 1398 2046 Et
1441 1994 1498 2047 δέ
1536 2011 1620 2059 τις

73 2085 164 2136 τῶν
209 2081 366 2137 αὐτοῦ
418 2083 660 2154 βούλοιτο
711 2082 1013 2155 νηστεύειν.
1059 2085 1133 2156 μὴ
1169 2087 1226 2138 ὲν
1271 2087 1503 2158 ἡμέραις
1535 2105 1622 2140 τε-

77 2175 343 2246 ττγμέναις
379 2175 568 2246 φησὶν,
618 2175 731 2229 ἀλλ’
771 2175 859 2228 ὅτε
902 2174 1168 2246 βούλεται.
1213 2177 1286 2230 Οὐ
1311 2166 1419 2249 γὰρ
1442 2173 1490 2230 εἶ
1518 2177 1624 2231 ὑπὸ

78 2267 234 2335 νόμον.
264 2267 467 2320 Φάσκει
493 2267 550 2320 δὲ
573 2266 707 2337 μηδέ
739 2260 877 2319 εἶναι
906 2265 1303 2339 διαφορώτερον
1327 2267 1624 2322 ἐπίσκοπον

80 2356 443 2428 πρεσϐυτέρου.

150 2557 430 2611 Ἀετιανοί.
481 2558 544 2610 Οί
582 2557 688 2610 ἀπὸ
728 2556 934 2610 Ἀετίου
965 2554 1058 2609 τοῦ
1090 2553 1349 2618 Κίλικος,
1382 2553 1626 2608 διακόνου

84 2647 340 2718 γενομένου
371 2648 482 2700 ὑπὸ
505 2647 777 2719 Γεωργίου
806 2646 900 2700 τοῦ
931 2645 1040 2700 τῶν
1078 2644 1370 2716 Ἀρειανῶν
1409 2644 1630 2698 ἐπισκό-

86 2756 168 2792 που
189 2740 278 2811 τῆς
317 2739 749 2810 Ἀλεξανδρείας,
774 2739 824 2792 οἱ
855 2739 947 2793 καὶ
984 2739 1252 2809 Ἀνόμοιοι
1284 2737 1629 2808 καλούμενοι,
1657 2739 1664 2743 ’

88 2829 213 2899 παρά
264 2846 370 2882 τισι
422 2829 482 2882 δὲ
517 2827 836 2898 Εὐνομιανοὶ
873 2826 938 2880 δι’
986 2825 1248 2896 Εὐνόμιόν
1295 2841 1417 2879 τινα
1459 2823 1634 2896 μαθη-

90 2919 166 2990 τὴν
189 2919 273 2972 τοῦ
325 2919 534 2972 Ἀετίου
573 2918 860 2988 γενόμενον
887 2917 966 2971 ἔτι
1001 2918 1283 2989 περιόντα.
1315 2917 1420 2970 Σὺν
1453 2916 1634 2980 αὐτοῖς

90 3008 134 3060 δὲ
154 3005 210 3078 ἦν
232 3009 318 3062 καὶ
342 3007 594 3072 Εὐδόξιος
618 3025 630 3037 ·
661 3007 796 3061 ἀλλὰ
822 3006 982 3078 δῆθεν
1019 3005 1107 3060 διὰ
1128 3006 1219 3059 τὸν
1249 3005 1398 3078 πρὸς
1412 3005 1502 3058 τὸν
1538 3003 1635 3074 βα-

94 3101 218 3154 σιλέα
245 3101 329 3154 τὸν
379 3100 760 3154 Κωνστάντιον
793 3099 954 3169 φόϐον
1002 3097 1276 3170 ἀφώρισεν
1306 3096 1518 3162 ἑαυτὸν,
1542 3096 1637 3150 καί

97 3192 263 3259 μᾶλλον
304 3192 393 3244 τὸν
446 3191 650 3244 Ἀέτιον
705 3188 984 3262 ἐξώρισεν.
1020 3190 1240 3259 Ἔμεινε
1284 3188 1340 3242 δέ
1387 3188 1631 3256 ΕὐδόξιΟς

1740 3194 1967 3264 relegari
2017 3207 2214 3262 passus
2241 3199 2357 3255 est,
2393 3205 2705 3262 quanquam
2747 3190 2801 3244 in
2823 3188 3032 3244 Ariano
3061 3188 3312 3258 dogmate
3422 3204 3430 3211 ·

95 3286 400 3355 ἁρειανίζων,
464 3284 524 3337 οῦ
571 3283 751 3354 μέντοι
771 3299 858 3352 ’γε
900 3281 1041 3336 κατὰ
1083 3281 1175 3334 τὸν
1218 3281 1440 3336 Ἀέτιον.
1478 3273 1638 3334 Οὗτοι

107 3371 356 3440 Ἀνόμοιοι,
416 3371 467 3424 ot
523 3371 616 3424 καὶ
663 3370 946 3434 ’Δετιανοὶ,
981 3370 1030 3422 οἳ
1067 3368 1386 3423 παντάπασι
1411 3368 1641 3441 Χριστὸν

99 3462 173 3513 καὶ
198 3461 250 3514 τὸ
285 3461 436 3530 ἅγιον
477 3459 705 3531 Πνεῦμα
756 3459 1176 3532 ἀπαλλοτριοῦσι
1225 3458 1384 3527 Θεοῦ,
1428 3459 1642 3514 κτιστὸν

100 3553 228 3606 αὐτὸν
253 3553 733 3625 διαϐεϐαιούμενοι,
759 3554 853 3607 καὶ
881 3540 1001 3607 οὐδὲ
1027 3552 1318 3623 ὁμοιότητά
1344 3569 1468 3606 τινα
1499 3553 1643 3624 ἔχειν

101 3645 330 3715 λέγουσιν.
369 3648 466 3701 Ἐκ
514 3645 884 3718 συλλογισμῶν
910 3645 1020 3718 γὰρ
1062 3646 1155 3698 καὶ⁵
1199 3644 1643 3717 Ἀριστοτελικῶν

105 3739 177 3791 καὶ
200 3738 580 3811 γεωμετρικῶν
604 3739 694 3792 τὸν
732 3738 864 3792 Θεὸν
914 3737 1184 3808 παριστᾷν
1218 3735 1515 3806 βούλονται,
1553 3737 1646 3789 καὶ

105 3829 297 3898 Χριστὸν
315 3831 475 3898 δῆθεν
510 3830 583 3901 μὴ
620 3828 878 3883 δύνασθαι
915 3823 1052 3882 εἶναι
1096 3830 1161 3882 ἐκ
1181 3827 1314 3881 Θεοῦ
1349 3828 1436 3881 διὰ
1472 3827 1647 3882 τοιούο

108 3935 206 3973 των.
230 3921 286 3973 Oi
320 3919 375 3972 δὲ
406 3920 506 3972 ἀπ’
529 3916 694 3972 αὑτοῦ
736 3918 1057 3988 Εὑνομιανοὶ
1099 3919 1113 3948 ⁸
1164 3917 1488 3988 καλούμενοι
1520 3920 1649 3973 ἀνα-

110 4007 386 4075 ϐαπτίζουσι
418 4009 628 4072 πάντας
653 4011 778 4073 τοὺς
807 4009 943 4080 πρὸς
980 4007 1176 4072 αὐτοὺς
1211 4009 1558 4082 ἐρχομένους,
1588 4011 1648 4064 οὗ

115 4101 241 4167 μόνον
267 4105 307 4165 ³,
340 4101 474 4155 ἀλλὰ
506 4101 747 4163 καὶτοὺς
769 4097 884 4153 ἀπὸ
912 4098 1222 4170 Ἀρειανῶν,
1255 4100 1395 4154 κατὰ
1410 4101 1652 4184 κεφαλῆς

114 4191 199 4243 ἀνω
234 4195 351 4257 τοὺς
390 4193 560 4256 πόδας
615 4191 938 4263 στρέφοντες
970 4191 1077 4244 τῶν
1111 4189 1542 4262 βαπτιζομένων,
1578 4193 1654 4255 ώς

117 4283 247 4348 πολὺς
281 4283 460 4356 ᾄδεται
500 4284 676 4353 λόγος.
715 4283 790 4336 Τὸ
820 4282 876 4336 δὲ
904 4281 1169 4353 σφαλῆναι
1207 4281 1265 4335 ἐν
1297 4300 1401 4336 τινι
1429 4283 1655 4354 πορνείᾳ

117 4371 300 4446 ἧέτέρᾳ
322 4376 570 4448 ἁμαρτίᾳ
604 4375 754 4430 οὐδὲν
779 4369 917 4428 εἶναί
958 4391 1118 4443 φασιν
1140 4391 1153 4404 ·
1181 4372 1333 4427 οὐδὲν
1367 4372 1476 4444 γὰρ
1505 4375 1656 4444 ζητεί

119 4461 220 4526 Θεὸς
244 4466 370 4520 ἀλλὰ
401 4467 464 4521 τὸ
494 4462 635 4522 εἶναι
662 4469 720 4520 ἐν
750 4465 924 4540 ταύτῃ
959 4467 1096 4538 μόνῃ
1133 4467 1198 4536 τῇ
1229 4463 1410 4518 αὐτῶν
1440 4465 1655 4537 νομιζο-

124 4556 230 4628 μένῃ
252 4561 445 4614 πίστει.

175 4665 318 4727 Δῦταί
362 4676 422 4728 τέ
477 4671 619 4728 εἰσιν
672 4673 873 4746 ὁμοίως
914 4675 1009 4728 καὶ
1049 4675 1143 4728 τοῦ
1185 4674 1368 4747 τρίτου
1424 4673 1651 4744 βιϐλίου,

125 4758 251 4815 ἕκτου
272 4763 325 4818 δὲ
348 4764 499 4830 ὄντος
537 4763 708 4835 τόμου
740 4763 882 4818 κατὰ
909 4763 1006 4835 τὴν
1047 4763 1391 4830 ἀκολουθίαν,
1414 4763 1659 4834 αἱρέσεις

128 4850 252 4906 ἑπτά..

187 5113 202 5145 ⁸
230 5114 278 5168 lu
317 5115 442 5189 Reg.
486 5119 822 5188 Εὐγενιανοί.
904 5120 924 5151 ¹
953 5117 1113 5175 Deest
1137 5116 1474 5191 όρθοδόξους.

1651 1863 1692 1916 Β

1706 611 1885 682 tiunt;
1939 612 2032 666 sed
2085 611 2138 665 in
2194 607 2456 678 Spiritum
2489 616 2740 663 sanctum
2793 607 3157 662 contumelias
3191 606 3277 676 ja-

1707 703 1860 756 eiunt
1881 742 1896 765 ,
1956 717 2080 756 cum
2114 709 2169 757 et
2212 706 2454 755 creatum
2487 704 2822 762 asseverent,
2854 705 2907 750 et
2937 711 2966 750 a
2997 697 3286 751 divinitate

1708 791 1992 860 rejiciant:
2027 792 2137 846 imo
2170 806 2298 846 vero
2323 788 2587 846 abusione
2613 788 2848 858 quadam
2881 788 3033 843 vocis
3061 793 3286 858 propter

1709 882 1981 938 actionem
2025 883 2199 952 ipsam
2258 888 2501 936 creatum
2559 895 2680 935 esse
2737 878 2959 945 dicant;
3001 893 3102 934 nec
3135 877 3283 934 aliud

1709 986 1831 1028 esse
1861 971 2179 1042 quidquam,
2217 979 2414 1043 praeter
2443 971 2550 1024 vim
2589 968 2994 1026 sanctiﬁcandi.

1784 1083 2023 1138 Aeriani.
2048 1082 2245 1137 Aerius
2265 1097 2296 1136 e
2312 1079 2484 1136 Ponto
2510 1079 2779 1136 oriundus
2801 1080 3072 1150 hodieque
3091 1094 3285 1148 magna

1713 1173 1937 1227 humani
1972 1172 2190 1244 generis
2235 1171 2550 1234 calamitate
2588 1177 2858 1240 superest.
2909 1169 3112 1224 Fuerat
3155 1169 3285 1225 olim

1714 1262 1983 1318 Eustathii
2032 1263 2272 1334 episcopi
2300 1303 2315 1329 ,
2349 1261 2440 1332 qui
2471 1261 2658 1315 Ariani
2689 1261 2893 1316 erroris
2933 1261 3287 1332 insimulatus

1713 1361 1839 1418 cst,
1874 1354 2189 1425 presbyter;
2244 1352 2336 1424 qui
2377 1352 2523 1422 quod
2560 1353 2851 1422 episcopus
2905 1360 3124 1408 creatus
3175 1368 3288 1408 non

1714 1452 1880 1506 esset,
1900 1445 2067 1499 multa
2089 1443 2350 1500 adversus
2375 1443 2699 1498 catholicam
2719 1442 3012 1498 Ecclesiam
3036 1444 3288 1515 dogmata

1716 1544 2064 1591 commentus
2090 1543 2195 1602 est,
2227 1549 2313 1603 ac,
2351 1535 2497 1606 quod
2527 1534 2596 1590 ad
2626 1533 2785 1590 ﬁdem
2829 1534 3045 1598 attinet,
3072 1549 3290 1605 germa-

1717 1645 1824 1685 nus
1845 1628 1959 1682 Arii
1983 1635 2222 1684 sectator
2253 1636 2356 1684 est.
2389 1627 2495 1683 Sed
2525 1627 2762 1699 amplius
2792 1626 3048 1696 quiddam
3075 1626 3294 1698 proﬁte-

1718 1726 1844 1774 tur:
1879 1719 2182 1775 oblationes
2226 1733 2326 1789 pro
2376 1718 2610 1774 mortuis
2665 1733 2772 1773 non
2803 1732 2925 1774 esse
2975 1716 3293 1786 faciendas;

1718 1810 1928 1881 jejunia
1985 1817 2195 1882 quartae
2228 1809 2376 1865 ferite
2399 1849 2414 1876 ,
2453 1803 2876 1866 et'Parasceves
2900 1849 2915 1875 ,
2945 1825 3011 1865 ac
3048 1809 3296 1876 Quadra-

1723 1902 1988 1972 gesimaa,
2048 1916 2265 1957 necnon
2316 1908 2371 1956 et
2422 1899 2708 1956 Paschatis
2764 1901 3075 1966 interdicit;
3110 1916 3294 1956 rerum

1722 1992 1964 2047 (nnnium
1999 1992 2460 2048 renuntiationem
2492 1992 2784 2061 pradirat;
2815 1992 3061 2048 carnium
3096 2007 3160 2046 ac
3202 1991 3299 2049 de-

1724 2084 1973 2168 liciarum
2021 2084 2090 2138 ad
2128 2084 2296 2138 vitam
2348 2097 2510 2138 omne
2548 2097 2719 2153 genus
2766 2081 3006 2138 adhibet.
3045 2081 3201 2148 Quod
3249 2080 3298 2139 si

1723 2174 1850 2244 quis
1899 2179 2228 2230 sectatorum
2278 2186 2502 2227 suorum
2554 2170 2805 2241 jejunare
2849 2170 3015 2235 velit,
3059 2171 3301 2228 delinitil

1724 2267 1829 2321 hoc
1861 2265 2056 2322 diebus
2102 2264 2281 2320 facere
2315 2263 2568 2334 prohibet
2591 2301 2606 2326 ,
2643 2262 2738 2317 sed
2793 2263 3010 2331 quando
3055 2263 3298 2319 libuerit.

1725 2356 1914 2428 Neque
1941 2357 2110 2422 enim,
2139 2355 2340 2426 inquit,
2372 2354 2478 2425 legi
2522 2353 2804 2423 subjectus
2846 2369 2926 2410 es.
2970 2353 3301 2426 Episcopum

1728 2449 1887 2504 docet
1915 2448 2090 2502 nihilo
2129 2446 2562 2518 praestantiorem
2597 2460 2718 2502 esse
2749 2445 3090 2517 presbytero.

1801 2561 2031 2615 Aetiani.
2080 2558 2255 2630 llujus
2287 2557 2512 2614 δεῖ-θεῖε
2557 2556 2750 2614 Aetius
2799 2558 3020 2629 quidam
3053 2560 3306 2614 inventor

1730 2651 1970 2716 exstitit,
2001 2665 2199 2720 genere
2246 2648 2423 2712 Cilix,
2472 2648 2566 2719 qui
2627 2662 2657 2701 a
2691 2646 2923 2720 Georgio
2971 2648 3302 2702 Arianorum

1731 2741 1989 2812 episcopo
2026 2739 2292 2792 diaconus
2341 2735 2628 2790 ordinatus
2692 2743 2796 2790 est.
2849 2736 3142 2792 Anommos
3185 2735 3308 2790 illos

1734 2831 2044 2902 appellant;
2093 2828 2182 2882 alii
2214 2826 2586 2882 Eunomianos
2609 2864 2624 2889 ,
2672 2826 2742 2882 ab
2775 2825 3040 2880 Eunomio
3070 2823 3305 2894 quodam

1734 2921 1875 2976 Aetii
1915 2919 2206 2990 discipulo,
2237 2917 2332 2988 qui
2358 2917 2461 2972 hoc
2490 2926 2731 2986 tempore
2763 2923 3033 2986 superest.
3075 2913 3308 2969 Earum-

1737 3011 1860 3065 dem
1893 3009 2126 3080 partium
2156 3017 2275 3064 erat
2299 3017 2352 3063 et
2379 3006 2660 3062 Eudoxius
2687 3023 2702 3072 ;
2733 3004 2831 3062 sed
2855 3004 3166 3061 Constantii
3201 3005 3305 3058 im-

1737 3102 2008 3173 peratoris
2034 3108 2181 3156 metu
2210 3101 2280 3155 ab
2307 3098 2416 3155 illis
2459 3114 2519 3154 se
2553 3111 2847 3168 segregans
2873 3095 3092 3152 Aetium
3131 3095 3310 3151 solum

1741 3285 2106 3356 perseveravit
2133 3324 2148 3348 ,
2207 3282 2301 3338 sed
2361 3282 2575 3338 Aetium
2639 3280 2863 3336 minime
2923 3289 3144 3337 secutus
3207 3287 3310 3334 est.

1743 3375 1913 3431 Porro
1941 3375 2211 3440 Anommi,
2245 3375 2365 3430 sive
2387 3373 2602 3429 Aetiani
2637 3371 2937 3436 Christum,
2968 3379 3022 3427 et
3050 3371 3313 3441 Spiritum

1743 3477 1995 3526 sanctum
2030 3481 2060 3522 a
2102 3465 2216 3522 Deo
2256 3465 2505 3521 funditus
2547 3463 2782 3520 alienum
2820 3478 2944 3520 esse
2997 3462 3315 3534 praedicant,

1745 3572 1884 3625 quos
1911 3565 2126 3612 creatos
2155 3569 2278 3611 esse
2304 3595 2319 3619 ,
2350 3569 2529 3623 neque
2551 3552 2852 3624 quidquam
2881 3551 3081 3608 habere
3121 3551 3319 3606 simili-

1744 3648 1952 3703 tudinis
2011 3653 2287 3702 asserunt.
2335 3645 2545 3716 Quippe
2600 3643 2931 3714 syllogismis
2987 3641 3317 3713 quibusdam

1746 3738 2109 3795 Aristotelicis
2139 3753 2204 3793 ac
2251 3734 2598 3807 geometricis
2622 3733 2715 3790 Dei
2763 3743 3016 3788 naturam
3043 3733 3320 3803 explicare

1748 3830 2010 3894 student;
2049 3827 2350 3898 iisdemque
2390 3827 2620 3896 probare
2647 3823 2928 3880 Christum
2963 3839 2995 3879 a
3037 3823 3154 3880 Deo
3185 3823 3320 3878 oriri

1747 3923 1913 3994 810
1949 3935 2056 3976 non
2097 3936 2276 3991 posse.
2306 3917 2633 3974 Eunomiani
2664 3931 2796 3972 vero
2829 3916 2898 3972 ab
2931 3914 3053 3985 ipso
3083 3913 3313 3985 profecti

1749 4030 1941 4069 omnes
1967 4053 1982 4077 .
2019 4014 2112 4084 qui
2143 4013 2209 4068 ad
2242 4029 2300 4068 se
2320 4012 2583 4076 veniunt,
2626 4011 2824 4067 iterato
2856 4007 3138 4078 baptizant
3159 4048 3176 4073 ,
3211 4021 3320 4060 no

1750 4101 2064 4156 Catholicos
2093 4101 2300 4165 solum,
2333 4098 2425 4154 sed
2462 4099 2545 4152 vel
2588 4097 2824 4152 Ariauos
2851 4097 3040 4166 ipsos;
3070 4092 3234 4163 idque
3258 4105 3325 4147 eo

1752 4193 1915 4248 modo
1941 4232 1956 4256 ,
2011 4200 2074 4246 ut
2109 4191 2338 4262 pedibus
2390 4190 2446 4246 iu
2483 4191 2685 4245 coelum
2721 4186 3003 4243 conversis
3053 4186 3110 4240 in
3161 4190 3328 4254 caput

1754 4285 1878 4339 illos
1912 4283 2214 4354 intingant,
2242 4281 2393 4352 quod:
2435 4281 2503 4337 de
2536 4279 2646 4336 illis
2673 4276 3005 4350 percrebuit.
3040 4273 3325 4345 Stuprum,

1756 4379 1850 4426 aut
1875 4371 2022 4426 aliud
2069 4370 2352 4440 quodlibet
2395 4376 2680 4439 peccatum
2713 4365 2850 4421 nihil
2881 4379 3005 4422 esse
3033 4363 3324 4430 dictitant;

1758 4479 1933 4535 neque
1960 4461 2105 4518 enim
2149 4462 2320 4517 Deum
2349 4461 2497 4516 aliud
2535 4473 2782 4529 quaerere
2804 4497 2820 4523 ,
2851 4471 3016 4528 quam
3066 4461 3132 4511 ut
3171 4455 3227 4510 in
3261 4467 3328 4511 ea

1686 4549 1735 4610 Ι)
1761 4554 1895 4617 sola,
1925 4569 2088 4624 quam
2128 4553 2232 4626 ipsi
2261 4553 2582 4624 praedicant,
2621 4551 2724 4608 [ide
2753 4553 3152 4621 perseveretur.

1831 4667 1926 4724 Hae
1960 4676 2088 4725 sunt
2121 4667 2356 4725 haereses
2405 4667 2511 4723 illae
2556 4673 2763 4736 septem
2791 4705 2808 4732 ,
2835 4676 2974 4736 quas
3013 4669 3202 4721 sexus
3229 4659 3332 4716 iste

1761 4759 1888 4816 libri
1928 4759 2075 4816 tertii
2105 4769 2291 4818 tomus
2327 4757 2730 4831 complectitur.
