3826 6206
137 361 220 418 5ίί
745 359 1113 418 ADVERSUS
1151 361 1495 456 HIERESES
1532 363 1658 420 LlB.

1783 403 1792 419 .
1839 357 2000 416 TOM.
2045 361 2086 418 Ι.
2125 392 2191 405 -
2235 357 2508 416 ιιιειιεε.
2547 357 2709 416 LXX.

3249 359 3358 419 342

193 478 258 528 B’.
275 473 539 547 Μετὰγὰρ
564 475 657 530 τοῦ
680 477 962 550 ὁμολογεῖν
989 481 1118 552 περὶ
1152 481 1362 556 Πατρὸς
1398 485 1491 538 καὶ
1518 485 1668 550 Υἰοῦ,

1852 482 1918 535 ll.
1953 479 2098 550 Ergo
2144 489 2197 534 et
2255 479 2323 534 de
2375 477 2568 542 Patre,
2621 476 2759 532 Filio
2803 493 2866 531 ac
2920 477 3126 548 Spiritu
3163 489 3356 534 sancto

134 566 214 622 ιαί
237 563 384 632 ἀγίου
400 564 709 636 Πνεύματος
729 567 1074 638 θαυμαστῶς,
1108 572 1180 636 ὡς
1210 573 1322 643 ἔχει
1345 576 1378 646 ή
1418 575 1677 646 καθολικὴ

145 655 436 728 Ἐκκλησία,
477 657 864 728 ὁρθοδοξότατά
913 671 974 714 τε
1005 663 1316 731 φυλάττειν,
1353 667 1423 720 τά
1451 685 1511 720 τε
1545 668 1680 722 ἄλλα

134 748 287 801 πάντα
335 747 424 800 τοῦ
475 747 592 818 βίου
623 748 930 821 θαυμαστά.
971 755 1104 819 Ταῖς
1147 756 1256 828 γὰρ
1301 758 1458 819 ἰδίαις
1491 759 1678 830 χερσὶν

133 835 486 908 ἐργαζόμενος,
516 840 678 905 αὐτός
712 860 769 896 τε
797 845 889 898 καὶ
919 845 970 899 οἱ
997 847 1088 901 ὑπ’
1119 849 1282 903 αὐτὸν
1297 849 1582 905 ἐπίσκοποί
1619 869 1676 906 τε

135 929 214 980 καί
236 928 281 980 οξ
306 928 679 1000 πρεσϐύτεροι,
699 934 792 988 καὶ
828 934 877 987 οἰ
911 935 1086 989 λοιποὶ
1135 937 1335 1002 πάντες
1365 939 1677 1012 διατρέφον-

132 1035 227 1072 ται.
261 1017 588 1092 ’Ύστερονδὲ
621 1025 760 1094 μετά
787 1025 851 1079 τὸ
875 1026 1676 1100 ὲξεωσθῆναιτῆςἘκκλησίας,

132 1108 225 1162 ἀπὸ
248 1107 400 1161 ἄλλου
428 1110 746 1174 ἐπισκόπου,
770 1112 840 1166 τὰ
863 1113 1003 1168 αὐτά
1025 1115 1378 1186 συζητοῦντος
1428 1117 1522 1170 καὶ
1547 1119 1680 1171 ἀνα-

133 1199 456 1269 χωρήσαντος
505 1201 603 1271 τῆς
675 1203 1028 1275 Ἐκκλησίας,
1084 1209 1501 1284 χειροτονεῖται.
1521 1201 1678 1272 οὗτος

133 1290 420 1353 ἐπίσκοπος,
455 1293 584 1364 περὶ
618 1288 678 1347 οὗ
711 1296 724 1324 ¹
769 1295 1116 1368 ἐπελαθόμην
1148 1298 1344 1366 λέγειν,
1381 1300 1677 1374 ἐπειδήπερ

133 1383 183 1435 ἐν
205 1381 524 1452 παρεκϐάσει
543 1384 865 1456 γεγένημαι,
891 1385 1046 1452 αὖθις
1069 1389 1424 1444 ἐπαναλαϐὼν
1450 1391 1678 1462 διέξειμι

131 1471 216 1541 τὴν
231 1471 496 1542 ὑφήγησιν
515 1491 529 1504 ο
569 1477 713 1546 φημὶ
766 1476 822 1530 δέ
863 1480 991 1548 περὶ
1005 1479 1106 1549 τῆς
1137 1480 1212 1544 ὠς
1245 1482 1337 1533 ἐπὶ
1363 1482 1424 1536 τὸ
1451 1483 1678 1555 σκληρό-

133 1578 271 1616 τατον
315 1562 406 1615 καὶ
457 1563 741 1630 ἰδιωτικὸν,
788 1567 880 1619 καί
913 1567 1215 1636 φιλόνεικον
1250 1572 1349 1640 τῆς
1376 1573 1505 1642 παρ’
1529 1572 1679 1643 αὐτῷ

135 1651 370 1723 ᾲὸομένης
395 1651 594 1719 λέξεως
620 1653 727 1707 ἀπὸ
746 1654 847 1725 τῆς
877 1655 1027 1720 θείας
1054 1657 1294 1729 Γραφῆς.
1321 1659 1394 1713 Τὸ
1418 1661 1526 1732 γάρ
1549 1662 1677 1716 κατ’

133 1746 310 1798 εἰκόνα
333 1738 489 1808 οὗτος
531 1746 626 1799 καὶ
656 1747 706 1799 οἱ
733 1749 851 1817 μετ’
895 1748 1082 1814 αὐτοῦ,
1115 1751 1253 1822 ὅπερ
1283 1753 1312 1806 ὁ
1351 1751 1484 1817 Θεὸς
1513 1752 1678 1807 δεδώ-

1783 570 2047 639 przeclare
2087 575 2142 623 et
2173 583 2239 623 ex
2293 566 2548 621 Ecclesiae
2575 565 2858 619 catholica:
2887 565 3201 635 praescripto
3232 582 3356 622 sen-

1781 660 1962 723 tiunt;
1992 674 2092 714 nec
2139 667 2510 713 transversum
2553 657 2622 711 ab
2644 671 2710 711 eo
2753 671 2986 725 unguem
3019 656 3351 723 deﬂectunt;

1778 759 1839 807 et
1890 759 1975 807 est
2027 751 2294 821 reliquum
2353 749 2476 803 vita:
2508 748 2617 804 illis
2663 747 2972 803 institutum
3005 761 3137 802 sane
3185 763 3350 816 quam

1779 841 2059 911 egregium
2098 849 2152 896 et
2183 838 2584 902 admirandum,
2617 837 2753 894 adeo
2785 845 2842 891 ut
2869 851 2975 892 non
3023 837 3140 907 ipse
3169 837 3350 901 modo.

1779 931 1879 985 sed
1909 938 1964 985 et
1987 929 2080 1001 qui
2127 930 2204 984 illi
2236 929 2582 984 adhaeserunt
2617 929 2889 998 episcopi,
2933 927 3235 998 presbyteri
3291 942 3355 983 ac

1779 1020 1978 1092 reliqui
2005 1036 2196 1078 omnes
2223 1020 2292 1076 de
2325 1035 2586 1076 manuum
2613 1034 2836 1076 suarum
2875 1019 3059 1074 labore
3087 1019 3352 1074 victitent.

1778 1109 2147 1182 Posteaquam
2190 1127 2320 1168 vero
2373 1113 2444 1168 ab
2473 1111 2718 1167 Ecclesia
2749 1111 2942 1180 pulsus
2985 1118 3070 1165 est
3093 1151 3108 1174 ,
3145 1109 3214 1164 ab
3242 1111 3358 1182 epi-

1779 1219 1952 1274 scopo
1989 1205 2284 1272 quodam,’
2317 1207 2408 1276 qui
2464 1207 2534 1262 ob
2587 1205 2806 1262 easdem
2857 1206 3238 1260 contentiones
3289 1206 3359 1262 ab

1782 1294 2028 1351 Ecclesia
2054 1305 2378 1362 recesserat,
2408 1299 2697 1368 episc0pus
2721 1297 3006 1352 ordinatus
3028 1304 3131 1351 est.
3157 1295 3356 1351 Verum

1781 1393 1844 1440 ιιι
1878 1387 1946 1440 ab
1979 1386 2081 1441 hoc
2119 1387 2442 1442 diverticulo
2481 1388 2548 1442 ad
2589 1388 2720 1441 illud
2772 1387 3119 1441 tractandum
3150 1401 3237 1442 me
3275 1401 3361 1442 re-

1779 1475 1976 1542 feram,
2017 1477 2162 1546 quod
2193 1493 2342 1532 eram
2380 1493 2696 1548 aggressus,
2728 1476 3013 1532 sciemlum
3051 1485 3136 1532 est
3167 1490 3367 1546 quamn

1777 1567 1905 1622 dam
1943 1569 2065 1624 illos
2101 1567 2398 1639 Scriptum
2432 1583 2616 1624 vocem
2658 1567 2879 1623 duriore
2911 1567 3145 1638 quodam
3175 1576 3229 1623 et
3255 1567 3362 1622 im-

1777 1657 2042 1729 peritiore
2087 1659 2268 1720 modo.
2314 1666 2370 1714 et
2416 1674 2546 1716 vero
2595 1658 2929 1730 pertinacius
2983 1659 3356 1729 interpretari.

1778 1748 1946 1822 813
1980 1746 2114 1802 Nam
2136 1747 2283 1819 quod
2313 1748 2382 1802 ad
2425 1749 2708 1820 imaginem
2753 1747 2848 1804 Dei
2875 1756 3090 1804 creatus
3117 1748 3362 1806 Adamus

135 1850 273 1904 ρηται
308 1833 384 1904 τῷ
423 1835 614 1905 Ἀδὰμ,
668 1837 984 1909 ἀποκρότως
1029 1837 1276 1907 βούλεται
1312 1842 1511 1914 ὁρίζειν
1539 1838 1678 1899 εἶναι

1783 1841 1987 1894 dicitur
2010 1879 2026 1904 ,
2073 1844 2360 1911 praefracte
2393 1841 2473 1896 illi
2524 1840 2869 1897 referendum
2912 1841 2980 1895 ad
3009 1855 3208 1911 corpus
3237 1842 3354 1897 exi-

132 1925 270 1978 τοῦτο
313 1925 684 1998 πληρούμενον
738 1928 880 1983 κατά
924 1929 986 1982 τὸ
1012 1930 1198 2001 σῶμα·
1251 1932 1358 1985 ἀπὸ
1385 1933 1480 1986 τοῦ
1520 1933 1679 2004 δῆθεν

132 2015 396 2086 λεγομένου
445 2017 610 2088 ῥητοῦ
660 2017 776 2084 τοῦ,
822 2019 1172 2089 Ποιήσωμεν
1203 2021 1516 2090 ἄνθρωπον
1551 2026 1678 2078 κατ’

131 2108 311 2161 εἰκόνα
338 2107 636 2176 ἡμετέραν
657 2109 757 2162 καί
774 2110 903 2164 καθ’
935 2111 1243 2178 ὁμοίωσιν.
1274 2113 1384 2166 Καὶ
1412 2109 1531 2168 εἶτα
1555 2115 1678 2168 ἐπι-

133 2197 454 2270 φέρειλέγων
497 2200 526 2252 ὁ
563 2198 704 2262 θεῖος
735 2197 914 2267 λόγος,
951 2200 1034 2254 ὃτι
1078 2201 1174 2254 καὶ
1197 2202 1445 2274 ἐποίησεν
1482 2205 1511 2256 ὁ
1549 2203 1680 2268 Θεὸς

133 2289 210 2341 τὸν
246 2288 544 2358 ἄνθρωπον,
587 2288 715 2358 χοῦν
768 2287 950 2344 λαϐὼν
981 2290 1089 2344 ἀπὸ
1120 2291 1218 2364 τῆς
1259 2295 1380 2364 γῆς.
1435 2295 1676 2366 Ἐπειδὴ,

135 2379 294 2449 φησὶν,
321 2374 476 2433 εἶπεν
501 2378 784 2450 ἄνθρωπον
808 2380 916 2434 ἀπὸ
942 2381 1041 2452 τῆς
1071 2385 1193 2453 γῆς,
1223 2384 1344 2453 ὅρα,
1373 2384 1456 2438 ὅτι
1487 2385 1680 2455 ἀληθέ-

137 2489 281 2524 στατα
303 2471 420 2524 ὅλον
448 2470 514 2524 τὸ
547 2471 726 2542 χοῖκὸν
771 2466 923 2524 εἶπεν
967 2471 1270 2544 ἄνθρωπον,
1312 2475 1419 2545 ἀρα
1450 2491 1510 2527 τε
1550 2473 1682 2528 αὐτὸ

133 2562 184 2616 τὸ
209 2561 376 2632 χοῐκὸν
413 2561 709 2632 προέλεγεν
737 2560 956 2615 ἔσεσθαι
989 2563 1108 2616 κατ’
1145 2563 1328 2616 εἰκόνα
1379 2563 1534 2616 Θεοῦ.
1573 2563 1680 2616 Καί

133 2655 234 2707 ἐστι
272 2651 424 2707 τοῦτο
478 2655 799 2725 ἀπόκροτον,
840 2654 915 2717 ὡς
954 2653 1111 2726 ἔφην,
1155 2655 1248 2707 καὶ
1290 2655 1571 2718 ἰδιωτικὸν,
1621 2656 1681 2708 τὸ

134 2745 376 2816 ὁρίζεσθαι
399 2747 688 2819 ἄνθρωπον
720 2749 778 2801 ἐν
811 2748 948 2818 ποίῳ
991 2748 1145 2819 μέρει
1172 2748 1429 2802 τέτακται
1457 2748 1551 2802 τοῦ
1583 2751 1679 2803 ἀν-

136 2835 326 2908 θρώπου
353 2835 411 2888 τὸ
439 2836 564 2889 κατ’
587 2836 803 2890 εἰκόναο
839 2837 888 2889 εἰ
911 2837 1019 2908 χρὴ
1045 2835 1181 2900 ὅλως
1203 2837 1367 2909 μέρος
1393 2837 1570 2907 λέγειν
1594 2838 1680 2892 διὰ

135 2927 192 2980 τὰ
216 2926 370 2981 πολλά
407 2926 477 2980 τά
506 2927 896 2981 ἀντιπίπτοντα
922 2931 990 2999 τῇ
1032 2927 1140 2981 τῶν
1174 2928 1476 3000 ἀνθρώπων
1501 2929 1680 3000 ἐννοίᾳ

137 3017 257 3070 κατά
274 3017 328 3070 τὸ
355 3019 508 3089 ρἧα
533 3017 715 3083 τοῦτο,
741 3018 834 3072 καί⁸
877 3018 1067 3089 ἔχοντα
1098 3019 1424 3090 ζητημάτων
1451 3019 1678 3090 πληθύν.

137 3111 196 3162 Ἦ
210 3110 306 3180 γὰρ
336 3111 650 3182 ποιήσωμεν
673 3111 762 3164 τὸν
773 3111 905 3165 Θεὸν
926 3112 1118 3183 ὁρατόν
1141 3129 1200 3164 τε
1226 3113 1318 3166 καὶ
1349 3113 1678 3183 σωματικὸν,

136 3202 267 3270 εἰπερ
288 3203 342 3252 ἐν
361 3200 575 3272 σώματι
591 3203 650 3256 τὸ
673 3204 788 3256 κατ’
811 3201 992 3256 εἰκόνα
1006 3201 1304 3275 πληροῦται
1331 3204 1676 3274 σωματικῶς,

137 3288 214 3341 καὶ
258 3291 758 3363 ἐσχηματισμένως,
783 3291 816 3362 ἢ
852 3292 1136 3360 ἄνθρωπον
1161 3293 1236 3364 τῷ
1257 3293 1374 3364 Θεῷ
1401 3294 1682 3366 ἐξισούμε-

135 3397 209 3431 νον
243 3379 391 3434 τοῦτο
443 3382 764 3451 φάσκοντες.
795 3383 886 3436 Διὸ
919 3384 979 3437 οὐ
1013 3385 1116 3456 χρὴ
1159 3386 1375 3448 πάντως
1401 3386 1608 3456 ,ὁρίζειν
1645 3387 1678 3457 ἢ

135 3472 550 3545 διισχυρίζεσθαι,
577 3477 634 3528 ἐν
663 3476 802 3546 ποίῳ
833 3476 989 3548 μέρει
1012 3477 1071 3531 τὸ
1091 3479 1210 3530 κατ’
1240 3477 1421 3531 εἰκόνα
1446 3478 1683 3550 πληροῦ-

135 3566 356 3628 ται,ἀλλ’
403 3566 688 3637 ὁμολογεῖν
723 3568 822 3637 μὲν
860 3567 920 3620 τὸ
957 3570 1076 3620 κατ’
1117 3569 1299 3623 εἰκόνα
1347 3565 1486 3623 εἶναι
1519 3571 1577 3623 ἐν
1604 3569 1682 3641 τῷ

137 3656 394 3728 ἀνθρώπῳ,
419 3659 508 3712 ἵνα
533 3657 610 3729 μὴ
640 3658 738 3730 τὴν
767 3659 925 3730 χάριν
949 3658 1042 3712 τοῦ
1060 3660 1193 3714 Θεοῦ
1216 3659 1568 3731 ἀθετήσωμεν
1586 3661 1682 3713 καὶ

136 3749 500 3820 ἀπιστήσωμεν
527 3750 666 3821 Θεῷ.
694 3751 832 3804 Ὅσα
863 3751 962 3822 μὲν
997 3752 1106 3822 γὰρ
1120 3752 1263 3821 λέγει
1290 3755 1317 3806 ὁ
1341 3749 1491 3816 Θεὸς,
1509 3751 1679 3806 ταῦτα

135 3835 284 3908 ἀληθῆ
299 3839 577 3910 τυγχάνει,
593 3842 642 3892 εἰ
658 3840 751 3893 καὶ
769 3839 994 3910 ἐξέφυγε
1016 3841 1112 3913 τὴν
1129 3843 1282 3913 ήμῶν
1300 3842 1502 3896 ἔννοιαν
1513 3844 1570 3896 ὲν
1581 3842 1684 3896 όλίο

138 3945 234 3994 γοις
251 3929 442 3999 λόγοις.
478 3929 845 4002 ’Δρνήσασθαι
867 3927 960 3986 οῦν
992 3933 1149 3986 τοῦτο
1173 3933 1234 3987 τὸ
1262 3936 1382 3988 κατ’
1411 3936 1592 3990 εἰκόνα
1619 3937 1678 3990 06

138 4021 318 4084 πιστὸν,
350 4020 471 4074 οὔτε
495 4021 596 4091 τῆς
626 4021 785 4089 ἁγίας
799 4021 892 4075 τοῦ
916 4022 1049 4076 Θεοῦ
1065 4022 1408 4093 Ἑκκλησίας.
1428 4027 1546 4079 Ἔτι
1572 4027 1680 4098 γὰρ

139 4112 226 4174 πᾶς
260 4112 541 4184 ἄνθρωπος
594 4111 780 4181 σαφῶς
829 4113 948 4166 κατ’
989 4113 1192 4179 εἰκόνα,
1239 4115 1332 4168 καὶ
1368 4116 1542 4181 οὐδεὶς
1574 4118 1681 4172 τῶν

136 4203 337 4272 ἐχόντων
397 4206 476 4268 εἰς
515 4203 647 4258 Θεὸν
696 4202 795 4274 τὴν
831 4203 1022 4258 ἐλπίδα
1058 4204 1384 4276 ἀρνήσεταιο
1417 4208 1464 4260 εἰ
1517 4207 1592 4279 μὴ
1617 4209 1681 4262 ἀν

137 4311 256 4360 τινες
297 4297 506 4360 ἑαυτοῖς
564 4295 764 4367 μύθους
813 4295 1123 4349 πλάσσωσιν
1169 4296 1552 4368 ἐκϐαλλόμενοι
1583 4301 1681 4369 τῆς

148 4387 441 4458 Ἐκκλησίας
487 4389 583 4442 καὶ
625 4387 726 4457 τῆς
768 4387 876 4439 τῶν
909 4385 1158 4457 πατέρων
1193 4387 1256 4440 ἐκ
1287 4389 1588 4460 προφητῶν
1619 4406 1679 4442 τε

1781 1929 2024 1984 stimant.
2059 1929 2194 1985 Cum
2225 1931 2369 1986 enim
2421 1931 2686 2001 scriptum
2727 1933 2836 1986 sit:
2872 1931 3156 1985 Faciamus
3187 1932 3356 1986 homi-

1781 2037 1897 2074 nem
1932 2022 2000 2075 ad
2022 2023 2301 2093 imaginem
2327 2034 2563 2076 nostram
2591 2031 2641 2088 et
2670 2022 3065 2078 similitudinem
3094 2027 3137 2087 ’,
3170 2024 3354 2079 statim

1781 2111 1916 2166 illud
1971 2112 2302 2183 subjicitur,
2358 2112 2526 2169 Deum
2577 2121 2794 2184 sumpto
2839 2113 2906 2174 de
2957 2124 3097 2168 terra
3137 2115 3358 2183 pulvere

1781 2201 2056 2258 hominem
2111 2202 2407 2259 fabricasse
2438 2204 2479 2258 ³.
2547 2203 2686 2259 Cum
2744 2204 2908 2274 igitur
2960 2204 3234 2258 hominem
3291 2203 3360 2258 de

1782 2304 1929 2349 terra
1980 2295 2271 2350 formatum
2305 2305 2554 2361 asserat,
2594 2297 2742 2352 vides
2780 2305 2952 2350 totum
2984 2297 3115 2352 illud
3148 2312 3178 2351 e
3211 2305 3356 2352 terra

1780 2385 2075 2441 conﬂatum
2115 2387 2398 2442 verissime
2436 2388 2710 2442 hominem
2752 2387 2959 2442 vocari.
3004 2386 3078 2442 Ex
3121 2402 3228 2458 quo
3266 2403 3356 2444 se-

1781 2477 1970 2547 quitur
1995 2477 2063 2532 de
2113 2488 2331 2533 terreno
2357 2479 2451 2532 illo
2487 2478 2844 2549 praedictum,
2875 2477 2990 2533 fore
3021 2486 3078 2532 ut
3119 2477 3185 2532 ad
3220 2479 3358 2534 ima-

1781 2571 1963 2641 ginem
1999 2568 2090 2624 Dei
2130 2569 2474 2626 conderetur.
2512 2569 2712 2625 Verum
2771 2577 2856 2626 est
2888 2570 3018 2624 illud
3047 2612 3060 2632 ,
3099 2571 3178 2624 uti
3219 2570 3356 2637 dixi,

1784 2659 1947 2728 ρ-ιυιο
1971 2660 2162 2714 durius
2185 2699 2200 2723 ,
2233 2675 2296 2715 ac
2325 2661 2629 2730 simplicius
2649 2699 2662 2724 ,
2694 2661 2921 2716 delinire
2954 2661 3226 2716 hominem
3257 2677 3358 2715 au-

1783 2745 1952 2807 dere,
2003 2761 2238 2815 quanam
2291 2747 2344 2800 in
2393 2748 2629 2804 hominis
2663 2755 2816 2817 parte
2864 2749 2934 2804 sit
2983 2750 3235 2819 imaginis
3268 2751 3357 2804 illa

1784 2836 2084 2891 constituta
2110 2837 2252 2892 ratio
2277 2854 2292 2904 ;
2319 2839 2365 2893 si
2395 2845 2573 2893 tamen
2605 2839 2968 2909 appellatione
2997 2839 3167 2910 partis
3203 2834 3358 2896 uteri-

1784 2926 1914 2980 dum
1947 2934 2067 2991 est,
2107 2943 2173 2984 eo
2216 2928 2361 3000 quod
2394 2930 2639 3000 plerique
2660 2968 2675 2994 ,
2725 2929 2870 3000 quod
2901 2929 2966 2984 ad
2995 2930 3137 2984 hanc
3171 2945 3358 2988 vocem

1785 3019 2011 3083 attinet,
2045 3018 2327 3075 hominum
2359 3008 2728 3091 intelligentiae
2774 3019 3036 3092 refragari
3083 3021 3360 3085 videntur,

1789 3124 1854 3164 ac
1881 3110 2046 3165 variis
2069 3111 2462 3180 quaestionibus
2499 3112 2788 3182 implicari.
2820 3111 2952 3166 Nam
2982 3122 3075 3166 aut
3109 3122 3356 3182 aspecta-

1785 3200 1946 3256 bilem
1971 3200 2138 3256 Deum
2168 3201 2432 3258 faciemus
2464 3218 2528 3257 ac
2561 3217 2918 3272 corporeum,
2953 3210 2998 3258 si
3027 3206 3081 3258 in
3126 3220 3357 3275 corpore

1784 3298 1973 3345 nostro
2025 3305 2289 3362 corporea
2345 3293 2569 3362 perinde
2602 3293 2816 3349 ratione
2868 3309 2931 3348 ac
2964 3293 3132 3364 figura
3169 3295 3356 3351 istius-

1783 3382 1929 3437 modi
1983 3374 2272 3452 imaginem
2325 3382 2700 3438 collocandam
2752 3389 3028 3452 putemus.
3075 3383 3184 3437 Aut
3229 3399 3355 3438 cum

1782 3474 1892 3528 Deo
1921 3474 2197 3529 hominem
2231 3473 2642 3544 adaequabimus
2669 3515 2684 3539 ,
2720 3474 2765 3528 si
2799 3473 2914 3528 haec
2941 3489 3188 3530 asserere
3219 3472 3356 3528 veli-

1782 3580 1926 3619 mus.
1973 3563 2152 3628 Quare
2197 3578 2305 3618 non
2351 3571 2436 3619 est
2492 3564 2602 3616 ullo
2640 3562 2802 3616 modo
2847 3561 3210 3616 deﬁniendum
3261 3569 3357 3618 aut

1783 3655 2180 3720 aﬂirmandum,
2209 3668 2446 3725 quanam
2478 3654 2531 3708 in
2559 3662 2713 3723 parte
2737 3653 2915 3723 imago
2947 3653 3037 3726 illa
3063 3652 3354 3710 consistat.

1786 3731 1892 3800 Sed
1924 3747 2105 3801 inesse
2154 3744 2373 3814 quidem
2427 3743 2484 3798 in
2542 3742 2762 3798 homine
2799 3741 3022 3797 omnino
3075 3740 3355 3797 fatendum

1781 3843 1899 3900 est,
1949 3851 2019 3890 ne
2069 3834 2310 3889 divinum
2348 3832 2672 3889 beneficium
2713 3833 2970 3888 tollamus
3000 3848 3031 3887 e
3060 3833 3236 3888 medio
3291 3847 3367 3888 ac-

1784 3925 1877 3982 Dei
1935 3926 2250 3980 auctoritati
2299 3924 2625 3980 diuidamus.
2682 3923 3032 3993 Quaecunque
3081 3924 3226 3979 enim
3265 3924 3356 3980 ille

1745 4048 1749 4052 -
1781 4018 1935 4085 dicit,
1972 4018 2130 4088 plane
2158 4032 2283 4073 vera
2322 4025 2487 4081 sunt,
2516 4016 2734 4072 tametsi
2767 4014 3045 4071 nonnullae
3073 4015 3361 4071 sententize

1783 4111 1914 4175 sint,
1948 4124 2070 4179 quae
2097 4108 2268 4164 aciem
2311 4116 2514 4163 nostrae
2535 4107 2733 4164 mentis
2763 4105 3040 4178 etl‘ugiant.
3082 4106 3366 4175 Quocirca.

1784 4215 1982 4272 negare
2007 4199 2230 4255 omnino
2259 4199 2326 4254 ad
2361 4199 2652 4270 imaginem
2684 4199 2778 4254 Dei
2809 4214 3130 4269 expressum
3179 4198 3370 4253 homi-.

1783 4307 1907 4346 nem
1932 4331 1948 4356 ,
1978 4306 2008 4344 a
2043 4290 2145 4346 fide
2172 4291 2444 4345 catholica
2475 4299 2529 4346 et
2567 4289 2809 4345 Ecclesia
2848 4290 2942 4345 Dei
2972 4289 3210 4346 alienum
3245 4297 3350 4346 est.

1784 4381 2062 4451 Siquidem
2111 4380 2360 4436 homines
2399 4395 2592 4436 omnes
2622 4379 2691 4435 ad
2717 4379 2864 4435 illius
2900 4379 3188 4450 imaginem
3215 4393 3352 4437 εοιιτ-

139 4478 216 4532 καὶ
238 4480 391 4550 νόμου
417 4480 515 4534 καὶ
562 4476 875 4534 ἀποστόλων
917 4476 1010 4530 καὶ
1049 4476 1446 4546 εὐαγγελιστῶν
1505 4497 1678 4550 παρα-

1784 4476 1883 4531 diti
1935 4483 2098 4544 sunt;
2132 4490 2233 4531 nec
2274 4475 2418 4530 ullus
2463 4473 2556 4545 qui
2603 4473 2821 4545 quidem
2874 4473 2928 4526 in
2962 4472 3131 4526 Deum
3173 4481 3365 4543 speret.

137 4567 324 4634 ὅπως.

1791 4568 2022 4626 inﬁciari
2057 4565 2201 4624 istud
2237 4571 2436 4637 potest,
2461 4565 2566 4619 nisi
2593 4563 2639 4622 si
2668 4563 2762 4634 qui
2801 4562 2941 4617 forte
2969 4561 3100 4625 sint,
3124 4561 3218 4631 qui
3249 4561 3351 4616 sibi

142 4658 321 4716 fabulas
349 4660 684 4732 confingant,
711 4667 766 4713 et
788 4667 896 4712 tam
929 4658 996 4713 ab
1025 4655 1269 4712 Ecclesia
1317 4675 1482 4730 quam
1511 4662 1580 4717 ab
1607 4677 1670 4718 ea
1705 4662 1954 4718 doctrina
1983 4661 2093 4716 sint
2129 4657 2380 4723 exclusi,
2420 4670 2542 4727 quae
2609 4669 2641 4709 a
2680 4652 2982 4726 majoribus
3026 4652 3233 4708 nostris
3287 4668 3364 4708 ex.

142 4754 511 4822 prophetarum,
549 4753 702 4824 legis,
725 4756 1094 4824 apostolorum
1117 4764 1169 4808 et
1215 4758 1671 4828 evangelistarum
1707 4767 1794 4814 est
1821 4755 2146 4811 auctoritate
2176 4753 2396 4808 tradita.

195 4848 259 4903 Γ.
304 4841 462 4904 Ὥστε
510 4848 607 4904 οὖν
652 4851 848 4904 ἐκεῖνοι
869 4891 886 4916 ,
937 4853 1365 4926 φιλονεικότερον
1409 4855 1467 4907 ἐν
1506 4852 1681 4924 τούτῳ

141 4936 454 5009 διακείμενοι,
481 4940 642 5003 ἐκτὸς
680 4940 774 4993 καὶ
809 4941 963 4995 αὐτοὶ
1003 4943 1245 5014 βαίνουσι
1280 4946 1377 5016 τῆς
1410 4945 1551 4998 κατά
1580 4944 1678 5009 τὴν

144 5026 562 5102 ἐκκλησιαστικὴν
591 5031 845 5086 ὑπόθεσιν
871 5034 1242 5105 παραδόσεως,
1269 5035 1366 5106 τῆς
1390 5033 1678 5090 πιστευού-

145 5135 225 5189 σης
248 5123 355 5176 κατ’
377 5122 563 5176 εἰκόνα
588 5122 687 5194 μὲν
707 5116 845 5177 εἶναι
885 5125 1061 5179 πάντα
1095 5126 1401 5199 ἄνθρωπον,
1447 5126 1522 5197 μὴ
1563 5125 1676 5196 ὁρί-

144 5209 234 5275 ζειν
257 5214 308 5268 δὲ
337 5217 392 5269 ἐν
421 5215 562 5287 ποίῳ
587 5217 843 5272 τέτακται
874 5216 936 5270 τὸ
974 5219 1094 5272 κατ’
1122 5219 1324 5283 εἰκόνα,
1360 5219 1498 5289 μήτε
1528 5217 1679 5288 ἐχόν-

143 5318 230 5356 των
275 5307 374 5361 τῶν
420 5307 678 5379 μυθωδῶς
733 5308 861 5378 περὶ
917 5308 1122 5362 τούτων
1182 5307 1674 5380 διαλαμϐανόντων,

145 5387 222 5447 εἰτ’
250 5393 332 5450 06v
360 5400 724 5470 ἀρνουμένων,
759 5399 946 5467 δεῖξαι.
984 5402 1047 5454 Oi
1077 5402 1173 5472 μὲν
1202 5402 1311 5472 γὰρ
1342 5401 1588 5470 λέγουσιν
1619 5402 1676 5454 ἐν

145 5490 196 5557 τῇ
223 5486 349 5562 ψυχῇ
385 5491 722 5562 πληροῦσθαι
765 5492 825 5545 τὸ
870 5493 986 5546 κατ’
1016 5493 1218 5558 εἰκόνα,
1264 5491 1573 5564 νομίζοντες
1616 5491 1677 5544 τὸ

147 5579 262 5633 κατά
311 5582 401 5654 τὴν
450 5584 629 5654 σάρκα
695 5583 850 5654 μόνον
911 5583 1324 5652 συλλογίσασθαι
1383 5583 1672 5638 δύνασθαισ

207 5738 218 5767 ¹
249 5737 303 5794 1".
336 5742 458 5813 περί
490 5740 549 5796 δὲ
579 5731 662 5795 06.
742 5743 761 5771 ²
800 5741 935 5797 Gen.
971 5757 1011 5808 ι,
1045 5741 1133 5798 26.
1213 5742 1232 5772 ³
1267 5739 1399 5797 Gen.
1436 5758 1496 5806 ιι,
1529 5741 1578 5795 7.

1852 4850 1940 4909 Ill.
1993 4849 2148 4906 Unde
2199 4863 2324 4904 cum
2368 4848 2421 4902 in
2472 4847 2571 4902 hac
2612 4851 2765 4916 parte
2800 4844 3027 4914 majore,
3059 4859 3220 4914 quam
3256 4858 3352 4914 par

1777 4944 1870 5011 sit,
1898 4940 2268 4998 contentionis
2306 4937 2487 4995 studio
2534 4938 2824 5000 ducantur,
2866 4934 2935 4989 ab
2983 4933 3361 4990 ecclesiastica

1780 5031 2071 5087 traditione
2112 5044 2177 5086 ac
2214 5029 2460 5085 doctrina
2501 5026 2780 5086 recedunt.
2821 5023 2952 5093 Quae
3003 5039 3125 5078 cum
3164 5037 3360 5078 omnes.

1779 5123 2025 5179 homines
2082 5121 2173 5176 Dei
2221 5121 2285 5176 ad
2339 5119 2628 5190 imaginem
2681 5125 2897 5173 creatos
2937 5132 3058 5172 esse
3094 5116 3350 5180 fateatur,

1779 5214 1982 5268 nullam
2031 5220 2213 5266 tamen
2263 5217 2470 5281 partem
2521 5207 2729 5272 deﬁnit,
2783 5206 2840 5260 in
2893 5222 3000 5276 qua
3047 5206 3350 5261 istiusmodi

1784 5303 2036 5375 imaginis
2081 5300 2224 5356 ratio
2264 5299 2583 5356 collocanda
2616 5298 2882 5354 videatur.
2928 5295 3036 5352 Sed
3088 5312 3189 5352 nec
3238 5297 3350 5360 isti,

1783 5410 1846 5451 ea
1877 5395 1946 5450 de
1975 5409 2035 5449 re
2072 5392 2315 5448 fabulose
2352 5390 2552 5459 aliquid
2583 5395 2837 5445 asserunt
2870 5396 2964 5444 aut
2997 5394 3220 5458 negant,
3254 5387 3350 5443 de-

1783 5495 2091 5544 monstrare
2109 5487 2383 5557 quidpiam
2407 5491 2652 5554 possunt.
2676 5481 2889 5539 Etenim
2913 5481 3182 5549 nonnulli,
3206 5481 3348 5552 quod

1784 5582 1850 5639 de
1881 5582 2112 5653 imagine
2141 5581 2354 5645 dicitur,
2393 5579 2573 5635 anima
2607 5579 2724 5650 ipsa
2751 5577 3207 5636 circumscribunt
3236 5593 3251 5645 ;
3299 5575 3350 5632 id
