3826 6206
401 5774 414 5828 ›

437 329 542 389 1545

1847 331 1907 389 S.
1949 333 2294 391 EPIPHANII

3583 296 3684 394 3'..l

437 461 604 502 unum
641 445 768 508 rati.
815 446 961 518 quod
1004 461 1171 503 carne
1209 456 1521 503 concretum
1565 455 1670 512 est,
1702 449 2019 504 ratiocinari

2136 453 2216 506 ιαί
2246 454 2344 507 οὐκ
2373 453 2550 514 ῐσασιν
2583 457 2632 508 οἰ
2668 457 2916 524 τοιοῦτοι,
2955 458 3039 511 ὅτι
3082 457 3142 510 τδ
3188 457 3328 512 κατά
3358 455 3534 526 ψυχὴν
3575 455 3686 509 an)?

437 553 620 610 posse.
655 538 826 610 814
851 537 962 595 Nec
1009 539 1140 595 illud
1197 539 1525 609 intelligunt,
1565 541 1801 594 animam
1848 541 2021 610 ipsam

440 646 581 696 esse,
610 647 731 701 qua:
779 631 1172 699 ratiocinetur;
1227 633 1273 688 si
1317 632 1533 704 quidem
1564 631 1902 688 attendendae
1933 627 2023 687 ra-

442 725 823 780 tiocinationes
863 725 979 780 ista;
1018 734 1168 787 sunt,
1210 734 1264 781 et
1321 742 1427 780 non
1482 726 1664 796 potius
1710 726 1924 781 sincera
1959 740 2024 780 ac

440 813 676 884 simplici
711 823 894 870 mente
925 815 992 870 ad
1041 815 1208 870 Deum
1242 824 1455 886 oportet
1487 817 1767 882 accedere,
1807 828 1860 874 et
1903 833 2025 887 quae
2087 825 2090 830 '

441 905 512 960 ab
538 921 602 962 co
631 905 779 961 dicta
819 917 966 970 sunt,
1019 923 1119 977 pro
1167 907 1492 964 certissimis
1530 907 1771 975 credere,
1806 911 2024 964 tametsi

443 995 514 1055 ab
554 1011 621 1052 eo
658 998 778 1052 solo
813 999 1028 1068 cognita
1067 998 1200 1063 sint,
1253 999 1344 1055 cui
1388 999 1568 1055 omnis
1613 1007 1699 1056 est
1741 1000 2023 1070 explorata

443 1087 678 1144 veritas:
716 1088 839 1142 aliis
873 1089 1048 1158 placet
1089 1104 1188 1145 nec
1239 1091 1293 1144 in
1325 1090 1507 1145 anima
1551 1107 1651 1147 nec
1704 1093 1760 1147 in
1799 1109 2026 1166 corpore

442 1194 565 1238 esse
605 1181 763 1236 sitam
805 1182 1114 1251 imaginem,
1169 1183 1264 1238 sed
1315 1183 1431 1237 sola
1466 1184 1666 1240 virtute
1698 1187 1967 1241 contineri
2006 1205 2020 1242 :

442 1271 537 1327 alii
585 1286 694 1326 non
733 1273 1011 1338 virtutem,
1051 1273 1147 1329 sed
1200 1274 1554 1344 baptismum,
1603 1283 1658 1330 et
1698 1292 1821 1346 qua:
1858 1277 1914 1332 in
1957 1293 2023 1333 eo

443 1364 743 1430 confertur,
775 1367 1004 1436 gratiam
1037 1381 1159 1423 esse
1208 1374 1477 1422 statuunt.
1517 1366 1690 1433 Quam
1744 1371 1849 1425 illis
1894 1386 2023 1427 sen-

444 1456 668 1510 tentiam
707 1456 911 1511 dictum
957 1457 1090 1512 illud
1122 1457 1366 1527 Apostoli
1403 1459 1676 1529 persuasit
1705 1479 1717 1516 :
1753 1461 2024 1528 Quemad-

443 1552 656 1601 modum
686 1548 1009 1615 portavimus
1036 1549 1319 1619 imaginem
1351 1552 1563 1615 terreni,
1588 1561 1854 1614 portemus
1888 1555 2024 1607 ima-

443 1639 612 1708 ginem
642 1647 693 1694 et
721 1639 944 1696 calestis
997 1643 1038 1696 ⁸.
1088 1639 1228 1695 Sunt
1256 1643 1349 1711 qui
1385 1641 1487 1696 hac
1519 1643 1776 1712 Opinione
1819 1644 2022 1713 rejecta

2123 542 2414 610 λογίζεται,
2458 546 2508 597 εἰ
2551 546 2656 617 χρὴ
2710 547 3088 619 συλλογισμοῖς
3129 549 3446 620 προσέχειν,
3490 547 3583 599 καὶ
3621 548 3687 617 μὴ

2124 635 2318 699 ἁπλῶς
2350 637 2506 708 ἁπλῇ
2559 640 2623 709 τῇ
2679 637 2888 711 διανοίᾳ
2943 639 3063 710 Θεῷ
3111 641 3428 709 προσιέναι,
3492 641 3586 692 καὶ
3609 623 3688 692 ττι-

2125 727 2356 792 στεύειν,
2384 729 2465 782 ὅτι
2502 729 2572 784 τὰ
2618 731 2724 783 ὑπὸ
2772 730 2908 786 Θεοῦ
2955 730 3220 803 εἰρημένα
3261 731 3409 784 ἐστὶν
3453 730 3687 801 ἀλήθεια,

2123 820 2271 890 αὐτῷ
2317 820 2374 873 δὲ
2421 823 2569 892 μόνῳ
2611 823 2929 894 ἐγνωσμένα
2975 823 3054 894 τῷ
3093 823 3189 894 τὴν
3233 825 3411 877 πᾶσαν
3449 823 3691 894 ἀλήθειαν

2125 912 2307 966 εἰδότι.
2340 914 2522 968 Ἀλλοι
2551 914 2609 968 δὲ
2633 914 2881 984 λέγουσιν
2909 914 3033 969 οὔτε
3071 918 3129 970 ὲν
3161 915 3328 987 ψυχῇ,
3358 915 3481 969 οὕτε
3517 919 3574 969 ὲν
3601 916 3692 969 σώ-

2128 1020 2278 1073 ματι,
2325 1003 2460 1060 άλλά
2501 1005 2702 1078 ἀρετὴν
2751 1005 2891 1062 εἶναι
2935 1009 2996 1062 τὸ
3045 1009 3165 1062 κατ’
3196 1008 3413 1062 εἰκόνα·
3443 1008 3615 1079 ἕτεροι
3642 1008 3691 1062 δὲ

2127 1092 2394 1161 φάσκουσι
2444 1094 2519 1166 μὴ
2565 1092 2832 1168 εἶναιτὴν
2877 1097 3098 1170 ἀρετὴν,
3132 1097 3270 1151 ἀλλὰ
3317 1099 3379 1151 τὸ
3426 1098 3692 1168 βάπτισμα

2123 1184 2218 1240 καὶ
2238 1185 2297 1237 τὸ
2325 1185 2569 1258 χάρισμα
2592 1188 2653 1241 τὸ
2675 1191 2732 1243 ὲν
2748 1188 2825 1258 τῷ
2850 1188 3199 1260 βαπτίσματι,
3219 1189 3376 1261 δῆθεν
3397 1190 3460 1242 ὲκ
3494 1187 3588 1242 τοῦ
3612 1192 3691 1260 {rq-

2121 1279 2216 1334 τοῦ
2253 1280 2346 1333 τοῦ
2381 1281 2704 1353 εἰρημένουο
2723 1284 2930 1349 Καθὼς
2966 1283 3339 1353 ἐφορέσαμεν
3363 1282 3478 1350 τὴν
3501 1284 3693 1338 εἰκόνα

2123 1374 2232 1429 τοῦ
2256 1373 2492 1442 χοϊκοῦ,
2514 1373 2861 1445 φορέσωμεν
2886 1376 2983 1430 καὶ
3014 1374 3130 1443 τὴν
3155 1375 3358 1429 εἰκόνα
3386 1374 3493 1429 τοῦ
3529 1375 3691 1429 ἐποιο-

2115 1466 2331 1534 ρανίου
2348 1483 2361 1496 ·
2388 1465 2538 1520 ἄλλοι
2567 1466 2626 1519 δὲ
2648 1466 2808 1521 πάλιν
2835 1466 2994 1521 τοῦτο
3033 1467 3094 1519 οὐ
3125 1465 3422 1536 βούλονται,
3451 1465 3588 1521 ἀλλὰ
3613 1465 3693 1517 θέ-

2122 1557 2274 1609 λουσι
2313 1556 2493 1626 λέγειν
2536 1557 2658 1612 τότε
2709 1558 2808 1629 μὲν
2851 1555 2992 1612 εἶναι
3036 1557 3098 1611 τὸ
3138 1559 3259 1612 κατ’
3297 1557 3482 1612 εἰκόνα
3527 1558 3586 1610 ὲν
3626 1556 3694 1627 τῷ

2138 1647 2328 1718 ’Δδάμ,
2359 1648 2464 1711 ἕως
2503 1649 2593 1702 ὅτε
2644 1651 2702 1702 ὲν
2747 1653 3000 1721 παρακοῇ
3044 1648 3255 1718 γέγονε,
3299 1649 3394 1701 καὶ
3433 1647 3695 1718 βέϐρωκεν

443 1730 516 1784 ita
550 1731 786 1786 sentiant
818 1751 831 1784 :
863 1731 1004 1786 Olim
1033 1735 1250 1804 quidem
1285 1734 1340 1788 in
1365 1734 1577 1789 Adamo
1602 1734 1840 1790 divinant
1873 1736 2020 1790 illam

2136 1737 2230 1790 Ξιπὸ
2278 1736 2374 1789 τοῦ
2425 1736 2603 1801 ξύλου,
2632 1739 2727 1792 καὶ
2775 1737 3052 1810 ἐξεώσθη⁵
3114 1739 3208 1807 ἀφ’
3246 1732 3308 1793 οὗ
3349 1737 3405 1790 δὲ
3442 1736 3691 1807 ἐξεώσθη,

443 1819 730 1889 imaginem
757 1823 1055 1887 exstitisse,
1096 1802 1270 1878 donec
1316 1824 1370 1878 in
1402 1832 1684 1894 peccatum
1714 1826 1900 1896 lapsus
1929 1842 2018 1880 ar-

2136 1827 2374 1881 ἀπώλεσε
2419 1828 2480 1882 τὸ
2523 1831 2642 1883 κατ’
2686 1801 2890 1884 εἰκόνα.
2938 1801 3048 1883 Καὶ
3105 1801 3271 1901 πολλή
3322 1846 3405 1891 τις
3447 1831 3566 1881 ἐστὶ
3601 1801 3695 1882 nini

443 1908 592 1964 boris
648 1910 825 1965 fructu
877 1921 1207 1978 vesceretur,
1235 1924 1396 1984 atque
1447 1929 1477 1967 a
1527 1915 1765 1984 paradisi
1818 1916 2020 1972 ﬁnibus

445 2002 933 2071 exterininaretur;
967 2015 1320 2075 posteaquam
1366 2021 1492 2060 vero
1535 2006 1726 2075 pulsus
1768 2015 1876 2073 est,
1911 2016 2020 2062 tum

443 2104 657 2146 omnem
688 2093 834 2146 illam
862 2094 1152 2164 imaginem
1187 2096 1435 2166 periisse.
1470 2095 1660 2166 Magna
1691 2107 1774 2152 est
1802 2099 2025 2161 omnino

441 2179 497 2236 in
545 2184 918 2254 conlingendis
977 2186 1176 2242 fabulis
1213 2188 1493 2240 hominum
1547 2187 1814 2255 ejusmodi
1868 2189 2028 2243 licen-

445 2273 540 2328 tia.
576 2273 786 2340 Quibus
814 2293 883 2332 ne
916 2277 983 2332 ad
1016 2278 1206 2332 horam
1242 2279 1460 2348 quidem
1491 2279 1685 2333 cedere
1725 2289 1940 2350 oportet
1971 2283 2024 2349 ’ς

445 2376 496 2425 et
543 2373 762 2443 quidem
813 2389 922 2428 non
960 2373 1081 2429 istis
1119 2373 1301 2436 modo,
1352 2372 1446 2427 sed
1496 2386 1595 2426 nec
1635 2372 1759 2438 illis,
1797 2374 1888 2442 qui
1936 2374 2039 2431 hoc
2078 2389 2172 2434 aut
2219 2381 2312 2436 illo
2350 2390 2510 2451 pacto
2547 2384 2791 2439 sentiunt

2127 1923 2430 1992 ἀνθρώπων
2478 1923 2800 1994 μυθοποιία·
2841 1919 2922 1987 οἷς
2959 1925 3022 1976 οὐ
3077 1922 3182 1995 χρὴ
3231 1922 3352 1976 οὐδὲ
3391 1922 3527 1994 πρὸς
3565 1921 3696 1994 ὥραν

2126 2011 2285 2078 εἶξαι,
2322 2014 2446 2067 οὔτε
2479 2015 2708 2083 τούτοις,
2741 2013 2864 2068 οὔτε
2898 2015 3125 2077 ἐκείνοις
3160 2017 3271 2077 τοίς
3309 2013 3450 2068 οὕτω
3491 2013 3526 2083 ἢ
3569 2013 3698 2066 οὕτω

2125 2105 2406 2172 λέγουσιν·
2451 2107 2568 2160 ἀλλ’
2603 2103 2740 2160 εἶναι
2788 2107 2886 2178 μὲν
2918 2105 3192 2159 πιστεύειν
3230 2108 3288 2159 ὲν
3326 2105 3404 2176 τῷ
3440 2105 3697 2176 ἀνθρώπῳ

2126 2197 2188 2250 τὸ
2241 2197 2360 2251 κατ’
2417 2197 2632 2264 εἰκόνα,
2691 2199 2749 2252 ὲν
2800 2198 2963 2252 παντὶ
3015 2197 3071 2250 δὲ
3130 2198 3362 2269 μάλιστα
3389 2238 3404 2263 ,
3461 2199 3557 2251 καὶ
3613 2199 3697 2267 οὐχ

2130 2287 2336 2351 ἁπλῶς.

2857 2403 2869 2438 :
2910 2383 2986 2438 ita
3034 2397 3198 2454 porro
3241 2382 3571 2439 credendum
3626 2395 3699 2442 est

445 2469 733 2539 imaginem
785 2467 840 2520 in
886 2465 1107 2521 homine
1150 2463 1398 2535 reperiri,
1430 2470 1490 2517 ut
1528 2463 1582 2518 in
1623 2473 1736 2520 toto
1775 2469 2009 2524 maxime
2042 2486 2140 2527 nec
2171 2473 2490 2545 simpliciter
2548 2477 2803 2532 resideat.

513 2583 780 2637 Caeterum
809 2579 1027 2634 ubinam
1051 2579 1140 2632 illa
1171 2577 1406 2632 maxime
1426 2577 1496 2632 sit
1515 2585 1568 2634 et
1585 2593 1688 2647 qua
1708 2588 1860 2647 parte
1881 2595 2030 2634 com-

446 2678 674 2748 pleatur,
690 2674 833 2745 quod
866 2674 1068 2726 dictum
1103 2680 1203 2731 est,
1237 2671 1305 2726 ad
1344 2671 1656 2741 imaginem,
1689 2671 1828 2727 Deus
1859 2673 2026 2739 novit,

443 2765 537 2836 qui
589 2765 848 2835 singulari
883 2765 985 2817 hoc
1029 2762 1285 2832 imaginis
1315 2778 1428 2818 sua:
1456 2761 1718 2817 beneficio
1748 2763 2025 2816 hominum

443 2872 615 2928 genus
645 2855 853 2910 allicere
875 2854 1062 2909 voluit.
1085 2852 1271 2924 Neque
1296 2868 1426 2909 vero
1446 2853 1587 2908 hanc
1614 2854 1701 2909 ille
1726 2855 2029 2926 perdidisse

443 2948 718 3020 putandus
740 2955 823 3003 est
841 2987 856 3011 ,
880 2947 1096 3002 tametsi
1114 2946 1230 3000 sine
1251 2946 1359 3000 ullo
1376 2961 1558 3000 rerum
1579 2945 1896 3001 discrimine
1911 2954 2029 3018 gra-

443 3039 684 3095 vissimis
712 3053 770 3094 se
796 3038 1094 3094 sceleribus
1119 3037 1434 3107 inquinans,
1459 3037 1656 3092 divina:
1683 3037 1812 3091 illud
1837 3038 2026 3108 imagi-

2207 2586 2318 2640 Ποῦ
2346 2588 2404 2642 δέ
2435 2592 2605 2654 ἐστιν,
2651 2589 2683 2660 ἢ
2734 2588 2838 2642 ποῦ
2873 2589 3224 2660 πεπλήρωται
3256 2589 3318 2643 τὸ
3357 2591 3477 2643 κατ’
3510 2590 3698 2655 εἰκόνα,

2135 2677 2286 2747 αὐτῷ
2322 2677 2466 2749 μόνῳ
2511 2678 2776 2748 ἔγνωσται
2819 2679 2896 2750 τῷ
2935 2679 3073 2750 Θεῷ,
3117 2678 3256 2733 κατά
3299 2679 3461 2751 χάριν
3503 2680 3580 2750 τῷ
3615 2682 3700 2733 άν-

2137 2767 2339 2843 Θρώπῳ
2370 2767 2746 2840 δωρησαμένῳ·
2775 2768 2835 2822 τὸ
2881 2769 3001 2822 κατ’
3047 2768 3246 2823 εἰκόνα.
3292 2769 3428 2822 Οὕτε
3464 2771 3572 2842 γὰρ
3609 2771 3702 2824 ἀπο

2135 2859 2334 2912 ὡλεσεν
2359 2861 2388 2913 ό
2418 2859 2705 2930 ἄνθρωπος
2736 2859 2796 2913 τὸ
2820 2861 2938 2912 κατ’
2968 2859 3152 2914 εἰκόνα
3171 2876 3185 2889 ο
3218 2858 3332 2912 ἀλλ’
3369 2861 3420 2912 εἰ
3451 2861 3560 2930 ἄρα
3592 2863 3702 2929 ἐχυο

2135 2952 2332 3006 δαίωσε
2386 2953 2448 3004 τὸ
2499 2953 2617 3005 κατ’
2650 2952 2856 3014 εἰκόνα,
2905 2949 3134 3022 μολύνας
3173 2950 3362 3004 ἑαυτὸν
3403 2951 3461 3003 ὲν
3495 2951 3702 3024 ἀδιαφό-

2138 3061 2251 3114 ροις
2277 3041 2564 3112 πράγμασι
2593 3042 2686 3095 καὶ
2725 3041 3045 3112 ἀνηκέστοις
3087 3041 3400 3113 ἁμαρτίαις.
3434 3041 3569 3093 Ἰδοὺ
3607 3042 3703 3110 γὰρ

443 3132 531 3187 nis
553 3130 719 3186 decus
748 3129 852 3184 vile
885 3129 1266 3199 abiectumque
1307 3129 1620 3183 reddiderit.
1651 3129 1859 3200 Quippe
1908 3139 2027 3200 post

2136 3135 2270 3206 μετά
2311 3136 2400 3188 τὴν
2434 3133 2606 3205 Ἀδὰμ
2649 3133 2725 3204 τῷ
2769 3134 2890 3186 Νῶε
2925 3133 3109 3202 λέγει·
3154 3131 3298 3188 Ἰδοὺ
3343 3131 3572 3186 δέδωκά
3616 3149 3703 3185 σοι

444 3224 709 3279 Adamum
735 3223 805 3275 ita
824 3221 966 3276 Deus
997 3220 1256 3276 Noemum
1286 3222 1578 3292 alloquitur
1605 3240 1618 3276 :
1643 3221 1772 3276 Ecce
1793 3222 1910 3275 dedi
1935 3223 2030 3276 tibi

443 3317 622 3372 omnia
653 3325 901 3384 tanquam
925 3315 1067 3366 olera
1095 3315 1211 3384 agri
1233 3330 1251 3378 ;
1282 3325 1456 3367 macta
1483 3325 1532 3367 et
1560 3313 1784 3368 comede.
1805 3314 2028 3368 Carnem

445 3424 560 3461 cum
577 3406 766 3459 animw
781 3405 1032 3475 sanguine
1049 3422 1112 3458 ne
1123 3404 1383 3466 comedas,
1398 3405 1644 3470 quoniam
1658 3421 1748 3473 ego
1768 3404 2028 3472 requiram

446 3497 651 3551 animas
674 3505 892 3550 vestras.
928 3493 1232 3564 Quicunque
1259 3493 1500 3562 e/I'uderit
1529 3495 1835 3563 sanguinem
1868 3492 2031 3545 homi-

445 3589 527 3643 nis
558 3589 608 3641 in
640 3598 800 3651 terra,
830 3603 925 3656 pro
960 3586 1117 3656 hujus
1148 3587 1402 3656 sanguine
1431 3585 1577 3638 illius
1607 3586 1822 3655 sanguis
1855 3585 2028 3652 e/Iun-

444 3684 639 3735 detur:
670 3697 728 3732 eo
762 3678 901 3749 quod
932 3677 1000 3730 ad
1030 3677 1311 3747 imaginem
1341 3675 1441 3730 Dei
1474 3676 1734 3729 hominem
1774 3674 1985 3743 fecerim
2011 3690 2028 3729 :

445 3783 493 3829 et
552 3789 645 3844 ego
703 3773 966 3842 requiram
1019 3770 1324 3840 sanguinem
1371 3779 1599 3822 vestrum
1653 3766 1716 3819 ab
1770 3783 1828 3820 eo
1888 3765 2030 3818 omni

445 3865 582 3936 quod
623 3863 869 3935 eﬁ‘uderit
921 3864 1092 3932 ipsum
1139 3877 1297 3931 super
1348 3860 1538 3929 [aciem
1593 3869 1746 3912 terrae
1791 3858 1828 3913 ³.
1867 3856 2031 3912 Vides

447 3966 507 4012 ut
543 3958 595 4012 in
634 3957 870 4018 homine,
903 3961 1026 4024 post
1067 3954 1332 4008 decimam
1370 3952 1440 4007 ab
1480 3953 1685 4006 Adamo
1728 3949 2032 4020 generatio-

447 4066 591 4115 uem,
653 4049 828 4116 imago
877 4043 971 4100 Dei
1019 4044 1424 4100 constituatur?
1473 4042 1614 4108 Quin
1651 4042 1814 4096 etiam
1863 4040 2028 4096 David

449 4141 607 4210 longo
635 4147 822 4209 postea
857 4149 1097 4207 tempore
1127 4152 1195 4190 ex
1231 4135 1406 4190 sancti
1455 4134 1693 4204 Spiritus
1728 4131 1906 4186 alllatu
1942 4147 2032 4187 ce-

447 4233 621 4287 cinit:
662 4229 916 4285 Uuiversa
961 4229 1168 4283 vanitas
1219 4229 1388 4282 omnis
1439 4226 1592 4281 homo
1649 4228 1818 4280 vivens
1858 4224 1898 4277 ’⁵.
1935 4224 2031 4279 Se-

447 4321 688 4376 cundum
741 4335 901 4390 quem
946 4319 1240 4390 Apostolus
1282 4337 1295 4372 :
1345 4317 1435 4371 Vir
1487 4335 1699 4391 comam»
1747 4318 1888 4371 alere
1929 4335 2032 4372 non

447 4413 616 4476 debet,
649 4412 845 4482 inquit,
883 4427 999 4464 cum
1033 4411 1101 4465 sit
1137 4411 1311 4479 imago
1346 4420 1393 4464 et
1422 4412 1595 4481 gloria
1637 4411 1729 4464 Dei
1758 4411 1800 4464 ⁸.
1841 4408 1945 4464 Sed
1979 4417 2033 4464 ct

2135 3227 2330 3281 πάντα
2361 3227 2440 3293 ὡς
2475 3225 2712 3295 λάχανα
2757 3225 2972 3295 ἀγροῦο
3018 3225 3229 3291 θῦσον,
3269 3224 3366 3278 καί
3411 3224 3583 3293 φάγε.
3617 3223 3704 3290 Μὴ

2135 3320 2288 3391 φάγε
2314 3319 2508 3388 σάρκα
2537 3320 2606 3372 ἐν
2633 3320 2831 3388 αἵματι
2867 3317 3110 3387 ψυχῆςο
3141 3317 3228 3371 ὅτι
3262 3317 3376 3386 ἐγὼ
3413 3315 3705 3383 ἐκζητήσω

2135 3408 2241 3472 τὰς
2282 3407 2487 3474 ψυχὰς
2533 3405 2720 3476 ὑμῶν.
2749 3406 2875 3471 Πᾶς
2904 3409 2937 3460 ό
2975 3405 3202 3475 ἐκχέων
3229 3401 3370 3474 αἷμα
3404 3402 3705 3471 ἀνθρώπου

2135 3499 2232 3552 ἐπὶ
2273 3497 2382 3566 τῆς
2410 3498 2541 3568 γῆς,
2574 3498 2706 3553 ἀντὶ
2737 3498 2841 3552 τοῦ
2875 3499 3122 3568 αἵματος
3159 3495 3346 3550 αὑτοῦ
3377 3493 3704 3563 ἐκχυθήσε-

2135 3606 2228 3643 ται
2270 3589 2337 3642 τὸ
2379 3584 2520 3658 αἷμα
2552 3589 2764 3643 αὐτοῦ·
2799 3588 2889 3642 ὅτι
2928 3589 2998 3642 ἐν
3037 3590 3222 3642 εἰκόνι
3270 3585 3422 3640 Θεοῦ
3459 3585 3704 3649 ἐποίησα

2135 3680 2242 3734 τὸν
2275 3679 2616 3750 ἄνθρωπον-ο
2647 3679 2746 3733 καὶ
2773 3678 2889 3748 ἐγὼ
2927 3678 3232 3747 ἐκζητήσω
3276 3677 3342 3730 τὸ
3369 3671 3517 3746 αἷμα
3555 3673 3703 3744 ὑμῶν

2137 3774 2204 3827 ἐκ
2227 3772 2456 3838 παντὸς
2481 3772 2586 3826 τοῦ
2618 3770 2935 3840 ἐκχέοντος
2963 3771 3108 3824 αὐτὸ
3133 3770 3231 3823 ἐπὶ
3263 3773 3592 3837 πρόσωπον
3609 3766 3702 3832 τῆς

2137 3863 2267 3934 γῆς.
2301 3863 2410 3917 Kal.
2441 3863 2593 3934 ὁρᾷς,
2625 3863 2706 3915 ὅτι
2734 3865 2791 3916 ὲν
2830 3862 2908 3932 τῷ
2934 3861 3202 3932 ἀνθρώπῳ
3240 3859 3459 3928 λέγεται
3501 3859 3564 3912 τὸ
3599 3858 3703 3910 κατ’

2138 3957 2320 4009 εἰκόνα
2361 3956 2498 4026 μετά
2539 3955 2769 4025 δεκάτην
2790 3953 2982 4023 γενεὰν
3009 3953 3102 4006 τοῦ
3142 3952 3234 4006 τὸν
3267 3951 3445 4022 Ἀδὰμ
3473 3949 3702 4017 πλασθῆ·

2137 4066 2258 4115 vat;
2297 4049 2447 4118 ’Ἅμα
2495 4047 2552 4101 δὲ
2603 4048 2698 4100 καὶ
2735 4045 2895 4099 Δαδίδ
2949 4044 3088 4116 μετὰ
3121 4043 3286 4098 πολὺν
3332 4042 3524 4114 χρόνον
3575 4041 3703 4107 λέγει

2138 4139 2413 4210 Πνεύματι
2473 4139 2646 4209 ἁγίῳ*
2719 4137 2794 4192 Τὰ
2845 4138 3168 4206 σύμπαντα
3211 4134 3540 4204 ματαιότης
3602 4128 3698 4193 πᾶ(

2137 4229 2445 4296 ἄνθρωπος
2489 4229 2619 4289 ζῶν.
2657 4228 2821 4281 Ἀλλά
2859 4229 2953 4282 καὶ
2999 4226 3232 4298 καθεξῆς
3277 4224 3418 4296 μετά
3461 4223 3644 4277 τοῦτον
3681 4223 3704 4272 6

2151 4309 2467 4384 Ἀπόστολός
2507 4338 2703 4390 φησιν·
2749 4319 2933 4387 Ἀνὴρ
2971 4321 3080 4373 οὐκ
3114 4317 3340 4384 ὀφείλει
3389 4314 3603 4385 κομᾷν,
3639 4316 3692 4366 εἰ·

2140 4414 2260 4467 κὼν
2284 4415 2380 4467 καὶ
2415 4413 2565 4477 δόξα
2599 4412 2746 4466 Θεοῦ
2773 4410 3075 4481 ὑπάρχων.
3107 4409 3272 4462 Ἀλλά
3302 4409 3397 4462 καὶ
3426 4408 3566 4478 μετᾶ
3593 4404 3701 4458 τοῦ·

449 4511 574 4575 post
619 4502 770 4555 illum
817 4499 1054 4555 Iacobus
1104 4501 1171 4555 de
1226 4503 1408 4570 lingua
1461 4502 1790 4570 disputans:
1829 4499 2027 4555 Malum

2139 4522 2230 4559 τον
2254 4503 2509 4567 Ἰάκωϐος
2547 4504 2766 4571 φάσκει,
2811 4501 2984 4570 λέγων
3033 4501 3161 4570 περὶ
3200 4499 3298 4569 τῆς
3339 4497 3610 4566 γλώσσης,
3636 4495 3702 4547 ὅτι

449 4602 548 4653 est.
603 4593 799 4662 inquit,
851 4591 1226 4657 intractabile,
1281 4591 1435 4662 plena
1488 4608 1678 4645 ueneno
1738 4592 2029 4660 mortifero.

449 4685 615 4756 815
673 4683 740 4739 In
796 4686 914 4756 ipsa
973 4684 1318 4740 benedicimus
1366 4684 1535 4739 Deum
1593 4693 1643 4739 et
1692 4685 1942 4746 Patrem;
1983 4693 2031 4738 et

450 4779 505 4831 in
551 4778 667 4844 ipsa
719 4775 1084 4830 maledicimus
1134 4776 1454 4841 hominibus,
1494 4779 1584 4846 qui
1633 4775 1701 4830 ad
1752 4775 2030 4844 imaginem

450 4868 549 4924 Dei
603 4869 734 4939 facti
777 4878 921 4924 sunt;
967 4867 1090 4923 Non
1138 4875 1340 4937 oportet
1388 4869 1498 4924 haec
1547 4870 1624 4923 ita
1659 4869 1795 4938 ﬁeri,
1836 4869 2030 4938 fratres

449 4963 551 5017 mei
584 4963 625 5017 °.
661 4959 735 5014 Ex
775 4961 974 5030 quibus
1003 4967 1228 5030 apparet
1255 4974 1442 5014 eorum
1469 4974 1662 5014 vanam
1707 4974 1829 5014 esse
1867 4961 2034 5014 ratio-

448 5069 571 5110 nem
603 5051 696 5123 qui
749 5051 1022 5105 Adamum
1065 5049 1161 5104 Dei
1214 5049 1501 5120 imaginem
1547 5049 1799 5105 amisisse
1843 5050 2036 5120 prmdi-

451 5155 597 5202 cant.

528 5258 614 5314 IV.
631 5259 840 5327 Quibus
855 5273 984 5314 vero
1013 5257 1214 5329 placuit
1233 5257 1287 5312 in
1316 5257 1496 5310 anima
1515 5255 1744 5326 positam
1763 5270 1886 5310 esse
1909 5255 2038 5308 iman

449 5353 651 5422 ginem,
710 5352 855 5406 hunc
901 5352 958 5405 in
993 5350 1212 5404 modum
1248 5347 1645 5405 ratiocinantur
1677 5360 1740 5400 ac
1783 5361 1906 5402 sese
1941 5347 2035 5400 de-

452 5441 722 5499 fendunt:
756 5441 900 5512 quod
940 5447 995 5495 et
1038 5440 1383 5511 aspectabilis
1429 5439 1655 5494 minime
1693 5439 1764 5491 sit
1815 5437 2038 5508 perinde

455 5545 519 5588 ac
556 5529 700 5590 Deus
731 5541 854 5599 est;
905 5532 1050 5603 quod
1096 5532 1328 5604 agendi,
1376 5531 1652 5595 movendi,
1706 5530 2039 5600 intelligendi

525 5731 589 5792 δι
611 5731 738 5792 Cor.
772 5751 861 5803 xv,
901 5734 998 5790 δ’).
1067 5737 1086 5769 '
1121 5733 1239 5790 Gal.
1271 5750 1330 5804 ιι,
1362 5737 1417 5791 5.
1490 5735 1670 5792 'Gen.
1708 5751 1784 5800 ix,
1818 5737 1852 5788 5
1875 5751 1996 5806 sqq.

2136 5734 2270 5792 Psal.
2303 5751 2485 5805 xxxvn,
2514 5735 2569 5792 6.
2645 5732 2711 5787 ἰ
2738 5734 2866 5790 Cor.
2900 5749 2978 5800 si,
3031 5735 3119 5791 Η.

2152 4596 2590 4666 Ἀκατάσχετον
2635 4595 2847 4660 κακὸν,
2890 4591 3086 4663 μεστὴ
3144 4591 3235 4645 ἰοῦ
3281 4592 3701 4657 θανατηφόρου.

2151 4688 2245 4741 Ἐν
2278 4687 2433 4756 αὺτῇ
2476 4686 2848 4756 εὐλογοῦμεν
2877 4684 2981 4737 τὸν
3019 4684 3168 4737 Θεὸν
3202 4681 3298 4734 καί
3347 4680 3596 4746 Πατέρα,
3623 4677 3704 4728 καὶ

2135 4780 2206 4833 ἐν
2233 4778 2388 4848 αὐτῇ
2426 4777 2806 4846 καταρώμεθα
2834 4775 2976 4841 τοὺς
3011 4773 3382 4841 ἀνθρώπους,
3413 4772 3554 4836 τοὺς
3590 4770 3703 4821 κατ’

2133 4869 2336 4922 εἰκόνα
2369 4867 2514 4922 Θεοῦ
2544 4867 2879 4936 γεγονότας.
2922 4868 3004 4919 οὐ
3036 4863 3151 4932 χρὴ
3187 4863 3371 4917 ταῦτα
3408 4861 3594 4926 οὕτως
3629 4857 3702 4927 τι-

2133 4965 2364 5026 νεσθαι,
2401 4960 2653 5028 ἀδελφοί
2684 4978 2817 5026 μου.
2852 4959 2959 5011 Καὶ
2990 4959 3111 5028 ὅρα,
3150 4957 3232 5009 ὅτι
3267 4954 3524 5021 ἐξέπεσεν
3562 4953 3589 5002 ό
3625 4949 3697 5001 λό-

2135 5070 2230 5122 γος
2268 5053 2377 5105 τῶν
2421 5052 2686 5121 λεγόντων
2719 5052 2810 5104 τὸν
2847 5050 3018 5120 Ἀδὰμ
3050 5035 3261 5101 τὸκατ’
3285 5045 3472 5099 εἰκόνα
3501 5041 3697 5097 ἀπολωο

2135 5145 2376 5199 λεκέναιι.
3721 5201 3726 5214 ,

2211 5259 2285 5314 A'.
2322 5255 2443 5309 Τῶν
2498 5256 2554 5309 δὲ
2615 5255 2778 5308 πάλιν
2823 5254 3106 5322 λεγόντων,
3143 5251 3240 5323 τὴν
3278 5249 3455 5320 ψυχὴν
3498 5244 3626 5302 εἶναι
3655 5246 3700 5299 τί

2141 5351 2262 5401 κατ’
2309 5348 2513 5413 εἰκόνα,
2569 5350 2596 5401 ὁ
2648 5347 2805 5416 λόγος
2844 5347 2961 5399 ἐστὶ
2995 5343 3196 5398 τοιόσδε
3240 5342 3334 5394 καὶ
3362 5341 3395 5410 ὴ
3426 5340 3698 5406 ἀπολογίιν

2145 5439 2290 5504 "Oct,
2316 5439 2501 5511 φησὶν,
2534 5439 2681 5493 ἔστιν
2703 5440 2950 5510 ἀόρατος,
2973 5439 3045 5501 ώς
3077 5438 3104 5489 ό
3131 5434 3262 5496 Θεός
3287 5435 3432 5484 ἐστιν
3461 5432 3675 5502 ἀόρατος

2145 5532 2469 5603 ἐνεργητική
2509 5534 2649 5596 ἐστι,
2675 5532 2926 5602 κινητική
2961 5531 3096 5583 ἐστι.
3123 5526 3432 5594 διανοητική
3473 5527 3604 5587 ἐστι,
3633 5522 3697 5572 λα

3219 5733 3240 5765 ⁸
3265 5747 3385 5787 Jac.
3427 5745 3510 5798 nt,
3539 5728 3570 5786 I
3592 5741 3697 5797 sqq.
