3826 6206
142 378 237 438 ωδ

751 377 1121 436 ADVERSUS
1159 378 1500 436 llAERESES
1537 379 1664 434 LIB.

1834 378 1999 434 TOM.
2042 378 2467 434 l.-—IIA‘1RES.
2509 379 2671 436 LXX.

3271 375 3379 434 546

140 494 336 564 τιστιχή
381 495 525 546 ἐστι’
568 494 663 547 καὶ
705 495 894 549 τούτου
950 496 1110 550 ἕνεκα
1153 498 1288 569 αὐτή
1331 500 1444 553 ἐστι
1477 498 1538 552 τὸ
1571 500 1690 552 κατ’

1803 513 1860 552 ac
1891 497 2248 551 ratiocinandi
2283 497 2372 552 ubi
2401 495 2624 566 praedita
2651 494 2723 549 sit
2751 515 2763 548 :
2798 494 2917 548 ideo
2948 493 3060 548 haec
3088 491 3376 562 imaginem

140 587 324 650 εἰκόνα,
369 585 551 656 ἐπειδὴ
597 586 730 640 Θεὸν
773 589 864 640 ἐπὶ
903 589 1005 658 γῆς
1057 593 1320 660 μιμεῖται,
1372 590 1599 644 κινοῦσά
1631 607 1691 642 τε

139 678 222 733 καὶ
252 677 577 748 πράττουσα,
607 680 700 731 καὶ
738 677 904 731 τᾶλλα
946 681 1193 739 ποιοῦσα,
1218 682 1425 751 ὅσαπερ
1457 682 1597 735 κατὰ
1633 682 1694 734 τὸ

139 769 422 837 λογιστικὸν
455 768 682 840 πράττει
713 771 742 822 ὁ
777 769 1082 840 ἄνθρωπος.
1121 771 1476 842 Εὐρίσκονται
1505 771 1562 824 δὲ
1602 770 1694 824 καὶ

137 855 264 914 οὗτοι
295 857 744 928 συλλογιζόμενοι.
777 860 886 911 Καὶ
911 859 1018 931 γὰρ
1051 861 1096 912 εἰ
1126 861 1212 913 διὰ
1245 860 1416 914 ταῦτα
1449 861 1692 913 καλεῖται

139 953 241 1005 κατ’
265 950 442 1002 εἰκόνα
476 949 642 1018 ψυχὴ,
687 950 866 1003 οὐκέτι
911 950 1132 1004 δύναται
1162 948 1298 1004 εἶναι
1329 955 1449 1004 κατ’
1488 952 1688 1006 εἰκόνα.

145 1045 196 1096 Ὀ
241 1041 346 1112 γὰρ
386 1042 518 1103 Θεὸς
555 1043 809 1096 ἐπέκεινα
857 1045 1344 1114 μυριονταπλάσιον
1395 1044 1547 1114 παρὰ
1594 1045 1692 1116 τὴν

133 1132 314 1201 ψυχὴν,
353 1132 444 1183 καὶ
479 1131 557 1183 ἔτι
594 1131 967 1202 περιττότερόν
1002 1133 1148 1186 ὲστιν
1191 1133 1571 1204 ἀκατάληπτος
1599 1134 1692 1187 καὶ

133 1221 487 1293 ἀπερινόητος,
516 1223 695 1275 πάντα
720 1221 893 1285 εἰδὼς,
926 1223 992 1276 τὰ
1025 1223 1258 1294 προόντα
1311 1225 1404 1278 καλ⁸
1439 1225 1507 1278 τὰ
1547 1243 1691 1296 παρ-

133 1314 265 1376 όντα,
293 1312 383 1364 καὶ
407 1310 659 1382 ὁρώμενα
694 1311 787 1364 καὶ
812 1312 880 1365 τὰ
920 1312 994 1383 μὴ
1019 1311 1290 1384 ὁρώμενα,
1322 1314 1534 1385 πέρατα
1564 1315 1690 1383 γῆς,

133 1403 214 1456 καὶ
255 1402 532 1471 πυθμένας
578 1402 836 1466 ἀϐύσσου,
890 1404 1034 1474 ἄκρα
1083 1405 1347 1476 οὐρανῶν,
1387 1406 1482 1458 καὶ
1514 1409 1692 1460 πάντα

132 1495 190 1547 τὰ
221 1494 363 1557 ὄντα,
400 1494 562 1556 αὐτὸς
610 1493 878 1564 περιέχων
928 1494 996 1547 τὰ
1042 1495 1239 1558 πάντα,
1272 1497 1362 1549 ὑπ’
1395 1497 1603 1561 οὐδενὸς
1634 1497 1692 1551 δὲ

132 1582 518 1654 περιεχόμενος.
565 1582 629 1634 Ἡ
675 1582 731 1634 δὲ
785 1581 931 1653 ψυχὴ
986 1585 1297 1654 περιέχεται
1339 1586 1438 1656 μὲν
1479 1589 1536 1638 ἐν
1587 1587 1691 1640 σώ-

135 1693 265 1746 ματι,
291 1676 474 1743 ἀγνοεῖ
503 1676 559 1728 δὲ
585 1674 821 1728 ἀϐύσσου
859 1676 985 1739 τοὺς
1019 1676 1319 1747 πυθμένας,
1350 1678 1442 1732 καὶ⁵
1478 1679 1691 1733 ἐπίστα-

129 1779 207 1815 ται
247 1761 306 1814 τὸ
353 1758 513 1833 εὖρος
562 1762 663 1830 τῆς
714 1763 852 1833 γῆς,
906 1763 1151 1836 τέρματα
1201 1767 1299 1837 τῆς
1367 1769 1690 1840 οἰκουμένης

1795 591 2209 662 complectitur;
2273 587 2418 657 quod
2467 585 2764 646 movendo,
2805 582 3014 654 agendo
3057 597 3122 636 ac
3171 581 3378 648 reliqua

1793 683 1976 741 omnia
2015 677 2340 751 praestando,
2387 691 2507 748 quae
2554 677 2765 729 ratione
2809 675 2876 727 ab
2925 672 3237 727 hominibus
3284 685 3378 738 ge-

1796 783 2010 839 runtur,
2042 772 2209 827 Deum
2241 771 2296 826 in
2329 769 2490 824 terris
2516 769 2780 822 imitetur.
2817 763 2922 819 Sed
2960 765 3052 819 isti
3091 763 3380 817 manifeste

1793 867 1860 921 ad
1906 866 2254 936 syllogismos
2300 860 2642 930 confugiunt.
2697 856 2831 910 Nam
2880 857 2926 911 si
2986 861 3266 924 propterea
3313 853 3377 906 ad

1793 956 2085 1025 imaginem
2140 951 2321 1006 anima
2375 949 2517 1004 facta
2565 947 2786 1008 dicitur,
2836 946 2901 1000 ad
2950 945 3238 1013 imaginem
3270 941 3379 995 dici

1793 1047 2016 1101 omnino
2048 1060 2157 1099 non
2187 1051 2388 1114 patest.
2435 1039 2579 1094 Deus
2621 1040 2766 1094 enim
2806 1037 3032 1091 inﬁnitis
3058 1050 3172 1106 prae
3199 1033 3379 1088 anima

1792 1140 2061 1210 partibus,
2113 1149 2286 1205 eoque
2345 1133 2612 1202 amplius,
2660 1129 3200 1196 comprehensionem
3261 1140 3380 1210 om-

1791 1208 1915 1285 nem
1947 1244 2016 1284 ac
2047 1227 2431 1298 cogitationem
2475 1221 2684 1291 eiiugit,
2727 1229 2912 1290 utpote
2953 1219 3041 1272 cui
3092 1208 3380 1286 prospecta

1792 1330 1921 1378 sunt
1973 1319 2158 1374 omnia
2206 1327 2316 1370 tam
2368 1315 2645 1386 praeterita
2692 1327 2855 1382 quam
2906 1309 3218 1380 prazsentia,
3267 1316 3380 1360 tam

1790 1427 1912 1483 qua:
1961 1410 2234 1475 videntur,
2276 1422 2440 1478 quam
2489 1419 2610 1475 qua:
2656 1403 2824 1458 videri
2874 1406 3174 1470 nequeunt,
3221 1406 3385 1452 term

1792 1504 1950 1570 ﬁnes,
1996 1501 2278 1572 profundae
2323 1499 2599 1570 voraginis
2650 1498 2777 1563 ima,
2815 1493 3116 1550 cmlestium
3164 1491 3380 1546 orbium

1790 1607 2024 1656 summa,
2059 1590 2328 1662 quidquid
2377 1590 2612 1658 denique
2655 1585 2867 1657 uspiam
2911 1591 3015 1638 est.
3068 1583 3189 1652 ipse
3234 1580 3382 1635 enim

1790 1698 1914 1738 curn
1945 1681 2128 1736 omnia
2158 1679 2590 1750 comprehendit,
2624 1686 2739 1732 tum
2770 1692 2800 1730 a
2839 1676 2990 1730 nullo
3016 1673 3385 1743 comprehen-

1789 1773 1954 1827 ditur.
1993 1773 2314 1828 Econtrario
2346 1787 2474 1826 vero
2539 1770 2719 1824 anima
2771 1781 3000 1837 corpore
3043 1765 3378 1826 continetur,

130 1855 316 1921 ἀγνοεῖ,
363 1855 512 1924 ἄκρα
555 1854 796 1924 οὐρανῶν
845 1854 906 1906 οὐ
960 1856 1272 1927 κατείληφε,
1320 1859 1460 1913 πόσα
1506 1859 1687 1928 μέλλει

1803 1865 1971 1935 ὼγεεί
2024 1865 2249 1919 fundum
2311 1864 2544 1932 ignorat,
2595 1870 2752 1916 terra}
2827 1858 3168 1912 latitudinem
3218 1864 3384 1925 atque

130 1944 353 2002 ἔσεσθαι.
381 1945 415 2016 ἦ
448 1945 577 1998 πότε
602 1946 831 2014 γίνεται,
861 1945 1004 2000 πόσα
1034 1965 1093 2000 τε
1133 1948 1239 2017 πρὸ
1266 1950 1436 2020 αὐτῆς
1472 1951 1698 2022 γεγένη-

129 2055 225 2096 ται.
265 2039 371 2090 Καὶ
414 2037 586 2090 πολλά
622 2039 737 2110 ὲιστι
772 2037 900 2109 περὶ
946 2038 1118 2111 αὐτῆς
1155 2041 1250 2094 καὶ
1292 2041 1400 2094 τῶν
1438 2041 1694 2096 τοιούτων

131 2128 306 2196 λέγειν.
339 2130 492 2198 Ἅμα
533 2129 587 2181 δὲ
633 2131 726 2182 καὶ
770 2133 1070 2204 μερισμοὸς
1111 2131 1252 2201 ἔχει’
1291 2131 1424 2195 Θεὸς
1462 2131 1518 2185 δὲ
1561 2134 1696 2202 ἀμέ-

133 2219 294 2290 ριστός
345 2221 484 2271 ²«εστι.
538 2222 676 2292 Φησὶ
727 2222 837 2294 γὰρ
887 2226 916 2276 ὁ
964 2222 1315 2285 Ἀπόστολος·
1352 2221 1482 2275 Ζῶν
1515 2223 1624 2293 τὰρ
1662 2227 1696 2278 ὁ

130 2309 290 2377 λόγος
324 2308 425 2362 τοῦ
461 2309 610 2363 Θεοῦ
642 2312 739 2363 καὶ
774 2311 1042 2380 ἐνεργὴς,
1065 2311 1161 2364 καὶ
1185 2311 1510 2378 τομώτερος
1540 2311 1693 2379 ὑπὲρ

131 2398 318 2452 πᾶσαν
337 2400 646 2468 μάχαιραν
679 2399 987 2471 δίστομον,
1029 2401 1126 2456 καί
1156 2401 1564 2470 διικνούμενος
1587 2403 1691 2472 μέ-

131 2507 216 2559 χρι
252 2491 549 2559 μερισμοῦ
577 2491 784 2561 ψυχῆς
823 2494 922 2547 καὶ
956 2491 1231 2562 μυελῶν
1287 2493 1384 2546 καὶ
1435 2493 1696 2560 κριτικὸς

129 2580 504 2649 ἐνθυμήσεων
554 2583 653 2636 καὶ
696 2583 964 2638 ἐννοιῶν.
997 2584 1108 2638 Kal
1159 2586 1269 2637 οὐκ
1311 2583 1445 2637 ἐστι
1496 2584 1694 2650 κτίσις

131 2672 348 2740 ἀφανὴς
389 2673 650 2728 ἐνώπιον
691 2676 897 2737 αὑτοῦ,
947 2676 1042 2729 καὶ
1076 2675 1146 2728 τά
1186 2673 1334 2742 ἑξῆς.
1385 2675 1493 2726 Καὶ
1537 2676 1690 2746 ὁρᾷς,

131 2763 201 2814 ὅτι
223 2763 430 2816 διέπεσε
458 2766 554 2817 καὶ
583 2765 784 2819 τούτων
816 2767 844 2818 ὁ
875 2766 1050 2834 λόγος.

1795 1955 1946 2011 orbis
1995 1955 2308 2010 habitabilis
2360 1953 2560 2007 limites
2614 1952 2822 2016 nescit;
2853 1951 3116 2005 caelorum
3165 1963 3378 2002 summa

1797 2059 1906 2098 non
1931 2045 2266 2114 assequitur,
2288 2059 2466 2114 neque
2488 2043 2617 2114 quid
2652 2044 2894 2098 futurum
2918 2043 3012 2107 sit,
3041 2048 3134 2095 aut
3161 2039 3384 2111 quando

1794 2131 2065 2200 futurum,
2095 2141 2189 2188 aut
2217 2149 2338 2204 quze
2368 2141 2493 2188 ante
2523 2150 2582 2189 se
2605 2133 2717 2203 jam
2739 2134 3046 2188 exstiterint
3075 2131 3378 2202 cognoscit.

1795 2227 1879 2280 Ad
1911 2227 2026 2280 haec
2060 2227 2212 2296 plura
2258 2227 2364 2280 alia
2411 2234 2520 2279 tam
2559 2225 2626 2281 de
2675 2226 2763 2280 illa
2799 2241 2962 2295 quam
2993 2226 3061 2280 de
3083 2225 3298 2279 caeteris
3329 2222 3384 2278 id

1797 2333 1968 2388 genus
1991 2333 2426 2373 commemorare
2447 2333 2760 2388 possumus.
2792 2315 3059 2371 Prazterea
3085 2331 3210 2370 cum
3239 2315 3384 2370 Deus

1793 2409 2081 2464 divisionis
2123 2410 2304 2464 omnis
2348 2425 2546 2480 expers
2585 2409 2680 2472 sit,
2711 2409 2891 2462 anima
2943 2408 3061 2477 ipsa
3086 2406 3382 2470 dividitur;

1791 2498 1938 2568 quod
1971 2497 2057 2552 bis
2095 2496 2279 2552 verbis
2317 2497 2608 2566 Apostolus
2635 2495 2878 2550 indicat:
2924 2494 3080 2548 Vivus
3129 2501 3208 2546 est
3243 2493 3385 2546 enim

1793 2605 1965 2645 sermo
2014 2589 2132 2653 Dei,
2171 2597 2220 2642 et
2252 2588 2454 2657 efﬁcax,
2502 2597 2552 2642 et
2596 2587 2974 2656 penetrabilior
3022 2585 3166 2640 omni
3203 2583 3386 2653 gladio

1795 2681 2036 2748 ancipiti,
2067 2690 2118 2736 et
2147 2681 2443 2750 pertingens
2481 2696 2642 2750 usque
2671 2681 2741 2734 ad
2771 2680 3081 2734 diuisionem
3113 2678 3306 2730 anima:
3333 2684 3385 2729 et

1796 2773 2203 2838 medullarum!
2224 2783 2274 2828 et
2319 2772 2641 2842 disceptator
2684 2773 3086 2843 cogitationum,
3125 2779 3174 2823 et
3211 2770 3387 2822 inten-

133 2861 310 2913 tionum
357 2860 559 2914 cordis.
611 2859 793 2932 Neque
832 2872 911 2916 est
963 2871 1208 2918 creatura
1257 2864 1462 2918 occulta
1513 2878 1694 2917 coram
1728 2867 1841 2936 ipso
1873 2871 1916 2935 ¹,
1946 2877 2054 2925 etc.
2103 2869 2183 2924 Ex
2237 2869 2439 2940 quibus
2487 2867 2742 2923 omnibus
2789 2867 3006 2922 illorum
3048 2864 3235 2937 opinio
3293 2876 3385 2917 re-

133 2949 334 3007 icllitur.

192 3043 262 3095 ε’.
293 3044 401 3097 Καὶ
427 3043 538 3097 τῶν
564 3043 767 3116 [πάλιν]
801 3044 1064 3113 λεγόντων
1109 3045 1170 3098 τὸ
1214 3045 1372 3099 σῶμα
1401 3041 1540 3100 εἶναι
1569 3049 1690 3101 κατ’

1871 3044 1933 3099 V.
1968 3044 2086 3101 Nec.
2113 3045 2296 3101 minus
2341 3054 2398 3099 et
2445 3043 2674 3098 aliorum
2721 3043 3016 3113 rejicienda
3063 3045 3332 3100 sententia
3365 3087 3381 3113 ,

133 3133 292 3187 εἰκόνα
308 3133 590 3188 διαπίπτει
612 3135 771 3188 πάλιν
796 3136 824 3187 ὀ
849 3135 1022 3204 λόγος.
1048 3134 1170 3198 Πῶς
1188 3135 1296 3206 γὰρ
1314 3137 1536 3190 δυνατὸν
1558 3135 1694 3190 εἶναι

1803 3137 1893 3208 qui
1944 3151 2146 3207 corpus
2189 3135 2257 3190 ad
2298 3135 2588 3205 imaginem
2627 3133 2718 3188 Dei
2760 3149 2883 3189 esse
2938 3134 3139 3188 factum
3188 3137 3384 3205 praedi-

133 3221 185 3273 τὸ
207 3223 391 3289 ὁρατὸν
417 3224 500 3293 τῷ
531 3225 746 3295 ἀοράτῳ
774 3226 1182 3296 παραπλήσιον;
1213 3226 1330 3291 πῶς
1361 3228 1420 3280 τὸ
1453 3245 1695 3298 σωματι-

135 3313 215 3368 κὸν
249 3314 322 3385 τῷ
367 3316 680 3386 ἀσωμάτῳο
715 3317 834 3380 πῶς
867 3317 926 3370 τὸ
971 3317 1114 3389 ἁφὴν
1153 3317 1274 3389 ἔχον
1308 3319 1387 3390 τῷ
1423 3319 1691 3391 ἀκαταλή-

136 3423 270 3476 πτῳς
300 3407 546 3478 ’θρῶμεν
573 3408 680 3479 γὰρ
708 3409 867 3479 ἡμεῖς
896 3408 1132 3462 άπὸ.τῶν
1152 3409 1457 3481 ἔμπροσθεν
1471 3405 1556 3473 οἷς
1577 3410 1696 3481 ἔχο-

138 3515 223 3567 μεν
253 3498 580 3569 ὀφθαλμοῖς,
621 3499 693 3552 τὰ
740 3500 968 3554 κατόπιν
1001 3499 1058 3552 δὲ
1094 3499 1412 3570 ἀγνοοῦμεν.
1448 3502 1539 3553 Ἐν
1581 3500 1698 3570 Θεῷ

135 3591 180 3644 δὲ
206 3593 263 3645 οὑ
291 3591 482 3656 πάθος,
509 3593 610 3646 οὐκ
635 3591 940 3662 ἐλάττωμα,
973 3592 1048 3663 μὴ
1072 3593 1314 3660 γένοιτοί
1343 3592 1477 3647 ἀλλὰ
1505 3611 1700 3646 πανταο

137 3679 272 3751 χόθεν
302 3681 418 3733 ἐστὶ
472 3681 620 3748 φῶς,
661 3681 993 3751 πανταχόθεν
1034 3681 1327 3752 ὀφθαλμὸς,
1371 3681 1699 3752 πανταχόθεν

135 3768 264 3834 δόξα.
293 3769 522 3839 Πνεῦμα
560 3771 634 3823 ὢν
662 3773 691 3824 ὁ
723 3771 875 3835 Θεὸς,
906 3772 999 3824 καὶ
1027 3772 1242 3842 πνεῦμα
1286 3773 1424 3843 ὑπὲρ
1455 3772 1696 3844 πνεῦμα,

139 3861 217 3912 καὶ
236 3862 346 3930 φῶς
367 3861 514 3931 ὑπὲρ
537 3863 642 3914 πᾶν
672 3861 808 3930 φῶς.
843 3863 1026 3916 Πάντα
1056 3862 1165 3932 γὰρ
1188 3863 1254 3914 τὰ
1289 3863 1378 3915 ὑπ’
1406 3863 1571 3917 αὑτοῦ
1605 3881 1696 3932 γε-

80 4007 85 4014 ,
139 3955 316 4024 νόμενα
376 3954 689 4008 ὑποϐέϐτκε
746 3955 844 4026 τὴν
893 3955 1057 4009 αὑτοῦ
1115 3955 1292 4020 δόξαν.
1352 3956 1502 4028 Μόνη
1558 3957 1614 4010 δὲ
1666 3960 1700 4027 ὴ

141 4044 289 4115 rm;
343 4047 401 4098 έν
438 4045 790 4117 dicatum”;
826 4048 921 4099 καὶ
991 4047 1050 4099 ὲν
1086 4047 1214 4120 δόξῃ
1264 4049 1566 4118 άνεικάστῳ
1609 4050 1703 4101 καὶ

141 4135 515 4206 ἀκαταλήπτῳ.
567 4135 687 4188 Τῶν
734 4135 790 4189 δὲ
840 4137 1001 4190 πάλιν
1047 4137 1314 4206 λεγόντων
1367 4141 1466 4209 τὴν
1503 4141 1701 4211 ἀρετὴν

143 4223 264 4281 εἰναι
289 4231 405 4281 κατ’
446 4227 656 4290 εἰκόνα,
701 4228 870 4300 ἀρετὴ
903 4229 958 4282 δὲ
997 4229 1126 4284 ἄνευ
1161 4231 1405 4300 φυλακῆς
1437 4231 1704 4301 ὲνταλμά-

142 4333 233 4371 των
257 4321 312 4373 οὒ
335 4319 563 4374 δύναται
593 4315 755 4373 εἶναι..
783 4319 972 4373 Πολλοὶ
997 4321 1054 4374 δὲ
1083 4323 1140 4374 ὲν
1165 4322 1330 4393 ἀρετῇ
1353 4321 1702 4393 διαφερέστε-

147 4423 214 4476 ροι
239 4408 500 4478 ἀλλήλων.
539 4408 767 4480 Ἀρετῆς
802 4409 908 4480 γάρ
942 4411 1089 4464 ἐστιν
1141 4411 1258 4480 εἴδη
1309 4411 1500 4464 πολλά.
1542 4411 1700 4464 Οἴδα-

1798 3237 1940 3282 cant.
1965 3226 2102 3281 Nam
2133 3226 2226 3296 qui
2261 3226 2375 3280 ﬁeri
2405 3233 2604 3294 potest,
2638 3233 2719 3290 ut,
2751 3225 2894 3294 quod
2920 3227 3251 3295 aspectabile
3277 3235 3382 3295 est,

1797 3321 1844 3376 ei
1868 3320 2046 3376 simile
2075 3319 2167 3383 sit,
2191 3316 2334 3388 quod
2357 3315 2531 3371 videri
2562 3331 2670 3369 non
2698 3323 2896 3385 potest,
2929 3327 3023 3370 alit
3054 3331 3380 3387 corporeum

1803 3411 2049 3480 corporis
2101 3409 2331 3478 experti,
2382 3415 2476 3461 aut
2517 3407 2660 3476 quod
2711 3408 3036 3462 contrectari
3092 3415 3290 3477 potest.
3333 3408 3384 3464 ei

1801 3501 1944 3570 quod
1987 3497 2318 3568 apprehendi
2370 3497 2595 3566 nequit?
2633 3495 2902 3552 Praeterea
2957 3512 3058 3552 nos
3109 3499 3384 3552 anteriora

1799 3591 2061 3645 duntaxat
2093 3589 2268 3644 oculis
2323 3587 2526 3642 nostris
2581 3587 2876 3649 cernimus,
2917 3602 3038 3657 qua
3080 3603 3222 3658 pone
3255 3596 3384 3643 sunt

1801 3682 2133 3752 ignoramus.
2157 3681 2330 3736 Penes
2361 3679 2529 3735 Deum
2560 3687 2762 3742 autem,
2793 3693 2966 3748 neque
2997 3679 3206 3733 aliectio
3241 3681 3374 3744 ulla,

1801 3789 1978 3844 neque
2025 3771 2270 3828 defectus
2313 3781 2419 3839 est,
2471 3772 2566 3827 sed
2616 3770 2977 3840 undecunque
3003 3771 3170 3841 διδ
3199 3772 3382 3825 lumen

1800 3871 1904 3930 est,
1949 3863 2311 3932 undecunque
2353 3863 2563 3923 oculus,
2596 3861 2956 3930 undecunque
2985 3861 3155 3930 gloria
3213 3861 3384 3930 Spiri-

1801 3964 1888 4010 tus
1920 3955 2063 4009 enim
2095 3955 2238 4009 Deus
2268 3961 2374 4019 est,
2407 3953 2497 4024 qui
2529 3967 2745 4008 omnem
2776 3953 3028 4022 Spiritum
3061 3961 3377 4018 exsuperat,

1800 4057 1854 4102 et
1895 4047 1988 4100 lux
2030 4046 2152 4100 luce
2187 4046 2336 4100 omni
2379 4045 2741 4115 praestantior.
2793 4043 3068 4112 Quidquid
3121 4044 3267 4098 enim
3319 4044 3388 4096 ab

1803 4138 1921 4203 ipso
1969 4134 2243 4188 conditum
2291 4145 2393 4197 est,
2446 4133 2587 4186 inl'ra
2635 4133 2780 4186 illius
2823 4132 2990 4186 decus
3038 4146 3102 4185 ac
3151 4133 3382 4201 gloriam

1801 4235 1906 4281 est.
1941 4225 2066 4280 Sola
2101 4241 2230 4280 vero
2254 4224 2495 4280 Trinitas
2533 4223 2918 4292 comprehendi
2959 4237 3066 4276 non
3100 4231 3296 4291 potest,
3331 4233 3387 4277 et

1804 4317 2068 4372 inﬁnitam
2101 4317 2390 4386 quamdam
2431 4317 2656 4386 gloriam
2691 4315 2921 4378 obtinet,
2956 4329 3078 4384 qua:
3116 4329 3214 4368 nec
3253 4329 3387 4367 con-

1799 4410 2010 4480 jectura
2059 4409 2291 4477 capitur,
2338 4421 2438 4461 nec
2482 4405 2832 4475 intelligentia
2875 4404 3192 4473 percipitur.
3229 4403 3383 4469 Quod

148 4516 229 4567 μεν
254 4501 361 4570 γὰρ
391 4501 549 4554 αὐτοὶ
591 4501 684 4553 καί
721 4518 873 4565 τινας
909 4501 1016 4554 άπὸ
1054 4501 1400 4572 ὁμολογητῶν
1438 4503 1696 4573 ὑπάρχον-

1810 4503 1875 4557 ad
1923 4502 2043 4556 illos
2084 4516 2211 4555 vero
2260 4500 2516 4570 pertinet,
2547 4498 2640 4569 qui
2682 4499 2735 4551 in
2773 4499 2970 4552 virtute
3013 4497 3383 4551 conditionem

143 4604 244 4650 τας,
273 4591 465 4654 οἵτινες
498 4589 704 4644 ἑαυτῶν
748 4589 809 4643 τὸ
853 4591 1012 4661 σῶμα
1036 4590 1298 4646 δεδώκασι
1338 4593 1433 4646 καὶ
1470 4592 1566 4664 τὴν
1597 4592 1698 4662 ψυ-

145 4681 230 4751 χὴν
278 4683 414 4754 ὑπὲρ
470 4682 566 4736 τοῦ
610 4682 816 4736 ἑαυτῶν
857 4684 1127 4738 Δεσπότου
1181 4685 1239 4738 ὲν
1295 4685 1556 4755 ὁμολογία
1603 4683 1699 4738 καὶ

147 4771 314 4842 ἁγνεία
360 4771 791 4835 διατελέσαντες,
841 4772 1022 4825 πίστιν
1050 4789 1109 4824 τε
1140 4771 1509 4842 ἀληθεστάτην
1536 4773 1699 4844 ὲκτήο

148 4880 307 4930 caveo,
357 4866 614 4936 εὐσεϐείᾳ
663 4865 1017 4936 διενηνόχασι,
1049 4865 1426 4936 φιλανθρωπία
1471 4866 1564 4918 και⁵
1609 4866 1699 4917 εὑ-

146 4953 334 5027 λαόεἰᾳ,
367 4958 427 5009 ὲν
469 4956 744 5026 νηστείαις
769 4972 826 5008 τε
869 4955 1076 5024 διῆξαν,
1102 4954 1198 5008 καὶ
1226 4956 1283 5007 ὲν
1320 4956 1468 5028 πάσῃ
1500 4956 1700 5022 ἀγαθό·

148 5061 269 5115 τητι,
309 5047 402 5100 καὶ
443 5049 504 5098 ὲν
551 5047 751 5117 ἀρετῆς
795 5046 1131 5116 τεκμηρίοις.
1171 5045 1490 5116 Συμϐέὸηκε
1522 5045 1580 5098 δὲ
1608 5045 1701 5098 αὑ-

150 5135 256 5196 τοὺς
282 5135 420 5205 ἔχειν
448 5136 756 5204 ἐλάττωμα,
787 5137 906 5206 ἦτοι
957 5134 1244 5206 λοιδόρους,
1275 5135 1391 5206 ἦτοι
1439 5134 1705 5205 ὀμνύντας

152 5222 200 5274 ὲν
230 5225 443 5296 ὀνόματι
481 5225 639 5289 Θεοῦ,
669 5226 702 5296 ἢ
730 5221 869 5278 εἶναι
901 5224 1186 5296 μυθώδεις,
1223 5225 1256 5296 ἢ
1285 5226 1702 5294 άγανακτικοὺς,

152 5313 308 5382 ἢβίον
337 5317 638 5388 κεκτῆσθαι
667 5315 870 5388 χρυσοῦ
911 5317 1005 5369 καὶ
1047 5315 1320 5386 ἀργύρου,
1365 5318 1461 5369 καὶ
1509 5316 1701 5380 ἄλλων,

156 5405 290 5460 ἅτινα
329 5408 522 5478 ἐλλιπῆ
600 5412 834 5462 ποιεῖται
891 5409 990 5477 τῆς
1049 5407 1249 5479 ἀρετῆς
1295 5407 1363 5461 τὰ
1409 5407 1608 5478 μέτραρ
1640 5407 1704 5459 Ti

154 5491 234 5549 οὖν
270 5500 545 5570 εῖπωμεν;
603 5500 676 5553 Τὸ
729 5499 825 5570 μὲν
866 5501 984 5553 κατ’
1006 5499 1190 5553 εἰκόνα
1233 5499 1323 5552 διὰ
1365 5499 1463 5569 τὴν
1506 5499 1703 5571 ἀρετὴν

156 5583 446 5660 ἐκτήσαντο,
479 5591 568 5645 διὰ
589 5590 647 5644 δὲ
683 5591 754 5646 τά
799 5591 954 5660 ὀλίγα
996 5591 1308 5662 ἀνθρώπινα
1336 5590 1443 5645 τῶν
1475 5591 1706 5644 ἐλαττωο

220 5744 409 5805 ⁸Ηοὸτ.
446 5764 526 5816 tv,
558 5743 649 5814 Β,
681 5749 768 5806 15.

1801 4595 1947 4647 illam
1979 4591 2230 4660 imaginis
2260 4591 2550 4654 collocant,
2593 4606 2660 4644 ne
2705 4589 2780 4642 illi
2821 4587 3040 4658 quidem
3079 4596 3227 4643 recte
3259 4602 3388 4643 sen-

1803 4686 1966 4739 tiunt.
2013 4683 2147 4736 Nam
2195 4683 2368 4738 virtus
2416 4682 2535 4738 sine
2582 4683 2962 4736 mandatorum
3003 4681 3390 4736 observatione

1803 4776 2106 4832 consistere
2144 4789 2254 4828 non
2287 4781 2484 4844 potest.
2534 4771 2640 4828 Sed
2681 4783 2735 4827 et
2781 4773 2978 4828 virtute
3019 4773 3261 4843 plerique
3305 4772 3390 4826 in—

1809 4870 1980 4923 vicem
2024 4867 2376 4930 antecellunt,
2420 4865 2563 4935 quod
2607 4865 2826 4918 virtutis
2871 4879 3068 4935 genera
3115 4863 3227 4918 sint
3267 4877 3390 4932 per-

1810 4958 2002 5014 multa.
2027 4955 2104 5010 Ac
2139 4970 2241 5012 nos
2269 4955 2564 5010 nonnullos
2601 4970 2632 5008 e
2665 4953 3072 5008 confessoribus
3099 4951 3352 5006 novimus
3371 4990 3386 5015 ,

1809 5046 1903 5116 qui
1935 5059 2135 5114 corpus
2163 5055 2219 5099 et
2250 5045 2489 5097 animam
2519 5057 2618 5112 pro
2645 5040 2872 5096 Domino
2897 5055 2996 5095 suo
3024 5039 3395 5103 tradiderunt,

1809 5145 1863 5192 et
1894 5137 1947 5190 in
1981 5135 2328 5191 confessione
2364 5149 2427 5188 ac
2477 5132 2801 5188 castimonia
2832 5138 3245 5201 perseverantes
3277 5130 3366 5188 sin

1809 5229 2148 5285 cerissimam
2176 5227 2334 5282 ﬁdem
2365 5227 2470 5281 sibi
2506 5231 2916 5294 compararunt,
2950 5237 3014 5276 ac
3042 5223 3262 5292 pietate,
3297 5224 3393 5278 hu-

1809 5319 2092 5384 manitate,
2125 5317 2386 5388 religione
2403 5316 2806 5387 praestiterunt;
2841 5315 2895 5368 in
2923 5313 3149 5384 jejuniis
3182 5313 3392 5370 assidui

1811 5410 2063 5474 fuerunt;
2095 5409 2150 5462 in
2176 5409 2326 5463 omni
2352 5407 2586 5476 denique
2604 5405 2870 5474 probitate
2887 5419 2951 5460 ac
2979 5405 3195 5460 virtutis
3211 5407 3389 5477 speci-

1811 5500 1956 5554 mine
1967 5497 2289 5554 ﬂoruerunt.
2314 5497 2475 5553 [idem
2494 5505 2674 5551 tamen
2694 5496 2825 5551 vitio
2841 5495 3226 5568 aliquosuﬂ‘usi
3240 5505 3391 5562 sunt,

1814 5598 1978 5646 utaut
1997 5591 2052 5648 in
2069 5590 2315 5648 convicia
2335 5591 2690 5658 procliviores
2712 5598 2918 5656 essent,
2949 5599 3045 5650 aut
3061 5591 3153 5648 Dei
3191 5607 3392 5651 nomen
