3826 6206
420 369 525 424 347

1829 366 1886 421 S.
1933 364 2275 422 EPIPIIANII

3578 368 3677 424 ’548

402 485 737 554 dejerarent,
782 487 877 535 aut
928 479 1275 551 loquaciores
1329 488 1533 545 essent,
1570 488 1662 533 aut
1702 480 1985 535 iracundia

2116 484 2276 537 ιάτων
2318 484 2468 556 παρὰ
2517 486 2701 558 σχῆμα
2730 477 2870 538 εῖναι
2901 483 3001 555 τὴν
3030 484 3235 546 εἰκόνα,
3258 484 3352 538 καὶ
3381 482 3566 537 οὐκέτι
3599 501 3677 536 τε-

401 575 661 650 prompti,
681 583 773 629 aut
794 589 987 628 aurum
1005 580 1353 644 argentumve
1369 571 1731 644 possiderent,
1747 580 1841 626 aut
1859 573 1980 627 aliis

2116 577 2239 630 ,είαν
2270 576 2365 647 τὴν
2408 578 2466 629 ὲν
2514 577 2699 641 αὐτοῖς
2745 574 2973 642 είκόνα;
3021 577 3115 630 καὶ
3161 576 3324 629 πάλιν
3365 575 3615 628 διέπεσεν
3652 578 3678 627 ό

400 668 638 737 denique
692 666 948 721 sordibus
996 666 1424 727 obsolescerent,
1467 680 1586 734 qua:
1624 665 1872 718 nonnihil
1908 664 1975 720 de

396 758 549 825 justa
600 755 817 809 virtutis
862 769 1117 809 mensura
1171 755 1486 809 detrahunt.
1524 756 1596 809 De
1622 755 1821 823 quibus
1857 754 1987 824 quid

402 845 623 899 tandem
654 842 856 897 dicturi
884 842 1205 898 sumus?Au
1226 843 1345 898 illos
1376 843 1627 913 imaginis
1654 842 1823 897 decus
1859 842 1988 897 illud

408 952 514 992 sua
536 937 638 991 sibi
674 936 870 988 virtute
904 935 1201 1004 quaesisse;
1227 934 1320 989 sed
1357 942 1579 1003 prepter
1617 934 1886 990 humanos
1904 935 1997 989 ali-

413 1044 555 1099 quos
570 1042 750 1081 naevos
772 1028 835 1080 ha
845 1028 1093 1095 neipsam
1112 1026 1401 1095 imaginem
1422 1026 1603 1095 specie
1617 1034 1777 1081 tenus
1802 1027 1871 1081 ab
1889 1026 1997 1081 illis

416 1119 552 1189 geri.
604 1133 704 1172 nec
766 1116 1061 1186 perfectam
1122 1117 1537 1185 absolutamque
1594 1117 1849 1170 retineri?
1908 1116 1999 1170 Sic

419 1212 631 1264 illorum
664 1212 885 1279 explosa
928 1210 1194 1263 sententia
1227 1217 1329 1263 est.
1372 1207 1489 1261 Jam
1522 1224 1648 1262 vero
1679 1209 1769 1276 qui
1816 1210 1868 1261 iu
1904 1209 2003 1261 ba-

421 1303 619 1371 ptismo
655 1301 835 1354 inesse
879 1300 1067 1353 dicunt
1114 1300 1423 1369 imaginem,
1452 1300 1798 1354 vehementer
1843 1301 2003 1354 aber-

420 1400 564 1444 rant.
593 1388 724 1442 Nam
759 1405 857 1443 nec
893 1390 1164 1443 Abraham
1190 1390 1459 1459 baptismo
1490 1390 1733 1443 initiatus
1767 1398 1870 1454 est,
1903 1406 2004 1445 nec

405 1486 576 1541 Isaac.
607 1498 783 1550 neque
828 1479 1019 1543 Jacob,
1066 1498 1166 1535 nec
1201 1481 1365 1547 Elias,
1408 1496 1587 1550 neque
1634 1481 1867 1551 Moyses,
1899 1498 2001 1537 nec

2092 667 2298 721 τούτων
2333 668 2508 735 λόγος.
2544 667 2668 719 Τῶν
2711 667 2767 720 δὲ
2810 667 2971 722 πάλιν
3006 666 3272 734 λεγόντων
3310 666 3371 718 τὸ
3402 666 3677 735 βάπτισμα

2096 755 2235 813 εἶναι
2276 759 2396 813 κατ’
2441 759 2645 826 εἰκόνα,
2670 759 2805 813 πολύ
2852 777 2905 813 τι
2944 759 3225 813 διαπίπτει
3266 760 3296 811 ό
3336 758 3515 825 λόγος.
3550 756 3679 810 Οῦτε

2100 847 2208 918 γὰρ
2245 847 2495 918 Ἀϐραὰμ
2544 848 2669 917 ἔσχε
2712 848 2776 901 τὸ
2812 842 3115 918 βάπτισμα,
3161 847 3285 901 οῦτε
3320 849 3529 910 Ἰσαὰκ,
3564 846 3678 900 οὔτε

2115 937 2328 1002 Ἰακὼϐ,
2367 938 2489 991 οῦτε
2529 939 2735 1001 Ἠλίας,
2772 938 2895 991 οῦτε
2936 940 3194 1010 Μωῦσῆς,
3234 939 3359 993 οὔτε
3397 941 3447 992 οί
3489 941 3681 1010 πρότε-

2107 1047 2197 1101 ρον
2225 1031 2353 1101 περὶ
2384 1029 2503 1081 Νῶε
2531 1030 2623 1082 καὶ
2649 1030 2842 1100 Ἑνὼχ,
2876 1029 2998 1081 οῦτε
3042 1032 3088 1082 oi
3138 1031 3263 1100 περὶ
3305 1032 3431 1093 τοὺς
3477 1033 3683 1100 προφήο

2105 1138 2222 1186 τας,
2258 1122 2484 1173 Ἡσαΐαν
2538 1122 2630 1174 καὶ
2671 1123 2795 1183 τοῦς
2841 1120 3091 1190 καθεξῆς.
3128 1121 3192 1173 Τί
3230 1118 3353 1183 οῦν;
3396 1117 3507 1192 ἆρα
3542 1122 3681 1174 ἐκεῖ-

2108 1228 2187 1262 νοι
2223 1210 2322 1263 οὐκ
2353 1210 2533 1281 έχουσι
2566 1210 2626 1263 τὸ
2662 1211 2780 1263 κατ’
2813 1210 3029 1273 εἰκόνας
3078 1210 3187 1262 Καὶ
3229 1209 3395 1278 πολλή
3432 1226 3519 1270 τις
3564 1209 3678 1261 ἐστὶ

2109 1302 2245 1372 πρὸς
2273 1302 2491 1364 τούτους
2520 1303 2552 1371 ή
2585 1301 2879 1369 ἀντιλογία,
2928 1300 3116 1371 ὥσπερ
3150 1302 3274 1363 τοὺς
3319 1300 3447 1370 περ).
3477 1299 3681 1362 Λύδιον,

2108 1393 2425 1460 φιλονείκως
2469 1391 2747 1464 ὁρίζοντας
2794 1389 2933 1447 εἶναι
2974 1395 3031 1447 ὲν
3067 1393 3144 1464 τῷ
3204 1392 3417 1463 σώματι
3454 1392 3520 1445 τὸ
3567 1394 3680 1445 κατ’

2108 1485 2311 1537 εἰκόνα.

413 1573 754 1641 antiquiores
790 1572 898 1625 illis
932 1570 1045 1627 Noe
1075 1581 1128 1627 et
1160 1572 1365 1633 llenoc,
1398 1589 1574 1642 neque
1608 1574 1904 1643 prophetae,
1972 1585 2030 1630 ut
2094 1578 2281 1640 Isaias,
2324 1585 2377 1633 et
2434 1578 2635 1632 caueri.
2686 1576 2825 1643 Quid
2873 1576 3074 1647 igitur?
3123 1577 3203 1631 An
3255 1578 3547 1646 imaginem
3593 1577 3664 1631 illi

414 1661 508 1716 Dei
554 1678 659 1716 non
708 1663 1049 1717 habuerunt?
1104 1664 1289 1734 Magna
1340 1665 1496 1719 nobis
1550 1674 1991 1736 argumentorum
2048 1670 2309 1727 adversus
2349 1672 2469 1727 illos
2503 1660 2663 1741 copia
2693 1678 2798 1737 est,
2835 1678 2893 1724 ut
2924 1677 2978 1726 ct
3011 1678 3202 1724 contra
3263 1670 3525 1735 Audium,
3577 1671 3667 1739 qui

414 1755 702 1824 imaginem
734 1754 790 1808 in
818 1770 1045 1824 corpore
1074 1756 1251 1811 inesse
1278 1757 1569 1825 pertendit.

487 1844 575 1897 Vl.
616 1845 734 1898 Alia
765 1853 894 1899 sunt
932 1845 1231 1915 Scriptura:
1274 1848 1607 1912 testimonia,
1638 1864 1757 1917 qua:
1789 1849 1856 1903 ab
1893 1848 2001 1902 Au-

2176 1846 2265 1915 (τ’.
2293 1847 2519 1916 Φέρουσι
2550 1847 2607 1900 δὲ
2638 1828 2727 1900 καὶ
2765 1848 2929 1911 ἄλλας
2970 1847 3120 1910 τινὰς
3163 1848 3467 1919 μαρτυρίας
3498 1850 3551 1902 οἱ
3590 1852 3682 1903 αὖ·

414 1936 594 1991 dianis
620 1936 941 1991 eﬂ‘eruntur.
978 1936 1126 1991 Velut
1157 1956 1169 1990 :
1214 1938 1367 1992 Oculi
1400 1937 1613 1992 Domini
1641 1944 1694 1992 in
1720 1955 1995 2011 pauperem

415 2029 721 2095 respiciunt,
751 2037 800 2080 et
836 2043 989 2080 aures
1039 2028 1153 2097 ejus
1194 2028 1247 2080 in
1298 2044 1473 2096 preces
1521 2045 1701 2081 eorum
1733 2031 1785 2095 ‘;
1825 2030 1997 2085 item:

418 2117 613 2172 Munus
654 2118 867 2171 Domini
893 2118 1015 2185 fecit
1060 2118 1171 2172 lucc
1220 2120 1393 2171 omnia
1422 2120 1472 2182 ’ς
1521 2130 1575 2173 et
1608 2139 1620 2173 :
1660 2119 1846 2173 Nonne
1881 2138 1996 2173 ma-

418 2225 516 2262 nus
562 2225 677 2262 mea
724 2208 847 2275 fecit
898 2208 1007 2260 lucc
1048 2210 1261 2270 omnia,
1295 2225 1324 2261 ο
1364 2210 1513 2261 dum:
1568 2211 1780 2263 cervicis
1834 2212 2002 2263 homi-

420 2316 508 2353 nes
540 2300 595 2351 '?
624 2300 748 2353 item
780 2317 793 2352 :
828 2297 1028 2353 Caelum
1062 2299 1189 2352 mihi
1218 2300 1364 2354 sedes
1393 2310 1490 2363 ενι,
1524 2311 1570 2354 et
1612 2311 1749 2353 terra
1793 2300 2001 2353 scabel-

422 2400 528 2443 tum
556 2389 745 2459 pedum
778 2405 1009 2443 meorum
1038 2390 1080 2452 ⁸,
1108 2404 1170 2443 ac
1204 2390 1430 2459 reliqua,
1463 2407 1583 2460 qua:
1629 2392 1695 2444 ad
1719 2408 1842 2445 eum
1886 2408 2004 2443 iuo-

421 2481 550 2534 dum
587 2479 653 2532 de
687 2478 793 2534 Deo
827 2480 1029 2549 scripta
1066 2489 1212 2534 sunt.
1246 2478 1533 2543 Prarterca,
1576 2480 1691 2533 Vidi
1728 2481 2005 2534 Dominum

421 2569 585 2639 817
613 2571 938 2623 exercituum
969 2570 1318 2629 sedentemin
1363 2570 1549 2623 throno
1588 2571 1791 2623 excelso
1820 2580 1868 2623 et
1899 2571 2005 2624 ele-

424 2675 562 2714 ιναιο.
600 2659 667 2712 Ει
694 2669 807 2713 erat
836 2670 991 2727 caput
1022 2660 1135 2728 ejus
1173 2669 1419 2730 tanquam
1463 2662 1586 2713 lana
1615 2662 1759 2724 alba,
1791 2670 1839 2714 et
1874 2663 2009 2714 ami-

423 2762 537 2805 ctus
563 2752 678 2819 cius
716 2752 849 2805 sicut
880 2753 971 2803 nia:
997 2754 1039 2804 ³.
1076 2752 1476 2820 Animadvertis
1510 2752 1694 2821 igitur,
1733 2754 2005 2821 inquiunt,

423 2859 625 2912 corpus
666 2842 732 2897 ad
773 2843 1061 2909 imaginem
1114 2842 1208 2897 Dei
1255 2858 1377 2897 εςνο
1428 2841 1671 2897 factum?
1704 2844 1877 2913 Atque
1908 2845 2008 2899 hac

424 2932 643 3002 quidem
691 2932 746 2986 in
796 2942 949 3002 parte
996 2933 1261 2986 acerrime
1295 2947 1353 2986 se
1394 2933 1551 2986 nobis
1599 2941 1899 3001 opponunt,
1933 2944 2004 2997 et,

426 3036 546 3091 qua:
574 3036 737 3090 supra
766 3020 1001 3075 hominis
1029 3028 1247 3089 captum
1273 3028 1420 3085 sunt,
1447 3020 1707 3074 violenter
1736 3021 2008 3076 all‘ectant.

2104 1940 2187 1993 τοὶ
2225 1939 2474 1992 Αύδιανοὶ
2514 1938 2622 1991 ἀπὸ
2662 1940 2760 2009 τῆς
2798 1939 2947 2002 Θείας
2999 1940 3249 2009 Γραφῆς,
3280 1939 3567 2007 λέγοντες,
3606 1944 3682 1995 ὅτι

2114 2030 2427 2099 Ὀςρθαλμοί
2460 2030 2679 2097 Κυρίου
2707 2029 2805 2082 ἐπὶ
2848 2029 2954 2081 τὸν
2980 2028 3207 2096 πένητα
3246 2031 3681 2095 ἀποϐλέπουσι,

2102 2118 2201 2171 καὶ
2261 2118 2332 2172 τὰ
2370 2113 2490 2172 ὦτα
2529 2118 2716 2172 αὐτοῦ
2763 2121 2851 2183 εἱς
2900 2117 3114 2184 δέησιν
3137 2118 3367 2172 αὐτῶν’
3405 2122 3524 2184 καὶ,
3556 2123 3686 2189 Χείρ

2103 2207 2319 2274 Κυρίου
2345 2208 2593 2274 ἐποίησε
2624 2206 2809 2259 ταῦτα
2859 2202 3084 2259 πάγην
3118 2207 3231 2267 καὶ,
3270 2208 3415 2275 Οὐχὶ
3462 2210 3502 2275 ή
3562 2210 3687 2276 χείρ

2097 2316 2217 2366 μου
2276 2298 2525 2365 ἐποίησε
2584 2297 2769 2350 ταῦτα
2835 2296 3030 2349 πάντα
3052 2336 3068 2362 ,
3129 2297 3687 2365 σκλῳοτρὰχηλοω

2105 2390 2217 2452 καὶ,
2262 2388 2323 2441 '0
2354 2389 2608 2457 οὐρανός
2652 2406 2753 2457 μοι
2796 2390 3028 2455 θρόνος,
3060 2388 3097 2455 ἡ
3136 2386 3205 2440 δὲ
3251 2386 3323 2457 γῆ
3356 2388 3690 2443 ὑποπόδιον

2104 2477 2223 2531 τῶν
2264 2477 2464 2532 ποδῶν
2495 2493 2646 2547 μου·
2704 2479 2797 2531 καὶ
2838 2480 2938 2531 ὅσα
2980 2477 3205 2531 τοιαῦτα
3253 2478 3380 2549 περὶ
3424 2478 3562 2531 Θεοῦ
3597 2481 3687 2545 γέ-

2106 2585 2378 2639 γραπται·
2426 2569 2519 2622 καὶ
2564 2569 2645 2622 ὅτι
2692 2565 2874 2622 Εἶδον
2899 2568 3005 2621 τὸν
3028 2568 3246 2634 Κύριον
3277 2568 3520 2621 Σαϐαὼθ
3549 2573 3689 2622 καθ-

2106 2660 2329 2729 ήμενον
2365 2659 2463 2712 ἐπὶ
2508 2660 2723 2728 θρόνου
2772 2660 3014 2727 ὑψηλοῦ
3056 2660 3154 2712 καί
3196 2659 3553 2726 ἐπηρμένου.
3584 2660 3690 2713 Καὶ

2106 2747 2185 2821 ἦν
2234 2751 2272 2817 ἡ
2326 2751 2558 2819 κεφαλὴ
2591 2750 2776 2805 αὑτοῦ
2810 2751 2951 2803 ὡσεὶ
2998 2749 3160 2818 ἔριον
3206 2752 3449 2813 λευκὸν,
3481 2750 3579 2801 καὶ
3628 2750 3689 2803 τύ

2108 2845 2483 2911 περιϐόλαιον
2533 2842 2718 2895 αὑτοῦ
2766 2842 2908 2895 ὡσεὶ
2955 2841 3125 2910 χιών.
3172 2842 3280 2894 Καὶ
3329 2843 3484 2911 ὁρᾷς,
3536 2842 3689 2909 φησι,

2110 2934 2225 2997 πῶς
2252 2934 2365 2986 ἐστι
2396 2933 2455 2985 τὸ
2489 2932 2646 3003 σῶμα
2677 2932 2795 2985 κατ’
2830 2933 3013 2985 εἰκόνα
3055 2931 3230 2992 Θεοῦ;
3276 2932 3384 2984 Kal
3428 2931 3537 2983 είσὶ
3589 2931 3691 2984 κᾶν

2108 3026 2280 3096 τούτῳ
2314 3023 2744 3087 ἁντιπίπτοντες,
2792 3025 2887 3077 καὶ
2938 3024 3247 3095 βιαζόμενοι
3292 3022 3429 3092 ὑπὲρ
3464 3022 3692 3090 δύναμιν

428 3113 571 3179 Quin
612 3120 666 3166 et
710 3112 840 3166 illud
884 3110 1189 3180 proferunt,
1227 3111 1374 3181 quod
1428 3110 1691 3166 Dominus
1730 3112 2009 3182 prophetis

2116 3114 2474 3188 ἀνθρωπείαν.
2519 3116 2626 3167 Kal
2659 3114 2739 3178 τὸ,
2777 3114 2952 3185 Ὠφθη
2988 3114 3191 3183 Κύριος
3223 3113 3335 3175 τοῖς
3363 3112 3687 3181 προφήταις.

432 3204 749 3272 apparuisse
790 3202 1003 3271 legitur.
1049 3200 1250 3255 Verum
1299 3202 1387 3254 hic
1428 3201 1643 3270 quidem
1692 3203 1917 3271 perinde
1952 3218 2012 3255 ae

2116 3185 2223 3260 Kal
2248 3204 2401 3275 ὤφθη
2438 3204 2619 3274 μέντοι
2645 3202 2719 3265 ὡς
2748 3200 3001 3271 ἠθέλησε,
3027 3198 3249 3261 δυνατός
3276 3199 3350 3252 ὢν
3395 3201 3453 3251 ὲν
3498 3200 3688 3252 tinam.

433 3295 646 3347 libitum
699 3300 806 3357 est,
848 3291 1139 3346 videndum
1188 3308 1247 3347 se
1298 3291 1548 3361 praebuit,
1594 3307 1717 3345 cum
1766 3292 1899 3346 nihil
1945 3293 2016 3345 sit

434 3386 554 3453 ejus
594 3386 845 3453 potestati
879 3383 1241 3436 subtractum.
1278 3381 1459 3451 Neque
1485 3397 1613 3437 vero
1646 3381 1812 3437 Deum
1850 3396 2017 3451 nega-

437 3491 559 3531 mus
597 3490 625 3528 a
671 3474 981 3544 prophetis,
1027 3474 1136 3527 imo
1165 3488 1293 3527 vero
1324 3480 1377 3527 et
1425 3473 1491 3527 ab
1521 3473 1784 3541 apostolis
1819 3473 2018 3526 asseri-

437 3583 560 3621 mus
597 3582 719 3620 esse
756 3572 1131 3635 conspectum.
1172 3562 1303 3615 Nam
1357 3562 1667 3631 Stephanus
1717 3568 2015 3630 martyrum

439 3659 686 3729 primus:
724 3656 877 3720 Ecce,
912 3655 1111 3724 inquit,
1141 3653 1285 3706 video
1320 3653 1506 3706 caelum
1545 3660 1805 3720 apertum,
1836 3660 1883 3703 et
1928 3648 2017 3701 Fi—

440 3747 571 3800 lium
623 3746 848 3798 hominis
909 3754 1137 3798 stantem
1185 3760 1217 3795 a
1260 3742 1489 3795 dexteris
1538 3741 1633 3794 Dei
1670 3750 1717 3794 et
1762 3740 1939 3793 Patris
1975 3744 2016 3794 θ.

442 3836 732 3891 Enimvero
782 3835 1021 3905 Optimus
1080 3834 1169 3889 ille
1227 3833 1369 3887 Deus
1425 3834 1753 3902 singularem
1803 3833 2020 3900 opilicio

442 3942 544 3983 suo
576 3927 967 3980 humanitatem
1016 3924 1302 3985 adhibens,
1340 3939 1407 3977 ne
1456 3924 1558 3977 sibi
1608 3922 1743 3992 ipsis
1778 3922 2021 3975 infideles

443 4018 608 4088 aliqui
642 4016 1049 4088 persuaderent,
1081 4030 1202 4083 qua:
1252 4013 1319 4068 de
1366 4012 1476 4066 Deo
1522 4013 1800 4076 dicuntur,
1842 4012 2022 4065 verbis

442 4111 646 4177 omnia,
681 4124 789 4163 non
831 4108 1056 4162 veritate
1108 4113 1382 4168 constare,
1413 4114 1467 4159 et
1506 4120 1625 4174 quae
1665 4103 1733 4158 ab
1774 4104 1863 4157 illo
1893 4116 2020 4171 pro-

444 4205 691 4258 nuntiata
722 4210 870 4264 sunt,
906 4200 1085 4269 reipsa
1124 4213 1233 4253 non
1291 4196 1515 4267 expleri.
1568 4196 1780 4263 Oportet
1825 4205 2018 4254 autent,

444 4305 504 4349 ut
531 4294 825 4365 Apostolus
859 4292 1073 4355 scribit,
1117 4289 1445 4344 accedentem
1492 4288 1563 4342 ad
1598 4288 1761 4341 Deum
1793 4287 2020 4349 credere,

443 4388 689 4458 quoniam
716 4394 812 4447 est,
836 4393 883 4437 et
908 4382 1243 4453 diligentibus
1273 4382 1445 4450 ipsum
1489 4390 1850 4433 remunerator
1870 4387 1948 4431 est
1975 4379 2017 4430 ⁷.

452 4478 518 4533 Ut
550 4477 715 4547 igitur
753 4475 971 4530 condito
1012 4490 1042 4528 a
1084 4489 1142 4529 se
1186 4474 1393 4527 homini
1443 4472 1692 4526 ﬁduciam
1739 4472 2023 4541 ingenera-

447 4576 552 4632 ret,
600 4583 700 4638 pro
744 4581 843 4621 sua
891 4565 1130 4635 potentia
1190 4564 1395 4618 sanctis
1452 4563 1786 4623 hominibus,
1838 4572 1893 4616 et
1931 4562 2024 4615 illo

447 4668 745 4730 conspectu
794 4656 975 4727 dignis
1041 4656 1281 4726 seipsum
1331 4654 1532 4726 detegit
1580 4655 1743 4712 Deus.
1793 4661 1852 4707 ut
1908 4654 2026 4723 ipso

448 4751 668 4822 proprie
710 4756 969 4818 certoque
1018 4757 1330 4817 conspecto,
1376 4747 1615 4800 animum
1668 4760 1827 4799 suum
1880 4748 2027 4799 velut

2116 3293 2225 3347 Kal
2255 3292 2353 3345 οὐκ
2379 3290 2707 3361 ἀρνούμεθα,
2738 3289 2820 3341 ὅτι
2858 3282 2994 3343 εἶδον
3034 3289 3083 3341 οί
3114 3289 3386 3359 προφῆται
3425 3289 3561 3347 Bede
3580 3308 3593 3319 ο
3632 3289 3689 3339 οὐ

2120 3384 2278 3453 μόνον
2307 3382 2360 3434 δὲ
2404 3383 2452 3434 οἱ
2491 3383 2788 3453 προφῆται,
2819 3379 2955 3433 ἀλλὰ
2987 3380 3080 3432 καὶ
3117 3381 3165 3432 οἱ
3203 3379 3511 3433 ἀπόστολοι.
3556 3379 3693 3447 Φησὶ

2116 3474 2224 3544 γὰρ
2266 3476 2294 3527 ό
2338 3473 2493 3541 ἅγιος
2544 3472 2813 3540 Στέφανος
2858 3473 2887 3524 ὁ
2936 3475 3364 3542 πρωτομάρτυςο
3404 3469 3551 3524 Ἰδοὺ
3579 3468 3695 3536 όρὼ

2117 3562 2223 3615 τὸν
2249 3561 2509 3630 οὐρανὸν
2540 3558 2937 3628 ἀνεῳγμένον,
2989 3560 3083 3613 καὶ
3135 3558 3240 3611 τὸν
3264 3558 3401 3611 Υίὸν
3441 3558 3550 3611 τοῦ
3587 3559 3689 3611 dr-

2119 3652 2348 3721 θρώπου
2375 3652 2440 3705 ἐκ
2469 3650 2678 3714 δεξιῶν
2702 3649 2932 3703 ἑστῶτα
2972 3649 3077 3704 τοῦ
3120 3649 3265 3703 Θεοῦ
3300 3648 3396 3701 καί
3436 3650 3691 3712 Πατρός.

2132 3742 2289 3796 Ἀλλὰ
2310 3744 2377 3811 τῇ
2406 3742 2509 3812 ἰδίᾳ
2535 3741 2758 3810 δυνάμει
2785 3740 2915 3803 Θεὸς
2950 3742 2978 3793 ό
3021 3738 3353 3808 πανάγαθος,
3391 3738 3694 3807 φιλανθρω-

2122 3834 2416 3904 πευόμενος
2471 3833 2531 3886 τὸ
2579 3833 2707 3886 ίδιον
2746 3832 2988 3902 πλάσμα,
3024 3832 3097 3902 μή
3125 3848 3268 3894 τινες
3311 3830 3417 3882 τῶν
3453 3830 3695 3882 ἀπίστων

2121 3923 2381 3993 νομίσωσι
2430 3920 2499 3975 τὰ
2544 3922 2668 3993 περὶ
2717 3918 2850 3973 Θεοῦ
2898 3920 3076 3987 λέγειν
3112 3914 3251 3973 εἷναι
3295 3919 3481 3981 ἁπλῶς
3528 3916 3693 3985 λόγῳ,

2122 4016 2213 4068 καὶ
2245 4015 2344 4067 οὐκ
2376 4012 2620 4084 ἀληθείᾳ,
2668 4013 2761 4065 καὶ
2807 4012 2910 4074 ἕως
2952 4012 3111 4079 λόγου
3162 4010 3409 4065 ἵστασθαι
3455 4011 3517 4061 τὸ
3559 4010 3697 4061 κατὰ

2122 4104 2274 4170 Θεὸν,
2308 4104 2400 4157 καὶ
2431 4101 2506 4173 μὴ
2536 4101 2773 4173 πληροῦν
2812 4101 2871 4153 τὸ
2914 4100 3064 4171 παρὰ
3106 4100 3183 4170 τῷ
3210 4099 3517 4169 Ἀποστόλῳ
3544 4100 3696 4167 εἰρη-

2128 4196 2305 4267 μένον,
2332 4195 2434 4259 ὃτι,
2456 4192 2556 4246 Δεῖ
2578 4192 2683 4246 τὸν
2704 4192 3188 4261 προσερχόμενον
3218 4190 3340 4256 Θεῷ
3367 4191 3695 4249 πιστεύειν,

2124 4286 2212 4340 ὅτι
2247 4286 2399 4348 ἐστι,
2438 4284 2535 4338 καὶ
2574 4282 2698 4349 τοῖς
2741 4282 3055 4353 ἀγαπῶσιν
3102 4280 3288 4335 αὐτόν
3326 4277 3694 4348 μισθαποδόο

2124 4396 2232 4446 της
2270 4379 2513 4446 γίνεται.
2544 4377 2661 4429 Ἵνα
2705 4370 2797 4428 οῦν
2847 4372 3237 4445 παραθαρσύνῃ
3278 4371 3369 4423 τὸν
3411 4370 3500 4422 ὑπ’
3534 4368 3696 4422 αὑτοῦ

2130 4468 2506 4539 πεπλασμένον
2538 4466 2842 4538 ἄνθρωπον,
2872 4467 2983 4527 τοῖς
3016 4463 3189 4529 ἁγίοις
3217 4460 3381 4514 αὐτοῦ
3414 4462 3506 4513 καὶ
3531 4460 3697 4524 ἀξίοις

2131 4563 2320 4618 ἑαυτὸν
2350 4559 2722 4615 ἀποκαλύπτει
2748 4557 2899 4621 Θεὸς,
2930 4558 3015 4608 ἵνα
3048 4556 3196 4609 ἴδωσι
3246 4554 3405 4621 φύσει
3439 4553 3584 4617 Θεὸν,
3607 4554 3697 4605 καὶ

2132 4651 2610 4723 θεμελιωθῶσιτὴν
2637 4648 2893 4712 διάνοιαν,
2920 4648 3012 4700 καὶ
3040 4646 3330 4699 ἐλπίσωσιν
3364 4646 3421 4697 ὲν
3452 4644 3695 4713 ἀληθεία,

2133 4747 2226 4799 καὶ
2254 4742 2559 4814 κηρύξωσιν
2589 4740 2749 4793 αὐτὸν
2776 4738 3010 4810 ἀληθῶς,
3042 4738 3135 4791 καὶ
3156 4736 3576 4805 πιστοποιήσωει
3608 4736 3699 4786 τὸν

449 4842 633 4899 stabili
690 4842 926 4912 quodam
977 4838 1333 4895 fundamento
1376 4839 1713 4901 contineant,
1768 4848 1820 4892 et
1876 4852 2012 4906 speu

2132 4836 2319 4889 πιστὸν
2358 4834 2674 4905 ἄνθρωπον’
2722 4831 2797 4894 ὡς
2831 4830 3021 4902 ἀμέλει
3059 4827 3150 4881 xal
3191 4829 3240 4880 οἱ
3281 4827 3543 4896 Ἑλλήνιον
3574 4827 3698 4876 παῖ-

448 4950 603 4993 suam
654 4935 710 4989 in
766 4935 991 4990 veritate
1032 4934 1323 4994 collocent,
1382 4940 1543 5001 atque
1588 4930 1736 4984 illum
1788 4944 1911 4991 vere
1966 4944 2028 4983 ac

446 5028 661 5084 sincere
692 5026 1008 5097 praedicent,
1039 5032 1094 5080 et
1136 5024 1344 5079 ﬁdelem
1391 5022 1625 5092 denique
1656 5021 1931 5076 hominem
1972 5020 2026 5073 in

446 5128 702 5190 suscepta
733 5120 835 5175 ﬁde
872 5117 1216 5174 conﬁrment.
1277 5113 1740 5180 Quemadmodum
1773 5119 2026 5167 econtra-

448 5217 531 5271 rio
561 5217 791 5288 gentiles
824 5230 888 5270 ac
924 5213 1094 5270 Graeci
1135 5211 1229 5268 Dei
1274 5210 1520 5265 notitiam
1564 5207 1730 5263 verbo
1765 5219 1945 5269 tenus,
1976 5213 2029 5259 et

449 5308 777 5379 imaginibus
805 5307 1140 5363 adumbratis
1172 5304 1437 5360 obtinent.
1471 5300 1580 5356 Nos
1621 5308 1801 5354 autem
1835 5314 2021 5353 revera

453 5398 620 5454 Deum
655 5401 926 5463 novimus,
958 5414 1143 5454 verum
1180 5398 1328 5452 illum
1360 5395 1577 5466 quidem
1622 5407 1685 5447 ac
1730 5408 1855 5446 vere
1894 5391 2022 5446 sub-

454 5490 734 5546 sistentem
782 5506 985 5561 regem,
1020 5488 1640 5560 incomprehensibilem,
1685 5483 2022 5539 conditorem

453 5595 637 5636 rerum
666 5582 928 5646 omnium,
960 5597 1127 5636 unum
1159 5580 1358 5646 Deum;
1389 5588 1442 5634 et
1481 5580 1549 5633 ab
1578 5578 1696 5647 ipso
1726 5575 2025 5645 proceden-

531 5756 551 5791 ¹
580 5756 724 5814 Psal.
756 5774 829 5815 ιι.
852 5757 923 5811 28
1020 5762 1039 5789 ¹
1062 5756 1166 5812 lsa.
1195 5756 1375 5813 LL10.
1452 5756 1469 5785 ³
1498 5756 1599 5809 lsa.
1636 5753 1851 5816 vat,‘2.
1922 5755 1940 5780 ⁵
1973 5748 2103 5805 ibid.
2135 5748 2181 5800 l.
2260 5749 2279 5780 '
2307 5746 2439 5800 Dan.
2464 5760 2559 5811 vlt,
2586 5744 2617 5799 9
2642 5758 2763 5815 sqq.

2126 4931 2215 4992 δες
2245 4927 2425 4998 ἔχουσι
2481 4924 2608 4995 περὶ
2640 4924 2773 4977 Θεοῦ
2816 4923 2920 4986 ἓως
2960 4922 3118 4989 λόγου
3146 4936 3205 4971 τε
3255 4920 3348 4974 καὶ
3384 4916 3694 4987 φαντασίας.

2141 5022 2327 5090 Ἡμεῖς
2355 5019 2411 5071 δὲ
2442 5018 2656 5088 άληθῶς
2683 5016 2814 5070 Θεὸν
2847 5011 3186 5083 ἐπιστάμεθα
3215 5009 3411 5080 ἀληθῆ,
3444 5008 3533 5061 καὶ
3564 5006 3695 5057 ὄντα

2130 5109 2343 5181 άληθῶς
2376 5108 2734 5161 ὲνυπόστατον
2769 5103 3011 5175 βασιλέα,
3048 5101 3447 5170 ἀκατάληπτον,
3477 5095 3696 5163 ποιητὴν

2127 5203 2237 5257 τῶν
2290 5202 2446 5266 ὅλων,
2500 5200 2596 5254 ἕνα
2642 5199 2796 5263 Θεὸν,
2838 5197 2933 5251 καὶ
2978 5195 3037 5259 ἐξ
3094 5192 3256 5246 αὑτοῦ
3305 5191 3395 5243 τὸν
3424 5186 3696 5253 Μονογενῆ

2129 5296 2281 5361 Θεὸν,
2319 5297 2375 5348 ὲν
2425 5292 2597 5346 οὐδενὶ⁵
2652 5288 3030 5344 διαλλάττοντα
3077 5284 3169 5338 τοῦ
3219 5282 3450 5352 Πατρδς,
3502 5279 3588 5330 καὶ
3640 5277 3697 5327 τὸ

2129 5387 2281 5456 ἆγιον
2314 5382 2478 5438 αὐτοῦ
2529 5382 2770 5451 Πνεῦμα,
2831 5378 2994 5449 μηδὲν
3043 5374 3151 5429 ἀπὸ
3182 5373 3394 5444 Πατρὸς
3426 5372 3515 5423 καὶ
3562 5364 3691 5418 Υίοῦ

2128 5478 2464 5533 διαλλάττον*
2504 5475 2579 5538 ὡς
2613 5473 2707 5527 καὶ
2735 5475 2791 5525 ὲν
2822 5472 2969 5541 πάσῃ
3008 5468 3216 5539 αἱρέσει
3260 5465 3387 5535 περὶ
3422 5462 3516 5532 τῆς
3555 5457 3695 5513 κατὰ

2131 5570 2261 5624 Θεὸν
2289 5570 2523 5631 πίστεως
2551 5566 2637 5619 διὰ
2666 5562 2857 5619 πολλοῦ
2886 5558 3259 5631 ἐποιησάμεθα
3301 5556 3392 5609 τὸν
3418 5553 3581 5618 λόγον.

2840 5739 2858 5768 ³
2883 5739 3000 5793 Aet.
3026 5752 3121 5800 vn,
3144 5734 3227 5790 55.
3309 5735 3327 5764 τ
3365 5730 3517 5785 Hebr.
3539 5739 3609 5790 XI,
3634 5721 3692 5781 6.

3722 5603 3757 5667 \'
