3826 6206
183 405 276 462 349

816 395 1184 454 ADVERSUS
1220 395 1559 453 IIAERESES
1595 394 1724 450 LIB.
1765 393 1853 450 111.
1894 391 2056 449 TOM.
2087 392 2129 447 1.
2169 420 2234 435 —
2278 388 2550 447 IUERES.
2590 387 2748 444 LXX.

3289 387 3396 448 350

184 538 275 578 rem
305 516 638 607 Unigenitum
672 514 862 607 Deu‘m,
893 530 992 569 nec
1030 515 1136 568 ulla
1174 530 1234 571 re
1277 531 1306 568 a
1345 513 1504 570 Patre
1537 514 1837 578 diversum,
1872 527 1972 566 nec
2006 526 2111 566 non
2137 521 2190 564 et
2215 507 2475 579 Spiritum
2503 515 2752 562 sanctum
2810 505 2902 575 qui
2956 505 3091 560 nihil
3139 521 3169 560 a
3234 504 3398 560 Patre

176 615 397 682 Filioque
441 603 734 677 discrepat.
765 604 921 672 Quod
954 605 1172 674 quidem
1216 605 1336 661 fidei
1371 605 1591 676 dogma,
1619 619 1743 658 cum
1779 603 2043 658 adversus
2077 602 2310 656 haereses
2350 600 2592 671 singulas
2631 612 2936 668 ageremus,
2983 598 3229 667 pluribus
3267 613 3396 654 ver-

178 711 250 766 bis
277 703 640 774 exposuimus.

237 802 302 854 z'.
344 771 452 851 im
481 794 561 846 ὃτι
602 792 699 862 μὲν
736 789 890 861 ὤφθη
921 789 1051 852 Θεὸς
1091 787 1432 857 ἀνθρώποις,
1461 786 1719 849 πολλάκις

1890 777 2002 833 VII.
2064 776 2142 830 Ae
2195 775 2364 830 Deum
2420 773 2642 845 quidem
2705 771 3018 827 hominibus
3074 772 3396 842 apparuisse

176 891 400 956 εἷπομεν,
434 882 529 936 καὶ
573 881 672 933 οὐκ
707 879 1051 950 ἀρνούμεθα’
1087 877 1182 930 ἐὰν
1217 877 1324 946 γὰρ
1358 874 1722 947 ἀρνησώμεθα

176 980 260 1041 τὰς
287 976 425 1037 θείας
458 974 496 1024 Γ
502 971 698 1043 ραφάς,
737 971 958 1041 ἀληθεῖς
984 969 1084 1022 οὐκ
1116 967 1304 1038 ἐσμὲν.
1347 967 1442 1020 καὶ
1468 966 1720 1037 εὑρισκό-

179 1066 299 1138 μεθα
318 1063 668 1122 ἐκπίπτοντες
695 1059 794 1129 τῆς
827 1057 1111 1128 ἀληθείαςο
1137 1056 1170 1127 ἢ
1204 1057 1301 1126 τὴν
1329 1055 1571 1108 Παλαιὰν
1593 1056 1723 1107 Δια-

175 1159 333 1226 θήκην
387 1151 772 1215 ἐκϐάλλοντες,
820 1148 1008 1202 οὐκέτι
1061 1147 1228 1216 ἐσμὲν
1281 1146 1383 1216 τῆς
1431 1145 1726 1216 καθολικῆς

184 1243 520 1314 Ἕκκλησίας·
573 1242 634 1293 τὸ
670 1241 726 1293 δὲ
772 1239 1097 1306 Εὐαγγέλιον
1135 1236 1238 1307 ἔφη
1262 1249 1276 1264 ⁸
1327 1235 1475 1291 Θεὸν
1525 1235 1726 1300 οὐδεὶς

177 1337 392 1392 πωπότε
439 1335 718 1403 ἑώρακεν,
753 1334 786 1386 ό
819 1329 1164 1400 Μονογενὴς
1215 1328 1359 1395 Θεὸς
1401 1327 1584 1392 αὐτὸς
1630 1327 1726 1392 ἐξ·

176 1427 424 1499 ητήσατο
441 1440 455 1453 °
489 1426 583 1478 καὶ
618 1423 779 1477 πάλιν
805 1425 838 1493 ή
884 1422 1019 1491 αὑτὴ
1045 1420 1166 1474 θεία
1187 1419 1398 1492 Γραφὴ,
1426 1419 1508 1471 ὅτι
1535 1420 1725 1487 Ὠφθη

178 1525 206 1576 ὁ
231 1519 366 1584 Θεὸς
388 1516 468 1583 τῷ
505 1514 760 1584 Ἀϐραὰμ
785 1513 912 1566 ὄντι
947 1514 1018 1567 ἐν
1044 1512 1120 1582 τῇ
1145 1511 1600 1580 Μεσοποταμίᾳο
1633 1511 1728 1564 καὶ

176 1611 322 1671 αὐτὸς
349 1608 378 1660 6
426 1607 630 1678 Κύριος
665 1607 723 1658 ὲν
764 1603 842 1676 τῷ
875 1603 1225 1673 Εὐαγγελίῳ,
1255 1603 1338 1656 ὅτι
1381 1604 1446 1655 Οἱ
1487 1601 1728 1670 ἄγγελοι

179 1701 386 1754 τούτων
410 1697 594 1766 ὁρῶσι
626 1695 692 1748 τὸ
726 1696 1050 1765 πρόσωπον
1082 1693 1188 1746 τοῦ
1227 1693 1454 1761 Πατρός
1477 1709 1596 1760 μου
1621 1690 1728 1744 τοῦ

179 1793 240 1846 ἐν
257 1789 332 1856 τῷ
354 1787 607 1857 οὐρανῷ.
643 1786 803 1839 Ἀλλά
826 1785 1042 1847 πάντως
1068 1786 1184 1855 ἐρεῖ
1211 1801 1296 1847 τις
1320 1783 1599 1853 εἰρηκέναι
1629 1782 1728 1852 τήν

180 1883 315 1937 θείαν
351 1879 573 1952 Γραφὴν
621 1878 749 1941 τοὺς
801 1877 1084 1948 προφήτας
1132 1873 1436 1945 ἑωρακέναι
1471 1873 1560 1927 τὸν
1598 1871 1730 1924 Θεὸν

181 1978 231 2030 ἐν
252 1974 324 2045 τῷ
348 1973 443 2044 νῷ,
475 1972 585 2026 ἀπὸ
607 1970 701 2024 τοῦ
731 1968 918 2042 ῥητοῦ,
951 1966 1066 2034 τοῦ,
1101 1967 1209 2020 Καὶ
1230 1968 1284 2020 οἱ
1323 1965 1562 2035 ἄγγελοι
1599 1964 1732 2017 τού-

181 2081 285 2120 των
307 2062 485 2131 ὁρῶσι
519 2062 585 2114 τὸ
617 2061 941 2129 πρόσωπον
974 2058 1082 2112 τοῦ
1119 2057 1347 2125 Πατρός
1373 2073 1492 2124 μου
1519 2054 1625 2108 τοῦ
1661 2054 1731 2106 ἐν

1824 883 2066 941 persaepe
2091 867 2349 930 diximus,
2381 881 2480 920 nec
2502 877 2742 933 unquam
2765 861 2987 916 inﬁciati
3011 878 3236 917 sumus:
3269 876 3390 914 nam

1825 961 1871 1016 si
1903 973 2182 1014 sacrarum
2215 957 2540 1010 Litterarum
2582 953 2958 1008 auctoritatem
2993 966 3274 1021 negemus,
3307 967 3399 1005 ve-

1825 1053 2041 1107 ritatem
2071 1064 2179 1103 non
2209 1050 2507 1118 sequimur,
2543 1054 2597 1100 et
2625 1047 2694 1100 ab
2723 1060 2788 1100 ea
2813 1042 3029 1112 longius
3058 1043 3396 1110 aberramus,

1825 1153 1920 1198 aut
1948 1143 1994 1198 si
2025 1141 2192 1196 Vetus
2225 1140 2632 1195 Testamentum
2677 1136 2980 1206 rejicimus,
3020 1149 3128 1188 non
3161 1133 3399 1202 amplius

1785 1246 1791 1266 '
1826 1236 1880 1289 in
1909 1232 2180 1289 catholica
2213 1231 2455 1286 Ecclesia
2485 1243 2772 1284 censemur
2798 1245 2812 1282 :
2847 1226 2994 1296 atqui
3025 1227 3079 1279 in
3108 1224 3400 1290 Evangelia

1827 1326 2090 1395 scriptum
2125 1332 2243 1379 est:
2283 1321 2446 1376 Deum
2470 1337 2618 1374 nemo
2647 1319 2778 1374 vidit
2807 1333 3058 1386 unquam,
3089 1315 3400 1385 Unigenitus

1825 1430 1998 1501 818
2038 1427 2172 1481 Deus
2213 1427 2320 1494 ipse
2361 1424 2666 1488 narravit”;
2715 1429 2976 1491 przetcrea
3011 1418 3197 1473 eadem
3250 1417 3402 1469 Scri-

1830 1531 1985 1592 ptura
2019 1539 2031 1573 :
2065 1517 2347 1586 Apparuit,
2392 1515 2597 1585 inquit,
2639 1513 2774 1567 Deus
2802 1510 3092 1570 Abraham,
3120 1524 3236 1560 cum
3270 1515 3402 1560 esset

1827 1613 1883 1665 in
1908 1608 2288 1677 Mesopotamia
2315 1606 2372 1660 ιτ
2403 1607 2537 1676 quin
2559 1605 2676 1674 ipse
2710 1602 2973 1656 Dominus
2994 1600 3047 1652 in
3073 1597 3400 1667 Evangelio:

1830 1701 2035 1772 Angeli,
2072 1699 2270 1770 inquit,
2299 1713 2481 1752 eorum
2515 1695 2685 1750 uident
2719 1693 2908 1762 faciem
2943 1690 3125 1744 Patris
3165 1691 3286 1752 mei,
3315 1689 3404 1757 qui

1829 1795 1883 1847 in
1927 1793 2069 1847 caelis
2109 1801 2185 1845 est
2215 1791 2256 1843 ⁸.
2304 1790 2373 1842 At
2418 1787 2562 1842 enim
2587 1827 2602 1854 ,
2652 1785 2796 1840 dicet
2843 1783 3042 1851 aliquis
3072 1821 3087 1844 ,
3121 1781 3404 1850 Scriptura

1831 1884 1998 1941 Deum
2028 1882 2230 1939 vidisse
2259 1879 2553 1951 prophetas
2597 1877 2816 1939 asserit,
2843 1875 2936 1931 sed
2971 1881 3150 1928 mente
3199 1871 3401 1925 intelliv

1830 1975 2120 2046 gentiaque
2160 1973 2446 2036 duntaxat,
2493 1977 2552 2023 ut
2581 1984 2643 2024 ex
2675 1968 2778 2022 hoc
2816 1967 2934 2019 loco
2965 1963 3143 2031 colligi
3179 1970 3354 2031 potest
3384 1980 3397 2013 :

1830 2067 2014 2136 Ληρείὶ
2033 2081 2212 2120 eorum
2240 2063 2412 2118 vident
2447 2061 2637 2130 {aciem
2671 2059 2850 2112 Patris
2885 2057 3004 2119 mei,
3048 2055 3136 2123 qui
3165 2056 3215 2105 in
3247 2052 3391 2104 caelis

181 2122 396 2223 οὐρανῷ
417 2169 432 2182 ο
471 2153 567 2206 καὶ
600 2122 762 2205 πάλιν
789 2150 898 2204 ἀπὸ
930 2148 1048 2213 τοῦ,
1076 2122 1454 2214 Μακάριοιήοὶ
1484 2145 1727 2213 καθαροὶ

1850 2164 1948 2219 ιδε;
1977 2155 2103 2210 item
2133 2170 2197 2209 ex
2224 2154 2326 2206 hoc
2352 2151 2471 2204 loco
2498 2166 2512 2202 :
2538 2149 2690 2203 Beati
2728 2145 2920 2200 mundo
2948 2122 3120 2200 corde.
3154 2142 3402 2212 quoniam

182 2246 248 2315 τῇ
271 2246 500 2315 καρδίᾳ,
531 2245 618 2320 ὅτι
653 2244 821 2299 αὐτοὶ
856 2244 961 2297 τὸν
993 2241 1140 2296 Θεὸν
1165 2241 1437 2308 ὄψονται.
1464 2239 1646 2308 Φήσας
1678 2236 1735 2289 δὲ

184 2339 344 2404 τοῦτο,
380 2337 477 2390 καὶ
510 2333 855 2404 παραζεύξας
886 2331 1028 2386 κατὰ
1075 2331 1170 2402 τὴν
1207 2330 1371 2383 αὐτοῦ
1401 2329 1607 2382 ἔννοιαν
1639 2326 1738 2390 τὰς

186 2430 358 2494 λέξεις,
391 2429 539 2481 εἴποι
578 2426 622 2479 δ’
657 2427 744 2490 ἂν,
769 2427 852 2478 ὅτι
898 2425 956 2478 ὲν
1003 2421 1081 2493 τῷ
1113 2421 1190 2492 νῷ
1229 2421 1460 2484 ἕκαστος
1503 2420 1607 2490 ὁρᾷ
1646 2419 1738 2471 τὸν

186 2520 318 2576 Θεόν.
357 2519 431 2571 Οὐ
481 2517 592 2589 γὰρ
640 2515 967 2586 ὀφθαλμοῖςο
1019 2513 1335 2568 ἀντιπίπτει
1385 2513 1443 2566 δὲ
1489 2511 1664 2582 τούτῳ
1711 2512 1740 2563 6

188 2617 312 2676 θεῖος
363 2614 555 2682 λόγος,
601 2611 821 2681 φάσκων
875 2607 962 2661 διὰ
1007 2607 1230 2660 Ἠσαῖου
1283 2604 1376 2659 τοῦ
1419 2605 1697 2676 προφήτου
1719 2620 1738 2638 ο

194 2707 369 2771 Τὰλας
415 2703 537 2774 ἐγὼ
557 2745 570 2766 ,
613 2701 703 2755 ὅτι
759 2701 1195 2767 κατανένυγμαι
1217 2715 1230 2729 ·
1290 2696 1380 2749 ὅτι
1432 2695 1742 2762 ἄνθρωπος

149 2794 162 2803 “
187 2796 475 2864 ἀκάθαρτα
508 2795 681 2864 χειλη
729 2794 887 2860 έχων
929 2791 1002 2842 ἐν
1024 2787 1172 2852 λαῷ,
1222 2786 1527 2854 ἀκάθαρτα
1569 2785 1741 2853 χειλη

189 2891 392 2956 ἥκοντι,
444 2885 565 2955 ἐγὼ
614 2881 884 2946 κατοικῶ,
933 2881 1032 2934 καὶ
1075 2879 1182 2932 τὸν
1226 2873 1451 2945 Κύριον
1503 2874 1744 2929 Σαϐαὼθ

191 2979 338 3035 εἶδον
364 2978 488 3044 τοῖς
537 2975 864 3047 ὀφθαλμοῖς
895 2991 1035 3044 μου.
1077 2971 1188 3024 Καὶ
1217 2970 1320 3023 οὐκ
1363 2963 1486 3021 εἷπε
1526 2967 1606 3038 τῷ
1645 2965 1741 3036 νῷ,

193 3073 300 3127 οὐδὲ
345 3074 401 3124 ἐν
433 3074 502 3141 τῇ
545 3069 745 3139 ἐννοίᾳ,
778 3066 914 3120 ἀλλὰ
949 3063 1073 3130 τοῖς
1090 3059 1438 3133 όφθολμαῖς,
1459 3058 1529 3112 τὰ
1569 3058 1746 3130 ἀληθῆ

194 3164 275 3216 καὶ
308 3161 502 3232 στερεὰ
530 3160 632 3231 τῆς
655 3159 889 3221 πίστεως
920 3153 1322 3228 βεϐαιούμενος.

255 3246 316 3303 Τί
359 3246 451 3304 οὖν
484 3247 712 3318 εἴπομεν
734 3251 779 3314 ¹,
809 3245 904 3299 τοῦ
951 3243 1283 3312 Εὐαγγελίου
1317 3241 1585 3309 λέγοντος,
1615 3237 1750 3292 Θεὸν

199 3342 264 3412 μὴ
303 3340 602 3410 ἑωρακέναι
631 3336 754 3390 τινὰ
811 3335 1029 3388 πώποτε
1047 3377 1061 3400 ,
1091 3334 1199 3387 τῶν
1246 3333 1303 3386 δὲ
1333 3329 1627 3402 προφητῶν
1657 3327 1751 3381 καὶ

197 3429 494 3483 ἀποστόλων
517 3427 859 3496 φασκόντων,
892 3424 987 3478 καὶ
1020 3421 1182 3476 αὐτοῦ
1210 3419 1305 3474 τοῦ
1334 3419 1570 3491 Κυρίου;
1605 3413 1750 3489 ’Δρα

197 3521 454 3576 ἀντίθετον
497 3521 557 3573 ἐν
595 3521 660 3590 τῇ
705 3517 826 3589 θείᾳ
878 3516 1074 3586 Γραφῇ
1114 3513 1251 3584 πρὸς
1297 3511 1495 3577 ἑαυτήν
1535 3526 1622 3573 τι;
1677 3509 1750 3582 μὴ

197 3612 424 3679 γένοιτοι
469 3609 636 3664 Ἀλλά
666 3605 806 3662 εἶδον
840 3607 1114 3678 προφῆται
1155 3605 1250 3657 καὶ
1287 3602 1573 3656 ἀπόστολοι
1598 3618 1610 3631 ο
1659 3600 1754 3654 καὶ

199 3702 381 3773 ἀληθὲς
405 3701 687 3771 ὑπάρχον·
719 3693 857 3750 εἷδον
887 3695 946 3748 δὲ
988 3693 1124 3748 καθὸ
1157 3691 1419 3762 ἠδύναντο
1455 3689 1629 3755 αὐτοὶ,
1660 3689 1755 3742 καὶ

200 3793 323 3849 καθδ
349 3792 630 3864 ἐνεχώρει,
663 3789 760 3843 καλ⁵
779 3787 933 3857 ὤφθη
959 3787 1141 3848 αὐτοῖς
1163 3784 1190 3835 6
1209 3783 1340 3846 Θεὸς
1370 3783 1445 3846 ὡς
1470 3780 1750 3851 ήθέλησεν.

201 3887 368 3940 Πάντα
395 3883 506 3954 γὰρ
537 3881 689 3951 αὐτῷ
715 3878 932 3933 δυνατά.
955 3877 1066 3930 Καὶ
1086 3877 1168 3929 ὅτι
1195 3875 1291 3945 μὲν
1309 3875 1338 3926 ὁ
1371 3873 1598 3945 ἀόρατος
1627 3871 1757 3934 Θεὸς

201 3979 286 4031 καὶ
313 3975 720 4043 ἀκατάληπτος,
749 3969 908 4023 τοῦτο
929 3967 1086 4038 δῆλόν
1117 3967 1255 4030 ἐστι,
1277 3964 1372 4018 καὶ
1389 3962 1755 4035 ὡμολόγηται.

213 4067 359 4121 Ἀλλά
391 4066 553 4119 πάλιν
586 4063 808 4125 δυνατός
841 4063 956 4113 ἐστι
988 4060 1160 4111 ποιεῖν
1188 4055 1217 4109 ὃ
1246 4045 1511 4125 βούλεται.
1535 4053 1617 4106 Οὐ
1647 4051 1758 4121 ⁸γηάρ

203 4179 281 4226 τις
311 4159 691 4223 ἀνατίθησιν
731 4151 918 4207 αὑτοῦ
965 4151 1046 4216 τῷ
1086 4147 1448 4216 βουλήματι.
1508 4145 1760 4215 Ἀόρατος

204 4249 287 4307 οὖν
339 4254 454 4305 ἐστι
495 4249 596 4320 τήν
643 4246 824 4316 φύσιν,
882 4244 976 4296 καὶ
1023 4239 1408 4310 ἀκατάληπτος
1437 4235 1536 4307 τὴν
1581 4234 1756 4300 δόξαν.

204 4341 526 4411 Βννδλομένου
592 4337 649 4388 δὲ
711 4333 788 4405 τῷ
844 4333 934 4385 ὑπ’
988 4327 1152 4383 αὑτοῦ
1198 4327 1446 4396 γεγονότι
1492 4323 1763 4396 ἀνθρώπῳ

206 4432 546 4496 ὀπτάνεσθαι,
576 4428 730 4482 οὐδὲν
772 4422 1105 4480 ἐναντιοῦται
1134 4419 1213 4492 τῷ
1250 4417 1413 4472 αὑτοῦ
1447 4416 1759 4488 βουλήματι.

209 4527 276 4578 οὐ
303 4525 410 4595 γὰρ
432 4522 583 4592 πάθη
620 4517 900 4588 συνέχεται
934 4514 994 4567 τὺ
1014 4513 1190 4574 Θεῖον,
1229 4510 1316 4563 ἵνα
1345 4508 1374 4561 ὃ
1416 4507 1662 4578 βούλεται
1690 4503 1765 4576 μή

211 4613 432 4683 πράττῃ,
462 4611 497 4680 ἢ
528 4609 744 4680 πράττῃ
773 4605 802 4657 ὃ
832 4604 906 4673 μὴ
941 4601 1209 4672 βούλεται.
1234 4597 1465 4660 Δυνατὸς
1492 4596 1600 4667 γάρ
1625 4597 1762 4659 ἐστι,

209 4702 363 4754 ποιῶν
385 4701 414 4753 ὃ
443 4697 716 4769 βούλεται.
759 4684 919 4746 Ἀλλᾶ
957 4691 1186 4761 πράττει
1221 4689 1364 4759 ἅπερ
1404 4685 1552 4757 αὐτῷ
1573 4688 1592 4717 ²
1619 4685 1768 4756 πρέ-

1834 2247 1936 2315 ipsi
1960 2244 2128 2298 Deum
2153 2242 2397 2296 videbunt
2419 2241 2463 2294 ⁸.
2494 2237 2650 2305 Quod
2676 2237 2767 2307 qui
2787 2235 3003 2299 dixerit,
3039 2241 3094 2287 et
3123 2232 3242 2286 illas
3261 2229 3408 2283 Scri-

1837 2347 2010 2407 purae
2047 2335 2346 2391 sententias
2372 2330 2515 2402 apud
2559 2345 2619 2385 se
2655 2326 2968 2387 contulerit,
3003 2322 3226 2394 perinde
3257 2321 3406 2374 arbi-

1838 2429 2071 2484 trabitur
2118 2438 2559 2493 unumquemque
2605 2420 2769 2474 Deum
2829 2425 3028 2480 mente,
3080 2429 3185 2468 non
3233 2412 3410 2466 oculis

1840 2519 2042 2574 videre.
2078 2516 2279 2571 Verum
2329 2514 2487 2569 facile
2521 2513 2622 2567 iste
2656 2509 2822 2565 divini
2868 2506 3136 2563 sermonis
3171 2502 3410 2557 auctori—

1840 2617 1952 2662 tate
1999 2605 2284 2667 refellitur,
2333 2617 2456 2656 cum
2497 2600 2760 2670 pr0pheta
2815 2596 2984 2650 Isaias
3035 2594 3214 2646 dicat:
3247 2589 3411 2644 Miser

1841 2716 1955 2768 ego,
1984 2699 2231 2768 quoniam
2279 2693 2520 2761 conﬁxus
2564 2707 2701 2752 sum,
2731 2705 2790 2742 eo
2833 2685 2969 2756 quod
3007 2685 3160 2737 homo
3188 2681 3411 2749 impuris

1845 2789 1999 2844 labiis
2025 2789 2078 2840 in
2111 2785 2280 2840 medio
2307 2783 2485 2852 populi
2515 2783 2725 2849 impura
2755 2777 2897 2831 labia
2931 2774 3167 2827 habentis
3189 2789 3280 2841 ego
3314 2771 3411 2823 Ita-
3503 2833 3506 2836 .

1845 2882 1970 2944 bito,
2001 2889 2048 2933 et
2076 2877 2356 2932 Dominum
2389 2873 2707 2931 exercituum
2737 2868 2844 2922 vidi
2871 2867 3036 2922 oculis
3068 2867 3193 2918 meis
3217 2864 3262 2916 ".
3294 2861 3411 2916 Non

1845 2977 2028 3025 mente
2058 2969 2217 3030 dixit,
2265 2981 2374 3020 non
2413 2961 2765 3032 cogitatione,
2808 2959 2902 3013 sed
2951 2963 3151 3019 oculis,
3198 2969 3415 3022 unaque

1847 3073 2029 3114 veram
2067 3071 2131 3111 ac
2165 3053 2393 3110 solidam
2429 3050 2585 3104 ﬁdem
2623 3048 2836 3104 statuit.

1920 3231 2128 3304 Ecquid
2173 3243 2303 3300 ergo
2331 3225 2584 3290 dicimus,
2626 3236 2748 3276 cum
2784 3216 3136 3286 Evangelium
3183 3220 3414 3271 asserat,

1849 3327 2016 3380 Deum
2036 3338 2066 3377 a
2089 3321 2305 3378 nemine
2326 3331 2564 3385 unquam
2584 3328 2706 3368 esse
2727 3316 3114 3378 conspectum;
3140 3303 3418 3373 propheta:

1853 3431 1982 3471 vero
2017 3421 2071 3468 et
2101 3409 2352 3482 apostoli,
2384 3407 2494 3461 imo
2519 3402 2782 3458 Dominus
2814 3399 2929 3468 ipse
2968 3393 3300 3451 contrarium
3340 3389 3415 3444 af-

1856 3504 2108 3561 ﬁrment?
2131 3480 2213 3556 Ᾱη
2250 3500 2430 3569 aliqua
2458 3503 2587 3552 sunt
2616 3493 2670 3547 in
2704 3490 3007 3559 Scriptura,
3041 3499 3161 3554 quae
3193 3481 3295 3537 sibi
3332 3480 3418 3534 in-

1853 3593 2026 3648 vicem
2053 3586 2386 3659 repugnent?
2415 3581 2636 3636 Minime
2663 3579 2716 3633 id
2745 3574 2984 3646 quidem.
3018 3571 3121 3626 Sed
3144 3569 3422 3641 propheta:

1854 3682 1997 3737 haud
2025 3679 2189 3734 dubie
2209 3685 2263 3732 et
2284 3673 2513 3746 apostoli
2548 3670 2714 3726 Deum
2749 3667 3033 3720 viderunt:
3056 3663 3217 3731 idque
3242 3659 3420 3728 ipsum

1855 3774 2219 3830 certissimum
2250 3777 2335 3823 est
2363 3781 2378 3818 :
2411 3765 2504 3820 sed
2541 3764 2806 3817 hactenus
2853 3758 3124 3816 viderunt,
3152 3758 3425 3821 quatenus

1856 3871 2104 3938 poterant
2143 3861 2270 3932 ipsi,
2311 3867 2366 3913 et
2407 3863 2668 3927 quantum
2713 3851 2928 3910 licebat,
2972 3862 3035 3900 ac
3074 3842 3426 3914 quemadmo-

1857 3931 1987 4012 dum
2017 3931 2188 4009 voluit
2217 3951 2381 4016 Deus,
2418 3943 2793 4019 seyidendum
2824 3940 2908 3994 his
2941 3936 3188 4008 praebuit.
3219 3931 3428 4000 Quippe

1859 4048 2043 4104 omnia
2065 4053 2194 4101 sunt
2220 4043 2276 4098 in
2297 4039 2418 4110 ejus
2446 4043 2714 4108 potestate
2742 4031 2939 4102 posita.
2965 4026 3150 4094 Neque
3170 4037 3301 4076 vero
3326 4020 3426 4075 du-

1862 4139 2008 4194 bium
2054 4142 2160 4200 est,
2195 4133 2328 4203 quin
2372 4128 2512 4184 Deus
2564 4123 2736 4180 videri
2783 4114 3278 4189 comprehendique
3329 4127 3425 4164 ne—

1861 4237 2043 4300 queat,
2084 4199 2249 4295 idque
2293 4223 2351 4276 in
2397 4218 2650 4275 confesso
2687 4222 2774 4269 est
2805 4208 2948 4282 apud
2984 4220 3195 4262 omnes.
3239 4199 3345 4256 Sed
3377 4208 3432 4255 et

1862 4293 1993 4377 illud
2027 4293 2254 4389 proinde
2284 4320 2514 4374 certum,
2543 4321 2704 4378 posse
2731 4304 2881 4357 illum
2910 4293 3427 4389 qugvelit‘eﬂincere.

1865 4381 2063 4463 Nullus
2092 4413 2171 4461 est
2196 4403 2334 4458 enim
2370 4400 2458 4471 qui
2498 4398 2612 4467 ejus
2647 4389 2903 4448 voluntati
2942 4383 3214 4441 resistat“.
3255 4381 3435 4446 Quare

1865 4513 1990 4554 cum
2012 4504 2068 4551 et
2107 4501 2299 4549 natura
2323 4489 2501 4544 visum
2534 4497 2749 4539 onmem
2771 4477 2988 4548 effugiat
3011 4482 3065 4529 et
3093 4471 3266 4542 ipsius
3287 4483 3436 4522 com-

1865 4585 2127 4660 prehendi
2174 4580 2345 4653 gloria
2388 4581 2647 4646 ncqueat,
2695 4579 2874 4623 tamen
2921 4566 3134 4636 quoties
3184 4557 3434 4623 homini,

1867 4647 2026 4750 quem
2053 4647 2329 4748 produxit,
2355 4666 2647 4725 videndum
2671 4677 2730 4717 se
2751 4659 2994 4730 praebere
3022 4651 3277 4715 voluerit,
3302 4647 3438 4702 nihil

214 4809 294 4844 πει
340 4793 407 4861 τῇ
444 4737 681 4857 ινθεότητι
700 4802 714 4816 ο
772 4781 936 4854 μηδὲν
976 4737 1544 4848 ὅλωιςητῷήθ-εθεήνματῖ

1868 4737 1988 4842 ejus
2016 4737 2280 4822 voluntati
2305 4737 2622 4816 reluctatur.
2661 4749 2944 4821 Siquidem
2972 4745 3118 4800 nulla
3146 4743 3199 4795 in
3222 4740 3327 4795 Deo
3354 4737 3439 4791 in-

2043 4859 2074 4861 “
2161 4858 2171 4861 ‘
2558 4845 2593 4861 -⁶
2709 4843 2720 4861 ε
2745 4843 2925 4861 ’πη-ι
2980 4842 3155 4861 -ι-ιληο
3236 4840 3289 4861 ..ι
3346 4837 3436 4861 η...

213 4883 544 4944 ἀντιπίπτον,
588 4877 729 4930 ὥστε
764 4875 837 4944 μὴ
866 4870 1128 4926 δύνασθαι
1157 4869 1419 4941 πράττειν
1455 4869 1484 4921 ὃ
1524 4866 1768 4938 βούλεται

216 4973 516 5045 πρεπόντως
551 4971 621 5040 τῇ
667 4963 832 5021 αὑτοῦ
882 4962 1117 5033 θεάτητι.
1171 4962 1284 5015 Καὶ
1322 4959 1579 5014 ἀδύνατόν
1623 4960 1771 5011 ἐστιν

1873 4837 1958 4918 est
2001 4858 2235 4922 all‘ectio,
2268 4866 2447 4922 neque
2483 4845 2596 4918 pati
2631 4843 2928 4916 quidquam
2980 4842 3182 4908 potest,
3236 4840 3296 4884 ut
3345 4837 3439 4881 aut

1875 4936 2176 5026 quod-velit
2205 4963 2313 5004 non
2341 4944 2608 5018 perficiat,
2642 4947 2736 4994 aut
2763 4935 2908 5008 quod
2936 4933 3072 4988 nolit
3097 4928 3311 4985 eﬂiciat.
3346 4928 3442 4980 Est

219 5015 334 5120 ίδζῖν
379 5015 550 5126 Θεὸν,
595 5015 830 5131 ζιλάλιστα
878 5015 1223 5126 ἀνθρωπίνην
1281 5051 1440 5120 φύσιν
1464 5065 1478 5079 ’
1529 5051 1622 5104 καὶ
1674 5049 1746 5104 οὺς

1877 5015 2022 5102 enim
2053 5015 2380 5112 praepotens,
2413 5043 2467 5090 et
2493 5031 2859 5104 quodcunque
2904 5024 3117 5078 libitum
3163 5027 3244 5073 est
3286 5015 3444 5069 moli-

2635 5122 2667 5131 ..
2711 5123 2722 5131 .
2770 5121 2802 5131 ._
2850 5125 2860 5131 ,
3194 5109 3413 5131 LM“,

219 5159 437 5228 ἐγχωρεῖ
463 5154 526 5208 τὸ
556 5149 750 5222 ὁρατὸν
775 5147 908 5219 ὁρᾷν
935 5145 1000 5200 τὸ
1029 5145 1278 5216 ἀόρατον.
1322 5141 1458 5195 Ἀλλ’
1491 5139 1520 5193 6
1548 5140 1774 5212 ἀόρατος

1878 5146 1986 5200 tur,
2015 5109 2086 5189 ita
2125 5141 2308 5187 tamen
2353 5139 2413 5183 ut.
2454 5141 2574 5196 quae
2617 5121 2954 5176 divinitatem
2987 5113 3160 5184 ipsius
3189 5109 3440 5168 deceant,

415 5249 474 5301 ἐν
527 5198 910 5314 φιλανθρωπία
953 5198 1050 5292 καὶ
1092 5198 1319 5304 ὲυνάμει
1371 5198 1659 5302 ὲνισχύσοις
1714 5249 1743 5284 τ

1878 5198 2142 5298 perpetuo
2183 5222 2368 5277 iaciat.
2393 5218 2530 5273 Nam
2571 5213 2707 5269 nihil
2750 5218 2855 5272 est,
2890 5213 2949 5260 ut
2978 5203 3112 5264 dixi,
3156 5198 3302 5270 quod
3347 5212 3444 5250 vo-

223 5341 487 5404 ἀδύνατον,
538 5334 844 5405 κατηξίωσε
884 5335 950 5402 τῇ
979 5329 1172 5384 ἑαυτοῦ
1199 5327 1462 5397 δυνάμει,
1497 5326 1644 5389 ὅπως
1691 5325 1773 5396 ῐδῃ

223 5431 278 5485 τὸ
303 5432 547 5502 ἀόρατον,
585 5427 681 5479 καὶ
717 5424 747 5477 ὃ
779 5420 884 5478 εἶδε
923 5422 984 5475 τὸ
1033 5418 1262 5491 ἀόρατόν
1289 5433 1347 5470 τε
1391 5416 1486 5470 καὶ
1527 5415 1772 5486 ἄπειρον,

225 5523 279 5576 οὐ
305 5521 479 5585 καθὼς
508 5519 635 5589 ἐσχε
660 5516 720 5571 τὸ
752 5515 996 5588 ἄπειρον,
1024 5512 1138 5567 ἀλλ’
1166 5511 1240 5574 ὡς
1268 5509 1500 5580 ἠδύνατο
1520 5511 1715 5581 χωρεῖν
1741 5509 1774 5576 ή

1881 5290 2075 5371 luntati
2106 5313 2279 5384 ipsius
2305 5311 2644 5369 adversetur,
2674 5300 2967 5372 quominus
3006 5308 3126 5364 qua:
3166 5290 3313 5350 velit,
3347 5302 3446 5358 pro

1880 5423 1946 5462 eo
1989 5419 2053 5459 ac
2102 5401 2372 5459 divinitati
2417 5412 2529 5454 sua:
2570 5393 2844 5453 convenit,
2893 5393 3238 5454 exsequatur.
3277 5377 3445 5432 Deum

1882 5501 2100 5572 quidem
2125 5495 2314 5557 videri,
2357 5489 2656 5563 praesertim
2689 5485 2757 5540 ab
2788 5484 3024 5536 humana
3074 5481 3291 5533 natura.
3337 5486 3444 5526 non

293 5635 308 5665 ¹
340 5630 398 5684 F.
423 5631 709 5700 eimpsy._
760 5631 789 5700 -ξ
820 5626 858 5680 F
912 5624 1078 5700 αὐτοῦ
1177 5622 1196 5654 ³
1221 5576 1380 5678 Joan.
1412 5635 1450 5680 Ι.
1604 5576 1616 5581 ⁷
1646 5620 1666 5650 ⁸
1702 5619 1742 5671 Α

1850 5631 1942 5681 vu,
1967 5613 2034 5680 2;
2073 5609 2208 5664 Gen.
2243 5622 2340 5670 xu,
2377 5604 2426 5658 1.
2503 5602 2521 5633 ⁵
2553 5597 2742 5653 Matth.
2774 5592 2940 5660 x,18.
3015 5590 3036 5621 ⁸
3070 5585 3262 5642 Matth.
3302 5595 3355 5660 tt,
3387 5576 3443 5634 8.

229 5701 251 5738 τ
273 5703 370 5760 lsa.
400 5718 478 5768 νι,
509 5695 583 5755 εί
636 5698 658 5731 ⁸
693 5696 844 5755 Εὲῐὶι.
874 5711 991 5758 xm,
1021 5695 1074 5750 9.
