3826 6206
384 378 480 433 55'
1785 376 1842 432 s.
1886 376 1967 431 ΕΡ

2075 376 2228 432 IAN”

3533 378 3638 437 352

383 507 542 563 posse
572 490 837 559 fatemur;
868 508 1043 563 neque
1070 493 1213 562 quod
1244 494 1575 562 aspcctabile
1607 502 1710 559 est,
1738 496 1788 548 id
1813 494 1957 563 qudd

2075 496 2258 563 φύσις,
2296 492 2734 563 ὲνδυναμωθεῖσα
2776 493 2871 546 τοῦ
2921 493 3195 559 ἀδυνάτως
3239 494 3455 566 ἔχοντος
3506 498 3635 567 πρὸς

383 584 550 639 videri
601 584 826 637 omnino
871 601 979 639 non
1040 593 1237 655 potest,
1292 586 1489 641 intueri
1545 586 1625 639 fas
1682 596 1955 653 putamus.

381 675 551 746 819
590 673 696 730 Sed
742 676 884 730 idem
940 685 1119 731 tamen
1172 678 1462 731 invisibilis
1515 675 1679 736 Deus,
1730 691 1828 743 pro
1860 693 1956 730 sua

386 768 725 822 humanitate
759 783 823 822 ac
853 760 1114 837 potentia,
1147 768 1470 822 imbecillam
1529 767 1700 820 aciem
1745 768 1817 819 ita
1848 768 1957 819 vir-

2068 587 2362 638 ὲπέκτασιν
2397 584 2491 637 τοῦ
2520 584 2770 640 δυνατοῦ.
2803 586 2912 638 Καὶ
2943 586 3093 639 οὐδὲν
3118 586 3305 640 διοίσει
3342 589 3401 640 ὲν
3431 591 3497 659 τῇ
3521 588 3636 660 θείᾳ

2067 679 2294 748 Γραφῇ,
2341 677 2464 731 οὔτε
2516 676 2791 741 ἀντίθετος
2844 676 2989 744 λέξις
3038 679 3175 749 πρὸς
3220 680 3365 744 λέξιν
3418 682 3636 753 είδρεθήε¹

2068 786 2218 821 σεται

384 867 499 913 tute
523 874 621 913 sua
659 860 1021 914 corroborare
1075 858 1349 928 dignatur,
1382 864 1439 910 ut
1492 857 1636 926 quod
1664 856 1835 911 videri
1877 858 2077 927 alioqui
2112 874 2221 912 non
2256 865 2454 928 potest,
2486 859 2734 928 aspiciat.
2784 858 2955 914 Porro
2982 875 3105 915 cum
3158 863 3431 919 invisibile
3493 864 3640 931 illud,

382 963 435 1007 et
464 952 734 1007 inﬁnitum
759 952 973 1021 aspicit,
1000 967 1105 1006 non
1133 958 1403 1020 quatenus
1435 950 1705 1004 infinitum
1742 958 1825 1004 est
1864 950 1994 1004 illud
2032 952 2301 1016 intuetur,
2350 953 2445 1008 sed
2497 962 2762 1022 quantum
2799 952 2969 1019 illius,
2999 955 3142 1023 quod
3183 955 3514 1010 imbecillum
3540 964 3641 1011 est.

382 1052 577 1098 natura
630 1058 823 1113 capere
868 1052 1067 1114 potest,
1104 1043 1371 1111 ejusmodi
1420 1043 1470 1096 vi
1516 1058 1581 1096 ac
1618 1044 1818 1096 virtute
1847 1042 2191 1109 cdnfirmata,
2224 1054 2283 1098 ut
2336 1044 2402 1098 ad
2460 1046 2695 1117 potentis
2737 1045 2884 1101 illius
2950 1047 3195 1101 notitiam
3254 1049 3543 1118 adaequare
3587 1064 3645 1105 se

384 1136 578 1209 possit.
615 1136 979 1201 Quamobrem
1027 1134 1159 1189 nihil
1192 1141 1275 1188 cst
1306 1133 1359 1186 in
1388 1133 1561 1188 sacris
1598 1132 1821 1187 Litteris
1854 1148 1882 1184 a
1915 1132 2096 1202 scipso
2125 1134 2468 1205 discrepans,
2511 1151 2621 1190 non
2657 1136 2928 1191 sententia
2968 1136 3075 1190 ulla
3116 1152 3238 1207 qua:
3266 1137 3337 1191 ab
3389 1139 3495 1193 alia
3524 1153 3647 1194 sen-

384 1228 551 1282 tentia
577 1225 861 1282 dissideat.

456 1318 589 1373 Vlll.
634 1322 740 1373 [les
781 1319 895 1389 ipsa
932 1316 1149 1388 quidem
1172 1357 1185 1381 ,
1217 1327 1275 1371 ut
1306 1324 1788 1371 commemoratum
1810 1331 1839 1369 a
1880 1330 1966 1369 me

384 1412 583 1482 saepius
612 1411 914 1479 exemplum
948 1410 1052 1463 hoc
1095 1409 1215 1462 loco
1256 1416 1519 1479 repetam,
1566 1408 1642 1461 ita
1690 1406 1803 1461 fere
1844 1422 1966 1462 sese

384 1504 548 1559 habet
575 1525 589 1558 :
618 1500 1083 1568 Quemadmodum
1118 1500 1161 1555 si
1188 1500 1313 1570 quis
1329 1499 1527 1553 cmlum
1555 1514 1650 1568 per
1671 1505 1963 1568 angustum

385 1596 631 1648 foramen
658 1592 1001 1661 transpiciat,
1036 1606 1099 1645 ac
1127 1592 1327 1645 malum
1360 1591 1545 1645 videre
1568 1605 1627 1645 se
1659 1588 1828 1653 dicat,
1855 1604 1965 1643 non

386 1686 575 1755 utique
604 1686 900 1739 mentiatur
928 1704 940 1737 :
968 1683 1109 1737 videt
1140 1683 1284 1737 enim
1331 1697 1518 1737 revera
1550 1683 1783 1744 calum;
1819 1681 1963 1751 quod

2143 1308 2225 1363 H'.
2265 1312 2421 1364 Ἔστι
2452 1311 2532 1377 δὲ,
2558 1310 2635 1376 ὡς
2661 1312 2921 1376 πολλάκις
2949 1311 3011 1365 τὸ
3040 1312 3345 1385 ὑπόδειγμα
3382 1314 3646 1389 sumas.

2076 1417 2204 1471 μην,
2240 1401 2301 1455 τὸ
2331 1406 2564 1474 πρᾶγμα
2592 1401 2767 1467 οὕτως
2785 1420 2800 1435 ο
2846 1403 2935 1466 Ὠς
2965 1402 3018 1455 εί
3038 1422 3120 1467 τις
3147 1404 3396 1459 θεάσοιτο
3421 1407 3488 1460 δι’
3512 1410 3648 1481 ὀπῆς

2076 1492 2414 1563 μικροτάτης
2444 1492 2538 1547 τὸν
2581 1494 2831 1565 οὐρανὸν,
2867 1495 2962 1548 καὶ
2995 1494 3159 1561 είποι,
3195 1496 3337 1567 Ὀρῶ
3369 1498 3463 1552 τὸν
3489 1501 3649 1571 ούραρ

2074 1584 2161 1637 νόν
2183 1599 2198 1612 ·
2235 1586 2327 1639 καὶ
2361 1587 2461 1639 οὐκ
2505 1585 2571 1640 ἂν
2612 1586 2865 1656 ψεύσοιτο
2900 1587 2929 1639 6
2966 1586 3238 1651 τοιοῦτος·
3275 1590 3380 1660 ὁρᾷ
3412 1592 3524 1663 γὰρ
3558 1594 3645 1646 οὖο

2080 1678 2238 1748 ρανὸν
2262 1678 2341 1749 τῷ
2381 1679 2495 1732 δντι
2515 1694 2527 1708 ·
2569 1680 2715 1733 είποι
2741 1680 2800 1733 δέ
2830 1696 2915 1743 τις
2954 1680 3103 1750 αὐτῷ
3136 1683 3390 1746 συνετῶς,
3426 1686 3510 1737 ὅτι
3542 1686 3649 1755 Οὐχ

386 1778 431 1833 si
460 1778 582 1847 quis
608 1776 901 1847 prudenter
927 1775 975 1829 ei
1006 1773 1152 1827 dicat
1180 1771 1337 1827 :Non
1372 1772 1524 1826 vides
1551 1773 1786 1837 cmlum;
1822 1788 1889 1825 ne
1915 1772 1962 1826 is

2075 1766 2322 1838 ἑώρακας
2345 1768 2439 1822 τὸν
2477 1768 2707 1840 οὐρανόν
2726 1784 2741 1799 ·
2780 1768 2876 1822 καὶ
2902 1769 3002 1821 οὐκ
3039 1768 3105 1823 ἂν
3136 1770 3392 1840 ψεύσοιτο
3425 1776 3455 1825 6
3477 1773 3650 1826 τοιοῦ-

384 1867 602 1938 quidem
635 1867 955 1930 mentietur;
977 1872 1188 1931 neuter,
1218 1864 1462 1933 inquam,
1492 1863 1773 1926 mentitur,
1792 1877 1967 1932 neque

386 1959 477 2029 qui
530 1958 730 2013 vidisse
762 1973 823 2012 se
874 1956 1028 2021 dicit,
1079 1970 1258 2025 neque
1305 1954 1400 2025 qui
1448 1962 1629 2023 negat.
1670 1953 1789 2008 Non
1820 1954 1965 2008 enim

384 2051 757 2105 extensionem
782 2048 930 2112 cteli,
960 2062 1023 2101 ac
1057 2046 1397 2100 latitudinem
1427 2045 1661 2114 aspexit.
1702 2044 1884 2109 Quare
1913 2052 1968 2099 et

388 2140 481 2209 qui
511 2140 669 2205 vidit,
708 2153 895 2193 verum
927 2136 1084 2202 dixit,
1112 2145 1164 2191 et
1196 2137 1289 2205 qui
1322 2142 1607 2205 repugnat,
1638 2134 1834 2189 falsum
1861 2149 1967 2187 non

391 2230 545 2284 dixit.
573 2228 728 2298 Saepe
756 2228 899 2283 enim
934 2227 1131 2283 accidit
1176 2236 1235 2281 ut
1282 2243 1345 2282 ex
1389 2228 1495 2280 alto
1529 2227 1729 2281 montis
1766 2226 1969 2281 vertice

389 2334 540 2373 mare
573 2319 991 2388 prospiciamus.
1021 2316 1177 2384 Quod
1205 2318 1249 2372 si
1280 2333 1381 2372 nos
1408 2316 1540 2370 illud
1586 2316 1789 2372 vidisse
1817 2317 1970 2370 dica-

388 2423 531 2470 mus,
582 2422 689 2460 non
722 2408 1082 2473 mentiemur;
1134 2422 1310 2476 neque
1354 2407 1400 2461 si
1440 2406 1835 2461 contradixerit
1868 2407 1970 2460 ali-

386 2502 508 2568 quis
541 2513 605 2552 ac
638 2499 840 2553 vidisse
874 2512 974 2553 nos
1003 2498 1302 2568 negaverit,
1338 2512 1446 2552 non
1475 2512 1661 2551 verum
1695 2497 1785 2552 ille
1808 2497 1965 2552 dixit.

386 2588 677 2658 Propterea
708 2586 878 2657 quod,
912 2602 1032 2657 qua:
1065 2594 1151 2641 est
1192 2584 1431 2640 hominis
1463 2584 1829 2649 imbecillitas,
1860 2598 1969 2653 quo

388 2679 535 2731 illius
593 2678 912 2747 amplitudo,
967 2684 1061 2729 aut
1110 2676 1415 2747 longitudo,
1474 2683 1569 2729 aut
1622 2674 1969 2745 profunditas

386 2770 675 2841 pertingat,
710 2783 983 2838 quamque
1024 2768 1117 2820 alti
1161 2768 1270 2823 sint
1304 2768 1448 2821 illius
1482 2766 1755 2837 voraginis
1782 2781 1968 2821 reces-

386 2875 483 2916 sus
514 2879 528 2927 ;
571 2861 663 2916 sed
700 2876 875 2929 neque
909 2860 1054 2913 illius
1076 2859 1268 2914 effecta
1303 2859 1584 2929 pervidere
1623 2865 1818 2928 potest.
1848 2857 1968 2912 Jam

387 2952 432 3008 si
469 2953 523 3005 in
550 2953 819 3006 creaturis
866 2952 939 3005 ita
968 2966 1087 3006 sese
1111 2966 1201 3005 res
1234 2952 1420 3011 habet,
1466 2958 1671 3020 quanto
1706 2949 1879 3019 magis
1914 2950 1968 3003 in

386 3044 623 3114 gratuito
656 3044 748 3096 illo
784 3043 1066 3107 beneﬁcio,
1093 3042 1237 3112 quod
1267 3042 1406 3097 Deus
1433 3042 1711 3112 prophetis
1742 3051 1966 3111 aposto-

388 3137 563 3205 lisque
592 3135 902 3187 concessit?
936 3134 1072 3204 Ergo
1099 3134 1176 3187 illi
1208 3133 1374 3187 Deum
1403 3134 1755 3187 exsistentem
1781 3149 1968 3187 revera

387 3226 616 3281 contuiti
652 3236 798 3288 sunt,
836 3234 889 3279 et
921 3226 1081 3279 simul
1123 3241 1228 3279 non
1261 3232 1389 3280 sunt
1418 3225 1666 3278 contuiti.
1701 3223 1971 3278 Viderunt

388 3318 608 3387 quidem
636 3324 905 3385 quatenus
932 3316 1174 3383 ipsorum
1208 3324 1401 3369 natura
1437 3315 1776 3381 su5tinebat;
1807 3313 1970 3383 idque

386 3410 612 3463 virtutis
654 3408 796 3461 illius
833 3407 1119 3471 benelicio,
1174 3422 1280 3477 qua
1326 3414 1634 3477 prscpotens
1683 3406 1773 3461 ille
1824 3405 1967 3460 Deus

386 3516 488 3572 pro
522 3500 784 3570 singulari
818 3515 918 3555 suo
958 3515 1083 3578 erga
1114 3502 1388 3554 hominem
1416 3515 1621 3565 amore,
1652 3501 1744 3570 qui
1772 3500 1876 3555 sibi
1898 3514 1963 3553 ex

389 3597 571 3649 animo
613 3609 675 3649 ac
719 3595 931 3648 sincere
978 3593 1267 3659 serviebat,
1328 3592 1549 3649 afﬁcere
1593 3593 1744 3647 illum
1776 3593 1968 3647 voluit.

392 3687 495 3743 Sed
520 3689 565 3743 si
596 3704 809 3750 manus,
836 3701 928 3740 aut
960 3686 1170 3749 oculos,
1199 3695 1291 3738 aut
1319 3685 1419 3737 alia
1445 3684 1498 3738 id
1526 3702 1697 3755 genus
1728 3685 1970 3746 membra

391 3781 569 3835 inesse
591 3778 699 3833 Deo
730 3778 1078 3847 suspicentur
1112 3776 1226 3838 isti,
1280 3774 1425 3844 quod
1467 3775 1534 3829 ad
1568 3790 1693 3831 eum
1744 3776 1965 3829 modum

390 3869 669 3942 prophetis
697 3876 750 3923 et
794 3867 1052 3937 apostolis
1080 3874 1409 3936 conspectus
1436 3866 1526 3929 sit,
1555 3866 1701 3919 inani
1729 3866 1965 3935 quodam

391 3962 577 4018 studio
609 3961 974 4015 contentionis
1005 3959 1130 4013 elati
1152 3973 1183 4011 a
1214 3958 1437 4013 veritate
1470 3958 1587 4028 ipsa
1621 3957 1968 4014 refelluntur.

390 4054 624 4111 Necesse
658 4052 874 4123 quidem
922 4060 1007 4106 est
1053 4052 1138 4106 his
1179 4050 1433 4105 omnibus
1463 4050 1720 4106 adhibere
1768 4051 1961 4113 ﬁdem,

388 4159 511 4216 quae
541 4144 594 4197 in
627 4143 799 4198 sacris
848 4140 1070 4196 Litteris
1119 4150 1483 4196 asseruntur:
1510 4141 1970 4210 quemadmodum

391 4251 520 4291 vero
546 4250 667 4291 sese
695 4233 915 4297 habeat,
962 4234 1114 4287 solus
1156 4233 1246 4287 ille
1285 4232 1587 4303 cognoscit.
1620 4231 1968 4303 Proindeque

390 4342 515 4381 vere
556 4325 773 4395 quidem
804 4324 1122 4394 apparuisse
1164 4332 1372 4378 certum
1414 4331 1535 4389 est;
1571 4324 1826 4393 apparuit
1869 4337 1972 4375 πυκ-

392 4430 500 4475 tem
558 4420 830 4490 quomodo
878 4419 1069 4483 voluit,
1118 4426 1172 4473 et
1225 4433 1554 4489 quocunque
1604 4417 1767 4471 modo
1804 4418 1973 4487 820
2005 4464 2047 4518 Β

395 4511 669 4577 apparuit,
692 4522 818 4561 vere
839 4508 1107 4577 apparuit.
1144 4508 1337 4561 Omnia
1360 4508 1559 4578 quippe
1589 4515 1768 4577 potest
1791 4506 1968 4574 Deus;

396 4614 499 4653 nec
534 4606 616 4652 est
652 4598 973 4668 quidquam,
1024 4597 1169 4668 quod
1213 4598 1332 4667 ejus
1377 4606 1697 4667 potestatem
1728 4596 1968 4667 eﬂugiat.

395 4689 549 4745 Idem
580 4706 707 4744 vero
737 4689 1125 4759 comprehendi
1169 4706 1277 4743 non
1308 4696 1509 4758 potest,
1542 4705 1666 4743 cum
1704 4690 1774 4744 sit
1804 4688 1969 4758 spiri-

395 4792 507 4847 tus,
537 4798 699 4852 quem
726 4782 1082 4853 intelligentia
1119 4782 1266 4835 nulla
1306 4782 1525 4852 penitus
1558 4783 1839 4852 percipere
1874 4797 1970 4852 po-

395 4880 543 4927 test:
579 4873 761 4942 itaque
791 4880 849 4926 ut
883 4872 1065 4925 omnia
1095 4872 1393 4934 contineat,
1428 4881 1481 4925 et
1515 4887 1542 4923 a
1598 4872 1749 4925 nullo
1795 4873 1972 4924 conti-

396 4975 614 5020 neatur.
647 4964 911 5019 Cancrum
952 4964 1129 5034 qualis
1168 4973 1251 5019 est
1287 4963 1467 5025 Pater,
1508 4965 1629 5017 talis
1658 4972 1741 5018 est
1780 4962 1969 5028 Filius,

397 5056 521 5112 talis
574 5062 628 5111 ει
671 5056 727 5110 in
772 5054 1055 5109 divinitate
1100 5054 1337 5125 Spiritus
1369 5064 1611 5110 sanctus.
1655 5054 1731 5109 Ex
1775 5056 1973 5125 quibus

399 5146 548 5203 solus
578 5144 889 5215 unigenitus
923 5142 1095 5199 Filius
1151 5158 1319 5198 carne
1350 5145 1578 5198 vestitus
1608 5153 1708 5209 est,
1736 5160 1968 5214 quacum

400 5254 431 5293 a
458 5236 688 5291 mortuis
720 5238 988 5291 excitatus
1015 5244 1119 5300 est,
1157 5235 1512 5305 eamdemque
1546 5236 1705 5291 unius
1740 5236 1795 5290 in
1824 5252 1971 5291 com-

398 5329 710 5382 munionem
746 5328 968 5397 spiritus
1003 5343 1127 5382 cum
1160 5328 1445 5383 divinitate
1476 5327 1783 5396 conjunxit,
1817 5336 1871 5383 et
1902 5328 1970 5380 ad

400 5415 667 5469 dexteram
701 5415 905 5483 Patris,
948 5426 1006 5471 ut
1038 5419 1300 5488 scriptum
1354 5425 1459 5481 est,
1492 5418 1545 5470 in
1570 5416 1746 5488 gloria
1793 5434 1973 5471 conse-

400 5505 478 5557 dit
508 5509 548 5557 ¹.
584 5506 1048 5571 Quemadmodum
1100 5509 1264 5579 igitur
1308 5508 1848 5578 comprehensionem
1882 5508 1967 5561 in-

403 5598 862 5668 telligentiamque
901 5609 1161 5672 superat,
1213 5602 1293 5656 sic
1345 5602 1526 5655 omnia
1600 5616 1721 5670 quae
1759 5602 1827 5655 de
1878 5601 1971 5654 illo

2068 1877 2193 1923 τος·
2227 1861 2254 1911 6
2289 1860 2388 1929 μὲν
2419 1860 2528 1931 γὰρ
2574 1860 2747 1929 λέγων
2782 1860 3087 1932 ἑωρακέναι
3124 1861 3185 1915 ού
3227 1861 3489 1931 ψεύδεται
3512 1881 3524 1893 ·
3562 1864 3650 1917 καὶ

2070 1952 2096 2002 6
2126 1951 2302 2021 φήσας
2326 1950 2463 2021 πρὸς
2499 1950 2659 2005 αὑτὸν
2692 1951 2765 2021 μὴ
2790 1951 3092 2021 ἑωρακέναι
3117 1951 3177 2003 τὸ
3205 1952 3336 2005 αὐτὸ
3363 1953 3646 2023 ἀληθεύει·

2069 2043 2190 2095 οὔτε
2224 2042 2333 2114 γὰρ
2371 2039 2478 2097 εἶδε
2517 2045 2616 2114 τὴν
2657 2043 2951 2097 ὲπέκτασιν
2980 2043 3102 2095 οὔτε
3131 2043 3192 2096 τὸ
3222 2043 3445 2107 πλάτος.
3480 2046 3596 2098 Kal
3624 2046 3652 2099 6

2074 2138 2170 2206 μὲν
2205 2135 2467 2207 ἑωρακὼς
2501 2136 2801 2206 ἡλήθευσεν
2826 2151 2838 2163 ·
2879 2138 2907 2188 6
2943 2135 3000 2187 δὲ
3038 2135 3310 2189 ἀντειπὼν
3362 2137 3438 2207 μὴ
3479 2138 3651 2207 ἑωρα-

2071 2227 2223 2279 κέναι
2252 2227 2352 2279 οὑκ
2385 2226 2674 2295 ἐψεύσατο,
2709 2225 2844 2278 ἀλλά
2876 2227 2970 2279 καὶ
2998 2226 3158 2288 αὐτὸς
3190 2225 3479 2296 ἠλήθευσε.
3516 2228 3649 2281 Πολι

2071 2318 2225 2380 λάκις
2252 2317 2362 2390 γὰρ
2387 2318 2484 2371 καὶ
2516 2316 2606 2369 ἐπὶ
2638 2316 2919 2387 ἀκρωρείᾳ
2944 2316 3108 2387 ὅρους
3140 2317 3376 2381 ἑστῶτες
3403 2317 3652 2388 θεώμεθα

2072 2410 2164 2460 καὶ
2192 2408 2292 2479 τὴν
2326 2407 2602 2461 θάλασσαν
2624 2423 2637 2436 ·
2668 2408 2762 2460 καὶ
2813 2407 2908 2460 ὲάν
2933 2408 3176 2477 εἴπωμεν
3212 2408 3518 2479 ἑωρακέναι
3563 2410 3651 2462 θά-

2070 2499 2308 2562 λασσαν,
2364 2500 2463 2552 οὐκ
2501 2498 2868 2568 ὲψευσάμεθα.
2908 2499 2971 2551 Ei
3021 2498 3079 2551 δέ
3126 2516 3209 2561 τις
3260 2499 3511 2553 ἀντείποι
3559 2498 3646 2553 λέ-

2071 2608 2203 2660 γων,
2239 2592 2320 2644 ὅτι
2349 2592 2459 2661 Οὐχ
2491 2590 2762 2663 ἑώρακας,
2794 2591 2887 2644 καὶ
2929 2591 3091 2655 αὐτὸς
3119 2592 3179 2644 οὐ
3219 2591 3497 2661 ψεύδεται.
3537 2594 3641 2646 Ποῦ

2072 2683 2141 2751 γά
2150 2702 2180 2753 ρ
2203 2684 2484 2736 διικνεῖται
2514 2683 2574 2735 τὸ
2599 2683 2819 2745 πλάτος,
2842 2681 2944 2735 ποῦ
2966 2682 3027 2734 τὸ
3048 2682 3241 2752 μῆκος,
3257 2683 3361 2736 ποῦ
3384 2686 3449 2735 τὸ
3466 2684 3649 2753 βάθος.

2074 2769 2176 2821 ποῦ
2212 2772 2258 2821 oi
2304 2769 2466 2839 μυχοὶ
2506 2769 2600 2822 τοῦ
2653 2770 2837 2839 βυθοῦ,
2870 2771 2964 2823 καὶ
3003 2771 3071 2823 τὰ
3118 2771 3565 2842 ἀποτελέσματα,
3594 2774 3651 2828 οῦ

2071 2861 2292 2914 δύναται
2324 2861 2523 2914 εἰδέναι
2552 2860 2837 2932 ἄνθρωπος
2866 2860 2960 2914 ὢν.
2994 2862 3055 2913 Ei
3083 2862 3263 2915 τοίνυν
3291 2862 3361 2915 τὰ
3392 2864 3527 2934 περὶ
3552 2862 3656 2919 τῶι

2074 2953 2387 3022 κτισμάτων
2415 2951 2588 3015 οὕτως
2612 2952 2669 3005 ὲν
2690 2955 2822 3023 ἡμῖν
2845 2952 3167 3023 πληροῦται,
3190 2952 3341 3025 πόσῳ
3364 2972 3429 3022 γε
3454 2957 3655 3025 μᾶλλον

2073 3044 2131 3095 ἐν
2173 3045 2238 3114 τῇ
2294 3044 2509 3115 χάριτι,
2616 3043 2910 3114 ἐχαρίσατο
2958 3045 2987 3095 6
3033 3044 3165 3107 Θεὸς
3206 3047 3521 3116 προφήταις
3564 3052 3656 3103 καὶ

2073 3136 2427 3201 ἀποστόλοις;
2470 3134 2793 3189 Ἐθεάσαντο
2832 3130 2924 3188 οὖν
2963 3134 3023 3187 τὸ
3049 3134 3109 3186 ὃν
3142 3136 3219 3206 τῷ
3260 3137 3393 3200 δντι,
3427 3141 3525 3191 καί
3561 3141 3656 3194 οὐκ

2074 3226 2400 3279 ἐθεάσαντοο
2430 3227 2546 3281 ἀλλ’
2580 3226 2894 3288 ἐθεάσαντο,
2928 3225 3004 3288 ὡς
3029 3225 3259 3295 ἠδύνατο
3299 3229 3332 3297 ἡ
3363 3228 3533 3296 φύσις
3565 3232 3656 3297 qs-

2078 3335 2189 3389 ρειν
2216 3336 2229 3349 ·
2261 3317 2356 3371 καὶ
2399 3318 2531 3371 αὐτὸ
2579 3318 2720 3372 κατὰ
2759 3316 2919 3388 χάριν
2960 3316 3262 3387 δυνάμεως,
3302 3314 3370 3390 ἧς
3407 3320 3656 3374 ἐνεδυνά-

2077 3428 2255 3481 μωσεν
2302 3412 2330 3464 6
2378 3410 2604 3473 δυνατὸς
2660 3411 2718 3463 ὲν
2772 3410 2943 3462 ἅπασι
2988 3408 3076 3463 διὰ
3114 3411 3299 3479 φιλίαν
3343 3412 3438 3465 τοῦ
3492 3414 3655 3481 αὑτοῦ

2073 3502 2380 3572 ἀνθρώπου,
2430 3502 2521 3555 καὶ
2558 3500 2860 3554 δουλεύοντι
2895 3501 2915 3530 ¹
2946 3500 3095 3570 αύτῷ
3128 3504 3185 3553 ἐν
3234 3503 3486 3574 ἀληθείᾳ.
3535 3505 3655 3557 Ἐὰν

2072 3590 2165 3646 οὖν
2196 3594 2247 3646 οἱ
2277 3594 2508 3646 τοιοῦτοι
2544 3592 2808 3663 νομίσωσι
2834 3593 3023 3663 χεῖρας
3056 3590 3198 3645 οὕτω
3217 3593 3308 3645 τὸν
3329 3593 3465 3646 Θεὸν
3493 3596 3653 3665 ἔχειν.

2072 3687 2104 3757 ἢ
2135 3683 2466 3755 ὀφθαλμοὺς,
2502 3682 2534 3754 ἢ
2568 3683 2635 3736 τὰ
2674 3683 2829 3745 ἄλλα,
2857 3682 2946 3735 διὰ
2983 3682 3045 3735 τὸ
3073 3682 3245 3748 οὕτως
3274 3684 3615 3755 ὀφθήσεσθαι
3635 3687 3654 3716 ³

2072 3776 2182 3835 τοῖς
2216 3773 2523 3843 προφήταις
2550 3772 2644 3824 καὶ
2683 3769 3022 3833 ἀποστόλοις,
3050 3769 3363 3837 φιλονείκως
3398 3772 3654 3842 φέρονται

2074 3865 2417 3935 ἐλεγχόμενοι
2460 3864 2569 3917 ἀπὸ
2598 3863 2698 3932 τῆς
2742 3861 3021 3932 ἀληθείας.
3064 3862 3222 3915 Ἀλλὰ
3251 3862 3351 3915 ὅσα
3380 3862 3486 3932 μὲν
3514 3864 3654 3931 λέγει

2073 3958 2131 4009 ὲν
2164 3958 2231 4026 τῇ
2264 3954 2385 4025 θείᾳ
2428 3954 2638 4027 Γραφῇ,
2677 3953 2950 4006 πιστεύειν
2980 3954 3108 4024 χρὴ,
3138 3954 3220 4007 ὃτι
3258 3952 3404 4005 ἔστι·
3448 3954 3570 4018 πῶς
3597 3955 3653 4007 δὲ

2074 4044 2241 4109 ἔστιν,
2274 4042 2423 4113 αύτῷ
2468 4042 2613 4112 μόνῳ
2652 4040 2941 4108 ἔγνωσται.
2988 4040 3098 4094 Kal
3124 4041 3206 4093 ὅτι
3247 4038 3401 4110 ὤφθη
3446 4040 3525 4109 τῷ
3563 4041 3653 4109 μὲν

2073 4135 2208 4199 ὄντι,
2235 4134 2324 4187 ναί
2345 4150 2359 4164 ο
2395 4132 2553 4202 ῶφθη
2600 4130 2656 4183 δὲ
2704 4131 2779 4194 ὼς
2809 4130 3063 4201 ἠθέλησε,
3097 4132 3191 4185 καὶ
3228 4130 3448 4201 ἀληθῶς
3475 4130 3651 4200 ὤφθη,

2073 4224 2147 4286 ὡς
2179 4223 2357 4294 ὤφθη.
2390 4222 2576 4276 Πάντα
2606 4220 2715 4291 γὰρ
2739 4218 2963 4273 δύναται
2994 4218 3147 4283 Θεὸς,
3190 4220 3284 4272 καὶ
3323 4219 3479 4273 οὐδὲν
3508 4216 3654 4287 αύτῷ

2074 4318 2351 4371 ἀδύνατον.
2391 4316 2547 4368 Ἔστι
2580 4314 2638 4367 δὲ
2671 4313 3077 4384 ἀκατάληπτος,
3110 4310 3327 4381 πνεῦμα
3352 4310 3430 4364 ὢν
3460 4311 3653 4379 ἀπερι-

2075 4411 2282 4480 νόητον,
2317 4408 2494 4461 πάντα
2523 4405 2813 4477 περιέχων,
2838 4400 2991 4467 οὗτος
3031 4405 3123 4456 ὑπ’
3147 4402 3362 4465 οὐδενὸς
3397 4402 3654 4473 περιεχό-

2079 4516 2262 4570 μενος.
2292 4498 2400 4551 Καὶ
2448 4498 2631 4560 ὁποῖος
2666 4498 2695 4550 6
2730 4496 2956 4569 Πατὴρ,
2995 4493 3234 4558 τοιοῦτος
3263 4496 3359 4547 καὶ
3406 4494 3438 4545 6
3494 4494 3652 4555 Υἱὸς,

2071 4586 2217 4640 οὕτω
2251 4588 2345 4639 καὶ
2397 4584 2619 4655 Πνεῦμα
2665 4584 2725 4636 ὲν
2753 4586 2818 4654 τῇ
2852 4583 3084 4654 θεότητι.
3113 4582 3288 4645 Μόνος
3330 4580 3388 4633 δὲ
3416 4582 3446 4633 6
3483 4580 3654 4633 Μονο-

2071 4678 2233 4751 γενὴς
2260 4676 2545 4730 ἐνεδύσατο
2586 4673 2757 4727 ἐλθὼν
2783 4673 2983 4745 σάρκα,
3015 4675 3074 4725 ὲν
3198 4672 3292 4726 καὶ
3323 4670 3553 4739 ἀνέστη,
3590 4671 3655 4740 ἢν

2072 4773 2164 4825 καὶ
2209 4772 2482 4829 συνήνωσε
2524 4771 2590 4838 τῇ
2641 4766 2854 4836 θεότητι
2906 4768 2985 4826 είς
3034 4764 3252 4834 πνεῦμα
3302 4762 3653 4825 πνενώσας,

2070 4863 2354 4917 ἐκάθισεν
2379 4860 2449 4913 ἐν·
2481 4858 2631 4927 δόξῃ
2649 4899 2662 4921 ,
2698 4859 2767 4912 ἐν
2786 4855 2955 4923 δεξιᾷ
2976 4855 3084 4909 τοῦ
3129 4853 3378 4922 Πατρός,
3417 4852 3565 4906 »λτά
3595 4851 3654 4906 τὸ

2078 4955 2477 5027 γεγραμμένον.
2514 4953 2602 5016 Ὠς
2628 4948 2721 5005 οῦν
2749 4954 2895 5005 ἐστιν
2927 4948 3305 5020 ἁκατάληπτος
3334 4948 3430 5000 καὶ
3459 4948 3647 5017 ἀπερι-

2078 5050 2285 5120 νόητος,
2313 5048 2454 5101 οὕτω
2485 5048 2661 5101 πάντα
2689 5045 2757 5099 τὰ
2783 5046 2911 5115 περὶ
2934 5043 3101 5097 αὐτοῦ
3130 5041 3401 5111 λεγόμενα
3424 5040 3653 5110 ἀληθινά

2079 5144 2227 5196 ἐστιν
2257 5141 2407 5198 ὄντα.
2450 5140 2537 5203 Ὦς
2565 5138 2621 5191 δὲ
2656 5137 2786 5201 Θεός
2834 5138 2981 5189 ἐστιν
3021 5133 3439 5203 ἀκατάληπτος,
3480 5130 3651 5192 οὕτως

2078 5236 2188 5288 πᾶν
2216 5234 2276 5286 τὸ
2307 5233 2434 5303 περ)⁵
2462 5230 2625 5285 αὐτοῦ
2656 5228 2947 5299 λεγόμενον
2971 5224 3353 5295 ἀκατάληπτόν
3380 5224 3497 5275 ἐστι
3532 5222 3649 5291 μὲν,

2076 5325 2211 5380 ἀλλὰ
2242 5324 2623 5395 ἀκατάληπτον
2652 5324 2814 5375 ὁποῖα
2846 5318 3003 5381 Θεοῦ,
3031 5317 3125 5370 καὶ
3149 5316 3223 5379 ὡς
3255 5314 3401 5368 ἐστιν
3435 5314 3496 5366 ὲν
3526 5310 3649 5380 δόξῃ

2077 5417 2458 5488 ἀκαταλήπτῳ.
2499 5415 2612 5468 Kal
2640 5413 2811 5467 ταῦτα
2854 5413 2973 5482 μὲν,
3003 5408 3184 5471 καθὼς
3208 5404 3548 5478 ἐχωροῦμεν,
3572 5405 3650 5465 είς

2077 5508 2381 5577 δοξολογίαν
2412 5505 2546 5561 Θεοῦ
2589 5507 2816 5577 στόματι
2850 5501 3172 5575 ἀνθρωπίνῳ
3211 5498 3542 5569 εἰρήκαμεν·
3590 5493 3649 5547 οὐ

2079 5600 2187 5671 γὰρ
2209 5600 2402 5671 ἔχομεν
2424 5598 2613 5669 ἑτέρας
2646 5596 2886 5666 φθογγῆς
2913 5593 3107 5664 χρῆσιν
3133 5589 3271 5661 ὑπὲρ
3296 5588 3397 5658 τὴν
3427 5590 3489 5639 ἐκ
3509 5581 3649 5638 Θεοῦ

484 5754 502 5786 ¹
527 5752 725 5822 Ephes.
767 5768 828 5813 It,
849 5752 917 5816 6;
946 5750 1109 5807 Hebr.
1140 5769 1258 5821 VIII,
1290 5756 1336 5807 ι.
1417 5757 1435 5787 ³
1474 5754 1599 5810 r'or.
1634 5752 1967 5817 δουλεύοντος

2101 5755 2226 5809 Cor.
2255 5753 2505 5824 ὀφθῆναι.
