3826 6206
191 255 289 314 553

842 245 1210 306 ADVERSUS
1249 245 1590 304 HERESES
1625 245 1753 321 ιιβ.
1793 244 1880 303 Ill.
1922 245 2087 303 τοιι.
2121 245 2163 302 1.
2195 247 2550 307 -HASRES.
2595 250 2760 309 LXX.

3327 258 3434 318 35‘

189 377 314 447 ημῖν
343 373 402 427 έν
432 371 614 443 μέτρῳ
636 368 906 435 δοθεῖσαν,
943 372 992 425 εἰ
1030 372 1126 426 καὶ
1152 370 1232 442 τῷ
1259 369 1334 441 νῷ
1364 370 1746 443 περισσότερον

1853 369 2136 437 dicuntur,
2165 373 2450 427 verissima
2473 383 2625 430 sunt.
2658 374 2812 430 Sicut
2837 387 3015 433 autem
3045 380 3432 450 comprehendi

187 465 307 537 περὶ
353 462 484 518 Θεοῦ
531 461 1019 532 ὑπολαμϐάνομενο
1059 462 1174 516 ἀλλ’
1213 463 1312 534 οὐχ
1358 462 1532 516 ὁπόσα
1558 465 1586 515 ὁ
1625 460 1750 525 νοῦς

186 558 310 630 εχει,
343 555 579 610 τοσαῦτα
611 554 831 610 δύναται
858 555 920 608 τὸ
951 555 1127 626 στόμα
1167 555 1368 624 λέγειν,
1403 556 1586 627 μέτρῳ
1613 556 1748 609 ἁπο-

189 647 580 718 κεκλεισμένον,
606 645 702 700 καὶ
725 647 1078 716 συνεχόμενον
1096 649 1207 710 τοῖς
1232 649 1562 717 σωματικοῖς
1584 645 1748 716 ὀργά-

185 757 306 802 νοις.
331 738 424 792 Διὺ
450 737 545 791 καὶ
583 739 956 808 συγγνωμονεῖ
981 737 1114 802 Θεὸς
1143 737 1276 810 παρ’.
1303 738 1459 808 ἡμῶν
1489 737 1743 809 ἀποδεχό·

187 847 336 902 μενος
375 827 474 899 τὴν
521 827 650 899 περὶ
683 826 848 881 αὑτοῦ
889 827 1091 898 εἴδησιν
1127 829 1222 895 καὶ
1249 827 1575 898 δοξολογίαν,
1607 827 1749 900 ὑπὲρ

181 923 270 992 τὴν
302 920 456 991 ἡμῶν
488 918 718 990 δύναμιν
756 919 1238 990 ὲπεκτεινομένην,
1280 920 1400 990 οὐχὶ
1439 919 1560 989 Θεῷ
1592 921 1751 992 χαρίο

182 1009 369 1065 σασθαί
397 1027 473 1076 τι,
513 1009 651 1064 ἀλλὰ
689 1009 990 1080 δοξολογεῑν
1031 1011 1093 1064 τὸ
1137 1010 1291 1064 Θεῖον
1330 1010 1473 1065 κατὰ
1500 1010 1750 1082 δύναμιν,

181 1102 253 1165 είς
276 1100 334 1154 τὸ
360 1101 600 1164 εὐσεϐῶς
628 1102 917 1172 φρονῆσαι,
950 1102 1046 1155 καὶ
1073 1102 1148 1174 μὴ
1176 1103 1429 1156 ἐκπεσεῖν
1457 1101 1558 1172 τῆς
1583 1101 1750 1155 αὑτοῦ

180 1192 392 1264 χάριτος
444 1192 538 1246 καὶ
591 1193 872 1264 ἀληθείας.
915 1191 1103 1246 Ταῦτα
1154 1193 1211 1246 δὲ
1265 1194 1394 1265 περὶ
1436 1191 1534 1246 τοῦ
1585 1190 1750 1246 αὐτοῦ

179 1284 362 1338 Λύδίου
417 1287 508 1338 καὶ
557 1285 667 1338 τῶν
728 1283 1002 1338 Αύδιανῶν
1055 1283 1549 1354 διαλαμϐάνοντες,
1606 1281 1748 1347 ἐξεί-

182 1394 346 1448 πομεν
363 1378 432 1430 τὰ
463 1378 553 1430 ὑπ’
579 1376 760 1430 αὐτῶν
790 1375 1055 1446 λεγόμενα
1073 1391 1086 1404 ·
1117 1369 1196 1437 οἷς
1226 1374 1365 1428 κατὰ
1399 1374 1456 1426 τὸ
1484 1373 1749 1427 ἰδιωτικὸν

181 1468 268 1521 καὶ
313 1467 469 1522 αὐτοὶ⁸
515 1466 884 1538 διηγούμενοι,
915 1466 1008 1519 καὶ
1067 1463 1210 1518 κατὰ
1250 1463 1311 1516 τὸ
1360 1462 1659 1533 φιλόνεικον
1689 1466 1749 1516 ἐν

179 1558 377 1622 τούτοις
403 1558 739 1629 ἀντέχονται,
769 1555 1032 1628 ἀπρεπῶς
1062 1555 1514 1627 διισχυριζόμενοι

1859 460 2003 518 Deus
2035 477 2141 517 non
2177 470 2374 532 potest,
2409 463 2484 518 ita
2505 464 2573 520 de
2610 464 2704 520 illo
2731 466 2996 537 quidquid
3021 473 3288 526 asseritur
3309 489 3434 543 per-

1855 553 1984 608 inde
2025 555 2407 624 comprehendi
2459 556 2667 626 nequit.
2722 557 2918 629 Nequit
2967 570 3147 618 autem
3202 573 3431 622 eatenus

1853 647 2054 709 solum,
2095 653 2378 714 quatenus
2413 644 2522 700 Deo
2566 650 2842 715 convenit,
2879 653 2933 704 et
2976 666 3042 706 eo
3081 655 3263 722 modo,
3320 673 3431 726 quo

1853 737 1996 810 inest
2014 737 2071 791 in
2092 752 2157 792 eo
2179 737 2486 807 splendore,
2513 738 2608 809 qui
2635 741 3179 810 comprehensionem
3211 749 3429 804 excedit

1851 845 2088 886 onmem.
2131 829 2254 886 Haac
2285 848 2384 887 nos
2410 848 2507 902 pro
2534 831 2744 887 viribus
2773 835 2997 900 nostris,
3022 835 3089 889 ad
3119 835 3215 892 Dei
3256 839 3431 894 hono-

1850 938 1967 978 rem
1997 931 2050 980 et
2077 922 2324 993 gloriam,
2359 923 2597 978 humana
2627 925 2810 996 lingua
2856 925 3254 996 disputavimus
3281 950 3294 985 :
3321 947 3432 986 non

1852 1013 1999 1068 enim
2057 1013 2162 1067 alia
2197 1028 2329 1068 voce
2355 1023 2448 1068 aut
2478 1029 2730 1070 sermone
2757 1016 2834 1069 uti
2869 1032 3184 1087 possumus,
3216 1021 3312 1091 qui
3355 1023 3427 1078 sit

1851 1119 1916 1158 eo
1947 1105 2310 1174 praastantior,
2341 1121 2504 1175 quem
2537 1106 2695 1163 nobis
2724 1108 2885 1162 modo
2913 1109 3148 1178 quodam
3181 1125 3244 1166 ac
3276 1127 3429 1167 men-

1853 1209 1983 1250 sura
2034 1195 2178 1251 Deus
2227 1197 2762 1260 altribuit;tametsi
2818 1201 3168 1269 praestantius
3219 1202 3426 1274 aliquid

1856 1290 2035 1339 mente
2059 1284 2127 1339 de
2142 1282 2253 1340 Deo
2286 1285 2681 1355 concipiamus.
2714 1286 2912 1342 Verum
2937 1298 3204 1358 quantum
3239 1301 3427 1347 nostra

1853 1389 2010 1430 mens
2047 1375 2209 1445 capit,
2242 1383 2452 1430 tantum
2481 1391 2544 1432 os
2583 1378 2761 1448 eloqui
2808 1393 2914 1433 non
2947 1388 3157 1449 potest;
3194 1383 3339 1452 quod
3371 1393 3427 1438 et

1853 1479 2110 1519 mensura
2151 1466 2240 1519 illa
2286 1476 2590 1532 coercetur,
2629 1476 2684 1522 et
2727 1470 3004 1540 corporeis
3049 1469 3433 1530 instrumentis

1855 1557 2072 1613 aﬂixum
2106 1566 2345 1614 tenetur.
2375 1558 2647 1625 Quocirca
2670 1563 3028 1618 imbecillitati
3054 1574 3256 1620 nostra:
3283 1565 3426 1624 Deus

181 1649 480 1720 indulgens,
513 1664 677 1720 quam
721 1649 788 1705 de
820 1649 939 1719 ipso
968 1647 1218 1702 notitiam
1281 1648 1660 1718 adipiscimur,
1705 1662 1770 1703 ac
1833 1650 2064 1719 gloriam
2114 1650 2442 1719 deferimus,
2498 1653 2639 1724 atqui
2697 1654 2937 1724 bonique
2988 1657 3248 1724 consulit,
3295 1657 3424 1714 dum

180 1742 320 1797 illam
342 1743 507 1797 etiam
542 1757 709 1813 supra
735 1743 934 1797 virium
963 1750 1277 1800 nostrarum
1305 1749 1526 1812 captum
1557 1743 1926 1809 extendimus,
1962 1762 2073 1801 non
2113 1755 2173 1800 ut
2219 1747 2327 1802 ulla
2376 1747 2431 1802 in
2490 1763 2551 1804 re
2611 1749 2722 1804 Deo
2779 1750 3173 1821 gratiﬁcemur,
3215 1752 3309 1808 sed
3370 1762 3430 1809 ut

181 1836 321 1892 illum
345 1836 532 1907 quoad
562 1837 728 1893 situm
762 1837 817 1892 in
846 1837 1006 1894 nobis
1035 1847 1138 1903 est,
1167 1839 1324 1894 laude
1363 1838 1725 1905 celebremus,
1763 1847 1822 1894 ut
1859 1850 1915 1896 et
1945 1850 2012 1897 de
2044 1843 2137 1897 illo
2173 1843 2426 1914 religiose
2465 1846 2788 1910 sentiamus,
2821 1854 2875 1900 et
2949 1847 3019 1901 ab
3074 1847 3195 1916 ejus
3251 1849 3426 1918 gratia

180 1937 228 1982 et
268 1930 499 1986 veritate
541 1945 654 1985 non
709 1930 1049 1986 excidamus.
1100 1931 1279 2001 Atque
1323 1931 1437 1986 haec
1483 1931 1749 1987 adversus
1785 1935 2021 1989 Auclium
2051 1937 2442 2006 Audianosque
2495 1938 2859 2008 disputantes,
2918 1941 3134 1994 illorum
3172 1941 3426 2010 dogmata

181 2021 594 2092 proposuimus,
632 2036 754 2090 qua:
795 2021 1116 2091 simpliciori
1149 2021 1383 2092 quadam
1427 2025 1640 2079 ratione
1685 2039 1750 2079 ac
1789 2027 2057 2095 pertinaci
2083 2029 2452 2084 contentionis
2482 2029 2668 2084 studio
2698 2031 2930 2099 turpiter
2957 2039 3298 2086 asseverant.

242 2135 313 2189 θ’.
351 2134 580 2207 Ἔχουσι
611 2135 668 2189 δὲ
715 2136 810 2188 καὶ
859 2135 994 2190 ἄλλα
1029 2136 1169 2202 τινὰ,
1219 2136 1288 2189 δι’
1316 2137 1461 2208 ἆπερ
1508 2137 1741 2208 μάλιστα

1911 2138 2001 2194 IX.
2049 2138 2256 2193 Habent
2295 2155 2424 2193 vero
2449 2147 2501 2194 et
2531 2139 2636 2193 alia
2666 2141 2970 2209 complura,
3005 2140 3206 2210 quibus
3248 2141 3427 2212 potis-

182 2228 415 2283 ιστανται
443 2228 831 2300 περισσότερον
858 2228 957 2297 τὴν
985 2228 1248 2296 διαίρεσιν
1269 2227 1622 2298 ποιησάμενοι
1647 2228 1746 2298 τῆς

1854 2233 2053 2287 simum
2099 2233 2387 2295 nituntur,
2437 2247 2606 2302 seque
2635 2232 2702 2286 ab
2739 2231 2996 2286 Ecclesia
3037 2233 3426 2302 conjunctione

192 2318 532 2387 Ἑκκλησίας,
563 2319 630 2372 δι’
671 2313 738 2390 ἧς
780 2317 876 2371 καὶ
906 2317 1100 2382 ἄλλους
1147 2318 1448 2391 πτύραντες
1488 2319 1744 2384 πολλάκις

1853 2331 2226 2394 segregatum,
2268 2325 2467 2394 quibus
2506 2331 2560 2378 et
2603 2323 2739 2378 alios
2782 2323 3101 2392 plerumque
3130 2325 3435 2396 conturba-_

181 2409 524 2464 ἀνθέλκουσιν
571 2409 678 2462 ἀπὸ
729 2408 832 2478 τῆς
881 2408 1238 2478 Ἐκκλησίας,
1306 2409 1740 2480 παρελκύσαντες

1853 2423 1940 2471 tos
1980 2416 2049 2470 ab
2085 2416 2274 2471 eadem
2325 2415 2563 2470 Ecclesia
2596 2413 2883 2479 divellunt,
2933 2416 3218 2485 utriusque
3260 2400 3436 2472 sexus.

182 2501 367 2574 ἄνδρας
412 2519 476 2555 τε
513 2503 606 2555 καὶ
637 2504 922 2571 γυναῖκας.
970 2501 1265 2574 Μετὰχὰρ
1304 2501 1572 2556 Ἰουδαίων
1621 2501 1744 2572 βού-

181 2595 351 2648 λονται
384 2594 447 2648 τὸ
497 2595 690 2664 Πάσχα
740 2594 1008 2647 ἐπιτελεῖν
1029 2611 1042 2624 ·
1078 2595 1371 2659 τουτέστιν,
1407 2585 1451 2661 ᾧ
1493 2594 1670 2666 καιρῷ
1697 2595 1745 2646 οἱ

193 2685 424 2738 Ἰουδαῖοι
452 2685 671 2738 ποιοῦσι
696 2684 764 2738 τὰ
795 2687 924 2756 παρ’
959 2685 1142 2748 αὐτοῖς
1167 2681 1410 2754 ’Δζυμα,
1435 2684 1555 2736 τότε
1594 2685 1748 2737 αὐτοὶ

183 2777 539 2846 φιλονεικοῦσι
572 2777 632 2830 τὸ
676 2776 868 2847 Πάσχα
900 2775 1086 2845 ἄγεινο
1123 2776 1218 2828 καὶ
1260 2775 1420 2846 δῆθεν
1457 2775 1538 2828 ὅτι
1576 2775 1747 2838 οὕτως

182 2866 243 2942 ἦν
281 2873 314 2940 ἡ
353 2869 656 2940 Ἐκκλησία
687 2869 994 2940 φερομένη·
1030 2869 1146 2937 εἴτε
1197 2867 1293 2921 καὶ
1340 2867 1495 2935 λόγον
1525 2883 1750 2920 σεσυκο-

184 2963 522 3034 φαντημένον
570 2961 876 3016 δεικνύουσι
933 2963 1046 3024 τοῖς
1094 2959 1566 3030 έκκλησιαστικοίς
1608 2957 1747 3012 κατὰ

184 3055 327 3109 τοῦτο
355 3056 417 3108 τὸ
447 3054 636 3126 μέρος,
656 3054 955 3124 φάσκοντες
971 3053 1079 3106 ἀπὸ
1105 3051 1484 3106 Κωνσταντίου
1503 3052 1518 3083 ⁸
1555 3051 1630 3122 (4)
1662 3050 1748 3104 διὰ

183 3147 271 3217 τὴν
315 3147 454 3217 πρὸς
486 3146 578 3199 τὸν
610 3145 851 3215 βασιλέα,
883 3144 1042 3215 φησὶ,
1077 3142 1538 3214 προσωποληψίαν
1582 3159 1749 3196 κατα-

184 3235 438 3290 λελοιπότι
455 3239 478 3268 ²
507 3237 607 3307 τὴν
630 3237 738 3290 τῶν
771 3235 1020 3306 πατέρων
1047 3234 1178 3305 περὶ
1203 3233 1299 3286 τοῦ
1330 3233 1520 3311 Πάσχα
1551 3233 1748 3305 ἑορτῆς

185 3328 494 3383 ἀκολουθίαν
516 3369 531 3394 ,
581 3329 674 3382 καὶ¹
723 3327 822 3397 τὴν
873 3325 1088 3398 ἡμέραν
1139 3323 1504 3396 μετηλλάξατε
1561 3327 1639 3388 εἰς
1688 3325 1748 3378 τὺ

185 3421 412 3492 καθῆκον
445 3419 546 3473 τοῦ
579 3419 862 3490 βασιλέως.
882 3418 1038 3480 Τινὲς
1069 3417 1126 3470 δὲ
1158 3415 1319 3469 πάλιν
1365 3415 1504 3469 κατὰ
1527 3416 1588 3470 τὸ
1621 3416 1748 3469 ἴδιον

1850 2499 2119 2554 homines.
2157 2498 2292 2552 Nam
2332 2515 2456 2554 cum
2499 2498 2703 2554 Judaais
2750 2498 2960 2554 Pascha
3005 2500 3284 2572 celebrare
3326 2495 3436 2572 vo-Q

1851 2593 1993 2659 lunt,
2035 2592 2138 2645 hoc
2172 2599 2276 2654 est,
2317 2605 2425 2660 quo
2464 2599 2710 2661 tempore
2741 2588 2913 2644 Judaei
2944 2591 3146 2662 Azyma
3175 2559 3437 2678 sua‘per-i

1855 2689 2044 2753 agunt,
2086 2689 2217 2736 tunc
2258 2681 2333 2734 illi
2375 2681 2656 2736 Paschalis
2699 2681 3071 2736 celebritatem
3101 2683 3326 2747 obeunt,
3368 2685 3436 2753 ut

1854 2750 1923 2827 ab
1973 2771 2216 2828 Ecclesia
2263 2771 2558 2826 dissentire
2603 2771 2911 2826 videantur.
2971 2771 3126 2837 Quod
3175 2750 3436 2846 videlicet:

1853 2863 1983 2917 olim
2031 2863 2146 2918 haec
2188 2864 2250 2916 in
2297 2863 2459 2932 821
2520 2860 2764 2916 Ecclesia
2823 2861 3156 2917 consuetudo
3207 2847 3435 2932 recepta'

1855 2953 2038 3008 fuerit.
2074 2951 2396 3022 Quanquam
2423 2951 2666 3005 nonnihil
2697 2951 2807 3004 hac
2832 2952 2884 3004 in
2913 2957 3070 3019 parte
3091 2938 3435 3022 calumniam:

1853 3055 1964 3106 tur,
2001 3053 2059 3098 et
2085 3017 2474 3099 ecclesiasticis
2525 3043 2714 3096 falsam
2748 3017 3016 3096 rationem
3061 3042 3346 3111 objiciunt.
3381 3017 3434 3112 Δί

1849 3137 2216 3199 Constantini,
2254 3136 2529 3204 inquiunt,
2571 3143 2837 3203 tempore,
2880 3141 2939 3186 ut
2967 3132 3310 3202 imperatoris
3337 3115 3434 3206 ηοξ

1854 3229 2058 3282 tionem
2089 3227 2362 3280 haberetis
2386 3233 2662 3294 paternam
2687 3262 2704 3286 ,
2735 3223 2787 3276 in
2813 3222 3140 3278 celebrando
3160 3207 3433 3279 Paschate

1855 3317 2306 3373 consuetudinem
2383 3314 2679 3383 reliquistis
2722 3313 2974 3382 diemque
3017 3313 3428 3378 commutastis,

1857 3417 1915 3463 ut
1939 3425 2032 3464 vos
2058 3408 2125 3462 ad
2152 3388 2500 3477 imperatoris
2531 3417 2723 3461 nutum
2757 3405 3268 3460 accommodaretis.
3293 3404 3430 3470 Qui.

185 3481 477 3584 φιλόνεικον
504 3481 798 3584 ὁρίζονται,
828 3481 933 3574 ότι,
967 3510 1097 3562 Ὅτε
1139 3508 1208 3561 τὰ
1252 3505 1500 3577 γενέθλια
1532 3507 1607 3578 (5)
1652 3506 1743 3560 τοῦ

1852 3503 1972 3556 dam
2003 3503 2166 3556 etiam
2204 3501 2543 3570 pervicacius
2585 3497 2887 3562 deﬁniunt,
2924 3505 3001 3559 et,
3035 3496 3171 3552 Cum
3204 3481 3434 3564 natalia!

185 3607 611 3669 Κωνσταντίνου,
637 3604 759 3657 τότε
792 3601 1242 3674 μετεποιήσασθε,
1272 3600 1424 3671 φησι,
1444 3599 1504 3652 τὺ
1534 3599 1744 3668 Πάσχα.

186 3698 284 3751 Καὶ
315 3699 363 3751 εί
418 3697 524 3768 μὲν
571 3697 638 3766 τῇ
673 3694 812 3765 αὐτῇ
849 3692 1033 3764 ἡμέρᾳ
1071 3691 1134 3744 τὸ
1180 3690 1372 3760 Πάσχα
1418 3689 1583 3760 ῆγετο
1629 3688 1753 3742 κατ’

184 3789 310 3854 έτος,
350 3789 447 3842 καὶ
477 3789 548 3858 τῇ
576 3787 712 3856 αὐτῇ
745 3784 954 3854 ὡρίσθη
984 3783 1143 3837 τοῦτο
1175 3783 1348 3835 ποιεῖν
1377 3780 1471 3832 ἐπὶ
1501 3779 1598 3851 τῆς
1616 3779 1637 3810 ³
1655 3779 1749 3834 ἐπὶ

186 3877 585 3933 Κωνσταντίνου
627 3872 1005 3945 συναχθείσης
1033 3873 1254 3926 συνόδου
1275 3911 1290 3937 ,
1335 3870 1556 3926 πιθανὸν
1588 3866 1657 3942 ἦν
1690 3869 1749 3922 τὸ

185 3976 303 4046 παρ’
324 3974 510 4035 αὐτοῖς
537 3970 829 4040 λεγόμενον
850 3985 863 3999 ·
891 3967 1053 4020 ὁπότε
1081 3965 1140 4018 δὲ
1168 3963 1288 4018 καθ’
1317 3964 1544 4016 ἕκαστον
1571 3964 1750 4015 ἐνιαυ-

183 4065 264 4118 τὸν
287 4065 345 4118 ού
375 4065 603 4118 δύναται
631 4059 849 4132 ἔχεσθαι
869 4059 968 4128 τῆς
986 4057 1155 4128 αὐτῆς
1173 4056 1353 4127 ψήφου
1383 4055 1418 4125 ἡ
1440 4052 1745 4114 ἀκολουθία,

185 4155 418 4210 διέπεσεν
462 4157 493 4208 ὁ
525 4152 704 4208 αὐτῶν
739 4152 915 4220 λόγος.
952 4149 1026 4202 ῢύ
1056 4149 1163 4220 γὰρ
1209 4147 1298 4201 διὰ
1330 4147 1390 4199 τδ
1420 4144 1691 4215 γενέθλιον
1719 4143 1748 4194 ὁ

189 4247 426 4318 βασιλεὺς
479 4243 889 4315 ὲπεμελήσατο,
943 4240 1082 4294 ἀλλὰ
1132 4239 1222 4292 διὰ
1264 4237 1362 4309 τὴν
1412 4236 1605 4289 ἕνωσιν
1647 4235 1748 4304 τῆς

197 4340 531 4410 Ἐκκλησίας.
563 4336 654 4408 Τῷ
691 4335 800 4406 γὰρ
837 4335 949 4388 ὖντι
980 4333 1073 4387 δύο
1103 4333 1333 4406 μέγιστα
1371 4333 1502 4403 ἡμῖν
1535 4329 1750 4400 κατώρ-

187 4433 342 4486 θωσεν
371 4436 399 4486 ὁ
447 4431 584 4492 Θεὸς
627 4429 716 4482 διὰ
759 4427 852 4481 τοῦ
894 4425 1290 4498 προειρημένου
1339 4420 1746 4475 Κωνσταντίνου

184 4527 267 4579 τοῦ
305 4522 723 4594 θεοφιλεστάτου
770 4521 863 4573 καὶ
907 4517 993 4573 ἀεὶ
1029 4513 1392 4588 μακαριστοῦ,
1431 4513 1492 4566 τὸ
1525 4511 1748 4575 συνάξαι

186 4618 556 4688 οίκουμενικὴν
607 4613 844 4673 σύνοδον,
894 4611 989 4664 καὶ
1016 4608 1276 4685 ἐκθέσθαι
1320 4607 1420 4679 τὴν
1448 4608 1505 4659 ὲν
1543 4605 1748 4675 Νικαίᾳ

187 4707 486 4760 ἑκτεθεῖσαν
530 4706 734 4771 πίστιν,
769 4703 864 4756 καὶ
896 4701 1319 4773 ὁμολογηθεῖσαν
1364 4697 1479 4769 μεθ’
1508 4698 1748 4768 ὑπογρα-

187 4797 282 4866 φῆς
318 4799 422 4850 τῶν
468 4796 828 4850 συνελθόντων
863 4793 1196 4854 ἐπισκόπων,
1223 4789 1612 4862 καθαιρεθῆναι
1646 4788 1746 4859 μὲν

1852 3593 2131 3664 inquiunt,
2155 3591 2497 3646 Constantini
2522 3590 2912 3667 celebraretur,
2945 3587 3229 3643 Paschalis
3257 3589 3432 3644 ratio-'
3463 3579 3466 3584 ’

1851 3701 1972 3740 nem
2025 3685 2378 3739 immutastis.
2429 3681 2624 3735 Verum
2668 3682 2716 3734 si
2761 3681 2950 3736 eadem
2998 3679 3296 3748 quotannis
3335 3677 3430 3735 die

1849 3777 2058 3832 Pascha
2086 3783 2588 3847 repraesentaretur,
2619 3776 2671 3828 in
2695 3789 2868 3844 eaque
2891 3771 3276 3828 celebrandum
3302 3787 3432 3840 esse,

1849 3872 2136 3928 statuisset
2175 3871 2265 3924 illa
2298 3871 2540 3941 synodus
2571 3883 2599 3921 a
2630 3866 2990 3922 Constantino
3018 3866 3264 3931 collecta,
3296 3850 3434 3935 pro-ﬁ

1849 3963 2046 4018 habilis
2085 3961 2314 4017 istorum
2349 3967 2497 4016 esset
2528 3960 2722 4013 oratio.
2763 3955 2920 4010 Nunc
2953 3971 3076 4010 cum
3111 3955 3272 4010 annis
3293 3941 3433 4010 sin-Y

1847 4055 1990 4124 gulis
2029 4068 2138 4106 non
2193 4051 2385 4106 eadem
2421 4061 2726 4120 temporum
2775 4048 2946 4103 series
2982 4048 3299 4116 putatioque
3339 4060 3430 4100 re-

1848 4143 2133 4214 spondeat,
2179 4142 2361 4196 inanis
2385 4149 2468 4196 est
2496 4141 2602 4195 ista
2635 4139 2791 4192 ratio.
2826 4136 2940 4190 Non
2976 4135 3121 4191 enim
3159 4135 3230 4189 ob
3263 4141 3423 4187 nata-
3500 4132 3508 4141 ’

1847 4235 1952 4291 lem
1990 4251 2172 4298 suum,
2207 4232 2305 4290 sed
2339 4232 2405 4286 ad
2448 4230 2744 4284 Ecclesiam
2782 4225 3202 4292 conciliandam,
3239 4225 3289 4279 ei
3340 4224 3424 4280 rei

1848 4326 2088 4384 Studium
2125 4326 2422 4395 imperator
2467 4321 2736 4376 adhibuit.
2795 4320 2938 4374 Sane
2966 4316 3098 4371 illud
3141 4314 3422 4370 fatendum

1848 4417 2008 4472 nobis
2047 4422 2152 4478 est,
2205 4414 2315 4467 duo
2354 4411 2599 4483 quaedam
2644 4409 2879 4463 maxima
2924 4422 3017 4477 per
3065 4403 3421 4474 religiosissi-
3496 4432 3498 4434 τ

1847 4524 2018 4574 mum,
2056 4523 2120 4562 ac
2144 4505 2474 4561 beatissima:
2502 4501 2776 4557 memoria:
2803 4498 3225 4555 Constantinum
3254 4512 3284 4549 a
3307 4495 3423 4550 Deo

1846 4616 1968 4657 esse
2004 4599 2278 4670 praestita:
2300 4610 2533 4667 quorum
2565 4595 2800 4666 primum
2837 4591 2961 4655 fuit,
2997 4598 3058 4644 ut
3081 4589 3422 4644 meumenica

1847 4692 2090 4765 synodus
2140 4690 2524 4760 colligeretur,
2569 4700 2632 4741 ac
2678 4684 2799 4741 ﬁdei
2838 4697 3049 4740 summa
3090 4680 3282 4734 Nicaea:
3323 4694 3420 4734 ex-

1848 4786 2047 4856 plicata
2081 4787 2498 4854 proponeretur,
2533 4787 2586 4833 et
2610 4777 2991 4847 episcoporum
3030 4773 3124 4843 qui
3155 4784 3421 4826 convene—

191 4864 406 4959 Ἄρειον,
422 4890 485 4943 τὸ
499 4889 554 4942 δὲ
570 4887 807 4959 καθαρὸν
825 4886 923 4957 τῆς
950 4885 1185 4946 πίστεως
1211 4881 1553 4953 κηρυχθῆναι
1582 4882 1739 4934 πᾶσι·

1852 4886 1973 4933 rant
2025 4874 2434 4946 subscriptione
2490 4872 2911 4928 conﬁrmaretur
2944 4888 2958 4923 :
2990 4867 3126 4922 adeo
3179 4873 3237 4920 ut
3287 4864 3424 4917 Ario

249 5093 262 5122 ¹
295 5091 419 5164 Leg.
452 5091 886 5145 Κωνσταντίνου.

247 5293 316 5360 (4)
346 5292 688 5355 Φὰσκοντες
732 5288 853 5345 ἀπὸ
904 5287 1341 5360 Κωνσταντίῳ.
1403 5283 1517 5338 lmo
1575 5285 1732 5360 Κων-
1841 5276 2324 5360 σύνοδοςτὴνηέορτ

189 5353 467 5417 στὰντίνου.
527 5353 819 5416 laetabant
866 5358 1104 5414 haeretici
1160 5371 1225 5411 ac
1269 5353 1734 5426 Τεσσαρεσκαιδε-

188 5435 404 5496 micat,
438 5431 688 5487 Nicmnos
721 5429 935 5491 Patres,
973 5430 1026 5482 in
1083 5425 1728 5496 Constantinigratiam,

963 5087 985 5116 ’
1015 5085 1142 5142 Cor.
1169 5083 1615 5139 καταλελοίπατε.
1691 5080 1712 5112 ⁸
1733 5080 1862 5136 Cor.
1895 5081 1999 5134 ὑπὸ
2024 5083 2144 5152 τῆς.

2330 5275 2788 5399 ἓντὲῗὲιῗῖῗοῗψῖὶ

1910 5351 1986 5420 (5)
2025 5338 2145 5400 “Oti
2174 5338 2276 5420 (ire
2297 5338 2692 5420 τᾶγενέςλῑὶαξ
2718 5345 2800 5420 _An
2819 5339 3126 5420 nativitatis
3143 5338 3322 5420 diem,
3342 5351 3413 5420 an

1840 5405 2328 5492 imbériiunatalem
2377 5405 2663 5492 ihtelligut,
2700 5413 2939 5468 dubitari
2979 5417 3180 5482 potest.
3213 5405 3413 5492 Incidit

193 5477 1736 5570 ingiiEiirﬁ"i>§§€iiaii§'fEéieiiiuité'idjioii'sinci’iggé
1843 5477 2297 5570 enimNicae‘num
2327 5477 2618 5570 concilium
2643 5477 2704 5570 in
2723 5500 2847 5570 eum
2880 5477 3104 5570 an'n'um,
3135 5477 3410 5570 quo‘gon-

192 5564 537 5638 perturbatam.
571 5574 722 5638 Quos
750 5569 946 5626 refellit
983 5569 1238 5625 Socrates
1273 5567 1366 5621 lib.
1392 5582 1444 5631 v,
1473 5580 1598 5634 cap.
1625 5564 1734 5638 εὖτ

193 5635 285 5692 Καὶ
298 5644 390 5712 οὐχ
409 5643 482 5706 ὥς
512 5635 652 5707 τινες
686 5639 1114 5712 ὲπεθρύλλησαν,
1139 5639 1172 5708 ἡ
1204 5638 1296 5689 ἐπὶ
1325 5635 1736 5689 Κωνσταντίνου

1847 5563 2124 5617 staminus
2157 5555 2475 5610 Vicennalia
2526 5555 2840 5617 celebravit,
2894 5549 3409 5621 adeoque’uatalem

1848 5631 2060 5702 imperii
2082 5628 2224 5684 diem
2248 5627 2604 5696 exquisitiore
2630 5641 2823 5695 pompa
2852 5635 2903 5679 ct
2927 5631 3187 5695 apparatu
3216 5621 3411 5675 coluit.
