3826 6206
394 260 496 317 5ῗὸ

1755 246 1813 301 S.
1856 243 2201 300 EPIPHANII

3548 239 3648 296 356

392 374 695 442 proﬂigato,
726 384 850 423 vera
902 368 1155 422 omnibus
1191 366 1325 421 ﬁdes
1359 380 1422 419 ac
1458 367 1670 419 sincera
1707 364 1969 435 praedica-

2079 366 2168 418 καὶ
2196 365 2257 417 τὸ
2288 365 2415 437 περὶ
2452 363 2549 417 τοῦ
2586 364 2779 433 Πάσχα
2814 364 2893 426 είς
2934 361 3129 417 ἕνωσιν
3159 361 3316 432 ἡμῶν
3350 360 3443 413 ὑπ’
3478 359 3653 412 αὐτῶν

393 471 571 521 retur,
614 461 842 513 alterum
878 459 976 511 fuit
1029 456 1339 511 celebrandi
1372 454 1655 510 Paschalis
1685 455 1751 508 ad
1793 455 1967 510 stabi-

394 552 624 606 liendam
678 561 926 605 nostrum
982 548 1226 603 omnium
1283 545 1631 601 concordiam
1684 545 1971 601 emendata

394 645 557 694 ratio.

463 750 799 820 Jampridem
828 750 994 813 enim,
1027 755 1081 803 et
1111 762 1140 801 a
1177 746 1368 816 primis
1398 750 1585 815 usque
1608 746 1969 817 temporibus,

398 843 561 898 variae
593 843 646 896 in
681 842 925 895 Ecclesia
978 840 1045 894 de
1079 840 1181 892 hac
1211 839 1557 893 solemnitate
1586 841 1974 894 controversia:

398 949 461 987 ac
501 933 877 988 dissensiones
908 929 1256 993 exstiterunt,
1293 942 1418 997 qua:
1464 927 1759 996 quotannis
1800 927 1973 982 risum

398 1037 461 1076 ac
492 1021 785 1076 ludibrium
819 1018 1135 1071 aﬂ'erebant.
1170 1016 1305 1069 Nam
1346 1017 1438 1069 alii
1467 1016 1702 1085 quodam
1742 1024 1973 1070 conten-

399 1110 564 1165 tionis
587 1109 782 1163 ardore
809 1113 934 1159 ante
964 1103 1377 1170 bebdomadem,
1410 1105 1500 1159 alii
1530 1112 1653 1175 post
1677 1096 1975 1159 hebdoma-

402 1202 527 1256 dem
552 1201 783 1263 inibant,
811 1198 900 1251 alii
925 1196 1353 1261 antevertebant,
1383 1195 1474 1249 alii
1508 1196 1687 1249 medio
1709 1206 1973 1266 tempore,

400 1289 493 1341 alii
521 1296 798 1358 postremo
834 1284 1186 1355 peragebant.
1214 1282 1297 1345 Et,
1338 1293 1398 1335 ut
1429 1299 1536 1335 uno
1568 1283 1735 1337 verbo
1769 1283 1970 1350 dicam,

401 1379 628 1433 miriﬁca
651 1375 898 1447 quaedam
928 1383 1045 1429 erat
1074 1381 1128 1429 et
1182 1374 1452 1427 laboriosa
1478 1374 1833 1443 perturbatio.
1866 1374 1977 1431 Nec

400 1470 535 1525 illud
576 1468 806 1523 eruditis
839 1467 1155 1521 hominibus
1201 1465 1443 1535 ignotum
1484 1476 1587 1529 est,
1621 1482 1781 1534 quam
1830 1482 1976 1537 saepe

400 1560 637 1615 diversis
668 1558 1005 1627 temporibus
1047 1556 1115 1611 de
1144 1557 1291 1609 illius
1321 1556 1443 1609 festi
1489 1556 1804 1611 celebritate
1835 1558 1973 1611 varii

401 1648 787 1705 ecclesiastica:
823 1646 1126 1717 disciplina:
1191 1645 1459 1699 tumultus
1493 1658 1557 1698 ac
1598 1646 1973 1701 contentiones

2070 454 2450 525 διορθωθῆναι.

2147 738 2420 791 Ἐκπαλαι
2453 734 2563 807 γὰρ
2595 734 2690 788 καὶ
2724 734 2833 787 άπὸ
2861 733 2971 787 τῶν
3000 732 3191 804 πρώην
3217 731 3427 801 χρόνων
3473 728 3657 798 διέστη

2074 833 2131 885 ὲν
2173 833 2241 900 τῇ
2281 826 2577 898 Ἐκκλησία
2631 826 2904 895 διαφόρως
2960 824 3249 894 ἀγόμενον,
3307 820 3512 891 χλεύην
3561 822 3657 887 ἑμ-

2076 920 2261 975 ποιοῦν
2312 918 2434 972 καθ’
2463 918 2693 971 ἕκαστον
2727 915 2867 979 ἔτος,
2916 916 3022 967 τῶν
3057 913 3155 984 μὲν
3203 911 3310 983 πρὸ
3364 908 3660 979 ἑϐδομάδος

2076 1015 2395 1077 ποιούντων,
2428 1013 2523 1066 καὶ
2570 1010 3017 1081 φιλονεικούντων
3050 1006 3189 1078 πρὸς
3227 1005 3518 1076 ἀλλήλους,
3554 1002 3659 1055 τῶν

2074 1107 2133 1159 δὲ
2166 1106 2306 1177 μετὰ
2362 1104 2632 1175 ἑϐδομάδα
2653 1120 2667 1133 ·
2702 1103 2797 1156 καὶ
2833 1101 2941 1153 τῶν
2982 1100 3079 1171 μὲν
3134 1098 3653 1169 προλαμϐανόντων,

2076 1199 2183 1252 τῶν
2213 1199 2269 1251 δὲ
2311 1197 2673 1268 μεσαξόντων,
2704 1194 2876 1249 ἄλλων
2917 1194 2974 1246 δὲ
3010 1192 3302 1263 μετέπειτα
3344 1190 3659 1243 ὲπιτελούνυ

2076 1307 2203 1343 των.
2237 1288 2347 1341 Καὶ
2374 1284 2442 1358 ἦν
2473 1285 2658 1349 ἁπλῶς
2691 1286 2888 1356 φύρσις
2929 1282 3097 1354 πολλὴ
3141 1282 3234 1335 καὶ
3268 1282 3546 1351 κάματος,
3588 1280 3659 1342 ὡς

2077 1378 2291 1440 πολλοῖς
2323 1376 2623 1445 φιλολόγοις
2656 1376 2756 1428 οὐκ
2794 1376 3091 1443 ἄγνωστον,
3122 1375 3178 1426 ὲν
3220 1373 3407 1435 πόσοις
3445 1374 3660 1442 καιροῖς

2078 1466 2306 1537 θόρυϐος
2359 1468 2591 1519 ἐκινεῖτο
2636 1468 2694 1519 ὲν
2726 1464 2805 1536 τῷ
2855 1464 3295 1536 ἐκκλησιαστικῷ
3338 1464 3657 1536 κηρύγματι

2077 1556 2208 1625 περὶ
2267 1554 2359 1607 τοῦ
2428 1555 2527 1625 τῆς
2591 1554 2783 1625 ἑορτῆς
2850 1553 3053 1624 ταύτης
3099 1552 3450 1625 ζητήματος’
3496 1554 3554 1605 ἓν
3602 1570 3655 1604 τε

2076 1646 2289 1715 χρόνοις
2336 1634 2690 1718 Πολυκάρπου
2744 1645 2838 1699 καὶ
2887 1645 3179 1716 Βίκτωρος,
3226 1644 3299 1707 ὡς
3331 1646 3367 1715 ὴ
3404 1644 3656 1715 ’Δνατολή

400 1738 608 1794 oborta:
637 1739 769 1801 sint,
806 1737 1107 1806 praesertim
1135 1735 1423 1806 Polycarpi
1446 1749 1510 1789 ac
1535 1733 1770 1791 Victoris
1793 1746 1971 1801 aztate,

2079 1737 2213 1807 πρὸς
2264 1736 2365 1806 τὴν
2394 1732 2552 1790 Λύσιν
2599 1737 2965 1808 διαφερομένη
2988 1776 3003 1799 ,
3038 1735 3289 1807 εἰρηνικά
3322 1736 3455 1805 παρ’
3495 1736 3654 1806 ana.

401 1846 525 1884 cum
570 1828 876 1883 Orientales
921 1829 989 1881 ab
1030 1825 1473 1881 Occidentalibus
1518 1825 1718 1881 divulsi
1785 1829 1975 1897 pacili-

401 1933 497 1972 cas
540 1934 569 1970 a
609 1934 669 1973 se
714 1918 943 1973 invicem
980 1918 1188 1973 litteras
1232 1918 1413 1972 nullas
1457 1919 1786 1988 acciperent.
1820 1921 1975 1985 Quod

404 2008 541 2062 idem
590 2021 645 2063 et
689 2009 811 2064 aliis
863 2009 1200 2078 temporibus
1232 2010 1450 2072 accidit,
1499 2011 1646 2064 velut
1677 2012 1975 2066 Alexandri

400 2100 641 2169 episcopi
696 2101 1046 2155 Alexandrini
1078 2110 1133 2155 et
1154 2100 1452 2155 Crescentii
1481 2120 1495 2155 :
1523 2104 1975 2172 quemadmodum

2081 1827 2186 1879 λων
2229 1828 2328 1880 οὐκ
2375 1827 2619 1898 ἐδέχετοο
2658 1830 2716 1881 ὲν
2752 1829 2931 1891 ἄλλοις
2959 1828 3015 1881 δὲ
3054 1828 3201 1890 ὅσοις
3234 1830 3469 1898 καιροῖς,
3513 1825 3570 1879 ἐν
3601 1844 3654 1878 τε

2082 1919 2294 1989 χρόνοις
2321 1919 2666 1990 Ἀλεξάνδρου
2687 1920 2763 1991 (6)
2794 1919 3091 1973 ἐπισκόπου
3130 1918 3541 1990 Ἀλεξανδρείας
3568 1919 3656 1971 καὶ

2083 2008 2479 2078 Κρεσκεντίου’
2524 2010 2599 2073 ὡς
2647 2010 2783 2080 πρὸς
2830 2009 3093 2080 ἀλλήλους
3133 2010 3484 2079 εὑρίσκονται
3531 2010 3655 2061 ἐκα-

2085 2114 2207 2162 στος
2248 2100 2425 2153 αὐτῶν
2486 2102 2787 2172 γράφοντες
2835 2103 2929 2155 καὶ
2961 2102 3351 2172 διαμαχόμενοι
3401 2101 3511 2165 ἓως
3555 2102 3657 2154 τῶν

402 2198 593 2242 contra
628 2205 685 2243 sc
729 2198 918 2244 mutuo
961 2190 1303 2259 scripserint,
1339 2197 1393 2245 et
1420 2193 1683 2245 acerrime
1714 2208 1972 2262 pugnave-

2083 2189 2367 2261 ἡμετέρων
2399 2193 2625 2261 χρόνων,
2657 2192 2838 2256 ὲξὸτου
2868 2191 3138 2263 ἐταράχθη
3182 2192 3321 2262 μετὰ
3351 2194 3445 2246 τὸν
3472 2192 3656 2263 χρόνον

412 2279 540 2332 rint.
574 2279 706 2344 Quae
727 2279 947 2349 quidem
982 2281 1287 2333 animorum
1323 2280 1752 2349 opinionumque
1777 2280 1972 2336 distra-

2080 2282 2190 2335 τῶν
2244 2284 2631 2355 ὲμπεριτόμων
2678 2284 3011 2346 ἐπισκόπων,
3056 2284 3231 2348 οὕτως
3280 2285 3532 2355 ἐφέρετο.
3570 2284 3658 2336 Διὸ

404 2370 538 2434 ctio,
574 2386 640 2423 ex
676 2386 785 2439 quo
809 2370 973 2425 semel
996 2379 1120 2438 post
1146 2373 1433 2439 episcopos
1473 2370 1617 2437 illos,
1648 2372 1740 2439 qui
1780 2388 1847 2425 ex
1874 2374 1972 2426 eir-

2084 2373 2428 2438 συνελθόντες
2465 2376 2514 2427 οἰ
2548 2375 2881 2445 πανταχόθεν
2913 2376 3056 2441 τότε,
3089 2376 3183 2429 καὶ
3227 2374 3653 2445 άκριϐώσαντες,

402 2463 743 2517 cmneisiune
796 2477 859 2516 ac
886 2460 1197 2515 Judzeorum
1228 2462 1391 2531 822
1427 2469 1575 2516 secta
1602 2462 1669 2516 ad
1700 2461 1972 2518 Christum

2082 2464 2289 2535 ὥρισαν
2324 2466 2442 2535 μεθ’
2466 2466 2719 2535 ὁμονοίας
2764 2466 3011 2534 γίνεσθαι
3045 2468 3186 2520 κατὰ
3216 2468 3279 2520 τὸ
3312 2467 3527 2538 πρέπον
3562 2475 3659 2543 τῆς

405 2567 528 2607 sese
572 2560 975 2616 converterant,
1015 2552 1207 2621 agitari
1243 2551 1431 2621 C(Bpit,
1477 2551 1544 2604 ad
1582 2560 1770 2607 nostra
1808 2569 1972 2625 usque

2080 2556 2286 2625 ψήφους
2324 2558 2417 2610 καὶ
2449 2557 2547 2627 τῆς
2580 2558 2916 2623 ἀκολουθίας.

403 2633 645 2715 tempora
690 2645 878 2701 eodem
933 2652 1017 2700 est
1066 2654 1251 2698 tenore
1309 2642 1591 2711 perducta.
1641 2642 2004 2709 Quamobrem
2059 2648 2151 2719 qui
2196 2659 2309 2704 tum
2366 2650 2435 2703 ad
2482 2649 2754 2705 Nic-tenam
2798 2651 3063 2722 synodum
3103 2652 3343 2723 undique
3384 2651 3657 2709 conﬂuxe-

404 2747 547 2801 rant,
585 2752 643 2791 rc
688 2743 942 2789 accurate
994 2734 1233 2805 cognita,
1262 2735 1537 2790 communi
1579 2736 1648 2791 ab
1707 2738 1962 2794 omnibus
2006 2742 2300 2796 concordia
2350 2750 2514 2812 atque
2560 2758 2627 2797 ex
2665 2742 2859 2798 idonea
2900 2752 3204 2815 temporum
3251 2746 3658 2814 computatione

400 2840 457 2890 et
483 2830 712 2896 calculo,
744 2827 1126 2884 celebrandum
1156 2843 1279 2883 esse
1313 2834 1641 2883 statuerunt.

470 2940 538 2996 Χ.
580 2938 815 2993 Audiani
848 2952 978 2993 vero
1011 2937 1077 2991 ad
1119 2937 1431 2992 institutum
1478 2954 1639 2993 suum
1682 2938 1974 3010 quamdam

399 3046 465 3084 ex
500 3029 871 3105 apostolorum
908 3026 1303 3081 constitutione
1346 3026 1724 3081 auctoritatem
1759 3040 1977 3080 accom-

2153 2937 2207 2992 Γ.
2250 2936 2345 3001 Εἰς
2373 2936 2531 2990 τοῦτο
2562 2936 2619 2989 δὲ
2650 2938 2698 2990 οἱ
2726 2938 2880 2992 αὐτοὶ⁵
2901 2940 3151 2995 Δὺδιανοὶ
3176 2944 3251 3014 (7)
3283 2950 3660 3023 παραφέρουσι

2082 3029 2181 3100 τὴν
2221 3028 2330 3081 τῶν
2374 3028 2685 3081 ἀποστόλων
2733 3028 2996 3095 διάταξιν,
3026 3026 3191 3085 οὖσαν
3234 3035 3333 3104 μὲν
3368 3042 3485 3102 τοῖς
3533 3042 3659 3094 πολ-

401 3123 643 3179 modant.
695 3119 799 3185 Qui
845 3103 981 3173 liber
1018 3119 1235 3173 tametsi
1274 3117 1450 3172 dubia:
1494 3118 1637 3186 apud
1688 3117 1972 3171 nonnullos

2083 3118 2194 3181 λοῖς
2230 3120 2289 3171 ὲν
2323 3118 2661 3189 άμφιλέκτῳ,
2692 3117 2805 3171 ἀλλ’
2832 3119 2931 3172 οὐκ
2964 3103 3244 3192 ἀδόκιμον.
3268 3127 3427 3181 Πᾶσα
3462 3130 3571 3202 γάρ
3608 3135 3659 3187 ὲν

403 3216 528 3269 ﬁdei
571 3213 666 3278 sit,
695 3227 804 3265 non
847 3219 933 3265 est
965 3217 1147 3264 tamen
1187 3208 1598 3279 improbandus.
1643 3207 1779 3262 Nam
1821 3209 1875 3262 in
1913 3223 1981 3263 eo

401 3324 525 3378 qua:
559 3306 627 3358 ad
658 3301 918 3355 Ecclesiae
950 3300 1295 3369 disciplinam
1338 3301 1571 3353 attinent
1610 3300 1796 3353 omnia
1829 3315 1982 3355 com—

403 3396 849 3471 prehenduntur;
885 3409 1059 3464 neque
1096 3393 1391 3463 quidquam
1422 3401 1515 3446 aut
1544 3393 1595 3446 in
1639 3392 1743 3446 ﬁde
1793 3408 1858 3447 ac
1890 3408 1982 3447 ca-

403 3491 605 3546 tholica
657 3487 997 3559 professione
1025 3486 1399 3556 depravatum,
1453 3496 1545 3539 aut
1584 3484 1843 3540 Ecclesiae
1887 3487 1982 3539 ad-

402 3580 793 3636 ministrationi
863 3593 927 3633 ac
987 3578 1218 3632 decretis
1306 3576 1645 3630 contrarium
1712 3577 1975 3630 continet.

404 3672 509 3727 Sed
554 3669 700 3740 quod
752 3666 818 3720 ad
850 3668 1028 3721 locum
1081 3668 1233 3720 illum
1268 3666 1481 3732 attinet,
1525 3666 1667 3721 unde
1711 3682 1866 3721 suam
1913 3667 1981 3721 de

402 3760 672 3814 Paschate
717 3759 1045 3811 sententiam
1085 3756 1357 3810 alIirmare
1388 3764 1682 3820 conantur,
1726 3757 1869 3811 hunc
1903 3758 1979 3811 illi

405 3867 688 3921 perperam
716 3850 1143 3917 interpretantur
1169 3855 1223 3901 et
1268 3846 1335 3899 ad
1367 3844 1605 3901 alienum
1638 3863 1859 3903 sensum
1886 3863 1983 3916 per

404 3943 678 3998 inscitiam
711 3942 1024 3994 traducunt.
1050 3939 1258 3993 Etenim
1294 3940 1521 4007 apostoli
1555 3941 1609 3993 in
1650 3940 1739 3993 illa
1775 3941 1979 3994 consti—

401 4035 612 4088 tutione
656 4034 729 4086 ita
789 4032 1054 4085 deliniunt
1086 4051 1098 4085 :
1134 4030 1263 4097 Vos,
1330 4032 1607 4102 inquiunt,
1668 4040 1972 4100 temporqu

471 4231 547 4301 (6)
582 4232 693 4301 ’Ἑν
728 4246 793 4282 τε
831 4231 1070 4301 χρόνοις
1120 4226 1834 4301 Ἀλεξάνδρουηουωηοιη
1876 4227 1979 4283 sub

400 4299 709 4355 Alexandro
739 4300 1081 4353 Alexandria:
1109 4301 1367 4367 episcopo
1400 4299 1695 4353 Paschales
1724 4302 1840 4353 ista:
1864 4306 1973 4367 ture

2082 3211 2217 3280 αὐτῇ
2261 3209 2521 3279 κανονικὴ
2549 3208 2699 3272 τάξις
2737 3208 3054 3279 ἐμφέρεται,
3091 3214 3185 3266 καὶ
3230 3216 3382 3270 οὐδὲν
3418 3238 3657 3291 παρακε-

2080 3300 2425 3371 χαραγμένον
2455 3300 2554 3369 τῆς
2598 3300 2853 3364 πίστεως,
2896 3301 3016 3353 οὐδὲ
3048 3304 3146 3374 τῆς
3199 3307 3657 3384 ἐκκλησιαστικῆς

2080 3393 2421 3463 διοικήσεως,
2456 3392 2548 3444 καὶ
2591 3394 2833 3457 κανόνος,
2864 3393 2957 3446 καὶ
2990 3395 3244 3461 πίστεως.
3273 3399 3344 3452 Τὸ
3372 3402 3430 3455 δὲ
3476 3406 3656 3475 ῥητὸν,

2080 3484 2174 3551 ἀφ’
2202 3477 2263 3537 οὗ
2304 3482 2672 3553 λαμϐάνοντες
2710 3485 2958 3555 περὶτοῦ
2999 3488 3190 3558 Πάσχα
3234 3492 3425 3556 κακῶς
3463 3512 3658 3569 παρερ.

2084 3572 2406 3642 μηνεύουσιν
2448 3574 2496 3625 οἱ
2532 3573 2938 3644 προειρημένοι,
2971 3578 3065 3629 καὶ
3098 3579 3422 3647 ἀγνοοῦντες
3460 3587 3657 3657 ἑτέρως

2081 3663 2571 3734 ὑπολαμϐάνουσιν.
2611 3664 2882 3737 Ὀρίζουσι
2908 3666 3015 3738 γὰρ
3046 3669 3103 3721 ἐν
3131 3674 3195 3741 τῇ
3240 3674 3378 3744 αὐτῇ
3421 3675 3656 3745 διατάξει

2080 3756 2129 3807 oi
2162 3754 2466 3821 ἀπόστολοι,
2497 3756 2579 3808 ὅτι
2608 3755 2796 3826 Ὑμεῖς
2828 3756 2902 3827 μὴ
2930 3757 3200 3830 ψηφίξητε
3224 3779 3236 3791 ·
3264 3763 3401 3816 ἀλλὰ
3432 3770 3654 3832 ποιεῖτε,

2080 3847 2209 3901 ὅταν
2237 3849 2287 3900 οί
2330 3847 2547 3915 ἀδελφοὶ
2586 3846 2739 3917 ὑμῶν
2768 3849 2819 3899 οἱ
2851 3850 2917 3902 ὲκ
2960 3852 3281 3921 περιτομῆς.
3312 3856 3447 3909 Μετ’
3481 3860 3655 3912 αὐτῶν

2080 3940 2196 4010 ἅμα
2224 3943 2445 3994 ποιεῖτε.
2478 3941 2584 3993 Καὶ
2612 3940 2712 3993 οὐκ
2741 3934 2919 4005 εἶπαν,
2954 3942 3121 3996 Ὅταν
3146 3946 3195 3997 οἱ
3241 3947 3466 4017 ἀδελφοὶ
3507 3952 3655 4021 ὑμῶν

2084 4033 2130 4083 οἱ
2164 4032 2222 4083 ὲν
2262 4033 2553 4101 περιτομῇ,
2586 4029 2742 4095 ἀλλὰ,
2773 4032 2823 4083 oi
2855 4033 2917 4083 ὲκ
2947 4036 3266 4107 περιτομῆς,
3313 4038 3402 4093 ἵνα
3442 4041 3653 4107 δείξωσι

2085 4226 2393 4303 dubitatum
2435 4241 2464 4303 a
2507 4226 2806 4303 nonnullis,
2852 4227 3110 4303 praefatur
3138 4228 3506 4303 Epiphanius.
3541 4236 3651 4303 Quo

2086 4298 2277 4350 eodem
2308 4297 2527 4350 nomine
2556 4297 3023 4351 circumferuntur
3046 4297 3205 4354 hodie
3232 4297 3290 4355 i'n
3326 4312 3458 4358 octo
3488 4297 3651 4363 lib'ros

403 4373 484 4427 ba:
508 4370 732 4430 fuerint,
759 4385 1027 4437 nusquam
1053 4386 1083 4422 a
1108 4346 1190 4422 uie
1220 4346 1440 4431 Iccium,
1466 4371 1548 4423 vel
1572 4368 1851 4435 auditum;
1879 4366 1972 4423 sed
2013 4346 2053 4399 ί)
2082 4367 2377 4429 distinctae,
2400 4382 2519 4435 qua:
2550 4381 2578 4418 a
2611 4368 2885 4435 prioribus
2916 4368 3043 4431 illis,
3070 4386 3139 4429 ae
3168 4346 3645 4431 nihild'mi‘nii'sudii:

404 4456 578 4509 neque
606 4441 729 4507 quis
778 4438 1130 4494 Crescentius
1175 4440 1262 4493 ille
1318 4440 1500 4493 fuerit.
1544 4439 1805 4504 Quaerant
1850 4455 1969 4491 ain-

404 4512 548 4561 nlius
576 4508 791 4561 eruditi.

425 4508 548 4563 ilius
576 4508 791 4561 eruditi.

404 4527 548 4580 pnus
576 4527 791 4561 eruum.

474 4580 550 4647 (7)
584 4581 688 4640 Εὶς
710 4577 881 4629 τοῦτο
909 4575 977 4628 δὲ
1005 4579 1059 4628 οι
1084 4577 1251 4629 αὐτοὶ
1283 4577 1584 4631 Αὺδιανοί.
1618 4576 1972 4631 Constitutio-

402 4666 491 4703 ιλιι
515 4647 828 4715 apostolicus
852 4647 917 4699 ad
941 4648 1147 4699 erroris
1174 4648 1257 4700 sui
1284 4648 1647 4715 patrocinium
1675 4649 1973 4701 ail‘erebant

400 4718 655 4771 Andiani.
698 4716 815 4781 Quo
840 4717 891 4767 in
928 4717 1065 4768 libro
1100 4725 1363 4769 statutum
1391 4726 1529 4780 erat,
1558 4727 1615 4771 ut
1645 4716 1851 4770 Pascha
1881 4734 1973 4771 eo-

399 4789 523 4843 dem
550 4797 790 4855 tempore
808 4787 1199 4849 celebraretur,
1224 4804 1332 4855 quo
1351 4788 1480 4840 illud
1511 4787 1707 4842 fratres
1730 4788 1969 4851 obirent,

399 4862 492 4928 qui
514 4874 544 4913 e
571 4857 992 4928 circumcisione
1020 4857 1073 4908 in
1096 4858 1373 4911 Christum
1402 4858 1773 4928 crediderant.
1796 4859 1969 4923 Cujus

396 4924 527 4983 dicti
564 4928 888 4981 sententiam
916 4924 1183 4992 ejusmodi
1209 4942 1331 4981 esse
1358 4929 1627 4991 volebant,
1658 4935 1716 4981 ut
1740 4927 1970 4983 Judaico

399 5002 527 5064 ritu,
564 4999 666 5051 hoc
697 5004 780 5051 est
815 5012 902 5048 ειν
936 4996 1085 5055 luna,
1126 4997 1424 5051 Christiani
1462 4998 1668 5051 Pascha
1703 4998 1965 5053 facerent.

394 5070 597 5123 Contra
633 5082 771 5137 quos
812 5065 1148 5134 Epiphanius
1186 5069 1343 5119 aliter
1378 5070 1656 5122 decretum
1696 5071 1920 5138 exponit
1952 5090 1963 5124 :

396 5140 655 5192 nimirum
686 5138 836 5207 pacis
864 5145 917 5189 et
950 5139 1258 5191 concordia:
1285 5139 1468 5192 studio
1501 5140 1863 5194 constitutum
1899 5144 1967 5194 ab

395 5209 677 5280 apostolis,
733 5214 790 5280 ut
843 5207 1085 5280 quandiu
1146 5210 1192 5261 oi
1248 5210 1608 5280 ὲμπερίτομοι
1664 5211 1965 5265 Christiani

395 5225 677 5331 alposious,
733 5225 790 5260 ut
843 5225 1085 5275 quanuiu
1146 5226 1192 5261 οι
1248 5225 1608 5280 εμπεριτομοι
1664 5225 1965 5265 Ciirisuant

395 5276 415 5330 Ι
447 5279 789 5348 ierosolymis
831 5277 1187 5350 pnesiderent
1219 5279 1386 5349 (quod
1428 5281 1496 5333 ad
1534 5280 1757 5334 Adriani
1791 5297 1965 5350 usque

396 5354 642 5417 tcmpora
677 5349 1093 5417 perseveravit),
1127 5350 1195 5402 ab
1228 5352 1296 5405 iis
1335 5368 1402 5406 ne
1445 5351 1803 5406 dissentirent
1837 5349 1965 5405 reli-

435 5418 523 5492 ui;
556 5433 619 5492 ac
663 5418 747 5471 vel
782 5418 1099 5492 aberrantes
1152 5430 1513 5491 sequerentur
1546 5424 1749 5492 potius,
1798 5438 1962 5491 quam

441 5488 652 5541 cclesia:
680 5488 1028 5561 concordiam
1071 5488 1364 5561 solverent.
1398 5488 1562 5546 Addit
1590 5502 1645 5548 et
1677 5492 1780 5545 alia
1813 5488 1963 5561 quae-

395 5558 517 5610 dam
559 5571 625 5632 es
670 5557 860 5632 eodem
888 5556 1355 5632 Β(ῖοηδιὶιιιιὶοηιιηι
1405 5564 1587 5625 libro,
1633 5578 1755 5632 qua:
1800 5556 1962 5631 paulo

396 5634 518 5699 post
542 5625 859 5683 viderimus.
886 5626 960 5683 De
986 5632 1288 5695 apostolicis
1314 5635 1461 5689 hisce
1483 5625 1959 5689 Constitutidnibus

2077 4437 2204 4501 biis,
2240 4452 2476 4509 quarum
2515 4438 2762 4490 meminit
2800 4438 3158 4509 Epiphanius,
3200 4442 3435 4499 diversae
3465 4449 3649 4501 viden-

2076 4516 2185 4559 tur.
2237 4508 2448 4559 Etenim
2493 4509 2735 4574 quinque
2772 4524 2835 4561 ex
2874 4508 2982 4562 illis
3023 4514 3311 4565 sententia:
3347 4514 3453 4568 hoc
3482 4526 3535 4570 et
3567 4534 3644 4573 se-

2073 4578 2260 4656 quenti
2306 4592 2535 4656 numero
2577 4579 2849 4631 citantur:
2883 4580 3083 4656 quzein
3115 4584 3348 4656 vulgatis
3383 4602 3649 4656 nusquam

2075 4648 2451 4718 reperiuntur;
2489 4648 2598 4699 imo
2627 4664 2756 4701 vero
2796 4652 3070 4702 conlraria
3102 4648 3351 4718 quaidam
3389 4656 3443 4707 in
3479 4648 3546 4711 iis
3580 4662 3646 4712 le-

2072 4726 2295 4787 guntur.
2334 4715 2466 4769 Nam
2502 4718 2684 4788 lib.rv,
2720 4733 2837 4788 cap.
2879 4718 2944 4771 16
2973 4720 3038 4773 de
3088 4715 3374 4777 Paschalis
3427 4728 3647 4782 celebri-

2076 4788 2547 4864 tatecatholieum
2583 4787 2796 4857 dogma
2820 4791 3097 4864 propalam
3127 4791 3387 4864 edicitur,
3424 4799 3499 4849 uti
3531 4809 3644 4864 post

2070 4858 2460 4937 mqiiinoctium
2490 4860 2862 4937 instauretur.‘
2886 4860 3119 4937 Tu_m_ue
3139 4877 3262 4937 eum
3292 4863 3501 4937 ludatis
3526 4858 3645 4937 aga-

2073 4938 2202 5002 tur;
2234 4928 2477 5002 Οὐδεμία
2512 4928 2619 5002 γὰρ
2648 4930 2902 5002 κοινωνία
2945 4932 3093 5002 ἡμῖν
3116 4931 3210 4982 νῦν
3253 4934 3392 5002 πρὸς
3431 4928 3644 4999 αὐτούς’

2070 4998 2442 5076 πεπλάνηνται
2470 4999 2578 5067 γάρ
2614 4999 2706 5076 καὶ
2737 5000 2906 5076 αὐτὴν
2934 5003 3029 5070 τὴν
3068 5000 3266 5071 ψῆφον,
3298 4998 3364 5074 ἢν
3401 4998 3641 5076 νομίζου-

2072 5086 2154 5121 σιν
2178 5069 2467 5145 ὲπιτελεζν,
2503 5077 2557 5123 et
2589 5069 2696 5122 alia
2725 5070 2970 5145 quaedam
2991 5069 3015 5145 ές
3049 5069 3169 5139 qua:
3190 5085 3289 5145 aut
3319 5069 3347 5125 ἐι
3380 5069 3644 5145 superiori

2069 5141 2357 5211 sanctione
2387 5139 2726 5211 discrepant,
2778 5149 2872 5193 aut
2912 5141 2956 5193 si
3000 5142 3055 5193 in
3090 5143 3331 5211 antiquis
3368 5139 3476 5200 illis
3507 5146 3639 5200 Con-

2068 5208 2435 5285 stitutiouibns
2467 5210 2810 5285 legebantur,
2849 5211 3045 5285 mirum
3078 5220 3161 5265 est
3205 5208 3309 5266 hoc
3352 5223 3463 5269 tam
3513 5234 3637 5285 pra:-

2068 5281 2210 5334 senti
2256 5296 2319 5333 ac
2349 5279 2555 5333 diserto
2586 5281 2907 5333 testimonio
2953 5296 3109 5333 usum
3152 5297 3257 5336 non
3300 5299 3426 5339 esse
3457 5279 3641 5340 cuntra

2067 5350 2351 5403 Audianos
2388 5349 2751 5419 Epiphanium
2784 5369 2796 5404 :
2824 5350 2918 5419 qui
2963 5349 3275 5404 Judzeornm
3315 5371 3469 5411 more
3502 5359 3633 5409 t-ele

2066 5421 2336 5474 brandqu
2378 5419 2588 5476 Pascha
2626 5420 2820 5474 iisdem
2860 5437 2926 5475 ex
2972 5420 3453 5478 Constitutionibus
3504 5428 3636 5478 atlir-

2065 5492 2308 5544 mabant.
2346 5491 2583 5560 Apparet
2608 5492 2775 5560 igitur
2797 5491 2944 5545 aliud
2980 5492 3151 5547 fuisse
3182 5497 3638 5549 constitutionma

2063 5578 2470 5684 lquam
2513 5562 2718 5633 quibus
2766 5562 2929 5618 hodie
2966 5560 3265 5618 Clementis
3306 5582 3505 5621 nomen
3557 5569 3635 5620 in-

2080 5650 2087 5659 ’
2143 5649 2153 5660 ⁸
2191 5652 2208 5684 )
2328 5674 2341 5684 .

2063 5643 2341 5687 SCl‘lmllll‘.
