3826 6206
444 217 555 273 359
1872 209 1928 264 S.
1971 207 2311 264 EPIPIIANII
3609 213 3705 270 560

444 310 620 379 spatio
657 306 897 361 nondum
931 306 1165 361 obtineri
1195 312 1463 376 potuerat.
1499 304 1893 368 conciliandas,
1930 303 2000 358 Pa

2133 306 2205 357 Οὑ
2236 305 2456 358 δύναται
2486 304 2542 357 δὲ
2582 304 2738 357 τοῦτο
2787 304 3019 358 πάντοτε
3052 305 3304 373 γενέσθαι
3352 306 3411 357 ὲν
3447 306 3516 375 τῇ
3553 306 3707 377 ψήφῳ

441 409 584 453 trum
609 398 825 451 illorum
851 413 984 452 cura
1033 398 1441 468 diligentiaque,
1466 412 1573 450 non
1598 396 1717 451 sine
1745 394 1838 450 Dei
1866 404 1998 448 nutu

2132 400 2198 467 τῇ
2229 398 2679 466 ἐκκλησιαστικῇ.

439 490 783 545 Constantini
829 491 1166 558 temporibus
1211 490 1478 544 incubuit.
1531 490 1588 543 In
1638 488 2008 559 apostolorum
2051 504 2182 544 vero
2223 490 2726 544 Constitutinuibus
2786 488 2853 543 ad
2904 488 3256 542 concordiam
3325 487 3561 559 perinde
3613 487 3705 543 dc-

438 589 647 636 cretum
721 581 852 635 illud
912 583 1166 652 pertinet.
1225 581 1281 635 Id
1337 580 1483 649 quod
1534 580 1610 633 illi
1666 581 1770 649 ipsi
1828 587 2099 635 testantur
2149 582 2314 651 823
2361 581 2446 635 his
2478 581 2680 642 verbis,
2734 579 2997 645 Quamvis
3043 581 3297 635 aberrent
3372 580 3522 649 ipsi,
3577 579 3704 633 nihil

439 674 495 730 id
525 691 623 731 vos
651 687 1012 730 commoveat.
1044 675 1313 729 Creterum
1341 690 1406 729 ex
1457 674 1524 729 iis
1567 689 1689 743 quae
1735 674 1924 729 eodem
1974 675 2030 728 in
2093 677 2234 730 libro
2281 678 2485 745 scripta
2527 684 2677 736 sunt,
2728 673 2963 728 Audiani
3015 674 3272 727 facillime
3324 672 3703 727 confutantur.

442 768 639 825 Jubent
667 771 809 825 enim
840 769 1028 825 eodem
1064 770 1118 823 in
1158 770 1278 824 loco
1320 768 1498 823 medio
1530 783 1843 839 azymorum
1876 776 2122 839 tempore
2150 771 2492 842 pervigilium
2551 769 2725 823 obire.
2785 766 2899 821 Hoc
2967 775 3148 821 autem
3208 767 3263 820 in
3334 766 3705 822 ecclesiastica

443 870 747 932 temporum
792 862 1176 932 supputatione
1212 861 1327 915 fieri
1373 870 1637 931 perpetuo
1675 876 1785 915 non
1821 870 2021 931 potest.

515 955 603 1011 XI.
654 955 780 1009 Tria
829 963 955 1011 sunt
995 942 1138 1011 enim
1183 956 1456 1025 praecipue
1500 956 1699 1026 quibus
1737 956 2026 1011 Paschatis

443 1048 731 1101 celebritas
764 1047 1014 1116 alligatur
1046 1064 1059 1099 :
1095 1046 1227 1101 solis
1262 1046 1316 1099 in
1341 1046 1530 1115 primis
1565 1060 1784 1111 cursus,
1808 1052 2027 1115 prepter

447 1131 781 1190 Dominicam
840 1151 903 1190 ac
949 1151 1222 1201 mensem;
1253 1144 1366 1189 tum
1402 1137 1541 1189 luna:
1570 1136 1756 1191 itidem
1804 1151 2021 1199 cursus,

446 1228 609 1298 idque
635 1235 857 1298 propter
882 1229 1075 1298 legem,
1114 1244 1233 1301 qua:
1271 1227 1480 1281 decima
1516 1234 1710 1296 quarta
1740 1227 1867 1279 luna
1919 1226 2023 1278 im—

444 1319 636 1372 molari
692 1317 900 1373 Pascha
966 1320 1234 1390 praecipit.
1286 1317 1471 1388 Itaque
1518 1333 1696 1387 neque
1756 1316 2021 1371 celebrari

445 1416 602 1463 antea
645 1415 840 1477 potest,
895 1424 1058 1477 quam
1110 1409 1495 1478 aequinoctium
1542 1408 1849 1463 confectum
1912 1406 2017 1470 sit,

442 1498 587 1569 quod
624 1496 796 1552 Judaei
832 1514 1171 1567 nequaquam
1201 1499 1526 1563 observant;
1568 1514 1668 1553 nec
1711 1506 2018 1551 accuratam

2195 950 2298 1002 IA'.
2346 947 2440 999 Ἐκ
2476 947 2643 1016 τριῶν
2686 944 2795 1015 γὰρ
2826 944 3151 1013 συνέστηκεν
3185 945 3296 1015 (12)
3327 946 3356 996 ὁ
3386 947 3485 999 τοῦ
3521 950 3705 1020 Πάσχα

2126 1040 2441 1109 σύνδεσμος,
2481 1036 2545 1089 ἔκ
2579 1053 2639 1088 τε
2682 1035 2776 1088 τοῦ
2819 1034 3045 1104 ἡλιακοῦ
3078 1035 3277 1106 δρόμου
3318 1036 3406 1088 διὰ
3456 1039 3559 1108 τὴν
3603 1042 3705 1093 Κυ-

2126 1129 2317 1201 ριακὴν
2360 1127 2454 1181 καὶ
2489 1126 2577 1179 τὸν
2620 1127 2783 1196 μῆνα,
2825 1124 2888 1177 ἔκ
2917 1141 2977 1176 τε
3004 1123 3097 1177 τοῦ
3137 1126 3460 1195 σεληνιακοῦ
3509 1129 3700 1200 δρόμου

2124 1221 2212 1275 διὰ
2256 1222 2315 1274 τὸ
2346 1219 2487 1274 κατὰ
2515 1219 2606 1271 τὸν
2639 1219 2825 1287 νόμον,
2853 1218 3001 1280 ὅπως
3045 1219 3103 1270 ὲν
3139 1220 3203 1287 τῇ
3250 1223 3701 1289 τεσσαρεσκαιδε-

2122 1315 2263 1383 κάτῃ
2288 1312 2385 1382 τῆς
2416 1310 2641 1380 σελήνης
2667 1310 2800 1378 τυθῇ
2832 1309 2893 1362 τὸ
2931 1309 3141 1378 Πάσχα,
3172 1308 3249 1372 ὡς
3280 1306 3435 1362 εἶπεν
3467 1314 3497 1363 ὁ
3523 1314 3695 1383 νόμκ.

2125 1406 2262 1458 Οὑτε
2284 1400 2374 1457 οὖν
2409 1403 2631 1456 δύναται
2666 1401 2915 1472 ἀχθῆναι,
2946 1401 3039 1456 ὲάν
3065 1402 3140 1471 μὴ
3176 1403 3387 1473 ὑπερϐῇ
3422 1406 3695 1475 ἰσημερξα,

2120 1496 2257 1564 ὅπερ
2286 1492 2433 1563 παρά
2472 1494 2582 1554 τοῖς
2614 1491 2888 1554 Ἰουδαίοις
2928 1491 2987 1543 οὑ
3020 1491 3352 1558 φυλάσσεται
3402 1494 3542 1561 (15),
3584 1497 3695 1550 οὑᾶ

445 1588 552 1644 hoc
598 1589 651 1644 in
688 1590 909 1659 negotio
942 1590 1209 1643 rationem
1254 1589 1395 1642 inire
1431 1588 1673 1651 student,
1699 1586 1842 1657 apud
1880 1600 2006 1657 quos

2120 1585 2322 1655 ἀκριϐῆ
2379 1583 2593 1635 θέλουσι
2644 1582 2898 1651 τοιαύτην
2953 1584 3221 1635 ἐπιτελεῖν
3270 1587 3692 1655 πραγματείαν·

443 1677 738 1748 depravata
784 1693 847 1731 ac
881 1678 1192 1747 perturbata
1243 1685 1370 1731 sunt
1413 1677 1617 1731 omnia.
1648 1674 1851 1730 Verum
1895 1676 2020 1730 licet

444 1777 608 1824 tantae
637 1769 956 1838 quaestionis
989 1777 1098 1822 tam
1131 1769 1202 1823 sit
1232 1777 1422 1824 exacta
1452 1769 1681 1833 decisio,
1704 1782 1813 1822 non
1839 1776 2018 1822 tamen

441 1860 514 1915 ob
559 1858 829 1928 ejusmodi
867 1860 1221 1928 quaestionem
1260 1866 1682 1927 accuratamque
1724 1858 2014 1923 rationem,

442 1950 537 2006 sed
573 1950 643 2004 ob
674 1964 836 2003 unam
866 1948 1216 2002 concordiam
1244 1948 1357 2002 haec
1388 1948 1456 2003 ab
1486 1948 1747 2017 apostolis
1776 1962 2018 2018 pronun-

440 2041 573 2096 tiata
598 2048 744 2095 sunt.
776 2039 930 2105 Quod.
965 2040 1011 2094 si
1046 2040 1127 2094 vel
1154 2054 1276 2092 cum
1303 2038 1505 2092 Christi
1541 2040 1814 2102 hostibus,
1848 2045 1907 2091 ut
1932 2037 2011 2091 illi

440 2138 654 2200 putant,
690 2130 921 2199 apostoli
957 2130 1341 2185 celebrandum
1390 2144 1512 2185 esse
1541 2126 1753 2184 Pascha
1796 2144 2018 2184 censue-

442 2230 589 2286 runt,
629 2229 833 2291 quanto
885 2221 1057 2290 magis
1106 2221 1173 2274 ad
1219 2222 1461 2275 eamdem
1506 2221 1842 2275 retinendam
1880 2235 2015 2275 con-

443 2315 755 2370 sensionem
784 2327 906 2367 cum
957 2311 1199 2366 Ecclesia
1225 2312 1503 2366 celebrare
1542 2312 1818 2375 convenit,
1851 2326 1919 2365 ne
1949 2312 2012 2365 il-

442 2403 552 2457 lius
581 2402 871 2456 concordia
906 2401 1204 2455 laceretur!
1243 2400 1475 2467 Quinam
1507 2401 1673 2471 igitur
1703 2400 1847 2456 istud
1874 2400 2009 2455 efﬁci

440 2492 658 2563 potest?
689 2492 779 2545 Sic
818 2491 961 2545 enim
994 2490 1153 2544 iidem
1207 2491 1440 2560 apostoli
1473 2492 1793 2561 praecipiunt
1821 2511 1834 2546 :
1874 2490 2009 2544 Dum

438 2583 728 2653 epuiantur
758 2581 854 2645 illi,
892 2595 988 2635 vos
1031 2580 1345 2648 jejunautes
1373 2596 1472 2650 pro
1514 2582 1621 2637 illis
1649 2582 1846 2652 lugete,
1877 2597 2013 2651 quo-

437 2672 584 2726 niam
616 2668 754 2724 festo
780 2670 869 2723 illo
892 2668 980 2723 die
1001 2668 1278 2722 Christum
1316 2670 1369 2722 in
1395 2684 1615 2724 crucem
1646 2672 2009 2725 sustulerunt.

436 2762 681 2833 Cumque
718 2763 796 2815 illi
839 2762 1086 2832 lugentes
1120 2761 1328 2831 azymis
1354 2768 1408 2816 et
1440 2762 1673 2819 lactucis
1702 2762 2012 2834 agrestibus

510 2916 526 2946 '
554 2915 721 2972 Deest
745 2915 972 2985 aliquid.

507 3071 621 3194 (12)
664 3072 764 3125 Ἐκ
795 3071 973 3135 τριῶν
995 3071 1104 3137 γὰρ
1129 3071 1529 3133 συνέστηκεν.
1554 3071 1719 3133 Atqm
1751 3071 1861 3118 duo
1884 3072 2007 3117 tan-

436 3152 551 3196 tum
622 3142 692 3194 tie
736 3147 923 3209 aperte
965 3153 1034 3209 ac
1082 3139 1830 3209 distinctecommemorat:
1873 3135 2007 3209 solis

435 3224 683 3271 cursum,
717 3204 938 3278 propter
962 3207 1303 3278 Dominicum
1331 3205 1512 3278 diem;
1554 3212 1609 3278 e_t
1657 3204 1903 3278 lunarem
1939 3205 2011 3258 ob

439 3295 531 3335 xlv
563 3272 767 3332 lunam.
796 3272 925 3343 Quae
947 3286 1001 3331 et
1028 3276 1350 3330 Ambrosius
1385 3272 1627 3342 Epistola
1655 3274 1722 3326 ad
1744 3274 2012 3343 episcopos

398 3344 403 3351 ’
434 3348 678 3404 Δίηιὶιὶιε
705 3349 1016 3417 complexus
1045 3353 1128 3417 est
1152 3344 1312 3417 :Duo
1340 3354 1480 3409 sunt,
1514 3345 1709 3417 inquit,
1738 3344 2017 3417 observan-

434 3419 506 3471 da
560 3420 611 3471 in
646 3413 975 3471 soletmiitate
1030 3415 1294 3468 Pasclue:
1328 3414 1728 3483 quartadecima
1782 3413 1911 3467 luna
1957 3423 2007 3467 et

471 3489 633 3542 rimus
664 3488 875 3552 mensis,
912 3486 1002 3557 qui
1028 3485 1223 3538 dicitur
1247 3482 1540 3557 Novarum.
1572 3482 1771 3538 Verum
1803 3487 1876 3557 in
1912 3499 2003 3557 so-

471 3504 633 3542 rimus
664 3504 875 3552 mensis,
912 3504 1001 3557 qut
1028 3504 1223 3538 atcuur
1247 3504 1540 3538 novorum.
1581 3504 1771 3538 verum
1819 3504 1876 3539 Ill
1912 3504 2003 3539 SO-

433 3504 535 3612 ἰ)δεί
587 3572 753 3612 cursu
798 3557 906 3612 duo
956 3558 1342 3620 continentur;
1396 3555 1604 3622 primus
1643 3555 1870 3618 mensis,
1892 3556 2006 3609 sive

435 3629 847 3709 tequinoctiuui,
888 3625 1130 3709 exieris.
1164 3625 1345 3704 Quare
1379 3625 1483 3709 tria
1524 3626 1638 3677 hac
1667 3624 2005 3709 celebritatis

434 3692 581 3752 illius
609 3699 752 3751 velut
779 3695 1010 3765 οὑσιώδη
1041 3693 1307 3765 discernit
1335 3692 1679 3765 explicatque
1704 3694 1891 3749 haeresi
1912 3695 2005 3758 50,

434 3782 589 3821 num.
619 3768 674 3831 5,
701 3762 1223 3835 quartamdecimam
1255 3762 1603 3829 lunaa’diem,’
1622 3765 2011 3834 atquinoctium

431 3852 661 3893 vernum
694 3846 749 3889 et
780 3836 1134 3888 Dominicam.

505 3906 617 3975 (15)
652 3906 824 3974 Ὅπερ
851 3904 1002 3971 παρὰ
1021 3902 1143 3975 tofo
1169 3900 1482 3975 ΔἸουδαίοις
1510 3903 1581 3955 οὐ
1604 3903 2007 3975 φυλάσσεται.

434 3972 524 4029 De
549 3972 659 4045 quo
713 3972 1022 4043 frequentes
1064 3972 1470 4045 catholicorum
1520 3974 1718 4045 partim
1764 3979 2001 4045 querelae

432 4042 696 4100 adversus
725 4042 1067 4098 Christianos
1115 4042 1495 4112 judaizantes;
1523 4044 1740 4112 partim
1782 4042 1837 4098 in
1879 4048 2003 4102 illos

431 4116 581 4184 ipsos
631 4114 844 4169 Iud-ams
902 4110 1283 4184 insulationes.
1324 4110 1459 4168 Vide
1504 4110 1855 4184 Constantini
1888 4120 2003 4171 Au-

468 4180 575 4238 usti
601 4184 940 4254 Rescriptum
964 4184 1030 4236 ad
1052 4182 1399 4256 Christianos
1427 4197 1493 4236 ex
1516 4180 1735 4256 Nicaeua
1755 4187 1997 4256 synodo.

460 4255 658 4309 ixstaut
678 4266 733 4309 et
754 4253 964 4309 veteres
993 4268 1255 4311 canones,
1278 4253 1478 4321 quibus
1502 4253 1823 4309 nominatim
1851 4258 1998 4312 istud

2123 1676 2335 1728 διέπεσε
2368 1673 2477 1744 γὰρ
2514 1674 2642 1743 παρ’
2670 1673 2882 1735 αὐτοῖς,
2930 1672 3023 1725 καὶ
3059 1674 3333 1743 ὴπάτηται
3382 1676 3450 1728 τὰ
3505 1678 3691 1732 πάντα.

2125 1765 2272 1835 Πλὴν
2312 1766 2360 1817 ει
2390 1765 2484 1817 καὶ
2513 1763 2778 1833 τοσαύτης
2813 1763 3089 1833 ζητήσεως
3127 1765 3363 1835 ὑπάρχει
3396 1767 3428 1836 ἡ
3477 1768 3691 1839 τοιαύτη

2123 1856 2397 1929 ἀκρίϐεια,
2429 1857 2490 1909 οὑ
2532 1855 2619 1908 διὰ
2647 1855 2744 1925 τὴν
2778 1855 3003 1926 ζήτησιν
3034 1855 3234 1926 ταύτην
3273 1858 3369 1910 καὶ
3412 1860 3518 1928 τὴν
3549 1861 3696 1930 ἀκρί-

2120 1948 2273 2001 ϐειαν
2326 1949 2439 2009 τοῖς
2486 1944 2802 2007 ἀποστόλοις
2848 1939 3092 2016 εἴρηται,
3135 1945 3275 1998 ἀλλὰ
3321 1946 3390 1998 δι’
3425 1949 3689 2017 ὁμόνοιαν.

2120 2038 2231 2092 Καὶ
2263 2036 2399 2109 μετά
2428 2035 2535 2090 τῶν
2563 2035 2919 2107 ὲχθρῶν¹(14)
2949 2035 3045 2089 τοῦ
3080 2037 3316 2107 Χριστοῦ
3349 2040 3621 2093 ἐπιτελεῖν
3648 2042 3693 2093 οἱ

2119 2128 2407 2182 ἀπόστολοι
2466 2126 2827 2197 προσέταξαν,
2878 2126 2954 2189 ὡς
3012 2121 3155 2180 οὗτοι
3227 2130 3690 2200 διισχυρίζονται,

2118 2222 2269 2291 πόσῳ
2312 2236 2376 2289 γε
2431 2218 2626 2289 μᾶλλον
2657 2218 2723 2271 δι’
2752 2218 3001 2288 ὁμόνοιαν
3049 2220 3185 2289 μετά
3218 2222 3316 2291 τῆς
3364 2222 3687 2292 Ἐκκλησίας

2118 2309 2222 2380 χρὴ
2259 2306 2545 2369 ἐπιτελεῖν,
2586 2306 2673 2358 ἵνα
2704 2304 2777 2376 μὴ
2805 2307 2904 2376 τὴν
2937 2308 3187 2376 ὁμόνοιαν
3228 2309 3566 2380 χαράξωμεν
3600 2313 3692 2379 τῆς

2128 2399 2488 2470 Ἐκκλησίαςί
2525 2398 2649 2461 Πῶς
2677 2394 2770 2451 οὖν
2812 2398 3031 2451 δύναται
3064 2398 3331 2451 τελεῖσθαι
3366 2401 3563 2466 τοῦτος
3597 2404 3691 2456 Λέ-

2116 2507 2270 2559 γουσι
2322 2489 2429 2561 γάρ
2478 2491 2526 2542 οἱ
2574 2490 2727 2543 αὐτοὶ
2773 2488 3091 2553 ἀπόστολοι,
3141 2491 3450 2551 ὅτι,“οταν
3503 2493 3690 2545 ἐκεῖνοι

2117 2578 2449 2649 εὐωχῶνται,
2481 2579 2637 2647 ὑμεῖς
2666 2577 3018 2646 νηστεύοντες
3046 2578 3185 2649 ὑπὲρ
3214 2580 3395 2633 αὐτῶν
3426 2582 3688 2643 πενθείπ,

2117 2669 2193 2721 ὅτι
2226 2671 2282 2721 ὲν
2309 2672 2374 2739 τῇ
2398 2668 2583 2740 ἡμέρᾳ
2604 2669 2702 2738 τῆς
2726 2670 2917 2739 ἑορτῆς
2940 2670 3030 2723 τὸν
3057 2671 3291 2741 Χριστὸν
3316 2673 3687 2743 ἐσταύρωσαν.

2118 2761 2227 2815 Καὶ
2259 2761 2387 2815 ὅταν
2424 2762 2577 2815 αὐτοὶ
2629 2761 2867 2815 πενθῶσι
2905 2762 3018 2833 (15)
3067 2763 3138 2815 τά
3188 2764 3376 2835 ἄζυμα
3426 2767 3690 2831 ἐσθίοντες

664 3072 764 3125 Ἐκ
795 3068 973 3135 τριῶν
995 3068 1112 3146 γὰρ.
1124 3066 1529 3146 συνέστηκεν.
1554 3066 1719 3133 Atqm
1751 3062 1861 3146 duo
1884 3072 2006 3146 tan-

2118 3065 2476 3135 Epiphanius,
2512 3076 2585 3146 ut
2607 3078 2796 3138 postea
2833 3071 3159 3146 videbimus.
3186 3072 3256 3126 At
3288 3074 3434 3129 enim
3471 3076 3691 3146 Azymis

2118 3146 2324 3204 septem
2362 3146 2505 3192 totos
2536 3140 2655 3194 dies
2693 3141 3086 3210 vescebantur,
3116 3143 3334 3198 Deuter.
3369 3160 3471 3207 xu,
3506 3140 3593 3201 i9.
3619 3147 3690 3201 Ea

2116 3221 2246 3260 vero
2276 3221 2564 3261 maerorem
2593 3224 2662 3283 ac
2710 3211 2988 3283 tristitiam
3021 3215 3355 3283 significant.
3396 3214 3689 3271 Nihilomi-

2115 3292 2222 3351 nus
2239 3288 2544 3351 taniengnv
2574 3279 2716 3351 diem
2749 3280 2816 3333 ad
2845 3279 3149 3351 vesperam,
3184 3292 3277 3337 aut
3305 3286 3588 3341 ineuntem
3624 3304 3689 3342 xv

2117 3348 2246 3401 huic
2273 3348 2479 3423 doloris
2508 3350 2893 3423 significationi
2925 3348 3111 3407 eximit
3141 3354 3484 3423 Epiphanius
3519 3375 3534 3411 :
3571 3359 3688 3411 reli-

2112 3432 2281 3488 quum
2339 3419 2482 3479 diei,
2524 3422 2783 3496 adeoque
2820 3430 3049 3496 caeteros
3104 3419 3317 3486 om'nés,
3370 3442 3686 3496 azymorum

2114 3504 2216 3542 usu
2240 3496 2593 3543 consecratos
2630 3491 2999 3547 hilaritatibus
3024 3501 3075 3547 et
3109 3496 3381 3551 conviviis
3411 3491 3683 3551 attribuit.

2111 3558 2283 3627 Cujus
2306 3573 2368 3635 ea
2387 3573 2555 3612 causa
2587 3560 2739 3635 reddi
2765 3570 2963 3630 potest,
2999 3564 3145 3631 quod
3184 3566 3403 3633 epulum
3431 3569 3687 3635 paschale

2111 3644 2235 3706 cum
2267 3629 2476 3697 reliquo
2494 3631 2641 3684 omni
2667 3629 3087 3706 apparatu,_tum
3114 3629 3341 3689 lactucis
3374 3629 3685 3706 agrestibus

2119 3698 2186 3752 ad
2228 3712 2450 3774 azymos
2477 3713 2645 3768 panes
2674 3698 2936 3774 adhibitis
2964 3704 3272 3760 luctuosum
3318 3698 3583 3774 quiddam
3632 3715 3682 3761 et

2115 3769 2377 3846 acerbum
2400 3771 2850 3846 reprazsentabat.
2885 3772 3106 3846 Quod_a
3138 3780 3321 3843 primo
3338 3769 3429 3831 die
3450 3777 3681 3846 Azymo-

2115 3854 2257 3904 rum,
2288 3847 2341 3893 et
2367 3839 2782 3916 insequentibus
2803 3842 3009 3916 aberat.
3050 3839 3248 3898 Eodem
3298 3852 3353 3899 ct
3393 3847 3486 3900 illa
3513 3839 3677 3916 magi-

2111 3918 2353 3985 strorum
2376 3911 2682 3964 observatio
2712 3914 2946 3985 pertinet
2970 3924 3272 3985 :Aseptenos
3303 3917 3521 3985 quidem
3540 3911 3680 3971 tot'os

2112 3980 2230 4035 dies
2266 3978 2587 4034 fermentata
2620 3978 2769 4035 vesci
2791 3982 2945 4036 nefas
2984 3978 3264 4039 fuissezat
3291 3978 3519 4040 ineunte
3546 3986 3680 4041 dun-

2109 4057 2259 4103 taxat
2290 4064 2357 4103 xv
2376 4057 2445 4123 _et
2477 4057 2664 4104 exacta
2690 4067 2801 4115 xw,
2823 4052 2927 4106 hoc
2957 4062 3042 4108 est
3068 4056 3122 4107 in
3154 4054 3398 4123 paschali
3427 4058 3679 4112 convivio

2108 4134 2298 4190 azyma
2339 4120 2389 4172 vi
2413 4134 2475 4194 ac
2495 4123 2823 4194 necessitate
2858 4123 2992 4192 legis
3022 4120 3340 4194 usurpasse.
3377 4127 3543 4180 Extra
3579 4130 3678 4183 hoc

2109 4198 2322 4263 tempus
2346 4191 2605 4263 neglectis
2638 4194 2866 4263 azymis,
2886 4191 3021 4263 aliis
3039 4191 3361 4259 seminibus,
3382 4207 3479 4251 aut
3500 4197 3679 4251 fructi-

2108 4260 2212 4331 bus
2236 4260 2383 4331 vesci
2413 4262 2677 4330 potuisse.
2705 4260 2799 4316 ⁷11.
2853 4261 3002 4319 Mose
3036 4265 3138 4319 ben
3190 4264 3424 4320 Maimou
3462 4277 3616 4322 temo
3638 4268 3676 4331 Ι,

428 4328 656 4409 vetitum
687 4332 771 4379 est
803 4342 817 4379 :
852 4326 920 4409 de
953 4339 1059 4393 qua
1089 4323 1242 4409 read
1274 4322 1505 4409 haeresin
1552 4338 1626 4387 Li,
1672 4323 1727 4377 in
1759 4324 2000 4383 Diatriba
2032 4342 2075 4396 ι)
2104 4322 2512 4409 ιοιΙ.,Τναοιὶιιιι
2543 4331 2606 4384 de
2647 4332 2963 4400 fermentata
2994 4344 3041 4388 et
3075 4351 3283 4404 azyma,
3319 4352 3442 4407 cap.
3486 4341 3521 4387 ti
3558 4338 3586 4409 ᾗ
3626 4322 3675 4393 ii

428 4393 496 4449 de
520 4394 828 4448 Judazorum
851 4392 993 4446 anno
1014 4394 1237 4462 copiose
1268 4392 1525 4462 diximus.

500 4465 611 4532 (M)
643 4465 775 4534 ΚαὶΔ
783 4463 930 4531 μετὰ
962 4460 1355 4534 tér‘éxtipdrg.
1392 4460 1654 4534 Fortasse
1682 4464 1788 4534 leg.
1823 4466 1919 4519 καὶ
1951 4468 2000 4519 εἰ

433 4531 592 4604 μετά,
619 4543 725 4587 etc.
757 4532 1036 4587 Sententia
1063 4547 1193 4587 vero
1223 4547 1291 4586 ex
1318 4531 1511 4586 Latina
1545 4531 1999 4604 interpretatione

434 4605 723 4673 perspicua
755 4611 859 4673 est.

501 4670 611 4743 (15)
650 4673 759 4726 Καὶ
804 4671 949 4743 ὅταν
978 4671 1146 4724 αὐτοὶ
1199 4670 1520 4743 πενθῶσιν.
1563 4671 1682 4743 Non
1735 4675 1879 4743 quod
1908 4692 1997 4729 xlv

427 4740 601 4797 Nisan'
624 4742 992 4811 jejunaverint
1027 4744 1225 4810 (neque
1266 4742 1410 4795 enim
1472 4743 1613 4795 inter
1646 4740 1768 4797 dies
1800 4754 1996 4809 mum-1

428 4815 544 4868 sive
570 4812 931 4883 Angariarum
990 4813 1269 4873 refertur).
1332 4811 1427 4865 sed
1476 4814 1623 4881 quod
1678 4823 1870 4868 exacto
1902 4820 1995 4870 illo

424 4883 547 4953 ipso
581 4882 673 4938 die
697 4882 1015 4953 Paschalem
1048 4896 1247 4953 agnum
1282 4896 1404 4953 cum
1431 4886 1635 4953 azymis
1680 4894 1733 4937 et
1764 4885 1996 4939 lactucis

426 4950 735 5023 agrestibus
777 4952 1147 5013 comedereut,
1185 4950 1354 5023 Exod.
1390 4950 1561 5015 xn,'8
1594 4960 1647 5023 et
1684 4953 1770 5007 18.
1828 4954 1997 5008 Erant

425 5022 569 5077 enim
624 5038 813 5094 azyma
874 5022 1130 5075 mmroris
1180 5036 1244 5075 ac
1299 5022 1476 5076 luctus
1543 5022 1824 5078 indicium.
1892 5024 1997 5079 Ita-

424 5131 528 5188 que
585 5117 897 5188 Deuteron.
929 5131 1040 5188 xvi,
1087 5115 1141 5177 5,
1177 5123 1405 5167 vocatur
1424 5098 1690 5188 juyprb,
1726 5119 1880 5186 ραηξε
1912 5120 1997 5188 αι’-

422 5185 693 5259 ﬂio-tionis.
748 5186 1087 5256 Epiphanius
1135 5192 1315 5259 autem
1362 5200 1473 5247 xw,
1532 5185 1995 5259 [SisanjtévOtpov

424 5258 565 5310 diem
600 5258 775 5311 facere
795 5255 1008 5310 videtur
1032 5273 1047 5321 ;
1071 5258 1163 5325 qui
1189 5255 1306 5308 dies
1369 5256 1758 5325 συνεκδοχικῶς
1786 5255 1994 5314 Pascha

425 5327 742 5391 dicebatur;
770 5329 913 5396 quod
947 5329 1049 5381 sub
1079 5329 1199 5397 ejus
1234 5340 1516 5397 vesperam
1560 5341 1758 5395 agnum
1796 5331 1993 5384 immo-

428 5396 631 5467 larent;
668 5398 967 5467 eodemque
1036 5412 1235 5451 occaso
1274 5396 1385 5467 jam
1449 5397 1563 5449 sole
1602 5410 1991 5467 vescerentur;

425 5465 945 5539 autemquodmgﬁd
976 5473 1059 5521 est
1084 5469 1301 5521 ineunte
1324 5466 1445 5539 jam
1469 5483 1555 5518 xv.
1583 5466 1753 5532 Quem
1772 5471 1990 5539 quidem

427 5534 570 5587 diem
621 5534 947 5606 Azymorum
1008 5538 1238 5606 primum
1305 5534 1659 5592 nominabant
1694 5558 1705 5593 :
1739 5534 1804 5594 ρι’
1849 5542 1993 5594 hunc

432 5620 607 5670 ipsum
662 5610 839 5659 lzctum
883 5623 943 5660 ac
993 5610 1255 5675 genialem
1299 5608 1418 5661 ilius
1466 5610 1717 5664 habuisse
1759 5620 1991 5666 testatur

2101 4432 2229 4481 nm
2264 4407 2391 4482 521s
2426 4434 2544 4482 mm
2582 4434 2774 4483 πιπτει-π
2791 4432 2940 4486 ’nm
2973 4412 3144 4487 τήνδε
3180 4413 3321 4488 ἰλ-ιη
3356 4439 3533 4489 nam
3566 4407 3675 4489 Ean

2098 4497 2207 4574 Bas
2260 4523 2422 4603 nmis
2482 4523 2543 4573 is
2595 4501 2754 4601 mihi:
2809 4526 2885 4603 ιιι
2941 4526 3058 4603 pm
3116 4528 3178 4578 is
3227 4530 3357 4579 his
3392 4505 3524 4580 Bais-
3560 4534 3674 4581 ari

2440 4616 2570 4669 Ἴων
2605 4588 2784 4666 mmi‘n
3002 4609 3370 4685 Verumtamen
3395 4614 3447 4665 in
3474 4616 3673 4682 reliquo

2096 4676 2417 4751 celebritatis
2448 4686 2669 4751 tempore
2698 4694 3006 4747 azymorum
3027 4696 3145 4733 esus
3159 4681 3426 4735 duntaxat
3456 4676 3674 4751 permit-

2099 4746 2257 4825 titur,
2284 4757 2341 4825 ut
2368 4748 2457 4814 qui
2481 4746 2802 4825 velitazymo
2824 4765 3100 4825 vescatur;
3122 4753 3211 4821 qui
3238 4753 3414 4825 malit,
3454 4746 3672 4825 oryza»:

2097 4816 2174 4867 vel
2222 4818 2425 4869 milium
2460 4817 2613 4889 edat,
2659 4833 2751 4871 aut
2798 4819 3082 4886 polentam.
3132 4816 3224 4873 aut
3258 4822 3488 4889 fructus.
3520 4816 3587 4876 Ἆι
3620 4829 3673 4879 in

2098 4895 2261 4960 nocte
2298 4903 2384 4947 xv,
2434 4887 2697 4940 duntaxat
2756 4892 2960 4958 azymis
3005 4893 3083 4944 uti
3141 4887 3361 4960 oportet.
3402 4894 3559 4959 Quod
3607 4897 3672 4951 de

2097 4970 2177 5030 vit
2210 4957 2299 5010 die
2329 4972 2667 5030 azymorum,
2701 4957 2862 5030 quam
2891 4970 3070 5025 now,
3113 4957 3228 5016 sive
3252 4957 3540 5018 collectam
3580 4982 3674 5020 vo-

2098 5027 2317 5103 cabant,
2359 5027 3060 5103 potissimum‘observaut,
3100 5047 3165 5086 eo
3208 5034 3331 5103 freti
3374 5036 3671 5103 Scriptura:

2097 5097 2433 5171 testimonio,
2476 5098 2620 5167 quod
2649 5114 2772 5171 cum
2819 5100 2983 5153 Exodi
3023 5117 3120 5166 xu,
3165 5102 3253 5167 19,
3287 5097 3549 5171 scriptum
3578 5108 3667 5161 sit:

2099 5165 2281 5240 Primo
2306 5165 2919 5238 mense,quartadecima
2943 5172 3026 5224 die
3052 5165 3266 5238 mensis,
3291 5175 3360 5225 ad
3376 5165 3665 5240 vesperam,

2101 5236 2379 5313 comedetis
2406 5236 2617 5313 azyma,
2652 5256 2813 5313 usque
2846 5243 2913 5294 ad
2953 5242 3087 5295 diem
3106 5236 3405 5297 vicesimam
3440 5236 3669 5313 primani

2095 5307 2327 5373 ejusdem
2352 5307 2565 5384 mensis,
2597 5309 2664 5361 ad
2690 5307 2974 5384 uesperam.
2998 5312 3201 5381 Septem
3228 5313 3411 5367 diebus
3440 5307 3671 5384 fermen-

2099 5386 2206 5428 tum
2238 5395 2337 5431 non
2365 5381 2653 5455 invenietur
2692 5382 2748 5432 in
2798 5381 3041 5436 domibus
3077 5386 3259 5437 vestris
3292 5402 3309 5438 :
3344 5381 3511 5455 idque
3534 5387 3669 5441 Deu-

2098 5455 2273 5501 teron.
2314 5465 2422 5526 xvi,
2466 5452 2518 5511 5,
2559 5460 2871 5526 repetatur,
2907 5461 3105 5526 tamen
3166 5452 3435 5522 ejusdem'
3472 5460 3666 5526 eap:tis

2097 5529 2367 5574 commate
2381 5524 2433 5579 8,
2456 5536 2549 5575 sex
2576 5529 2788 5575 tantum
2816 5523 3009 5577 diebus
3025 5540 3211 5593 azyma
3230 5528 3440 5580 comedi
3456 5523 3663 5594 jubcat.

2107 5610 2259 5665 Unde
2277 5609 2340 5667 Β.
2379 5611 2595 5667 Selomo
2612 5612 2678 5667 ad
2714 5630 2837 5669 eum
2869 5615 3047 5670 locum
3082 5616 3184 5670 ista
3220 5617 3411 5671 scribit
3556 5629 3637 5678 τε
