3798 6212
445 272 555 330 563

1842 264 1900 321 S.
1952 261 2292 319 EPlPHANll

3600 267 3700 324 εει

444 388 593 444 illius
632 382 897 454 dogmatis
943 381 1146 438 veritas
1191 380 1468 443 consistit,
1510 389 1564 437 et
1607 395 1672 436 cx
1719 378 2018 451 apostolica

2127 375 2419 440 διατάξεως
2457 374 2566 426 τῶν
2593 373 2928 437 ἀποστόλων,
2961 376 3042 428 ὅτι
3070 374 3137 428 δι’
3169 377 3439 446 ὁμόνοιαν,
3471 379 3549 442 ὡς
3583 397 3700 433 συν-

446 478 538 532 illa
566 473 960 530 constitutione
1011 475 1197 544 liquet,
1229 475 1536 528 concordiae
1562 472 1737 543 gratia
1775 471 1856 526 sic
1891 485 2015 526 esse

444 569 758 630 decretum,
819 574 878 620 ut
916 566 986 622 ad
1040 566 1455 621 consensionem
1498 562 1915 622 stabiliendam.
1961 560 2016 615 id

443 660 591 732 quod
622 675 795 714 nexus
824 659 939 728 ipse
969 659 1235 712 orationis
1259 658 1513 720 ostendit,
1559 657 1606 714 si
1637 647 1840 712 Pascha
1871 655 2016 711 cele-

445 753 702 813 bremns,
757 749 1000 818 adeoque
1049 755 1102 802 et
1170 749 1244 802 illi
1307 747 1617 809 celebrent,
1671 751 1793 816 post
1843 745 2016 815 aequi-

445 844 688 898 noctium
715 839 880 911 825
905 841 956 894 id
989 839 1216 894 omnino
1242 838 1527 897 faciamus.
1560 837 2016 908 quemadmodum

446 947 688 1004 persaepe
720 932 1001 986 nobiscum
1034 930 1309 984 celebrare
1353 929 1427 982 illi
1475 929 1671 983 solent.
1703 929 1838 983 Cum
1874 929 2017 982 inte-

448 1027 548 1079 rim
579 1033 632 1079 et
665 1033 790 1077 ante
823 1021 1205 1092 aequinoctium
1234 1019 1543 1075 confectum
1577 1021 1630 1074 id
1657 1020 1725 1075 ab
1760 1021 1864 1074 illis
1891 1034 2018 1089 per-

449 1125 661 1187 agatur,
721 1130 844 1169 cum
885 1113 1134 1169 videlicet
1178 1113 1279 1167 soli
1323 1111 1534 1167 Pascha
1579 1127 1738 1167 suum
1793 1111 2016 1166 obeunt.

447 1207 652 1273 Quodsi
715 1221 814 1260 nos
869 1220 977 1258 una
1027 1203 1393 1267 celebremus,
1432 1203 1486 1256 in
1524 1202 1776 1257 eumdem
1819 1217 2019 1255 annum

447 1304 555 1357 duo
587 1301 849 1355 Pascbata
879 1299 1034 1353 nobis
1067 1299 1368 1360 incurrent,
1391 1301 1516 1348 ante
1542 1293 1790 1349 videlicet
1814 1302 1866 1348 et
1896 1298 2019 1362 post

448 1392 855 1463 aequinoctium.
888 1388 1024 1444 Tum
1053 1403 1194 1442 anno
1230 1396 1486 1456 sequente
1516 1400 1582 1439 ne
1610 1399 1775 1438 unum
1800 1384 2018 1453 quidem

453 1483 818 1538 celebrabitur
865 1499 877 1534 :
917 1495 1089 1549 eoque
1140 1478 1300 1533 modo
1363 1477 1668 1531 institutum
1711 1490 1871 1529 omne
1919 1490 2020 1528 no-

448 1587 624 1631 strum
670 1587 882 1628 smnmo
927 1587 1049 1625 cum
1091 1585 1278 1625 errore
1331 1567 1683 1636 conjunctum
1726 1581 1755 1619 a
1797 1565 2022 1620 veritate

2121 474 2286 542 ἦκται
2362 469 2453 523 τοῦ
2514 469 2671 538 λόγου
2737 471 2766 522 ὁ
2839 469 3164 542 σύνδεσμος,
3226 470 3321 525 ἐὰν
3385 473 3704 528 ἐπιτελέσω-

2123 579 2243 633 μεν,
2277 561 2310 632 ἢ
2345 561 2440 614 καὶ
2474 559 2786 626 ἐπιτελῶσι,
2827 560 2963 631 μετὰ
3014 562 3336 632 ἰσημερίαν·
3382 562 3566 626 καθὼς
3612 567 3701 617 κά-

2121 655 2289 706 κεῖνοι
2320 651 2512 720 ἄγουσι
2541 651 2803 716 πολλάκις
2835 669 2914 717 τε,
2949 654 3042 706 καὶ
3085 655 3265 723 ἡμεῖς.
3303 654 3472 706 Πάλιν
3502 654 3560 706 δὲ
3604 656 3701 725 τῷ

2120 743 2215 796 τοῦ
2264 743 2578 814 τελεσθῆναι
2611 743 2709 814 τὴν
2759 743 3069 814 ἰσημερίαν,
3101 744 3178 806 ὠς
3213 746 3411 798 ἐκεῖνοι
3456 745 3697 814 ἄγουσιν,

2121 835 2210 887 ὅτε
2254 835 2406 906 μόνοι
2444 833 2692 902 ἄγουσιν.
2729 833 2854 886 Ἐὰν
2903 828 2996 887 οὖν
3042 835 3135 887 καὶ
3169 835 3331 906 ἡμεῖς
3380 835 3700 887 ἐπιτελέσω-

2127 943 2246 997 μεν,
2295 925 2642 996 συμϐέϐηκεν
2689 926 2822 996 ἡμῖν
2866 927 2924 978 ἐν
2975 925 3055 978 ἐνὶ
3099 924 3330 995 ἐνιαυτῷ
3380 924 3474 977 δύο
3515 924 3703 994 Πάσχα

2122 1018 2452 1082 ἐπιτελέσαι,
2496 1019 2634 1089 μετὰ
2670 1019 2959 1088 ἰσημερίαν
2991 1019 3085 1071 καὶ
3130 1017 3238 1090 πρὸ
3272 1016 3563 1088 ἰσημερίας
3584 1033 3599 1046 ·
3632 1017 3702 1085 τῷ

2122 1110 2179 1163 δὲ
2213 1109 2356 1179 ἄλλῳ
2386 1108 2514 1179 ἐξῆς
2552 1110 2783 1181 ἐνιαυτῷ
2814 1111 2936 1164 οὐδὲ
2981 1108 3116 1172 ὅλως
3157 1107 3558 1177 ἐπιτελέσωμεν
3600 1107 3702 1159 Πά-

2123 1218 2246 1272 σχα.
2292 1203 2402 1256 Kal
2443 1202 2799 1274 εὑρεθήσεται
2847 1202 2909 1256 τὸ
2949 1203 3056 1256 πᾶν
3103 1200 3310 1270 πλάνης
3357 1196 3499 1252 εἶναι
3551 1196 3700 1268 ἔργον

2123 1293 2269 1363 ἥπερ
2301 1292 2544 1364 ἀλήθεια.
2579 1293 2690 1364 Πρὸ
2719 1293 2828 1364 γὰρ
2866 1290 3157 1363 ἰσημερίας
3183 1291 3244 1343 οὐ
3283 1288 3699 1360 πληρωθήσεται

2122 1384 2182 1436 τὸ
2212 1383 2359 1444 ἕτος·
2403 1381 2524 1435 οὔτε
2553 1382 2852 1454 πληροῦται
2880 1381 2974 1435 τοῦ
3008 1380 3210 1434 κύκλου
3245 1378 3342 1431 τοῦ
3384 1377 3614 1448 δρόμου,
3642 1377 3700 1428 ἐκ

2122 1475 2258 1529 Θεοῦ
2293 1477 2403 1538 τοῖς
2431 1475 2736 1546 ἀνθρώποις
2767 1472 3124 1544 τεταγμένου,
3151 1474 3178 1524 ὀ
3206 1469 3477 1531 ἐνιαυτὸς,
3504 1468 3602 1520 ἐὰν
3629 1467 3698 1536 μὴ

2126 1567 2372 1640 παρέλθῃ
2407 1568 2686 1639 ἱσημερία.

448 1665 668 1736 penitus
700 1661 1035 1717 abhorrebit.
1073 1661 1284 1714 Etenim
1336 1668 1461 1712 ante
1501 1657 1887 1726 teqninoctium
1930 1655 2172 1712 nondum
2237 1675 2414 1713 annus
2461 1659 2717 1728 impletus
2762 1666 2877 1724 est;
2921 1672 3097 1727 neque
3156 1655 3461 1726 legitimum
3502 1653 3682 1705 circu-

459 1758 648 1812 itionis
696 1755 840 1808 illius
894 1762 1133 1822 tempus,
1173 1751 1318 1822 quod
1365 1766 1394 1804 a
1427 1751 1532 1805 Deo
1571 1747 1882 1803 hominibus
1925 1738 2421 1818 praestitutum'est,
2460 1749 2770 1805 confectum
2815 1757 3060 1820 putatur,
3141 1749 3248 1803 nisi
3304 1745 3694 1817 aequinoctium

447 1847 792 1920 praeterierit.

519 1941 630 1996 XII.
672 1939 789 2006 Qua
819 1938 886 1994 de
923 1951 982 1990 re
1009 1935 1166 2006 plura
1205 1949 1234 1987 a
1267 1933 1426 1987 nobis
1451 1931 1868 1987 commemorari
1895 1943 2019 1999 pos-

2195 1927 2292 1980 lB’.
2333 1926 2444 1979 Kal
2472 1920 2542 1997 ἦν
2585 1925 2684 1996 μὲν
2723 1925 2851 1996 περὶ
2909 1924 3101 1979 τούτου
3163 1923 3334 1977 πολλὰ
3393 1923 3600 1992 λέγειν,
3629 1927 3697 1989 ὡς

447 2043 589 2094 sent,
621 2049 686 2087 ex
720 2031 920 2101 quibus
949 2034 1221 2082 constaret
1259 2024 1494 2093 majores
1534 2031 1754 2078 nostros
1786 2023 2025 2077 saluber-

449 2127 588 2179 rimo
620 2122 872 2185 consilio,
899 2120 1012 2174 sive
1041 2118 1224 2188 potius
1255 2115 1422 2171 Deum
1458 2130 1552 2185 per
1581 2114 1703 2168 illos
1724 2113 2024 2184 religiosis-

449 2216 572 2270 simi
604 2215 748 2268 illius
781 2226 845 2266 ac
881 2209 1216 2283 sanctissimi
1242 2207 1348 2262 diei
1375 2206 1686 2261 celebrandi
1727 2203 2024 2259 accuratis-

450 2312 642 2362 simam
672 2302 966 2358 tradidisse
1007 2299 1300 2361 rationem,
1333 2304 1391 2352 ut
1421 2297 1678 2351 nimirum
1714 2303 1837 2366 post
1863 2295 2026 2364 atqui-

451 2396 692 2452 uoctium
727 2394 977 2454 iniretur,
1014 2391 1230 2461 quoties
1265 2391 1406 2443 luna:
1435 2389 1645 2443 decima
1673 2395 1868 2456 quarta
1905 2382 2022 2440 dies

452 2487 738 2548 incideret,
791 2499 901 2538 non
944 2489 1003 2535 ut
1034 2483 1150 2552 ipsa
1195 2480 1406 2535 decima
1460 2489 1654 2550 quarta
1698 2490 2019 2550 peragatur;

449 2595 575 2632 nam
605 2576 776 2631 Judaei
815 2575 1035 2644 quidem
1069 2572 1284 2626 unicam
1324 2570 1466 2626 diem
1509 2572 1822 2635 observant,
1855 2586 1885 2624 a
1925 2584 2024 2624 no-

453 2668 536 2723 bis
572 2681 698 2720 vero
745 2681 852 2720 non
887 2664 1072 2738 unius,
1122 2661 1214 2718 sed
1259 2661 1483 2730 integra:
1522 2660 1877 2717 hebdomadis
1923 2660 2023 2716 ba-

449 2759 626 2816 benda
666 2757 810 2812 ratio
850 2762 952 2811 est.
986 2754 1067 2810 Ob
1102 2755 1155 2810 id
1187 2755 1269 2809 lex
1313 2755 1429 2824 ipsa
1469 2753 1616 2808 velut
1662 2761 1874 2824 tempus
1919 2754 2024 2808 dif-

450 2851 705 2913 fundens,
737 2847 1048 2916 Accipietis,
1073 2845 1268 2916 inquit,
1297 2845 1439 2898 vobis
1461 2861 1653 2914 agnum
1695 2845 2022 2909 aniticulam,

449 2941 872 3005 immaculatum,
900 2937 1204 3007 perfectum,
1229 2954 1262 2990 a
1286 2936 1487 2990 decima
1509 2937 1595 2991 die
1619 2939 1849 3002 mensis;
1872 2954 2023 3008 quem

450 3048 536 3086 ros
562 3027 835 3084 servabitis
867 3043 1027 3097 usque
1056 3025 1124 3079 ad
1158 3026 1411 3080 decimam
1439 3034 1705 3094 quartam.
1738 3025 1806 3080 Et
1837 3028 2024 3082 immo-

453 3120 629 3174 labitis
675 3118 826 3171 illum
858 3116 926 3170 ad
969 3130 1234 3184 vesperam
1291 3115 1494 3168 decima
1531 3126 1725 3184 quarta
1770 3116 1853 3170 die
1883 3134 2026 3171 men-

453 3213 526 3266 sis
547 3212 586 3274 ¹,
615 3209 718 3264 hoc
747 3219 826 3263 est
854 3209 1016 3262 lunae.
1049 3205 1288 3262 Proinde
1317 3206 1370 3261 id
1402 3206 1658 3262 Ecclesiae
1688 3208 2024 3264 consuetudo

2123 2017 2302 2081 καλῶς
2342 2018 2664 2086 ποιήσαντες
2709 2017 2758 2069 οἰ
2802 2017 3057 2087 πατέρες,
3098 2015 3299 2086 μᾶλλον
3327 2015 3386 2069 δὲ
3435 2017 3505 2070 δι’
3530 2017 3700 2070 αὐτῶν

2121 2111 2150 2162 ό
2183 2109 2316 2171 Θεὸς
2353 2107 2681 2179 κατώρθωσε
2709 2110 2775 2178 τῇ
2814 2108 3110 2180 Ἐκκλησία
3142 2107 3202 2161 τὸ
3233 2111 3343 2163 πᾶν
3380 2111 3699 2182 άκρίϐασμτ

2122 2198 2222 2270 τῆς
2263 2197 2520 2269 ἀληθείας
2564 2198 2662 2268 τῆς
2712 2198 3099 2268 πανσεϐάσμου
3141 2199 3345 2271 ταύτης
3378 2201 3580 2274 ἑορτῆς
3618 2205 3701 2259 καὶ

2124 2290 2430 2357 παναγίας,
2477 2289 2614 2359 μετὰ
2661 2289 2950 2361 ἰσημερίαν
2989 2291 3088 2361 μὲν
3133 2292 3426 2359 ποιεῖσθαι,
3461 2295 3553 2347 ὅτε
3586 2295 3702 2348 ὕπνο-

2125 2382 2313 2435 πίπτει
2371 2382 2404 2452 ἡ
2449 2381 2548 2450 τῆς
2593 2382 3190 2454 τεσσαρεσκαιδεκάτης
3239 2383 3382 2438 κατὰ
3421 2384 3551 2455 ,τῆς
3617 2403 3700 2439 σε-

2123 2471 2290 2541 λήνης
2327 2470 2542 2544 ἡμέρας
2583 2469 2791 2541 ψῆφος·
2835 2474 2934 2543 οὐχ
2973 2473 3061 2526 ἴνα
3088 2475 3166 2527 ’ἐν
3206 2475 3344 2545 αὐτῇ
3393 2477 3463 2547 τῇ
3509 2493 3700 2529 τεσσα-

2128 2561 2525 2634 ρεσκαιδεκάτῃ
2569 2561 2990 2633 ἐπιτελέσωμεν.
3031 2563 3146 2616 Μία
3192 2564 3300 2636 γὰρ
3335 2566 3532 2636 ἡμέρα
3578 2567 3700 2638 παρ’

2124 2654 2350 2718 ἐκείνοις
2395 2653 2673 2726 ζητεῖται’
2714 2654 2843 2725 παρ’
2873 2657 3003 2726 ἡμῖν
3041 2655 3098 2708 δὲ
3127 2656 3188 2709 οὐ
3237 2656 3336 2727 μία
3379 2658 3538 2729 (19),
3576 2660 3705 2713 ἀλλὰ

2123 2747 2184 2811 ἒξ
2227 2744 2462 2816 ἑϐδομὰς
2509 2745 2878 2818 πληρεστάτη.
2917 2746 3008 2799 Διὸ
3041 2746 3135 2799 καὶ
3174 2747 3336 2810 αὐτὸς
3380 2747 3538 2817 λέγει
3588 2751 3701 2802 ἐπι·

2124 2840 2405 2894 πλατύνων
2443 2839 2524 2905 τὸ,
2560 2840 2844 2908 Λήψεσθε
2893 2839 3128 2907 ἑαυτοῖς
3165 2843 3469 2910 πρόϐατον
3511 2843 3702 2896 ἐνιαύ-

2123 2947 2281 2998 σιον,
2319 2931 2578 3000 ἄμωμον,
2605 2929 2858 2994 τέλειον,
2890 2930 3009 2986 ἀπὸ
3049 2931 3305 2986 δεκάτου
3330 2933 3442 2988 τοῦ
3485 2936 3698 3001 μηνός·

2123 3021 2221 3075 καί
2243 3021 2412 3076 ἔσται
2433 3021 2573 3092 ὑμῖν
2590 3021 3089 3092 διατετηρημένον
3104 3023 3238 3092 ἄχρι
3261 3023 3368 3092 τῆς
3381 3040 3702 3094 τεσσαρεσ-

2125 3111 2494 3180 καιδεκάτης.
2543 3113 2654 3166 Kal
2719 3114 2979 3168 θύσεσθε
3036 3113 3183 3168 αὐτὸ
3234 3116 3386 3182 πρὸς
3436 3116 3702 3184 ἑσπέραν

2125 3200 2199 3270 τῇ
2229 3202 2871 3271 τεσσαρεσκαιδεκάτῃ·
2903 3203 3090 3273 ἡμέρᾳ
3143 3204 3247 3258 τοῦ
3289 3207 3515 3274 μηνὸς,
3558 3224 3704 3260 τουτ-

455 3301 671 3363 retinet,
701 3306 754 3353 ut
789 3296 1074 3353 Paschalis
1107 3297 1326 3362 festum,
1360 3297 1463 3352 hoc
1504 3307 1588 3354 est
1629 3299 2019 3356 hebdomadem

2127 3295 2241 3348 ἐστι
2267 3295 2364 3366 τῆς
2391 3294 2620 3366 σελήνης
2648 3296 2781 3367 (20).
2810 3298 3214 3368 Παρατηρεῖται
3241 3297 3296 3350 δέ
3325 3300 3361 3368 η
3405 3298 3701 3366 Ἐκκλησία

453 3397 522 3448 ab
563 3392 824 3463 apostolis
863 3391 917 3444 in
967 3390 1057 3443 illa
1102 3389 1494 3445 constitutione
1522 3391 1818 3460 praeditam,
1863 3406 1894 3445 a
1946 3407 2026 3446 se.

451 3485 633 3540 cunda
689 3482 1052 3537 Sabbatorum
1104 3480 1384 3535 celebrare
1427 3481 1687 3551 incipiat;
1736 3497 1857 3550 quae
1908 3482 2026 3538 dies

453 3578 579 3641 agni
638 3584 722 3631 est
777 3573 1034 3644 emptioni
1071 3572 1236 3627 dicta.
1295 3571 1448 3638 Quod
1497 3573 1542 3627 si
1577 3588 1664 3626 xiv
1715 3559 1855 3628 iuuat
1909 3573 2026 3629 dies

453 3664 509 3716 in
544 3677 576 3715 ιι
609 3658 971 3714 Sabbatorum
1018 3657 1243 3718 incidat,
1291 3656 1527 3710 indidem
1557 3656 1676 3726 agni
1709 3655 2026 3710 immolandi

453 3763 671 3822 tempus
703 3751 924 3819 incipit;
958 3750 1074 3803 sive
1107 3750 1160 3803 in
1201 3764 1259 3801 ιιι
1294 3749 1678 3811 Sabbatorum,
1716 3749 1831 3804 sive
1863 3749 1916 3803 in
1947 3764 2020 3815 iv,

453 3847 569 3900 sive
613 3844 666 3896 in
701 3857 753 3905 ν,
796 3843 909 3894 sive
957 3840 1011 3893 in
1064 3837 1421 3903 Parasceven,
1459 3840 1574 3896 sive
1623 3840 1675 3894 in
1727 3838 2021 3896 Sabbatum

455 3937 655 4006 ipsum,
702 3929 1138 4002 quandoquidem
1186 3945 1236 3983 vr
1283 3929 1507 3984 omnino
1549 3929 1665 3986 dies
1709 3930 1758 3986 ei
1808 3932 2023 4002 negotio

527 4091 542 4120 ¹
574 4087 746 4144 Exod.
774 4104 870 4149 xu,
902 4088 952 4142 5.

523 4203 636 4274 (19)
681 4201 820 4272 [Iap‘
843 4200 989 4270 ἡμῖν
1011 4199 1079 4254 δὲ
1103 4198 1327 4274 οὺ-μιιιἶ
1363 4197 1469 4274 sex
1491 4197 1608 4274 dies
1635 4198 2028 4274 hebdomadem

1069 4088 1088 4117 '
1112 4083 1409 4140 tiornarius
1432 4083 1562 4155 legit
1597 4085 1674 4147 εἰς
1710 4084 1890 4154 μέσον.

2120 3385 2273 3454 ἄγειν
2316 3385 2414 3456 τὴν
2462 3385 2654 3458 ἐορτὴν
2703 3387 2796 3440 τοῦ
2849 3387 3066 3458 Πάσχα,
3120 3388 3368 3442 τουτέστι
3404 3389 3510 3461 τὴν
3556 3391 3698 3443 ἑϐδο-

2125 3479 2266 3549 μάδα
2297 3478 2393 3549 τὴν
2425 3477 2740 3550 ὡρισμένην
2785 3479 2881 3534 καὶ
2918 3481 3012 3534 ἀπ’
3037 3481 3216 3534 αὐτῶν
3247 3481 3355 3534 τῶν
3385 3481 3701 3535 ἀποστόλων

2121 3571 2180 3624 ἐν
2210 3572 2276 3640 τῇ
2307 3570 2567 3636 διατάξει,
2596 3570 2704 3624 ἀπὸ
2744 3571 2998 3642 δευτέρας
3030 3570 3316 3624 σαϐϐάτων
3337 3586 3351 3599 ⁸
3383 3572 3526 3643 ὅπερ
3562 3573 3700 3624 ἐστὶν

2121 3661 2433 3732 άγορασμδς
2485 3659 2579 3715 τοῦ
2623 3661 2915 3733 προϐάτου.
2947 3662 3056 3716 Kal
3103 3661 3198 3715 ἐὰν
3246 3662 3346 3733 μὲν
3394 3657 3466 3734 ἦν
3511 3679 3698 3716 τεσσα-

2123 3751 2514 3824 ρεσκαιδεκάτη
2543 3753 2655 3822 (21)
2682 3753 2782 3824 τῆς
2811 3754 3038 3824 σελήνης
3069 3755 3135 3824 τῇ
3168 3752 3400 3826 δευτέρᾳ
3439 3755 3556 3808 τῶν
3586 3754 3702 3806 σαϐ-

2119 3841 2322 3906 ϐάτων,
2355 3843 2516 3913 μέσον
2544 3845 2565 3876 ¹
2598 3844 2792 3912 ἄγεται
2821 3843 2883 3896 τὸ
2929 3843 3074 3914 θῦμα
3105 3842 3199 3896 τοῦ
3249 3843 3535 3914 προϐάτου
3555 3861 3570 3875 ·
3614 3844 3699 3897 ἐάν

2120 3949 2179 3985 τε
2201 3931 2357 4004 τρίτῃ
2387 3931 2694 3987 σαϐϐάτων.
2719 3932 2813 3986 ἐὰν
2843 3933 2898 3985 δὲ
2927 3932 3156 4004 τετάρτη
3181 3933 3494 3999 σαϐϐάτων,
3528 3933 3625 3987 ἐάν
3645 3948 3700 3987 τι

2138 4217 2260 4256 rum
2319 4200 2631 4264 Dominicae.
2692 4204 2807 4256 sive
2860 4201 3005 4255 feriae
3039 4200 3226 4271 prima:
3272 4202 3378 4255 hoc
3429 4205 3558 4258 loco
3601 4218 3699 4258 non

465 4267 697 4353 iaciunt,
745 4267 1124 4353 attriuitierata
1172 4267 1459 4324 Paschalis
1517 4269 1862 4334 celebritate,
1910 4283 2032 4339 qua:
2139 4271 2406 4353 meminit,
2446 4271 2685 4352 quod_ab
2705 4287 2766 4327 ea
2807 4267 3083 4353 nmiquain
3115 4271 3474 4353 Xe_r0pl_ia_gi:e
3508 4273 3700 4328 hebdo-

456 4342 846 4400 hebdomadem
875 4341 1152 4395 terminat.

527 4396 639 4482 (ἐῢ)
685 4410 960 4464 Τουτέστι
1012 4408 1122 4482 τῆς
1165 4406 1460 4482 σελήνηςἶ
1501 4405 1629 4482 licet;
1684 4416 1768 4462 est
1819 4409 2024 4482 glossa,
2062 4396 2107 4452 Ῑ)

456 4476 620 4551 quam
651 4496 713 4551 ex
750 4476 1361 4551 communi‘sententia
1397 4479 1464 4532 ad
1516 4476 2022 4551 Scriptura—locum

460 4546 724 4604 :idtexuit.
753 4549 939 4618 Neque
971 4548 1115 4603 enim
1153 4547 1296 4601 lunae
1321 4546 1611 4618 Scriptura
1642 4549 1746 4618 hoc
1779 4549 1832 4601 in
1865 4564 2025 4618 nego-

465 4621 545 4673 tio
569 4617 985 4680 meminit,’sed
1024 4632 1266 4671 mensem
1301 4617 1567 4671 duntaxat
1603 4617 1867 4672 nominat.
1910 4617 2020 4672 Nos

459 4692 527 4742 de
555 4687 865 4741 Judzeorum
896 4704 1041 4741 anno
1065 4702 1229 4754 supra
1259 4687 1639 4741 disseruimus.

531 4758 644 4827 (2t)
678 4757 920 4827 Καὶ-ἐὰν
941 4756 1058 4824 μὲν
1109 4754 1188 4826 ἦν
1219 4754 1860 4827 τεσσαρεσκαιδεκάτη.
1903 4757 2022 4810 Νοιι

459 4825 624 4884 unius
649 4827 753 4880 diei
797 4825 1100 4886 Paschatis,
1136 4825 1233 4880 sed
1266 4829 1432 4879 totiuxs
1479 4826 1832 4879 hebdomadis
1855 4829 2023 4880 ratio—

459 4914 583 4954 nem
599 4900 759 4952 habet
781 4895 1044 4960 Ecclesia,
1068 4911 1228 4964 quam
1251 4894 1619 4965 Xeraphagiw,
1640 4904 1732 4948 aut
1747 4895 2020 4960 Sanctam,

459 4979 552 5023 aut
586 4967 795 5039 Pascha
827 4970 991 5019 etiam
1033 4965 1396 5039 appellarunt,
1444 4975 1504 5039 ut
1539 4967 1624 5039 ad_
1665 4966 1826 5039 linem
1862 4968 2024 5036 hujus

459 5038 640 5108 operis
673 5037 1013 5108 adnotamns.
1049 5035 1106 5088 Si
1136 5036 1298 5108 igitur
1320 5051 1422 5108 stv
1453 5036 1580 5108 luna
1599 5037 1665 5108 _in
1711 5035 1900 5108 feriam
1922 5035 2026 5108 77se-

457 5106 694 5163 citndam
726 5107 1001 5170 inciderit,
1045 5115 1138 5160 aut
1169 5107 1222 5159 in
1260 5106 1496 5174 reliquos
1530 5106 1879 5160 hebdomadte
1905 5107 2023 5161 dies

459 5178 525 5231 ad
567 5177 862 5231 Sabbatum
895 5191 1090 5246 usque,
1132 5175 1426 5246 hebdomas
1471 5175 1828 5246 XerOphagia:
1881 5177 2024 5231 cele-

461 5249 669 5307 bratur,
717 5258 770 5300 et
805 5263 834 5299 a
883 5245 1014 5298 feria
1063 5245 1303 5300 secunda
1349 5245 1467 5314 ejus
1515 5245 1748 5298 initium'
1782 5246 2019 5300 ducitur.

459 5315 651 5371 Totam
705 5317 842 5370 hunc
879 5317 1266 5386 hebdomadem
1299 5314 1445 5385 θῦμα
1489 5315 1782 5386 προϐάτου,
1819 5326 2021 5370 macta-

463 5391 652 5439 tionem
673 5389 793 5454 agni
815 5393 1112 5454 nuncupat,
1153 5385 1282 5455 quia
1314 5387 1367 5437 in
1405 5385 1668 5455 apparatu
1691 5386 2024 5440 celebritatis

463 5464 519 5524 et
552 5456 936 5510 immolationis
963 5456 1080 5510 dies
1114 5459 1320 5524 aliquot
1355 5469 1383 5508 a
1425 5456 1628 5510 Judaeis
1663 5456 1788 5509 olim
1835 5457 2019 5523 positi:

465 5519 598 5576 Nam
633 5524 792 5592 μέσον
819 5527 1027 5592 ἄγεται,
1063 5534 1121 5577 ιιι
1152 5519 1316 5593 supra
1352 5525 1658 5588 docuimus,
1708 5519 1849 5577 nihil
1875 5527 2023 5579 aliud

464 5603 722 5664 estquam
745 5594 1057 5664 celebratur,
1079 5595 1369 5664 peragitur.
1395 5593 1486 5649 Sic
1518 5596 1652 5648 illud
1671 5593 1829 5648 Joan.
1849 5611 1947 5659 vit,
1966 5598 2020 5659 7,

470 5660 607 5733 "litin
642 5661 695 5714 δὲ
721 5662 817 5730 τῆς
856 5665 1047 5735 ἑορτῆς
1080 5660 1391 5733 μεσούσης,
1429 5667 1598 5734 accipi
1629 5672 1826 5734 potest.
1853 5665 2024 5719 CINC-

2139 4356 2256 4412 mas
2305 4341 2443 4412 inire
2474 4342 2666 4411 possit,
2698 4357 2820 4396 cum
2859 4341 3133 4396 Dominica
3169 4343 3256 4397 die
3299 4342 3560 4412 jejunare
3599 4361 3695 4397 non

2135 4410 2313 4464 liceat.
2344 4411 2408 4463 Et
2446 4410 2626 4465 tamen
2669 4412 2714 4465 si
2745 4411 2798 4465 in
2827 4425 2945 4464 eam
2988 4427 3074 4464 xiv
3108 4411 3250 4466 luna:
3282 4410 3402 4467 dies
3425 4413 3696 4474 inciderit,

2123 4481 2388 4550 postridie
2421 4479 2820 4551 Xerophagiam
2847 4481 3200 4539 inchoabant.
3247 4481 3303 4535 In
3329 4481 3700 4538 Tessarescz‘

2124 4551 2481 4621 decatitarum
2513 4553 2723 4613 [ιλιι-εει,
2747 4566 2866 4618 quae
2882 4564 2962 4605 est
2977 4553 3454 4621 quinquagesima.
3477 4570 3628 4608 num.
3647 4553 3696 4616 Ξ,

2123 4621 2192 4691 de
2217 4620 2412 4675 diebus
2461 4623 2604 4691 agit,
2630 4637 2768 4689 quos
2821 4629 2948 4674 ante
3003 4620 3252 4675 l’aschati
3300 4626 3553 4677 solemne
3598 4635 3698 4677 tam

2123 4689 2318 4755 Judaei,
2353 4689 2520 4761 quani
2568 4690 2864 4745 Christiani
2925 4691 3294 4746 celebrabant.
3332 4691 3701 4761 iteprehendit

2124 4761 2267 4831 enim
2301 4760 2604 4831 hzereticos,
2645 4761 2736 4830 qui
2790 4761 2855 4813 ad
2885 4775 3053 4814 unum
3087 4762 3227 4815 diem
3257 4760 3576 4831 respectum
3608 4763 3697 4814 ha-

2126 4829 2336 4892 berent,
2367 4845 2491 4884 cum
2515 4845 2544 4882 a
2575 4829 2786 4901 deeima
2819 4831 2908 4884 die
2962 4846 3158 4900 agnum
3201 4829 3365 4901 deligi
3397 4833 3700 4886 asservari-

2126 4915 2232 4967 que
2253 4901 2334 4954 lex
2355 4901 2691 4968 praeceperit.
2724 4897 2879 4954 Unde
2902 4897 3139 4969 quinque
3158 4897 3355 4954 abillis
3379 4902 3502 4956 dies
3530 4903 3703 4957 obser-

2126 4970 2240 5022 vari
2269 4970 2590 5023 debuerant.
2628 4969 2700 5025 De
2741 4969 2944 5024 Judaais
2978 4973 3125 5023 enim
3183 4985 3247 5023 ac
3283 4969 3700 5024 .ludaizantibus

2125 5037 2633 5109 Quartadecimanis
2665 5041 2924 5109 loquitur.
2949 5040 3120 5094 Porro
3148 5039 3318 5094 Judaai
3341 5056 3468 5093 cum
3499 5041 3698 5094 decima

2127 5119 2319 5176 quarta
2343 5108 2432 5163 die
2448 5111 2511 5162 ad
2537 5108 2816 5178 vesperam
2832 5108 3039 5164 Pascha
3065 5120 3402 5179 peragerent,
3423 5118 3479 5162 et
3495 5112 3698 5164 decima

2126 5179 2213 5232 die
2241 5193 2440 5248 agnum
2459 5189 2734 5247 caperent,
2759 5196 2789 5230 v
2823 5181 3029 5234 solidos
3060 5181 3176 5234 dies
3203 5181 3451 5248 religioni
3476 5181 3682 5234 Pascha

2129 5251 2199 5302 tis
2229 5249 2618 5320 attribuebant.
2651 5250 2763 5302 Ιιιιο
2791 5265 2918 5303 vero
2949 5265 3072 5302 cum
3119 5259 3352 5320 exeunte
3379 5266 3473 5303 xw
3508 5263 3700 5320 agnum

2129 5319 2492 5380 immolarent,
2546 5321 2767 5374 ineunte
2799 5335 3021 5388 vespera
3052 5335 3118 5372 xv
3151 5317 3332 5386 hujus,
3382 5322 3487 5373 hoc
3527 5317 3612 5374 est
3641 5332 3702 5372 xv

2128 5398 2337 5457 partem
2377 5388 2639 5450 libabant,
2676 5388 2923 5458 adeoque
2951 5405 3004 5441 vt
3035 5390 3152 5443 dies
3179 5390 3574 5444 observabant.
3599 5403 3699 5442 non

2128 5473 2289 5510 uuam
2321 5458 2802 5528 duntaxat.Quare
2835 5474 2933 5512 nos
2959 5474 3022 5511 eo
3063 5459 3204 5528 loco,
3237 5459 3292 5511 id
3322 5469 3404 5512 est
3430 5476 3555 5528 pug.
3579 5458 3694 5519 tit,

2127 5544 2178 5580 v.
2207 5530 2261 5588 2,
2293 5531 2326 5597 η
2359 5527 2496 5595 αὑτὴ
2528 5527 2988 5598 πεντεκαιδεκάτη
3016 5526 3403 5596 ἐπιφώσκουσα
3431 5526 3551 5597 ἰπὸ
3577 5542 3696 5579 τεσ-

2128 5614 2194 5649 σα
2205 5615 2256 5666 pi
2266 5598 2593 5664 excitaexcita
2610 5599 3018 5652 rescribendum
3034 5605 3308 5665 putamus.
3327 5599 3505 5664 Quam
3526 5611 3700 5653 einen-

2127 5667 2400 5720 datiouein
2437 5670 2700 5723 sententia
2733 5669 2846 5736 ipsa
2878 5669 3135 5738 postulat.
