3798 6212
665 245 1035 305 ADVERSUS
1075 245 1416 303 HERESES
1453 248 1582 306 LIB.
1622 248 1710 304 ill.
1753 250 1914 306 TOM.
1953 249 1994 304 1.
2027 280 2098 292 -—
2134 249 2408 306 ΗΕΒΕᾶ
2450 251 2615 308 LXX.
3188 251 3314 307 566.

78 256 166 313 565

79 374 273 440 πέμπτῃ
302 361 595 423 σαϐϐάτων,
636 360 730 414 ὲάν
757 378 816 413 τε
846 361 1235 434 προσαϐϐάτῳ,
1264 363 1357 418 ἐάν
1386 381 1446 416 τε
1474 364 1603 418 σαϐ-

1717 365 2069 422 destinantur.
2122 362 2256 419 Nam
2305 381 2480 434 neque
2541 381 2572 418 a
2612 380 2698 420 xvr
2749 366 2892 422 lunae
2939 366 3060 429 die,
3115 382 3294 439 neque

77 464 217 534 ϐάτῳ,
235 452 334 507 τῶν
350 451 407 514 ἒξ
427 449 644 521 ἡμερῶν
661 448 797 519 πρὸς
812 448 910 520 τὴν
921 449 1174 521 τοιαύτην
1192 449 1444 505 ὑπόθεσιν
1460 453 1607 522 ἑχου‹

1719 470 1832 511 arx
1880 456 2222 527 xerophagize
2254 470 2318 510 ac
2362 455 2664 521 Paschalis,
2712 456 3125 534 hebdomadem,
3173 475 3296 529 quae

80 553 166 605 ὠν
202 547 292 617 τὴν
324 544 600 613 διοίκησιν.
633 539 772 594 οὔτε
820 540 930 612 γάρ
968 541 1025 606 ἐξ
1059 543 1455 614 ἑκκαιδεκάτης
1502 545 1607 618 (22]

1717 557 1907 603 sancta
1937 548 2160 612 dicitur,
2213 547 2472 602 inchoare
2505 563 2837 618 possumus;
2864 547 2956 602 sed
2990 563 3020 601 a
3060 565 3092 602 x
3124 549 3187 604 ad
3226 550 3292 604 il-

75 635 328 708 δυνάμεθα,
343 633 463 688 οὔτε
478 631 586 685 ἀπὸ
601 631 794 701 ἐνάτης
809 631 1038 703 σελήνης
1053 632 1327 704 δυνάμεθα
1348 635 1607 707 ἄρξασθαι

1718 640 2089 696 lucescentem
2124 655 2298 711 usque
2327 656 2418 704 xv,
2458 655 2580 710 qua:
2624 647 2710 695 est
2751 639 2890 696 duos
2921 640 3064 695 inter
3097 658 3293 698 cursus

77 733 152 800 τῆς
163 725 428 796 ἐΰδομάδος
451 723 550 794 τῆς
568 722 936 797 Ξηροφαγίας,
961 725 1052 776 καὶ
1069 725 1260 797 Πάσχα
1276 727 1607 799 καλουμένης

1717 731 1857 787 lucis
1897 747 1966 787 ac
2007 732 2187 788 noctis
2234 722 2736 804 interiectaf825
2767 731 2843 786 lta
2873 748 2963 786 xiv
2995 734 3138 788 lunae
3177 735 3293 789 die-

76 820 238 889 ἁγίας,
280 813 410 868 ἀλλὰ
446 811 556 866 άπὸ
592 811 824 882 δεκάτης
876 812 979 877 ἕως
1026 814 1446 888 ὲπιφωσκούσης
1484 833 1607 873 πεν.

1717 835 1838 876 rum
1889 821 1979 876 ille
2025 822 2142 892 ipse
2184 837 2448 878 numerus
2497 822 2853 890 observatur;
2910 825 3126 880 tametsi
3167 825 3293 880 illu-

77 905 462 976 τεκαιδεκάτης,
524 901 866 974 μεσαζούσης
908 903 1018 956 τῶν
1062 903 1158 957 δύο
1212 907 1427 979 δρόμων
1477 908 1607 979 (ἳὸι,

1717 922 2023 970 cescentem
2069 929 2287 985 quoque
2319 931 2387 969 xv
2423 930 2532 970 una
2573 915 2998 986 comprehendat
3032 934 3044 970 :
3076 925 3295 986 pr0pter

75 1001 234 1062 νυκτός
262 1015 315 1050 τε
344 996 435 1049 καὶ
466 995 679 1067 ἡμέρας
698 1011 712 1025 °
753 996 844 1049 καὶ
876 998 1490 1071 συναναλαμϐανομένου
1519 999 1607 1053 τοῦ

1730 1016 1784 1062 ει
1814 1015 2064 1061 exactam
2097 1007 2290 1062 solaris
2316 1022 2512 1063 cursus
2542 1008 2612 1062 ab
2646 1007 2974 1078 aequinoctio
2999 1008 3296 1079 rationem,

74 1091 218 1147 αὐτῶν
247 1088 351 1160 (24)
383 1085 612 1158 ἀριθμοῦ
648 1085 756 1139 τῶν
791 1087 1206 1160 δεκατεσσάρων
1251 1092 1474 1164 ήμερῶν
1513 1091 1607 1162 τῆς

1725 1105 1779 1154 ει
1809 1098 2018 1152 lunaris
2059 1098 2282 1168 perinde
2323 1113 2539 1162 cursus,
2590 1098 2661 1154 ob
2701 1101 2822 1168 ejus
2857 1114 2970 1163 xiv,
3019 1113 3082 1152 ac
3123 1098 3295 1168 plena:

76 1185 287 1254 σελήνης,
317 1178 414 1233 κᾶν
441 1196 496 1232 τε
529 1179 881 1251 παράπτηται
917 1183 995 1242 εἰς
1037 1182 1334 1251 ὲπίφαυσιν
1364 1185 1462 1256 τῆς
1490 1201 1607 1238 πεν-

1717 1189 1937 1259 insuper
1991 1191 2379 1258 hebdomadis,
2424 1190 2718 1246 Dominicaa
2759 1191 2866 1247 diei
2917 1192 3089 1263 gratia
3133 1202 3293 1247 :tum

73 1274 434 1344 τεκαιδεκάτης,
473 1271 559 1325 διὰ
605 1271 703 1342 τὴν
736 1272 793 1338 ἐξ
839 1273 1082 1346 ἀνάγκης
1110 1275 1394 1346 ἀκρίϐειαν
1421 1276 1514 1330 τοῦ
1551 1294 1607 1330 τε

1717 1298 1841 1337 vero
1878 1290 1935 1336 ut
1967 1297 1996 1336 a
2031 1299 2063 1336 x
2093 1281 2237 1336 luna:
2263 1283 2352 1337 die
2383 1283 2706 1338 numerandi
2740 1283 3008 1339 ducamus
3041 1283 3289 1348 initium,

75 1367 260 1442 ἡλιακοῦ
289 1366 483 1437 δρόμου
532 1365 670 1434 μετὰ
706 1364 801 1435 τὴν
837 1367 1148 1438 ἰσημερίαν,
1184 1370 1278 1422 καὶ
1315 1368 1409 1422 τοῦ
1455 1369 1607 1441 σελη-

1717 1387 1833 1442 quae
1852 1381 1936 1428 est
1966 1372 2090 1442 agni
2117 1372 2386 1440 delectus,
2418 1383 2472 1428 et
2497 1373 2736 1428 nominis
2759 1372 2890 1429 Jesu
2916 1374 3094 1430 littera
3118 1373 3290 1444 prior,

74 1455 229 1521 γιακοῦ
287 1453 483 1523 δρόμου
539 1451 629 1506 διὰ
686 1452 782 1524 τὴν
837 1457 1456 1528 τεσσαρεσκαιδεκάτην,
1513 1459 1607 1512 καὶ

1717 1465 1970 1534 quoniam
1999 1463 2221 1534 quidem
2252 1465 2427 1534 ipsius
2468 1464 2712 1530 nomine,
2752 1465 2845 1535 qui
2879 1465 2998 1536 ejus
3034 1464 3292 1521 similitu-

75 1549 152 1618 τῆς
193 1545 470 1615 ἑϐδομάδος
520 1543 759 1616 πλήρους
793 1545 879 1598 διά
912 1546 1010 1617 τὴν
1053 1547 1356 1619 Κυριακὴν,
1392 1550 1484 1602 καὶ
1518 1549 1607 1604 τὸν

1717 1557 1892 1612 dinem
1936 1555 2165 1612 referret
2198 1570 2392 1627 agnus,
2436 1556 2558 1627 capi
2607 1557 2839 1621 solebat,
2895 1572 2925 1610 a
2975 1573 3005 1612 x
3040 1557 3181 1612 luna:
3205 1556 3293 1613 die

77 1640 160 1693 ἀπὸ
197 1637 412 1707 δεκάτης
473 1635 685 1707 ἡμέρας
734 1636 960 1708 σελήνης
1017 1637 1270 1709 ἀριθμὸν,
1317 1641 1440 1710 ἥτις
1485 1640 1604 1692 ἐστὶ

1717 1645 1814 1702 Ιιοε
1839 1645 1998 1699 modo
2021 1644 2387 1715 praescriptus.
2406 1644 2474 1698 At
2491 1660 2664 1716 neque
2683 1646 3036 1702 illucescente
3054 1662 3166 1712 xvi,
3191 1661 3290 1701 ne-

77 1730 297 1800 σύλληψις
343 1728 436 1782 τοῦ
491 1729 804 1801 προϐάτου,
850 1729 944 1782 καὶ
987 1730 1302 1801 άκροστιχὶς
1346 1729 1440 1784 τοῦ
1497 1731 1607 1784 ὀνό·

1717 1749 1820 1805 que
1847 1735 1916 1788 ab
1949 1750 2000 1788 ιχ
2023 1713 2174 1788 lunae
2203 1733 2310 1799 die,
2340 1741 2433 1787 aut
2456 1713 2669 1788 initium
2695 1741 2941 1804 repetere
2971 1749 3287 1805 possumus,

79 1841 214 1896 ματος
261 1821 348 1875 τοῦ
399 1821 604 1890 Ἰησοῦ·
640 1819 826 1890 ἐπειδὴ
877 1821 954 1891 τῷ
1013 1822 1236 1893 ὀνόματι
1299 1822 1464 1877 αὐτοῦ
1526 1824 1607 1876 dv-

1717 1831 1808 1878 aut
1853 1824 2013 1880 ﬁnem
2053 1831 2314 1879 statuere.
2350 1823 2564 1879 Etenim
2622 1825 2749 1878 anni
2812 1825 2967 1888 solis,
3015 1840 3079 1881 ac
3121 1827 3286 1891 luna.

75 1919 260 1970 τίτυπον
297 1912 457 1968 αὑτοῦ
502 1913 774 1984 πρόϐατον
810 1913 1173 1984 ἐλαμϐάνετο,
1220 1914 1331 1967 ἀπὸ
1376 1915 1607 1987 δεκάτης

1717 1932 1836 1970 cum
1870 1916 1940 1971 ob
1968 1914 2302 1972 dissidentes
2329 1923 2520 1970 mutuo
2545 1931 2739 1970 cursus
2765 1915 3008 1973 vicissim
3042 1931 3162 1974 sese
3189 1932 3289 1972 su-

75 2011 217 2074 οὖτως
253 2007 563 2079 ὁριζόμενον
587 2023 600 2036 ο
639 2004 822 2058 οὐκέτι
860 2005 916 2058 δὲ
961 2006 1384 2079 ὲπιφωσκούσης
1430 2008 1607 2062 ἑκκαι‹

1717 2013 1923 2076 perent,
1983 2003 2414 2074 inaequalitatem
2467 2003 2614 2057 illam
2661 2003 2896 2060 alierunt
2927 2023 2940 2058 :
2974 2020 3084 2059 non
3140 2005 3287 2076 quod

77 2102 290 2171 δεκάτης,
339 2097 461 2152 οὔτε
496 2097 603 2150 άπὸ
655 2097 874 2151 ὲννάτου
925 2097 1150 2169 σελήνης
1200 2098 1476 2170 δυνάμεθα
1511 2100 1607 2172 τὴν

1717 2097 1916 2168 aliquid
1951 2113 1981 2152 a
2011 2096 2143 2165 Deo,
2175 2095 2318 2168 quod
2365 2096 2720 2154 oﬂ‘ensionem
2765 2098 2982 2165 habeat,
3020 2100 3289 2156 constitu-

77 2191 218 2262 ἀρχὴν
257 2189 413 2258 ἔχειν,
452 2188 489 2258 ἢ
533 2187 593 2241 τὸ
623 2187 795 2250 τέλος.
825 2189 890 2242 0i
917 2187 1024 2260 γὰρ
1055 2189 1312 2254 ἐνιαυτοὶ,
1341 2190 1607 2263 ἀνθυπερ-

1717 2195 1826 2242 ιιιιιι
1861 2186 2046 2256 fuerit,
2079 2187 2174 2244 sed
2204 2187 2351 2258 quod
2379 2188 2448 2242 ab
2472 2203 2538 2243 eo
2576 2189 2758 2258 potius
2782 2197 3042 2244 accurata
3069 2190 3176 2246 ista
3207 2207 3288 2248 ra-

131 2320 226 2388 (22)
259 2320 541 2391 Οὔτείγάρ
567 2317 1112 2391 ἐξᾼὲλικαιδεκὰτης.
1157 2318 1387 2374 Multum
1432 2321 1610 2391 implic

77 2399 203 2443 ratus
221 2406 278 2460 ac
296 2390 608 2443 salebrosus
642 2389 730 2443 hic
758 2389 909 2444 locus
945 2396 1058 2455 est;
1101 2391 1402 2460 quinetiam
1439 2389 1606 2460 supe-

79 2460 182 2514 nori
226 2459 1192 2530 doctrina:nconsentaneusividet’nr
1227 2477 1239 2512 :
1272 2475 1380 2530 qua
1419 2459 1610 2516 delini-

79 2539 167 2584 ιιιιιι
188 2537 282 2593 est,
305 2531 350 2584 si
373 2530 426 2583 in
464 2528 703 2598 aliquam
750 2543 781 2583 e
824 2544 922 2584 sex
950 2528 1304 2598 hebdomadae
1332 2529 1482 2584 feriis
1514 2547 1606 2586 xlv

78 2602 179 2654 luna
199 2600 464 2670 ceciderit,
498 2596 914 2670 _hebdomadem
959 2596 1320 2670 Xerophagia:
1354 2601 1494 2670 inire
1539 2604 1608 2657 ab

79 2670 276 2724 secunda
311 2669 460 2723 feria.
497 2666 789 2737 Fingamus
824 2669 1006 2737 itaque
1042 2666 1346 2724 lunam'xiv
1377 2670 1430 2724 in
1466 2668 1607 2725 Sab-

80 2740 228 2809 batum
251 2739 526 2809 incurrere
553 2755 565 2790 :
595 2738 816 2809 incipiet
838 2737 1212 2809 xerophagiw,
1239 2740 1354 2795 sive
1377 2738 1610 2794 Pascha-

81 2810 134 2863 tis
165 2808 436 2864 hebdomas
472 2808 542 2863 ab
573 2807 847 2862 anteriore
877 2806 1010 2862 feria
1062 2806 1123 2871 η’,
1155 2816 1217 2860 ιιι
1246 2809 1454 2863 dictum
1497 2818 1603 2866 est.

80 2879 212 2949 Atqui
235 2878 484 2949 haacipsa
514 2894 567 2932 ιι
595 2885 683 2949 est
715 2878 863 2949 luna,
893 2893 1003 2931 non
1033 2895 1088 2932 x.
1120 2875 1328 2944 Quodsi
1376 2888 1434 2933 ut
1465 2877 1604 2935 Sca-

83 2947 238 3016 ligero,
266 2947 522 3012 Calvisio,
555 2947 787 3016 aliisque
821 2947 995 3002 visum
1036 2956 1141 3009 est,
1189 2949 1615 3004 diﬂ'undendum'

83 3019 140 3070 sit
166 3017 500 3089 Xerophagize
532 3018 839 3089 ini_tiuin_in
870 3017 1057 3072 feriam
1094 3034 1130 3072 ιι
1160 3019 1383 3089 alterius
1407 3019 1606 3074 hebdo-

85 3089 242 3152 madis,
285 3087 578 3159 itidemque
612 3087 822 3159 Pascha
851 3101 879 3140 a
911 3089 1037 3141 luna
1079 3105 1149 3159 xv
1182 3088 1236 3142 in
1272 3104 1383 3143 χιιι
1421 3096 1606 3159 trans-

85 3159 342 3219 ferendum.
372 3157 720 3228 Xerophagia
741 3172 773 3212 a
793 3171 884 3211 xvt
917 3159 1046 3228 Luna
1076 3157 1386 3214 inchoanda
1420 3158 1602 3224 fuerit,

83 3228 198 3295 quod
244 3227 537 3298 legitimum
580 3227 702 3284 esse
730 3235 894 3298 negat
921 3227 1277 3298 Epiphanius.
1307 3229 1490 3296 Quare
1515 3231 1604 3284 vix

83 3306 147 3370 est
174 3297 510 3370 utiexpedire
530 3313 632 3353 nos
662 3313 728 3352 ex
779 3297 1104 3370 hislaqueis
1150 3301 1444 3370 possimus.
1478 3299 1606 3354 Sive

83 3367 198 3441 enim
222 3367 581 3441 Xerophagiar
612 3370 781 3441 prima
830 3367 948 3441 dies
982 3370 1043 3441 in
1078 3367 1166 3422 illa
1200 3370 1498 3441 hypothesi
1535 3371 1604 3425 sit

85 3436 190 3490 feria
227 3436 486 3501 secunda,
536 3436 627 3492 ab_
659 3440 786 3491 luna
825 3454 879 3491 ix
910 3436 1304 3494 hebdomadeiri
1356 3448 1604 3494 sanctam

84 3507 470 3576 auspicabimur;
499 3512 616 3563 sive
651 3509 704 3561 in
732 3517 1047 3576 sequentem
1085 3509 1274 3562 feriam
1307 3510 1604 3564 secundam

84 3578 320 3632 differatur
347 3579 493 3633 illius
521 3579 757 3641 initium,
795 3581 850 3632 in
888 3579 1066 3632 lunam
1105 3595 1193 3633 xvi
1236 3578 1459 3635 incidet.
1493 3577 1608 3632 Hae-

85 3648 223 3701 simus
250 3648 330 3701 bic
358 3648 699 3718 aliquandiu,
731 3648 906 3702 donec
939 3657 1141 3702 certam
1165 3648 1308 3702 viam
1337 3663 1402 3703 ac
1433 3650 1604 3702 ratio-

86 3732 180 3770 nem
214 3718 530 3784 invenimus,
558 3733 675 3788 qua
706 3718 987 3771 conciliari
1017 3718 1129 3772 haec
1158 3719 1299 3772 inter
1333 3734 1392 3774 se
1433 3719 1607 3788 expli-

85 3788 264 3856 carique
289 3797 528 3858 possent.
556 3788 671 3858 Hoc
697 3788 864 3858 igitur
895 3788 962 3842 ad
1007 3804 1131 3842 eum
1173 3788 1374 3841 nodum
1406 3788 1608 3858 dissol-

85 3857 549 3913 vendumoccurrit
577 3877 591 3912 :
619 3857 952 3928 Epiphanius
982 3859 1162 3912 lunam
1191 3858 1460 3982 ήμεεινὴν
1493 3857 1603 3912 ἀπὸ

86 3929 354 3982 νυκτερινῆς
378 3929 691 3982 discernere
737 3929 896 3982 solet.
931 3936 1009 3980 ἰιι
1053 3929 1108 3981 in
1138 3928 1269 3982 har.
1326 3928 1392 3982 'l.
1427 3945 1483 3981 ιι.
1513 3928 1603 3982 26.

86 3929 354 3998 νυκτερινῆς
378 3929 691 3985 discernere
737 3929 896 3990 solet,
931 3936 1009 3980 ‘ut
1053 3929 1108 3981 in
1138 3928 1269 3984 har.
1304 3928 1483 3998 δίνη.
1513 3928 1603 3998 26.

87 3993 460 4069 h‘atuillic'quae
502 3998 812 4068 νυκτερινὴ,
847 3999 1079 4069 exempli
1131 4013 1302 4069 causa
1345 3997 1605 4069 ἑνδεκάτη

89 4065 245 4130 fuerat,
273 4065 512 4140 seq—uenti
553 4065 682 4140 luce
705 4065 937 4140 ἡμερινὴ
962 4065 1238 4137 δωδεκάτη
1273 4067 1478 4121 dicitur
1511 4084 1524 4120 :
1552 4065 1606 4122 et

87 4150 180 4202 quze
205 4137 952 4225 ἡμεριεήλδωδεκάτηιιιεῖιυιί,
972 4148 1094 4206 post
1111 4152 1390 4260 vels‘peram
1415 4154 1607 4194 νυκτε-

91 4209 182 4260 ρινὴ
202 4210 606 4260 τρισκαιδεκάτῃ
627 4207 898 4260 nominari
926 4208 1135 4260 incinit.
1216 4221 1302 4260 am
1321 4221 1351 4260 a
1381 4222 1607 4260 vesnera

91 4209 184 4278 ρινὴ
202 4207 608 4278 τρισκαιδεκάτη
627 4207 898 4278 nominari
926 4208 1135 4278 incipit.
1167 4207 1302 4260 Nam
1321 4221 1351 4260 a
1381 4222 1607 4276 vespera

89 4273 200 4328 diem
215 4273 381 4335 exorsi
417 4288 548 4335 sunt
573 4273 743 4332 Iudaei
764 4296 776 4331 :
799 4276 920 4332 ideo
952 4273 1105 4345 prius
1140 4273 1606 4346 nocturna,quam

90 4347 245 4401 diurna
293 4351 414 4403 luna
464 4356 738 4418 censetur.
759 4347 1127 4412 Quamobrem
1155 4347 1258 4402 etsi
1291 4346 1608 4418 νυκτερινῆς

92 4421 219 4483 atque
239 4419 492 4490 ἡμερινῆς
511 4417 772 4490 vocabula
796 4432 902 4490 non
927 4418 1282 4490 expresserit,
1303 4416 1609 4488 όμωνύμως

93 4499 196 4558 usus
229 4485 428 4544 videtur
448 4485 689 4558 ’σελήνης
721 4485 1013 4558 vocabulo;
1035 4485 1173 4558 Nam
1228 4485 1352 4558 cum
1393 4485 1554 4558 negat
1583 4501 1613 4538 a

95 4568 136 4607 ιι
149 4556 253 4610 luna
264 4555 610 4628 Xerophagiaa
628 4555 1188 4628 principinmdeduci,
1213 4555 1306 4610 sed
1330 4571 1361 4628 a
1379 4555 1610 4620 decima,

95 4639 146 4676 ne
180 4628 270 4697 sibi
314 4626 773 4697 contrariusipse
807 4626 901 4688 sit.
927 4626 1000 4697 de
1027 4626 1609 4697 vuxreptvﬁinterpre-

94 4694 252 4768 tandns
281 4705 377 4754 est.
408 4694 713 4768 Nunquam,
751 4699 894 4752 enim
926 4694 1204 4768 Paschalis
1253 4694 1550 4768 hebdomas
1582 4711 1611 4748 a

96 4762 200 4818 feria
224 4770 446 4824 secunda
469 4762 718 4823 inchoari
746 4773 946 4837 potest,
981 4781 1100 4836 qua:
1131 4767 1203 4821 sit
1231 4767 1392 4837 ἐνάτη
1427 4782 1613 4819 νυκτε-

99 4837 188 4912 ρινή
229 4848 287 4912 ει
322 4840 555 4912 ήμερινὴ
606 4836 787 4912 ῥηίδόη.
818 4836 1021 4912 βοηιτιι
1049 4853 1200 4912 _vero
1253 4836 1389 4912 cum;
1430 4852 1461 4891 a
1522 4851 1608 4890 xvi

98 4907 196 4958 luna
247 4906 477 4977 ejusdem
535 4906 888 4964 hebdomadis
945 4906 1159 4964 initium
1216 4906 1388 4976 repeti
1454 4914 1612 4975 negat

97 4981 438 5051 posse,_lunam
469 4980 738 5051 ήμερινήν
765 4977 1034 5051 intelligit,
1056 4992 1190 5051 qua:
1220 4977 1291 5051 sit
1325 4977 1608 5051 νυκτερινὴ

97 5057 197 5098 xrn.
219 5049 334 5102 Nam
367 5051 421 5104 in
453 5047 740 5120 superiore
764 5049 854 5103 illa
883 5047 1188 5120 hypothesi,
1223 5049 1283 5120 in
1315 5061 1452 5120 qua
1480 5049 1610 5099 luna

99 5127 167 5188 ιιι*
204 5121 251 5173 in
288 5115 578 5175 Sabbatuin
619 5121 892 5184 convenit,
925 5115 1283 5188 Xeropliagia:
1315 5115 1610 5188 hebdomas

101 5185 176 5235 init
217 5203 243 5240 a
282 5191 406 5244 feria
450 5207 485 5245 ιι
531 5188 825 5252 anteriore,
866 5203 987 5256 quae
1034 5185 1120 5244 est
1158 5185 1388 5257 ἡμερινὴ
1421 5185 1606 5256 ἐνάτη.

100 5261 336 5330 νυκτερινὴ
388 5260 687 5329 δωδεκάτη.
744 5257 950 5324 Quodsi
1005 5274 1094 5312 xiv
1147 5256 1269 5310 luna
1319 5256 1610 5330 Dominicae

102 5328 354 5392 miiveiiiat,
381 5331 630 5401 sequenti
657 5328 772 5401 die,
809 5344 930 5398 quae
960 5337 1044 5401 est
1078 5330 1202 5401 luna
1243 5343 1310 5401 xv
1348 5328 1607 5397 ἡμερινή,

101 5402 413 5480 ςιγυκτερινή
444 5397 560 5463 xvi,
595 5400 806 5480 initium
830 5397 943 5480 erit
976 5397 1334 5453 hebdomadis
1383 5405 1604 5480 sant-tm.

104 5461 232 5523 Vides
257 5461 743 5538 igitnr'necessario
792 5471 847 5523 in
903 5471 1028 5522 luna
1076 5484 1131 5522 Ix
1176 5467 1515 5538 νυκτερινήν,
1554 5467 1608 5520 in

106 5542 458 5612 IVI_1‘;;J.sptvﬁv
497 5539 867 5612 accipiendam
905 5553 1046 5612 esse.
1080 5538 1138 5612 In
1159 5553 1276 5612 quo
1310 5538 1442 5591 illud
1493 5538 1610 5612 an_i-

107 5607 526 5668 iuadverteudum:
561 5607 684 5665 licet
730 5610 784 5663 in
834 5609 1024 5664 hreresi
1059 5610 1117 5662 5|
1158 5610 1232 5661 ita
1295 5607 1608 5678 νυκτερινῆς

106 5680 146 5724 οι
177 5679 409 5754 ἡμερινῆς
460 5681 720 5736 vocabula
760 5681 1076 5751 sumpserit,
1130 5687 1188 5733 ιιι
1241 5693 1269 5732 a
1317 5681 1605 5758 νυκτερινῇ

1640 4391 1687 4448 D

1711 2338 1927 2393 semper
1947 2322 2223 2389 ordiatur;
2246 2321 2694 2394 actametsiluna
2709 2323 2947 2394 ήμερινή
2970 2337 3000 2376 a
3024 2335 3289 2394 sequente

1714 2395 2002 2464 νυκτερινῇ
2053 2407 2333 2464 nunquam
2385 2393 2706 2464 appelletur,
2734 2393 3078 2464 bocfin'loco
3103 2393 3283 2451 tamen
3345 2405 3348 2412 '

1709 2462 2073 2537 Epiphaninm
2114 2463 2230 2518 sive
2257 2462 2634 2537 errore,'sivei
2654 2462 2722 2517 de
2765 2462 3035 2537 industria
3089 2466 3286 2537 ἐνάτην

1713 2535 1863 2587 illam
1899 2548 2116 2607 vocare,
2149 2547 2270 2607 qua:
2294 2533 2374 2607 sit
2388 2541 2578 2586 octava
2611 2533 2869 2607 mpm),
2901 2543 2957 2588 et
2992 2534 3065 2607 _in
3089 2533 3286 2607 ἐνάτην

1710 2604 2032 2673 νυκτερινήν
2049 2602 2282 2659 desinat.
2297 2602 2378 2656 Ad
2395 2602 2684 2673 summam,
2703 2602 3060 2673 hebdomadis
3082 2602 3286 2660 sancta:

1709 2671 1890 2743 prima
1920 2671 2037 2728 dies
2064 2689 2095 2726 a
2135 2673 2264 2727 luna
2310 2686 2367 2726 Ix
2420 2671 2643 2743 diurna,
2685 2672 2754 2727 ad
2803 2689 2870 2727 xv
2915 2672 3166 2728 diurnam
3201 2676 3286 2729 in-

1708 2739 1893 2797 choari
1929 2750 2138 2812 potest;
2159 2749 2274 2808 aut,
2291 2739 2437 2812 quod
2459 2741 2598 2798 idem
2612 2752 2715 2806 est,
2731 2756 2761 2796 a
2780 2744 2907 2797 luna
2935 2759 2964 2812 ιι
2991 2751 3282 2808 nocturna,

1709 2812 1777 2866 ad
1810 2811 2137 2866 nocturnam
2169 2829 2278 2866 xvi.
2312 2811 2444 2877 Quae
2472 2825 2637 2867 causa
2659 2813 2890 2868 fortasse
2932 2811 3052 2877 fuit,
3081 2827 3183 2868 cur
3206 2815 3284 2868 ita

1707 2883 2039 2953 conciperet,
2087 2883 2196 2953 άπὸ
2223 2881 2472 2953 δεκάτης,
2507 2881 2611 2946 ἕως
2643 2882 3064 2953 ὲπιφωσκοῠσης
3099 2901 3286 2937 πεντε-

1710 2949 2055 3025 καιδεκάτης.
2086 2949 2192 3025 Alibi
2219 2949 2634 3022 ὲπιφὼσκουσαν
2669 2949 2778 3005 non
2817 2952 2936 3025 jam
2965 2949 3286 3023 simpliciter

1633 3043 1677 3106 α
1709 3023 2057 3106 accipio,_p'ro
2077 3023 2306 3083 ineunte,
2333 3031 2620 3106 appetente.
2639 3028 2732 3106 aut
2752 3023 2902 3106 ut‘ad
2926 3023 3067 3106 luna:
3084 3025 3281 3106 lucem,

1709 3092 1842 3163 qua!
1865 3093 1969 3163 sub
2014 3106 2293 3163 vesperam
2316 3094 2537 3163 moritur,
2562 3092 2850 3163 pertineat,
2885 3093 2977 3147 sed
3017 3108 3113 3162 pro
3141 3095 3282 3163 ήμε-

1711 3159 1854 3234 ῥινῇ.
1901 3160 2038 3234 Nam
2068 3159 2195 3234 cum
2221 3161 2356 3234 dicit
2385 3161 2492 3214 ἀπὸ
2519 3159 2772 3234 δεκάτης,
2806 3176 2906 3234 nec
2937 3159 3282 3234 ἐπιφωσκούτ

1709 3231 1830 3304 στι(
1866 3231 2084 3311 adjecit,
2121 3231 2425 3311 signiﬁcat
2481 3245 2591 3311 non
2653 3231 2802 3311 illam
2853 3231 3147 3311 diurnam”
3185 3233 3282 3311 sed

1706 3299 2031 3357 nocturnam
2056 3299 2481 3373 intelligendam.
2501 3299 2580 3373 Ac
2601 3301 3032 3373 meritoividetur
3053 3301 3283 3373 Epipha-

1707 3374 1834 3445 nius
1864 3373 2109 3445 primam
2127 3369 2483 3445 Xerophagiaa
2509 3369 2652 3445 diem
2681 3370 2914 3445 δεκάτην
2959 3369 3282 3445 νυκτερινήν

1706 3438 1932 3507 fecisse;
1967 3441 2113 3511 quod
2149 3438 2355 3495 functio
2382 3438 2499 3512 ipsa
2534 3438 2922 3512 xerophagiaa,
2964 3442 3017 3496 id
3047 3438 3140 3498 εει
3170 3438 3282 3498 ari-

1706 3513 1896 3566 dorum
1941 3507 2091 3576 eius,
2145 3517 2378 3581 exeunte
2403 3507 2564 3581 liam“
2595 3507 2701 3564 die'
2733 3507 2817 3563 ac'
2844 3512 2948 3567 sub
2996 3527 3280 3581 vesperam

1709 3588 2089 3652 usurparetur,
2115 3579 2473 3652 commodum
2506 3579 2867 3652 illucescente
2899 3597 2935 3652 ις
2951 3579 3114 3652 iiuna.

1779 3648 1891 3723 (23)
1931 3649 2325 3723 Μεσαζούᾳης
2350 3649 2469 3723 τῷν
2495 3648 2614 3723 δύο
2631 3648 2880 3723 δρόμων.
2919 3649 3049 3723 Mira
3076 3661 3160 3706 est
3182 3650 3282 3723 ho-

1708 3717 1829 3776 ruin
1867 3717 2155 3776 verborum
2193 3719 2524 3790 obscuritas.
2570 3717 2704 3790 Nam
2749 3719 2851 3774 hoc
2894 3722 3070 3790 prima
3099 3722 3282 3790 specie

1707 3801 1927 3856 sonant,
1962 3791 2107 3861 quod
2139 3806 2205 3844 ne
2229 3789 2456 3861 intelligi
2491 3789 2710 3861 quidem
2738 3789 2915 3861 potest
2939 3809 2952 3845 :
2979 3807 3045 3861 xv
3071 3789 3279 3855 lunam,

1709 3864 1790 3917 vel
1817 3877 1940 3915 cum
1968 3858 2032 3916 ea
2068 3861 2354 3920 decimam,
2381 3858 2523 3915 inter
2548 3860 2656 3914 dno
2688 3858 2865 3914 noctis
2918 3875 2982 3915 ac
3015 3860 3120 3914 diei
3151 3876 3281 3915 cur-

1707 3932 1880 3986 ricula
1927 3931 2481 4001 interceptamesse;
2523 3938 2618 4001 aut
2661 3937 2813 3985 certe
2847 3929 2908 3984 τὸ
2943 3931 3281 4001 νυχθήμερον

1707 4003 1850 4056 ἱιιιει·
1871 4001 2031 4065 duos,
2060 3998 2194 4057 solis
2223 3998 2476 4055 videlicet
2504 4014 2568 4053 ac
2599 4000 2758 4063 lume,
2790 4015 2986 4056 cursus
3010 3998 3276 4069 i'nt'e'rjici.

1708 4071 1839 4138 Quae
1865 4073 2049 4126 nullus
2080 4070 2322 4138 OEdipus
2350 4069 2606 4139 divinare
2639 4069 2832 4138 possit.
2861 4070 2973 4124 Nos
2999 4085 3096 4139 pro
3123 4085 3189 4124 eo
3214 4085 3280 4124 ac

1709 4143 1990 4210 superiora
2019 4138 2361 4210 interpretati
2380 4155 2623 4210 sumus,
2649 4138 3011 4210 μεσαζούσης
3029 4141 3130 4194 hoc
3158 4140 3280 4194 loco

1708 4208 1819 4266 non
1850 4208 2196 4280 interiectum
2225 4208 2507 4280 quiddam,
2538 4209 2632 4264 sed
2664 4208 3178 4280 labentem'npctem
3215 4223 3281 4280 ac

1709 4281 1852 4336 diem
1877 4277 2198 4355 accipimus.
2221 4277 2594 4355 Constitutum
2620 4279 2766 4355 enim
2790 4287 2965 4355 est_ex
2988 4277 3294 4355 Epiphanii.

1712 4345 2015 4412 sententia;
2033 4348 2423 4418 hebdomadem
2453 4345 2810 4418 Xerophagite
2832 4363 2862 4402 a
2886 4348 3014 4402 luna
3036 4345 3070 4401 x
3093 4345 3282 4402 νυκτεὲ

1717 4420 2186 4492 ptvﬁiordiendam
2217 4433 2364 4492 esse,
2404 4417 2481 4472 ita
2521 4425 2580 4471 ut
2606 4417 2834 4492 ’citimus
2869 4418 2990 4492 ejus
3013 4419 3280 4492 ierminus

1714 4487 1784 4545 {sit
1810 4487 1927 4545 dies
1955 4491 2070 4554 illa,
2100 4488 2259 4557 cujus
2284 4489 2339 4542 in
2378 4494 2540 4559 nocte
2567 4501 2600 4541 x
2625 4487 2768 4559 lunae
2793 4487 3122 4559 principium
3146 4495 3231 4544 est
3260 4507 3275 4544 :

1713 4561 2116 4617 remotissimus
2148 4573 2277 4630 vero
2313 4557 2596 4630 terminus
2637 4559 2709 4630 sit
2748 4557 2893 4630 lu’na
2917 4575 2984 4612 xv
3019 4559 3276 4630 ήμερινή.

1717 4631 1900 4702 Itaque
1925 4631 2164 4702 spatium
2189 4628 2351 4702 illud,
2389 4627 2536 4702 quod
2575 4628 2932 4702 hebdomadis
2963 4627 3280 4698 cap’ut'per-

1712 4699 1908 4765 currit,
1933 4699 1976 4755 a‘
1996 4707 2160 4755 nocte
2188 4699 2400 4769 incipit.
2437 4699 2542 4769 hoc
2571 4705 2657 4754 est
2695 4713 2725 4752 a
2761 4699 2888 4753 luna
2923 4715 2954 4752 x
2985 4707 3277 4769 nocturna,

1711 4779 1766 4825 et
1791 4771 1880 4826 die
1905 4771 2249 4831 terminatur,
2301 4767 2493 4837 nempe
2532 4768 2657 4822 luna
2695 4769 2892 4824 diurna
2919 4784 3008 4823 xv.
3045 4767 3279 4824 Proinde

1714 4857 1820 4894 nox
1847 4849 1902 4896 ct
1930 4840 2049 4895 dies
2071 4838 2476 4909 impenduntur,
2494 4845 2548 4892 et
2567 4839 2891 4909 μεσάζουσγ
2917 4855 3036 4908 quae
3061 4840 3279 4909 quidem

1713 4912 2000 4981 utriusque
2035 4907 2238 4981 sideris
2265 4909 2483 4981 propria
2518 4907 2670 4981 sunt.
2703 4907 2818 4964 Nox
2845 4907 2991 4964 enim
3023 4907 3276 4978 σεληνια-

1711 4981 1816 5051 κῷ,
1849 4978 1966 5036 dies
1994 4978 2203 5050 ήλιακῷ
2222 4979 2407 5048 δρόμῳ
2437 4980 2712 5051 tribuitur.

1783 5051 1894 5122 (24)
1929 5045 2039 5105 Καὶ
2067 5045 2760 5122 συιξανίαλάμϐαγομένου
2785 5049 2891 5122 τοῦ
2915 5045 3132 5122 αὐτῶν.
3154 5047 3280 5102 ϐοι-

1716 5117 1884 5175 lectis
1901 5120 2278 5190 superioribus
2307 5119 2549 5173 numeris
2576 5117 2790 5190 summa
2835 5118 2893 5172 lit
2921 5117 3134 5172 dierum
3164 5133 3274 5171 xiv.

1712 5190 1820 5245 Sed
1849 5191 1916 5245 ad
1943 5189 2064 5246 eam
2097 5204 2166 5242 xv
2191 5189 2310 5244 dies
2341 5195 2687 5250 accensetur,
2719 5189 2791 5242 ob
2825 5201 3115 5242 causarum
3141 5201 3277 5242 con-

1710 5275 1956 5324 cursum,
2005 5274 2128 5330 qute
2173 5259 2692 5330 suntsolemnitatis
2730 5258 2877 5312 illius
2913 5257 3275 5330 -συστατικαί,

1751 5326 2131 5385 ιδιεεει-ιὶιηόιι
2177 5328 2511 5382 Dominicam
2554 5327 2720 5393 diem,
2765 5342 2874 5397 qua
2903 5326 3276 5397 Christianum

1759 5401 1920 5454 ascha
1949 5400 2273 5454 celebratur.
2321 5397 2418 5451 Hic
2457 5398 2749 5465 ὲπίφαυσις
2783 5395 3279 5468 ῖπεντεκαιδεκάτης

1709 5480 1794 5525 est
1824 5487 1890 5523 xv
1922 5469 2060 5528 dies.
2108 5469 2222 5523 sive
2267 5468 2462 5522 diurna
2518 5469 2644 5520 luna
2695 5484 2784 5528 xv,
2820 5467 3275 5537 quemadmodum

1709 5541 1870 5610 paulo
1919 5548 2040 5610 post
2087 5539 2471 5606 ὲπιφώσκουσα
2516 5537 2875 5608 ὲκκαιδεκάτη
2921 5539 3047 5610 luna
3079 5537 3275 5593 diurna

1712 5627 1820 5674 xvi,
1851 5609 2004 5665 nt’ex
2036 5610 2412 5680 superioribus
2441 5612 2751 5664 necessario
2772 5609 3063 5680 colligitur.
