3798 6212
409 373 505 429 571

1819 363 1877 421 S.
1921 362 2268 421 EPIPHANII

3598 336 3709 392 372

409 492 477 545 de
543 482 847 542 istiusmodi
894 482 1210 540 celebritate
1253 481 1482 539 conﬂata
1524 482 1703 538 forent
1738 483 1910 540 dissid

2148 479 2482 545 λευαζόντων
2539 472 2636 544 τὴν
2684 472 2741 523 ὲν
2793 470 2860 539 τῇ
2906 459 3203 534 Ἐκκλησία
3238 456 3559 526 διαφωνίαν,
3616 455 3707 506 ἐπὶ

414 578 714 637 nonnullus
763 579 996 634 istorum
1044 576 1331 632 calumnia
1369 577 1524 631 locus
1553 591 1678 631 esse
1702 575 2003 633 videretur.

416 674 524 730 Sed
576 689 701 729 cum
764 680 890 726 ante
932 670 1351 726 Constantinum
1400 670 1588 724 eadem
1632 669 1723 723 illa
1774 668 2008 723 divortia

414 767 685 838 vigerent,
738 772 792 817 ct
839 763 1070 834 gentiles
1111 769 1314 815 tantam
1370 759 1628 816 Ecclesia
1675 760 2007 815 discordiam

418 876 529 916 non
594 860 715 915 sine
770 857 1011 912 ludibrio
1069 855 1230 910 nobis
1279 854 1722 923 exprobrarent;
1786 853 2004 906 tandem

418 966 550 1007 vero
599 949 704 1006 sub
766 948 1096 1017 imperatore
1148 943 1511 999 Constantino
1557 942 2006 1013 conspirantibus

421 1044 693 1115 episcopis
748 1039 1041 1096 dissidium
1096 1037 1227 1091 illud
1282 1036 1627 1107 paciﬁcatum
1681 1042 1734 1089 et
1764 1032 1831 1087 ad
1878 1047 2009 1086 con-

426 1134 668 1191 cordiam
708 1132 988 1189 redactum
1021 1128 1223 1184 fuerit:
1258 1128 1388 1199 quid
1424 1127 1640 1182 tandem
1677 1126 1889 1187 utilius,
1917 1130 2011 1177 aut

424 1226 724 1299 jucundius
787 1232 892 1289 est,
943 1237 1107 1293 quam
1172 1220 1241 1275 ab
1296 1220 1559 1275 extremis
1607 1226 1767 1273 terrae
1810 1215 2011 1269 ﬁnibus

427 1318 771 1374 Christianos
795 1329 987 1369 omnes
1013 1311 1243 1382 populos
1295 1310 1349 1363 in
1403 1308 1667 1361 honorem
1738 1303 1830 1359 Dei
1888 1301 2013 1356 festi

428 1412 578 1466 illius
606 1407 921 1464 celebritate
952 1404 1198 1474 defungi,
1233 1417 1297 1455 ac
1332 1399 1611 1456 communi
1646 1395 2013 1453 consensione

429 1500 647 1571 vigilias
688 1497 885 1552 obire?
922 1495 1180 1557 Eosdem,
1226 1492 1472 1562 inquam,
1519 1498 1571 1544 et
1625 1489 1864 1558 aiquales
1896 1485 2016 1539 dies

2108 569 2521 628 Κωνσταντίνου
2570 565 2627 617 δὲ
2663 560 2753 615 διά
2798 560 2897 629 τῆς
2940 555 3050 609 τῶν
3112 550 3428 605 ἐπισκόπων
3466 546 3709 614 σπουδῆς

2112 662 2397 735 συνηνώθη
2448 656 2647 731 μᾶλλον
2700 653 2760 706 τὸ
2810 651 3015 722 σχίσμα
3056 648 3134 708 είς
3180 644 3305 715 μίαν
3344 641 3622 711 ὁμόνοιαν
3658 636 3711 689 τί

2108 755 2201 814 οὖν
2226 730 2415 811 τούτου
2435 730 2550 806 ἐστὶ
2569 743 3023 821 προυργιαίτερον
3040 739 3132 793 καὶ
3151 735 3507 807 χαριέστατον
3522 734 3536 761 ¹
3554 773 3567 787 .

2110 853 2214 922 γῆς
2255 846 2505 919 περάτων
2543 817 2745 911 ἐντμιᾷ
2774 834 2959 907 ἡμέρα
3002 828 3368 885 ἀπαλλάττειν
3408 821 3536 874 λαδν
3566 817 3709 887 Θεῷ,

2115 911 2425 1012 συμφωνεῖν
2452 953 2510 997 τε
2551 933 2646 987 καὶ
2674 926 2995 1000 ἀγρυπνεῖν,
3028 923 3121 975 καί
3152 920 3249 982 τάς
3280 914 3453 978 αὑτὰς
3491 911 3715 1012 ἡμέρας

2116 1000 2252 1092 ἴσας’
2297 1026 2481 1097 φέρειν
2535 1021 2592 1075 ἔν
2657 1028 2737 1072 τε“
2768 1012 3096 1088 ἀγρυπνίαις
3161 1010 3255 1062 καὶ
3310 1006 3551 1075 δεήσεσι,
3621 1000 3716 1053 καὶ

2115 1092 2337 1191 ὁμονοίρ⁴
2369 1092 2466 1169 καὶ
2504 1110 2752 1183 λατρεία,
2785 1105 3006 1179 νηστεία
3050 1120 3108 1156 τε
3152 1101 3247 1155 καὶ
3282 1093 3595 1169 ξηροφαγία
3627 1092 3718 1145 καὶ

2120 1210 2335 1282 ἁγνεία,
2365 1208 2458 1262 καὶ
2490 1207 2607 1267 ταῖς
2638 1202 2825 1265 ἄλλαις
2852 1201 2972 1262 ταῖς
3005 1196 3147 1250 κατὰ
3175 1192 3271 1263 τὴν
3303 1187 3719 1255 πανσεὸἀσμιον

2121 1299 2327 1369 ταύτην
2348 1296 2563 1369 ἡμέραν
2586 1291 2815 1361 ἀγαθαῖς
2843 1287 2961 1359 Θεῷ
2982 1284 3407 1357 εὑαρεστήσεσιν
3434 1296 3449 1343 ;
3495 1272 3720 1336 ’ἱκανῶς

2124 1393 2179 1447 δὲ
2214 1367 2591 1462 ἒχειν-νομίζω
2633 1386 2733 1456 τῆς
2775 1381 2918 1437 κατά
2958 1378 3115 1433 τοῦτο
3162 1374 3222 1428 τὸ
3252 1373 3439 1442 τάγμσ
3471 1369 3585 1421 τῶν
3620 1367 3721 1418 Αύ-

2124 1480 2320 1534 διαυῶν
2353 1475 2672 1546 διαφωνίας.

442 1546 645 1571 ..ο-..η
694 1546 877 1552 --π-
1300 1546 1319 1562 .
1458 1546 1468 1553 .
1690 1546 1707 1558 .

430 1590 806 1663 pernoctando
866 1587 1247 1658 precandoqne
1303 1583 1589 1638 traducere
1628 1594 1844 1636 summa
1904 1574 2200 1632 concordia
2263 1572 2427 1643 827
2495 1584 2559 1624 ac
2597 1565 2767 1622 divini
2815 1561 3071 1617 Numinis
3118 1552 3409 1625 obsequio,
3471 1546 3723 1621 ieiuni“.

433 1686 711 1741 aridorum
748 1700 875 1745 usu,
904 1681 1255 1738 castimonia.
1287 1678 1517 1748 aliisque
1544 1674 1764 1747 pietatis
1830 1671 2044 1735 otIiciis,
2087 1667 2287 1739 quibus
2327 1660 2806 1735 religiosissimum
2857 1656 3007 1709 illum
3051 1652 3197 1708 diem
3234 1648 3591 1718 frequentare
3663 1658 3722 1698 ac

435 1779 681 1838 venerari
712 1778 931 1835 solent?
954 1776 1059 1831 Sed
1095 1776 1208 1830 hac
1229 1774 1364 1829 satis
1388 1787 1511 1828 esse
1537 1770 1773 1825 arbitror
1798 1766 1866 1823 de
1892 1764 2274 1838 Audianorum
2306 1758 2536 1816 dissidio
2567 1756 2838 1811 hactenus
2863 1752 3161 1821 disputata.

496 1874 770 1947 .(Jaterum
801 1870 946 1924 idem
974 1868 1063 1923 ille
1092 1882 1256 1923 senex
1305 1865 1516 1920 Audius
1554 1864 1609 1917 in
1644 1860 1923 1933 Scythiam
1953 1860 2021 1914 ab
2052 1867 2096 1921 Β

434 1966 763 2036 imperatore
794 1962 1067 2031 relegatus
1105 1968 1226 2025 est;
1262 1957 1411 2028 quod
1454 1956 1686 2027 populos
1710 1953 1916 2025 passim
1949 1950 2019 2006 ab

433 2055 697 2111 Ecclesia
761 2051 1031 2122 obsequio
1062 2048 1389 2114 retraheret,
1426 2061 1551 2102 cum
1596 2058 1661 2099 eo
1697 2040 1919 2097 nomine
1954 2039 2023 2093 ab

434 2144 715 2219 episcopis
768 2150 917 2198 esset
967 2141 1033 2195 ad
1083 2141 1473 2211 imperatorem
1512 2137 1743 2192 delatus.
1776 2134 2026 2202 Cumque

436 2237 495 2295 in
525 2252 589 2292 ea
620 2234 849 2305 regione
874 2238 1189 2287 versaretur
1232 2229 1389 2299 (quot
1418 2237 1597 2281 autem
1635 2225 1795 2279 annis
1825 2221 2025 2278 ibidem

436 2328 661 2391 vixerit,
677 2333 827 2381 certo
850 2336 1171 2378 asseverare
1188 2335 1297 2375 non
1312 2316 1655 2390 possumus),
1681 2317 1733 2370 in
1766 2316 2028 2369 interiora

440 2418 711 2475 Gottbica
756 2422 1087 2487 penetrans,
1132 2412 1399 2468 barbaros
1456 2410 1659 2466 multos
1703 2406 2031 2464 Christiana

437 2507 721 2580 religionis
766 2504 1091 2560 rudimentis
1118 2501 1359 2557 instituit
1387 2518 1400 2554 :
1430 2516 1495 2556 ex
1530 2514 1639 2570 quo
1694 2496 2032 2552 monasteria

439 2605 497 2657 in
525 2598 742 2655 Gotthia
774 2596 1037 2651 nonnulla
1074 2599 1372 2665 prapagata
1402 2598 1553 2655 sunt,
1589 2592 1645 2645 in
1670 2589 1871 2661 quibus
1908 2588 2034 2643 reli-

439 2696 595 2767 giosa
644 2691 859 2748 vivendi
905 2691 1046 2746 ratio
1076 2697 1131 2744 et
1167 2688 1458 2759 virginitas
1487 2685 1909 2754 arctissimaque
1951 2682 2036 2753 di:

438 2787 673 2858 sciplina
704 2784 911 2840 ﬂoruit.
945 2780 1043 2837 Est
1065 2780 1212 2835 enim
1244 2777 1525 2832 hominum
1555 2776 1657 2829 iste
1690 2780 1868 2828 catus
1906 2772 2033 2826 vita

436 2881 654 2936 ratione
681 2885 737 2933 et
786 2876 1040 2931 instituto
1079 2888 1203 2928 cum
1234 2869 1429 2941 primis
1456 2866 1830 2931 admirabilis;
1871 2872 2035 2934 atque

436 2972 496 3026 in
525 2971 742 3025 illorum
777 2964 1132 3021 monasteriis
1180 2961 1317 3016 nihil
1339 2975 1446 3014 non
1480 2958 1802 3029 praclarum
1833 2962 1889 3011 et
1920 2956 2037 3010 exi-

437 3061 612 3115 mium
640 3069 768 3125 est;
794 3059 839 3112 si
873 3054 1217 3127 praefractam
1259 3052 1407 3106 illam
1458 3049 1860 3105 contumaciam
1885 3048 2036 3103 exci-

2145 1822 2175 1895 Γ
2205 1855 2447 1925 ’Υπὲστη
2482 1852 2539 1906 δὲ
2568 1851 2664 1905 και
2698 1846 2912 1921 ὲξορίαν
2942 1845 3103 1908 αὐτὸς
3138 1844 3166 1897 ό
3197 1840 3376 1914 γέρων
3393 1839 3617 1901 Αεδικ,
3652 1840 3726 1900 είς

2115 1949 2184 2003 τὰ
2226 1949 2369 2020 μέρη
2404 1947 2501 2018 τῆς
2532 1942 2772 2006 Σκυθίας
2810 1939 2915 1994 ὑπὸ
2952 1938 3046 1991 τοῦ
3084 1934 3347 2008 βασιλέως
3397 1931 3725 2005 sagaces-4,

2119 2042 2210 2096 διὰ
2232 2041 2293 2093 τὸ
2321 2038 2643 2109 ἀφηνιάζειν
2670 2034 2857 2097 λαοὺς,
2899 2032 2992 2086 καὶ
3026 2029 3131 2084 ὑπὸ
3159 2028 3268 2083 τῶν
3292 2026 3620 2080 ἐπισκόπων
3654 2025 3727 2094 τῷ

2131 2132 2343 2206 βασιλεί
2372 2130 2666 2210 ἀνηνέχθη.
2710 2127 2859 2180 Ἐκεῖ
2898 2123 2955 2177 δὲ
2995 2122 3233 2194 μάλιστα
3265 2118 3566 2197 διατρίϐων
3602 2117 3727 2187 χρό-

2125 2244 2214 2280 νον
2245 2224 2407 2286 ἑτῶν,
2438 2223 2540 2275 οὐκ
2568 2220 2677 2292 ἔχω
2708 2218 2911 2288 λέγειν,
2939 2216 3032 2269 καὶ
3073 2216 3153 2277 είς
3178 2212 3245 2266 τὰ
3282 2212 3473 2284 πρόσω
3506 2210 3727 2281 βαίνων,

2126 2317 2222 2370 καὶ
2245 2316 2325 2380 είς
2352 2313 2420 2367 τὰ
2445 2312 2691 2367 ὲσώτατα
2716 2310 2816 2381 τῆς
2840 2308 3088 2372 Γοτθίας,
3115 2306 3345 2369 πολλοὺς
3372 2304 3485 2357 τῶν
3514 2301 3730 2357 Γότθων

2128 2409 2457 2479 κατήχησεν·
2514 2404 2606 2474 ἀφ’
2654 2397 2825 2475 οὗπερ
2870 2401 2964 2454 καὶ
3009 2398 3349 2471 μοναστήρια
3386 2397 3446 2447 ὲν
3476 2397 3543 2465 τῇ
3583 2393 3717 2463 αὐτῇ

2129 2500 2325 2572 Γοτθίᾳ
2373 2500 2611 2568 ἐγένετο,
2653 2497 2747 2550 καὶ
2793 2493 3041 2548 πολιτεία
3080 2491 3175 2546 καὶ
3212 2488 3488 2560 παρθενία
3537 2504 3602 2539 τε
3640 2487 3731 2538 καὶ

2132 2596 2365 2665 ἀσκησις
2404 2592 2504 2663 οὐχ
2538 2593 2572 2662 ἡ
2606 2587 2862 2661 τυχοῦσα.
2896 2586 3054 2640 Ἔστι
3079 2584 3189 2655 γὰρ
3213 2581 3292 2653 τῷ
3318 2581 3435 2634 δντι
3468 2578 3584 2650 (‘28)
3615 2577 3733 2631 τοῦ·

2133 2706 2194 2743 το
2234 2687 2296 2740 τὸ
2339 2686 2528 2756 τάγμα
2562 2684 2705 2738 πάνυ
2749 2684 2806 2735 ὲν
2842 2680 3156 2751 ἀναστροφῇ
3189 2675 3503 2746 θαυμαστῇο
3543 2672 3642 2725 καὶ
3672 2670 3734 2723 τά

2136 2778 2316 2832 πάντα
2345 2777 2524 2830 αὐτῶν
2567 2777 2625 2828 ὲν
2657 2777 2769 2835 τοῖς
2798 2772 2977 2827 αὐτῶν
3006 2766 3389 2841 μοναστηρίοις
3417 2764 3609 2827 καλῶς
3646 2764 3733 2831 ςέο

2139 2886 2315 2941 ρεται,
2348 2868 2488 2938 πλὴν
2526 2866 2633 2919 τῶν
2664 2862 3004 2935 φιλονεικιῶν
3031 2860 3257 2923 τούτων,
3292 2859 3395 2929 τῆς
3424 2874 3488 2910 τε
3524 2856 3735 2927 παραλ-

2137 2960 2311 3031 λαγῆς
2340 2959 2439 3013 τοῦ
2469 2960 2682 3029 Πάσχα,
2711 2957 2810 3027 τῆς
2837 2972 2895 3008 τε
2934 2953 3076 3008 κατὰ
3096 2952 3154 3005 τὸ
3186 2950 3454 3005 ἰδιωτικὸν
3479 2944 3735 3016 ἐγκειμέ-

2140 3046 2240 3121 νης
2265 3049 2358 3105 τοῦ
2385 3051 2504 3103 κατ’
2530 3048 2720 3102 εἰκόνα
2753 3044 3124 3125 ὁμολογίαςζ]

438 3155 581 3225 pias,
629 3166 739 3223 qua
786 3158 842 3206 et
888 3151 944 3205 in
993 3147 1262 3203 Paschate
1307 3144 1662 3207 celebrando,
1728 3158 1757 3197 a
1817 3142 2096 3199 communi
2134 3145 2535 3219 consuetudine
2582 3141 2907 3202 discedunt,
2953 3147 3006 3193 et
3066 3136 3199 3191 illud
3245 3134 3312 3190 de
3358 3133 3455 3188 Dei
3498 3128 3735 3199 imagine

439 3244 680 3315 simplici
708 3240 944 3312 quadam
974 3239 1187 3293 ratione
1216 3235 1682 3306 interpretandum
1706 3240 1923 3305 putant.

512 3308 630 3391 X-V.
671 3308 780 3390 sed
819 3331 955 3388 illud
1003 3330 1233 3402 reliquis
1255 3327 1515 3382 omnibus
1542 3326 1611 3380 ad
1654 3326 1913 3381 horrorer

2205 3320 2308 3374 lE'.
2356 3318 2429 3371 Τὸ
2472 3318 2530 3371 δὲ
2583 3315 2882 3386 δεινότερον
2931 3313 3148 3367 πάντων
3196 3311 3290 3364 καὶ
3330 3308 3732 3385 φοϐερώτερα),

443 3427 788 3484 atrocitatem
813 3424 995 3494 majus
1018 3430 1122 3488 est,
1155 3418 1303 3491 quod
1330 3434 1455 3473 cum
1480 3417 1699 3472 nemine
1720 3424 2035 3486 precantur.

442 3519 660 3576 tametsi
689 3517 935 3573 honestis
954 3522 1119 3585 atque
1146 3511 1373 3583 integris
1400 3509 1645 3565 moribus
1677 3522 1798 3564 esse
1812 3506 2033 3563 videan-

442 3623 554 3678 tur,
584 3626 762 3683 neque
790 3609 1092 3681 quidquam
1135 3607 1374 3662 habeant
1402 3603 1549 3674 quod
1598 3602 1707 3657 illis
1737 3599 2036 3670 objiciant;

442 3722 553 3763 non
576 3705 775 3776 stupri,
810 3718 918 3756 non
950 3698 1224 3763 adulterii,
1265 3711 1375 3751 non
1424 3694 1676 3749 avaritia
1716 3692 1921 3748 crimen
1953 3690 2038 3744 ul-

444 3798 583 3862 ium,
610 3795 715 3850 nisi
740 3794 847 3847 hoc
876 3792 1165 3853 duntaxat,
1196 3785 1341 3859 quod
1374 3782 1632 3839 Ecclesia
1654 3780 2042 3845 communione

446 3891 787 3947 continetur.
819 3885 914 3940 Est
934 3886 1040 3939 hoc
1070 3896 1224 3946 vero,
1262 3880 1340 3933 uti
1374 3878 1638 3941 diximus,
1682 3873 2041 3939 horrendum,

445 3984 883 4041 Christianorum
940 3983 1282 4033 commutare
1325 3987 1548 4037 nomen,
1589 3970 1682 4041 qui
1738 3968 1794 4021 in
1842 3976 2039 4023 sancta

445 4077 691 4132 Ecclesia
717 4079 1034 4138 censentur,
1092 4083 1213 4139 quae
1260 4067 1377 4123 sola
1407 4065 1613 4121 Christi
1678 4071 1734 4119 et
1772 4061 2039 4117 Christia—

445 4185 646 4245 norum
691 4164 1058 4239 appellatione
1086 4166 1366 4224 contenta,
1399 4156 1698 4215 ascititium
1733 4169 1895 4210 omne
1937 4169 2040 4208 no-

446 4274 571 4314 men
634 4259 867 4327 respuit.
907 4255 1012 4310 Pro
1041 4254 1158 4318 illo,
1216 4255 1463 4322 inquam,
1498 4249 1724 4304 nomine
1755 4245 2042 4301 Audianos

447 4349 733 4418 appellari,
776 4348 1046 4401 coitiones
1103 4344 1245 4398 inter
1301 4356 1361 4397 se
1410 4338 1610 4403 facere,
1659 4352 1723 4391 ac
1772 4345 2041 4390 tesseram

448 4440 585 4493 meri
639 4439 879 4493 hominis
939 4435 1161 4491 nomine
1208 4434 1534 4503 inscriptam
1579 4432 1820 4500 exigere.
1879 4425 2037 4490 Hac,

450 4533 699 4602 inquam,
729 4530 954 4585 minime
983 4527 1205 4584 ferenda
1224 4533 1374 4588 sunt,
1398 4524 1649 4595 quamvis
1672 4520 1876 4590 alioqui
1903 4523 2043 4574 inte-

451 4623 728 4694 gerrimus
772 4621 842 4675 sit
878 4619 1162 4673 hominum
1197 4616 1289 4671 ille
1321 4620 1658 4677 conventus;
1700 4619 1863 4681 atque
1891 4609 2041 4665 omni

2140 3412 2222 3465 ὅτι
2254 3411 2353 3463 οὐκ
2385 3408 2635 3480 εὔχονται
2668 3408 2807 3478 μετά
2833 3424 2995 3470 τινος,
3020 3405 3121 3459 κᾶν
3146 3423 3204 3458 τε
3234 3405 3344 3458 τῶν
3364 3406 3615 3476 δοκίμων
3644 3426 3735 3475 ςα-

2141 3505 2228 3574 νῇ.
2259 3500 2355 3555 καὶ
2402 3498 2568 3571 μηδὲν
2607 3500 2687 3561 εἰς
2720 3497 3093 3569 κατηγόρησιν
3128 3495 3384 3567 ἐχόντων,
3429 3496 3571 3566 μηδὲ
3609 3497 3735 3567 μέμ-

2140 3592 2233 3662 ψιν
2284 3592 2541 3664 πορνείας
2582 3591 2615 3661 ἢ
2659 3590 2906 3661 μοιχείας
2950 3589 2984 3659 ἢ
3040 3586 3374 3653 πλεονεξίας,
3402 3588 3523 3641 ἀλλ’
3575 3590 3658 3641 ὅτι
3707 3593 3733 3641 ό

2142 3684 2385 3748 τοιοῦτος
2413 3686 2470 3738 ὲν
2488 3686 2552 3755 τῇ
2587 3682 2885 3752 Ἐκκλησία
2899 3681 3211 3749 συνάγεται.
3233 3681 3345 3733 Καὶ
3358 3679 3525 3733 τοῦτό
3542 3682 3664 3734 ἐστι
3679 3681 3733 3733 τὸ

2144 3778 2393 3850 φοϐερὸν,
2415 3778 2476 3831 τὸ
2502 3776 2843 3849 παραλλάξαι
2873 3774 3043 3846 ὄνομα
3068 3773 3410 3846 Χριστιανῶν
3438 3775 3542 3847 τῆς
3577 3776 3733 3843 ἁγίας

2156 3869 2505 3940 Ἐκκλησίας,
2551 3869 2652 3939 τῆς
2701 3868 2776 3939 μὴ
2817 3866 3046 3938 ἐχούσης
3090 3866 3339 3919 ἐπίθετον
3368 3867 3569 3937 ὄνομα,
3606 3866 3733 3919 ὰὶᾶὰ

2148 3964 2307 4036 μόνον
2327 3962 2498 4033 ὄνομα
2523 3960 2761 4033 Χριστοῦ
2797 3960 2892 4013 καὶ
2923 3958 3284 4031 Χριστιανῶν,
3314 3960 3394 4022 εἰς
3434 3960 3613 4029 ὄνομα
3636 3960 3732 4011 Δύο

2143 4056 2256 4109 δίου
2315 4052 2619 4117 καλεῖσθαι,
2657 4050 2943 4105 συνθέσθαι
2979 4067 3037 4103 τε
3071 4050 3166 4104 καὶ
3200 4049 3562 4103 ἀπαιτεῖσθαι
3620 4051 3735 4101 σύν-

2144 4150 2297 4219 θημα
2338 4146 2687 4218 ἀνθρωπίνης
2733 4143 2968 4213 φύσεως,
3017 4145 3064 4195 εἰ
3103 4144 3198 4195 καὶ
3227 4144 3318 4195 ἐπὶ
3353 4142 3412 4195 τὸ
3438 4143 3732 4213 ἀκραιφνὲς

2144 4242 2231 4313 εἴη
2263 4241 2340 4312 τῷ
2351 4241 2502 4313 Λβίῳ,
2536 4240 2628 4293 καὶ
2653 4239 2802 4309 πάσῃ
2825 4237 3137 4308 δικαιοσύνῃ
3168 4237 3231 4289 τὸ
3254 4238 3445 4306 τάγμα
3480 4236 3733 4306 σεμνυνό-

2148 4351 2329 4406 μενον.
2348 4329 2556 4387 *Πολλοὶ
2594 4332 2651 4387 δὲ
2679 4333 2774 4384 καὶ
2811 4331 2947 4403 μετά
2973 4331 3071 4401 τὴν
3102 4329 3311 4383 ἐκείνου
3346 4330 3617 4399 τελευτὴν
3647 4345 3731 4395 γε·

2143 4430 2336 4498 γόνασι
2375 4428 2474 4481 σὺν
2512 4428 2694 4489 αὐτοῖς
2726 4443 2786 4479 τε
2834 4425 2927 4478 καὶ
2975 4426 3092 4495 μετ’
3134 4422 3299 4477 αὑτὸν
3326 4421 3420 4475 τοῦ
3459 4422 3731 4492 τάγματκ

2145 4518 2310 4574 αὑτοῦ
2341 4519 2651 4583 ἐπίσκοποι,
2678 4516 2943 4589 Οὐράνιός
2979 4534 3063 4580 τις
3085 4514 3186 4585 τῆς
3211 4515 3399 4587 Μέσης
3431 4516 3545 4567 τῶν
3572 4532 3734 4567 ποτα·

2149 4611 2285 4682 μῶψ
2323 4610 2419 4664 καὶ
2452 4610 2560 4663 ἀπὸ
2590 4610 2691 4680 τῆς
2734 4608 2957 4671 Γοτθίας
2987 4608 3043 4661 δὲ
3083 4607 3209 4677 ἔσχε
3265 4608 3440 4671 τινας,
3488 4609 3584 4660 καὶ
3617 4623 3737 4659 aut-

452 4729 514 4769 se
567 4711 834 4783 probitate
880 4709 1205 4778 justitiaque
1250 4706 1509 4761 venditet.
1564 4704 1691 4757 I’OSI.
1722 4703 1868 4756 illius

2151 4704 2376 4774 ἐστησεν
2403 4704 2601 4765 αὐτοὺς
2629 4702 2980 4765 ἐπισκόπους
3021 4701 3155 4754 ἀλλά
3188 4701 3283 4752 καὶ
3312 4701 3608 4763 Σιλουανός
3640 4717 3731 4761 τις,

451 4814 689 4862 mortem
747 4806 813 4860 ad
854 4808 1109 4860 eumdem
1156 4801 1309 4855 illum
1350 4806 1554 4855 catum
1585 4796 1866 4851 adhasere
1891 4810 2044 4849 com-

452 4899 641 4970 plures
669 4897 945 4967 episcopi,
976 4894 1071 4950 sed
1113 4893 1167 4947 in
1211 4892 1405 4961 primis
1438 4889 1679 4944 Uranius
1712 4889 1764 4942 in
1796 4886 2048 4957 MeSOpo-

456 4989 649 5044 tamia.
689 4987 1002 5054 Quinetiam
1054 5000 1121 5040 ex
1162 4983 1280 5053 ipsa
1329 4979 1550 5035 Gotthia
1582 4978 1684 5033 sibi
1712 4978 1920 5047 aliquot
1954 4976 2048 5029 ad-

447 5081 656 5151 junxit,
704 5088 759 5135 et
785 5078 1077 5149 episcopos
1124 5074 1435 5130 constituit.
1479 5071 1685 5126 Praeter
1709 5085 1849 5138 quos
1880 5067 2047 5123 etiam

454 5176 714 5229 Silvanus
742 5180 796 5227 et
826 5171 919 5225 alii
977 5169 1200 5240 quidam
1224 5168 1574 5227 exstiterunt.
1607 5180 1637 5217 e
1670 5163 1870 5234 quibus
1912 5176 2049 5217 non—

453 5268 590 5322 nulli
644 5265 845 5321 mortui
880 5270 1030 5329 sunt,
1091 5270 1145 5317 et
1190 5262 1334 5315 inter
1379 5258 1517 5313 alios
1554 5256 1814 5319 Uranius,
1861 5254 1953 5324 qni
1988 5269 2048 5307 se

456 5361 513 5414 in
574 5360 670 5415 illa
722 5359 883 5412 turba
918 5371 1029 5427 pra
1079 5353 1295 5409 cateris
1351 5349 1630 5407 eﬂerebat.
1672 5347 1874 5403 Verum
1923 5352 2048 5416 post

457 5447 674 5515 Uranii,
719 5448 889 5518 828
914 5462 978 5501 ac
1004 5444 1225 5517 Sylvani
1261 5444 1316 5497 in
1352 5440 1574 5497 Gotthia
1621 5436 1867 5509 episcopi
1899 5449 2047 5490 mor-

532 5601 553 5633 ⁸
589 5599 719 5671 Leg.
747 5600 1124 5671 χαριέστερον.

532 5718 645 5789 (28)
686 5719 856 5773 Ἐστι
874 5716 997 5789 γὰρ

463 5781 753 5859 disciplina
782 5790 839 5844 in
871 5781 1147 5843 licentiam
1176 5802 1239 5841 ac
1271 5781 1554 5840 libidinem
1579 5781 1903 5837 desciverat.

2146 4798 2239 4848 καὶ
2273 4795 2425 4849 ἄλλοι
2463 4794 2630 4859 τινὲς,
2669 4789 2743 4849 ὧν
2783 4794 3097 4865 συμϐέϐηκέ
3131 4811 3284 4857 τινας
3316 4792 3410 4845 τοῦ
3451 4793 3574 4862 βίου
3607 4795 3737 4845 παν)-

2147 4886 2364 4950 σασθαι,
2405 4885 2643 4957 μάλιστα
2675 4886 2957 4953 Οὐράνιον.
2993 4883 3163 4953 Ηῠχει
3199 4885 3306 4955 γὰρ
3338 4877 3497 4947 οὗτος
3536 4884 3735 4952 ἀναμέ-

2148 4994 2239 5031 σον
2265 4977 2510 5032 τοιούτου
2539 4979 2842 5049 τάγματος.
2869 4976 3023 5030 Μετὰ
3056 4975 3113 5028 δὲ
3158 4977 3255 5046 τὴν
3287 4974 3395 5028 τῶν
3422 4974 3733 5028 ἐπισκόπων

2147 5069 2329 5122 αὐτῶν
2356 5069 2562 5123 τούτων
2596 5068 2860 5141 Οὐρανίου
2909 5068 3002 5121 καὶ
3032 5066 3320 5120 Σιλουανοῦ
3357 5065 3451 5119 τοῦ
3509 5069 3573 5117 ἐκ
3611 5066 3730 5117 To:-

2148 5161 2268 5224 θίας
2294 5161 2570 5231 τελευτὴν,
2602 5160 2787 5213 πολλοὶ
2814 5158 3158 5230 διελύθησαν,
3187 5160 3283 5212 καὶ
3306 5160 3385 5221 εἰς
3408 5158 3588 5225 ὀλίγον
3612 5153 3729 5227 ἦλθε

2146 5251 2207 5303 τὸ
2235 5249 2440 5303 τούτων
2470 5250 2744 5321 σύστημα,
2782 5249 2839 5303 ἐν
2868 5267 2927 5302 τε
2962 5252 3075 5312 τοῖς
3121 5247 3311 5318 μέρεσι
3350 5247 3618 5310 Χαλκίδος
3643 5246 3731 5313 τῆς

2148 5344 2287 5416 πρὸς
2319 5345 2671 5415 Ἀντιοχείας,
2706 5345 2800 5397 καί
2829 5347 2886 5397 ἐν
2923 5346 3036 5406 τοῖς
3070 5343 3257 5414 μέρεσι
3296 5341 3389 5394 τοῦ
3424 5341 3708 5410 Εὐφράτου

2148 5436 2260 5488 Καὶ
2288 5434 2397 5506 γὰρ
2434 5435 2541 5489 ἀπὸ
2574 5435 2674 5505 τῆς
2704 5433 2931 5498 Γοτθίας
2960 5432 3291 5504 ἐδιώχθησαν
3319 5434 3370 5485 οἱ
3403 5432 3639 5495 πλείους,
3676 5430 3729 5481 οὐ

1032 5717 1112 5783 τῷ
1157 5718 1303 5770 ὄντι.
1336 5714 1460 5769 llaec
1491 5709 1782 5784 Epiphanii
1852 5707 2087 5766 fortasse
2128 5706 2486 5779 temporibus.
2535 5706 2603 5761 At
2641 5715 2801 5762 atate
2831 5704 3156 5761 Theodoreti
3222 5703 3599 5760 Audianorum
3632 5699 3729 5761 ista
