3798 6212
137 304 230 364 373

736 292 1058 350 ADVERSL‘
1071 294 1107 348 S
1147 293 1488 349 ll.ERESES
1524 293 1651 348 LIB.

1813 294 1978 350 70.“.
2016 296 2148 352 l.—
2187 295 2461 354 lidiRES.
2506 297 2688 353 LXXI.

3260 297 3370 356 3Ἶῶ

140 426 297 497 μόνον.
317 418 449 477 ἀλλὰ
471 418 565 472 καὶ
585 419 632 470 οἱ
652 416 909 489 ἡμέτεροι
935 419 1051 469 ἐκεῖ
1080 417 1412 487 Χριστιανοὶ,
1440 416 1658 488 διωγμοὶ

1797 425 1920 478 tem,
1960 417 2236 488 plerisque
2263 417 2332 472 ab
2354 433 2418 472 ea
2451 415 2690 471 factione
2713 417 3030 480 abstractis,
3065 413 3134 471 ad
3164 431 3368 486 paucos

140 515 348 590 μεγάλου
385 510 665 574 ἐνστάντος
716 509 822 562 ὑπὸ
862 508 1124 578 βασιλέως
1178 508 1458 579 Ἕλληνος,
1508 508 1683 563 δεινοῦ

136 626 184 664 τε
211 603 486 676 γενομένου
522 602 613 655 καὶ
648 601 783 672 πρὸς
816 599 977 671 ζῆλον
1022 600 1130 654 τῶν
1174 601 1484 672 Ῥωμαίων,
1508 601 1597 655 διὰ
1626 601 1687 655 τὸ

135 703 240 762 τοὺς
276 695 504 768 βασιλεῖς
541 693 648 746 τῶν
694 692 981 762 Ῥωμαίων
1025 688 1163 746 εἶναι
1196 694 1576 764 Χριστιανοὺς,
1624 694 1686 747 τὸ

137 796 226 848 πᾶν
257 792 395 860 γένος
422 786 528 840 τῶν
555 785 896 857 Χριστιανῶν
938 785 1034 838 ἀπ’
1071 785 1294 838 ἐκείνων
1323 785 1680 856 ἀπελαθῆναι.

135 888 197 940 οὐ
244 883 410 936 λείπει
457 880 514 932 δὲ
563 877 687 950 ῥίζα
724 876 935 945 σοφίας,
965 876 1086 930 οὐδὲ
1129 876 1385 948 φύτευμα
1426 879 1680 946 πίστεως.

145 977 284 1032 Ἀλλὰ
313 975 402 1029 καὶ
430 975 478 1026 τί
505 971 721 1026 δοκοῦσι
755 970 956 1033 πάντες
987 969 1322 1042 ἁπηλάσθαι,
1353 971 1570 1034 πάντως
1602 973 1682 1024 εί-

133 1071 204 1122 σὶν
227 1066 425 1121 ἐκεῖθεν
452 1063 748 1134 ἄνθρωποι.
799 1062 916 1118 Οὐκ
954 1065 1192 1134 ἐγχωρεῖ
1228 1062 1338 1135 γὰρ
1371 1062 1553 1132 λεῖψαι
1585 1062 1681 1134 τὴν

134 1161 292 1232 πηγὴν
318 1159 415 1227 τῆς
448 1158 705 1220 πίστεως.
734 1155 926 1210 Πολλοὶ
953 1152 1047 1209 οὖν
1076 1157 1535 1227 ἀναχωρήσαντες
1574 1155 1681 1209 τῶν

132 1252 286 1306 αὐτῶν
301 1249 574 1304 Αὺδιανῶν
589 1249 688 1317 τῆς
704 1246 950 1310 Γοτθίας,
971 1247 1182 1301 καὶτῶν
1200 1247 1483 1318 ἡμετέρων
1499 1265 1564 1318 με
1574 1247 1680 1319 ρῶν

131 1345 339 1401 ἐνταῦθα
360 1342 624 1403 ὲλθόντες.
649 1339 1004 1411 παροικοῦσιν
1024 1338 1133 1392 ἀπὸ
1156 1337 1250 1392 τοῦ
1278 1339 1470 1410 χρόνου
1493 1338 1678 1392 τούτου

129 1435 244 1489 ἐτῶν
259 1431 729 1514 τεσσάρωνΔΑλλὰ
739 1431 835 1484 καὶ
855 1430 962 1484 ἀπὸ
977 1429 1288 1498 τοῦΤαύρου
1307 1429 1464 1500 ὅρους
1479 1428 1681 1499 ἀνεχώ-

131 1544 277 1599 ρησαν
297 1524 455 1578 πάλιν
468 1523 536 1575 τὰ
552 1522 658 1576 τῶν
686 1519 865 1576 αὐτῶν
888 1520 1165 1574 Αὑδιανῶν
1191 1521 1548 1593 μοναστήρια,
1572 1521 1680 1574 ἀπό

127 1637 174 1672 τε
196 1619 284 1686 τῆς
307 1615 666 1684 Παλαιστίνης
688 1615 781 1667 καὶ
812 1614 910 1685 τῆς
950 1613 1228 1684 ’Δραὸίας.
1262 1611 1398 1683 Ἤδη
1430 1613 1541 1684 γάρ
1569 1615 1676 1667 είσι

129 1705 558 1776 πεπλατυσμένοι.
594 1704 792 1758 Λοιπὸν
814 1703 870 1756 δὲ
898 1702 1089 1771 ὀλίγοι,
1118 1703 1209 1755 καὶ
1228 1702 1382 1770 ὀλίγα
1407 1705 1678 1775 μοναστή-

1789 508 2019 564 istorum
2049 518 2354 566 conventus
2381 509 2635 565 redactus
2667 515 2771 569 est,
2815 517 2978 577 atque
3009 508 3064 563 in
3089 508 3376 574 Chalcide,

1785 618 1907 673 quae
1941 603 2006 657 ad
2040 603 2386 658 Antiochiam
2436 603 2538 657 sita
2568 614 2675 665 est,
2709 613 2760 657 et
2782 601 2846 655 ad
2877 601 3204 672 Euphratem
3229 619 3370 660 rese-

1785 695 1883 748 dit.
1916 693 2050 748 Nam
2101 711 2132 750 e
2179 694 2398 750 Gotthia
2453 694 2698 766 plerique
2731 694 2870 764 pulsi
2911 701 3059 759 sunt,
3105 709 3211 749 una
3243 710 3367 750 cum

1785 784 1909 839 aliis
1936 786 2342 841 communionis
2370 793 2574 840 nostra:
2599 784 2954 849 Christianis,
2991 798 3114 837 cum
3146 784 3214 838 ab
3247 799 3372 854 rege

1785 878 2020 947 quodam
2051 879 2238 947 gentili
2268 879 2459 948 ingens
2501 885 2648 934 esset
2681 892 2742 931 ac
2771 877 3066 934 vehemens
3096 877 3370 930 concitata

1783 970 2113 1040 persecutio,
2141 984 2306 1040 quam
2329 967 2703 1024 Romanorum
2729 969 3030 1038 prazsertim
3059 967 3187 1022 odio
3219 983 3370 1022 com-

1782 1071 2056 1121 moverat,
2099 1061 2245 1132 quod
2298 1060 2577 1115 Romanos
2625 1061 2987 1129 imperatores
3023 1057 3370 1114 Christianos

1781 1168 1904 1207 esse
1921 1152 2130 1208 videret
2159 1170 2171 1206 :
2207 1153 2350 1206 unde
2383 1152 2756 1206 Christianum
2789 1168 2949 1207 omne
2986 1168 3182 1208 nomen
3221 1153 3369 1207 illinc

1780 1243 2134 1298 exterminari
2173 1244 2364 1297 voluit.
2391 1242 2590 1296 Verum
2623 1242 2776 1296 radix
2808 1244 3088 1314 sapientiae
3115 1252 3208 1296 aut
3246 1243 3366 1296 lidei

1781 1343 1936 1390 satus
1988 1350 2098 1390 non
2158 1335 2359 1390 deficit.
2421 1333 2487 1389 Et
2537 1351 2850 1405 quanquam
2899 1336 3038 1404 pulsi
3089 1335 3366 1406 fugatique

1779 1423 2078 1480 Christiani
2109 1439 2300 1480 omnes
2338 1426 2645 1488 videantur,
2682 1427 2932 1481 nonnulli
2970 1436 3150 1481 tamen
3186 1428 3366 1484 adhuc

1780 1525 2096 1586 supersunt.
2127 1516 2315 1586 Neque
2340 1517 2486 1572 enim
2505 1517 2638 1574 iidei
2680 1517 2802 1573 fons
2863 1533 3114 1572 arescere
3145 1521 3372 1589 penitus

1781 1616 1978 1679 potest.
2015 1607 2282 1675 Quocirca
2310 1610 2464 1665 multi
2503 1626 2571 1665 ex
2609 1611 2875 1666 Audianis
2898 1609 3115 1663 Gotthia
3141 1625 3204 1666 ac
3237 1627 3368 1681 pro-

1779 1701 1977 1756 vinciis
2022 1702 2229 1758 nostris
2275 1704 2516 1773 egressi,
2563 1711 2617 1758 et
2656 1705 2722 1759 ad
2771 1703 3066 1774 Euphratis
3111 1705 3363 1775 regiones

125 1817 218 1870 ρια·
240 1799 374 1868 τάχα
392 1797 450 1850 δὲ
476 1797 569 1850 καὶ
589 1796 709 1849 δυσὶ
721 1794 934 1864 κώμαις
950 1795 1007 1847 ἐν
1023 1796 1134 1858 τοῖς
1151 1795 1567 1866 προειρημένοις
1590 1795 1657 1866 μέ

1803 1794 1900 1849 llas
1943 1795 2194 1864 profecti,
2228 1803 2484 1866 quartum
2522 1795 2635 1865 jam
2689 1812 2893 1851 annum
2932 1799 3042 1854 illic
3088 1798 3358 1852 habitant.

123 1908 223 1960 ρεσι
237 1891 371 1944 κατὰ
386 1890 446 1943 τὸ
472 1888 733 1959 ἐξώτερον
753 1887 917 1958 μέρος
932 1887 1030 1957 τῆς
1052 1887 1334 1950 Χαλκίδος,
1357 1889 1450 1941 καὶ
1470 1888 1678 1941 ἐπέκει-

119 1982 489 2051 ναΔαμασκοῦ,
511 1981 608 2034 καὶ⁵
619 1979 726 2033 τῶν
746 1979 926 2049 μερῶν
955 1979 1053 2049 τῆς
1080 1979 1502 2050 Μεσοποταμίας
1526 1981 1672 2034 ἐστὶν

118 2072 226 2141 ἄχρι
247 2071 400 2142 δεῦρο
424 2071 488 2125 τὸ
514 2071 701 2141 τάγμα
732 2071 811 2133 είς
826 2069 1002 2138 ὀλίγον
1031 2071 1311 2142 περιστὰν,
1341 2071 1416 2135 ὡς
1440 2072 1596 2142 ἔφην.

1780 1883 1980 1940 Adhzec
2038 1900 2069 1940 e
2117 1883 2300 1939 Tauro
2353 1893 2537 1940 monte
2589 1901 2653 1940 ac
2714 1886 3002 1941 Palaestina
3066 1896 3118 1942 et
3160 1887 3360 1941 Arabia

1779 1977 2093 2033 eorumdem
2147 1978 2520 2034 Andianorum
2576 1982 2908 2036 monasteria
2957 1983 3167 2037 sublata
3210 1989 3358 2037 sunt.

1782 2070 1921 2126 Olim
1940 2071 2140 2141 quippe
2157 2086 2486 2142 magnopere
2503 2070 2683 2128 diﬂ'usi
2707 2075 3097 2145 propagalique
3124 2074 3356 2130 fuerant.

119 2163 266 2219 Hodie
319 2180 448 2220 vero
491 2173 603 2219 tam
652 2165 956 2228 hominum,
1000 2180 1164 2236 quam
1204 2168 1664 2222 monasteriorum
1704 2166 2041 2238 paucissimo
2075 2180 2305 2220 numero
2333 2174 2484 2228 sunt,
2525 2166 2662 2221 adeo
2693 2176 2754 2222 ut
2815 2169 3034 2225 duobus
3093 2169 3360 2224 duntaxat

117 2256 161 2308 in
181 2255 924 2326 pagisdomiciliumliabeant
951 2255 1009 2310 in
1034 2271 1122 2323 ea,
1159 2274 1322 2328 quam
1368 2259 1502 2325 dixi,
1533 2259 1836 2329 provincia,
1899 2258 2002 2312 hoc
2031 2265 2116 2314 est
2171 2258 2430 2314 exteriori
2498 2257 2775 2314 Chalcidis
2814 2260 3006 2327 limite,
3050 2261 3192 2316 ultra
3254 2260 3361 2316 Da-

116 2360 331 2398 mascum
363 2352 417 2398 et
442 2343 912 2414 Mesopotamiam,
938 2346 1027 2400 ubi
1047 2344 1114 2399 ad
1147 2345 1250 2400 hoc
1281 2355 1494 2416 tempus
1515 2347 1808 2418 perexigua
1840 2346 2060 2400 illorum
2093 2347 2384 2402 multitudo
2407 2347 2576 2417 degit.

183 2437 308 2489 Ἀλλ’
355 2437 464 2499 ἓως
517 2428 618 2489 ὧδε
675 2435 874 2499 ἱκανῶς
929 2435 1024 2490 καὶ
1079 2437 1208 2508 περὶ
1257 2437 1460 2492 τούτων
1524 2439 1668 2510 ἔχειν

112 2529 343 2601 ἡγοῦμαι.
369 2527 480 2592 Οὓς
510 2526 816 2598 παρελθὼν,
848 2527 1010 2582 πάλιν
1047 2528 1118 2583 τὰ
1141 2528 1267 2599 ἑξῆς
1293 2529 1665 2600 διασκοπήσω,

111 2621 184 2673 ἵνα
216 2622 281 2690 μή
322 2637 373 2671 τι
416 2619 742 2692 παραλείψω
768 2619 875 2673 τῶν
913 2620 994 2683 είς
1026 2619 1320 2690 διαιρέσεις
1351 2639 1409 2673 τε
1455 2621 1549 2674 καὶ
1578 2639 1668 2674 το-

114 2711 227 2781 μὰς,
277 2712 368 2764 καὶ
388 2713 473 2774 είς
528 2711 857 2774 διαστάσεις,
906 2711 1002 2764 καὶ
1045 2712 1128 2774 είς
1168 2712 1441 2782 σχίσματα
1485 2715 1542 2765 ὲν
1588 2712 1666 2784 τῷ

113 2804 275 2872 κόσμῳ
323 2801 770 2872 συμὸεόηκότων.
823 2802 887 2856 Εί
937 2801 1046 2873 γὰρ
1103 2802 1198 2854 καὶ
1241 2805 1307 2873 τῇ
1341 2802 1523 2855 πίστει
1565 2805 1666 2858 οὐκ

112 2893 166 2944 ἂν
216 2891 645 2962 μεταλλάττοιεν,
699 2893 793 2946 καὶ
841 2891 920 2962 τῷ
977 2892 1166 2964 τρόπῳ
1219 2893 1494 2958 τοσοῦτον,
1547 2894 1663 2948 ἀλλ’

109 2985 232 3052 ὅμως
288 2984 394 3036 πᾶν
449 2983 512 3036 τὸ
553 2982 821 3053 διαιρεθὲν
865 2985 958 3037 καὶ
1005 2985 1064 3036 ὲν
1111 2984 1213 3054 βίῳ
1267 2986 1664 3056 ὀνομαζόμενον

1845 2435 1951 2492 Sed
1985 2435 2053 2492 de
2091 2437 2177 2492 his
2215 2437 2502 2492 hactenus.
2525 2437 2684 2494 Nunc
2713 2439 2780 2494 ad
2816 2440 2953 2497 alias
2979 2449 3353 2510 transeamus,

1773 2543 1840 2582 ne
1867 2527 2001 2597 quid
2055 2541 2085 2581 a
2126 2529 2287 2584 nobis
2333 2531 2795 2599 praitermittatur,
2837 2535 2981 2603 quod
3033 2535 3356 2594 divisionem

1771 2619 2007 2690 aliquam
2066 2635 2129 2676 ac
2171 2621 2321 2676 velut
2362 2623 2661 2679 sectionem
2714 2626 2989 2691 Ecclesia),
3029 2629 3146 2686 sive
3187 2632 3357 2686 dissi-

1771 2711 1918 2765 dium
1947 2726 2012 2766 ac
2029 2711 2325 2766 divortium
2348 2715 2618 2770 attulerit.
2644 2715 2908 2782 Quamvis
2933 2721 3102 2786 enim,
3125 2723 3268 2792 quod
3287 2723 3363 2778 ad

1772 2801 1928 2856 fidem
1961 2811 2192 2872 spectat.
2222 2818 2286 2858 ac
2315 2821 2467 2860 more
2505 2806 2625 2875 ipso
2668 2809 2891 2877 rituque
2921 2825 3026 2866 non
3058 2812 3354 2867 admodum

1768 2895 2104 2964 discrepent,
2128 2897 2264 2951 nihil
2287 2913 2386 2952 nos
2420 2906 2624 2964 tamen,
2651 2902 2798 2971 quod
2837 2920 3055 2976 quoque
3090 2908 3252 2962 modo
3278 2910 3352 2963 ab

1769 2985 2013 3042 Ecclesia
2041 2987 2315 3044 divulsum
2351 2998 2516 3060 atque
2558 2993 2699 3047 inter
2756 2994 3019 3054 factiones
3046 3002 3352 3058 contrarias

108 3075 180 3144 ὑφ’
233 3076 383 3146 ἡμῶν
426 3075 573 3129 κατὰ
623 3076 683 3129 τὸ
738 3076 962 3130 δυνατὸν
1009 3077 1071 3130 οὑ
1141 3077 1658 3149 παραλειφθήσεται.

1797 3077 2105 3132 ecensitum
2142 3077 2328 3143 fuerit,
2358 3096 2456 3150 pro
2489 3083 2629 3138 virili
2664 3094 2816 3154 parte
2847 3090 3348 3154 prmtermittemus.

501 3187 687 3240 ΚΑΤΑ
739 3187 1209 3240 ΦΩΤΕΙΝΙΑΝΩΝ
1217 3228 1231 3252 ,

2154 3192 2432 3250 CONTRA
2457 3195 2942 3265 PHOTINIANOS,

106 3300 470 3370 Πεντηκοστὴ
508 3300 727 3368 πρώτη,
769 3299 806 3366 ἠ
843 3299 942 3352 καὶ
985 3297 1400 3368 ἑϐδομηκοστὴ
1437 3299 1657 3370 πρώτη.

2066 3308 2194 3374 Quae
2223 3320 2300 3363 est
2330 3310 2545 3364 hazresis
2585 3311 2682 3375 LI,
2709 3313 2814 3367 sive
2840 3313 3048 3369 LXXI.

1834 3420 1873 3475 1.
1901 3419 2004 3475 Per
2050 3420 2191 3476 idem
2236 3429 2452 3492 tempus
2507 3421 2794 3487 Photinus,
2829 3441 2859 3479 a
2886 3441 2996 3495 quo
3035 3425 3345 3483 Pliotiniani

1760 3512 2101 3582 prodierunt,
2153 3513 2399 3575 emersit,
2443 3514 2726 3570 catholicae
2770 3516 3024 3572 Ecclesiae
3074 3521 3344 3588 quondam

1759 3603 2082 3674 episcopus;
2139 3603 2232 3674 qui
2267 3603 2410 3658 haud
2444 3605 2704 3660 mediocri
2749 3607 2934 3665 furore
2958 3611 3218 3680 percitus,
3252 3629 3346 3667 sir-

1761 3694 2002 3762 periores
2060 3708 2252 3748 omnes
2280 3693 2495 3748 insania
2551 3697 2852 3766 superavit,
2895 3699 3196 3771 eademque
3218 3721 3340 3758 cum

1759 3785 1928 3840 Paulo
1965 3784 2348 3846 Samosateno,
2387 3785 2496 3841 imo
2540 3789 2813 3844 atrociora
2856 3792 3102 3862 quaedam
3137 3795 3203 3849 de
3249 3795 3341 3851 Dei

1757 3877 1896 3932 Filio
1920 3885 2099 3932 mente
2132 3877 2299 3948 829
2327 3880 2601 3952 concepit,
2634 3882 2687 3934 in
2722 3897 2882 3951 quem
2929 3885 3118 3953 plenos
3147 3894 3340 3940 contu~

1757 3969 1930 4023 melize
1969 3984 2271 4035 sermones,
2308 3987 2407 4026 nec
2466 3973 2574 4027 ulla
2601 3973 2883 4031 soliditate
2922 3978 3167 4033 lirmatos
3208 3994 3338 4034 cro.

1757 4062 1914 4115 muit.
1962 4060 2061 4116 llic
2102 4062 2360 4132 prodiens
2410 4062 2613 4118 Sirmio
2667 4065 2986 4123 Constantio
3037 4071 3339 4140 imperante

1757 4149 1941 4204 infelix
1966 4149 2230 4206 doctrinm
2251 4169 2364 4207 sua:
2388 4154 2576 4208 lolium
2610 4156 2662 4208 in
2687 4157 2820 4211 orbe
2848 4158 3250 4223 disseminawit,
3284 4169 3338 4214 et

95 4235 199 4284 νουι
222 4233 310 4288 τοῦ
346 4235 634 4306 βασιλέως,
655 4236 842 4306 καιρὸς
869 4231 938 4307 ἦν
964 4237 1041 4298 είς
1073 4235 1152 4289 ἔτι
1175 4235 1334 4307 δεῦρο
1354 4236 1550 4307 περιῆν
1576 4236 1654 4308 τῷ

1797 4238 1822 4293 Ll
1876 4240 1991 4295 haec
2045 4258 2218 4311 usque
2269 4251 2516 4315 tempora
2556 4249 2852 4318 superfuit,
2881 4266 3005 4304 cum
3048 4252 3101 4304 in
3147 4250 3336 4308 Sardi.-

96 4325 196 4395 βίῳ.
226 4329 328 4381 ἀπὸ
363 4331 462 4400 τῆς
489 4329 549 4382 ὲν
582 4331 647 4400 τῇ
682 4329 918 4400 Σαρδικῇ
967 4329 1077 4400 (50)
1121 4328 1480 4400 συναχθείσης
1511 4329 1654 4382 δυτι⁶

1797 4330 1903 4384 ensi
1952 4327 2265 4388 Occidentis
2298 4336 2508 4405 synodo
2547 4338 2618 4392 ob
2664 4341 3032 4397 exsecrandas
3079 4342 3334 4413 blasphe-

97 4419 178 4487 τῆς
221 4420 432 4474 συνόδου
489 4420 856 4494 καθαιρεθεὶς,
913 4422 981 4476 δι’
1027 4423 1094 4493 ἣν
1134 4422 1369 4494 ὲξήμεσε
1412 4421 1650 4492 βλασφη-

1797 4420 1894 4478 iias
1921 4423 2201 4494 depositus
2221 4435 2388 4483 essct.

95 4528 221 4579 μιαν.

160 3412 230 3468 Δ’.
264 3411 549 3477 Φωτεινδς,
583 3411 644 3476 ἐξ
672 3404 840 3482 οὗπερ
877 3412 1243 3475 Φωτεινιανοὶ,
1277 3413 1335 3464 ὲν
1377 3411 1554 3484 τούτῳ
1582 3413 1660 3483 τῷ

103 3501 256 3572 χρόνῳ
289 3503 561 3574 ῆκμασεν,
596 3501 892 3563 ἐπίσκοπος
924 3499 1163 3568 γεγονὼς
1199 3500 1298 3570 τῆς
1327 3501 1490 3569 ἁγίας
1531 3501 1660 3554 καθ-

102 3591 260 3660 ολικῆς
293 3591 643 3662 Ἐκκλησίας,
682 3591 850 3661 μανίᾳ
878 3590 1062 3661 ἀρθεὶς
1091 3590 1150 3644 οὐ
1191 3591 1510 3663 μικροτάτῃ,
1544 3591 1658 3645 ἀλλ’

101 3681 440 3754 ἐμϐρόντητος
500 3681 738 3751 γεγονὼς
777 3683 914 3752 ὑπὲρ
953 3682 1160 3745 πάντας
1194 3682 1319 3746 τοὺς
1342 3681 1447 3753 πρὸ
1471 3682 1655 3747 αὑτοῦ,

99 3775 236 3841 ὃμοια
255 3775 344 3827 καὶ
368 3774 626 3827 ἐπέκεινα
651 3776 759 3828 τῶν
790 3774 1004 3829 Παύλου
1039 3774 1130 3826 τοῦ
1155 3775 1513 3844 Σαμοσατέως
1539 3775 1655 3828 δια-

99 3866 388 3935 νενοημένος
418 3866 550 3933 περὶ
575 3865 668 3918 τοῦ
709 3864 839 3918 Υἱοῦ
882 3864 976 3918 τοῦ
1004 3865 1140 3918 Θεοῦ
1173 3864 1437 3936 ἐξεμέσας
1466 3865 1657 3933 λόγους

97 3957 404 4020 ἀσυστάτους
450 3956 819 4028 βλασφημίας.
854 3951 1021 4022 Οῦτος
1050 3957 1106 4012 δὲ
1138 3958 1365 4029 ώρμᾶτο
1394 3959 1504 4030 (‘29)
1547 3959 1656 4013 ἀπὸ

97 4047 315 4118 Σιρμίου.
370 4051 482 4104 Καὶ
529 4051 618 4103 ὅτε
663 4050 762 4120 μὲν
789 4050 946 4103 τοῦτο
985 4050 1046 4103 τὸ
1078 4050 1315 4114 ζιζάνιον
1357 4051 1433 4121 τῷ
1465 4053 1654 4122 κόσμῳ

97 4142 419 4212 εἰσηγήσατο,
451 4141 576 4194 τότε
607 4143 722 4195 κατ’
758 4144 934 4196 ἐκεῖνο
964 4141 1157 4212 καιροῦ
1191 4143 1284 4194 ἐπὶ
1313 4143 1655 4195 Κωνσταντί-

149 4670 162 4699 ¹
190 4669 477 4726 Mendosus
509 4673 679 4725 locus.
718 4672 844 4742 [λεια.
871 4680 1049 4726 autem
1092 4673 1492 4726 Κωνσταντίου,

147 4824 246 4898 (29)
270 4823 541 4894 Οὗτοςδὲ
559 4827 811 4897 ὡρμᾶτο.
847 4828 1468 4898 Ὀρμᾶσθαιςιῐερίεείιιιο
1495 4829 1639 4898 apud

91 4894 424 4966 llpiphanium
459 4908 514 4951 et
553 4894 690 4952 alitis
722 4899 861 4953 idem
910 4894 1055 4952 valet
1087 4894 1257 4968 atque
1284 4899 1453 4960 oriri;
1490 4894 1637 4968 quod

88 4975 246 5022 vinos
288 4968 390 5022 hoc
445 4969 566 5022 loco
602 4984 788 5024 verum
839 4967 1300 5024 existimavimus.
1356 4967 1463 5022 Sed
1509 4967 1636 5023 cum

89 5033 326 5107 Photinus
353 5054 462 5093 non
496 5038 721 5104 Sirmio,
755 5039 847 5094 sed
882 5055 946 5092 ex
979 5039 1333 5107 Gallograecia
1363 5041 1639 5094 oriundus

91 5106 246 5172 luerit,
292 5119 349 5161 ut
380 5111 441 5186 in_
467 5111 562 5186 lib.
602 5108 687 5186 De_
711 5111 894 5186 script.
928 5109 1114 5186 ποίεε.
1149 5106 1342 5186 scribit
1371 5109 1639 5186 llieronv-

90 5192 210 5239 mus,
254 5181 561 5235 consultius
608 5180 850 5235 arbitror
898 5179 1191 5248 prodEumli
1239 5180 1504 5234 vocabulo
1533 5181 1636 5244 uti,

88 5251 508 5320 quamnoriundi.
573 5251 753 5316 Quare
803 5251 874 5303 ita
927 5251 1108 5320 potius
1167 5251 1636 5318 interprelandum

89 5317 189 5369 luit.
220 5319 319 5392 Hic
355 5320 558 5376 Sirmio
590 5321 858 5392 prodiens,
905 5317 1008 5375 etc.
1051 5319 1142 5392 Sic
1171 5317 1325 5392 enim
1366 5319 1634 5392 llierony-

89 5402 190 5460 unus
215 5406 229 5444 :
259 5389 514 5445 Photinus
557 5389 622 5447 de
656 5391 1008 5460 Gallogrrecia
1049 5389 1294 5446 Marcelli
1319 5389 1632 5460 discipulus,

89 5455 248 5512 Sirmii
290 5464 566 5530 episcopus
599 5455 902 5522 ordinati“.
939 5473 1044 5530 (ηερ

149 5524 396 5602 (mhi-tiro
429 5524 530 5600 τῆς
564 5534 634 5586 ἐν
665 5533 739 5601 τῇ
781 5524 1064 5602 Σαρδικῇ.
1093 5531 1186 5587 Bis
1207 5531 1632 5602 condemnatum

88 5611 189 5672 esse
214 5599 504 5656 Photinum
538 5599 1106 5672 traditEpiphanius:
1142 5607 1377 5672 primum
1413 5601 1468 5656 in
1497 5600 1629 5656 Sar-

89 5667 269 5742 dicensi
297 5674 506 5741 synodo
534 5690 548 5738 ;
580 5684 691 5728 tum
722 5667 1118 5737 iu'Sirmiensi,
1143 5667 1278 5727 'cum
1313 5673 1632 5742 imperatori

93 5737 382 5798 Constantio
413 5737 653 5800 libellum
687 5744 995 5801 obtulisset.
1033 5742 1332 5814 Utrumque
1358 5737 1461 5800 sub
1486 5739 1632 5798 Con-

1736 4829 2342 4915 stantio’celehratum.
2372 4831 2497 4889 Ideo
2538 4828 3323 4915 corrigendos__Hicronymus,

1735 4901 1828 4968 qui
1856 4915 1887 4953 a
1921 4897 2299 4972 Valentiniano
2332 4904 2524 4972 imper.
2555 4897 2769 4972 pulsdm
2801 4910 2870 4964 ab
2910 4897 3324 4972 Ecclesialph‘d:

1736 4972 1910 5052 tinum
1953 4969 2217 5052 allirmat:
2245 4969 2504 5052 nisi_post
2537 4969 2896 5052 Sirmiensem
2928 4983 3196 5052 synodum
3227 4969 3325 5041 oc-

1737 5041 1915 5113 cultos
1947 5050 2254 5096 conventus
2284 5041 2547 5100 habuisse
2577 5047 2904 5113 dixerimus,
2937 5041 2990 5105 e't
3019 5067 3048 5104 a
3076 5052 3321 5110 Valenti-

1736 5111 1903 5192 niano
1931 5113 2302 5192 proscriptum
2329 5113 2519 5192 fuisse.
2545 5115 2702 5182 Quod
2727 5111 3095 5192 egeo'deduci
3122 5133 3317 5192 potest.

1736 5181 1890 5260 quod.
1929 5183 1981 5234 in
2024 5182 2254 5260 epistola
2296 5181 2816 5260 synmlic_a_concilii
2853 5181 3220 5260 Aquileiensis
3247 5181 3318 5251 ad

1737 5250 2079 5330 (iratianum,
2113 5250 2376 5330 V_alen_tiii.
2418 5255 2858 5330 et_T/ieodosium
2904 5250 3029 5330 imp.
3079 5250 3318 5324 Ambro;

1734 5324 1952 5402 giusrac
1981 5325 2162 5376 caeteri
2198 5324 2441 5394 episcopi
2487 5326 2559 5379 ita
2595 5327 2700 5381 sub
2732 5324 3268 5402 linemscripserunt
3299 5357 3315 5396 :

1735 5389 2084 5471 Plrotinianos
2115 5408 2334 5471 quoque,
2377 5389 2506 5462 riuos
2533 5407 2582 5450 et
2603 5399 2860 5464 superiori
2900 5401 3007 5471 lege
3041 5389 3316 5465 consiliarii

1731 5462 1906 5514 nullos
1931 5459 2107 5534 facere
2133 5459 2315 5517 debere
2337 5459 2643 5529 conventus,
2667 5459 2822 5534 prout
2855 5459 2970 5533 iani
2989 5483 3038 5526 et
3069 5459 3316 5532 sacerdo;

1733 5541 1844 5584 tum
1873 5533 2093 5586 concilio
2127 5537 2382 5605 sententia
2426 5536 2480 5588 in
2515 5554 2602 5590 eos
2627 5533 2738 5592 lata
2761 5551 2859 5597 est.
2897 5542 3133 5599 Petimus
3163 5548 3310 5605 insu-

1728 5617 1837 5669 per,
1874 5612 1931 5655 ιιι
1963 5604 2209 5672 quoniam
2252 5605 2306 5656 in
2339 5604 2620 5679 Sirmiensi
2653 5611 2843 5679 oppido
2885 5615 3055 5668 adhuc
3095 5604 3312 5677 cont-ei;-

1730 5683 1813 5728 tus
1843 5683 2043 5728 tentare
2070 5690 2158 5729 eos
2183 5677 2540 5747 cognovimus,
2573 5677 2850 5736 clementia
2883 5695 3073 5752 vestra,
3099 5697 3210 5745 etc.
