3798 6212
400 254 508 309 375

1789 261 1847 316 S.
1888 260 2227 316 EPIPHANH

3546 267 3659 325 375

472 359 572 413 Illic
594 360 868 417 Christum
894 378 924 417 a
950 318 1218 438 principio
1242 375 1401 439 negat
1422 368 1712 436 exstitisse,
1748 370 1840 425 sed
1861 371 1975 441 jam

2146 375 2347 428 Φάσκει
2377 375 2433 426 δὲ
2457 366 2609 438 οὗτος
2630 414 2643 434 .
2672 374 2929 447 άπαρχῆς
2975 374 3065 429 τὸν
3095 376 3332 447 Χριστὸν
3366 378 3441 449 μὴ
3474 376 3657 447 εἶναι,

401 465 515 511 tum
543 472 573 510 a
602 456 768 512 Maria
790 458 1014 531 Virgine
1040 462 1253 517 initium
1283 463 1581 533 accepisse,
1613 479 1676 519 ac
1706 473 1977 520 recentem

400 565 554 605 esse:
587 565 655 604 ex
694 566 804 620 quo
829 550 1086 622 Spiritus,
1121 553 1316 623 inquit,
1352 562 1575 611 sanctus
1613 556 1665 609 in
1700 556 1851 610 illum
1884 556 1981 612 de—

403 640 643 706 scendit,
664 648 721 696 et
745 656 776 697 e
806 639 1013 712 Spiritu
1039 652 1229 699 sancto
1254 645 1469 715 genitus
1497 654 1602 699 est.
1651 644 1822 711 Quem
1856 645 1980 716 qui-

399 732 523 789 dem
561 730 829 803 Spiritum
864 743 1114 790 sanctum
1144 735 1347 792 Christi
1399 752 1522 792 esse
1572 746 1757 806 putat,
1802 736 1979 790 audax

401 827 755 893 architectus,
803 836 857 884 et
901 830 1227 895 caelestium,
1279 845 1400 899 qua:
1445 845 1699 886 sermone
1722 830 1979 898 explicari

401 928 701 988 nequeunt,
743 918 1041 975 dimensor.
1079 918 1206 973 Fuit
1250 921 1337 975 hic
1376 928 1624 991 prompta
1655 921 1720 975 ad
1756 921 1982 990 loquen-

401 1012 531 1066 dum
566 1027 631 1067 ac
676 1012 901 1067 volubili
952 1013 1156 1083 lingua,
1189 1012 1327 1068 adeo
1368 1020 1429 1067 ut
1456 1014 1746 1083 plerosque
1785 1013 1981 1066 verbo.

402 1118 523 1157 rum
573 1103 689 1172 ipsa
727 1104 1194 1173 pronuntiatione,
1242 1114 1297 1160 et
1348 1104 1564 1161 dicendi
1602 1104 1879 1162 celeritate
1921 1104 1979 1158 in

403 1192 648 1248 fraudem
673 1202 858 1263 posset
882 1196 1177 1264 impellere.
1217 1194 1372 1267 Saepe
1400 1196 1544 1252 enim
1574 1212 1604 1251 a
1632 1195 1819 1251 multis
1841 1194 1983 1250 refu-

405 1291 550 1340 tatus
579 1295 685 1350 est,
723 1296 846 1355 post
876 1287 1022 1340 illam
1057 1287 1143 1343 sui
1174 1288 1549 1359 purgationem
1577 1302 1742 1357 quam
1773 1287 1827 1340 in
1853 1284 1983 1340 Sar-

404 1376 614 1432 dicensi
642 1378 850 1449 synodo
876 1379 1135 1450 suscepit,
1151 1394 1275 1434 cum
1306 1380 1376 1434 ab
1403 1380 1675 1449 episcopis
1713 1378 1985 1450 pestifera:

408 1469 690 1534 doctrinae,
724 1484 885 1540 quam
923 1477 1301 1540 proposuerat,
1339 1470 1603 1524 rationem
1639 1468 1867 1525 reddere
1898 1477 1985 1525 est

404 1558 617 1629 jussus.
677 1558 888 1613 Etenim
928 1559 1316 1615 Constantium
1352 1560 1735 1630 imperatorem
1773 1560 1983 1628 adiens,

408 1655 665 1717 tanquam
693 1649 878 1719 inique
906 1649 1189 1719 depositus
1218 1657 1385 1712 esset,
1421 1664 1602 1707 causa:
1630 1666 1744 1706 sua:
1766 1651 1985 1721 judices

2080 467 2188 521 ἀπὺ
2219 467 2277 519 δὲ
2321 466 2536 537 Μαρίας
2588 466 2682 520 καὶ
2725 466 2884 538 δεῦρο
2924 467 3086 520 αὑτὸν
3139 468 3434 539 ὑπάρχειν·
3473 471 3654 536 ἐξότε,

2081 558 2244 630 φησὶ,
2281 558 2341 611 τὸ
2384 557 2607 627 Πνεῦμα
2640 557 2702 611 τὸ
2750 558 2905 626 ἅγιον
2949 558 3180 629 ἐπῆλθεν
3214 560 3302 613 ἐπ’
3331 561 3523 625 αὐτὸν,
3558 563 3657 615 καὶ

2080 649 2341 720 ἐγεννήθη
2389 650 2453 701 ὲκ
2499 646 2817 719 Πνεύματος
2867 646 3045 716 ἁγίου.
3100 648 3173 701 Τὸ
3216 649 3275 702 δὲ
3322 648 3553 719 Πνεῦμα
3596 651 3659 701 τὸ

2080 740 2232 811 ἅγιόν
2265 757 2462 811 φησιν,
2494 740 2569 803 ὼς
2595 739 2867 811 τολμηρὸς
2900 738 3265 810 ἀρχιτέκτων,
3300 740 3546 810 νομίζειν
3577 736 3659 792 εἷ-

2079 850 2166 886 ναι
2191 831 2286 885 τοῦ
2316 830 2575 902 Χριστοῦ,
2610 831 2705 884 καὶ
2745 830 2821 895 ὡς
2873 830 3281 902 οὑρανομέτρης
3311 831 3419 884 τῶν
3443 831 3662 883 ἀνεκδι-

2079 924 2321 993 ηγήτων.
2338 921 2533 991 Γέγονε
2558 916 2782 985 δὲοῦτος
2809 923 2838 975 ὀ
2865 921 3126 984 Φωτεινδς
3153 920 3417 984 λάλοςτδν
3430 921 3659 991 τρόπον»
3748 942 3757 950 ’

2080 1014 2175 1066 καὶ
2202 1011 2523 1083 ὠξυμμένος
2554 1010 2654 1083 τὴν
2692 1010 2941 1080 γλῶτταν
2963 1051 2978 1075 ,
3014 1011 3242 1072 πολλοὺς
3271 1012 3329 1065 δὲ
3356 1012 3662 1082 δυνάμενος

2080 1106 2294 1175 ἀπατᾷν
2336 1106 2404 1175 τῇ
2458 1104 2551 1158 τοῦ
2603 1104 2763 1173 λόγου
2828 1105 3080 1175 προφορᾷ
3134 1104 3231 1157 καὶ
3288 1105 3659 1176 ὲτοιμολογίᾳ.

2081 1194 2352 1257 Πολλάκις
2377 1194 2486 1266 γὰρ
2512 1194 2618 1248 ὑπὸ
2650 1193 2861 1247 πολλῶν
2882 1193 3238 1265 ἐλεγχόμενος
3267 1196 3362 1248 καὶ
3393 1195 3537 1265 μετὰ
3563 1196 3660 1265 τὴν

2080 1287 2202 1340 τότε
2228 1287 2527 1357 γενομένην
2565 1288 2622 1340 ὲν
2647 1288 2713 1358 τῇ
2745 1287 2979 1359 Σαρδικῇ
3013 1287 3180 1341 αὐτοῦ
3226 1288 3527 1359 ἀπολογίᾳ,
3570 1290 3663 1341 ὅτε

2083 1379 2191 1432 ἀπὸ
2232 1378 2342 1431 τῶν
2380 1377 2694 1433 ἐπισκόπων
2738 1378 2942 1449 ἐκλήθη
2992 1378 3174 1432 δοῦναι
3205 1379 3365 1448 λόγον
3394 1382 3523 1449 περὶ
3564 1382 3661 1449 τῆς

2084 1469 2176 1521 ὑπ’
2202 1467 2366 1521 αὑτοῦ
2392 1466 2793 1538 προϐληθείσης
2821 1466 3203 1531 κακοπιστίας.
3234 1469 3346 1521 Καὶ
3371 1467 3481 1538 γάρ
3506 1463 3662 1530 οὗτος

2083 1559 2281 1630 ἠξίωσε
2311 1558 2688 1617 Κωνστάντιον
2712 1559 2802 1612 τὸν
2829 1558 3074 1630 βασιλέα,
3101 1559 3178 1621 ὼς
3211 1558 3389 1629 μάτην
3418 1559 3639 1631 suanm
3652 1590 3661 1597 .

2088 1649 2277 1720 μένος,
2320 1649 2471 1711 ὅπως
2511 1647 2787 1719 ἀκροατὰς
2832 1647 2987 1702 λάϐοι
3018 1643 3210 1711 αὖθις,
3248 1647 3345 1700 τοῦ
3379 1648 3665 1713 ἀποδεῖξαι

407 1756 471 1796 ac
503 1740 902 1811 disceptatores
930 1741 1105 1811 petiit,
1146 1742 1348 1812 quibus
1385 1742 1586 1798 frustra
1616 1744 1719 1798 sibi
1749 1743 1982 1814 abroga-

2111 1740 2274 1792 αυτὸν
2310 1740 2487 1809 μάτην
2528 1738 2936 1810 καθῃρημένον.
2980 1738 3144 1793 Ὅθεν
3184 1740 3214 1792 ὁ
3258 1740 3358 1810 μὲν
3406 1739 3663 1809 βασιλεὺς

406 1842 520 1887 tum
563 1849 686 1889 esse
737 1835 1105 1890 sacerdotium
1153 1836 1428 1906 probaret.
1481 1835 1565 1892 Oh
1602 1836 1653 1890 id
1688 1837 1984 1906 imperator

402 1925 619 1993 judices
651 1925 823 1991 misit,
867 1926 1011 1997 apud
1044 1942 1183 1996 quos
1224 1928 1316 1983 ille
1349 1942 1570 1983 causam
1604 1936 1806 1999 ageret,
1837 1926 1983 1981 Tha-

408 2018 633 2075 lassium
668 2026 722 2074 et
750 2018 1059 2083 Datianum,
1088 2021 1415 2086 Cerealium.
1457 2021 1727 2087 Taurum,
1760 2022 1987 2077 Marcel-

408 2109 603 2173 linum,
623 2109 970 2174 Evantbium,
997 2109 1305 2181 Olympium
1343 2120 1398 2165 et
1424 2110 1734 2175 Leontium,
1767 2109 1986 2164 datum-

408 2212 516 2266 que
555 2197 753 2253 Basilio
800 2198 1093 2269 Ancyram
1132 2199 1433 2270 negotium,
1481 2207 1544 2253 ut
1572 2200 1724 2255 illum
1754 2200 1990 2257 interro-

412 2298 585 2359 garet,
616 2296 671 2344 et
692 2304 812 2358 quae
839 2290 909 2345 ab
932 2304 998 2344 eo
1018 2297 1407 2361 purgarentur,
1435 2299 1533 2346 aut
1552 2290 1987 2353 admitterentur,

411 2379 698 2436 refelleret.
724 2379 849 2436 Fuit
872 2397 1001 2437 vero
1028 2381 1174 2437 haud
1197 2383 1490 2439 mediocris
1520 2384 1611 2437 illa
1636 2397 1764 2438 cum
1787 2384 1990 2441 Basilio

412 2481 667 2543 suscepta
718 2473 1036 2542 disputatio.
1115 2472 1220 2529 Sed
1270 2474 1621 2544 nequissimae
1662 2474 1993 2534 mulierculas

413 2581 586 2631 more,
634 2581 754 2635 qua
796 2565 933 2622 fucis
965 2567 1207 2622 colorem
1240 2566 1531 2633 adulterat,
1587 2569 1887 2625 sententias
1935 2569 1993 2622 in

412 2658 739 2729 disputando
770 2660 1061 2713 nonnullas
1090 2658 1401 2728 injiciebat:
1431 2673 1569 2729 quas
1599 2673 1630 2713 a
1659 2675 1825 2715 sensu
1852 2658 1994 2714 veri-

412 2750 543 2804 tatis
576 2748 930 2804 abborrentes
963 2748 1255 2818 depravata
1287 2763 1389 2804 sua
1421 2748 1775 2819 intelligentia
1804 2763 1995 2803 corrue

412 2848 587 2911 perat.
648 2838 757 2897 Sed
783 2840 1055 2897 sermonis
1084 2841 1379 2896 calliditate
1421 2855 1487 2897 ac
1533 2841 1792 2911 loquendi
1821 2841 1997 2895 facili-

414 2940 525 2988 tate
551 2933 619 2987 ad
674 2933 761 2988 sui
792 2933 1215 3002 auditorumque
1250 2923 1626 3003 deceptionem
1648 2948 1775 2988 cum
1805 2931 1996 3002 primis

2084 1833 2203 1885 κατ’
2251 1833 2428 1884 έκεῖνο
2472 1831 2665 1902 καιροῦ
2707 1830 2980 1901 ἐξέπεμψε
3015 1830 3210 1902 κριτὰς
3259 1832 3356 1885 καὶ
3386 1832 3666 1901 ἀκροατὰς

2084 1924 2185 1993 τῆς
2209 1922 2374 1976 αὑτοῦ
2407 1922 2707 1993 μελλούσης
2750 1923 2970 1976 ἔσεσθαι
3007 1924 3322 1993 ἀπολογίας,
3363 1925 3666 1977 Θαλάσσιον

2086 2015 2183 2068 καὶ
2225 2013 2485 2067 Δατιανὸν
2529 2014 2622 2067 καὶ
2646 2013 2941 2085 Κερεάλιον
2983 2014 3079 2066 καὶ
3117 2014 3330 2086 Ταῦρον
3370 2015 3468 2067 καὶ
3512 2016 3666 2086 Map-

2086 2107 2326 2160 κελλίνον
2363 2108 2459 2162 καὶ
2500 2107 2767 2161 Εὑάνθιονη
2796 2107 2890 2163 καὶ
2927 2106 3219 2179 ὐλύμπιον
3265 2108 3362 2161 καὶ
3390 2110 3663 2168 Λεόντων,

2088 2199 2370 2255 Βασιλείου
2401 2198 2496 2252 τοῦ
2541 2197 2903 2269 Ἀγκυριανοῦ
2931 2199 3030 2263 τὰς
3061 2199 3228 2253 αὑτοῦ
3256 2198 3482 2261 πεύσεις
3533 2202 3668 2271 ὲρω-

2087 2276 2309 2358 τῶντος,
2358 2294 2455 2347 καὶ
2488 2291 2860 2359 ἀντιλέγοντος
2904 2293 3015 2355 τοίς
3053 2292 3143 2343 ὑπ’
3175 2290 3342 2345 αὐτοῦ
3380 2291 3669 2363 μέλλουσιν

2090 2384 2495 2453 ἀπολογεῖσθαι,
2538 2384 2572 2455 ἢ
2623 2383 2720 2438 καὶ
2770 2383 3185 2453 καταδέχεσθαι.
3237 2384 3315 2437 Οὐ
3360 2384 3570 2454 μικρὰν
3614 2383 3668 2435 δὲ

2089 2475 2322 2543 διάλεξιν
2363 2475 2498 2548 πρὸς
2539 2474 2631 2527 τὸν
2675 2474 2836 2529 αὑτὸν
2890 2474 3151 2544 βασιλέα¹
3178 2476 3509 2544 ἐποιήσαθ’
3555 2474 3669 2527 ἀλλ’

2090 2567 2279 2639 ὥσπερ
2307 2566 2826 2639 παρατετριμμένης
2851 2566 3063 2637 φαύλης
3084 2566 3339 2636 γυναικὸς
3361 2566 3423 2619 τδ
3448 2567 3666 2638 χρῶμα,

2091 2659 2179 2713 διὰ
2206 2658 2314 2712 τῶν
2345 2658 2518 2727 λόγων
2540 2656 2705 2713 αὑτοῦ
2740 2656 3051 2729 παρέφερεν
3078 2660 3136 2712 ὲν
3165 2661 3232 2729 τῇ
3263 2657 3499 2723 διαλέξει
3533 2660 3669 2728 ῥητὰ

2092 2747 2374 2803 ἀσύστατα
2414 2747 2550 2818 πρὸς
2580 2747 2678 2818 τὴν
2714 2746 2955 2805 διάνοιαν
2988 2747 3088 2817 τῆς
3119 2747 3413 2817 ἀληθείας,
3444 2746 3581 2800 ὄντα
3617 2747 3669 2800 δὲ

2093 2836 2260 2891 αὐτοῦ
2286 2840 2352 2909 τῇ
2386 2836 2565 2908 ἐννοίᾳ
2592 2837 3133 2907 παραπεποιημένως
3159 2837 3449 2909 νοούμενα.
3487 2837 3589 2891 Διά
3617 2838 3669 2889 δὲ

2093 2930 2194 3001 τῆς
2219 2928 2505 2999 άπατηλῆς
2547 2928 2719 2983 αὐτοῦ
2741 2927 2984 2999 φθογγῆς
3016 2928 3105 2983 και
3158 2928 3560 2999 ἑτοιμολογίας,
3595 2932 3668 2992 εἰς

417 3025 740 3088 instructus,
761 3024 926 3079 etiam
957 3024 1089 3078 illud
1112 3024 1324 3093 jactare
1346 3031 1668 3095 arroganter
1692 3037 1862 3079 ausus
1888 3032 1993 3085 est.

2111 3018 2438 3090 ιατασκευὴν
2479 3016 2647 3072 αὐτοῦ
2693 3035 2754 3072 τε
2800 3018 2897 3074 καὶ
2944 3019 3055 3074 τῶν
3093 3020 3407 3075 ἀκουόντων
3443 3018 3539 3072 διὰ
3576 3019 3669 3088 τῆς

417 3123 636 3169 centum
671 3129 730 3170 se
779 3113 1078 3185 Scriptura:
1129 3114 1463 3169 testimoniis
1498 3113 1808 3182 opinionem
1842 3128 1997 3168 suam

420 3220 543 3262 esse
567 3205 940 3274 probaturum.
977 3203 1128 3259 Multi
1156 3204 1303 3258 enim
1335 3202 1598 3260 adversus
1620 3204 1773 3258 illum
1799 3204 1854 3258 in
1885 3218 2001 3258 cer-

423 3302 605 3350 tamen
648 3294 1067 3359 descenderunt,
1115 3302 1176 3349 ut
1218 3294 1274 3349 in
1316 3294 1456 3350 actis
1501 3293 1807 3350 collationis
1854 3292 2000 3348 illius

420 3402 552 3441 cum
585 3384 786 3441 Basilio
811 3386 1133 3456 reperimus,
1172 3402 1292 3456 quae
1318 3401 1349 3439 a
1392 3386 1621 3441 notariis
1642 3393 1865 3455 excepta
1893 3392 1998 3449 est,

428 3479 633 3551 Anysio
685 3478 1029 3548 imperatoris
1075 3478 1387 3545 ministro‘,
1437 3487 1493 3533 et
1523 3477 1814 3533 Callicrate
1843 3492 2001 3533 exce-

424 3579 581 3642 ptore
608 3570 793 3626 Ruﬁni
820 3571 1084 3641 praefecti,
1114 3569 1384 3642 Olympio,
1418 3571 1584 3642 830
1606 3570 1816 3633 Niceta,
1850 3569 2003 3623 Basic

425 3662 629 3731 lio,qui
662 3669 819 3717 erant
836 3676 865 3715 a
883 3661 1163 3725 memoria,
1185 3660 1426 3731 Eutyche
1441 3671 1495 3716 et
1512 3660 1789 3716 Theodule
1815 3659 2003 3715 Basilii

428 3753 678 3809 notariis.
727 3752 938 3818 Quibus
976 3752 1230 3807 omnibus
1271 3752 1614 3823 perscriptis,
1649 3760 1829 3807 tomus
1859 3767 2002 3807 unus

428 3840 751 3911 obsignatus
795 3841 862 3896 ad
913 3841 1292 3912 imperatorem
1332 3841 1751 3906 Constantinum
1800 3843 2003 3900 missus

429 3942 549 4000 est;
590 3934 731 3989 alius
774 3949 940 4003 penes
981 3935 1272 4007 synodum,
1317 3936 1409 3991 cui
1447 3934 1681 3992 Basilius
1719 3936 2007 4002 intererat,

432 4029 715 4082 remansit.
758 4027 1000 4085 Tertium
1030 4029 1256 4100 perinde
1283 4030 1632 4101 obsignatum
1661 4030 1803 4102 apud
1824 4048 1884 4088 se
1910 4047 2006 4087 co-

431 4116 589 4171 mites
615 4116 949 4186 habuerunt,
976 4119 1069 4175 ubi
1093 4127 1204 4175 tota
1233 4120 1383 4178 illius
1428 4120 1701 4192 dogmatis
1733 4122 2004 4194 eXpositio

431 4207 828 4265 continebatur.

2098 3112 2347 3183 γλώσσης
2384 3108 2565 3163 αὐτῶν
2592 3109 2995 3181 ἡτοιμασμένος
3014 3149 3031 3177 ,
3063 3111 3158 3165 καὶ
3187 3111 3325 3183 μετά
3354 3112 3670 3183 καυχήσεως

2099 3203 2230 3275 περὶ
2256 3203 2357 3273 τῆς
2378 3201 2684 3266 ὑποθέσεως
2713 3203 2908 3257 ἑκατὸν
2943 3203 3249 3276 μαρτυρίας
3278 3204 3468 3276 φέρειν
3498 3207 3527 3258 6
3554 3220 3670 3271 γενο

2099 3298 2260 3361 νάδας
2305 3294 2686 3367 ἐπηγγείλατο.
2736 3295 2847 3350 Καὶ
2893 3295 3004 3367 γὰρ
3052 3295 3163 3349 τῶν
3184 3295 3205 3327 ³
3258 3295 3347 3350 ἀεὶ
3413 3295 3665 3357 πολλάκις

2101 3388 2237 3460 πρὸς
2260 3387 2421 3440 αὐτὸν
2450 3385 2900 3450 άντιϐαλλόντων,
2933 3386 3010 3451 ὡς
3033 3387 3128 3440 καὶ
3159 3387 3218 3439 ὲν
3249 3389 3318 3458 τῇ
3346 3386 3489 3458 πρὸς
3514 3386 3669 3439 Βασί-

2101 3480 2241 3534 λειον
2278 3479 2507 3543 διαλέξει
2537 3478 2801 3549 εὕρομεν,
2836 3478 2893 3530 ὲν
2927 3476 3010 3542 οἷς
3060 3478 3354 3532 ἐκέλευσαν
3397 3478 3667 3549 ταχυγρά-

2102 3587 2219 3639 φοις
2252 3569 2505 3640 γράφειν,
2550 3567 2778 3638 Ἀνυσίῳ
2823 3567 3054 3638 διακόνῳ
3079 3567 3173 3620 τοῦ
3205 3568 3469 3638 βασιλέως
3497 3568 3519 3596 ⁸
3542 3568 3667 3636 (51),

2104 3662 2197 3714 καὶ
2246 3660 2611 3731 Καλλικράτει
2670 3659 3003 3731 ἑκσκέπτορι
3054 3658 3192 3728 (52)
3248 3654 3535 3728 Ῥουφίνου
3582 3658 3668 3711 τοῦ

2103 3751 2367 3822 ἐπάρχου,
2409 3752 2503 3805 καὶ
2544 3748 2825 3821 Ὀλυμπίῳ
2877 3751 2972 3802 καὶ
3025 3749 3239 3821 Νικήτῃ
3280 3749 3375 3801 καὶ
3413 3747 3669 3816 Βασιλεέῳ

2103 3842 2466 3915 Μεμοραδίοις
2496 3842 2630 3911 (3'5),
2660 3844 2753 3895 καὶ
2774 3841 3024 3911 Εὐτυχεῖ,
3070 3841 3164 3893 καὶ
3189 3838 3487 3910 Θεοδούλῳ,
3525 3855 3669 3892 vom-

2106 3936 2242 4008 ρίοις
2273 3935 2370 3987 τοῦ
2396 3934 2676 3988 Βασιλείου
2702 3933 2843 4004 (ὅθ’
2876 3935 2972 3986 καὶ
2995 3932 3275 4002 ἀπεστάλη
3306 3930 3669 4005 ἐσφραγισμέ-

2104 4045 2194 4091 νος
2247 4028 2410 4097 τόμος
2460 4022 2539 4091 εἷς
2590 4025 2668 4098 τῷ
2724 4026 2933 4096 βασιλεῖ
2988 4024 3379 4095 Κωνσταντίνῳ
3401 4026 3422 4057 ⁸
3443 4040 3457 4053 ·
3507 4019 3586 4086 εἷς
3619 4023 3668 4075 δὲ

2104 4118 2321 4190 ἔμεινεν
2362 4120 2419 4171 ὲν
2453 4121 2521 4190 τῇ
2552 4118 2691 4172 κατὰ
2719 4117 2998 4173 Βασίλειον
3033 4117 3262 4188 συνόδῳο
3292 4117 3385 4169 καὶ
3414 4115 3573 4179 ἄλλος
3601 4114 3667 4166 τά

2109 4227 2208 4281 μος
2259 4211 2396 4281 μετὰ
2438 4209 2547 4263 τῶν
2595 4210 2872 4281 κομήτων,
2916 4208 3177 4271 ὡσαύτως
3223 4208 3666 4282 ἐσφραγισμένος.

2107 4302 2183 4365 ὡς
2207 4302 2228 4332 ⁸
2260 4301 2330 4354 τὰ
2353 4302 2449 4371 τῆς
2480 4301 2647 4354 αὐτοῦ
2680 4300 2937 4365 ὑπονοίας
2967 4300 3293 4373 βεϐλημένα.

503 4383 569 4439 ll.
600 4384 772 4441 Porro
792 4401 916 4441 cum
942 4388 1010 4442 de
1036 4388 1129 4443 illo
1168 4387 1405 4446 Basilius
1446 4368 1843 4459 sciscitaretur,
1868 4407 1999 4462 quo-

2182 4392 2259 4446 B’.
2303 4368 2501 4446 Εῐποτε
2530 4393 2640 4464 γὰρ
2671 4394 2699 4445 ὁ
2724 4368 3001 4456 Βασίλειος
3027 4368 3328 4463 ἠρώτησεν,
3356 4393 3439 4445 ὅτι
3476 4391 3589 4454 πῶς
3622 4390 3669 4442 αἱ

436 4476 599 4532 modo
644 4478 942 4548 Scriptura:
983 4494 1153 4534 sacra:
1197 4482 1265 4535 de
1305 4481 1534 4537 Domino
1587 4497 1652 4537 ac
1691 4480 1800 4538 Deo
1834 4481 2006 4538 Verbo

436 4567 718 4634 docerent,
755 4577 911 4625 «ante
944 4572 1126 4625 omnia
1156 4572 1353 4628 saecula
1378 4571 1725 4645 Unigenitum
1751 4574 1922 4641 illum,
1950 4582 2008 4631 et

511 4725 528 4757 ¹
552 4726 664 4779 Alii
688 4725 871 4785 Basilii
902 4727 1149 4783 diacono.
1225 4730 1247 4760 ⁹
1270 4728 1397 4785 Cor.
1426 4729 1724 4789 Βασίλειον.

439 4797 462 4830 ⁶
480 4794 545 4852 F.
565 4796 722 4873 ὅπου.

510 4906 623 4982 (3i)
649 4906 1225 4982 _3tryat'qi_61_czxo'rqs
1274 4914 1381 4969 τοῦ
1417 4915 1744 4982 βασιλέως.
1787 4914 2015 4971 Videtur

437 4976 1035 5059 Best-letounleg-LSed
1081 4976 1327 5037 nonnihil
1362 4976 1662 5059 suspensos
1700 4976 1801 5041 nos
1841 4995 2010 5049 tenet,

439 5049 586 5131 quod
614 5048 704 5131 hic
734 5047 921 5131 Basilii
950 5051 1218 5131 diaconus
1251 5047 1577 5131 appellatur,
1611 5057 1870 5111 nimirum
1888 5047 2012 5131 An;

440 5122 651 5189 cyrani,
684 5122 777 5188 qui
831 5122 1063 5197 actoris
1086 5134 1270 5197 partes
1288 5122 1609 5182 sustinebat
1641 5146 1655 5182 :
1688 5142 1752 5181 ac
1784 5126 2014 5197 proinde

440 5199 730 5267 suspectus
757 5205 881 5267 esse
908 5191 1144 5267 Photino
1171 5194 1438 5267 diaconus
1465 5198 1609 5252 illius
1638 5191 1867 5267 poterat.

508 5258 626 5339 (32)
675 5261 1092 5339 Καλλικράτει-
1110 5264 1493 5339 ρκσκέπτορι.
1537 5258 1818 5339 Ἐτέαρχος
1875 5283 2015 5339 prae-

2113 4485 2255 4538 θεῖαι
2302 4486 2515 4557 Γραφαὶ
2560 4486 2871 4539 διδάσκουσι
2910 4486 3039 4555 περὶ
3064 4485 3159 4538 τοῦ
3190 4486 3395 4557 Κυρίου
3418 4485 3512 4537 τοῦ
3548 4482 3668 4537 Θεοῦ

2112 4576 2285 4646 Λόγου
2317 4598 2335 4629 ι
2356 4578 2461 4648 πρὸ
2486 4576 2699 4630 αἰώνων
2721 4572 2859 4633 εἶναι
2882 4576 2972 4630 τὸν
2986 4577 3261 4645 Μονογενῗι
3305 4578 3400 4631 καὶ
3434 4579 3529 4631 σὺν
3568 4577 3668 4629 Πα-

1821 4730 1999 4793 Ῥοκ

2135 4732 2265 4787 τῶν.
2339 4731 2363 4763 ⁸
2394 4730 2521 4785 Cor.
2557 4731 2835 4785 Βασιλείω
2864 4730 3012 4803 legit.
3087 4730 3257 4788 'Cor.
3301 4732 3666 4797 Κωνσταντίῳ.

2116 4916 2324 4985 scripta
2354 4913 2629 4984 excipere,
2660 4928 2726 4968 ac
2768 4913 3126 4985 perscribere.
3147 4912 3317 4985 Aliud
3348 4921 3435 4969 est
3465 4930 3670 4985 μεμορνν

2115 4982 2311 5051 φύλαξ,
2340 4992 2395 5040 et
2427 4982 2727 5055 μέμορίτης
2772 4982 2831 5038 in
2872 4984 3106 5055 concilio
3134 4982 3417 5055 Chalced.,
3462 4982 3567 5039 act.
3594 4982 3667 5046 tv;

2115 5055 2217 5108 hoc
2244 5063 2327 5109 est
2353 5057 2381 5108 ό
2411 5056 2468 5107 ὲν
2504 5053 2785 5126 μεμορίοις
2808 5053 3095 5126 κατοικῷν.
3134 5054 3255 5126 Qui
3286 5054 3352 5108 ad
3395 5054 3669 5126 memorias

2114 5134 2421 5195 martyrum
2455 5134 2509 5178 et
2550 5124 2609 5178 in
2639 5124 2889 5195 ecclesiis
2926 5124 3125 5195 ibidem
3155 5124 3438 5195 collocatis
3463 5125 3667 5195 habitat.

2208 5193 2299 5266 5/5)
2329 5195 2639 5262 Νοταρίοις
2674 5194 2783 5266 τοῦ
2823 5194 3169 5266 Βασιλεία).
3215 5193 3347 5266 Cor.
3389 5194 3665 5266 Βασιλέως.

2116 5263 2434 5321 Habuerunt
2472 5273 2653 5319 tamen
2700 5265 2754 5318 in
2796 5263 3049 5319 conciliis
3074 5275 3127 5318 et
3157 5264 3403 5333 episcopi
3444 5265 3667 5318 notarios

438 5326 643 5406 fectum
674 5326 919 5406 praetorii
955 5334 1246 5406 signiﬁcat.
1275 5326 2027 5406 Corn-ariusvero'pra'sidem
2132 5352 2292 5399 suos,
2341 5345 2505 5404 atque
2543 5346 2967 5406 exceplores_ac_
2998 5333 3169 5388 ferme
3194 5326 3489 5406 diaconos,
3530 5341 3586 5406 ut
3612 5346 3665 5385 ex

441 5397 644 5479 reddit.
675 5397 691 5399 “
720 5397 1059 5459 Crediderim
1122 5406 1440 5474 praefectura
1500 5397 1762 5479 praetorio
1823 5408 2027 5479 Illyrici

443 5467 636 5522 fuisse.

518 5538 649 5617 (⁵5),
683 5538 796 5591 καὶ
826 5542 1124 5617 Βασςιλιίίῳ
1161 5546 1572 5617 Μεμοραδίοις.
1621 5547 1879 5603 Fortasse
1912 5550 2023 5601 Με-

449 5606 755 5687 μοραρίοις,
798 5611 957 5677 quasi
1007 5606 1356 5687 Ηεηιοζοῖυἱοέ
1412 5606 1589 5683 vocet,
1620 5619 1712 5687 qui
1749 5630 1877 5675 sunt
1907 5618 2022 5673 Me-

444 5677 693 5731 moriales
724 5692 742 5731 :
765 5693 997 5748 quorum
1020 5684 1299 5753 proprium
1320 5704 1518 5744 munus
1542 5677 1659 5744 erat
1691 5690 1835 5761 leges
1862 5698 2021 5745 etrc-

2129 5406 2387 5462 Chalced.
2416 5403 2573 5460 conc.
2599 5403 2835 5459 constat.
2866 5403 2971 5458 Sed
2999 5413 3050 5458 et
3079 5404 3221 5473 apud
3251 5405 3479 5470 August.
3510 5404 3595 5458 lib.
3617 5416 3665 5473 in

2126 5487 2311 5531 contra
2339 5476 2602 5530 στροῦθοι.
2636 5491 2755 5543 cap.
2786 5473 2853 5529 29
2901 5478 2954 5527 in
3000 5471 3141 5527 Actis
3187 5475 3546 5529 consularibus
3581 5471 3667 5527 sub

2126 5547 2443 5618 Zenophilo,
2491 5544 2863 5599 Nundinarius
2897 5544 3120 5618 Silvani
3162 5544 3468 5601 Cirthcnsis
3510 5544 3666 5597 Dona-

2125 5615 2564 5675 tistre'diaconus
2593 5624 2851 5687 cxceptor
2878 5615 3097 5670 dicitur.
