3798 6212
420 329 527 385 3'19

1836 328 1892 384 S.
1940 324 2284 382 EPﬂ’HANll

3595 324 3688 379 530

423 441 738 501 antecessit.
779 456 875 512 per
917 455 1210 513 quemnam
1251 459 1360 499 non
1400 444 1561 500 modo
1599 444 1860 508 Adamus,
1912 442 2008 498 sed

2123 457 2249 512 ρηκε
2310 437 2663 507 Ποιήσωμεν
2694 435 3041 505 ἄνθρωπον;
3067 437 3129 490 οὐ
3151 436 3271 507 γάρ
3291 436 3376 500 τίς
3407 454 3541 489 ποτε
3569 440 3685 510 πρξς

422 533 588 587 etiam
618 547 738 602 qua:
756 533 962 587 Adamo
988 534 1200 604 priores
1231 546 1358 590 sunt
1379 545 1647 590 creatura:
1683 533 1798 600 Dei,
1827 549 2017 590 omnes

424 624 703 694 productae
737 625 902 679 sunt?
939 625 1074 693 Quis
1105 628 1192 682 ille
1225 642 1356 682 vero
1383 636 1466 682 est
1529 629 1616 683 cui
1652 627 1810 680 Pater
1835 626 2010 680 dixit:

429 713 717 768 Faciamus
757 715 1061 770 horninem?
1110 715 1280 772 Nemo
1328 717 1472 772 enim
1521 727 1613 770 aut
1649 717 1716 772 ad
1760 717 2012 772 intimum

424 804 651 858 verbum
679 820 863 871 suum,
905 815 996 858 aut
1023 806 1088 859 ad
1122 805 1252 859 illud
1276 806 1422 874 quod
1445 808 1686 862 exterius
1717 806 2014 877 profertur,

425 895 888 950 consultationem
923 897 1480 968 deliberationemque
1517 898 1724 968 dirigit.
1776 897 1902 953 Ideo
1933 900 2018 952 iu-

427 988 594 1042 situm
619 987 724 1043 sibi
747 987 1267 1060 sanctissimumque
1292 1004 1451 1044 suum
1474 988 1706 1046 Verbum
1731 991 2016 1060 alloquens

429 1079 610 1144 Pater,
634 1078 870 1133 futuram
894 1080 1132 1136 hominis
1156 1083 1586 1151 procreationem
1609 1083 2015 1154 sapientissima

427 1186 563 1226 voce
591 1171 857 1237 declarat,
904 1181 962 1226 ut
993 1173 1188 1226 Filium
1238 1175 1382 1242 apud
1414 1173 1630 1230 Patrem
1660 1175 1818 1229 initio
1844 1175 2016 1230 exsti-

431 1266 563 1319 tisse
597 1264 904 1328 sciremus;
953 1281 1130 1335 neque
1161 1265 1499 1322 conditorem
1537 1275 1788 1323 nostrum
1823 1282 2016 1321 recens

2121 531 2214 584 τὸν
2235 528 2537 583 ἐνδιάθετον
2562 527 2728 582 αὑτοῦ
2762 527 2941 596 λόγον,
2971 528 3006 598 ἦ
3035 527 3128 580 τὸν
3153 529 3488 599 προφορικὺν
3518 529 3691 583 ἐπιτεί-

2093 609 2275 676 ⁴νεται
2317 621 2419 690 τὴν
2461 619 2828 691 συμϐουλίαν,
2873 619 3010 673 άλλά
3045 619 3182 690 πρὸς
3212 621 3303 672 τὸν
3338 620 3575 688 ἔμφυτον
3610 621 3691 673 καὶ

2122 714 2278 783 ἅγιον
2305 713 2470 766 αὐτοῦ
2505 713 2677 781 Λόγον
2705 712 2809 782 τῆς
2837 711 3138 784 μελλούσης
3176 711 3271 764 τοῦ
3300 710 3588 783 ἀνθρώπου
3612 713 3689 784 δη.

2127 807 2416 878 μιουργίας
2445 807 2679 858 ποιεῖται
2706 804 2804 876 τὴν
2837 803 2976 875 μετὰ
3002 805 3182 875 πάσης
3212 804 3406 873 σοφίας
3429 803 3687 876 ἐξήγησιν·

2122 897 2212 951 ἵνα
2248 897 2510 968 μάθωμεν
2537 896 2596 964 ἐξ
2618 896 2798 968 ἀρχῆς
2831 892 2969 950 εἶναι
3001 896 3091 948 τὸν
3126 896 3298 949 Παῖδα
3325 895 3466 966 πρὸς
3500 897 3585 948 τὸν
3609 899 3688 949 αὑ-

2121 989 2216 1043 τοῦ
2249 989 2488 1061 Πατέρα,
2516 988 2602 1042 ἴνα
2637 988 2712 1060 μὴ
2737 988 2829 1041 τὸν
2855 987 3121 1058 ἡμέτερον
3148 987 3371 1058 κτίστην
3400 987 3689 1060 πρόσφατον

2121 1079 2452 1151 νομίσωμεν,
2482 1078 2618 1132 ἀλλὰ
2651 1080 2748 1132 σὺν
2784 1077 2960 1149 Πατρὶ
2998 1077 3084 1130 ἀεὶ
3114 1077 3430 1146 ὑπάρχοντα
3473 1077 3576 1145 πρὸ
3601 1077 3692 1128 τῶν

2121 1169 2334 1224 αἰώνων
2353 1186 2367 1198 ’
2401 1171 2478 1234 ὡς
2510 1171 2604 1225 καὶ
2647 1171 2902 1240 Ἰωάννης
2939 1171 3208 1240 μαρτυρεῖ
3233 1167 3449 1237 λέγων·
3481 1169 3580 1222 Ἐν
3608 1169 3693 1236 ἀρε

2122 1262 2204 1333 χῇ
2230 1259 2310 1333 ἦν
2334 1265 2368 1316 ὁ
2391 1265 2606 1333 Λόγος,
2640 1263 2739 1318 καί
2764 1265 2798 1316 ὁ
2818 1261 3011 1330 Λόγος
3035 1257 3115 1330 ἦν
3138 1261 3290 1330 πρὸς
3311 1262 3420 1317 τὸν
3453 1264 3618 1320 Θεόν.

430 1357 484 1411 in
513 1357 688 1412 lucem
715 1358 922 1412 editum
955 1360 1376 1424 arbitraremur,
1407 1362 1500 1417 sed
1532 1377 1657 1416 cum
1727 1362 1884 1417 Patre
1907 1361 2146 1430 priorem
2195 1357 2413 1414 saeculis
2459 1359 2717 1415 omnibus
2784 1357 2975 1412 fuisse.
3035 1357 3090 1411 Id
3156 1354 3304 1429 quod
3367 1358 3602 1413 Joannes
3633 1359 3691 1410 ita

429 1453 803 1508 demonstrat:
854 1452 921 1508 In
963 1456 1222 1524 principio
1262 1465 1376 1512 erat
1417 1456 1660 1524 Verbum,
1707 1467 1754 1512 et
1790 1457 2012 1510 Verbum
2051 1463 2166 1509 erat
2197 1453 2340 1522 apud
2375 1452 2600 1508 Deum‘.

504 1545 595 1600 IV.
633 1548 797 1618 Atqui
826 1547 1088 1613 Verbum,
1123 1550 1301 1620 inquit
1325 1551 1622 1606 circulator
1654 1552 1777 1614 iste,
1805 1567 1836 1605 a
1868 1551 2018 1620 prin-

431 1637 574 1706 cipio
606 1639 881 1694 exstitisse
916 1639 1126 1707 fateor;
1191 1639 1386 1695 Filium
1421 1641 1510 1696 Dei
1546 1643 1785 1713 genitum
1824 1641 2015 1709 fuisse,

2193 1549 2267 1602 A'.
2313 1546 2448 1610 ’Ὡςθ
2479 1564 2647 1618 φησιν
2674 1548 2702 1599 6
2735 1546 3015 1620 άγύρτης’
3056 1547 3168 1601 Καὶ
3199 1545 3363 1610 αὐτός
3399 1564 3545 1618 φημι
3573 1541 3692 1600 εἶναι

2123 1637 2215 1688 τὸν
2243 1636 2415 1704 Λόγον
2445 1637 2733 1708 ἁπαρχῆς,
2775 1636 2889 1690 ἀλλ’
2913 1638 3012 1707 οὐχ
3049 1636 3178 1690 Υίὸν
3211 1636 3346 1690 Θεοῦ
3379 1640 3693 1708 γεγεννημέ-

434 1727 485 1780 id
513 1744 638 1784 vero
667 1743 773 1782 non
803 1730 998 1786 fateor.
1071 1731 1270 1786 Verum
1302 1734 1408 1787 nisi
1448 1733 1540 1786 Dei
1579 1735 1648 1786 sit
1679 1731 1870 1796 Filius,
1897 1734 2008 1788 ina-

2123 1747 2232 1785 vov.
2270 1729 2379 1783 Καὶ
2418 1731 2465 1781 εί
2519 1728 2596 1800 μὴ
2644 1729 2794 1784 ἐστιν
2840 1730 2966 1793 Υίὸς
3011 1730 3179 1797 Θεοῦ,
3219 1730 3448 1801 μάταιος
3482 1731 3696 1785 αὑτοῦό

436 1820 519 1874 nis
548 1829 632 1875 est
658 1821 804 1877 illius
833 1823 1006 1891 labor,
1032 1824 1193 1879 inane
1217 1834 1268 1879 et
1290 1826 1455 1879 animi
1490 1827 1851 1896 propositum,
1874 1841 2015 1880 vana

433 1913 668 1983 denique
690 1931 815 1985 spes
831 1916 1009 1971 omnis
1033 1925 1086 1973 et
1114 1918 1394 1989 cogitatio.
1428 1918 1572 1972 Nihil
1606 1919 1750 1974 exiim
1782 1918 2017 1988 amplius

435 2005 903 2078 excellentiusque
939 2008 1006 2063 de
1053 2009 1272 2064 Christo
1310 2010 1616 2079 proﬁtetur,
1651 2026 1813 2080 quam
1843 2009 2015 2064 Judaei

437 2097 562 2166 ipsi,
592 2099 684 2168 qui
716 2094 966 2153 eumdem
1014 2101 1374 2170 abnegarnnt.
1409 2102 1581 2157 Porro
1613 2118 1720 2158 non
1749 2104 2016 2172 scriptum

437 2193 519 2239 est
549 2188 601 2239 in
635 2187 965 2258 Evangelio:
997 2187 1062 2242 In
1087 2191 1346 2258 principio
1377 2205 1494 2245 erat
1531 2189 1775 2257 Verbum,
1810 2200 1863 2246 et
1882 2189 2019 2247 Ver-

437 2274 564 2329 bum
592 2285 706 2329 erat
732 2277 784 2329 in
817 2275 955 2343 Deo;
984 2277 1114 2332 sed:
1144 2277 1361 2332 Verbum
1381 2289 1492 2333 erat
1524 2280 1662 2348 apud
1698 2279 1894 2345 Deum;
1919 2296 2018 2336 nec

437 2365 493 2419 in
528 2365 634 2420 Deo
660 2365 893 2422 Verbum
925 2368 1088 2438 832
1124 2369 1284 2424 modo
1312 2369 1483 2427 fuisse
1517 2370 1684 2436 dicit;
1726 2373 1842 2437 sed,
1877 2372 2017 2426 Deus

436 2465 548 2510 erat
591 2455 834 2512 Verbum.
889 2459 945 2513 In
1001 2460 1120 2529 ipso
1166 2461 1385 2531 quidem
1431 2462 1648 2517 homine
1695 2477 1876 2518 sermo
1905 2463 2016 2527 ille,

437 2549 526 2618 qui
553 2560 812 2618 perpetuo
831 2560 923 2604 aut
949 2551 1194 2618 interior,
1220 2562 1308 2606 aut
1341 2559 1564 2608 externa
1599 2568 1729 2609 voce
1761 2555 2008 2624 prolatus

434 2647 536 2704 est,
556 2640 716 2694 homo
734 2642 835 2694 dici
869 2657 971 2695 non
1003 2651 1200 2712 potest.
1229 2643 1320 2698 sed
1345 2643 1581 2699 hominis
1609 2661 1806 2699 sermo.
1834 2645 2018 2712 Quod-

434 2732 502 2793 si,
551 2739 609 2784 ut
653 2731 743 2784 ille
779 2740 1035 2799 nugatur,
1081 2733 1320 2788 nondum
1351 2735 1496 2789 velut
1531 2734 1673 2790 fetus
1726 2744 1879 2803 erat,
1923 2746 2017 2791 aut

437 2820 526 2874 Ι)ρί
575 2817 746 2874 Filius
806 2821 948 2876 Dens
998 2821 1232 2878 Verbum
1263 2865 1275 2885 .
1344 2841 1439 2896 per
1487 2843 1780 2897 quemnam
1831 2829 2014 2884 omnia

434 2910 701 2980 producta
773 2914 952 2966 sunt?
1035 2913 1485 2986 Quandoquidem
1547 2927 1606 2974 ut
1667 2919 2014 2992 Evangelium

2119 1823 2300 1886 πόνος,
2332 1821 2540 1892 ματαία
2579 1821 2744 1875 αὐτοῦ
2775 1822 2869 1876 καὶ
2901 1824 2934 1893 ἡ
2969 1822 3307 1894 προαίρεσις,
3342 1822 3436 1876 καὶ
3469 1825 3503 1894 ἡ
3537 1822 3694 1887 ἐλπὶς,

2119 1915 2213 1970 καὶ
2245 1917 2278 1984 ὴ
2332 1915 2562 1970 διάνοια.
2597 1915 2732 1969 Οὐδὲ
2765 1915 2873 1987 γὰρ
2909 1915 3296 1986 περισσότερον
3327 1915 3436 1968 τῶν
3470 1917 3694 1986 ἀρνησα-

2122 2007 2300 2078 μένων
2332 2007 2495 2062 αῦτὸν
2535 2007 2806 2060 Ἰουδαίων
2855 2003 3011 2075 οὗτος
3063 2007 3232 2075 λέγει.
3280 2008 3358 2059 Οῦ
3405 2007 3516 2078 γάρ
3567 2007 3695 2076 λέγει

2118 2100 2251 2170 περὶ
2286 2099 2450 2153 αὑτοῦ
2496 2099 2558 2152 τὸ
2590 2099 2945 2168 Εὑαγγέλιον,
2985 2101 3067 2154 ὅτι
3108 2101 3212 2154 Ἐν
3247 2098 3409 2168 ἀρχῇ
3439 2096 3520 2165 ἦν
3543 2103 3575 2154 ὀ
3602 2104 3697 2155 Λό-

2119 2210 2242 2263 γος,
2277 2192 2370 2246 καὶ
2398 2193 2424 2246 6
2463 2193 2634 2261 Λόγος
2666 2187 2734 2264 ἦν
2766 2194 2824 2245 ὲν
2853 2191 2930 2262 τῷ
2955 2191 3109 2262 Θεῷο
3147 2191 3283 2258 ἀλλ’,
3323 2193 3378 2245 '0
3416 2194 3608 2261 Λόγος
3633 2189 3697 2259 ἦν

2119 2286 2268 2355 πρὸς
2298 2285 2405 2339 τὸν
2435 2287 2603 2340 Θεόν.
2637 2285 2747 2339 Καὶ
2771 2286 2833 2340 οῦ
2868 2285 3038 2355 λέγει,
3063 2287 3146 2339 ὅτι
3177 2287 3236 2339 ὲν
3269 2284 3348 2358 τῷ
3374 2284 3499 2357 Θεῷ
3521 2281 3587 2358 ἦν
3616 2285 3698 2356 μό-

2119 2395 2208 2430 νον
2228 2395 2240 2407 ·
2271 2378 2426 2442 ἀλλὰ,
2463 2379 2608 2442 Θεὸς
2645 2373 2724 2448 ἦν
2755 2381 2788 2432 ό
2816 2379 3024 2448 Λόγος.
3066 2379 3206 2432 Ἀλλ’
3231 2379 3291 2433 ἐν
3320 2379 3398 2450 τῷ
3439 2378 3697 2450 ἀνθρώπῳ

2122 2470 2241 2541 μὲν,
2283 2472 2437 2540 λόγος
2469 2471 2775 2535 ἐνδιάθετος
2805 2472 2892 2525 ἀεὶ
2923 2472 3016 2525 καὶ
3048 2472 3386 2544 προφορικδς
3417 2473 3692 2542 ὑπάρχων.

2118 2562 2177 2616 οὐ
2207 2561 2432 2618 δύναται
2462 2563 2717 2631 λέγεσθαι
2760 2564 3066 2634 ἄνθρωπος,
3113 2563 3246 2618 ἀλλὰ
3293 2564 3585 2635 ἀνθρώπου
3623 2565 3698 2618 16-

2119 2673 2232 2726 γος.
2271 2656 2337 2711 Ei
2365 2658 2384 2688 "
2422 2657 2523 2711 οὐκ
2555 2653 2623 2730 ἦν
2653 2656 2806 2712 οὔπω
2834 2657 2893 2711 τὸ
2926 2659 3192 2729 γέννημα,
3227 2657 3302 2720 ώς
3337 2659 3505 2722 αὑτὴ
3544 2658 3693 2726 λέγει,

2119 2749 2214 2802 καὶ
2239 2750 2287 2802 εί
2309 2746 2463 2802 οὔπω
2497 2744 2564 2820 ἧν
2596 2749 2724 2813 Υἱὸς
2763 2749 2858 2802 τοῦ
2890 2748 3026 2802 Θεοῦ
3053 2750 3186 2813 Θεὸς
3225 2751 3421 2818 Λόγος,
3451 2749 3540 2802 διά
3569 2750 3695 2812 τίνος

2118 2838 2186 2891 τά
2233 2837 2409 2892 πάντα
2455 2839 2778 2911 γεγένηται;
2837 2840 3020 2911 ἐπειδή
3056 2857 3187 2911 φησι
3231 2840 3292 2892 τὸ
3341 2841 3694 2909 Εὐαγγὲλιον·

2122 2927 2324 2982 Πάντα
2344 2929 2420 2982 δι’
2445 2929 2632 2984 αὐτοῦ
2658 2930 2918 3000 ἐγένετο,
2939 2931 3036 2983 καὶ
3057 2929 3236 3000 χωρίς
3261 2931 3450 2984 αὐτοῦ
3477 2931 3697 3000 ἐγένετο

433 3003 656 3069 asserit,
701 3003 894 3058 Omnia
931 3022 1023 3074 per
1059 3008 1228 3076 ipsum
1260 3009 1404 3078 facta
1433 3022 1585 3075 sunt,
1641 3022 1690 3067 et
1736 3015 1850 3069 sine
1902 3017 2008 3080 ipsa

437 3093 630 3117 I--o-----
680 3105 749 3117 -.-ι
794 3098 866 3117 --τι
889 3096 958 3117 ΙΙ.
1052 3099 1130 3117 Δ.-
1183 3101 1194 3111 ο
1239 3116 1242 3117 ,
1509 3103 1520 3117 I
1642 3105 1651 3117 ι
1816 3107 1826 3117 ο
1954 3108 1984 3117 .,

2123 3019 2263 3073 οὐδὲ
2294 3021 2383 3076 ἓν.
2430 3021 2612 3084 Ἀλλά,
2648 3021 2835 3094 φησὶν,
2867 3022 3056 3094 ὥσπερ
3083 3022 3168 3076 διὰ
3192 3022 3350 3091 λόγου
3373 3025 3402 3076 6
3425 3023 3698 3094 ἄνθρωπος

433 3093 632 3162 factum
671 3105 749 3149 est
791 3096 979 3151 nihil'.
1040 3099 1252 3154 Atenim
1290 3103 1772 3170 quemadmodum,
1815 3107 2014 3177 inquit,

435 3186 596 3240 homo
644 3203 740 3254 per
776 3186 1013 3242 Verbum
1065 3206 1224 3244 suum
1272 3192 1537 3263 quidquid
1574 3196 1794 3251 libuerit
1828 3199 2012 3263 ellicit,

432 3272 507 3330 Ita
537 3283 590 3328 et
626 3275 783 3330 l’ater
828 3292 923 3346 per
963 3275 1198 3333 Verbum
1235 3297 1417 3345 suum,
1451 3284 1594 3351 quod
1637 3285 1691 3338 in
1726 3286 1843 3355 ipso
1876 3295 2014 3354 erat,

435 3367 687 3422 universa
713 3371 1037 3438 procreavit.
1067 3369 1352 3436 Quomodo
1377 3376 1539 3445 igitur
1561 3377 1664 3431 hoc
1689 3380 1742 3432 in
1773 3378 2016 3452 Evange-

433 3455 508 3510 lio
555 3454 763 3508 Domini
808 3457 1016 3510 dictum
1064 3460 1438 3530 accipiendum
1489 3476 1602 3520 cst:
1662 3467 1826 3522 Pater
1857 3487 2019 3542 usque

434 3547 590 3599 modo
629 3559 897 3616 operatur,
932 3561 979 3602 et
1008 3567 1100 3620 ego
1135 3569 1320 3622 operor
1343 3556 1395 3608 ’?
1439 3555 1569 3622 Qua:
1607 3561 1768 3614 verba
1803 3578 1909 3616 non
1936 3564 2016 3617 sic

431 3642 778 3710 intelligenda
820 3652 968 3706 sunt,
1011 3649 1166 3714 quasi
1215 3649 1266 3702 in
1316 3649 1402 3704 his
1443 3665 1564 3718 quae
1613 3651 1782 3708 Filius
1831 3654 2014 3723 eﬂicit,

431 3731 568 3785 nihil
599 3731 761 3786 Pater
792 3733 907 3803 ipse
940 3737 1219 3802 moliatur,
1271 3749 1364 3794 aut
1398 3751 1587 3796 contra
1621 3743 2016 3802 abalienandus

431 3824 504 3878 sit
532 3822 733 3891 Filius;
779 3841 956 3896 neque
986 3844 1044 3884 se
1082 3828 1263 3884 Patris
1298 3833 1517 3902 epiﬁeio
1556 3835 1766 3905 agendo
1808 3839 2011 3909 aliquid

431 3916 754 3973 immisceat.
808 3917 1086 3988 Siquidem
1123 3938 1288 3992 opera
1337 3927 1519 3980 omnia
1565 3943 1593 3980 a
1637 3927 1798 3984 Patre
1851 3931 2015 3986 simul

428 4016 484 4060 et
519 4005 653 4062 Filio
688 4018 741 4062 et
772 4009 976 4080 Spiritu
1010 4022 1202 4068 sancto
1239 4016 1501 4084 producta
1535 4026 1684 4073 sunt.
1743 4017 1878 4072 Nam
1920 4037 2016 4090 per

429 4099 606 4168 ipsum
642 4102 822 4155 otnuia
850 4113 978 4157 sunt
1009 4119 1039 4157 a
1070 4104 1228 4160 Patre
1261 4107 1526 4176 producta
1553 4128 1566 4176 ;
1623 4112 1846 4181 ipseque
1879 4113 2015 4168 adeo

428 4207 552 4246 cum
576 4191 736 4248 Patre
771 4205 825 4247 et.
857 4194 1063 4267 Spiritu
1091 4207 1282 4254 sancto
1309 4199 1593 4257 fabricavit
1617 4205 1819 4260 omnia.
1850 4203 2014 4260 Verbo

425 4284 561 4336 enim
598 4283 810 4339 Domini
861 4287 976 4341 caeli
1015 4289 1234 4358 formati
1261 4303 1403 4360 sunt,
1461 4305 1508 4348 et
1548 4297 1739 4364 spiritu
1769 4299 1873 4350 oris
1901 4298 2013 4365 ejus

427 4375 594 4426 omnis
619 4376 782 4430 virtus
811 4393 991 4431 eorum
1016 4379 1058 4434 δ.
1113 4380 1381 4446 Quocirca
1417 4394 1577 4442 caute
1609 4387 1740 4442 illud
1773 4387 2013 4458 pruden-

427 4472 618 4533 terque
663 4466 922 4524 Dominus
965 4471 1021 4524 in
1067 4471 1360 4542 Evangelio
1407 4477 1566 4540 dixit,
1615 4495 1762 4542 cum,
1823 4489 2015 4550 utpote

431 4554 573 4612 Deus
620 4562 800 4612 omnia
850 4563 1175 4630 praevidens,
1232 4582 1294 4620 ac
1331 4569 1460 4638 quid
1497 4569 1706 4640 decepti
1761 4572 2013 4627 homines

428 4649 720 4719 cogitaturi
770 4653 1063 4722 aliquando
1116 4655 1315 4724 forent,
1357 4671 1520 4729 utque
1565 4664 1632 4717 ab
1675 4681 1734 4718 se
1780 4665 2012 4734 quisque

426 4743 708 4795 veritatem
761 4742 1172 4811 abjudicaturus
1227 4758 1371 4803 esset
1422 4750 1728 4823 intelligens
1759 4795 1774 4817 ,
1836 4754 2008 4820 Nihil,

425 4832 622 4903 inquit,
653 4852 686 4888 a
713 4837 884 4904 seipse
921 4838 1050 4907 facit
1081 4838 1276 4906 Filius,
1314 4847 1418 4898 nisi
1451 4845 1635 4900 viderit
1669 4847 1884 4904 Patrem
1909 4852 2001 4920 fa-

423 4925 640 4979 cientem
666 4928 708 4980 ’.
749 4927 860 4983 Nec
887 4933 1144 5002 estquod
1174 4937 1485 5006 suspicetur
1517 4941 1734 5010 aliquis,
1770 4945 2004 5012 primum

423 5019 574 5072 illum
609 5022 814 5086 videre,
855 5023 1051 5080 deinde
1084 5025 1284 5084 facere.
1341 5029 1510 5086 llahet.
1550 5034 1694 5088 enim
1732 5037 1784 5090 in
1819 5039 2003 5109 seipso

419 5111 625 5174 omnia,
649 5121 703 5167 et
731 5130 1072 5187 quaecunque
1100 5121 1333 5176 voluerit
1366 5125 1594 5194 perlicit.

491 5202 556 5256 V.
589 5203 820 5270 Quinam
858 5209 1023 5279 igitur
1053 5226 1179 5266 vera
1231 5213 1345 5268 inec
1377 5230 1519 5280 esse,
1565 5213 1814 5282 Photine,
1851 5227 2000 5289 pote-

420 5297 584 5350 runt?
637 5298 771 5364 Quis
800 5300 890 5356 ille
927 5310 1012 5358 est
1059 5305 1153 5374 qui
1199 5307 1250 5360 in
1291 5315 1342 5360 te
1392 5308 1550 5362 nobis
1585 5324 1778 5366 rursus
1813 5311 1999 5366 lolium

420 5387 554 5442 illud
583 5389 943 5448 disseminat?
982 5395 1116 5461 Quis
1147 5399 1276 5453 illud
1307 5400 1459 5454 virus
1491 5400 1544 5454 in
1579 5401 1874 5458 humanum
1907 5418 2000 5474 ge-

423 5492 527 5532 nus
550 5479 783 5536 eﬁ‘udit?
808 5485 942 5551 Quis
973 5494 1136 5544 tanta:
1166 5490 1262 5546 tibi
1291 5491 1602 5559 impietatis,
1631 5507 1693 5548 ac
1726 5501 1838 5549 tam
1867 5509 2001 5550 con-

2123 3113 2351 3183 πράττει
2387 3113 2415 3166 δ
2450 3113 2912 3184 βούλεται,οῦτως
2941 3115 3029 3168 διὰ
3053 3114 3147 3167 τοῦ
3185 3115 3314 3168 ἰδίου
3339 3117 3518 3173 Λόγου
3547 3117 3575 3168 6
3595 3117 3692 3168 Παο

2120 3207 2224 3276 τὴρ
2253 3205 2342 3258 διά
2371 3205 2466 3258 τοῦ
2495 3206 2647 3270 ὄντος
2691 3208 2749 3259 ὲν
2783 3205 2934 3277 αὐτῷ
2967 3206 3111 3276 λόγῳ
3154 3208 3380 3278 ἐποίησε
3417 3208 3486 3261 τὰ
3511 3210 3694 3262 πάντα.

2121 3297 2247 3360 Πῶς
2269 3293 2362 3351 οὖν
2384 3299 2412 3352 6
2439 3297 2642 3369 Κύριος
2667 3297 2755 3351 διὰ
2782 3298 2875 3352 τοῦ
2900 3299 3235 3368 Εὐαγγελίου
3263 3299 3436 3368 λέγει,
3466 3301 3549 3353 ὅτι
3566 3303 3698 3366 Ἕως

2119 3389 2247 3457 ἄρτι
2277 3393 2310 3443 ὀ
2337 3389 2542 3459 Πατὴρ
2583 3389 2902 3459 ἐργάζεται,
2943 3391 3103 3461 κάγὼ
3133 3391 3480 3461 ἐργάζομαι;
3528 3393 3601 3445 Τὸ
3629 3393 3696 3454 δὲ,

2129 3483 2184 3532 '0
2209 3483 2410 3550 Πατὴρ
2443 3482 2739 3551 ἐργάζεται
2761 3522 2774 3545 ,
2809 3483 2972 3552 κάγὼ
3013 3483 3351 3553 ἐργάζομαι,
3385 3486 3447 3538 οὐ
3473 3485 3569 3537 τοῦ
3596 3486 3696 3537 Πα-

2118 3575 2245 3644 τρδς
2278 3575 2352 3646 μὴ
2398 3575 2770 3647 ἐργαζομένου
2817 3577 2875 3629 ἐν
2907 3578 2972 3646 τῇ
3019 3576 3112 3629 τοῦ
3143 3577 3272 3631 Υίοῦ
3302 3580 3559 3650 ἐργασίᾳ,
3590 3580 3696 3632 οὐδὲ

2117 3666 2212 3718 τοῦ
2244 3666 2374 3720 Υίοῦ
2400 3667 2808 3736 άλλοτριοῦντος
2827 3667 2871 3733 ⁸,
2901 3667 2996 3720 καὶ
3027 3667 3101 3739 μὴ
3136 3670 3523 3740 ἐργαοαμένου
3552 3673 3607 3723 ὲν
3637 3673 3692 3739 τῇ

2117 3754 2212 3807 τοῦ
2253 3755 2468 3827 Πατρὸς
2515 3756 2871 3828 δημιουργίᾳ.
2929 3757 3115 3810 Πάντα
3151 3759 3261 3828 γάρ
3303 3760 3370 3813 τά
3414 3761 3558 3832 ἔργα
3609 3762 3694 3813 ὅσα

2117 3843 2283 3908 ἐστὶν,
2314 3845 2430 3915 ἃμα
2457 3847 2520 3898 ὲκ
2552 3846 2765 3916 Πατρὸς
2812 3846 2906 3900 καὶ
2940 3846 3069 3900 Υίοῦ
3117 3850 3208 3902 καὶ
3249 3850 3406 3918 ἁγίου
3455 3850 3696 3921 Πνεῦμα-

2116 3951 2206 3997 τος
2239 3934 2544 4006 γεγένηται.
2584 3937 2662 3989 Δι’
2695 3937 2859 3990 αὑτοῦ
2891 3937 3001 4008 γάρ
3033 3938 3100 3992 τά
3132 3942 3309 3993 πάντα
3341 3943 3569 4010 γέγονεν
3601 3942 3693 3995 ἀπὸ

2118 4024 2368 4094 Πατρὸς,
2404 4026 2498 4079 καὶ
2534 4027 2695 4090 αὐτὸς
2744 4027 2814 4082 τά
2843 4029 3020 4081 πάντα
3051 4031 3347 4101 είργάσατο
3374 4034 3473 4085 σὺν
3510 4035 3691 4104 Πατρὶ,

2117 4116 2208 4168 καὶ
2253 4117 2350 4169 οῦν
2380 4117 2521 4188 ἁγίῳ
2571 4118 2872 4190 Πνεῦματι.
2928 4119 3011 4186 Τῷ
3044 4121 3152 4191 γὰρ
3190 4125 3350 4192 λόγῳ
3387 4125 3608 4193 Kvpt'ov
3647 4129 3692 4177 ei

2116 4209 2361 4275 οὐρανοὶ
2426 4209 2914 4278 ἐστερεώθησαν.
2968 4215 3066 4266 καὶ
3115 4212 3195 4279 τῷ
3245 4217 3543 4286 πνεύματι
3599 4216 3690 4270 τοῦ

2116 4301 2413 4368 στόματος
2442 4301 2630 4356 αὐτοῦ
2660 4303 2827 4357 πᾶσα
2864 4306 2900 4370 ἡ
2937 4304 3189 4373 δύναμις
3216 4305 3438 4364 αὐτῶν.
3487 4310 3571 4361 ίὶιδ
3610 4310 3688 4360 xz‘:

2049 4441 2090 4495 Β
2121 4389 2258 4459 μετὰ
2311 4393 2614 4460 ἀσφαλείας
2643 4396 2670 4448 6
2706 4394 2910 4467 Κύριος
2939 4397 2997 4448 ὲν
3024 4397 3101 4467 τῷ
3155 4398 3470 4470 Εὑαγγελίιε.
3514 4401 3685 4467 ἔλεγε,

2116 4481 2400 4550 γινώσκων
2445 4483 2545 4547 τὰς
2585 4486 2840 4550 ὑπονοίας
2885 4488 2994 4540 τῶν
3055 4489 3530 4561 πεπλανημένων,
3571 4510 3687 4562 προ-

2115 4573 2362 4646 γνώστης
2389 4573 2484 4637 ὢν,
2524 4576 2599 4639 ώς
2624 4575 2777 4645 Θεὸς,
2814 4579 2908 4632 καὶ
2934 4578 3009 4641 ὡς
3045 4579 3278 4649 ἤμελλεν
3319 4583 3556 4646 ἕκαστος
3591 4583 3689 4636 ἀπὸ

2113 4668 2212 4736 τῆς
2255 4667 2513 4739 ἀληθείας
2561 4670 2752 4722 ἑαυτὸν
2802 4670 3125 4734 ἐκϐάλλειν,
3176 4673 3331 4742 ἔλεγε
3389 4676 3528 4746 πρὸς
3577 4677 3690 4738 τοὺς

2125 4758 2408 4823 Ἰουδαίους
2428 4776 2441 4790 °
2467 4760 2659 4814 Οὐδὲν
2684 4762 2784 4831 ἀφ’
2804 4763 3020 4817 ἑαυτοῦ
3060 4763 3220 4818 ποιεῖ
3242 4769 3276 4819 ό
3309 4766 3458 4832 mc,
3488 4768 3597 4820 ἐὰν
3610 4766 3685 4835 μὴ

2112 4847 2210 4917 ἴδῃ
2252 4848 2360 4902 τὸν
2402 4848 2634 4919 Πατέρα
2679 4852 2986 4908 ποιοῦντα.
3045 4855 3153 4907 Καὶ
3205 4856 3305 4926 οὐχ
3353 4857 3435 4909 ὅτι
3483 4857 3684 4926 πρῶτον

2112 4942 2233 5011 ὁρᾷ,
2265 4939 2456 4994 ἔπειτα
2489 4942 2750 5013 πράττει⁶
2779 4943 2914 4998 ἀλλὰ
2939 4945 3116 5000 πάντα
3146 4948 3203 5000 ἐν
3233 4948 3412 5021 ἑαυτῷ
3446 4950 3561 5020 ἔγει
3604 4951 3683 5003 καὶ

2113 5033 2362 5102 πράττει,
2396 5032 2432 5086 ἃ
2467 5032 2735 5105 βούλεται.

2183 5216 2258 5268 Ε’.
2301 5216 2426 5281 Πῶς
2455 5213 2546 5271 οὖν
2577 5219 2750 5273 ταῦτα
2781 5219 2954 5284 ἔσται,
2982 5221 3027 5274 ὦ
3049 5223 3316 5291 Φωτεινέ;
3349 5227 3419 5280 Ἦ
3455 5239 3542 5291 τις
3577 5230 3603 5281 6
3635 5230 3685 5279 ἐν

2113 5308 2194 5360 σοὶ
2228 5311 2388 5362 πάλιν
2423 5313 2551 5382 ἡμῖν
2581 5313 3013 5384 τροόαλλόμενος
3035 5315 3193 5369 τοῦτο
3213 5316 3272 5370 τὸ
3303 5317 3574 5384 ζιζάνιονς
3599 5322 3684 5384 Τίς

2107 5402 2135 5454 6
2156 5401 2216 5454 τὸ
2253 5402 2576 5474 δηλητήριον
2611 5405 2767 5458 τοῦτο
2793 5408 3215 5471 κατασκευάσας
3239 5410 3319 5481 τῷ
3350 5411 3484 5482 βίῳ;
3524 5411 3681 5465 Πόθεν

2106 5495 2168 5550 τὸ
2198 5497 2432 5569 πονηρόν
2479 5514 2560 5550 σοι
2610 5499 2962 5570 ἐνθυμεῖσθαι
3007 5502 3151 5557 κατὰ
3195 5503 3291 5556 τοῦ
3345 5504 3551 5576 Κυρίου
3595 5522 3681 5560 σου

929 5669 1114 5760 ursi-
1138 5673 1191 5727 δ·
1269 5675 1473 5736 “om
1582 5679 1665 5734 "-
1745 5678 1939 5736 ‘M-
1971 5694 2004 5735 ι

2125 5725 2138 5750 ,
2175 5681 2228 5739 6.
2307 5684 2326 5714 ⁵
2345 5681 2503 5740 Joan.
2530 5699 2582 5750 ν,
2614 5684 2696 5742 19.
2775 5689 2794 5719 ⁶
2822 5687 2883 5742 F.
2903 5687 3062 5744 Ἀλλά
3087 5705 3186 5760 pro
3209 5691 3314 5756 ώς;
3381 5692 3401 5724 ⁷
3431 5690 3588 5749 Deest
3604 5693 3676 5748 δέ.

422 5727 445 5761 ⁸
475 5727 579 5801 ch
631 5727 906 5806 ἀλλοτρίου
936 5739 1105 5803 ὄντος.
