  <div class='ocr_page' id='page_1' title='image "/cluster/home/n/w/nwhite01/storage/ocr_20150623/42/hvd.32044011752995/190.png"; bbox 0 0 3798 6212; ppageno 0'>
   <div class='ocr_carea' id='block_1_1' title="bbox 124 360 1681 425">
    <p class='ocr_par' dir='ltr' id='par_1_1' title="bbox 124 360 1646 425">
     <span class='ocr_line' id='line_1_1' title="bbox 124 360 1646 425; baseline -0.003 0"><span class='ocrx_word' id='word_1_1' title='bbox 124 366 211 425; x_wconf 73' lang='grc'><strong>331</strong></span> <span class='ocrx_word' id='word_1_2' title='bbox 727 360 959 418; x_wconf 76' lang='lat' dir='ltr'><strong>ADVER</strong></span> <span class='ocrx_word' id='word_1_3' title='bbox 969 361 1098 420; x_wconf 88' lang='lat' dir='ltr'><strong>SUS</strong></span> <span class='ocrx_word' id='word_1_4' title='bbox 1137 363 1480 421; x_wconf 66' lang='lat' dir='ltr'><strong>[LERESES</strong></span> <span class='ocrx_word' id='word_1_5' title='bbox 1519 362 1646 422; x_wconf 87' lang='lat' dir='ltr'><strong>LIB.</strong></span> 
     </span>
    </p>
   </div>
   <div class='ocr_carea' id='block_1_2' title="bbox 1839 360 2721 425">
    <p class='ocr_par' dir='ltr' id='par_1_2' title="bbox 1839 364 2721 424">
     <span class='ocr_line' id='line_1_2' title="bbox 1839 364 2721 424; baseline 0.001 -3"><span class='ocrx_word' id='word_1_6' title='bbox 1839 365 1983 424; x_wconf 82' lang='grc' dir='ltr'><strong>ΓΟΜ.</strong></span> <span class='ocrx_word' id='word_1_7' title='bbox 2022 367 2148 420; x_wconf 85' lang='grc'><strong>1.-</strong></span> <span class='ocrx_word' id='word_1_8' title='bbox 2191 365 2468 421; x_wconf 64' lang='lat' dir='ltr'><strong>IIIERES.</strong></span> <span class='ocrx_word' id='word_1_9' title='bbox 2511 364 2721 422; x_wconf 78' lang='lat' dir='ltr'><strong>LXXII.</strong></span> 
     </span>
    </p>
   </div>
   <div class='ocr_carea' id='block_1_3' title="bbox 3254 371 3362 428">
    <p class='ocr_par' dir='ltr' id='par_1_3' title="bbox 3254 371 3362 428">
     <span class='ocr_line' id='line_1_3' title="bbox 3254 371 3362 428; baseline 0.019 -3"><span class='ocrx_word' id='word_1_10' title='bbox 3254 371 3362 428; x_wconf 76' lang='grc'><strong>382</strong></span> 
     </span>
    </p>
   </div>
   <div class='ocr_carea' id='block_1_4' title="bbox 125 477 1681 555">
    <p class='ocr_par' dir='ltr' id='par_1_4' title="bbox 125 477 1670 555">
     <span class='ocr_line' id='line_1_4' title="bbox 125 477 1670 555; baseline 0.002 -22"><span class='ocrx_word' id='word_1_11' title='bbox 125 482 416 555; x_wconf 67' lang='grc' dir='ltr'>βλάσφημον</span> <span class='ocrx_word' id='word_1_12' title='bbox 435 477 620 532; x_wconf 78' lang='grc' dir='ltr'>λαϐεῖν</span> <span class='ocrx_word' id='word_1_13' title='bbox 644 478 931 543; x_wconf 74' lang='grc' dir='ltr'>ύπὸνοιανς</span> <span class='ocrx_word' id='word_1_14' title='bbox 957 481 1070 534; x_wconf 82' lang='grc' dir='ltr'>Ούκ</span> <span class='ocrx_word' id='word_1_15' title='bbox 1097 480 1283 534; x_wconf 80' lang='grc' dir='ltr'>ἔπεισέ</span> <span class='ocrx_word' id='word_1_16' title='bbox 1310 497 1367 534; x_wconf 87' lang='grc' dir='ltr'><strong>σε</strong></span> <span class='ocrx_word' id='word_1_17' title='bbox 1400 481 1670 554; x_wconf 75' lang='grc' dir='ltr'>Ἀϐραὰμ,</span> 
     </span>
    </p>
   </div>
   <div class='ocr_carea' id='block_1_5' title="bbox 1839 477 3369 555">
    <p class='ocr_par' dir='ltr' id='par_1_5' title="bbox 1841 477 3369 552">
     <span class='ocr_line' id='line_1_5' title="bbox 1841 477 3369 552; baseline 0.003 -18"><span class='ocrx_word' id='word_1_18' title='bbox 1841 483 2058 536; x_wconf 70' lang='lat' dir='ltr'><strong>eleratze</strong></span> <span class='ocrx_word' id='word_1_19' title='bbox 2143 480 2667 548; x_wconf 85' lang='lat' dir='ltr'><strong>contumeliosaeque</strong></span> <span class='ocrx_word' id='word_1_20' title='bbox 2727 478 2780 532; x_wconf 89' lang='lat' dir='ltr'><strong>in</strong></span> <span class='ocrx_word' id='word_1_21' title='bbox 2862 477 3028 534; x_wconf 87' lang='lat' dir='ltr'><strong>Deum</strong></span> <span class='ocrx_word' id='word_1_22' title='bbox 3089 483 3369 552; x_wconf 78' lang='lat' dir='ltr'><strong>opinionis</strong></span> 
     </span>
    </p>
   </div>
   <div class='ocr_carea' id='block_1_6' title="bbox 123 571 1676 644">
    <p class='ocr_par' dir='ltr' id='par_1_6' title="bbox 123 571 1676 644">
     <span class='ocr_line' id='line_1_6' title="bbox 123 571 1676 644; baseline 0.001 -17"><span class='ocrx_word' id='word_1_23' title='bbox 123 575 324 644; x_wconf 73' lang='grc' dir='ltr'>φάσκων</span> <span class='ocrx_word' id='word_1_24' title='bbox 361 571 493 642; x_wconf 77' lang='grc' dir='ltr'>πρὸς</span> <span class='ocrx_word' id='word_1_25' title='bbox 533 571 694 624; x_wconf 77' lang='grc' dir='ltr'>αὑτὸν</span> <span class='ocrx_word' id='word_1_26' title='bbox 731 572 823 624; x_wconf 80' lang='grc' dir='ltr'>καὶ</span> <span class='ocrx_word' id='word_1_27' title='bbox 854 571 1027 642; x_wconf 82' lang='grc' dir='ltr'>λέγων</span> <span class='ocrx_word' id='word_1_28' title='bbox 1052 590 1064 604; x_wconf 77' lang='grc' dir='ltr'><strong><em>ο</em></strong></span> <span class='ocrx_word' id='word_1_29' title='bbox 1107 573 1160 625; x_wconf 88' lang='grc' dir='ltr'><em>Ὀ</em></span> <span class='ocrx_word' id='word_1_30' title='bbox 1206 575 1430 642; x_wconf 81' lang='grc' dir='ltr'><strong>κρίνων</strong></span> <span class='ocrx_word' id='word_1_31' title='bbox 1468 573 1676 629; x_wconf 79' lang='grc' dir='ltr'>πᾶσαν</span> 
     </span>
    </p>
   </div>
   <div class='ocr_carea' id='block_1_7' title="bbox 121 662 1676 740">
    <p class='ocr_par' dir='ltr' id='par_1_7' title="bbox 121 662 1676 740">
     <span class='ocr_line' id='line_1_7' title="bbox 121 662 1676 740; baseline 0.003 -21"><span class='ocrx_word' id='word_1_32' title='bbox 121 666 220 732; x_wconf 79' lang='grc' dir='ltr'><strong>τὴν</strong></span> <span class='ocrx_word' id='word_1_33' title='bbox 244 662 372 732; x_wconf 75' lang='grc' dir='ltr'>γῆν,</span> <span class='ocrx_word' id='word_1_34' title='bbox 409 665 480 716; x_wconf 84' lang='grc' dir='ltr'>οὐ</span> <span class='ocrx_word' id='word_1_35' title='bbox 509 663 783 730; x_wconf 77' lang='grc' dir='ltr'>ποιήσεις</span> <span class='ocrx_word' id='word_1_36' title='bbox 813 667 1049 733; x_wconf 82' lang='grc' dir='ltr'>κρίσιν;</span> <span class='ocrx_word' id='word_1_37' title='bbox 1091 666 1412 738; x_wconf 80' lang='grc' dir='ltr'>Ἐλέγχθητι</span> <span class='ocrx_word' id='word_1_38' title='bbox 1441 669 1572 740; x_wconf 76' lang='grc' dir='ltr'>γὰρ,</span> <span class='ocrx_word' id='word_1_39' title='bbox 1601 670 1676 734; x_wconf 83' lang='grc' dir='ltr'>ὡς</span> 
     </span>
    </p>
   </div>
   <div class='ocr_carea' id='block_1_8' title="bbox 122 753 1680 830">
    <p class='ocr_par' dir='ltr' id='par_1_8' title="bbox 122 753 1680 830">
     <span class='ocr_line' id='line_1_8' title="bbox 122 753 1680 830; baseline 0.003 -19"><span class='ocrx_word' id='word_1_40' title='bbox 122 758 234 827; x_wconf 69' lang='grc' dir='ltr'>παρ’</span> <span class='ocrx_word' id='word_1_41' title='bbox 267 753 406 825; x_wconf 70' lang='grc' dir='ltr'>αὐτῷ</span> <span class='ocrx_word' id='word_1_42' title='bbox 444 758 472 809; x_wconf 84' lang='grc' dir='ltr'>ὁ</span> <span class='ocrx_word' id='word_1_43' title='bbox 499 755 629 820; x_wconf 82' lang='grc' dir='ltr'>Υἱὸς</span> <span class='ocrx_word' id='word_1_44' title='bbox 665 757 1000 828; x_wconf 77' lang='grc' dir='ltr'>ἐπεδήμησε,</span> <span class='ocrx_word' id='word_1_45' title='bbox 1044 759 1138 812; x_wconf 71' lang='grc' dir='ltr'><strong>καὶ</strong></span> <span class='ocrx_word' id='word_1_46' title='bbox 1177 760 1237 812; x_wconf 84' lang='grc' dir='ltr'><strong>ού</strong></span> <span class='ocrx_word' id='word_1_47' title='bbox 1287 762 1541 830; x_wconf 81' lang='grc' dir='ltr'>προφορά</span> <span class='ocrx_word' id='word_1_48' title='bbox 1593 778 1680 825; x_wconf 82' lang='grc' dir='ltr'>τις</span> 
     </span>
    </p>
   </div>
   <div class='ocr_carea' id='block_1_9' title="bbox 121 849 1676 926">
    <p class='ocr_par' dir='ltr' id='par_1_9' title="bbox 121 849 1676 926">
     <span class='ocr_line' id='line_1_9' title="bbox 121 849 1676 926; baseline 0.001 -24"><span class='ocrx_word' id='word_1_49' title='bbox 121 849 202 912; x_wconf 82' lang='grc' dir='ltr'>ὢν,</span> <span class='ocrx_word' id='word_1_50' title='bbox 233 849 336 902; x_wconf 79' lang='grc' dir='ltr'>ἀλλ’</span> <span class='ocrx_word' id='word_1_51' title='bbox 364 849 726 911; x_wconf 84' lang='grc' dir='ltr'>ὲνυπόστατος</span> <span class='ocrx_word' id='word_1_52' title='bbox 770 849 902 912; x_wconf 73' lang='grc' dir='ltr'><strong>Θεὸς</strong></span> <span class='ocrx_word' id='word_1_53' title='bbox 939 851 1129 918; x_wconf 82' lang='grc' dir='ltr'><strong>Λόγος.</strong></span> <span class='ocrx_word' id='word_1_54' title='bbox 1160 853 1269 904; x_wconf 69' lang='grc' dir='ltr'><strong>Καὶ</strong></span> <span class='ocrx_word' id='word_1_55' title='bbox 1297 853 1446 916; x_wconf 83' lang='grc' dir='ltr'>ὅπως</span> <span class='ocrx_word' id='word_1_56' title='bbox 1474 853 1676 926; x_wconf 80' lang='grc' dir='ltr'>γνῲης,</span> 
     </span>
    </p>
   </div>
   <div class='ocr_carea' id='block_1_10' title="bbox 120 937 1679 1015">
    <p class='ocr_par' dir='ltr' id='par_1_10' title="bbox 120 937 1679 1015">
     <span class='ocr_line' id='line_1_10' title="bbox 120 937 1679 1015; baseline 0.003 -21"><span class='ocrx_word' id='word_1_57' title='bbox 120 937 158 994; x_wconf 79' lang='grc' dir='ltr'><strong>ὦ</strong></span> <span class='ocrx_word' id='word_1_58' title='bbox 195 940 491 1010; x_wconf 69' lang='grc' dir='ltr'>ὲθελὸσοφε,</span> <span class='ocrx_word' id='word_1_59' title='bbox 545 939 607 992; x_wconf 82' lang='grc' dir='ltr'>τὸ</span> <span class='ocrx_word' id='word_1_60' title='bbox 644 939 816 1011; x_wconf 78' lang='grc' dir='ltr'>πέρας</span> <span class='ocrx_word' id='word_1_61' title='bbox 851 941 959 994; x_wconf 84' lang='grc' dir='ltr'><strong>τῶν</strong></span> <span class='ocrx_word' id='word_1_62' title='bbox 1011 943 1068 993; x_wconf 84' lang='grc' dir='ltr'>ἐν</span> <span class='ocrx_word' id='word_1_63' title='bbox 1109 943 1282 1015; x_wconf 74' lang='grc' dir='ltr'>ταύτῃ</span> <span class='ocrx_word' id='word_1_64' title='bbox 1313 946 1378 1014; x_wconf 82' lang='grc' dir='ltr'><strong>τῇ</strong></span> <span class='ocrx_word' id='word_1_65' title='bbox 1422 944 1679 998; x_wconf 83' lang='grc' dir='ltr'>ὑποθέσει</span> 
     </span>
    </p>
   </div>
   <div class='ocr_carea' id='block_1_11' title="bbox 120 1032 1678 1109">
    <p class='ocr_par' dir='ltr' id='par_1_11' title="bbox 120 1032 1678 1109">
     <span class='ocr_line' id='line_1_11' title="bbox 120 1032 1678 1109; baseline 0.003 -23"><span class='ocrx_word' id='word_1_66' title='bbox 120 1032 698 1104; x_wconf 78' lang='grc' dir='ltr'>πεπραγματευμένων,</span> <span class='ocrx_word' id='word_1_67' title='bbox 727 1033 802 1096; x_wconf 84' lang='grc' dir='ltr'>ὡς</span> <span class='ocrx_word' id='word_1_68' title='bbox 832 1035 889 1086; x_wconf 81' lang='grc' dir='ltr'>ὲν</span> <span class='ocrx_word' id='word_1_69' title='bbox 920 1037 986 1106; x_wconf 80' lang='grc' dir='ltr'><strong>τῇ</strong></span> <span class='ocrx_word' id='word_1_70' title='bbox 1026 1034 1147 1106; x_wconf 77' lang='grc' dir='ltr'>θείᾳ</span> <span class='ocrx_word' id='word_1_71' title='bbox 1180 1035 1370 1106; x_wconf 71' lang='grc' dir='ltr'>Γραφῇ</span> <span class='ocrx_word' id='word_1_72' title='bbox 1403 1038 1678 1109; x_wconf 65' lang='grc' dir='ltr'>ἐπισφρα-</span> 
     </span>
    </p>
   </div>
   <div class='ocr_carea' id='block_1_12' title="bbox 118 1124 1678 1198">
    <p class='ocr_par' dir='ltr' id='par_1_12' title="bbox 118 1124 1678 1198">
     <span class='ocr_line' id='line_1_12' title="bbox 118 1124 1678 1198; baseline 0.003 -20"><span class='ocrx_word' id='word_1_73' title='bbox 118 1126 388 1196; x_wconf 83' lang='grc' dir='ltr'>γισάμενος</span> <span class='ocrx_word' id='word_1_74' title='bbox 429 1124 492 1178; x_wconf 83' lang='grc' dir='ltr'><strong>τὸ</strong></span> <span class='ocrx_word' id='word_1_75' title='bbox 531 1125 735 1179; x_wconf 82' lang='grc' dir='ltr'>τέλειον</span> <span class='ocrx_word' id='word_1_76' title='bbox 769 1128 901 1197; x_wconf 79' lang='grc' dir='ltr'><strong>ἡμῖν</strong></span> <span class='ocrx_word' id='word_1_77' title='bbox 948 1128 1266 1198; x_wconf 80' lang='grc' dir='ltr'>ἀπεφήνατο</span> <span class='ocrx_word' id='word_1_78' title='bbox 1306 1129 1554 1198; x_wconf 79' lang='grc' dir='ltr'><strong>φάσκων,</strong></span> <span class='ocrx_word' id='word_1_79' title='bbox 1596 1131 1678 1184; x_wconf 76' lang='grc' dir='ltr'><strong>ὅτι</strong></span> 
     </span>
    </p>
   </div>
   <div class='ocr_carea' id='block_1_13' title="bbox 122 1215 1675 1286">
    <p class='ocr_par' dir='ltr' id='par_1_13' title="bbox 122 1215 1675 1286">
     <span class='ocr_line' id='line_1_13' title="bbox 122 1215 1675 1286; baseline 0.003 -18"><span class='ocrx_word' id='word_1_80' title='bbox 122 1215 339 1284; x_wconf 77' lang='grc' dir='ltr'><strong>Ἐὅρεξε</strong></span> <span class='ocrx_word' id='word_1_81' title='bbox 383 1217 599 1284; x_wconf 86' lang='grc' dir='ltr'>Κύριος</span> <span class='ocrx_word' id='word_1_82' title='bbox 635 1216 736 1269; x_wconf 80' lang='grc' dir='ltr'><strong>ἀπ’</strong></span> <span class='ocrx_word' id='word_1_83' title='bbox 771 1217 1033 1284; x_wconf 84' lang='grc' dir='ltr'>οὐρανοῦ</span> <span class='ocrx_word' id='word_1_84' title='bbox 1073 1217 1194 1286; x_wconf 85' lang='grc' dir='ltr'><strong>πῦρ</strong></span> <span class='ocrx_word' id='word_1_85' title='bbox 1234 1220 1330 1272; x_wconf 73' lang='grc' dir='ltr'>καὶ</span> <span class='ocrx_word' id='word_1_86' title='bbox 1377 1219 1541 1272; x_wconf 79' lang='grc' dir='ltr'>θεῖον</span> <span class='ocrx_word' id='word_1_87' title='bbox 1577 1220 1675 1274; x_wconf 79' lang='grc' dir='ltr'><strong>ἐπὶ</strong></span> 
     </span>
    </p>
   </div>
   <div class='ocr_carea' id='block_1_14' title="bbox 120 1306 1675 1377">
    <p class='ocr_par' dir='ltr' id='par_1_14' title="bbox 120 1306 1675 1377">
     <span class='ocr_line' id='line_1_14' title="bbox 120 1306 1675 1377; baseline 0.003 -16"><span class='ocrx_word' id='word_1_88' title='bbox 120 1306 329 1375; x_wconf 81' lang='grc' dir='ltr'><strong>Σόδομα</strong></span> <span class='ocrx_word' id='word_1_89' title='bbox 358 1306 457 1359; x_wconf 78' lang='grc' dir='ltr'>καὶ</span> <span class='ocrx_word' id='word_1_90' title='bbox 483 1307 757 1376; x_wconf 75' lang='grc' dir='ltr'>Γόμορρα</span> <span class='ocrx_word' id='word_1_91' title='bbox 781 1309 943 1376; x_wconf 83' lang='grc' dir='ltr'>παρὰ</span> <span class='ocrx_word' id='word_1_92' title='bbox 966 1311 1208 1377; x_wconf 78' lang='grc' dir='ltr'><strong>Κυρίου.</strong></span> <span class='ocrx_word' id='word_1_93' title='bbox 1240 1311 1351 1364; x_wconf 73' lang='grc' dir='ltr'>Καὶ</span> <span class='ocrx_word' id='word_1_94' title='bbox 1376 1312 1478 1364; x_wconf 83' lang='grc' dir='ltr'><strong>οὐκ</strong></span> <span class='ocrx_word' id='word_1_95' title='bbox 1501 1306 1675 1374; x_wconf 74' lang='grc' dir='ltr'>εἶπεν,</span> 
     </span>
    </p>
   </div>
   <div class='ocr_carea' id='block_1_15' title="bbox 117 1397 1674 1472">
    <p class='ocr_par' dir='ltr' id='par_1_15' title="bbox 117 1397 1674 1472">
     <span class='ocr_line' id='line_1_15' title="bbox 117 1397 1674 1472; baseline 0.002 -17"><span class='ocrx_word' id='word_1_96' title='bbox 117 1404 142 1455; x_wconf 82' lang='grc' dir='ltr'>ὁ</span> <span class='ocrx_word' id='word_1_97' title='bbox 171 1400 331 1468; x_wconf 77' lang='grc' dir='ltr'>Λόγος</span> <span class='ocrx_word' id='word_1_98' title='bbox 373 1397 470 1452; x_wconf 78' lang='grc' dir='ltr'><strong>τοῦ</strong></span> <span class='ocrx_word' id='word_1_99' title='bbox 499 1399 732 1471; x_wconf 80' lang='grc' dir='ltr'>Κυρίου,</span> <span class='ocrx_word' id='word_1_100' title='bbox 780 1400 939 1463; x_wconf 76' lang='grc' dir='ltr'>ἀλλὰ.</span> <span class='ocrx_word' id='word_1_101' title='bbox 976 1403 1192 1469; x_wconf 86' lang='grc' dir='ltr'>Κύριος</span> <span class='ocrx_word' id='word_1_102' title='bbox 1229 1405 1388 1472; x_wconf 75' lang='grc' dir='ltr'>παρὰ</span> <span class='ocrx_word' id='word_1_103' title='bbox 1417 1408 1638 1472; x_wconf 84' lang='grc' dir='ltr'>Κυρίου</span> <span class='ocrx_word' id='word_1_104' title='bbox 1662 1422 1674 1435; x_wconf 87' lang='grc'><strong>·</strong></span> 
     </span>
    </p>
   </div>
   <div class='ocr_carea' id='block_1_16' title="bbox 120 1488 1674 1563">
    <p class='ocr_par' dir='ltr' id='par_1_16' title="bbox 120 1488 1674 1563">
     <span class='ocr_line' id='line_1_16' title="bbox 120 1488 1674 1563; baseline 0.003 -21"><span class='ocrx_word' id='word_1_105' title='bbox 120 1491 184 1552; x_wconf 77' lang='grc' dir='ltr'>ὡς</span> <span class='ocrx_word' id='word_1_106' title='bbox 215 1488 304 1542; x_wconf 77' lang='grc' dir='ltr'>καὶ</span> <span class='ocrx_word' id='word_1_107' title='bbox 331 1489 495 1542; x_wconf 74' lang='grc' dir='ltr'>Δαόὶδ</span> <span class='ocrx_word' id='word_1_108' title='bbox 518 1489 696 1558; x_wconf 80' lang='grc' dir='ltr'>λέγει·</span> <span class='ocrx_word' id='word_1_109' title='bbox 715 1491 900 1544; x_wconf 77' lang='grc' dir='ltr'>Εἶπεν</span> <span class='ocrx_word' id='word_1_110' title='bbox 930 1494 962 1545; x_wconf 85' lang='grc' dir='ltr'><em>ό</em></span> <span class='ocrx_word' id='word_1_111' title='bbox 986 1493 1202 1561; x_wconf 81' lang='grc' dir='ltr'>Κύριος</span> <span class='ocrx_word' id='word_1_112' title='bbox 1224 1491 1302 1558; x_wconf 80' lang='grc' dir='ltr'><strong>τῷ</strong></span> <span class='ocrx_word' id='word_1_113' title='bbox 1324 1494 1518 1563; x_wconf 75' lang='grc' dir='ltr'>Κυρίῳ</span> <span class='ocrx_word' id='word_1_114' title='bbox 1534 1511 1674 1562; x_wconf 81' lang='grc' dir='ltr'>μου.</span> 
     </span>
    </p>
   </div>
   <div class='ocr_carea' id='block_1_17' title="bbox 119 1579 1680 1653">
    <p class='ocr_par' dir='ltr' id='par_1_17' title="bbox 119 1579 1680 1653">
     <span class='ocr_line' id='line_1_17' title="bbox 119 1579 1680 1653; baseline 0 -19"><span class='ocrx_word' id='word_1_115' title='bbox 119 1581 212 1634; x_wconf 79' lang='grc' dir='ltr'><strong>Καὶ</strong></span> <span class='ocrx_word' id='word_1_116' title='bbox 255 1581 337 1633; x_wconf 85' lang='grc' dir='ltr'>ἶνα</span> <span class='ocrx_word' id='word_1_117' title='bbox 377 1580 394 1610; x_wconf 79' lang='grc'>⁸</span> <span class='ocrx_word' id='word_1_118' title='bbox 441 1581 524 1634; x_wconf 84' lang='grc' dir='ltr'><strong>ὅτι</strong></span> <span class='ocrx_word' id='word_1_119' title='bbox 566 1581 627 1634; x_wconf 85' lang='grc' dir='ltr'><strong>ού</strong></span> <span class='ocrx_word' id='word_1_120' title='bbox 667 1579 804 1650; x_wconf 80' lang='grc' dir='ltr'><strong>μετὰ</strong></span> <span class='ocrx_word' id='word_1_121' title='bbox 846 1581 945 1652; x_wconf 80' lang='grc' dir='ltr'><strong>τὴν</strong></span> <span class='ocrx_word' id='word_1_122' title='bbox 990 1581 1254 1652; x_wconf 76' lang='grc' dir='ltr'>ἕνσαρκον</span> <span class='ocrx_word' id='word_1_123' title='bbox 1299 1581 1602 1653; x_wconf 80' lang='grc' dir='ltr'><strong>παρουσίαν</strong></span> <span class='ocrx_word' id='word_1_124' title='bbox 1651 1584 1680 1634; x_wconf 82' lang='grc' dir='ltr'>ὁ</span> 
     </span>
    </p>
   </div>
   <div class='ocr_carea' id='block_1_18' title="bbox 119 1671 1677 1744">
    <p class='ocr_par' dir='ltr' id='par_1_18' title="bbox 119 1671 1677 1744">
     <span class='ocr_line' id='line_1_18' title="bbox 119 1671 1677 1744; baseline 0.002 -21"><span class='ocrx_word' id='word_1_125' title='bbox 119 1671 228 1734; x_wconf 70' lang='lat' dir='ltr'><strong>Tib;</strong></span> <span class='ocrx_word' id='word_1_126' title='bbox 255 1671 412 1741; x_wconf 83' lang='grc' dir='ltr'>μόνον</span> <span class='ocrx_word' id='word_1_127' title='bbox 441 1671 777 1743; x_wconf 80' lang='grc' dir='ltr'>εὑρίσκεται,</span> <span class='ocrx_word' id='word_1_128' title='bbox 808 1671 1077 1743; x_wconf 83' lang='grc' dir='ltr'>διηγεῖται</span> <span class='ocrx_word' id='word_1_129' title='bbox 1121 1674 1215 1726; x_wconf 76' lang='grc' dir='ltr'><strong>καὶ</strong></span> <span class='ocrx_word' id='word_1_130' title='bbox 1275 1673 1403 1744; x_wconf 75' lang='grc' dir='ltr'>περὶ</span> <span class='ocrx_word' id='word_1_131' title='bbox 1429 1672 1531 1742; x_wconf 76' lang='grc' dir='ltr'><strong>τῆς</strong></span> <span class='ocrx_word' id='word_1_132' title='bbox 1569 1673 1677 1726; x_wconf 84' lang='grc' dir='ltr'>ἁπ-</span> 
     </span>
    </p>
   </div>
   <div class='ocr_carea' id='block_1_19' title="bbox 117 1762 1678 1834">
    <p class='ocr_par' dir='ltr' id='par_1_19' title="bbox 117 1762 1678 1834">
     <span class='ocr_line' id='line_1_19' title="bbox 117 1762 1678 1834; baseline 0 -18"><span class='ocrx_word' id='word_1_133' title='bbox 117 1763 289 1834; x_wconf 80' lang='grc' dir='ltr'>αρχῆς,</span> <span class='ocrx_word' id='word_1_134' title='bbox 313 1763 396 1815; x_wconf 85' lang='grc' dir='ltr'><strong>ὅτι</strong></span> <span class='ocrx_word' id='word_1_135' title='bbox 440 1764 536 1816; x_wconf 74' lang='grc' dir='ltr'>Ἐκ</span> <span class='ocrx_word' id='word_1_136' title='bbox 565 1763 824 1832; x_wconf 72' lang='grc' dir='ltr'><strong>γαστρὸς</strong></span> <span class='ocrx_word' id='word_1_137' title='bbox 851 1762 966 1831; x_wconf 85' lang='grc' dir='ltr'><strong>πρὸ</strong></span> <span class='ocrx_word' id='word_1_138' title='bbox 997 1763 1344 1832; x_wconf 69' lang='grc' dir='ltr'><strong>Ἑωσφόρου</strong></span> <span class='ocrx_word' id='word_1_139' title='bbox 1375 1762 1678 1833; x_wconf 75' lang='grc' dir='ltr'><strong>ἐγέννησὰ</strong></span> 
     </span>
    </p>
   </div>
   <div class='ocr_carea' id='block_1_20' title="bbox 1781 571 3368 630">
    <p class='ocr_par' dir='ltr' id='par_1_20' title="bbox 1781 571 3368 630">
     <span class='ocr_line' id='line_1_20' title="bbox 1781 571 3368 630; baseline 0.002 -3"><span class='ocrx_word' id='word_1_140' title='bbox 1781 583 1972 627; x_wconf 83' lang='lat' dir='ltr'><strong>auctor</strong></span> <span class='ocrx_word' id='word_1_141' title='bbox 2028 573 2168 627; x_wconf 76' lang='lat' dir='ltr'><strong>fuit?</strong></span> <span class='ocrx_word' id='word_1_142' title='bbox 2232 572 2350 627; x_wconf 85' lang='lat' dir='ltr'><strong>Non</strong></span> <span class='ocrx_word' id='word_1_143' title='bbox 2415 572 2498 626; x_wconf 88' lang='lat' dir='ltr'><strong>vel</strong></span> <span class='ocrx_word' id='word_1_144' title='bbox 2548 571 2894 626; x_wconf 78' lang='lat' dir='ltr'><strong>Abrahamus</strong></span> <span class='ocrx_word' id='word_1_145' title='bbox 2945 575 3219 628; x_wconf 86' lang='lat' dir='ltr'><strong>meliorem</strong></span> <span class='ocrx_word' id='word_1_146' title='bbox 3272 576 3368 630; x_wconf 87' lang='lat' dir='ltr'><strong>tibi</strong></span> 
     </span>
    </p>
   </div>
   <div class='ocr_carea' id='block_1_21' title="bbox 1779 661 3368 737">
    <p class='ocr_par' dir='ltr' id='par_1_21' title="bbox 1779 661 3368 737">
     <span class='ocr_line' id='line_1_21' title="bbox 1779 661 3368 737; baseline 0.001 -17"><span class='ocrx_word' id='word_1_147' title='bbox 1779 676 2016 720; x_wconf 78' lang='lat' dir='ltr'><strong>mentem</strong></span> <span class='ocrx_word' id='word_1_148' title='bbox 2042 666 2370 737; x_wconf 80' lang='lat' dir='ltr'><strong>persuadere</strong></span> <span class='ocrx_word' id='word_1_149' title='bbox 2397 663 2596 734; x_wconf 89' lang='lat' dir='ltr'><strong>potuit,</strong></span> <span class='ocrx_word' id='word_1_150' title='bbox 2619 663 2711 731; x_wconf 90' lang='lat' dir='ltr'><strong>qui</strong></span> <span class='ocrx_word' id='word_1_151' title='bbox 2743 661 2909 716; x_wconf 88' lang='lat' dir='ltr'><strong>Deum</strong></span> <span class='ocrx_word' id='word_1_152' title='bbox 2937 664 3016 717; x_wconf 93' lang='lat' dir='ltr'><strong>sic</strong></span> <span class='ocrx_word' id='word_1_153' title='bbox 3040 665 3368 736; x_wconf 79' lang='lat' dir='ltr'><strong>alloquitur:</strong></span> 
     </span>
    </p>
   </div>
   <div class='ocr_carea' id='block_1_22' title="bbox 1781 755 3368 828">
    <p class='ocr_par' dir='ltr' id='par_1_22' title="bbox 1781 755 3368 828">
     <span class='ocr_line' id='line_1_22' title="bbox 1781 755 3368 828; baseline 0.001 -18"><span class='ocrx_word' id='word_1_154' title='bbox 1781 757 1886 823; x_wconf 78' lang='lat' dir='ltr'><strong>Qui</strong></span> <span class='ocrx_word' id='word_1_155' title='bbox 1917 759 2130 828; x_wconf 68' lang='lat' dir='ltr'><strong>judico:</strong></span> <span class='ocrx_word' id='word_1_156' title='bbox 2187 773 2386 812; x_wconf 87' lang='lat' dir='ltr'><strong>omnem</strong></span> <span class='ocrx_word' id='word_1_157' title='bbox 2413 766 2630 815; x_wconf 89' lang='lat' dir='ltr'><strong>terram,</strong></span> <span class='ocrx_word' id='word_1_158' title='bbox 2679 771 2782 807; x_wconf 87' lang='lat' dir='ltr'><strong>non</strong></span> <span class='ocrx_word' id='word_1_159' title='bbox 2829 755 2993 824; x_wconf 77' lang='lat' dir='ltr'><strong>facies</strong></span> <span class='ocrx_word' id='word_1_160' title='bbox 3026 757 3368 824; x_wconf 69' lang='lat' dir='ltr'><strong>judicium’?</strong></span> 
     </span>
    </p>
   </div>
   <div class='ocr_carea' id='block_1_23' title="bbox 1780 845 3368 916">
    <p class='ocr_par' dir='ltr' id='par_1_23' title="bbox 1780 845 3368 916">
     <span class='ocr_line' id='line_1_23' title="bbox 1780 845 3368 916; baseline 0.001 -15"><span class='ocrx_word' id='word_1_161' title='bbox 1780 847 1916 902; x_wconf 85' lang='lat' dir='ltr'><strong>Illud</strong></span> <span class='ocrx_word' id='word_1_162' title='bbox 1961 864 2092 903; x_wconf 85' lang='lat' dir='ltr'><strong>vero</strong></span> <span class='ocrx_word' id='word_1_163' title='bbox 2141 848 2470 916; x_wconf 78' lang='lat' dir='ltr'><strong>redarguere</strong></span> <span class='ocrx_word' id='word_1_164' title='bbox 2510 853 2562 899; x_wconf 92' lang='lat' dir='ltr'><strong>te</strong></span> <span class='ocrx_word' id='word_1_165' title='bbox 2603 845 2787 908; x_wconf 89' lang='lat' dir='ltr'><strong>debet,</strong></span> <span class='ocrx_word' id='word_1_166' title='bbox 2817 847 2961 915; x_wconf 88' lang='lat' dir='ltr'><strong>quod</strong></span> <span class='ocrx_word' id='word_1_167' title='bbox 3009 848 3149 915; x_wconf 86' lang='lat' dir='ltr'><strong>apud</strong></span> <span class='ocrx_word' id='word_1_168' title='bbox 3191 850 3368 916; x_wconf 90' lang='lat' dir='ltr'><strong>ipsum</strong></span> 
     </span>
    </p>
   </div>
   <div class='ocr_carea' id='block_1_24' title="bbox 1781 936 3368 1009">
    <p class='ocr_par' dir='ltr' id='par_1_24' title="bbox 1781 936 3368 1009">
     <span class='ocr_line' id='line_1_24' title="bbox 1781 936 3368 1009; baseline 0.001 -16"><span class='ocrx_word' id='word_1_169' title='bbox 1781 950 2034 994; x_wconf 88' lang='lat' dir='ltr'><strong>versatus</strong></span> <span class='ocrx_word' id='word_1_170' title='bbox 2081 955 2204 994; x_wconf 90' lang='lat' dir='ltr'><strong>esse</strong></span> <span class='ocrx_word' id='word_1_171' title='bbox 2251 936 2421 992; x_wconf 82' lang='lat' dir='ltr'><strong>Filius</strong></span> <span class='ocrx_word' id='word_1_172' title='bbox 2468 937 2691 1001; x_wconf 91' lang='lat' dir='ltr'><strong>dicitur,</strong></span> <span class='ocrx_word' id='word_1_173' title='bbox 2731 952 2840 991; x_wconf 90' lang='lat' dir='ltr'><strong>non</strong></span> <span class='ocrx_word' id='word_1_174' title='bbox 2877 939 3150 994; x_wconf 88' lang='lat' dir='ltr'><strong>sermonis</strong></span> <span class='ocrx_word' id='word_1_175' title='bbox 3185 940 3368 1009; x_wconf 88' lang='lat' dir='ltr'><strong>aliqua</strong></span> 
     </span>
    </p>
   </div>
   <div class='ocr_carea' id='block_1_25' title="bbox 1781 1030 3370 1102">
    <p class='ocr_par' dir='ltr' id='par_1_25' title="bbox 1781 1030 3370 1102">
     <span class='ocr_line' id='line_1_25' title="bbox 1781 1030 3370 1102; baseline 0.001 -16"><span class='ocrx_word' id='word_1_176' title='bbox 1781 1033 2035 1102; x_wconf 80' lang='lat' dir='ltr'><strong>prolatio,</strong></span> <span class='ocrx_word' id='word_1_177' title='bbox 2087 1032 2180 1087; x_wconf 88' lang='lat' dir='ltr'><strong>sed</strong></span> <span class='ocrx_word' id='word_1_178' title='bbox 2237 1031 2378 1087; x_wconf 88' lang='lat' dir='ltr'><strong>Deus</strong></span> <span class='ocrx_word' id='word_1_179' title='bbox 2418 1030 2658 1086; x_wconf 86' lang='lat' dir='ltr'><strong>Verbum</strong></span> <span class='ocrx_word' id='word_1_180' title='bbox 2706 1031 3036 1087; x_wconf 77' lang='lat' dir='ltr'><strong>subsistens.</strong></span> <span class='ocrx_word' id='word_1_181' title='bbox 3099 1033 3278 1102; x_wconf 87' lang='lat' dir='ltr'><strong>Atque</strong></span> <span class='ocrx_word' id='word_1_182' title='bbox 3311 1041 3370 1088; x_wconf 88' lang='lat' dir='ltr'><strong>ut</strong></span> 
     </span>
    </p>
   </div>
   <div class='ocr_carea' id='block_1_26' title="bbox 1779 1123 3372 1194">
    <p class='ocr_par' dir='ltr' id='par_1_26' title="bbox 1779 1123 3372 1194">
     <span class='ocr_line' id='line_1_26' title="bbox 1779 1123 3372 1194; baseline 0 -15"><span class='ocrx_word' id='word_1_183' title='bbox 1779 1140 1991 1188; x_wconf 89' lang='lat' dir='ltr'><strong>eorum,</strong></span> <span class='ocrx_word' id='word_1_184' title='bbox 2021 1140 2141 1194; x_wconf 73' lang='lat' dir='ltr'><strong>qua:</strong></span> <span class='ocrx_word' id='word_1_185' title='bbox 2170 1124 2222 1177; x_wconf 92' lang='lat' dir='ltr'><strong>in</strong></span> <span class='ocrx_word' id='word_1_186' title='bbox 2255 1124 2355 1178; x_wconf 89' lang='lat' dir='ltr'><strong>hoc</strong></span> <span class='ocrx_word' id='word_1_187' title='bbox 2379 1125 2598 1193; x_wconf 86' lang='lat' dir='ltr'><strong>negotio</strong></span> <span class='ocrx_word' id='word_1_188' title='bbox 2619 1135 2766 1193; x_wconf 82' lang='lat' dir='ltr'><strong>gesta</strong></span> <span class='ocrx_word' id='word_1_189' title='bbox 2792 1131 2942 1188; x_wconf 86' lang='lat' dir='ltr'><strong>sunt,</strong></span> <span class='ocrx_word' id='word_1_190' title='bbox 2971 1125 3176 1177; x_wconf 86' lang='lat' dir='ltr'><strong>exitum</strong></span> <span class='ocrx_word' id='word_1_191' title='bbox 3211 1123 3372 1179; x_wconf 85' lang='lat' dir='ltr'><strong>intel-</strong></span> 
     </span>
    </p>
   </div>
   <div class='ocr_carea' id='block_1_27' title="bbox 1780 1214 3369 1288">
    <p class='ocr_par' dir='ltr' id='par_1_27' title="bbox 1780 1214 3369 1288">
     <span class='ocr_line' id='line_1_27' title="bbox 1780 1214 3369 1288; baseline -0.001 -16"><span class='ocrx_word' id='word_1_192' title='bbox 1780 1218 1938 1288; x_wconf 83' lang='lat' dir='ltr'><strong>ligas,</strong></span> <span class='ocrx_word' id='word_1_193' title='bbox 1986 1232 2020 1271; x_wconf 93' lang='grc' dir='ltr'><strong>ο</strong></span> <span class='ocrx_word' id='word_1_194' title='bbox 2065 1216 2346 1286; x_wconf 72' lang='lat' dir='ltr'><strong>sapientia:</strong></span> <span class='ocrx_word' id='word_1_195' title='bbox 2398 1215 2578 1269; x_wconf 87' lang='lat' dir='ltr'><strong>inanis</strong></span> <span class='ocrx_word' id='word_1_196' title='bbox 2630 1214 2933 1274; x_wconf 70' lang='lat' dir='ltr'><strong>affectator,</strong></span> <span class='ocrx_word' id='word_1_197' title='bbox 2994 1215 3098 1269; x_wconf 91' lang='lat' dir='ltr'><strong>hoc</strong></span> <span class='ocrx_word' id='word_1_198' title='bbox 3147 1217 3264 1286; x_wconf 90' lang='lat' dir='ltr'><strong>ipso</strong></span> <span class='ocrx_word' id='word_1_199' title='bbox 3313 1217 3369 1270; x_wconf 92' lang='lat' dir='ltr'><strong>in</strong></span> 
     </span>
    </p>
   </div>
   <div class='ocr_carea' id='block_1_28' title="bbox 1783 1303 3370 1378">
    <p class='ocr_par' dir='ltr' id='par_1_28' title="bbox 1783 1303 3370 1378">
     <span class='ocr_line' id='line_1_28' title="bbox 1783 1303 3370 1378; baseline 0 -16"><span class='ocrx_word' id='word_1_200' title='bbox 1783 1307 2081 1378; x_wconf 72' lang='lat' dir='ltr'><strong>Scriptura:</strong></span> <span class='ocrx_word' id='word_1_201' title='bbox 2126 1308 2248 1362; x_wconf 86' lang='lat' dir='ltr'><strong>loco</strong></span> <span class='ocrx_word' id='word_1_202' title='bbox 2292 1306 2437 1378; x_wconf 92' lang='lat' dir='ltr'><strong>quod</strong></span> <span class='ocrx_word' id='word_1_203' title='bbox 2473 1305 2774 1375; x_wconf 87' lang='lat' dir='ltr'><strong>perfectum</strong></span> <span class='ocrx_word' id='word_1_204' title='bbox 2824 1313 2879 1359; x_wconf 90' lang='lat' dir='ltr'><strong>et</strong></span> <span class='ocrx_word' id='word_1_205' title='bbox 2923 1303 3234 1362; x_wconf 89' lang='lat' dir='ltr'><strong>absolutum</strong></span> <span class='ocrx_word' id='word_1_206' title='bbox 3283 1316 3370 1362; x_wconf 90' lang='lat' dir='ltr'><strong>est</strong></span> 
     </span>
    </p>
   </div>
   <div class='ocr_carea' id='block_1_29' title="bbox 1779 1395 3368 1469">
    <p class='ocr_par' dir='ltr' id='par_1_29' title="bbox 1779 1395 3368 1469">
     <span class='ocr_line' id='line_1_29' title="bbox 1779 1395 3368 1469; baseline -0.001 -18"><span class='ocrx_word' id='word_1_207' title='bbox 1779 1399 1928 1453; x_wconf 90' lang='lat' dir='ltr'><strong>velut</strong></span> <span class='ocrx_word' id='word_1_208' title='bbox 1967 1398 2289 1469; x_wconf 80' lang='lat' dir='ltr'><strong>obsignans,</strong></span> <span class='ocrx_word' id='word_1_209' title='bbox 2330 1396 2630 1452; x_wconf 83' lang='lat' dir='ltr'><strong>declaravit</strong></span> <span class='ocrx_word' id='word_1_210' title='bbox 2678 1396 2764 1450; x_wconf 88' lang='lat' dir='ltr'><strong>his</strong></span> <span class='ocrx_word' id='word_1_211' title='bbox 2794 1396 3018 1452; x_wconf 84' lang='lat' dir='ltr'><strong>verbis:</strong></span> <span class='ocrx_word' id='word_1_212' title='bbox 3077 1395 3224 1450; x_wconf 79' lang='lat' dir='ltr'><strong>I’luit</strong></span> <span class='ocrx_word' id='word_1_213' title='bbox 3261 1397 3368 1450; x_wconf 87' lang='lat' dir='ltr'><strong>Do-</strong></span> 
     </span>
    </p>
   </div>
   <div class='ocr_carea' id='block_1_30' title="bbox 1782 1487 3371 1560">
    <p class='ocr_par' dir='ltr' id='par_1_30' title="bbox 1782 1487 3371 1560">
     <span class='ocr_line' id='line_1_30' title="bbox 1782 1487 3371 1560; baseline 0.001 -17"><span class='ocrx_word' id='word_1_214' title='bbox 1782 1492 1953 1544; x_wconf 73' lang='lat' dir='ltr'><strong>minus</strong></span> <span class='ocrx_word' id='word_1_215' title='bbox 1984 1509 2011 1544; x_wconf 87' lang='lat' dir='ltr'><strong>e</strong></span> <span class='ocrx_word' id='word_1_216' title='bbox 2041 1491 2167 1544; x_wconf 66' lang='lat' dir='ltr'><strong>cado</strong></span> <span class='ocrx_word' id='word_1_217' title='bbox 2197 1489 2390 1560; x_wconf 86' lang='lat' dir='ltr'><strong>ignem,</strong></span> <span class='ocrx_word' id='word_1_218' title='bbox 2423 1497 2472 1542; x_wconf 88' lang='lat' dir='ltr'><strong>et</strong></span> <span class='ocrx_word' id='word_1_219' title='bbox 2507 1487 2670 1558; x_wconf 76' lang='lat'><strong>833</strong></span> <span class='ocrx_word' id='word_1_220' title='bbox 2699 1487 2920 1556; x_wconf 75' lang='lat' dir='ltr'><strong>sulphur</strong></span> <span class='ocrx_word' id='word_1_221' title='bbox 2956 1489 3009 1541; x_wconf 88' lang='lat' dir='ltr'><strong>in</strong></span> <span class='ocrx_word' id='word_1_222' title='bbox 3048 1487 3280 1543; x_wconf 80' lang='lat' dir='ltr'><strong>Sodoma</strong></span> <span class='ocrx_word' id='word_1_223' title='bbox 3305 1498 3371 1544; x_wconf 84' lang='lat' dir='ltr'><strong>‘et</strong></span> 
     </span>
    </p>
   </div>
   <div class='ocr_carea' id='block_1_31' title="bbox 1781 1577 3369 1643">
    <p class='ocr_par' dir='ltr' id='par_1_31' title="bbox 1781 1577 3369 1643">
     <span class='ocr_line' id='line_1_31' title="bbox 1781 1577 3369 1643; baseline -0.002 -8"><span class='ocrx_word' id='word_1_224' title='bbox 1781 1580 2076 1635; x_wconf 80' lang='lat' dir='ltr'><strong>Comorrlta</strong></span> <span class='ocrx_word' id='word_1_225' title='bbox 2109 1597 2139 1634; x_wconf 90' lang='lat' dir='ltr'><strong>a</strong></span> <span class='ocrx_word' id='word_1_226' title='bbox 2171 1580 2396 1634; x_wconf 84' lang='lat' dir='ltr'><strong>Domino</strong></span> <span class='ocrx_word' id='word_1_227' title='bbox 2413 1584 2456 1632; x_wconf 74' lang='grc'><strong>⁸.</strong></span> <span class='ocrx_word' id='word_1_228' title='bbox 2508 1579 2624 1632; x_wconf 83' lang='grc' dir='ltr'>Νοη</span> <span class='ocrx_word' id='word_1_229' title='bbox 2659 1578 2816 1641; x_wconf 79' lang='lat' dir='ltr'><strong>dixit,</strong></span> <span class='ocrx_word' id='word_1_230' title='bbox 2868 1577 3100 1633; x_wconf 86' lang='lat' dir='ltr'><strong>Verbum</strong></span> <span class='ocrx_word' id='word_1_231' title='bbox 3134 1579 3369 1643; x_wconf 88' lang='lat' dir='ltr'><strong>Domini,</strong></span> 
     </span>
    </p>
   </div>
   <div class='ocr_carea' id='block_1_32' title="bbox 1785 1670 3368 1734">
    <p class='ocr_par' dir='ltr' id='par_1_32' title="bbox 1785 1670 3368 1734">
     <span class='ocr_line' id='line_1_32' title="bbox 1785 1670 3368 1734; baseline -0.001 -6"><span class='ocrx_word' id='word_1_232' title='bbox 1785 1672 1904 1734; x_wconf 84' lang='lat' dir='ltr'><strong>sed,</strong></span> <span class='ocrx_word' id='word_1_233' title='bbox 1940 1672 2195 1726; x_wconf 81' lang='lat' dir='ltr'><strong>Dominus</strong></span> <span class='ocrx_word' id='word_1_234' title='bbox 2224 1691 2256 1726; x_wconf 93' lang='lat' dir='ltr'><strong>a</strong></span> <span class='ocrx_word' id='word_1_235' title='bbox 2292 1672 2536 1726; x_wconf 86' lang='lat' dir='ltr'><strong>Domino.</strong></span> <span class='ocrx_word' id='word_1_236' title='bbox 2574 1671 2643 1726; x_wconf 84' lang='lat' dir='ltr'><strong>Ut</strong></span> <span class='ocrx_word' id='word_1_237' title='bbox 2689 1679 2744 1725; x_wconf 90' lang='lat' dir='ltr'><strong>et</strong></span> <span class='ocrx_word' id='word_1_238' title='bbox 2788 1670 2954 1726; x_wconf 84' lang='lat' dir='ltr'><strong>David</strong></span> <span class='ocrx_word' id='word_1_239' title='bbox 3004 1673 3221 1728; x_wconf 84' lang='lat' dir='ltr'><strong>locutus</strong></span> <span class='ocrx_word' id='word_1_240' title='bbox 3251 1681 3368 1727; x_wconf 90' lang='lat' dir='ltr'><strong>est:</strong></span> 
     </span>
    </p>
   </div>
   <div class='ocr_carea' id='block_1_33' title="bbox 1791 1761 3371 1819">
    <p class='ocr_par' dir='ltr' id='par_1_33' title="bbox 1791 1761 3371 1819">
     <span class='ocr_line' id='line_1_33' title="bbox 1791 1761 3371 1819; baseline 0.001 -1"><span class='ocrx_word' id='word_1_241' title='bbox 1791 1764 1939 1818; x_wconf 66' lang='lat' dir='ltr'><strong>Dixit</strong></span> <span class='ocrx_word' id='word_1_242' title='bbox 1975 1764 2230 1819; x_wconf 82' lang='lat' dir='ltr'><strong>Dominus</strong></span> <span class='ocrx_word' id='word_1_243' title='bbox 2251 1764 2478 1818; x_wconf 87' lang='lat' dir='ltr'><strong>Domino</strong></span> <span class='ocrx_word' id='word_1_244' title='bbox 2507 1780 2618 1816; x_wconf 90' lang='lat' dir='ltr'><strong>meo</strong></span> <span class='ocrx_word' id='word_1_245' title='bbox 2644 1763 2686 1815; x_wconf 81' lang='grc'><strong>⁵.</strong></span> <span class='ocrx_word' id='word_1_246' title='bbox 2717 1761 2782 1816; x_wconf 90' lang='lat' dir='ltr'><strong>Ut</strong></span> <span class='ocrx_word' id='word_1_247' title='bbox 2807 1772 2986 1817; x_wconf 90' lang='lat' dir='ltr'><strong>autem</strong></span> <span class='ocrx_word' id='word_1_248' title='bbox 3019 1773 3231 1818; x_wconf 84' lang='lat' dir='ltr'><strong>constet</strong></span> <span class='ocrx_word' id='word_1_249' title='bbox 3262 1780 3371 1819; x_wconf 89' lang='lat' dir='ltr'><strong>non</strong></span> 
     </span>
    </p>
   </div>
   <div class='ocr_carea' id='block_1_34' title="bbox 117 1850 1681 1929">
    <p class='ocr_par' dir='ltr' id='par_1_34' title="bbox 117 1850 1678 1928">
     <span class='ocr_line' id='line_1_34' title="bbox 117 1850 1678 1928; baseline 0.001 -20"><span class='ocrx_word' id='word_1_250' title='bbox 117 1869 199 1908; x_wconf 80' lang='grc' dir='ltr'><strong>σε.</strong></span> <span class='ocrx_word' id='word_1_251' title='bbox 237 1855 342 1907; x_wconf 68' lang='grc' dir='ltr'>Καὶ</span> <span class='ocrx_word' id='word_1_252' title='bbox 378 1854 509 1926; x_wconf 61' lang='grc' dir='ltr'><strong>περὶἶ</strong></span> <span class='ocrx_word' id='word_1_253' title='bbox 546 1854 640 1908; x_wconf 81' lang='grc' dir='ltr'>τοῦ</span> <span class='ocrx_word' id='word_1_254' title='bbox 669 1855 824 1924; x_wconf 80' lang='grc' dir='ltr'>ἁγίου</span> <span class='ocrx_word' id='word_1_255' title='bbox 852 1854 1200 1926; x_wconf 83' lang='grc' dir='ltr'>Πνεύματος,</span> <span class='ocrx_word' id='word_1_256' title='bbox 1236 1850 1282 1910; x_wconf 79' lang='grc' dir='ltr'><strong>ὦ</strong></span> <span class='ocrx_word' id='word_1_257' title='bbox 1309 1857 1678 1928; x_wconf 89' lang='grc' dir='ltr'>περιττολόγε,</span> 
     </span>
    </p>
   </div>
   <div class='ocr_carea' id='block_1_35' title="bbox 1839 1850 3370 1929">
    <p class='ocr_par' dir='ltr' id='par_1_35' title="bbox 1839 1853 3370 1929">
     <span class='ocr_line' id='line_1_35' title="bbox 1839 1853 3370 1929; baseline -0.001 -17"><span class='ocrx_word' id='word_1_258' title='bbox 1839 1859 1957 1912; x_wconf 76' lang='lat' dir='ltr'><strong>dum</strong></span> <span class='ocrx_word' id='word_1_259' title='bbox 2003 1865 2126 1929; x_wconf 89' lang='lat' dir='ltr'><strong>post</strong></span> <span class='ocrx_word' id='word_1_260' title='bbox 2172 1857 2600 1910; x_wconf 84' lang='lat' dir='ltr'><strong>incarnationem</strong></span> <span class='ocrx_word' id='word_1_261' title='bbox 2653 1853 2772 1906; x_wconf 84' lang='lat' dir='ltr'><strong>Filii</strong></span> <span class='ocrx_word' id='word_1_262' title='bbox 2819 1869 3017 1908; x_wconf 91' lang='lat' dir='ltr'><strong>nomen</strong></span> <span class='ocrx_word' id='word_1_263' title='bbox 3091 1858 3370 1926; x_wconf 85' lang='lat' dir='ltr'><strong>usurpari,</strong></span> 
     </span>
    </p>
   </div>
   <div class='ocr_carea' id='block_1_36' title="bbox 123 1946 1681 2019">
    <p class='ocr_par' dir='ltr' id='par_1_36' title="bbox 123 1946 1679 2019">
     <span class='ocr_line' id='line_1_36' title="bbox 123 1946 1679 2019; baseline 0.003 -22"><span class='ocrx_word' id='word_1_264' title='bbox 123 1947 205 1999; x_wconf 76' lang='grc' dir='ltr'>καὶ</span> <span class='ocrx_word' id='word_1_265' title='bbox 232 1947 286 1998; x_wconf 83' lang='grc' dir='ltr'><strong>ὲν</strong></span> <span class='ocrx_word' id='word_1_266' title='bbox 313 1946 504 2016; x_wconf 81' lang='grc' dir='ltr'><strong>ἀργοῖς</strong></span> <span class='ocrx_word' id='word_1_267' title='bbox 538 1948 634 1998; x_wconf 74' lang='grc' dir='ltr'>καὶ</span> <span class='ocrx_word' id='word_1_268' title='bbox 667 1946 978 2017; x_wconf 80' lang='grc' dir='ltr'><strong>περιέργοις</strong></span> <span class='ocrx_word' id='word_1_269' title='bbox 1007 1948 1326 2019; x_wconf 84' lang='grc' dir='ltr'>ταττόμενε,</span> <span class='ocrx_word' id='word_1_270' title='bbox 1385 1947 1559 2012; x_wconf 79' lang='grc' dir='ltr'>οὐδεὶς</span> <span class='ocrx_word' id='word_1_271' title='bbox 1594 1949 1679 2002; x_wconf 81' lang='grc' dir='ltr'><strong>δέο</strong></span> 
     </span>
    </p>
   </div>
   <div class='ocr_carea' id='block_1_37' title="bbox 1839 1946 3365 2019">
    <p class='ocr_par' dir='ltr' id='par_1_37' title="bbox 1839 1946 3365 2019">
     <span class='ocr_line' id='line_1_37' title="bbox 1839 1946 3365 2019; baseline -0.001 -15"><span class='ocrx_word' id='word_1_272' title='bbox 1839 1965 1858 2004; x_wconf 82' lang='lat' dir='ltr'><strong>e</strong></span> <span class='ocrx_word' id='word_1_273' title='bbox 1874 1965 1939 2005; x_wconf 91' lang='lat' dir='ltr'><strong>eo</strong></span> <span class='ocrx_word' id='word_1_274' title='bbox 1953 1965 2191 2019; x_wconf 90' lang='lat' dir='ltr'><strong>quoque,</strong></span> <span class='ocrx_word' id='word_1_275' title='bbox 2208 1948 2351 2018; x_wconf 89' lang='lat' dir='ltr'><strong>quod</strong></span> <span class='ocrx_word' id='word_1_276' title='bbox 2369 1966 2395 1999; x_wconf 89' lang='lat' dir='ltr'><strong>a</strong></span> <span class='ocrx_word' id='word_1_277' title='bbox 2414 1947 2683 2018; x_wconf 85' lang='lat' dir='ltr'><strong>principio</strong></span> <span class='ocrx_word' id='word_1_278' title='bbox 2699 1946 2900 2000; x_wconf 90' lang='lat' dir='ltr'><strong>factum</strong></span> <span class='ocrx_word' id='word_1_279' title='bbox 2913 1954 3017 2012; x_wconf 90' lang='lat' dir='ltr'><strong>est,</strong></span> <span class='ocrx_word' id='word_1_280' title='bbox 3035 1949 3365 2002; x_wconf 83' lang='lat' dir='ltr'><strong>mentionem</strong></span> 
     </span>
    </p>
   </div>
   <div class='ocr_carea' id='block_1_38' title="bbox 119 2037 1681 2113">
    <p class='ocr_par' dir='ltr' id='par_1_38' title="bbox 119 2037 1676 2113">
     <span class='ocr_line' id='line_1_38' title="bbox 119 2037 1676 2113; baseline 0.005 -25"><span class='ocrx_word' id='word_1_281' title='bbox 119 2038 248 2089; x_wconf 79' lang='grc' dir='ltr'>ξεταί</span> <span class='ocrx_word' id='word_1_282' title='bbox 276 2053 366 2089; x_wconf 88' lang='grc' dir='ltr'><strong>σου</strong></span> <span class='ocrx_word' id='word_1_283' title='bbox 389 2037 480 2089; x_wconf 80' lang='grc' dir='ltr'><strong>τὸν</strong></span> <span class='ocrx_word' id='word_1_284' title='bbox 501 2037 678 2105; x_wconf 88' lang='grc' dir='ltr'>λόγον.</span> <span class='ocrx_word' id='word_1_285' title='bbox 705 2037 842 2091; x_wconf 68' lang='grc' dir='ltr'><strong>Οὔτε</strong></span> <span class='ocrx_word' id='word_1_286' title='bbox 869 2039 978 2111; x_wconf 80' lang='grc' dir='ltr'><strong>γὰρ</strong></span> <span class='ocrx_word' id='word_1_287' title='bbox 1010 2038 1323 2111; x_wconf 76' lang='grc' dir='ltr'>μειζότερον</span> <span class='ocrx_word' id='word_1_288' title='bbox 1346 2041 1408 2095; x_wconf 81' lang='grc' dir='ltr'><strong>τὸ</strong></span> <span class='ocrx_word' id='word_1_289' title='bbox 1431 2043 1676 2113; x_wconf 78' lang='grc' dir='ltr'><strong>Πνεῦμα,</strong></span> 
     </span>
    </p>
   </div>
   <div class='ocr_carea' id='block_1_39' title="bbox 1839 2037 3372 2113">
    <p class='ocr_par' dir='ltr' id='par_1_39' title="bbox 1841 2037 3372 2112">
     <span class='ocr_line' id='line_1_39' title="bbox 1841 2037 3372 2112; baseline 0.001 -16"><span class='ocrx_word' id='word_1_290' title='bbox 1841 2041 1935 2096; x_wconf 88' lang='lat' dir='ltr'><strong>cit.</strong></span> <span class='ocrx_word' id='word_1_291' title='bbox 1973 2039 2057 2093; x_wconf 79' lang='lat' dir='ltr'><strong>Ex</strong></span> <span class='ocrx_word' id='word_1_292' title='bbox 2078 2049 2246 2104; x_wconf 87' lang='lat' dir='ltr'><strong>utero,</strong></span> <span class='ocrx_word' id='word_1_293' title='bbox 2268 2039 2466 2110; x_wconf 89' lang='lat' dir='ltr'><strong>inquit,</strong></span> <span class='ocrx_word' id='word_1_294' title='bbox 2483 2049 2601 2093; x_wconf 89' lang='lat' dir='ltr'><strong>ante</strong></span> <span class='ocrx_word' id='word_1_295' title='bbox 2624 2037 2921 2107; x_wconf 72' lang='lat' dir='ltr'><strong>Luciferum</strong></span> <span class='ocrx_word' id='word_1_296' title='bbox 2940 2044 3093 2112; x_wconf 84' lang='lat' dir='ltr'><strong>genui</strong></span> <span class='ocrx_word' id='word_1_297' title='bbox 3117 2044 3215 2096; x_wconf 71' lang='lat' dir='ltr'><strong>te“.</strong></span> <span class='ocrx_word' id='word_1_298' title='bbox 3247 2042 3372 2098; x_wconf 81' lang='lat' dir='ltr'><strong>Jam</strong></span> 
     </span>
    </p>
   </div>
   <div class='ocr_carea' id='block_1_40' title="bbox 116 2129 1681 2206">
    <p class='ocr_par' dir='ltr' id='par_1_40' title="bbox 116 2129 1674 2206">
     <span class='ocr_line' id='line_1_40' title="bbox 116 2129 1674 2206; baseline 0.004 -24"><span class='ocrx_word' id='word_1_299' title='bbox 116 2129 221 2182; x_wconf 73' lang='grc' dir='ltr'><strong>οὔτε</strong></span> <span class='ocrx_word' id='word_1_300' title='bbox 253 2130 597 2200; x_wconf 76' lang='grc' dir='ltr'><strong>μικρότερον.</strong></span> <span class='ocrx_word' id='word_1_301' title='bbox 635 2131 728 2196; x_wconf 79' lang='grc' dir='ltr'><strong>Τίς</strong></span> <span class='ocrx_word' id='word_1_302' title='bbox 766 2132 877 2200; x_wconf 70' lang='grc' dir='ltr'><strong>γὰρ</strong></span> <span class='ocrx_word' id='word_1_303' title='bbox 908 2133 1093 2187; x_wconf 83' lang='grc' dir='ltr'>ταῦτα</span> <span class='ocrx_word' id='word_1_304' title='bbox 1120 2133 1461 2202; x_wconf 73' lang='grc' dir='ltr'>ἐξεζήτησε,</span> <span class='ocrx_word' id='word_1_305' title='bbox 1486 2135 1674 2206; x_wconf 76' lang='grc' dir='ltr'>φησὶν,</span> 
     </span>
    </p>
   </div>
   <div class='ocr_carea' id='block_1_41' title="bbox 1839 2129 3375 2206">
    <p class='ocr_par' dir='ltr' id='par_1_41' title="bbox 1839 2131 3375 2205">
     <span class='ocr_line' id='line_1_41' title="bbox 1839 2131 3375 2205; baseline 0.003 -18"><span class='ocrx_word' id='word_1_306' title='bbox 1839 2149 1910 2187; x_wconf 83' lang='lat' dir='ltr'><strong>:ro</strong></span> <span class='ocrx_word' id='word_1_307' title='bbox 1933 2132 1998 2186; x_wconf 88' lang='lat' dir='ltr'><strong>de</strong></span> <span class='ocrx_word' id='word_1_308' title='bbox 2021 2131 2229 2202; x_wconf 85' lang='lat' dir='ltr'><strong>Spiritu</strong></span> <span class='ocrx_word' id='word_1_309' title='bbox 2256 2141 2446 2186; x_wconf 90' lang='lat' dir='ltr'><strong>sancto</strong></span> <span class='ocrx_word' id='word_1_310' title='bbox 2471 2146 2630 2186; x_wconf 91' lang='lat' dir='ltr'><strong>nemo</strong></span> <span class='ocrx_word' id='word_1_311' title='bbox 2649 2139 2750 2193; x_wconf 89' lang='lat' dir='ltr'><strong>est,</strong></span> <span class='ocrx_word' id='word_1_312' title='bbox 2783 2133 2946 2188; x_wconf 92' lang='lat' dir='ltr'><strong>homo</strong></span> <span class='ocrx_word' id='word_1_313' title='bbox 2991 2135 3375 2205; x_wconf 88' lang='lat' dir='ltr'><strong>loquacissime</strong></span> 
     </span>
    </p>
   </div>
   <div class='ocr_carea' id='block_1_42' title="bbox 115 2217 1681 2294">
    <p class='ocr_par' dir='ltr' id='par_1_42' title="bbox 115 2217 1676 2294">
     <span class='ocr_line' id='line_1_42' title="bbox 115 2217 1676 2294; baseline 0.004 -22"><span class='ocrx_word' id='word_1_314' title='bbox 115 2221 174 2273; x_wconf 70' lang='grc' dir='ltr'>ἐκ</span> <span class='ocrx_word' id='word_1_315' title='bbox 207 2217 318 2273; x_wconf 79' lang='grc' dir='ltr'><strong>τῶν</strong></span> <span class='ocrx_word' id='word_1_316' title='bbox 347 2221 568 2289; x_wconf 76' lang='grc' dir='ltr'><strong>χειρῶν</strong></span> <span class='ocrx_word' id='word_1_317' title='bbox 592 2220 793 2290; x_wconf 69' lang='grc' dir='ltr'>ὑμῶν-ς</span> <span class='ocrx_word' id='word_1_318' title='bbox 828 2222 1069 2294; x_wconf 78' lang='grc' dir='ltr'>Ἐλέγχει</span> <span class='ocrx_word' id='word_1_319' title='bbox 1097 2241 1155 2276; x_wconf 91' lang='grc' dir='ltr'><strong>σε</strong></span> <span class='ocrx_word' id='word_1_320' title='bbox 1185 2225 1240 2278; x_wconf 83' lang='grc' dir='ltr'>δὲ</span> <span class='ocrx_word' id='word_1_321' title='bbox 1273 2227 1301 2278; x_wconf 78' lang='grc' dir='ltr'>ὁ</span> <span class='ocrx_word' id='word_1_322' title='bbox 1329 2224 1490 2289; x_wconf 81' lang='grc' dir='ltr'>αὐτὸς</span> <span class='ocrx_word' id='word_1_323' title='bbox 1519 2226 1676 2294; x_wconf 73' lang='grc' dir='ltr'>ἅγιος</span> 
     </span>
    </p>
   </div>
   <div class='ocr_carea' id='block_1_43' title="bbox 1839 2217 3368 2294">
    <p class='ocr_par' dir='ltr' id='par_1_43' title="bbox 1873 2222 3368 2294">
     <span class='ocr_line' id='line_1_43' title="bbox 1873 2222 3368 2294; baseline 0.002 -17"><span class='ocrx_word' id='word_1_324' title='bbox 1873 2223 2015 2277; x_wconf 89' lang='lat' dir='ltr'><strong>inter</strong></span> <span class='ocrx_word' id='word_1_325' title='bbox 2054 2222 2261 2276; x_wconf 90' lang='lat' dir='ltr'><strong>otiosos</strong></span> <span class='ocrx_word' id='word_1_326' title='bbox 2319 2222 2682 2291; x_wconf 83' lang='lat' dir='ltr'><strong>curiososque</strong></span> <span class='ocrx_word' id='word_1_327' title='bbox 2721 2225 3075 2290; x_wconf 84' lang='lat' dir='ltr'><strong>numerande,</strong></span> <span class='ocrx_word' id='word_1_328' title='bbox 3114 2228 3206 2294; x_wconf 91' lang='lat' dir='ltr'><strong>qui</strong></span> <span class='ocrx_word' id='word_1_329' title='bbox 3251 2243 3368 2282; x_wconf 84' lang='lat' dir='ltr'><strong>ser-</strong></span> 
     </span>
    </p>
   </div>
   <div class='ocr_carea' id='block_1_44' title="bbox 117 2310 1681 2388">
    <p class='ocr_par' dir='ltr' id='par_1_44' title="bbox 117 2310 1671 2388">
     <span class='ocr_line' id='line_1_44' title="bbox 117 2310 1671 2388; baseline 0.005 -26"><span class='ocrx_word' id='word_1_330' title='bbox 117 2310 298 2378; x_wconf 80' lang='grc' dir='ltr'>Λόγος,</span> <span class='ocrx_word' id='word_1_331' title='bbox 342 2311 420 2374; x_wconf 87' lang='grc' dir='ltr'>ὡς</span> <span class='ocrx_word' id='word_1_332' title='bbox 453 2312 652 2380; x_wconf 82' lang='grc' dir='ltr'><strong>φάσκει</strong></span> <span class='ocrx_word' id='word_1_333' title='bbox 685 2311 890 2383; x_wconf 77' lang='grc' dir='ltr'>Κύριος</span> <span class='ocrx_word' id='word_1_334' title='bbox 926 2315 1054 2386; x_wconf 79' lang='grc' dir='ltr'><strong>περὶ</strong></span> <span class='ocrx_word' id='word_1_335' title='bbox 1098 2316 1192 2369; x_wconf 77' lang='grc' dir='ltr'><strong>τοῦ</strong></span> <span class='ocrx_word' id='word_1_336' title='bbox 1223 2317 1540 2388; x_wconf 86' lang='grc' dir='ltr'>Πνεύματος</span> <span class='ocrx_word' id='word_1_337' title='bbox 1576 2315 1671 2371; x_wconf 76' lang='grc' dir='ltr'><strong>τοῦ</strong></span> 
     </span>
    </p>
   </div>
   <div class='ocr_carea' id='block_1_45' title="bbox 1839 2310 3376 2388">
    <p class='ocr_par' dir='ltr' id='par_1_45' title="bbox 1839 2313 3376 2388">
     <span class='ocr_line' id='line_1_45' title="bbox 1839 2313 3376 2388; baseline 0.005 -20"><span class='ocrx_word' id='word_1_338' title='bbox 1839 2329 1972 2369; x_wconf 87' lang='lat' dir='ltr'><strong>ones</strong></span> <span class='ocrx_word' id='word_1_339' title='bbox 2011 2321 2136 2368; x_wconf 92' lang='lat' dir='ltr'><strong>tuos</strong></span> <span class='ocrx_word' id='word_1_340' title='bbox 2185 2313 2360 2383; x_wconf 61' lang='lat' dir='ltr'><strong>aequis</strong></span> <span class='ocrx_word' id='word_1_341' title='bbox 2408 2315 2637 2369; x_wconf 88' lang='lat' dir='ltr'><strong>auribus</strong></span> <span class='ocrx_word' id='word_1_342' title='bbox 2688 2315 2960 2372; x_wconf 87' lang='lat' dir='ltr'><strong>admittat.</strong></span> <span class='ocrx_word' id='word_1_343' title='bbox 3015 2317 3146 2372; x_wconf 84' lang='lat' dir='ltr'><strong>Nam</strong></span> <span class='ocrx_word' id='word_1_344' title='bbox 3199 2335 3376 2388; x_wconf 90' lang='lat' dir='ltr'><strong>neque</strong></span> 
     </span>
    </p>
   </div>
   <div class='ocr_carea' id='block_1_46' title="bbox 116 2403 1681 2479">
    <p class='ocr_par' dir='ltr' id='par_1_46' title="bbox 116 2403 1671 2479">
     <span class='ocr_line' id='line_1_46' title="bbox 116 2403 1671 2479; baseline 0.003 -23"><span class='ocrx_word' id='word_1_345' title='bbox 116 2405 282 2470; x_wconf 69' lang='grc' dir='ltr'>ἁγίου*</span> <span class='ocrx_word' id='word_1_346' title='bbox 312 2403 593 2472; x_wconf 85' lang='grc' dir='ltr'>ὁμολογῶν</span> <span class='ocrx_word' id='word_1_347' title='bbox 639 2403 770 2457; x_wconf 73' lang='grc' dir='ltr'><strong>αὐτὸ</strong></span> <span class='ocrx_word' id='word_1_348' title='bbox 803 2406 1022 2476; x_wconf 79' lang='grc' dir='ltr'>γνήσιον</span> <span class='ocrx_word' id='word_1_349' title='bbox 1049 2406 1149 2476; x_wconf 78' lang='grc' dir='ltr'>τῆς</span> <span class='ocrx_word' id='word_1_350' title='bbox 1197 2407 1362 2460; x_wconf 80' lang='grc' dir='ltr'>αὑτοῦ</span> <span class='ocrx_word' id='word_1_351' title='bbox 1398 2407 1671 2479; x_wconf 86' lang='grc' dir='ltr'>θεότητος,</span> 
     </span>
    </p>
   </div>
   <div class='ocr_carea' id='block_1_47' title="bbox 1839 2403 3373 2479">
    <p class='ocr_par' dir='ltr' id='par_1_47' title="bbox 1841 2405 3373 2478">
     <span class='ocr_line' id='line_1_47' title="bbox 1841 2405 3373 2478; baseline 0.005 -18"><span class='ocrx_word' id='word_1_352' title='bbox 1841 2407 1979 2476; x_wconf 90' lang='lat' dir='ltr'><strong>ajor,</strong></span> <span class='ocrx_word' id='word_1_353' title='bbox 2034 2421 2211 2476; x_wconf 89' lang='lat' dir='ltr'><strong>neque</strong></span> <span class='ocrx_word' id='word_1_354' title='bbox 2244 2405 2423 2459; x_wconf 90' lang='lat' dir='ltr'><strong>minor</strong></span> <span class='ocrx_word' id='word_1_355' title='bbox 2473 2405 2582 2459; x_wconf 92' lang='lat' dir='ltr'><strong>diei</strong></span> <span class='ocrx_word' id='word_1_356' title='bbox 2623 2414 2803 2476; x_wconf 86' lang='lat' dir='ltr'><strong>potest</strong></span> <span class='ocrx_word' id='word_1_357' title='bbox 2844 2407 3082 2478; x_wconf 89' lang='lat' dir='ltr'><strong>Spiritus</strong></span> <span class='ocrx_word' id='word_1_358' title='bbox 3125 2420 3373 2467; x_wconf 88' lang='lat' dir='ltr'><strong>sanctus.</strong></span> 
     </span>
    </p>
   </div>
   <div class='ocr_carea' id='block_1_48' title="bbox 115 2494 1681 2570">
    <p class='ocr_par' dir='ltr' id='par_1_48' title="bbox 115 2494 1674 2570">
     <span class='ocr_line' id='line_1_48' title="bbox 115 2494 1674 2570; baseline 0.005 -24"><span class='ocrx_word' id='word_1_359' title='bbox 115 2495 247 2565; x_wconf 62' lang='grc' dir='ltr'>φησί’</span> <span class='ocrx_word' id='word_1_360' title='bbox 285 2495 351 2549; x_wconf 86' lang='grc' dir='ltr'><strong>Τὸ</strong></span> <span class='ocrx_word' id='word_1_361' title='bbox 378 2494 450 2548; x_wconf 81' lang='grc' dir='ltr'>ἐκ</span> <span class='ocrx_word' id='word_1_362' title='bbox 486 2496 592 2551; x_wconf 85' lang='grc' dir='ltr'><strong>τοῦ</strong></span> <span class='ocrx_word' id='word_1_363' title='bbox 615 2497 847 2566; x_wconf 75' lang='grc' dir='ltr'><strong>Πατρός</strong></span> <span class='ocrx_word' id='word_1_364' title='bbox 896 2499 1375 2570; x_wconf 78' lang='grc' dir='ltr'><strong>ἐκπορευόμενον</strong></span> <span class='ocrx_word' id='word_1_365' title='bbox 1419 2501 1512 2556; x_wconf 76' lang='grc' dir='ltr'><strong>καὶ</strong></span> <span class='ocrx_word' id='word_1_366' title='bbox 1568 2499 1674 2554; x_wconf 83' lang='grc' dir='ltr'><strong>τοῦ</strong></span> 
     </span>
    </p>
   </div>
   <div class='ocr_carea' id='block_1_49' title="bbox 1839 2494 3375 2570">
    <p class='ocr_par' dir='ltr' id='par_1_49' title="bbox 1839 2497 3375 2568">
     <span class='ocr_line' id='line_1_49' title="bbox 1839 2497 3375 2568; baseline 0.005 -17"><span class='ocrx_word' id='word_1_367' title='bbox 1839 2499 1916 2552; x_wconf 77' lang='lat' dir='ltr'><strong>uis</strong></span> <span class='ocrx_word' id='word_1_368' title='bbox 1935 2499 2071 2552; x_wconf 89' lang='lat' dir='ltr'><strong>enim</strong></span> <span class='ocrx_word' id='word_1_369' title='bbox 2095 2497 2226 2562; x_wconf 81' lang='lat' dir='ltr'><strong>hwc,</strong></span> <span class='ocrx_word' id='word_1_370' title='bbox 2247 2498 2444 2568; x_wconf 91' lang='lat' dir='ltr'><strong>inquit,</strong></span> <span class='ocrx_word' id='word_1_371' title='bbox 2466 2498 2734 2568; x_wconf 75' lang='lat' dir='ltr'><strong>requisivit</strong></span> <span class='ocrx_word' id='word_1_372' title='bbox 2763 2499 2832 2554; x_wconf 85' lang='lat' dir='ltr'><strong>de</strong></span> <span class='ocrx_word' id='word_1_373' title='bbox 2850 2502 3093 2555; x_wconf 78' lang='lat' dir='ltr'><strong>manibus</strong></span> <span class='ocrx_word' id='word_1_374' title='bbox 3115 2503 3296 2556; x_wconf 73' lang='lat' dir='ltr'><strong>vestris</strong></span> <span class='ocrx_word' id='word_1_375' title='bbox 3317 2505 3375 2558; x_wconf 65' lang='grc' dir='ltr'><strong>’ἲ</strong></span> 
     </span>
    </p>
   </div>
   <div class='ocr_carea' id='block_1_50' title="bbox 115 2586 1681 2659">
    <p class='ocr_par' dir='ltr' id='par_1_50' title="bbox 115 2586 546 2656">
     <span class='ocr_line' id='line_1_50' title="bbox 115 2586 546 2656; baseline 0.009 -18"><span class='ocrx_word' id='word_1_376' title='bbox 115 2586 242 2654; x_wconf 82' lang='grc' dir='ltr'><strong>ἐμοῦ</strong></span> <span class='ocrx_word' id='word_1_377' title='bbox 264 2587 546 2656; x_wconf 72' lang='grc' dir='ltr'><strong>λήψεται.</strong></span> 
     </span>
    </p>
   </div>
   <div class='ocr_carea' id='block_1_51' title="bbox 1839 2586 3374 2659">
    <p class='ocr_par' dir='ltr' id='par_1_51' title="bbox 1839 2589 3374 2658">
     <span class='ocr_line' id='line_1_51' title="bbox 1839 2589 3374 2658; baseline 0.003 -12"><span class='ocrx_word' id='word_1_378' title='bbox 1839 2591 2093 2647; x_wconf 89' lang='lat' dir='ltr'><strong>uinetiam</strong></span> <span class='ocrx_word' id='word_1_379' title='bbox 2129 2589 2271 2646; x_wconf 91' lang='lat' dir='ltr'><strong>idem</strong></span> <span class='ocrx_word' id='word_1_380' title='bbox 2305 2599 2357 2646; x_wconf 92' lang='lat' dir='ltr'><strong>te</strong></span> <span class='ocrx_word' id='word_1_381' title='bbox 2390 2591 2800 2646; x_wconf 88' lang='lat' dir='ltr'><strong>sanctissimum</strong></span> <span class='ocrx_word' id='word_1_382' title='bbox 2825 2591 3086 2658; x_wconf 77' lang='lat' dir='ltr'><strong>Verbum,</strong></span> <span class='ocrx_word' id='word_1_383' title='bbox 3119 2592 3374 2651; x_wconf 87' lang='lat' dir='ltr'><strong>Christus</strong></span> 
     </span>
    </p>
   </div>
   <div class='ocr_carea' id='block_1_52' title="bbox 116 2679 3378 2761">
    <p class='ocr_par' dir='ltr' id='par_1_52' title="bbox 116 2679 3378 2761">
     <span class='ocr_line' id='line_1_52' title="bbox 116 2679 3378 2761; baseline 0.005 -31"><span class='ocrx_word' id='word_1_384' title='bbox 116 2679 339 2734; x_wconf 79' lang='lat' dir='ltr'><strong>videlicet</strong></span> <span class='ocrx_word' id='word_1_385' title='bbox 365 2681 632 2738; x_wconf 86' lang='lat' dir='ltr'><strong>Dominus</strong></span> <span class='ocrx_word' id='word_1_386' title='bbox 657 2683 1019 2751; x_wconf 85' lang='lat' dir='ltr'><strong>condemnat;</strong></span> <span class='ocrx_word' id='word_1_387' title='bbox 1055 2686 1147 2756; x_wconf 88' lang='lat' dir='ltr'><strong>qui</strong></span> <span class='ocrx_word' id='word_1_388' title='bbox 1172 2687 1239 2742; x_wconf 91' lang='lat' dir='ltr'><strong>de</strong></span> <span class='ocrx_word' id='word_1_389' title='bbox 1257 2687 1460 2756; x_wconf 82' lang='lat' dir='ltr'><strong>Spiritu</strong></span> <span class='ocrx_word' id='word_1_390' title='bbox 1491 2697 1682 2742; x_wconf 86' lang='lat' dir='ltr'><strong>sam-to</strong></span> <span class='ocrx_word' id='word_1_391' title='bbox 1723 2688 1803 2743; x_wconf 90' lang='lat' dir='ltr'><strong>sic</strong></span> <span class='ocrx_word' id='word_1_392' title='bbox 1831 2687 2097 2758; x_wconf 90' lang='lat' dir='ltr'><strong>loquitur,</strong></span> <span class='ocrx_word' id='word_1_393' title='bbox 2129 2685 2436 2742; x_wconf 88' lang='lat' dir='ltr'><strong>divinitatis</strong></span> <span class='ocrx_word' id='word_1_394' title='bbox 2468 2694 2526 2740; x_wconf 93' lang='lat' dir='ltr'><strong>ut</strong></span> <span class='ocrx_word' id='word_1_395' title='bbox 2556 2702 2669 2742; x_wconf 75' lang='lat' dir='ltr'><strong>sua:</strong></span> <span class='ocrx_word' id='word_1_396' title='bbox 2709 2703 3028 2759; x_wconf 80' lang='lat' dir='ltr'><strong>germanum</strong></span> <span class='ocrx_word' id='word_1_397' title='bbox 3081 2702 3144 2743; x_wconf 87' lang='lat' dir='ltr'><strong>ac</strong></span> <span class='ocrx_word' id='word_1_398' title='bbox 3207 2692 3378 2761; x_wconf 91' lang='lat' dir='ltr'><strong>parti-</strong></span> 
     </span>
    </p>
   </div>
   <div class='ocr_carea' id='block_1_53' title="bbox 116 2773 2304 2851">
    <p class='ocr_par' dir='ltr' id='par_1_53' title="bbox 116 2773 2304 2851">
     <span class='ocr_line' id='line_1_53' title="bbox 116 2773 2304 2851; baseline 0.003 -25"><span class='ocrx_word' id='word_1_399' title='bbox 116 2773 270 2844; x_wconf 82' lang='lat' dir='ltr'><strong>cipem</strong></span> <span class='ocrx_word' id='word_1_400' title='bbox 299 2787 583 2844; x_wconf 81' lang='lat' dir='ltr'><strong>agnoscat.</strong></span> <span class='ocrx_word' id='word_1_401' title='bbox 613 2776 704 2830; x_wconf 87' lang='lat' dir='ltr'><strong>Ait</strong></span> <span class='ocrx_word' id='word_1_402' title='bbox 730 2778 908 2832; x_wconf 86' lang='lat' dir='ltr'><strong>enim:</strong></span> <span class='ocrx_word' id='word_1_403' title='bbox 946 2779 1051 2844; x_wconf 81' lang='lat' dir='ltr'><strong>Qui</strong></span> <span class='ocrx_word' id='word_1_404' title='bbox 1074 2795 1138 2833; x_wconf 77' lang='lat' dir='ltr'><strong>ex</strong></span> <span class='ocrx_word' id='word_1_405' title='bbox 1171 2779 1332 2835; x_wconf 85' lang='lat' dir='ltr'><strong>Patre</strong></span> <span class='ocrx_word' id='word_1_406' title='bbox 1363 2783 1658 2851; x_wconf 69' lang='lat' dir='ltr'><strong>procedit“,</strong></span> <span class='ocrx_word' id='word_1_407' title='bbox 1699 2789 1753 2837; x_wconf 91' lang='lat' dir='ltr'><strong>et</strong></span> <span class='ocrx_word' id='word_1_408' title='bbox 1778 2781 1842 2836; x_wconf 86' lang='lat' dir='ltr'><strong>de</strong></span> <span class='ocrx_word' id='word_1_409' title='bbox 1870 2797 1983 2834; x_wconf 87' lang='lat' dir='ltr'><strong>meo</strong></span> <span class='ocrx_word' id='word_1_410' title='bbox 2014 2781 2236 2848; x_wconf 75' lang='lat' dir='ltr'><strong>accipiet</strong></span> <span class='ocrx_word' id='word_1_411' title='bbox 2262 2781 2304 2833; x_wconf 83' lang='lat'><strong>’.</strong></span> 
     </span>
    </p>
   </div>
   <div class='ocr_carea' id='block_1_54' title="bbox 176 2870 1684 2945">
    <p class='ocr_par' dir='ltr' id='par_1_54' title="bbox 176 2870 1684 2945">
     <span class='ocr_line' id='line_1_54' title="bbox 176 2870 1684 2945; baseline 0.003 -22"><span class='ocrx_word' id='word_1_412' title='bbox 176 2873 255 2937; x_wconf 63' lang='grc' dir='ltr'><strong>(Γ.</strong></span> <span class='ocrx_word' id='word_1_413' title='bbox 276 2871 384 2923; x_wconf 73' lang='grc' dir='ltr'>Καὶ</span> <span class='ocrx_word' id='word_1_414' title='bbox 403 2870 569 2924; x_wconf 82' lang='grc' dir='ltr'>πόσαι</span> <span class='ocrx_word' id='word_1_415' title='bbox 591 2870 746 2924; x_wconf 78' lang='grc' dir='ltr'>ἄλλαι</span> <span class='ocrx_word' id='word_1_416' title='bbox 775 2871 1103 2942; x_wconf 82' lang='grc' dir='ltr'>τυγχάνουσι</span> <span class='ocrx_word' id='word_1_417' title='bbox 1135 2874 1464 2945; x_wconf 74' lang='grc' dir='ltr'>μαρτυρίαι;</span> <span class='ocrx_word' id='word_1_418' title='bbox 1500 2873 1684 2928; x_wconf 74' lang='grc' dir='ltr'>Ἐπειο</span> 
     </span>
    </p>
   </div>
   <div class='ocr_carea' id='block_1_55' title="bbox 117 2962 1677 3038">
    <p class='ocr_par' dir='ltr' id='par_1_55' title="bbox 117 2962 1677 3038">
     <span class='ocr_line' id='line_1_55' title="bbox 117 2962 1677 3038; baseline 0.004 -24"><span class='ocrx_word' id='word_1_419' title='bbox 117 2963 234 3032; x_wconf 76' lang='grc' dir='ltr'>δὴδὲ</span> <span class='ocrx_word' id='word_1_420' title='bbox 258 2965 422 3016; x_wconf 74' lang='grc' dir='ltr'>πᾶσιν</span> <span class='ocrx_word' id='word_1_421' title='bbox 459 2965 494 3033; x_wconf 79' lang='grc' dir='ltr'>ἡ</span> <span class='ocrx_word' id='word_1_422' title='bbox 517 2963 584 3034; x_wconf 76' lang='grc' dir='ltr'>σὴ</span> <span class='ocrx_word' id='word_1_423' title='bbox 615 2962 904 3034; x_wconf 82' lang='grc' dir='ltr'>ὲρεσχελία</span> <span class='ocrx_word' id='word_1_424' title='bbox 937 2963 1096 3034; x_wconf 79' lang='grc' dir='ltr'>δῆλός</span> <span class='ocrx_word' id='word_1_425' title='bbox 1143 2966 1260 3018; x_wconf 77' lang='grc' dir='ltr'>ἐστι</span> <span class='ocrx_word' id='word_1_426' title='bbox 1289 2966 1499 3038; x_wconf 82' lang='grc' dir='ltr'>πλάνης</span> <span class='ocrx_word' id='word_1_427' title='bbox 1522 2963 1677 3028; x_wconf 81' lang='grc' dir='ltr'>οὖσα,</span> 
     </span>
    </p>
   </div>
   <div class='ocr_carea' id='block_1_56' title="bbox 118 3055 1681 3130">
    <p class='ocr_par' dir='ltr' id='par_1_56' title="bbox 118 3055 1681 3130">
     <span class='ocr_line' id='line_1_56' title="bbox 118 3055 1681 3130; baseline 0.005 -24"><span class='ocrx_word' id='word_1_428' title='bbox 118 3055 199 3107; x_wconf 75' lang='grc' dir='ltr'>καὶ</span> <span class='ocrx_word' id='word_1_429' title='bbox 234 3057 329 3109; x_wconf 79' lang='grc' dir='ltr'><strong>οὐκ</strong></span> <span class='ocrx_word' id='word_1_430' title='bbox 370 3055 670 3127; x_wconf 73' lang='grc' dir='ltr'><strong>ἀληθείας·</strong></span> <span class='ocrx_word' id='word_1_431' title='bbox 725 3056 1113 3127; x_wconf 74' lang='grc' dir='ltr'>φωραθήσεται</span> <span class='ocrx_word' id='word_1_432' title='bbox 1154 3057 1212 3110; x_wconf 77' lang='grc' dir='ltr'>δὲ</span> <span class='ocrx_word' id='word_1_433' title='bbox 1264 3059 1324 3111; x_wconf 84' lang='grc' dir='ltr'><strong>ού</strong></span> <span class='ocrx_word' id='word_1_434' title='bbox 1368 3059 1526 3130; x_wconf 87' lang='grc' dir='ltr'>μόνον</span> <span class='ocrx_word' id='word_1_435' title='bbox 1573 3061 1681 3114; x_wconf 79' lang='grc' dir='ltr'><strong>ἀπὸ</strong></span> 
     </span>
    </p>
   </div>
   <div class='ocr_carea' id='block_1_57' title="bbox 121 3149 1679 3224">
    <p class='ocr_par' dir='ltr' id='par_1_57' title="bbox 121 3149 1679 3224">
     <span class='ocr_line' id='line_1_57' title="bbox 121 3149 1679 3224; baseline 0.003 -24"><span class='ocrx_word' id='word_1_436' title='bbox 121 3149 352 3211; x_wconf 82' lang='grc' dir='ltr'><strong>συνετῶν,</strong></span> <span class='ocrx_word' id='word_1_437' title='bbox 384 3149 527 3203; x_wconf 77' lang='grc' dir='ltr'>ἀλλὰ</span> <span class='ocrx_word' id='word_1_438' title='bbox 558 3151 652 3203; x_wconf 79' lang='grc' dir='ltr'><strong>καὶ</strong></span> <span class='ocrx_word' id='word_1_439' title='bbox 680 3149 790 3204; x_wconf 80' lang='grc' dir='ltr'>ἀπὸ</span> <span class='ocrx_word' id='word_1_440' title='bbox 817 3149 924 3202; x_wconf 77' lang='grc' dir='ltr'><strong>τῶν</strong></span> <span class='ocrx_word' id='word_1_441' title='bbox 952 3149 1132 3217; x_wconf 85' lang='grc' dir='ltr'>ὀλίγον</span> <span class='ocrx_word' id='word_1_442' title='bbox 1165 3167 1218 3203; x_wconf 82' lang='grc' dir='ltr'><strong>τι</strong></span> <span class='ocrx_word' id='word_1_443' title='bbox 1247 3151 1346 3220; x_wconf 73' lang='grc' dir='ltr'><strong>τῆς</strong></span> <span class='ocrx_word' id='word_1_444' title='bbox 1376 3151 1527 3216; x_wconf 80' lang='grc' dir='ltr'>θείας</span> <span class='ocrx_word' id='word_1_445' title='bbox 1546 3153 1679 3224; x_wconf 81' lang='grc' dir='ltr'><strong>Γρα⁸</strong></span> 
     </span>
    </p>
   </div>
   <div class='ocr_carea' id='block_1_58' title="bbox 120 3239 1682 3314">
    <p class='ocr_par' dir='ltr' id='par_1_58' title="bbox 120 3239 1682 3314">
     <span class='ocr_line' id='line_1_58' title="bbox 120 3239 1682 3314; baseline -0.01 -15"><span class='ocrx_word' id='word_1_446' title='bbox 120 3239 208 3310; x_wconf 70' lang='grc' dir='ltr'><strong>φῆς</strong></span> <span class='ocrx_word' id='word_1_447' title='bbox 226 3240 318 3312; x_wconf 78' lang='grc' dir='ltr'><strong>τὴν</strong></span> <span class='ocrx_word' id='word_1_448' title='bbox 350 3241 676 3294; x_wconf 77' lang='grc' dir='ltr'>ἀκολουθίαν</span> <span class='ocrx_word' id='word_1_449' title='bbox 719 3242 1213 3310; x_wconf 76' lang='grc' dir='ltr'>ἐπιγινωσκόντων,</span> <span class='ocrx_word' id='word_1_450' title='bbox 1250 3241 1315 3294; x_wconf 84' lang='grc' dir='ltr'>δι’</span> <span class='ocrx_word' id='word_1_451' title='bbox 1346 3243 1411 3314; x_wconf 76' lang='grc' dir='ltr'><strong>ἥν</strong></span> <span class='ocrx_word' id='word_1_452' title='bbox 1439 3243 1540 3296; x_wconf 79' lang='grc' dir='ltr'><strong>οὐκ</strong></span> <span class='ocrx_word' id='word_1_453' title='bbox 1562 3245 1682 3296; x_wconf 73' lang='grc' dir='ltr'><strong>ὲπι-</strong></span> 
     </span>
    </p>
   </div>
   <div class='ocr_carea' id='block_1_59' title="bbox 117 3331 1674 3404">
    <p class='ocr_par' dir='ltr' id='par_1_59' title="bbox 117 3331 1674 3404">
     <span class='ocr_line' id='line_1_59' title="bbox 117 3331 1674 3404; baseline 0 -19"><span class='ocrx_word' id='word_1_454' title='bbox 117 3332 429 3404; x_wconf 74' lang='grc' dir='ltr'>δεηθήσομαι</span> <span class='ocrx_word' id='word_1_455' title='bbox 457 3331 666 3384; x_wconf 83' lang='grc' dir='ltr'>πολλῶν</span> <span class='ocrx_word' id='word_1_456' title='bbox 693 3331 1030 3403; x_wconf 82' lang='grc' dir='ltr'>μαρτυριῶν,</span> <span class='ocrx_word' id='word_1_457' title='bbox 1054 3331 1086 3403; x_wconf 83' lang='grc' dir='ltr'>ἢ</span> <span class='ocrx_word' id='word_1_458' title='bbox 1116 3332 1315 3402; x_wconf 78' lang='grc' dir='ltr'>πολλῆς</span> <span class='ocrx_word' id='word_1_459' title='bbox 1335 3334 1674 3404; x_wconf 74' lang='grc' dir='ltr'>ἁνατροπῆςο</span> 
     </span>
    </p>
   </div>
   <div class='ocr_carea' id='block_1_60' title="bbox 119 3423 1676 3494">
    <p class='ocr_par' dir='ltr' id='par_1_60' title="bbox 119 3423 1676 3494">
     <span class='ocr_line' id='line_1_60' title="bbox 119 3423 1676 3494; baseline 0.002 -19"><span class='ocrx_word' id='word_1_460' title='bbox 119 3423 362 3477; x_wconf 71' lang='grc' dir='ltr'>εὐάλωτον</span> <span class='ocrx_word' id='word_1_461' title='bbox 404 3425 519 3492; x_wconf 78' lang='grc' dir='ltr'><strong>γάρ</strong></span> <span class='ocrx_word' id='word_1_462' title='bbox 577 3440 670 3476; x_wconf 91' lang='grc' dir='ltr'><strong>σου</strong></span> <span class='ocrx_word' id='word_1_463' title='bbox 712 3424 773 3476; x_wconf 83' lang='grc' dir='ltr'><strong>τὸ</strong></span> <span class='ocrx_word' id='word_1_464' title='bbox 815 3423 1059 3494; x_wconf 77' lang='grc' dir='ltr'><strong>διήγημα</strong></span> <span class='ocrx_word' id='word_1_465' title='bbox 1101 3424 1195 3475; x_wconf 77' lang='grc' dir='ltr'><strong>καὶ</strong></span> <span class='ocrx_word' id='word_1_466' title='bbox 1245 3425 1278 3494; x_wconf 76' lang='grc' dir='ltr'>ἡ</span> <span class='ocrx_word' id='word_1_467' title='bbox 1326 3425 1676 3478; x_wconf 84' lang='grc' dir='ltr'>κακοπιστία.</span> 
     </span>
    </p>
   </div>
   <div class='ocr_carea' id='block_1_61' title="bbox 117 3513 1680 3588">
    <p class='ocr_par' dir='ltr' id='par_1_61' title="bbox 117 3513 1680 3588">
     <span class='ocr_line' id='line_1_61' title="bbox 117 3513 1680 3588; baseline 0.004 -23"><span class='ocrx_word' id='word_1_468' title='bbox 117 3513 194 3567; x_wconf 79' lang='grc' dir='ltr'><strong>Διὸ</strong></span> <span class='ocrx_word' id='word_1_469' title='bbox 219 3515 464 3586; x_wconf 84' lang='grc' dir='ltr'>ἀρκετῶς</span> <span class='ocrx_word' id='word_1_470' title='bbox 497 3514 638 3585; x_wconf 77' lang='grc' dir='ltr'>ἔχειν</span> <span class='ocrx_word' id='word_1_471' title='bbox 668 3515 734 3568; x_wconf 68' lang='grc' dir='ltr'><strong>τὰ</strong></span> <span class='ocrx_word' id='word_1_472' title='bbox 775 3515 912 3585; x_wconf 74' lang='grc' dir='ltr'>πρὸς</span> <span class='ocrx_word' id='word_1_473' title='bbox 937 3518 994 3568; x_wconf 86' lang='grc' dir='ltr'>σὲ</span> <span class='ocrx_word' id='word_1_474' title='bbox 1030 3516 1316 3586; x_wconf 77' lang='grc' dir='ltr'><strong>εἰρημένα,</strong></span> <span class='ocrx_word' id='word_1_475' title='bbox 1346 3517 1422 3581; x_wconf 85' lang='grc' dir='ltr'>ὡς</span> <span class='ocrx_word' id='word_1_476' title='bbox 1444 3517 1552 3570; x_wconf 82' lang='grc' dir='ltr'><strong>ἀπὸ</strong></span> <span class='ocrx_word' id='word_1_477' title='bbox 1576 3517 1680 3588; x_wconf 85' lang='grc' dir='ltr'>γῆς</span> 
     </span>
    </p>
   </div>
   <div class='ocr_carea' id='block_1_62' title="bbox 117 3601 1680 3674">
    <p class='ocr_par' dir='ltr' id='par_1_62' title="bbox 117 3601 1680 3674">
     <span class='ocr_line' id='line_1_62' title="bbox 117 3601 1680 3674; baseline 0.001 -19"><span class='ocrx_word' id='word_1_478' title='bbox 117 3604 473 3673; x_wconf 80' lang='grc' dir='ltr'>ἀναφύσαντος</span> <span class='ocrx_word' id='word_1_479' title='bbox 501 3603 794 3671; x_wconf 85' lang='grc' dir='ltr'>κνωδάλου,</span> <span class='ocrx_word' id='word_1_480' title='bbox 826 3604 1030 3674; x_wconf 84' lang='grc' dir='ltr'><strong>ἀτόμου</strong></span> <span class='ocrx_word' id='word_1_481' title='bbox 1049 3606 1070 3636; x_wconf 78' lang='grc'>³</span> <span class='ocrx_word' id='word_1_482' title='bbox 1102 3621 1160 3656; x_wconf 86' lang='grc' dir='ltr'><strong>τε</strong></span> <span class='ocrx_word' id='word_1_483' title='bbox 1186 3603 1282 3656; x_wconf 76' lang='grc' dir='ltr'>καὶ</span> <span class='ocrx_word' id='word_1_484' title='bbox 1306 3603 1579 3674; x_wconf 81' lang='grc' dir='ltr'>ἀδυνάμου</span> <span class='ocrx_word' id='word_1_485' title='bbox 1602 3601 1680 3674; x_wconf 80' lang='grc' dir='ltr'><strong>τῷ</strong></span> 
     </span>
    </p>
   </div>
   <div class='ocr_carea' id='block_1_63' title="bbox 118 3695 1684 3768">
    <p class='ocr_par' dir='ltr' id='par_1_63' title="bbox 118 3695 1684 3768">
     <span class='ocr_line' id='line_1_63' title="bbox 118 3695 1684 3768; baseline -0.001 -19"><span class='ocrx_word' id='word_1_486' title='bbox 118 3697 222 3750; x_wconf 75' lang='grc' dir='ltr'>ποδὶ</span> <span class='ocrx_word' id='word_1_487' title='bbox 259 3697 351 3752; x_wconf 79' lang='grc' dir='ltr'><strong>τοῦ</strong></span> <span class='ocrx_word' id='word_1_488' title='bbox 392 3698 556 3766; x_wconf 83' lang='grc' dir='ltr'>λόγου</span> <span class='ocrx_word' id='word_1_489' title='bbox 603 3695 922 3767; x_wconf 81' lang='grc' dir='ltr'>συντρίψας,</span> <span class='ocrx_word' id='word_1_490' title='bbox 958 3697 1052 3750; x_wconf 74' lang='grc' dir='ltr'>καὶ</span> <span class='ocrx_word' id='word_1_491' title='bbox 1096 3698 1162 3768; x_wconf 82' lang='grc' dir='ltr'><strong>τῇ</strong></span> <span class='ocrx_word' id='word_1_492' title='bbox 1201 3695 1293 3750; x_wconf 77' lang='grc' dir='ltr'><strong>τοῦ</strong></span> <span class='ocrx_word' id='word_1_493' title='bbox 1326 3695 1462 3748; x_wconf 88' lang='grc' dir='ltr'><strong>Θεοῦ</strong></span> <span class='ocrx_word' id='word_1_494' title='bbox 1508 3695 1684 3763; x_wconf 86' lang='grc' dir='ltr'>Λόγου</span> 
     </span>
    </p>
   </div>
   <div class='ocr_carea' id='block_1_64' title="bbox 118 3785 1686 3861">
    <p class='ocr_par' dir='ltr' id='par_1_64' title="bbox 118 3785 1686 3861">
     <span class='ocr_line' id='line_1_64' title="bbox 118 3785 1686 3861; baseline -0.001 -21"><span class='ocrx_word' id='word_1_495' title='bbox 118 3789 354 3861; x_wconf 70' lang='grc' dir='ltr'>ἀληθείᾳ·</span> <span class='ocrx_word' id='word_1_496' title='bbox 414 3789 451 3861; x_wconf 79' lang='grc' dir='ltr'><strong>ἢ</strong></span> <span class='ocrx_word' id='word_1_497' title='bbox 481 3789 555 3853; x_wconf 81' lang='grc' dir='ltr'>ὡς</span> <span class='ocrx_word' id='word_1_498' title='bbox 579 3788 834 3859; x_wconf 78' lang='grc' dir='ltr'>ἕλμιγγα,</span> <span class='ocrx_word' id='word_1_499' title='bbox 871 3789 990 3858; x_wconf 73' lang='grc' dir='ltr'>ἦτοι</span> <span class='ocrx_word' id='word_1_500' title='bbox 1032 3789 1134 3858; x_wconf 87' lang='grc' dir='ltr'>γῆς</span> <span class='ocrx_word' id='word_1_501' title='bbox 1165 3785 1488 3858; x_wconf 75' lang='grc' dir='ltr'><strong>ἐντεριώνην</strong></span> <span class='ocrx_word' id='word_1_502' title='bbox 1518 3802 1686 3839; x_wconf 83' lang='grc' dir='ltr'>κατα-</span> 
     </span>
    </p>
   </div>
   <div class='ocr_carea' id='block_1_65' title="bbox 119 3875 1684 3952">
    <p class='ocr_par' dir='ltr' id='par_1_65' title="bbox 119 3875 1684 3952">
     <span class='ocr_line' id='line_1_65' title="bbox 119 3875 1684 3952; baseline -0.003 -20"><span class='ocrx_word' id='word_1_503' title='bbox 119 3881 283 3951; x_wconf 72' lang='grc' dir='ltr'>λείψω.</span> <span class='ocrx_word' id='word_1_504' title='bbox 324 3883 467 3951; x_wconf 82' lang='grc' dir='ltr'><strong>Ἤδη</strong></span> <span class='ocrx_word' id='word_1_505' title='bbox 506 3880 616 3952; x_wconf 80' lang='grc' dir='ltr'><strong>γὰρ</strong></span> <span class='ocrx_word' id='word_1_506' title='bbox 653 3878 747 3932; x_wconf 75' lang='grc' dir='ltr'>καὶ</span> <span class='ocrx_word' id='word_1_507' title='bbox 783 3877 1138 3948; x_wconf 81' lang='grc' dir='ltr'><strong>διεσκεδάσθη</strong></span> <span class='ocrx_word' id='word_1_508' title='bbox 1168 3879 1248 3939; x_wconf 85' lang='grc' dir='ltr'><strong>είς</strong></span> <span class='ocrx_word' id='word_1_509' title='bbox 1280 3877 1462 3944; x_wconf 85' lang='grc' dir='ltr'>ὀλίγον</span> <span class='ocrx_word' id='word_1_510' title='bbox 1495 3875 1684 3946; x_wconf 88' lang='grc' dir='ltr'>χρόνον</span> 
     </span>
    </p>
   </div>
   <div class='ocr_carea' id='block_1_66' title="bbox 119 3967 1686 4044">
    <p class='ocr_par' dir='ltr' id='par_1_66' title="bbox 119 3967 1686 4044">
     <span class='ocr_line' id='line_1_66' title="bbox 119 3967 1686 4044; baseline 0.008 -19"><span class='ocrx_word' id='word_1_511' title='bbox 119 3975 146 4042; x_wconf 72' lang='grc' dir='ltr'>ἡ</span> <span class='ocrx_word' id='word_1_512' title='bbox 184 3974 363 4028; x_wconf 80' lang='grc' dir='ltr'>τούτου</span> <span class='ocrx_word' id='word_1_513' title='bbox 397 3973 494 4028; x_wconf 82' lang='grc' dir='ltr'><strong>τοῦ</strong></span> <span class='ocrx_word' id='word_1_514' title='bbox 537 3971 891 4044; x_wconf 74' lang='grc' dir='ltr'>ἡπατημένου</span> <span class='ocrx_word' id='word_1_515' title='bbox 923 3971 1152 4042; x_wconf 82' lang='grc' dir='ltr'>αἵρεσις.</span> <span class='ocrx_word' id='word_1_516' title='bbox 1192 3970 1315 4021; x_wconf 76' lang='grc' dir='ltr'>Ἐπὶ</span> <span class='ocrx_word' id='word_1_517' title='bbox 1333 3967 1390 4022; x_wconf 83' lang='grc' dir='ltr'>δὲ</span> <span class='ocrx_word' id='word_1_518' title='bbox 1419 3968 1520 4032; x_wconf 79' lang='grc' dir='ltr'><strong>τὰς</strong></span> <span class='ocrx_word' id='word_1_519' title='bbox 1561 3969 1686 4038; x_wconf 58' lang='grc' dir='ltr'><strong>ἑξῆς</strong></span> 
     </span>
    </p>
   </div>
   <div class='ocr_carea' id='block_1_67' title="bbox 120 4061 1412 4138">
    <p class='ocr_par' dir='ltr' id='par_1_67' title="bbox 120 4061 1412 4138">
     <span class='ocr_line' id='line_1_67' title="bbox 120 4061 1412 4138; baseline -0.002 -22"><span class='ocrx_word' id='word_1_520' title='bbox 120 4067 339 4138; x_wconf 81' lang='grc' dir='ltr'>συνήθως</span> <span class='ocrx_word' id='word_1_521' title='bbox 368 4067 505 4120; x_wconf 80' lang='grc' dir='ltr'><strong>Θεὸν</strong></span> <span class='ocrx_word' id='word_1_522' title='bbox 529 4063 959 4134; x_wconf 75' lang='grc' dir='ltr'>ἐπικαλούμενος</span> <span class='ocrx_word' id='word_1_523' title='bbox 989 4061 1412 4136; x_wconf 83' lang='grc' dir='ltr'>προελεύσομαι.</span> 
     </span>
    </p>
   </div>
   <div class='ocr_carea' id='block_1_68' title="bbox 1869 2872 3376 2945">
    <p class='ocr_par' dir='ltr' id='par_1_68' title="bbox 1869 2872 3376 2945">
     <span class='ocr_line' id='line_1_68' title="bbox 1869 2872 3376 2945; baseline 0.003 -19"><span class='ocrx_word' id='word_1_524' title='bbox 1869 2872 1957 2927; x_wconf 91' lang='lat' dir='ltr'><strong>Vl.</strong></span> <span class='ocrx_word' id='word_1_525' title='bbox 1988 2872 2162 2938; x_wconf 86' lang='lat' dir='ltr'><strong>Quam</strong></span> <span class='ocrx_word' id='word_1_526' title='bbox 2189 2873 2356 2926; x_wconf 86' lang='lat' dir='ltr'><strong>multa</strong></span> <span class='ocrx_word' id='word_1_527' title='bbox 2385 2883 2514 2928; x_wconf 90' lang='lat' dir='ltr'><strong>sunt</strong></span> <span class='ocrx_word' id='word_1_528' title='bbox 2539 2885 2593 2930; x_wconf 92' lang='lat' dir='ltr'><strong>et</strong></span> <span class='ocrx_word' id='word_1_529' title='bbox 2619 2874 2721 2928; x_wconf 90' lang='lat' dir='ltr'><strong>alia</strong></span> <span class='ocrx_word' id='word_1_530' title='bbox 2745 2874 3076 2941; x_wconf 89' lang='lat' dir='ltr'><strong>testimonia,</strong></span> <span class='ocrx_word' id='word_1_531' title='bbox 3101 2891 3220 2945; x_wconf 72' lang='lat' dir='ltr'><strong>quae</strong></span> <span class='ocrx_word' id='word_1_532' title='bbox 3245 2893 3376 2932; x_wconf 81' lang='lat' dir='ltr'><strong>con-</strong></span> 
     </span>
    </p>
   </div>
   <div class='ocr_carea' id='block_1_69' title="bbox 1789 2964 3362 3033">
    <p class='ocr_par' dir='ltr' id='par_1_69' title="bbox 1789 2964 3362 3033">
     <span class='ocr_line' id='line_1_69' title="bbox 1789 2964 3362 3033; baseline -0.001 -13"><span class='ocrx_word' id='word_1_533' title='bbox 1789 2964 1936 3020; x_wconf 86' lang='lat' dir='ltr'><strong>sullo</strong></span> <span class='ocrx_word' id='word_1_534' title='bbox 1970 2969 2278 3032; x_wconf 72' lang='lat' dir='ltr'><strong>praztereo;</strong></span> <span class='ocrx_word' id='word_1_535' title='bbox 2311 2964 2570 3033; x_wconf 84' lang='lat' dir='ltr'><strong>quoniam</strong></span> <span class='ocrx_word' id='word_1_536' title='bbox 2601 2964 2818 3033; x_wconf 90' lang='lat' dir='ltr'><strong>quidem</strong></span> <span class='ocrx_word' id='word_1_537' title='bbox 2847 2972 2936 3018; x_wconf 87' lang='lat' dir='ltr'><strong>tua</strong></span> <span class='ocrx_word' id='word_1_538' title='bbox 2970 2965 3226 3021; x_wconf 91' lang='lat' dir='ltr'><strong>omnibus</strong></span> <span class='ocrx_word' id='word_1_539' title='bbox 3260 2966 3362 3019; x_wconf 84' lang='lat' dir='ltr'><strong>im-</strong></span> 
     </span>
    </p>
   </div>
   <div class='ocr_carea' id='block_1_70' title="bbox 1787 3056 3373 3128">
    <p class='ocr_par' dir='ltr' id='par_1_70' title="bbox 1787 3056 3373 3128">
     <span class='ocr_line' id='line_1_70' title="bbox 1787 3056 3373 3128; baseline 0.003 -18"><span class='ocrx_word' id='word_1_540' title='bbox 1787 3056 2100 3127; x_wconf 89' lang='lat' dir='ltr'><strong>portunitas</strong></span> <span class='ocrx_word' id='word_1_541' title='bbox 2129 3064 2213 3113; x_wconf 90' lang='lat' dir='ltr'><strong>est</strong></span> <span class='ocrx_word' id='word_1_542' title='bbox 2256 3056 2572 3117; x_wconf 89' lang='lat' dir='ltr'><strong>manifesta.</strong></span> <span class='ocrx_word' id='word_1_543' title='bbox 2602 3072 2722 3128; x_wconf 66' lang='lat' dir='ltr'><strong>quae</strong></span> <span class='ocrx_word' id='word_1_544' title='bbox 2747 3057 2814 3112; x_wconf 88' lang='lat' dir='ltr'><strong>ab</strong></span> <span class='ocrx_word' id='word_1_545' title='bbox 2840 3073 3046 3123; x_wconf 89' lang='lat' dir='ltr'><strong>errore,</strong></span> <span class='ocrx_word' id='word_1_546' title='bbox 3081 3074 3190 3112; x_wconf 91' lang='lat' dir='ltr'><strong>non</strong></span> <span class='ocrx_word' id='word_1_547' title='bbox 3217 3074 3247 3112; x_wconf 92' lang='lat' dir='ltr'><strong>a</strong></span> <span class='ocrx_word' id='word_1_548' title='bbox 3277 3075 3373 3115; x_wconf 89' lang='lat' dir='ltr'><strong>ve-</strong></span> 
     </span>
    </p>
   </div>
   <div class='ocr_carea' id='block_1_71' title="bbox 1786 3147 3375 3220">
    <p class='ocr_par' dir='ltr' id='par_1_71' title="bbox 1786 3147 3375 3220">
     <span class='ocr_line' id='line_1_71' title="bbox 1786 3147 3375 3220; baseline 0.001 -18"><span class='ocrx_word' id='word_1_549' title='bbox 1786 3148 1948 3203; x_wconf 88' lang='lat' dir='ltr'><strong>ritate</strong></span> <span class='ocrx_word' id='word_1_550' title='bbox 1981 3147 2374 3219; x_wconf 76' lang='lat' dir='ltr'><strong>proficiscitur,</strong></span> <span class='ocrx_word' id='word_1_551' title='bbox 2409 3147 2544 3203; x_wconf 88' lang='lat' dir='ltr'><strong>adeo</strong></span> <span class='ocrx_word' id='word_1_552' title='bbox 2582 3157 2639 3201; x_wconf 91' lang='lat' dir='ltr'><strong>ut</strong></span> <span class='ocrx_word' id='word_1_553' title='bbox 2667 3164 2775 3202; x_wconf 88' lang='lat' dir='ltr'><strong>non</strong></span> <span class='ocrx_word' id='word_1_554' title='bbox 2812 3163 2931 3204; x_wconf 87' lang='lat' dir='ltr'><strong>eam</strong></span> <span class='ocrx_word' id='word_1_555' title='bbox 2965 3149 3126 3204; x_wconf 92' lang='lat' dir='ltr'><strong>modo</strong></span> <span class='ocrx_word' id='word_1_556' title='bbox 3159 3152 3375 3220; x_wconf 88' lang='lat' dir='ltr'><strong>sapien-</strong></span> 
     </span>
    </p>
   </div>
   <div class='ocr_carea' id='block_1_72' title="bbox 1788 3236 3378 3310">
    <p class='ocr_par' dir='ltr' id='par_1_72' title="bbox 1788 3236 3378 3310">
     <span class='ocr_line' id='line_1_72' title="bbox 1788 3236 3378 3310; baseline 0.001 -18"><span class='ocrx_word' id='word_1_557' title='bbox 1788 3237 1981 3301; x_wconf 84' lang='lat' dir='ltr'><strong>tiores,</strong></span> <span class='ocrx_word' id='word_1_558' title='bbox 2012 3238 2106 3293; x_wconf 86' lang='lat' dir='ltr'><strong>sed</strong></span> <span class='ocrx_word' id='word_1_559' title='bbox 2139 3245 2197 3291; x_wconf 93' lang='lat' dir='ltr'><strong>ut</strong></span> <span class='ocrx_word' id='word_1_560' title='bbox 2243 3237 2316 3291; x_wconf 93' lang='lat' dir='ltr'><strong>illi</strong></span> <span class='ocrx_word' id='word_1_561' title='bbox 2367 3236 2525 3292; x_wconf 80' lang='lat' dir='ltr'><strong>facile</strong></span> <span class='ocrx_word' id='word_1_562' title='bbox 2555 3237 2988 3306; x_wconf 81' lang='lat' dir='ltr'><strong>deprehendant,</strong></span> <span class='ocrx_word' id='word_1_563' title='bbox 3022 3239 3114 3310; x_wconf 91' lang='lat' dir='ltr'><strong>qui</strong></span> <span class='ocrx_word' id='word_1_564' title='bbox 3143 3241 3378 3295; x_wconf 86' lang='lat' dir='ltr'><strong>nonnul-</strong></span> 
     </span>
    </p>
   </div>
   <div class='ocr_carea' id='block_1_73' title="bbox 1789 3330 3378 3400">
    <p class='ocr_par' dir='ltr' id='par_1_73' title="bbox 1789 3330 3378 3400">
     <span class='ocr_line' id='line_1_73' title="bbox 1789 3330 3378 3400; baseline 0.004 -17"><span class='ocrx_word' id='word_1_565' title='bbox 1789 3331 1900 3384; x_wconf 87' lang='lat' dir='ltr'><strong>lum</strong></span> <span class='ocrx_word' id='word_1_566' title='bbox 1934 3347 2219 3386; x_wconf 88' lang='lat' dir='ltr'><strong>sacrarum</strong></span> <span class='ocrx_word' id='word_1_567' title='bbox 2267 3330 2600 3385; x_wconf 88' lang='lat' dir='ltr'><strong>Litterarum</strong></span> <span class='ocrx_word' id='word_1_568' title='bbox 2643 3347 2805 3386; x_wconf 89' lang='lat' dir='ltr'><strong>usum</strong></span> <span class='ocrx_word' id='word_1_569' title='bbox 2842 3331 3152 3387; x_wconf 84' lang='lat' dir='ltr'><strong>habuerint.</strong></span> <span class='ocrx_word' id='word_1_570' title='bbox 3195 3333 3378 3400; x_wconf 80' lang='lat' dir='ltr'><strong>Quare</strong></span> 
     </span>
    </p>
   </div>
   <div class='ocr_carea' id='block_1_74' title="bbox 1787 3419 3378 3491">
    <p class='ocr_par' dir='ltr' id='par_1_74' title="bbox 1787 3419 3378 3491">
     <span class='ocr_line' id='line_1_74' title="bbox 1787 3419 3378 3491; baseline 0.004 -18"><span class='ocrx_word' id='word_1_571' title='bbox 1787 3436 1897 3473; x_wconf 94' lang='lat' dir='ltr'><strong>non</strong></span> <span class='ocrx_word' id='word_1_572' title='bbox 1931 3429 2016 3475; x_wconf 91' lang='lat' dir='ltr'><strong>est</strong></span> <span class='ocrx_word' id='word_1_573' title='bbox 2049 3420 2193 3491; x_wconf 92' lang='lat' dir='ltr'><strong>quod</strong></span> <span class='ocrx_word' id='word_1_574' title='bbox 2241 3419 2491 3490; x_wconf 88' lang='lat' dir='ltr'><strong>pluribus</strong></span> <span class='ocrx_word' id='word_1_575' title='bbox 2525 3419 2790 3475; x_wconf 80' lang='lat' dir='ltr'><strong>adversus</strong></span> <span class='ocrx_word' id='word_1_576' title='bbox 2843 3422 2991 3476; x_wconf 86' lang='lat' dir='ltr'><strong>illam</strong></span> <span class='ocrx_word' id='word_1_577' title='bbox 3047 3424 3378 3480; x_wconf 79' lang='lat' dir='ltr'><strong>testimoniis</strong></span> 
     </span>
    </p>
   </div>
   <div class='ocr_carea' id='block_1_75' title="bbox 1785 3511 3371 3582">
    <p class='ocr_par' dir='ltr' id='par_1_75' title="bbox 1785 3511 3371 3582">
     <span class='ocr_line' id='line_1_75' title="bbox 1785 3511 3371 3582; baseline 0.003 -18"><span class='ocrx_word' id='word_1_578' title='bbox 1785 3522 1877 3566; x_wconf 90' lang='lat' dir='ltr'><strong>aut</strong></span> <span class='ocrx_word' id='word_1_579' title='bbox 1900 3511 2127 3582; x_wconf 82' lang='lat' dir='ltr'><strong>longiori</strong></span> <span class='ocrx_word' id='word_1_580' title='bbox 2153 3511 2479 3566; x_wconf 80' lang='lat' dir='ltr'><strong>refutatione</strong></span> <span class='ocrx_word' id='word_1_581' title='bbox 2502 3527 2642 3580; x_wconf 89' lang='lat' dir='ltr'><strong>opus</strong></span> <span class='ocrx_word' id='word_1_582' title='bbox 2670 3527 2792 3568; x_wconf 85' lang='lat' dir='ltr'><strong>esse</strong></span> <span class='ocrx_word' id='word_1_583' title='bbox 2823 3513 2980 3568; x_wconf 90' lang='lat' dir='ltr'><strong>nobis</strong></span> <span class='ocrx_word' id='word_1_584' title='bbox 3016 3515 3371 3569; x_wconf 90' lang='lat' dir='ltr'><strong>arbitremur.</strong></span> 
     </span>
    </p>
   </div>
   <div class='ocr_carea' id='block_1_76' title="bbox 1786 3603 3372 3662">
    <p class='ocr_par' dir='ltr' id='par_1_76' title="bbox 1786 3603 3372 3662">
     <span class='ocr_line' id='line_1_76' title="bbox 1786 3603 3372 3662; baseline 0.002 -5"><span class='ocrx_word' id='word_1_585' title='bbox 1786 3603 1927 3658; x_wconf 75' lang='lat' dir='ltr'><strong>Nihil</strong></span> <span class='ocrx_word' id='word_1_586' title='bbox 1974 3604 2120 3659; x_wconf 92' lang='lat' dir='ltr'><strong>enim</strong></span> <span class='ocrx_word' id='word_1_587' title='bbox 2164 3604 2478 3658; x_wconf 88' lang='lat' dir='ltr'><strong>narratione</strong></span> <span class='ocrx_word' id='word_1_588' title='bbox 2528 3615 2618 3657; x_wconf 92' lang='lat' dir='ltr'><strong>tua</strong></span> <span class='ocrx_word' id='word_1_589' title='bbox 2665 3613 2718 3658; x_wconf 93' lang='lat' dir='ltr'><strong>et</strong></span> <span class='ocrx_word' id='word_1_590' title='bbox 2762 3603 3079 3662; x_wconf 88' lang='lat' dir='ltr'><strong>infidelitate</strong></span> <span class='ocrx_word' id='word_1_591' title='bbox 3123 3606 3191 3662; x_wconf 90' lang='lat' dir='ltr'><strong>ad</strong></span> <span class='ocrx_word' id='word_1_592' title='bbox 3237 3623 3372 3661; x_wconf 87' lang='lat' dir='ltr'><strong>eon-</strong></span> 
     </span>
    </p>
   </div>
   <div class='ocr_carea' id='block_1_77' title="bbox 1791 3695 3374 3770">
    <p class='ocr_par' dir='ltr' id='par_1_77' title="bbox 1791 3695 3374 3770">
     <span class='ocr_line' id='line_1_77' title="bbox 1791 3695 3374 3770; baseline 0.003 -21"><span class='ocrx_word' id='word_1_593' title='bbox 1791 3697 2118 3752; x_wconf 88' lang='lat' dir='ltr'><strong>vincendum</strong></span> <span class='ocrx_word' id='word_1_594' title='bbox 2162 3695 2398 3752; x_wconf 81' lang='lat' dir='ltr'><strong>facilius.</strong></span> <span class='ocrx_word' id='word_1_595' title='bbox 2437 3697 2591 3754; x_wconf 92' lang='lat' dir='ltr'><strong>Unde</strong></span> <span class='ocrx_word' id='word_1_596' title='bbox 2625 3712 2746 3766; x_wconf 62' lang='lat' dir='ltr'><strong>quae</strong></span> <span class='ocrx_word' id='word_1_597' title='bbox 2787 3707 2977 3752; x_wconf 90' lang='lat' dir='ltr'><strong>contra</strong></span> <span class='ocrx_word' id='word_1_598' title='bbox 3014 3705 3067 3754; x_wconf 89' lang='lat' dir='ltr'><strong>te</strong></span> <span class='ocrx_word' id='word_1_599' title='bbox 3099 3699 3374 3770; x_wconf 71' lang='lat' dir='ltr'><strong>disputata</strong></span> 
     </span>
    </p>
   </div>
   <div class='ocr_carea' id='block_1_78' title="bbox 1793 3787 3377 3860">
    <p class='ocr_par' dir='ltr' id='par_1_78' title="bbox 1793 3787 3377 3860">
     <span class='ocr_line' id='line_1_78' title="bbox 1793 3787 3377 3860; baseline 0 -15"><span class='ocrx_word' id='word_1_600' title='bbox 1793 3796 1925 3846; x_wconf 88' lang='lat' dir='ltr'><strong>sunt</strong></span> <span class='ocrx_word' id='word_1_601' title='bbox 1970 3789 2258 3855; x_wconf 78' lang='lat' dir='ltr'><strong>hactenus,</strong></span> <span class='ocrx_word' id='word_1_602' title='bbox 2313 3790 2450 3844; x_wconf 89' lang='lat' dir='ltr'><strong>satis</strong></span> <span class='ocrx_word' id='word_1_603' title='bbox 2494 3790 2734 3844; x_wconf 86' lang='lat' dir='ltr'><strong>arbitror</strong></span> <span class='ocrx_word' id='word_1_604' title='bbox 2785 3787 3002 3856; x_wconf 89' lang='lat' dir='ltr'><strong>futura;</strong></span> <span class='ocrx_word' id='word_1_605' title='bbox 3044 3806 3107 3845; x_wconf 93' lang='lat' dir='ltr'><strong>ac</strong></span> <span class='ocrx_word' id='word_1_606' title='bbox 3153 3791 3377 3860; x_wconf 84' lang='lat' dir='ltr'><strong>perinde</strong></span> 
     </span>
    </p>
   </div>
   <div class='ocr_carea' id='block_1_79' title="bbox 1793 3880 3374 3950">
    <p class='ocr_par' dir='ltr' id='par_1_79' title="bbox 1793 3880 3374 3950">
     <span class='ocr_line' id='line_1_79' title="bbox 1793 3880 3374 3950; baseline 0.003 -16"><span class='ocrx_word' id='word_1_607' title='bbox 1793 3890 1851 3935; x_wconf 91' lang='lat' dir='ltr'><strong>ut</strong></span> <span class='ocrx_word' id='word_1_608' title='bbox 1882 3881 2154 3936; x_wconf 90' lang='lat' dir='ltr'><strong>insectum</strong></span> <span class='ocrx_word' id='word_1_609' title='bbox 2192 3880 2468 3950; x_wconf 90' lang='lat' dir='ltr'><strong>quoddam</strong></span> <span class='ocrx_word' id='word_1_610' title='bbox 2525 3881 2724 3936; x_wconf 89' lang='lat' dir='ltr'><strong>animal</strong></span> <span class='ocrx_word' id='word_1_611' title='bbox 2761 3898 2792 3937; x_wconf 90' lang='lat' dir='ltr'><strong>e</strong></span> <span class='ocrx_word' id='word_1_612' title='bbox 2825 3890 2969 3937; x_wconf 90' lang='lat' dir='ltr'><strong>terra</strong></span> <span class='ocrx_word' id='word_1_613' title='bbox 3003 3897 3274 3938; x_wconf 90' lang='lat' dir='ltr'><strong>emersum</strong></span> <span class='ocrx_word' id='word_1_614' title='bbox 3321 3893 3374 3938; x_wconf 89' lang='lat' dir='ltr'><strong>et</strong></span> 
     </span>
    </p>
   </div>
   <div class='ocr_carea' id='block_1_80' title="bbox 1794 3972 3376 4043">
    <p class='ocr_par' dir='ltr' id='par_1_80' title="bbox 1794 3972 3376 4043">
     <span class='ocr_line' id='line_1_80' title="bbox 1794 3972 3376 4043; baseline 0.003 -17"><span class='ocrx_word' id='word_1_615' title='bbox 1794 3972 2127 4026; x_wconf 89' lang='lat' dir='ltr'><strong>imbecillum</strong></span> <span class='ocrx_word' id='word_1_616' title='bbox 2171 3990 2184 4026; x_wconf 90' lang='lat'>:</span> <span class='ocrx_word' id='word_1_617' title='bbox 2228 3973 2308 4027; x_wconf 91' lang='lat' dir='ltr'><strong>sic</strong></span> <span class='ocrx_word' id='word_1_618' title='bbox 2359 3985 2712 4043; x_wconf 81' lang='lat' dir='ltr'><strong>posteaquam</strong></span> <span class='ocrx_word' id='word_1_619' title='bbox 2771 3983 2822 4030; x_wconf 93' lang='lat' dir='ltr'><strong>te</strong></span> <span class='ocrx_word' id='word_1_620' title='bbox 2875 3974 3046 4028; x_wconf 91' lang='lat' dir='ltr'><strong>divini</strong></span> <span class='ocrx_word' id='word_1_621' title='bbox 3087 3973 3249 4029; x_wconf 87' lang='lat' dir='ltr'><strong>Verbi</strong></span> <span class='ocrx_word' id='word_1_622' title='bbox 3310 3990 3376 4030; x_wconf 88' lang='lat' dir='ltr'><strong>ac</strong></span> 
     </span>
    </p>
   </div>
   <div class='ocr_carea' id='block_1_81' title="bbox 1792 4061 3372 4132">
    <p class='ocr_par' dir='ltr' id='par_1_81' title="bbox 1792 4061 3372 4132">
     <span class='ocr_line' id='line_1_81' title="bbox 1792 4061 3372 4132; baseline 0.004 -20"><span class='ocrx_word' id='word_1_623' title='bbox 1792 4061 2042 4116; x_wconf 87' lang='lat' dir='ltr'><strong>veritatis</strong></span> <span class='ocrx_word' id='word_1_624' title='bbox 2077 4061 2304 4132; x_wconf 81' lang='lat' dir='ltr'><strong>vestigio</strong></span> <span class='ocrx_word' id='word_1_625' title='bbox 2341 4064 2681 4131; x_wconf 90' lang='lat' dir='ltr'><strong>proculcavi,</strong></span> <span class='ocrx_word' id='word_1_626' title='bbox 2725 4065 2840 4118; x_wconf 89' lang='lat' dir='ltr'><strong>sive</strong></span> <span class='ocrx_word' id='word_1_627' title='bbox 2880 4066 3132 4119; x_wconf 89' lang='lat' dir='ltr'><strong>lmnbrici</strong></span> <span class='ocrx_word' id='word_1_628' title='bbox 3177 4067 3372 4130; x_wconf 89' lang='lat' dir='ltr'><strong>instar,</strong></span> 
     </span>
    </p>
   </div>
   <div class='ocr_carea' id='block_1_82' title="bbox 119 4151 3375 4230">
    <p class='ocr_par' dir='ltr' id='par_1_82' title="bbox 119 4151 3375 4230">
     <span class='ocr_line' id='line_1_82' title="bbox 119 4151 3375 4230; baseline 0.001 -20"><span class='ocrx_word' id='word_1_629' title='bbox 119 4167 200 4211; x_wconf 82' lang='lat' dir='ltr'><strong>aut</strong></span> <span class='ocrx_word' id='word_1_630' title='bbox 220 4166 373 4214; x_wconf 67' lang='lat' dir='ltr'><strong>terra:</strong></span> <span class='ocrx_word' id='word_1_631' title='bbox 403 4158 696 4221; x_wconf 90' lang='lat' dir='ltr'><strong>interanei,</strong></span> <span class='ocrx_word' id='word_1_632' title='bbox 727 4156 956 4210; x_wconf 89' lang='lat' dir='ltr'><strong>missum</strong></span> <span class='ocrx_word' id='word_1_633' title='bbox 989 4163 1268 4225; x_wconf 89' lang='lat' dir='ltr'><strong>postremo</strong></span> <span class='ocrx_word' id='word_1_634' title='bbox 1307 4153 1526 4208; x_wconf 87' lang='lat' dir='ltr'><strong>faciam.</strong></span> <span class='ocrx_word' id='word_1_635' title='bbox 1564 4151 1685 4205; x_wconf 86' lang='lat' dir='ltr'><strong>Jam</strong></span> <span class='ocrx_word' id='word_1_636' title='bbox 1735 4153 1880 4206; x_wconf 89' lang='lat' dir='ltr'><strong>enim</strong></span> <span class='ocrx_word' id='word_1_637' title='bbox 1933 4153 2083 4208; x_wconf 87' lang='lat' dir='ltr'><strong>brevi</strong></span> <span class='ocrx_word' id='word_1_638' title='bbox 2123 4154 2435 4230; x_wconf 82' lang='lat' dir='ltr'><strong>admodum</strong></span> <span class='ocrx_word' id='word_1_639' title='bbox 2489 4169 2736 4225; x_wconf 83' lang='lat' dir='ltr'><strong>tempore</strong></span> <span class='ocrx_word' id='word_1_640' title='bbox 2789 4157 2936 4211; x_wconf 88' lang='lat' dir='ltr'><strong>illius</strong></span> <span class='ocrx_word' id='word_1_641' title='bbox 2995 4166 3080 4212; x_wconf 89' lang='lat' dir='ltr'><strong>est</strong></span> <span class='ocrx_word' id='word_1_642' title='bbox 3145 4157 3375 4215; x_wconf 63' lang='lat' dir='ltr'><strong>haaresis</strong></span> 
     </span>
    </p>
   </div>
   <div class='ocr_carea' id='block_1_83' title="bbox 121 4247 2703 4326">
    <p class='ocr_par' dir='ltr' id='par_1_83' title="bbox 121 4247 2703 4326">
     <span class='ocr_line' id='line_1_83' title="bbox 121 4247 2703 4326; baseline -0.002 -18"><span class='ocrx_word' id='word_1_643' title='bbox 121 4254 382 4326; x_wconf 87' lang='lat' dir='ltr'><strong>dissipata.</strong></span> <span class='ocrx_word' id='word_1_644' title='bbox 419 4253 589 4316; x_wconf 34' lang='lat' dir='ltr'><strong>Nunc.</strong></span> <span class='ocrx_word' id='word_1_645' title='bbox 616 4253 928 4324; x_wconf 88' lang='lat' dir='ltr'><strong>implorata,</strong></span> <span class='ocrx_word' id='word_1_646' title='bbox 959 4260 1018 4307; x_wconf 90' lang='lat' dir='ltr'><strong>ut</strong></span> <span class='ocrx_word' id='word_1_647' title='bbox 1041 4251 1303 4316; x_wconf 89' lang='lat' dir='ltr'><strong>solemus,</strong></span> <span class='ocrx_word' id='word_1_648' title='bbox 1339 4265 1443 4320; x_wconf 90' lang='lat' dir='ltr'><strong>ope</strong></span> <span class='ocrx_word' id='word_1_649' title='bbox 1472 4247 1589 4316; x_wconf 89' lang='lat' dir='ltr'><strong>Dei,</strong></span> <span class='ocrx_word' id='word_1_650' title='bbox 1621 4248 1686 4303; x_wconf 90' lang='lat' dir='ltr'><strong>ad</strong></span> <span class='ocrx_word' id='word_1_651' title='bbox 1728 4248 1972 4319; x_wconf 86' lang='lat' dir='ltr'><strong>reliquas</strong></span> <span class='ocrx_word' id='word_1_652' title='bbox 2001 4248 2240 4303; x_wconf 72' lang='lat' dir='ltr'><strong>haereses</strong></span> <span class='ocrx_word' id='word_1_653' title='bbox 2272 4247 2703 4319; x_wconf 87' lang='lat' dir='ltr'><strong>progrediemur.</strong></span> 
     </span>
    </p>
   </div>
   <div class='ocr_carea' id='block_1_84' title="bbox 488 4392 1290 4456">
    <p class='ocr_par' dir='ltr' id='par_1_84' title="bbox 488 4392 1290 4456">
     <span class='ocr_line' id='line_1_84' title="bbox 488 4392 1290 4456; baseline -0.005 -8"><span class='ocrx_word' id='word_1_654' title='bbox 488 4395 680 4449; x_wconf 78' lang='grc' dir='ltr'><strong>ΚΑΤΑ</strong></span> <span class='ocrx_word' id='word_1_655' title='bbox 711 4392 1290 4456; x_wconf 75' lang='grc' dir='ltr'><strong>ΜΑΡΚΕΛΛΙΛΝΩΝ,</strong></span> 
     </span>
    </p>
   </div>
   <div class='ocr_carea' id='block_1_85' title="bbox 122 4525 1680 4601">
    <p class='ocr_par' dir='ltr' id='par_1_85' title="bbox 122 4525 1680 4601">
     <span class='ocr_line' id='line_1_85' title="bbox 122 4525 1680 4601; baseline -0.003 -16"><span class='ocrx_word' id='word_1_656' title='bbox 122 4530 488 4601; x_wconf 76' lang='grc' dir='ltr'>Πεντηκοστὴ</span> <span class='ocrx_word' id='word_1_657' title='bbox 522 4530 790 4600; x_wconf 79' lang='grc' dir='ltr'>δευτέρα,</span> <span class='ocrx_word' id='word_1_658' title='bbox 824 4532 862 4600; x_wconf 80' lang='grc' dir='ltr'>ἡ</span> <span class='ocrx_word' id='word_1_659' title='bbox 896 4530 994 4584; x_wconf 82' lang='grc' dir='ltr'>καὶ</span> <span class='ocrx_word' id='word_1_660' title='bbox 1029 4527 1375 4596; x_wconf 80' lang='grc' dir='ltr'>ἐπτακοστὴ</span> <span class='ocrx_word' id='word_1_661' title='bbox 1410 4525 1680 4595; x_wconf 80' lang='grc' dir='ltr'>δευτέρα.</span> 
     </span>
    </p>
   </div>
   <div class='ocr_carea' id='block_1_86' title="bbox 182 4631 1708 4713">
    <p class='ocr_par' dir='ltr' id='par_1_86' title="bbox 182 4631 1708 4713">
     <span class='ocr_line' id='line_1_86' title="bbox 182 4631 1708 4713; baseline 0 -20"><span class='ocrx_word' id='word_1_662' title='bbox 182 4642 252 4695; x_wconf 79' lang='lat' dir='ltr'><strong>A’.</strong></span> <span class='ocrx_word' id='word_1_663' title='bbox 287 4641 376 4712; x_wconf 83' lang='grc' dir='ltr'><strong>Τῷ</strong></span> <span class='ocrx_word' id='word_1_664' title='bbox 400 4642 460 4694; x_wconf 85' lang='grc' dir='ltr'>δὲ</span> <span class='ocrx_word' id='word_1_665' title='bbox 497 4640 646 4713; x_wconf 81' lang='grc' dir='ltr'>αὐτῷ</span> <span class='ocrx_word' id='word_1_666' title='bbox 681 4640 844 4696; x_wconf 81' lang='grc' dir='ltr'>πάλιν</span> <span class='ocrx_word' id='word_1_667' title='bbox 874 4641 1053 4713; x_wconf 79' lang='grc' dir='ltr'><strong>χρόνῳ</strong></span> <span class='ocrx_word' id='word_1_668' title='bbox 1103 4641 1232 4712; x_wconf 82' lang='grc' dir='ltr'>(ὑπὸ</span> <span class='ocrx_word' id='word_1_669' title='bbox 1257 4641 1316 4694; x_wconf 87' lang='grc' dir='ltr'><strong>ἒν</strong></span> <span class='ocrx_word' id='word_1_670' title='bbox 1343 4640 1452 4712; x_wconf 84' lang='grc' dir='ltr'><strong>γὰρ</strong></span> <span class='ocrx_word' id='word_1_671' title='bbox 1486 4631 1708 4704; x_wconf 58' lang='grc' dir='ltr'>πάντες</span> 
     </span>
    </p>
   </div>
   <div class='ocr_carea' id='block_1_87' title="bbox 122 4721 1687 4804">
    <p class='ocr_par' dir='ltr' id='par_1_87' title="bbox 122 4721 1687 4804">
     <span class='ocr_line' id='line_1_87' title="bbox 122 4721 1687 4804; baseline 0.003 -24"><span class='ocrx_word' id='word_1_672' title='bbox 122 4721 248 4783; x_wconf 61' lang='lat' dir='ltr'><strong>o’no:</strong></span> <span class='ocrx_word' id='word_1_673' title='bbox 276 4726 451 4803; x_wconf 75' lang='grc' dir='ltr'>ἦσαν)</span> <span class='ocrx_word' id='word_1_674' title='bbox 493 4732 820 4803; x_wconf 73' lang='grc' dir='ltr'>Μάρκελλος</span> <span class='ocrx_word' id='word_1_675' title='bbox 859 4733 1081 4802; x_wconf 79' lang='grc' dir='ltr'>γέγονεν</span> <span class='ocrx_word' id='word_1_676' title='bbox 1125 4735 1182 4786; x_wconf 83' lang='grc' dir='ltr'><strong>ὲν</strong></span> <span class='ocrx_word' id='word_1_677' title='bbox 1249 4731 1512 4804; x_wconf 82' lang='grc' dir='ltr'>Ἀγκύρῃ.</span> <span class='ocrx_word' id='word_1_678' title='bbox 1565 4734 1687 4785; x_wconf 79' lang='grc' dir='ltr'>Ἔτι</span> 
     </span>
    </p>
   </div>
   <div class='ocr_carea' id='block_1_88' title="bbox 125 4822 1684 4898">
    <p class='ocr_par' dir='ltr' id='par_1_88' title="bbox 125 4822 1684 4898">
     <span class='ocr_line' id='line_1_88' title="bbox 125 4822 1684 4898; baseline 0.003 -23"><span class='ocrx_word' id='word_1_679' title='bbox 125 4822 216 4895; x_wconf 76' lang='grc' dir='ltr'><strong>γὰρ</strong></span> <span class='ocrx_word' id='word_1_680' title='bbox 240 4826 330 4878; x_wconf 72' lang='grc' dir='ltr'><strong>καὶ</strong></span> <span class='ocrx_word' id='word_1_681' title='bbox 357 4825 541 4898; x_wconf 75' lang='grc' dir='ltr'>δεῦρο,</span> <span class='ocrx_word' id='word_1_682' title='bbox 569 4826 676 4879; x_wconf 85' lang='grc' dir='ltr'><strong>ἀπὺ</strong></span> <span class='ocrx_word' id='word_1_683' title='bbox 697 4825 793 4880; x_wconf 82' lang='grc' dir='ltr'><strong>τοῦ</strong></span> <span class='ocrx_word' id='word_1_684' title='bbox 823 4826 976 4891; x_wconf 80' lang='grc' dir='ltr'>ἔτους</span> <span class='ocrx_word' id='word_1_685' title='bbox 998 4826 1187 4880; x_wconf 83' lang='grc' dir='ltr'>τούτου</span> <span class='ocrx_word' id='word_1_686' title='bbox 1211 4825 1287 4889; x_wconf 85' lang='grc' dir='ltr'>ὡς</span> <span class='ocrx_word' id='word_1_687' title='bbox 1312 4826 1420 4881; x_wconf 84' lang='grc' dir='ltr'><strong>ἀπὸ</strong></span> <span class='ocrx_word' id='word_1_688' title='bbox 1437 4827 1530 4880; x_wconf 91' lang='grc' dir='ltr'><strong>δύο</strong></span> <span class='ocrx_word' id='word_1_689' title='bbox 1551 4827 1684 4880; x_wconf 61' lang='lat'><strong>€16)»</strong></span> 
     </span>
    </p>
   </div>
   <div class='ocr_carea' id='block_1_89' title="bbox 126 4914 1686 4988">
    <p class='ocr_par' dir='ltr' id='par_1_89' title="bbox 126 4914 1686 4988">
     <span class='ocr_line' id='line_1_89' title="bbox 126 4914 1686 4988; baseline 0.004 -24"><span class='ocrx_word' id='word_1_690' title='bbox 126 4914 374 4980; x_wconf 80' lang='grc' dir='ltr'>ἐτελεύτα,</span> <span class='ocrx_word' id='word_1_691' title='bbox 419 4916 454 4988; x_wconf 82' lang='grc' dir='ltr'>ἦ</span> <span class='ocrx_word' id='word_1_692' title='bbox 489 4917 660 4970; x_wconf 87' lang='grc' dir='ltr'>πλείω</span> <span class='ocrx_word' id='word_1_693' title='bbox 695 4917 728 4988; x_wconf 77' lang='grc' dir='ltr'><strong>ἢ</strong></span> <span class='ocrx_word' id='word_1_694' title='bbox 761 4916 992 4973; x_wconf 80' lang='grc' dir='ltr'>ἐλάσσω.</span> <span class='ocrx_word' id='word_1_695' title='bbox 1030 4916 1284 4987; x_wconf 81' lang='grc' dir='ltr'>Ἐποίησε</span> <span class='ocrx_word' id='word_1_696' title='bbox 1312 4917 1369 4970; x_wconf 82' lang='grc' dir='ltr'>δὲ</span> <span class='ocrx_word' id='word_1_697' title='bbox 1402 4917 1495 4970; x_wconf 79' lang='grc' dir='ltr'><strong>καὶ</strong></span> <span class='ocrx_word' id='word_1_698' title='bbox 1526 4917 1686 4980; x_wconf 81' lang='grc' dir='ltr'>αὐτός</span> 
     </span>
    </p>
   </div>
   <div class='ocr_carea' id='block_1_90' title="bbox 125 5005 1682 5079">
    <p class='ocr_par' dir='ltr' id='par_1_90' title="bbox 125 5005 1682 5079">
     <span class='ocr_line' id='line_1_90' title="bbox 125 5005 1682 5079; baseline 0.003 -23"><span class='ocrx_word' id='word_1_699' title='bbox 125 5021 227 5057; x_wconf 80' lang='grc' dir='ltr'>τινα</span> <span class='ocrx_word' id='word_1_700' title='bbox 250 5006 509 5079; x_wconf 87' lang='grc' dir='ltr'>διαίρεσιν</span> <span class='ocrx_word' id='word_1_701' title='bbox 537 5009 594 5062; x_wconf 77' lang='grc' dir='ltr'><strong>ἐν</strong></span> <span class='ocrx_word' id='word_1_702' title='bbox 636 5010 701 5078; x_wconf 79' lang='grc' dir='ltr'><strong>τῇ</strong></span> <span class='ocrx_word' id='word_1_703' title='bbox 745 5008 1040 5079; x_wconf 70' lang='grc' dir='ltr'>Ἐκκλησία</span> <span class='ocrx_word' id='word_1_704' title='bbox 1064 5007 1158 5060; x_wconf 84' lang='grc' dir='ltr'>ἀπ’</span> <span class='ocrx_word' id='word_1_705' title='bbox 1189 5007 1366 5079; x_wconf 81' lang='grc' dir='ltr'>ἀρχῆς</span> <span class='ocrx_word' id='word_1_706' title='bbox 1395 5006 1488 5060; x_wconf 75' lang='grc' dir='ltr'><strong>τοῦ</strong></span> <span class='ocrx_word' id='word_1_707' title='bbox 1518 5005 1682 5060; x_wconf 83' lang='grc' dir='ltr'>αὐτοῦ</span> 
     </span>
    </p>
   </div>
   <div class='ocr_carea' id='block_1_91' title="bbox 126 5089 1695 5171">
    <p class='ocr_par' dir='ltr' id='par_1_91' title="bbox 126 5089 1695 5171">
     <span class='ocr_line' id='line_1_91' title="bbox 126 5089 1695 5171; baseline 0.001 -22"><span class='ocrx_word' id='word_1_708' title='bbox 126 5097 314 5167; x_wconf 76' lang='grc' dir='ltr'><strong>χρόνον.</strong></span> <span class='ocrx_word' id='word_1_709' title='bbox 380 5099 600 5171; x_wconf 91' lang='grc' dir='ltr'>Ὀλίγην</span> <span class='ocrx_word' id='word_1_710' title='bbox 647 5099 704 5152; x_wconf 85' lang='grc' dir='ltr'>δέ</span> <span class='ocrx_word' id='word_1_711' title='bbox 753 5103 874 5152; x_wconf 81' lang='grc' dir='ltr'>τινα</span> <span class='ocrx_word' id='word_1_712' title='bbox 919 5098 1128 5151; x_wconf 78' lang='grc' dir='ltr'>ἔννοιαν</span> <span class='ocrx_word' id='word_1_713' title='bbox 1171 5099 1467 5168; x_wconf 82' lang='grc' dir='ltr'>ὑπέφαινεν</span> <span class='ocrx_word' id='word_1_714' title='bbox 1508 5089 1695 5166; x_wconf 60' lang='grc' dir='ltr'>οὗτος,</span> 
     </span>
    </p>
   </div>
   <div class='ocr_carea' id='block_1_92' title="bbox 130 5187 1685 5260">
    <p class='ocr_par' dir='ltr' id='par_1_92' title="bbox 130 5187 1685 5260">
     <span class='ocr_line' id='line_1_92' title="bbox 130 5187 1685 5260; baseline -0.001 -22"><span class='ocrx_word' id='word_1_715' title='bbox 130 5187 536 5260; x_wconf 76' lang='grc' dir='ltr'>ἁπεικαζόμενος</span> <span class='ocrx_word' id='word_1_716' title='bbox 559 5189 831 5257; x_wconf 76' lang='grc' dir='ltr'>Σαϐελλίῳ</span> <span class='ocrx_word' id='word_1_717' title='bbox 853 5206 913 5241; x_wconf 84' lang='grc' dir='ltr'><strong>τε</strong></span> <span class='ocrx_word' id='word_1_718' title='bbox 941 5191 1034 5242; x_wconf 72' lang='grc' dir='ltr'><strong>καὶ</strong></span> <span class='ocrx_word' id='word_1_719' title='bbox 1056 5189 1292 5259; x_wconf 82' lang='grc' dir='ltr'>Ναυάτῳ</span> <span class='ocrx_word' id='word_1_720' title='bbox 1321 5187 1429 5241; x_wconf 74' lang='grc' dir='ltr'>ἀπὸ</span> <span class='ocrx_word' id='word_1_721' title='bbox 1459 5187 1551 5241; x_wconf 83' lang='grc' dir='ltr'><strong>τοῦ</strong></span> <span class='ocrx_word' id='word_1_722' title='bbox 1578 5187 1685 5240; x_wconf 82' lang='grc' dir='ltr'><strong>τῶν</strong></span> 
     </span>
    </p>
   </div>
   <div class='ocr_carea' id='block_1_93' title="bbox 138 5277 1684 5354">
    <p class='ocr_par' dir='ltr' id='par_1_93' title="bbox 138 5277 1684 5354">
     <span class='ocr_line' id='line_1_93' title="bbox 138 5277 1684 5354; baseline -0.001 -23"><span class='ocrx_word' id='word_1_723' title='bbox 138 5277 404 5348; x_wconf 80' lang='grc' dir='ltr'>’Δρειανών</span> <span class='ocrx_word' id='word_1_724' title='bbox 454 5282 590 5354; x_wconf 75' lang='grc' dir='ltr'>πρὸς</span> <span class='ocrx_word' id='word_1_725' title='bbox 635 5281 799 5335; x_wconf 79' lang='grc' dir='ltr'>αὐτὸν</span> <span class='ocrx_word' id='word_1_726' title='bbox 839 5281 1214 5351; x_wconf 81' lang='grc' dir='ltr'>παροξυσμοῦ,</span> <span class='ocrx_word' id='word_1_727' title='bbox 1258 5279 1419 5350; x_wconf 78' lang='grc' dir='ltr'>δῆθεν</span> <span class='ocrx_word' id='word_1_728' title='bbox 1462 5279 1549 5334; x_wconf 83' lang='grc' dir='ltr'>διὰ</span> <span class='ocrx_word' id='word_1_729' title='bbox 1591 5277 1684 5331; x_wconf 76' lang='grc' dir='ltr'>τοῦ</span> 
     </span>
    </p>
   </div>
   <div class='ocr_carea' id='block_1_94' title="bbox 111 5367 1684 5444">
    <p class='ocr_par' dir='ltr' id='par_1_94' title="bbox 111 5367 1684 5444">
     <span class='ocr_line' id='line_1_94' title="bbox 111 5367 1684 5444; baseline 0 -22"><span class='ocrx_word' id='word_1_730' title='bbox 111 5367 363 5443; x_wconf 78' lang='grc' dir='ltr'>λογισμοῦ</span> <span class='ocrx_word' id='word_1_731' title='bbox 379 5374 480 5444; x_wconf 82' lang='grc' dir='ltr'>τῆς</span> <span class='ocrx_word' id='word_1_732' title='bbox 501 5373 636 5444; x_wconf 83' lang='grc' dir='ltr'>πρὸς</span> <span class='ocrx_word' id='word_1_733' title='bbox 655 5373 779 5437; x_wconf 74' lang='grc' dir='ltr'>τοὺς</span> <span class='ocrx_word' id='word_1_734' title='bbox 811 5373 1122 5444; x_wconf 73' lang='grc' dir='ltr'>’Δρειανοὺς</span> <span class='ocrx_word' id='word_1_735' title='bbox 1144 5372 1490 5436; x_wconf 77' lang='grc' dir='ltr'>ἀντιθέσεως.</span> <span class='ocrx_word' id='word_1_736' title='bbox 1523 5371 1684 5426; x_wconf 85' lang='grc' dir='ltr'>Ὅθεν</span> 
     </span>
    </p>
   </div>
   <div class='ocr_carea' id='block_1_95' title="bbox 131 5459 1683 5534">
    <p class='ocr_par' dir='ltr' id='par_1_95' title="bbox 131 5459 1683 5534">
     <span class='ocr_line' id='line_1_95' title="bbox 131 5459 1683 5534; baseline 0.008 -22"><span class='ocrx_word' id='word_1_737' title='bbox 131 5461 211 5512; x_wconf 69' lang='grc' dir='ltr'>καὶ</span> <span class='ocrx_word' id='word_1_738' title='bbox 239 5463 384 5533; x_wconf 87' lang='grc' dir='ltr'><strong>παρά</strong></span> <span class='ocrx_word' id='word_1_739' title='bbox 411 5481 572 5517; x_wconf 81' lang='grc' dir='ltr'><strong>τινων</strong></span> <span class='ocrx_word' id='word_1_740' title='bbox 605 5463 1006 5534; x_wconf 83' lang='grc' dir='ltr'>βλασφημεῖται</span> <span class='ocrx_word' id='word_1_741' title='bbox 1034 5463 1140 5516; x_wconf 82' lang='grc' dir='ltr'>ἀπὸ</span> <span class='ocrx_word' id='word_1_742' title='bbox 1175 5464 1396 5534; x_wconf 82' lang='grc' dir='ltr'>μέρους,</span> <span class='ocrx_word' id='word_1_743' title='bbox 1423 5461 1499 5526; x_wconf 83' lang='grc' dir='ltr'><strong>ὼς</strong></span> <span class='ocrx_word' id='word_1_744' title='bbox 1525 5459 1683 5530; x_wconf 76' lang='grc' dir='ltr'>ἔφην,</span> 
     </span>
    </p>
   </div>
   <div class='ocr_carea' id='block_1_96' title="bbox 131 5549 1686 5625">
    <p class='ocr_par' dir='ltr' id='par_1_96' title="bbox 131 5549 1686 5625">
     <span class='ocr_line' id='line_1_96' title="bbox 131 5549 1686 5625; baseline -0.001 -23"><span class='ocrx_word' id='word_1_745' title='bbox 131 5549 476 5608; x_wconf 74' lang='grc' dir='ltr'>Σαϐελλιανῶν</span> <span class='ocrx_word' id='word_1_746' title='bbox 497 5551 746 5625; x_wconf 72' lang='grc' dir='ltr'>ἐσχηκὼς</span> <span class='ocrx_word' id='word_1_747' title='bbox 772 5553 871 5624; x_wconf 85' lang='grc' dir='ltr'><strong>τὴν</strong></span> <span class='ocrx_word' id='word_1_748' title='bbox 899 5551 1230 5624; x_wconf 84' lang='grc' dir='ltr'>ὲρεσχελίαν.</span> <span class='ocrx_word' id='word_1_749' title='bbox 1284 5552 1438 5615; x_wconf 83' lang='grc' dir='ltr'>Τινὲς</span> <span class='ocrx_word' id='word_1_750' title='bbox 1463 5551 1520 5605; x_wconf 78' lang='grc' dir='ltr'>δὲ</span> <span class='ocrx_word' id='word_1_751' title='bbox 1544 5549 1686 5621; x_wconf 80' lang='grc' dir='ltr'>ὑπὲρ</span> 
     </span>
    </p>
   </div>
   <div class='ocr_carea' id='block_1_97' title="bbox 193 5704 1584 5778">
    <p class='ocr_par' dir='ltr' id='par_1_97' title="bbox 193 5704 1584 5778">
     <span class='ocr_line' id='line_1_97' title="bbox 193 5704 1584 5778; baseline 0.001 -18"><span class='ocrx_word' id='word_1_752' title='bbox 193 5705 212 5778; x_wconf 77' lang='lat'><strong>_‘</strong></span> <span class='ocrx_word' id='word_1_753' title='bbox 243 5704 392 5763; x_wconf 84' lang='lat' dir='ltr'><strong>Deest</strong></span> <span class='ocrx_word' id='word_1_754' title='bbox 419 5707 580 5778; x_wconf 81' lang='grc' dir='ltr'><strong>γνῷς.</strong></span> <span class='ocrx_word' id='word_1_755' title='bbox 656 5709 697 5778; x_wconf 14' lang='lat'><strong>’7</strong></span> <span class='ocrx_word' id='word_1_756' title='bbox 718 5706 778 5760; x_wconf 86' lang='lat' dir='ltr'><strong>F.</strong></span> <span class='ocrx_word' id='word_1_757' title='bbox 812 5707 1022 5762; x_wconf 83' lang='grc' dir='ltr'>ἁτὸνου.</span> <span class='ocrx_word' id='word_1_758' title='bbox 1102 5707 1122 5738; x_wconf 83' lang='grc'>⁸</span> <span class='ocrx_word' id='word_1_759' title='bbox 1155 5707 1290 5762; x_wconf 85' lang='lat' dir='ltr'><strong>Gen.</strong></span> <span class='ocrx_word' id='word_1_760' title='bbox 1320 5723 1472 5772; x_wconf 77' lang='lat' dir='ltr'><strong>xvut,</strong></span> <span class='ocrx_word' id='word_1_761' title='bbox 1495 5707 1584 5762; x_wconf 69' lang='lat'><strong>‘25.</strong></span> 
     </span>
    </p>
   </div>
   <div class='ocr_carea' id='block_1_98' title="bbox 135 5772 1238 5845">
    <p class='ocr_par' dir='ltr' id='par_1_98' title="bbox 135 5772 1238 5845">
     <span class='ocr_line' id='line_1_98' title="bbox 135 5772 1238 5845; baseline 0.001 -14"><span class='ocrx_word' id='word_1_762' title='bbox 135 5772 314 5833; x_wconf 74' lang='lat' dir='ltr'><strong>‘Joan.</strong></span> <span class='ocrx_word' id='word_1_763' title='bbox 345 5772 550 5845; x_wconf 65' lang='lat'><strong>“,26.</strong></span> <span class='ocrx_word' id='word_1_764' title='bbox 619 5780 640 5811; x_wconf 84' lang='lat'><strong>’</strong></span> <span class='ocrx_word' id='word_1_765' title='bbox 671 5777 828 5834; x_wconf 81' lang='lat' dir='ltr'><strong>Joan.</strong></span> <span class='ocrx_word' id='word_1_766' title='bbox 875 5795 985 5841; x_wconf 74' lang='lat' dir='ltr'><strong>xw.</strong></span> <span class='ocrx_word' id='word_1_767' title='bbox 1029 5779 1106 5842; x_wconf 70' lang='lat' dir='ltr'><strong>lt,</strong></span> <span class='ocrx_word' id='word_1_768' title='bbox 1153 5780 1238 5840; x_wconf 81' lang='grc'><strong>15,</strong></span> 
     </span>
    </p>
   </div>
   <div class='ocr_carea' id='block_1_99' title="bbox 1690 5703 2953 5774">
    <p class='ocr_par' dir='ltr' id='par_1_99' title="bbox 1690 5703 2953 5774">
     <span class='ocr_line' id='line_1_99' title="bbox 1690 5703 2953 5774; baseline -0.003 -12"><span class='ocrx_word' id='word_1_769' title='bbox 1690 5706 1710 5739; x_wconf 68' lang='grc' dir='ltr'>δ</span> <span class='ocrx_word' id='word_1_770' title='bbox 1735 5705 1867 5762; x_wconf 86' lang='lat' dir='ltr'><strong>Gen.</strong></span> <span class='ocrx_word' id='word_1_771' title='bbox 1904 5723 2014 5770; x_wconf 78' lang='lat' dir='ltr'><strong>xix,</strong></span> <span class='ocrx_word' id='word_1_772' title='bbox 2045 5707 2130 5759; x_wconf 72' lang='grc' dir='ltr'><strong>Ἡ.</strong></span> <span class='ocrx_word' id='word_1_773' title='bbox 2213 5707 2230 5737; x_wconf 84' lang='grc'><strong>⁵</strong></span> <span class='ocrx_word' id='word_1_774' title='bbox 2262 5705 2404 5761; x_wconf 77' lang='lat' dir='ltr'><strong>Psal.</strong></span> <span class='ocrx_word' id='word_1_775' title='bbox 2435 5720 2544 5774; x_wconf 70' lang='lat' dir='ltr'><strong>crs,</strong></span> <span class='ocrx_word' id='word_1_776' title='bbox 2576 5705 2621 5758; x_wconf 75' lang='grc' dir='ltr'><strong>ί.</strong></span> <span class='ocrx_word' id='word_1_777' title='bbox 2700 5705 2720 5735; x_wconf 75' lang='grc'>⁸</span> <span class='ocrx_word' id='word_1_778' title='bbox 2744 5703 2878 5759; x_wconf 85' lang='lat' dir='ltr'><strong>ibid.</strong></span> <span class='ocrx_word' id='word_1_779' title='bbox 2900 5704 2953 5758; x_wconf 83' lang='grc'><strong>’5.</strong></span> 
     </span>
    </p>
   </div>
   <div class='ocr_carea' id='block_1_100' title="bbox 2139 4381 3013 4449">
    <p class='ocr_par' dir='ltr' id='par_1_100' title="bbox 2139 4381 3013 4449">
     <span class='ocr_line' id='line_1_100' title="bbox 2139 4381 3013 4449; baseline -0.005 -7"><span class='ocrx_word' id='word_1_780' title='bbox 2139 4383 2424 4442; x_wconf 76' lang='lat' dir='ltr'><strong>CONTRA</strong></span> <span class='ocrx_word' id='word_1_781' title='bbox 2457 4381 3013 4449; x_wconf 79' lang='lat' dir='ltr'><strong>MARCELLIANOS,</strong></span> 
     </span>
    </p>
   </div>
   <div class='ocr_carea' id='block_1_101' title="bbox 2060 4516 3112 4588">
    <p class='ocr_par' dir='ltr' id='par_1_101' title="bbox 2060 4516 3112 4588">
     <span class='ocr_line' id='line_1_101' title="bbox 2060 4516 3112 4588; baseline -0.005 -11"><span class='ocrx_word' id='word_1_782' title='bbox 2060 4522 2193 4588; x_wconf 77' lang='lat' dir='ltr'><strong>Qua:</strong></span> <span class='ocrx_word' id='word_1_783' title='bbox 2221 4529 2301 4577; x_wconf 76' lang='lat' dir='ltr'><strong>est</strong></span> <span class='ocrx_word' id='word_1_784' title='bbox 2329 4520 2549 4576; x_wconf 74' lang='lat' dir='ltr'><strong>hwresis</strong></span> <span class='ocrx_word' id='word_1_785' title='bbox 2582 4517 2710 4584; x_wconf 85' lang='lat' dir='ltr'><strong>LI],</strong></span> <span class='ocrx_word' id='word_1_786' title='bbox 2740 4520 2845 4574; x_wconf 79' lang='lat' dir='ltr'><strong>sive</strong></span> <span class='ocrx_word' id='word_1_787' title='bbox 2877 4516 3112 4572; x_wconf 79' lang='lat' dir='ltr'><strong>LXXII.</strong></span> 
     </span>
    </p>
   </div>
   <div class='ocr_carea' id='block_1_102' title="bbox 1861 4632 3372 4707">
    <p class='ocr_par' dir='ltr' id='par_1_102' title="bbox 1861 4632 3372 4707">
     <span class='ocr_line' id='line_1_102' title="bbox 1861 4632 3372 4707; baseline -0.004 -15"><span class='ocrx_word' id='word_1_788' title='bbox 1861 4638 1903 4692; x_wconf 84' lang='grc' dir='ltr'><strong>ι.</strong></span> <span class='ocrx_word' id='word_1_789' title='bbox 1947 4636 2052 4694; x_wconf 85' lang='lat' dir='ltr'><strong>Per</strong></span> <span class='ocrx_word' id='word_1_790' title='bbox 2087 4637 2230 4693; x_wconf 89' lang='lat' dir='ltr'><strong>idem</strong></span> <span class='ocrx_word' id='word_1_791' title='bbox 2253 4644 2469 4707; x_wconf 91' lang='lat' dir='ltr'><strong>tempus</strong></span> <span class='ocrx_word' id='word_1_792' title='bbox 2500 4634 2648 4706; x_wconf 91' lang='lat' dir='ltr'><strong>(nam</strong></span> <span class='ocrx_word' id='word_1_793' title='bbox 2681 4635 2736 4688; x_wconf 92' lang='lat' dir='ltr'><strong>in</strong></span> <span class='ocrx_word' id='word_1_794' title='bbox 2775 4634 3020 4690; x_wconf 89' lang='lat' dir='ltr'><strong>eamdem</strong></span> <span class='ocrx_word' id='word_1_795' title='bbox 3052 4638 3266 4688; x_wconf 84' lang='lat' dir='ltr'><strong>aetatem</strong></span> <span class='ocrx_word' id='word_1_796' title='bbox 3296 4632 3372 4687; x_wconf 91' lang='lat' dir='ltr'><strong>illi</strong></span> 
     </span>
    </p>
   </div>
   <div class='ocr_carea' id='block_1_103' title="bbox 1788 4723 3375 4798">
    <p class='ocr_par' dir='ltr' id='par_1_103' title="bbox 1788 4723 3375 4798">
     <span class='ocr_line' id='line_1_103' title="bbox 1788 4723 3375 4798; baseline -0.004 -14"><span class='ocrx_word' id='word_1_797' title='bbox 1788 4744 1981 4784; x_wconf 88' lang='lat' dir='ltr'><strong>omnes</strong></span> <span class='ocrx_word' id='word_1_798' title='bbox 2012 4727 2284 4797; x_wconf 86' lang='lat' dir='ltr'><strong>incidunt)</strong></span> <span class='ocrx_word' id='word_1_799' title='bbox 2312 4727 2545 4798; x_wconf 73' lang='lat' dir='ltr'><strong>Ancyra:</strong></span> <span class='ocrx_word' id='word_1_800' title='bbox 2577 4725 2866 4781; x_wconf 78' lang='lat' dir='ltr'><strong>Marcellus</strong></span> <span class='ocrx_word' id='word_1_801' title='bbox 2896 4724 3130 4786; x_wconf 81' lang='lat' dir='ltr'><strong>exstitit,</strong></span> <span class='ocrx_word' id='word_1_802' title='bbox 3175 4723 3270 4794; x_wconf 90' lang='lat' dir='ltr'><strong>qui</strong></span> <span class='ocrx_word' id='word_1_803' title='bbox 3304 4723 3375 4778; x_wconf 86' lang='lat' dir='ltr'><strong>ad</strong></span> 
     </span>
    </p>
   </div>
   <div class='ocr_carea' id='block_1_104' title="bbox 1791 4815 3375 4889">
    <p class='ocr_par' dir='ltr' id='par_1_104' title="bbox 1791 4815 3375 4889">
     <span class='ocr_line' id='line_1_104' title="bbox 1791 4815 3375 4889; baseline -0.003 -15"><span class='ocrx_word' id='word_1_804' title='bbox 1791 4828 1979 4876; x_wconf 89' lang='lat' dir='ltr'><strong>nostra</strong></span> <span class='ocrx_word' id='word_1_805' title='bbox 2020 4835 2192 4889; x_wconf 85' lang='lat' dir='ltr'><strong>usque</strong></span> <span class='ocrx_word' id='word_1_806' title='bbox 2232 4826 2474 4887; x_wconf 89' lang='lat' dir='ltr'><strong>tempora</strong></span> <span class='ocrx_word' id='word_1_807' title='bbox 2521 4817 2786 4887; x_wconf 87' lang='lat' dir='ltr'><strong>pervenit,</strong></span> <span class='ocrx_word' id='word_1_808' title='bbox 2823 4827 2874 4871; x_wconf 87' lang='lat' dir='ltr'><strong>et</strong></span> <span class='ocrx_word' id='word_1_809' title='bbox 2924 4815 3140 4870; x_wconf 90' lang='lat' dir='ltr'><strong>duobus</strong></span> <span class='ocrx_word' id='word_1_810' title='bbox 3173 4815 3375 4870; x_wconf 86' lang='lat' dir='ltr'><strong>abhinc</strong></span> 
     </span>
    </p>
   </div>
   <div class='ocr_carea' id='block_1_105' title="bbox 1789 4905 3373 4980">
    <p class='ocr_par' dir='ltr' id='par_1_105' title="bbox 1789 4905 3373 4980">
     <span class='ocr_line' id='line_1_105' title="bbox 1789 4905 3373 4980; baseline -0.003 -17"><span class='ocrx_word' id='word_1_811' title='bbox 1789 4911 1914 4980; x_wconf 89' lang='lat' dir='ltr'><strong>plus</strong></span> <span class='ocrx_word' id='word_1_812' title='bbox 1966 4911 2150 4966; x_wconf 88' lang='lat' dir='ltr'><strong>minus</strong></span> <span class='ocrx_word' id='word_1_813' title='bbox 2207 4909 2368 4963; x_wconf 87' lang='lat' dir='ltr'><strong>annis</strong></span> <span class='ocrx_word' id='word_1_814' title='bbox 2414 4908 2571 4962; x_wconf 90' lang='lat' dir='ltr'><strong>obiit.</strong></span> <span class='ocrx_word' id='word_1_815' title='bbox 2620 4907 2718 4961; x_wconf 89' lang='lat' dir='ltr'><strong>Hic</strong></span> <span class='ocrx_word' id='word_1_816' title='bbox 2761 4906 3008 4961; x_wconf 87' lang='lat' dir='ltr'><strong>nonnihil</strong></span> <span class='ocrx_word' id='word_1_817' title='bbox 3050 4907 3103 4959; x_wconf 95' lang='lat' dir='ltr'><strong>in</strong></span> <span class='ocrx_word' id='word_1_818' title='bbox 3135 4905 3373 4960; x_wconf 81' lang='lat' dir='ltr'><strong>Ecclesia</strong></span> 
     </span>
    </p>
   </div>
   <div class='ocr_carea' id='block_1_106' title="bbox 1788 4998 3371 5066">
    <p class='ocr_par' dir='ltr' id='par_1_106' title="bbox 1788 4998 3371 5066">
     <span class='ocr_line' id='line_1_106' title="bbox 1788 4998 3371 5066; baseline -0.005 -8"><span class='ocrx_word' id='word_1_819' title='bbox 1788 5004 2005 5058; x_wconf 80' lang='lat' dir='ltr'><strong>divortii</strong></span> <span class='ocrx_word' id='word_1_820' title='bbox 2060 5001 2336 5065; x_wconf 81' lang='lat' dir='ltr'><strong>conflavit,</strong></span> <span class='ocrx_word' id='word_1_821' title='bbox 2393 5001 2585 5056; x_wconf 89' lang='lat' dir='ltr'><strong>eodem</strong></span> <span class='ocrx_word' id='word_1_822' title='bbox 2662 4999 2775 5053; x_wconf 89' lang='lat' dir='ltr'><strong>fere</strong></span> <span class='ocrx_word' id='word_1_823' title='bbox 2837 5007 2893 5052; x_wconf 91' lang='lat' dir='ltr'><strong>ut</strong></span> <span class='ocrx_word' id='word_1_824' title='bbox 2940 4998 3050 5052; x_wconf 84' lang='lat' dir='ltr'><strong>dixi</strong></span> <span class='ocrx_word' id='word_1_825' title='bbox 3109 5006 3371 5066; x_wconf 89' lang='lat' dir='ltr'><strong>tempore.</strong></span> 
     </span>
    </p>
   </div>
   <div class='ocr_carea' id='block_1_107' title="bbox 1792 5085 3374 5158">
    <p class='ocr_par' dir='ltr' id='par_1_107' title="bbox 1792 5085 3374 5158">
     <span class='ocr_line' id='line_1_107' title="bbox 1792 5085 3374 5158; baseline -0.005 -12"><span class='ocrx_word' id='word_1_826' title='bbox 1792 5092 1993 5148; x_wconf 90' lang='lat' dir='ltr'><strong>Verum</strong></span> <span class='ocrx_word' id='word_1_827' title='bbox 2020 5093 2315 5148; x_wconf 88' lang='lat' dir='ltr'><strong>obscuram</strong></span> <span class='ocrx_word' id='word_1_828' title='bbox 2349 5090 2641 5146; x_wconf 91' lang='lat' dir='ltr'><strong>admodum</strong></span> <span class='ocrx_word' id='word_1_829' title='bbox 2674 5087 2944 5158; x_wconf 85' lang='lat' dir='ltr'><strong>dogmatis</strong></span> <span class='ocrx_word' id='word_1_830' title='bbox 2979 5087 3063 5142; x_wconf 90' lang='lat' dir='ltr'><strong>sui</strong></span> <span class='ocrx_word' id='word_1_831' title='bbox 3096 5085 3374 5155; x_wconf 80' lang='lat' dir='ltr'><strong>signiﬁca-</strong></span> 
     </span>
    </p>
   </div>
   <div class='ocr_carea' id='block_1_108' title="bbox 1787 5175 3371 5258">
    <p class='ocr_par' dir='ltr' id='par_1_108' title="bbox 1787 5175 3371 5258">
     <span class='ocr_line' id='line_1_108' title="bbox 1787 5175 3371 5258; baseline -0.001 -25"><span class='ocrx_word' id='word_1_832' title='bbox 1787 5184 1989 5238; x_wconf 88' lang='lat' dir='ltr'><strong>tionem</strong></span> <span class='ocrx_word' id='word_1_833' title='bbox 2033 5181 2200 5245; x_wconf 89' lang='lat' dir='ltr'><strong>dedit,</strong></span> <span class='ocrx_word' id='word_1_834' title='bbox 2251 5179 2420 5252; x_wconf 66' lang='grc'><strong>834</strong></span> <span class='ocrx_word' id='word_1_835' title='bbox 2480 5195 2604 5258; x_wconf 83' lang='lat' dir='ltr'><strong>cum</strong></span> <span class='ocrx_word' id='word_1_836' title='bbox 2662 5177 2729 5232; x_wconf 91' lang='lat' dir='ltr'><strong>ad</strong></span> <span class='ocrx_word' id='word_1_837' title='bbox 2782 5178 3008 5231; x_wconf 89' lang='lat' dir='ltr'><strong>Sabellii</strong></span> <span class='ocrx_word' id='word_1_838' title='bbox 3071 5186 3126 5232; x_wconf 91' lang='lat' dir='ltr'><strong>et</strong></span> <span class='ocrx_word' id='word_1_839' title='bbox 3176 5175 3371 5232; x_wconf 80' lang='lat' dir='ltr'><strong>Novati</strong></span> 
     </span>
    </p>
   </div>
   <div class='ocr_carea' id='block_1_109' title="bbox 1797 5271 3376 5346">
    <p class='ocr_par' dir='ltr' id='par_1_109' title="bbox 1797 5271 3376 5346">
     <span class='ocr_line' id='line_1_109' title="bbox 1797 5271 3376 5346; baseline -0.001 -17"><span class='ocrx_word' id='word_1_840' title='bbox 1797 5277 2088 5332; x_wconf 83' lang='lat' dir='ltr'><strong>factionem</strong></span> <span class='ocrx_word' id='word_1_841' title='bbox 2146 5275 2557 5346; x_wconf 81' lang='lat' dir='ltr'><strong>adjungeretur,</strong></span> <span class='ocrx_word' id='word_1_842' title='bbox 2611 5271 2830 5325; x_wconf 88' lang='lat' dir='ltr'><strong>Arianis</strong></span> <span class='ocrx_word' id='word_1_843' title='bbox 2874 5272 3218 5340; x_wconf 82' lang='lat' dir='ltr'><strong>potissimum</strong></span> <span class='ocrx_word' id='word_1_844' title='bbox 3275 5288 3376 5342; x_wconf 92' lang='lat' dir='ltr'><strong>pro</strong></span> 
     </span>
    </p>
   </div>
   <div class='ocr_carea' id='block_1_110' title="bbox 1795 5363 3371 5434">
    <p class='ocr_par' dir='ltr' id='par_1_110' title="bbox 1795 5363 3371 5434">
     <span class='ocr_line' id='line_1_110' title="bbox 1795 5363 3371 5434; baseline -0.003 -11"><span class='ocrx_word' id='word_1_845' title='bbox 1795 5383 1894 5424; x_wconf 82' lang='lat' dir='ltr'><strong>suo</strong></span> <span class='ocrx_word' id='word_1_846' title='bbox 1929 5367 1984 5420; x_wconf 92' lang='lat' dir='ltr'><strong>in</strong></span> <span class='ocrx_word' id='word_1_847' title='bbox 2019 5367 2173 5421; x_wconf 92' lang='lat' dir='ltr'><strong>illum</strong></span> <span class='ocrx_word' id='word_1_848' title='bbox 2203 5367 2330 5421; x_wconf 88' lang='lat' dir='ltr'><strong>odio</strong></span> <span class='ocrx_word' id='word_1_849' title='bbox 2357 5367 2461 5419; x_wconf 83' lang='lat' dir='ltr'><strong>hoc</strong></span> <span class='ocrx_word' id='word_1_850' title='bbox 2506 5364 2684 5433; x_wconf 90' lang='lat' dir='ltr'><strong>ipsum</strong></span> <span class='ocrx_word' id='word_1_851' title='bbox 2718 5363 3196 5431; x_wconf 76' lang='lat' dir='ltr'><strong>exprobrantibus,</strong></span> <span class='ocrx_word' id='word_1_852' title='bbox 3230 5366 3371 5434; x_wconf 86' lang='lat' dir='ltr'><strong>quod</strong></span> 
     </span>
    </p>
   </div>
   <div class='ocr_carea' id='block_1_111' title="bbox 1795 5453 3428 5533">
    <p class='ocr_par' dir='ltr' id='par_1_111' title="bbox 1795 5453 3428 5533">
     <span class='ocr_line' id='line_1_111' title="bbox 1795 5453 3428 5533; baseline 0 -23"><span class='ocrx_word' id='word_1_853' title='bbox 1795 5458 2048 5512; x_wconf 89' lang='lat' dir='ltr'><strong>nimirum</strong></span> <span class='ocrx_word' id='word_1_854' title='bbox 2088 5458 2351 5512; x_wconf 86' lang='lat' dir='ltr'><strong>adversus</strong></span> <span class='ocrx_word' id='word_1_855' title='bbox 2399 5454 2636 5509; x_wconf 87' lang='lat' dir='ltr'><strong>Ariauos</strong></span> <span class='ocrx_word' id='word_1_856' title='bbox 2681 5453 3055 5509; x_wconf 88' lang='lat' dir='ltr'><strong>contenderet.</strong></span> <span class='ocrx_word' id='word_1_857' title='bbox 3109 5453 3248 5509; x_wconf 83' lang='lat' dir='ltr'><strong>Hinc</strong></span> <span class='ocrx_word' id='word_1_858' title='bbox 3292 5465 3374 5510; x_wconf 87' lang='lat' dir='ltr'><strong>est</strong></span> <span class='ocrx_word' id='word_1_859' title='bbox 3414 5509 3428 5533; x_wconf 44' lang='grc' dir='ltr'><em>ι</em></span> 
     </span>
    </p>
   </div>
   <div class='ocr_carea' id='block_1_112' title="bbox 1793 5546 3370 5619">
    <p class='ocr_par' dir='ltr' id='par_1_112' title="bbox 1793 5546 3370 5619">
     <span class='ocr_line' id='line_1_112' title="bbox 1793 5546 3370 5619; baseline -0.001 -17"><span class='ocrx_word' id='word_1_860' title='bbox 1793 5552 1936 5619; x_wconf 88' lang='lat' dir='ltr'><strong>quod</strong></span> <span class='ocrx_word' id='word_1_861' title='bbox 1969 5566 1998 5603; x_wconf 90' lang='lat' dir='ltr'><strong>a</strong></span> <span class='ocrx_word' id='word_1_862' title='bbox 2031 5551 2310 5605; x_wconf 86' lang='lat' dir='ltr'><strong>nonnullis</strong></span> <span class='ocrx_word' id='word_1_863' title='bbox 2358 5565 2423 5604; x_wconf 93' lang='lat' dir='ltr'><strong>eo</strong></span> <span class='ocrx_word' id='word_1_864' title='bbox 2471 5546 2696 5602; x_wconf 89' lang='lat' dir='ltr'><strong>nomine</strong></span> <span class='ocrx_word' id='word_1_865' title='bbox 2740 5547 3056 5611; x_wconf 87' lang='lat' dir='ltr'><strong>incessitur,</strong></span> <span class='ocrx_word' id='word_1_866' title='bbox 3102 5549 3260 5618; x_wconf 80' lang='lat' dir='ltr'><strong>quasi</strong></span> <span class='ocrx_word' id='word_1_867' title='bbox 3305 5547 3370 5602; x_wconf 83' lang='lat' dir='ltr'><strong>ad</strong></span> 
     </span>
    </p>
   </div>
   <div class='ocr_carea' id='block_1_113' title="bbox 3032 5702 3369 5767">
    <p class='ocr_par' dir='ltr' id='par_1_113' title="bbox 3032 5702 3369 5767">
     <span class='ocr_line' id='line_1_113' title="bbox 3032 5702 3369 5767; baseline -0.009 -7"><span class='ocrx_word' id='word_1_868' title='bbox 3032 5705 3049 5735; x_wconf 67' lang='grc' dir='ltr'><strong>ν</strong></span> <span class='ocrx_word' id='word_1_869' title='bbox 3085 5704 3186 5759; x_wconf 88' lang='lat' dir='ltr'><strong>lsa.</strong></span> <span class='ocrx_word' id='word_1_870' title='bbox 3216 5719 3251 5767; x_wconf 84' lang='grc' dir='ltr'><strong>ι,</strong></span> <span class='ocrx_word' id='word_1_871' title='bbox 3289 5702 3369 5758; x_wconf 78' lang='lat' dir='ltr'><strong>l2.</strong></span> 
     </span>
    </p>
   </div>
  </div>
