3798 6212
411 346 513 403 ζ33

1855 341 1911 397 S.
1949 340 2291 401 ΕΡΙΡΗΑΝΠ

3563 342 3663 397 334

409 460 851 517 Sabellianorum
893 458 1270 514 cavillationes
1306 458 1501 528 partim
1535 457 1845 513 adhazserit.
1878 456 1979 511 Ve-

2092 458 2257 517 αὺτοῦ
2276 457 2684 529 ἀπελογήσαντο
2704 454 2780 528 μὴ
2804 457 2974 522 οὕτως
2997 457 3160 529 ἔχειν,
3177 458 3291 512 ἀλλ’
3304 458 3483 529 ὀρθῶς
3511 458 3665 514 αὐτὸν

405 566 527 605 rum
571 550 662 603 alii
705 548 880 604 eidem
936 550 1346 618 patrocittautes
1379 562 1571 603 verum
1622 545 1675 601 id
1720 560 1843 603 esse
1888 561 1985 600 ne-

402 651 551 715 gant,
603 656 636 696 e
672 639 952 695 contrario
980 654 1109 693 vero
1146 625 1411 707 praeclare
1461 637 1615 691 illum
1669 638 1873 693 vixisse
1922 654 1986 692 ac

404 738 556 787 recte
598 732 844 787 sensisse
887 730 1235 786 confirmant.
1269 726 1426 783 Unde
1450 742 1644 797 magna
1671 727 1737 783 de
1769 742 1835 784 eo
1862 742 1988 784 cun-

404 823 668 879 troversia
692 823 925 883 conﬂata
949 828 1052 878 est.
1084 821 1373 875 Enimvero
1393 834 1516 889 qua).
1547 821 1603 875 in
1628 820 1777 875 illius
1802 820 1988 879 animo

406 915 625 973 occulta
654 914 899 979 fuerunt,
936 914 1031 968 uni
1084 912 1194 966 Deo
1253 913 1476 982 cognita
1536 921 1685 969 sunt.
1718 911 1985 967 Caeterum

406 1006 558 1061 illius
602 1013 927 1071 sectatores,
967 1012 1022 1059 et
1052 1005 1121 1058 ab
1151 1018 1221 1059 eo
1250 1003 1508 1066 instituti,
1538 1017 1662 1055 cum
1690 1002 1809 1072 ejus
1838 1016 1989 1056 men-

403 1104 513 1152 tem
538 1097 877 1168 ignorarent,
909 1112 1009 1150 nec
1037 1110 1158 1173 qpas
1192 1110 1317 1149 vere
1361 1094 1450 1153 ille
1499 1095 1764 1155 ScnsiSset
1811 1095 1989 1162 espri-

404 1195 637 1252 merent,
689 1195 810 1243 tres.
853 1189 1177 1257 [typostases
1233 1183 1484 1241 confiteri
1541 1184 1855 1246 noluerunt,
1912 1184 1985 1237 uti

407 1280 618 1334 veritas
672 1279 855 1342 docet,
903 1291 1026 1347 quae
1063 1291 1232 1332 unam
1279 1284 1469 1331 censet
1507 1289 1627 1329 esse
1653 1272 1987 1327 divinitatem

406 1385 684 1440 unamque
715 1370 941 1439 gloriam
977 1376 1031 1424 et
1067 1367 1599 1429 consubstantialem
1627 1364 1987 1429 Trinitatem,

405 1478 529 1533 quae
572 1462 712 1516 nihil
748 1462 805 1516 in
843 1461 1019 1531 gloria
1056 1475 1156 1521 sua
1207 1458 1487 1515 diversum
1529 1458 1748 1522 habeat,
1806 1464 1989 1527 utpote

408 1553 655 1626 perfecta
678 1552 941 1617 Trinitas,
973 1560 1028 1607 et
1063 1565 1171 1606 una
1201 1551 1482 1614 divinitas,
1516 1566 1623 1605 una
1658 1551 1853 1610 virtus,
1884 1564 1990 1602 una

408 1647 681 1712 essentia;
736 1661 909 1715 neque
943 1643 997 1698 in
1029 1658 1195 1707 unum
1246 1648 1550 1708 contracta,
1595 1649 1690 1701 aut
1742 1640 1989 1702 confusa,

418 1752 520 1792 nec
559 1739 671 1791 ulla
701 1738 786 1792 sui
812 1745 965 1806 parte
996 1735 1244 1798 inferior,
1274 1742 1369 1791 aut
1398 1736 1663 1804 subjecta.
1704 1732 1990 1795 Marcellus

2092 550 2435 619 βεϐιωκέναι,
2483 549 2578 602 καὶ
2620 548 2699 619 τῷ
2733 551 3041 621 φρονήματι
3095 549 3261 607 αὐτὸν
3314 548 3492 619 ὀρθῶς
3531 550 3665 618 ἔχειν

2087 638 2499 711 διισχυρίζοντο.
2526 639 2618 692 Διὸ
2633 640 2805 710 πολλὴ
2833 641 2962 710 περὶ
2988 638 3178 699 τούτου
3206 639 3433 711 ζήτησις
3459 639 3662 707 γέγονε.

2089 733 2203 793 ΚαὶΔ
2231 733 2301 785 τὰ
2326 733 2420 804 μὲν
2448 732 2655 804 κρύφια
2680 732 2780 802 τῆς
2805 732 3013 795 ἐννοίας
3034 731 3154 803 Θεῷ
3183 731 3476 800 ἔγνωσται.
3532 732 3593 783 Οἱ
3614 732 3667 783 δὲ

2095 824 2189 877 ἀπ’
2224 823 2387 878 αὐτοῦ
2424 824 2709 893 γεγονότες
2746 825 2839 877 κα).
2868 823 3297 895 κατηχηθέντες,
3327 826 3379 877 οἱ
3406 822 3510 893 τὴν
3534 824 3667 876 ἐκεί-

2091 931 2183 968 νου
2222 914 2431 969 ἔννοιαν
2475 915 2817 984 ἀγνοοῦντες,
2848 917 2896 970 οἱ
2944 916 3020 987 μὴ
3053 916 3121 970 τὰ
3149 916 3361 969 ἐκείνου
3392 916 3570 986 ἀληθῆ
3594 916 3662 968 δι-

2088 1004 2223 1074 ηγοῦ
2231 1022 2381 1075 μενοι
2390 1044 2404 1068 ,
2417 1003 2540 1058 οὔτε
2551 1004 2647 1067 τάς
2658 1007 2806 1075 τρεῖς
2819 1005 3144 1067 ὑποστάσεις
3158 1003 3441 1074 ὁμολογεῖν
3460 1002 3663 1073 ἧθελον,

2086 1096 2161 1161 ὡς
2188 1097 2301 1167 ἔχει
2325 1098 2361 1168 ἡ
2388 1095 2637 1166 ἀλήθεια,
2663 1098 2746 1150 ὅτι
2778 1097 2878 1165 μία
2907 1096 3056 1149 ἐστὶν
3089 1098 3123 1166 ἡ
3151 1095 3364 1165 θεότης,
3402 1096 3504 1165 μία
3527 1095 3659 1162 δοξο-

2086 1189 2264 1256 λογία,
2286 1188 2571 1258 ὁμοούσιος
2589 1185 2771 1259 οῦσαή
2788 1187 2976 1257 Τριὰς.
2998 1188 3091 1245 καὶ
3104 1187 3259 1240 οὐδὲν
3279 1187 3657 1241 διαλλάττουσα

2086 1281 2185 1351 τῆς
2212 1279 2347 1343 ἰδίας
2377 1280 2563 1351 δόξης,
2587 1279 2761 1351 Τριάς
2798 1278 2979 1335 τελεία
3019 1275 3174 1343 οὖσα,
3204 1279 3299 1333 καὶ
3332 1279 3433 1349 μία
3459 1279 3655 1349 θεότης,

2093 1372 2189 1443 μία
2210 1371 2458 1442 δύναμις,
2487 1373 2583 1443 μία
2602 1373 2779 1433 οὐσία.
2804 1371 2927 1431 οὔτε
2957 1371 3252 1442 συναλοιφή
3274 1388 3359 1436 τις
3373 1367 3531 1435 οὖσα,
3549 1372 3657 1424 οὔτε

2089 1462 2479 1533 ὑποϐεϐηκυῖα.
2515 1459 2681 1529 Οὗτος
2713 1463 2791 1529 δὲ,
2820 1464 3167 1529 ἐπιπλεζστον
3197 1462 3525 1533 βουλόμενός
3554 1481 3659 1516 τινα

2089 1554 2266 1622 λέγειν
2296 1556 2446 1626 παρά
2475 1571 2637 1619 τισιν,
2691 1554 2764 1618 ὡς
2799 1554 2904 1608 ὑπὸ
2928 1554 3021 1616 τὸν
3052 1554 3335 1621 Σαϐἐλλιον
3362 1554 3442 1625 τῷ
3473 1555 3659 1625 φρονή-

2093 1662 2221 1714 ματι
2259 1644 2455 1710 ἔδειξεν
2488 1640 2646 1698 εἶναι.
2688 1645 2779 1699 Διὸ
2804 1648 2898 1701 καὶ
2937 1646 3076 1717 αὐτὴ
3129 1648 3193 1698 ἐν
3224 1645 3440 1715 αἱρέσει
3477 1644 3658 1714 ἐλέχθη

2091 1737 2186 1790 κα)¹
2204 1736 2506 1807 ἠριθμήθη.
2546 1738 2941 1810 Παραθήσομαι
2963 1739 3021 1792 δὲ
3045 1734 3198 1802 αὖθις
3220 1738 3314 1791 καὶ
3336 1737 3433 1808 τὴν
3457 1737 3660 1791 ἔκθεσιν

409 1838 595 1885 autem
622 1829 1015 1883 nonnullorum
1053 1827 1322 1882 sententia
1356 1842 1480 1883 cum
1519 1824 1724 1894 aliquid
1752 1823 1979 1893 amplius

2087 1827 2184 1881 τοῦ
2228 1828 2407 1896 λόγου,
2453 1820 2514 1881 οῦ
2558 1830 2849 1901 πεποίηται
2908 1830 3121 1901 Ἰουλίῳ
3162 1830 3228 1900 τῷ
3272 1830 3552 1901 μακαρίτῃ
3590 1830 3660 1898 τῷ

408 1922 498 1977 bis
534 1928 782 1977 astruere
830 1921 1012 1985 vellet,
1044 1919 1097 1973 in
1154 1918 1383 1973 Sabellii
1432 1932 1679 1971 errorem
1726 1913 1987 1971 incidisse

406 2014 559 2068 uisus
588 2021 691 2067 est.
726 2010 802 2066 Et
836 2026 947 2081 quo
982 2009 1184 2065 factum
1210 2016 1314 2073 est,
1348 2016 1406 2067 ut
1433 2009 1575 2062 inter
1613 2008 1847 2065 haereses
1882 2007 1985 2062 ista

408 2120 627 2174 quoque
669 2102 1004 2158 recensenda
1050 2116 1115 2155 ac
1163 2100 1499 2156 confutanda
1544 2098 1774 2155 veniret.
1834 2097 1987 2152 Libet

415 2203 605 2251 autem
652 2202 708 2249 et
759 2196 906 2250 illius
951 2192 1256 2249 orationem
1309 2191 1602 2262 subjicere,
1654 2206 1815 2260 quam
1862 2205 1989 2255 pur-

411 2286 575 2357 gandi
601 2287 685 2341 sui
712 2286 887 2356 gratia
916 2285 982 2339 ad
1013 2284 1185 2338 beata:
1206 2283 1481 2343 memoriae
1529 2280 1734 2339 Julium
1785 2279 1988 2333 Roma-

412 2391 609 2435 norum
653 2378 969 2446 episcopum
1011 2374 1256 2443 scripsit.
1296 2372 1414 2438 Qua
1452 2388 1517 2427 ex
1556 2370 1897 2433 defensione,
1936 2376 1991 2424 et

411 2468 595 2525 libello
643 2468 904 2526 nonnulla
954 2474 1153 2525 contra
1180 2464 1450 2523 sinceram
1509 2463 1665 2527 fidem
1706 2462 1987 2531 epiuatum
2028 2522 2031 2523 ν

410 2573 534 2617 esse
577 2558 877 2619 constabit.
946 2556 1163 2617 Etenim
1216 2556 1271 2617 si,
1297 2554 1429 2617 nihil
1478 2554 1548 2618 ab
1581 2554 1671 2606 illa
1712 2553 1990 2607 diversum

2101 1919 2386 1988 Ῥωμαίων
2412 1920 2694 1991 ἐπισκόπῳ
2725 1923 2754 1975 ὁ
2776 1920 2937 1983 αὐτὸς
2958 1920 3293 1993 Μάρκελλος.
3329 1920 3661 1991 ὑπεραπολοο

2089 2010 2354 2081 γούμενος
2398 2011 2556 2083 δῆθεν
2605 2013 2822 2067 ἐαυτοῦ.
2872 2014 2967 2066 Ἐκ
3010 2012 3066 2066 δὲ
3099 2014 3198 2083 τῆς
3244 2012 3543 2081 ἀπολογίας
3573 2014 3659 2066 καὶ

2088 2101 2184 2154 τοῦ
2229 2101 2472 2156 λιϐέλλου
2503 2104 2800 2174 φανήσεται
2836 2104 2999 2175 ἕτερα
3041 2104 3194 2174 παρά
3228 2103 3325 2174 τὴν
3360 2104 3543 2156 πίστιν
3572 2104 3661 2174 τῆς

2090 2192 2343 2263 ἀληθείας
2372 2193 2751 2265 πεφρονηκώς.
2808 2196 2870 2247 Εἰ
2913 2195 2986 2266 μὴ
3022 2195 3130 2265 γάρ
3158 2194 3319 2264 ἐτερα
3346 2196 3660 2266 ἐφρόνησεν,

2092 2282 2230 2353 ὑπὲρ
2265 2283 2432 2336 ποίων
2468 2287 2546 2349 εἰς
2585 2286 2880 2355 ἀπολογίαν
2913 2288 3130 2359 ἦρχετο.
3167 2287 3218 2339 ει
3252 2286 3329 2357 μὴ
3371 2287 3479 2356 ἄρα
3520 2287 3662 2354 λόγοι

2090 2370 2150 2441 ἐξ
2179 2370 2343 2424 αὐτοῦ
2379 2373 2639 2444 ἐτέθησαν
2689 2375 2789 2429 οὐκ
2818 2375 2988 2448 ὀρθοὶ,
3033 2376 3127 2435 καί
3157 2393 3305 2438 τινας
3334 2377 3660 2447 ταράξαντες

2092 2461 2171 2524 είς
2186 2461 2386 2533 ταύτην
2404 2466 2713 2534 κατήγαγον
2728 2466 2827 2539 τὴν
2854 2466 3179 2536 ἀπολογίαν;
3208 2466 3400 2520 Τοίνυν
3422 2468 3485 2520 τὸ
3516 2469 3662 2522 ἀντί-

2094 2551 2303 2621 γραφόν
2331 2552 2447 2604 ἐστι
2475 2552 2630 2606 τοῦτο
2664 2572 2677 2585 ·

415 2650 685 2706 sensisset
748 2649 1329 2719 unquam,cujusnam
1364 2647 1443 2701 rei
1476 2647 1673 2717 gratia,
1708 2646 1850 2705 hanc
1912 2644 2059 2699 illam
2102 2643 2186 2698 sui
2239 2647 2615 2713 purgationem
2660 2646 3009 2716 institueret;
3048 2650 3151 2715 nisi
3190 2652 3435 2721 qumdam
3469 2651 3536 2707 ab
3574 2650 3663 2704 illo

410 2758 604 2815 parum
654 2748 800 2796 ret-te
848 2741 1023 2810 posita
1077 2754 1140 2793 ac
1194 2739 1543 2809 pronuntiata
1593 2736 1807 2802 forent,
1861 2751 1982 2805 quze
2050 2749 2176 2788 cum
2223 2735 2435 2803 aliquos
2485 2738 2919 2806 perturbasseut,
2986 2740 3310 2805 defendendi
3359 2744 3447 2799 sui
3499 2752 3663 2813 atque

411 2833 705 2895 excusandi
747 2832 1125 2891 necessitatem
1158 2829 1486 2885 attulerint?
1520 2827 1836 2900 Exemplum
1875 2826 2041 2903 igitur
2070 2825 2314 2896 epistolae
2337 2827 2415 2884 sic
2446 2842 2505 2883 se
2541 2828 2742 2887 habet:

413 2943 728 3014 Exemplum
771 2944 1009 3015 epistola!
1032 2942 1295 3015 Marcelli,
1322 2959 1481 3012 quem
1498 2942 1561 2997 ab
1590 2942 1833 3003 Itwreu'm
1861 2957 1987 3011 sgn-

992 3013 1125 3069 odus
1156 3014 1418 3083 deposuit.

2177 2939 2922 3029 Ἀτῖὲῃοξεξρνβπίστςλῆς
2947 2942 3060 3029 (δε)
3096 2945 3488 3029 sape-139v.
3523 2948 3599 3001 δν

2244 3012 2517 3071 καθεῖλεν
2544 3012 2582 3079 ή
2609 3012 2869 3077 σύνοδος
2895 3012 3069 3081 χάριν
3096 3014 3489 3083 ἑτεροδοξίας.

482 3124 548 3181 ll.
589 3126 914 3183 Beatissimo
943 3127 1163 3197 collegae.
1189 3125 1335 3181 Iulio
1367 3125 1656 3181 Marcellus
1691 3124 1746 3180 in
1769 3123 1979 3182 Christo

2160 3122 2235 3175 B’.
2254 3121 2344 3192 Τῷ
2362 3123 2766 3195 μακαριωτάτῳ
2788 3125 3179 3199 συλλειτουργῷ
3197 3128 3399 3199 Ἰουλίῳ
3420 3130 3663 3199 Μάρκελ-

412 3217 667 3273 salutem.
726 3217 863 3272 Cum
916 3217 1165 3271 nonnulli
1218 3233 1285 3272 ex
1340 3217 1406 3272 iis
1444 3216 1569 3286 qui,
1618 3216 1761 3287 quod
1793 3230 1985 3286 parum

415 3309 623 3378 integre
648 3308 716 3362 de
761 3308 865 3363 fide
915 3308 1205 3375 sentirent,
1256 3317 1416 3363 antea
1442 3308 1795 3364 condemnati
1828 3315 1979 3374 sunt,

412 3399 619 3468 quique
647 3412 677 3450 a
702 3412 787 3451 me
814 3398 868 3450 in
898 3396 1116 3452 Nicaana
1153 3396 1365 3468 synodo
1391 3397 1627 3455 convicti
1669 3406 1816 3459 sunt,
1856 3411 1986 3453 con-

411 3495 498 3543 tra
533 3505 618 3543 me
648 3488 715 3543 ad
752 3488 1003 3558 pietatem
1027 3496 1173 3542 tuam
1203 3489 1443 3544 scribere
1464 3504 1575 3543 non
1596 3488 1982 3553 dubitaverint,

410 3594 500 3635 me
533 3594 632 3635 nec
660 3593 825 3645 recte,
871 3594 970 3633 nec
1000 3593 1125 3634 cum
1162 3577 1419 3634 Ecclesiae
1465 3580 1715 3635 doctrina
1743 3593 1981 3635 consen-

412 3680 570 3727 tanee
601 3671 670 3726 de
716 3670 825 3726 fide
866 3679 1127 3735 statuere,
1183 3673 1264 3727 uti
1318 3673 1526 3728 crimen
1583 3686 1743 3726 suum
1796 3671 1853 3726 in
1897 3685 1984 3726 me

413 3758 772 3814 transferrent
799 3775 814 3813 :
841 3767 1126 3829 pr0pterea
1180 3760 1495 3815 necessario
1540 3758 1770 3815 Romam
1817 3758 1982 3830 835

412 3849 547 3905 mihi
597 3849 922 3904 veniendum
965 3858 1022 3905 et
1061 3857 1114 3906 te
1161 3852 1616 3907 commonendum
1658 3852 1875 3923 putavi,
1922 3862 1982 3907 ut

409 3956 506 3997 eos
540 3942 632 4012 qui
673 3950 861 3996 contra
897 3957 982 3998 me
1009 3943 1353 4012 scripserunt
1383 3959 1714 4007 arcesseres,
1753 3953 1813 3999 ut
1854 3959 1981 3998 cum

413 4028 788 4097 advenissent,
818 4031 887 4086 de
911 4032 1127 4087 duobus
1165 4032 1273 4088 illis
1302 4048 1332 4086 a
1369 4048 1455 4089 me
1500 4033 1976 4096 convincerentur,

411 4135 535 4175 cum
593 4121 682 4175 illa
738 4122 854 4193 ipsa
909 4122 1045 4178 falsa
1090 4138 1233 4187 esse,
1264 4139 1385 4194 quae
1415 4124 1469 4180 in
1499 4139 1585 4180 me
1618 4125 1977 4195 scripserunt,

410 4222 525 4267 tum
560 4230 656 4270 eos
686 4215 865 4270 adhuc
910 4216 967 4270 in
1004 4217 1242 4287 pristino
1283 4232 1471 4273 errore
1502 4232 1848 4289 perseverare
1870 4259 1885 4284 ,
1924 4226 1979 4274 et

412 4305 631 4376 indigna
674 4307 920 4375 quaedam
967 4308 1229 4371 adversus
1281 4307 1553 4364 Ecclesias
1600 4307 1691 4364 Dei
1754 4323 1818 4363 ac
1875 4324 1977 4364 nos

2087 3211 2177 3276 λος
2210 3214 2267 3266 ἐν
2297 3214 2516 3285 Χριστῷ
2545 3216 2775 3287 χαίρειν.
2826 3218 3041 3289 Ἐπειδὴ
3074 3236 3216 3284 τινες
3244 3219 3355 3272 τῶν
3384 3237 3662 3287 καταγνω-

2089 3300 2323 3355 σθέντων
2361 3301 2625 3373 πρότερον
2659 3305 2750 3357 ἐπὶ
2786 3304 2863 3375 τῷ
2911 3305 2986 3377 μὴ
3016 3306 3190 3379 ὀρθῶς
3220 3308 3521 3371 πιστεύειν,
3566 3307 3659 3371 οὓς

2085 3392 2195 3461 ἐγὼ
2224 3394 2282 3446 ἐν
2309 3395 2375 3463 τῇ
2408 3394 2549 3447 κατὰ
2578 3396 2810 3451 Νικαίαν
2840 3398 3040 3469 συνόδῳ
3070 3399 3346 3470 διήλεγξα,
3376 3402 3496 3456 κατ’
3529 3402 3660 3471 ἐμοῦ

2082 3483 2293 3554 γράψαι
2320 3487 2386 3556 τῇ
2421 3485 2701 3558 θεοσεϐείᾳ
2727 3505 2821 3541 σου
2856 3490 3181 3563 ἐτόλμησαν,
3210 3492 3285 3557 ὡς
3318 3494 3385 3547 ἂν
3417 3494 3553 3564 ἐμοῦ
3588 3495 3657 3563 μὴ

2081 3575 2278 3646 ὀρθῶς,
2304 3577 2441 3648 μήτε
2464 3577 2933 3648 ἐκκλησιαστικῶς
2972 3582 3312 3653 φρονοῦντος,
3347 3585 3409 3637 τὸ
3449 3586 3656 3638 ἑαυτῶν

2082 3667 2334 3739 ἔγκλημα
2373 3670 2452 3731 εἰς
2489 3670 2589 3740 ἐμὲ
2630 3671 2988 3742 μετατεθῆναι
3018 3674 3438 3738 σπουδάζοντες
3469 3676 3653 3731 τούτου

2081 3758 2263 3812 ἕνεκεν
2286 3760 2579 3828 ἀναγκαῖον
2604 3761 2921 3835 ἡγησάμην,
2952 3764 3269 3835 ἀπαντήσας
3290 3768 3372 3828 είς
3403 3765 3505 3837 τὴν
3536 3766 3657 3819 Ῥώ-

2084 3868 2213 3922 μην,
2254 3853 2565 3923 ὑπομνῆσαι
2606 3872 2687 3919 σε,
2725 3856 2811 3909 ἵνα
2852 3858 2978 3919 τοὺς
3016 3858 3136 3911 κατ’
3178 3858 3312 3929 ἐμοῦ
3338 3859 3655 3930 γράψαντας

2082 3946 2407 4017 μεταστείλῃ
2438 3946 2577 4018 ὑπὲρ
2605 3947 2699 4000 τοῦ
2729 3948 3143 4019 ἀπαντήσαντος
3161 3952 3175 3981 ί
3208 3950 3404 4014 αὐτοὺς
3432 3954 3521 4005 ἐπ’
3549 3954 3653 4022 ἅμα

2080 4036 2325 4107 φοτέροις
2341 4039 2659 4110 ἐλεγχθῆναι
2682 4040 2773 4093 ὑπ’
2799 4039 2954 4112 ἐμοῦ,
2977 4043 3059 4096 ὅτι
3086 4059 3145 4095 τε
3170 4042 3265 4096 καὶ
3285 4042 3321 4097 ἃ
3345 4044 3652 4113 γεγράφασι

2078 4127 2199 4181 κατ’
2229 4128 2389 4200 ἐμοῦ,
2407 4129 2576 4201 ψευδῆ
2604 4131 2732 4185 ὄντα
2774 4133 3050 4202 τυγχάνει,
3086 4134 3181 4187 καὶ
3209 4135 3290 4187 ὅτι
3330 4134 3412 4187 ἔτι
3440 4136 3537 4188 καὶ
3567 4135 3653 4187 νῦν

2078 4218 2394 4289 ἐπιμένουσι
2408 4222 2473 4291 τῇ
2502 4220 2708 4274 ἐαυτῶν
2734 4222 2976 4293 προτέρᾳ
2992 4221 3195 4295 πλάνῃ·
3232 4223 3325 4274 καὶ
3342 4222 3494 4275 δεινά
3517 4222 3652 4276 κατά

2075 4326 2133 4361 τε
2171 4309 2277 4363 τῶν
2301 4309 2404 4363 τοῦ
2417 4310 2549 4364 Θεοῦ
2586 4313 2919 4384 Ἐκκλησιῶν
2952 4313 3045 4365 καὶ
3080 4313 3234 4383 ἡμῶν
3258 4312 3366 4366 τῶν
3382 4312 3649 4381 προεστώ⁵

410 4399 560 4466 ipsos
601 4398 817 4453 illarum
855 4399 1116 4468 praesides
1146 4415 1270 4455 esse
1315 4399 1671 4455 machinatos.
1710 4400 1814 4456 Sed
1852 4415 1974 4455 cum

2085 4418 2186 4455 των
2205 4402 2382 4456 αὐτῶν
2400 4405 2821 4476 τετολμήκασιν.
2861 4407 3011 4460 Ἐπεὶ
3029 4407 3206 4461 τοίνυν
3226 4408 3538 4479 ἀπαντῆσαι
3559 4409 3649 4461 οὐν

410 4485 489 4541 illi
534 4488 721 4543 venire
764 4489 1061 4558 noluerint,
1097 4491 1323 4545 tametsi
1356 4491 1700 4562 presbyteros
1732 4491 1799 4545 ad
1830 4490 1978 4562 ipsos

2085 4493 2480 4565 ἠϐουλήθησαν,
2515 4498 2932 4562 ἀποστείλαντος
2966 4516 3058 4552 σου
3093 4498 3497 4571 πρεσϐυτέρους
3520 4498 3648 4571 πρὸς

410 4576 651 4642 miseris,
687 4594 785 4650 ego
815 4595 942 4634 vero
980 4594 1125 4637 anno
1156 4580 1369 4653 integro
1396 4596 1460 4636 ac
1493 4581 1667 4637 tribus
1699 4583 1980 4639 mensibus

481 4732 501 4765 ⁸
528 4733 654 4789 Cor.
681 4732 1117 4805 ἀπαντήσαντας.

476 4879 598 4959 (εδ)
632 4885 1022 4959 ΔἈντίγρᾳςέιτον
1050 4887 1400 4959 ἐπιστολῆς.
1438 4889 1619 4946 Edidit
1665 4892 1808 4946 hanc
1850 4892 1978 4946 ﬁdei

409 4955 807 5030 professionem
888 4956 1219 5030 hlarcellus,
1263 4955 1581 5030 postquam
1628 4962 1695 5015 ab
1750 4963 1971 5017 Ariauis

409 5026 538 5101 sede
564 5041 661 5079 sua
688 5027 880 5096 pulsus
902 5026 1129 5101 Romam
1163 5030 1229 5082 ad
1256 5026 1460 5084 Julium
1491 5046 1681 5101 papam
1708 5031 1975 5101 confugit,

406 5098 478 5151 ab
504 5110 679 5165 eoque
707 5112 813 5150 una
846 5113 969 5152 cum
1024 5097 1322 5153 Athanasio
1370 5097 1660 5157 restitutus
1708 5110 1810 5156 est.
1842 5097 1979 5158 Vide

409 5168 637 5239 Annales
667 5166 862 5239 θοι-οη.
895 5183 985 5223 an.
1011 5168 1135 5239 54!.
1160 5169 1265 5235 Qui
1295 5170 1365 5225 de
1393 5171 1496 5227 hoc
1521 5172 1638 5239 ipso
1669 5170 1850 5227 libello
1876 5173 1979 5227 du-

409 5237 564 5300 bitat,
598 5236 717 5292 isne
755 5238 846 5298 sit.
878 5255 1039 5307 quem
1078 5237 1225 5294 Julio
1268 5248 1383 5297 tum
1422 5236 1638 5304 obtulit,
1669 5255 1794 5295 cum
1830 5245 1884 5297 in
1914 5259 1981 5297 eo

409 5308 557 5383 nulla
596 5307 781 5383 εἱιςτοῦ
812 5309 1099 5383 quoquam}:
1133 5311 1359 5383 mentio.
1392 5309 1594 5383 Verum
1628 5326 1736 5366 non
1766 5328 1982 5383 semper

410 5374 464 5454 in
496 5374 792 5454 catholicae
814 5374 935 5433 fidei
960 5380 1417 5454 professionibus,
1443 5391 1537 5454 aut
1563 5379 1618 5434 in
1647 5374 1981 5438 convincen-

410 5444 498 5520 dis
544 5446 842 5520 haereticis,
869 5444 1089 5520 recenti
1138 5451 1317 5520 adhuc
1354 5444 1411 5504 in
1454 5450 1674 5505 Niceno
1721 5454 1978 5520 concilio,

412 5519 648 5590 tessera
680 5515 768 5568 illa
794 5517 938 5590 _li_dei
979 5533 1040 5573 ac
1075 5518 1481 5590 τοῦίὸμοουσίου
1513 5521 1659 5590 clara
1691 5528 1746 5578 et
1772 5515 1979 5579 diserta

413 5582 933 5660 confessiosolebat
960 5588 1125 5660 exigi.
1159 5582 1417 5660 Exemplo
1443 5593 1516 5646 sit
1544 5588 1757 5646 Ursacii
1786 5600 1841 5647 et
1870 5591 1979 5646 Va-

410 5650 574 5731 lentis
626 5653 840 5731 Arianae
893 5650 1146 5731 factionis
1194 5650 1502 5730 principum
1546 5662 1781 5727 libellus,
1810 5678 1971 5731 quem

408 5717 555 5797 Julio
587 5738 737 5797 papae
769 5726 1103 5786 obtulerunt.
1143 5717 1252 5797 quo
1300 5740 1351 5785 et
1376 5717 1596 5784 'errotis
1644 5733 1726 5785 sui
1758 5717 1969 5785 veniam

410 5790 683 5862 deprecati
733 5804 881 5862 sunt,
916 5804 969 5849 et
1002 5797 1131 5851 Ario
1162 5790 1423 5852 damnato
1457 5801 1781 5855 catholicam
1815 5802 1971 5857 fidem

2084 4585 2302 4653 αὐτοὺς,
2329 4588 2423 4641 καί
2445 4586 2619 4641 ταῦτα
2649 4587 2783 4660 ἐμοῦ
2804 4589 3045 4644 ἐνιαυτὸν
3073 4590 3167 4644 καὶ
3194 4592 3341 4661 spei;
3366 4590 3524 4655 ὅλους
3553 4590 3651 4661 μῆ-

2078 4892 2332 4963 professi.
2381 4892 2574 4966 Exstat
2611 4894 2756 4965 apud
2800 4896 3163 4952 Athanasium
3209 4898 3367 4966 Apol.
3405 4897 3461 4953 2.
3496 4897 3553 4951 ln
3583 4914 3645 4953 eo

2078 4980 2210 5045 vero
2239 4966 2307 5045 de
2330 4965 2599 5045 ὁμοουσίιρ
2628 4967 2853 5045 verbum
2886 4968 3097 5045 nullum
3122 4984 3136 5031 ;
3185 4985 3320 5045 nam
3340 4979 3393 5023 et
3425 4970 3480 5045 i_n
3513 4984 3643 5045 con-

2078 5036 2207 5107 cilio
2235 5035 2604 5107 Aquileiensi,
2648 5038 2702 5089 iu
2729 5052 2838 5107 quo
2881 5038 3160 5092 adnitente
3203 5037 3497 5092 Ambrosio
3526 5037 3643 5091 Pal-

2080 5104 2257 5161 ladius
2286 5104 2761 5176 etrSecundianus'
2786 5108 3027 5176 episcopi
3057 5107 3299 5161 damnati
3335 5118 3486 5169 sunt,
3521 5123 3641 5162 cum

2078 5182 2189 5227 tant
2221 5174 2472 5246 studiose,
2508 5174 2560 5246 id
2601 5184 2785 5246 ageret
2814 5174 3158 5238 Ambrosius,
3200 5188 3259 5230 ιιι
3301 5178 3370 5232 ab
3402 5178 3468 5232 iis
3500 5177 3641 5231 indi-

2081 5246 2226 5316 cium
2260 5245 2478 5315 aliquod
2513 5244 2729 5299 Arianae
2760 5247 3119 5316 professionis
3142 5247 3380 5311 eliceret,
3414 5248 3641 5314 ideoque

2083 5314 2251 5370 variis
2286 5314 2808 5384 interrogationibus
2837 5318 3150 5377 larcsscret.
3184 5317 3388 5371 nullam
3419 5318 3639 5369 consul).

2081 5386 2354 5439 stantiatis
2387 5386 2713 5456 mentionem
2753 5387 2950 5456 attigit,
2999 5386 3094 5441 sed
3123 5388 3235 5441 haec
3267 5394 3474 5440 tantum
3501 5401 3639 5440 com-

2083 5456 2299 5521 munia;
2352 5455 2549 5523 ecquid
2596 5454 2766 5509 Filius
2801 5454 3140 5520 immortalis,
3172 5456 3346 5509 bonus
3380 5471 3444 5509 ac
3482 5469 3640 5509 verus

2081 5533 2247 5585 esset,
2266 5541 2344 5595 iac
2367 5525 2577 5593 reliqua
2608 5526 2822 5595 generis
2850 5526 3116 5595 ejusdem.
3137 5526 3441 5591 Quinetiam
3472 5526 3635 5579 Atha-

2081 5594 2576 5666 nasiiSymbolum
2605 5594 2725 5648 rum
2756 5596 2826 5666 sit
2854 5596 3097 5661 qua-datu
3132 5596 3252 5650 fidei
3282 5596 3548 5665 expositio
3572 5596 3636 5647 ab

2080 5679 2145 5739 eo
2182 5664 2346 5739 edita,
2382 5664 2597 5739 quieo
2622 5665 2904 5739 ouoodatov
2944 5667 3207 5739 acerrime
3254 5674 3632 5739 propugnaret,

2078 5733 2319 5802 ejusdem
2356 5733 2599 5790 vdeab‘uli
2632 5733 2958 5791 mentionem
2986 5735 3185 5790 omisit.
