3798 6212
446 229 548 283 587

1879 232 1940 288 S.
1970 230 2312 290 EPIPHANII

3593 228 3688 286 ω

443 347 814 409 peccatorum,
837 338 1021 394 carnis
1050 342 1528 406 resurrectionem,
1546 341 1710 395 vitam
1739 349 2006 396 aeternam

2125 343 2316 412 ἄφεσιν
2350 341 2654 411 ἁμαρτιῶν,
2694 341 2895 413 σαρκὸς
2933 341 3246 406 ἀνάστασιν,
3288 341 3431 412 ζωὴν
3462 341 3689 402 αἰώνιον.

443 426 563 482 Jam
606 426 786 482 Patris
814 436 866 484 et
905 428 1030 485 Filii
1073 431 1410 486 divinitatem
1439 431 1607 486 dividi
1649 446 1757 484 non
1790 446 1950 500 posse
1984 446 2014 485 e

443 519 618 574 sacris
668 519 888 576 Litteris
914 521 1228 578 didicimus.
1262 521 1392 575 Nam
1425 523 1469 576 si
1496 523 1618 592 quis
1653 521 1872 582 Filium,
1911 523 2014 575 hoc

443 619 530 666 est
577 612 968 681 omnipotentis
1016 613 1109 668 Dei
1152 613 1414 678 Verbum,
1457 629 1712 684 separare
1759 615 2011 676 voluerit,

444 693 671 758 necesse
714 714 796 759 est
842 713 902 758 ut
948 713 1042 758 aut
1081 705 1220 760 duos
1260 721 1380 760 esse
1422 705 1562 760 Deos
1604 707 1919 770 arbitretur,
1962 706 2012 760 id

444 795 587 863 quod
618 811 646 848 a
680 796 885 850 cwlesti
931 797 1177 851 doctrina
1231 796 1578 850 confessione
1625 798 1868 850 omnium
1919 796 2013 850 ab-

447 888 650 950 horret,
708 899 797 940 aut
851 887 1082 942 Verbum
1139 903 1258 942 esse
1297 887 1463 941 Deum
1523 887 1793 941 inficietur
1826 907 1838 941 :
1873 888 2016 957 quod

443 987 496 1029 et
552 977 724 1045 ipsum
783 978 852 1030 ab
911 978 1121 1031 sincera
1184 976 1286 1031 fide
1346 977 1558 1031 videtur
1589 979 1842 1042 alienum,
1891 992 2014 1032 cum

442 1064 770 1134 evangelista
827 1065 971 1116 dicat
1018 1084 1029 1118 :
1083 1063 1146 1116 Et
1211 1064 1348 1116 Deus
1415 1076 1526 1116 erat
1585 1061 1828 1115 Verbum.
1904 1063 2016 1132 Ego

443 1170 572 1208 vero
619 1164 774 1208 certo
818 1155 949 1208 illud
991 1155 1191 1219 didici,
1237 1157 1489 1208 virtutem
1537 1153 1733 1215 Patris,
1783 1153 1885 1208 hoc
1931 1160 2016 1208 est

397 1241 403 1306 ζ
443 1244 677 1309 Filium,
725 1263 902 1316 neque
946 1246 1135 1309 dividi,
1189 1263 1365 1316 neque
1413 1247 1654 1314 separari
1697 1261 1875 1314 posse.
1936 1243 2011 1302 Ita

442 1339 586 1393 enim
637 1339 888 1392 Salvator
931 1355 994 1392 ac
1036 1338 1298 1394 Dominus
1339 1348 1525 1394 noster
1563 1338 1724 1393 Jesus
1763 1337 2013 1393 Christus
2067 1359 2070 1362 λ

443 1431 732 1500 loquitur:
789 1431 849 1483 In
895 1448 974 1484 me
1010 1432 1188 1495 Pater,
1213 1442 1260 1484 et
1305 1448 1396 1500 ego
1447 1432 1501 1484 in
1554 1430 1783 1484 Palre'.
1842 1432 2009 1484 Item:

446 1520 555 1590 Ego
581 1533 628 1575 et
667 1522 826 1575 l’a'er
865 1538 1025 1574 unum
1059 1539 1237 1574 sumus
1269 1524 1311 1575 ².
1350 1520 1414 1573 Ει
1444 1540 1456 1573 :
1490 1521 1593 1586 Qui
1635 1520 1769 1574 videt
1799 1536 1898 1585 me,
1940 1520 2014 1572 υἱ-

441 1610 526 1664 det
561 1623 609 1665 et
635 1611 850 1664 Patrem
875 1613 914 1664 ³.
952 1610 1104 1664 llanc
1137 1612 1318 1682 igitur,
1350 1627 1512 1680 quam
1551 1622 1605 1664 et
1635 1625 1663 1663 a
1693 1611 1865 1665 sacris
1903 1608 2014 1663 Lit-

444 1701 578 1756 teris
615 1702 952 1769 accepimus,
990 1711 1044 1754 et
1078 1718 1106 1754 a
1139 1702 1438 1770 majoribus
1479 1701 1680 1755 nostris
1712 1701 2010 1756 secundum
2045 1701 2084 1756 Β

441 1790 606 1844 Deum
641 1792 953 1857 didicimus,
997 1791 1154 1846 tidem
1201 1807 1324 1846 cum
1367 1793 1420 1846 in
1471 1793 1716 1848 Ecclesia
1748 1791 1838 1845 Dei
1871 1805 2008 1860 pra:-

440 1883 582 1943 dico,
614 1890 727 1936 tum
761 1882 825 1935 ad
859 1891 910 1936 te
944 1882 1102 1936 modo
1136 1885 1436 1952 perscribo,
1478 1885 1705 1953 ejusque
1732 1897 1897 1953 penes
1927 1897 2011 1936 me

439 1973 722 2043 exemplar
778 1973 996 2028 retinui.
1054 1973 1336 2030 Postremo
1374 1975 1506 2029 illud
1543 1990 1573 2028 a
1623 1982 1675 2029 te
1723 1982 1885 2043 peto,
1956 1981 2014 2027 ut

439 2065 685 2134 ejusdem
726 2081 857 2119 mea?
899 2064 1257 2134 professionis
1300 2066 1607 2134 exemplum
1655 2065 1764 2118 tuis
1799 2064 1866 2118 ad
1902 2064 2015 2132 epi-

439 2169 636 2223 scopos
682 2153 879 2207 litteris
934 2155 1180 2217 inseras,
1238 2168 1304 2210 ne
1359 2156 1482 2226 quis
1546 2171 1755 2220 eorum,
1815 2155 2014 2225 quibus

440 2251 696 2298 accurate
723 2243 991 2313 perspecti
1027 2260 1133 2298 non
1171 2259 1383 2309 sumus,
1422 2245 1638 2300 illorum
1667 2245 1733 2300 de
1762 2261 1848 2301 me
1877 2249 2016 2302 scri-

439 2335 548 2403 ptis
591 2334 746 2389 fidem
794 2335 1062 2391 adhibens
1113 2336 1167 2390 in
1202 2351 1443 2392 errorem
1469 2337 1778 2393 inducatur.
1806 2338 2010 2394 Valete.

439 2423 713 2480 Haetentrs
733 2427 980 2496 epistola.

505 2515 666 2585 837
701 2515 788 2571 IV.
821 2516 1090 2572 Caeterum
1145 2531 1213 2570 an
1247 2516 1464 2571 libellus
1496 2517 1599 2574 iste
1632 2527 1780 2574 recte
1817 2533 1877 2574 se
1922 2519 2013 2574 ha-

437 2605 563 2660 beat
591 2620 796 2669 necne,
841 2605 1019 2676 legant
1055 2604 1149 2674 qui
1199 2613 1462 2674 possunt,
1506 2616 1560 2661 et
1618 2608 1710 2676 qui
1753 2615 2000 2662 exactam

435 2708 646 2757 eorum,
679 2709 798 2764 qua:
831 2695 883 2749 in
914 2709 979 2748 eo
1018 2694 1222 2763 scripta
1258 2702 1423 2759 sunt,
1471 2695 1879 2766 intelligentiam
1913 2698 2012 2751 ha-

434 2783 563 2838 bere
592 2793 858 2854 possunt,
895 2784 1089 2854 ecquid
1126 2785 1179 2838 iu
1209 2800 1274 2839 eo
1315 2785 1428 2838 vitii
1467 2786 1536 2840 sit
1561 2786 1827 2855 judicent.
1865 2787 2008 2842 Nihil

434 2875 580 2928 enim
612 2882 970 2945 praeterquam
997 2876 1141 2945 quod
1173 2877 1401 2943 scimus,
1433 2885 1486 2930 et
1517 2878 1582 2930 ad
1612 2893 1711 2932 nos
1742 2881 2006 2948 perlatum

2134 433 2456 504 Ἀδιαίρετον
2492 429 2629 486 εἶναι
2673 433 2774 505 τὴν
2819 433 3050 504 θεότητα
3083 433 3178 486 τοῦ
3234 435 3448 505 Πατρὸς
3486 435 3689 488 καὶτοῦ

2123 524 2272 588 Υίοῦ,
2297 524 2450 596 παρὰ
2477 525 2582 579 τῶν
2606 525 2766 579 θείων
2786 527 3184 597 μεμαθήκαμεν
3217 525 3473 597 Γραφῶν.
3506 527 3570 578 Et
3593 528 3692 600 γάρ

2120 634 2204 680 τις
2231 615 2453 689 χωρίζει
2485 619 2574 671 τὸν
2611 619 2760 684 Υίὸν,
2784 619 3030 672 τουτέστι
3059 618 3152 671 τὸν
3175 620 3345 686 Λόγον
3373 617 3472 671 τοῦ
3503 635 3689 673 παντοο

2123 709 2385 779 κράτορος
2405 709 2561 771 Θεοῦ,
2589 711 2803 782 ἀνάγκη
2825 712 2985 764 αὑτὸν
3011 712 3043 782 ἣ
3067 712 3160 765 δύο
3186 711 3353 775 Θεοὺς
3380 708 3524 764 εἶναι
3552 713 3689 782 νομί-

2122 798 2256 864 ζειν,
2283 801 2420 871 ὅπερ
2451 801 2729 871 ἀλλότριον
2761 803 2859 872 τῆς
2894 802 3043 868 θείας
3071 802 3420 865 διδασκαλίας
3449 797 3588 854 εἶναι
3613 820 3689 854 νε-

2121 890 2394 959 νόμισται,
2424 890 2456 961 ἢ
2488 891 2580 944 τὸν
2604 892 2775 960 Λόγον
2801 891 2876 962 μὴ
2905 887 3044 946 εῖναι
3065 891 3198 944 Θεὸν
3219 891 3503 962 ὁμολογεῖν
3523 908 3536 920 ο
3567 891 3688 962 ὅπερ

2121 984 2215 1037 καὶ
2235 983 2363 1036 αὐτὸ
2388 981 2663 1054 ἀλλότριον
2691 983 2790 1052 τῆς
2810 983 2976 1054 ὀρθῆς
3000 985 3236 1046 πίστεως
3261 979 3402 1036 εἶναι
3425 983 3685 1051 φαίνεται,

2119 1072 2214 1127 τοῦ
2259 1074 2643 1143 εὐαγγελιστοῦ
2680 1075 2929 1142 λέγοντος
2950 1092 2962 1106 ο
3009 1076 3117 1129 Καὶ
3155 1077 3297 1140 Θεὸς
3322 1072 3401 1144 ἦν
3426 1077 3463 1128 ὁ
3489 1075 3684 1143 Λόγος.

2135 1164 2273 1232 Ἐγὼ
2298 1165 2353 1217 δὲ
2381 1164 2621 1236 ἀκριϐῶς
2649 1164 2967 1236 μεμάθηκα,
2999 1167 3081 1218 ὅτι
3107 1166 3408 1236 ἀδιαίρετος
3437 1167 3534 1218 καὶ
3555 1164 3685 1235 ἀχώ-

2125 1258 2302 1326 ριστός
2329 1258 2473 1311 ἐστιν
2499 1260 2530 1328 ἡ
2553 1257 2778 1328 δύναμις
2799 1258 2891 1310 τοῦ
2915 1258 3145 1330 Πατρός,
3173 1261 3200 1311 ό
3225 1259 3370 1320 Υἱός.
3403 1258 3577 1322 Αὐτὸς
3591 1259 3686 1328 γὰρ

2119 1348 2148 1400 ό
2181 1348 2369 1419 Σωτὴρ
2399 1349 2426 1401 ό
2456 1348 2660 1418 Κύριος
2698 1349 2855 1419 ἡμῶν
2890 1349 3096 1420 Ἰησοῦς
3120 1350 3354 1420 Χριστός
3378 1367 3517 1420 φησι
3537 1366 3550 1380 ·
3597 1351 3686 1404 Ἑν

2120 1435 2247 1504 ἐμοὶ
2279 1439 2310 1490 ὁ
2336 1436 2557 1504 Πατὴρ,
2591 1436 2751 1506 κάγὼ
2787 1437 2856 1489 ἐν
2886 1437 2964 1503 τῷ
2989 1439 3173 1506 Harp!
3196 1455 3208 1468 ·
3246 1439 3371 1500 καὶ,
3411 1437 3565 1507 Ἐγὼ
3599 1440 3681 1490 καί

2121 1533 2153 1583 ό
2188 1527 2389 1596 Πατὴρ
2421 1529 2491 1581 ἓν
2514 1529 2700 1598 ἐσμεν
2720 1546 2733 1560 ο
2786 1531 2900 1595 καὶ,
2949 1531 3012 1582 '0
3040 1529 3144 1600 ἐμὲ
3174 1529 3445 1598 ἑωρακὼς
3480 1531 3686 1598 ἑώρακε

2121 1619 2226 1674 τὸν
2265 1619 2515 1688 Πατέρα.
2577 1620 2791 1692 Ταύτην
2837 1622 2932 1674 καὶ
2968 1622 3114 1691 παρὰ
3144 1621 3252 1674 τῶν
3280 1621 3440 1674 θείων
3467 1622 3685 1692 Γραφῶν

2113 1712 2348 1782 εἰληφὼς
2375 1714 2475 1783 τὴν
2516 1713 2717 1774 πίστιν,
2749 1714 2843 1766 καὶ
2886 1712 3046 1783 παράξ
3069 1713 3177 1766 τῶν
3216 1713 3358 1766 κατά
3394 1715 3533 1766 θεὸν
3566 1732 3686 1786 προ-

2114 1806 2284 1875 γόνων
2307 1805 2598 1876 διδαχθεὶς,
2622 1806 2677 1859 ἐν
2703 1824 2760 1858 τε
2785 1810 2851 1877 τῇ
2882 1805 2975 1859 τοῦ
3001 1806 3136 1859 Θεοῦ
3171 1807 3472 1879 Ἑκκλησίεμ⁵
3500 1809 3686 1879 κηρύτ-

2112 1916 2209 1958 τω,
2243 1899 2338 1950 καὶ
2381 1899 2516 1970 πρὸς
2536 1891 2608 1950 ’σὲ
2649 1899 2743 1951 νῦν
2767 1898 3038 1970 γέγραφα,
3063 1898 3125 1952 τὸ
3147 1899 3484 1972 ἀντίγραφον
3504 1901 3683 1954 τούτου

2114 1989 2242 2059 παρ’
2284 1987 2505 2058 ἐμαυτῷ
2543 1987 2852 2058 κατασχών.
2884 1989 2993 2041 Καὶ
3027 1988 3162 2053 ἀξιῶ
3198 1989 3259 2042 τὸ
3298 1990 3597 2044 ἀντίτυπόν
3633 2007 3684 2042 σε

2112 2078 2301 2131 τούτου
2332 2081 2398 2149 τῇ
2427 2078 2564 2149 πρὸς
2595 2081 2720 2143 τοὺς
2759 2080 3090 2144 ἐπισκόπους
3113 2081 3368 2152 ἐπιστολῇ
3399 2083 3683 2153 ἐγγράψαι,

2113 2170 2201 2223 ἵνα
2227 2171 2300 2242 μή
2341 2187 2485 2232 τινες
2502 2169 2612 2224 τῶν
2634 2171 2874 2241 ἀκριϐῶς
2906 2171 2979 2242 μὴ
3008 2173 3225 2226 εἰδότων
3241 2175 3685 2245 ὴμᾶς,κάκείνοις

2111 2261 2224 2321 τοῖς
2263 2257 2552 2312 ὑπἀὑτῶν
2589 2261 2845 2329 γραφεῖσι
2887 2260 3264 2331 προσέχοντες,
3309 2262 3682 2333 ἀπατηθῶσιν.

2116 2348 2422 2422 Ἔρρωσθε.
2463 2348 2844 2421 Πεπλήρωται.

2181 2526 2252 2582 A'.
2284 2529 2348 2583 Εί
2373 2528 2549 2582 τοίνυν
2578 2529 2606 2582 ό
2640 2527 2882 2593 λίὸελλος
2901 2524 3054 2595 οὗτος
3083 2531 3263 2597 καλῶς
3294 2533 3432 2605 ἔχει,
3457 2536 3506 2588 οί
3529 2536 3682 2590 δυνά-

2115 2636 2263 2689 μενοι
2297 2618 2717 2688 ἀναγνώτωσαν,
2757 2622 2851 2675 καὶ
2879 2623 2929 2675 οἱ
2971 2623 3258 2694 δυνάμενοι
3285 2626 3598 2697 ἀκριὸῶσαι
3626 2629 3687 2682 τά

2109 2713 2168 2764 ὲν
2194 2711 2341 2783 αὐτῷ
2370 2712 2655 2783 εἰρημένα·
2688 2715 2783 2768 καὶ
2811 2715 2860 2767 εί
2892 2714 2990 2785 μὲν
3019 2716 3205 2780 κακῶς
3229 2717 3361 2788 ἔχει,
3393 2719 3551 2773 αὐτοὶ
3581 2720 3687 2774 δια-

2110 2804 2460 2875 κρινέτωσαν.
2499 2804 2574 2857 Οὐ
2611 2805 2719 2879 γὰρ
2753 2805 3053 2878 βουλόμεθα
3103 2809 3255 2880 παρά
3305 2803 3426 2865 δῶν
3467 2815 3688 2868 ἐπιστά-

2112 2894 2251 2965 μεθα
2277 2897 2370 2950 καὶ
2397 2896 2504 2949 τῶν
2541 2898 2622 2960 είς
2665 2899 2812 2969 ἡμᾶς
2845 2897 3105 2953 ἐλθόντων
3133 2900 3327 2970 λέγειν.
3366 2903 3430 2956 Et
3458 2904 3573 2976 γὰρ
3602 2906 3690 2958 καὶ

435 2974 534 3027 est,
569 2979 883 3021 asseverare
909 2967 1180 3022 volumus.
1214 2967 1292 3020 Ac
1325 2967 1451 3020 licet
1480 2968 1613 3022 nihil
1655 2971 1706 3022 in
1735 2985 1800 3024 eo
1828 2971 2006 3025 llbello

2117 2986 2293 3050 καλῶς
2317 2987 2430 3056 ἔχει
2461 2989 2490 3039 ό
2522 2967 2764 3052 λίὸελλος
2797 2990 2861 3042 ὲκ
2882 2993 2981 3061 τῆς
3017 2967 3345 3057 ὑποθέσεως,
3382 2967 3554 3047 «ait;
3578 2995 3687 3049 δια-

435 3072 542 3110 non
577 3068 785 3112 castum
815 3071 879 3111 ac
909 3058 1183 3113 sincerum
1237 3059 1328 3124 sit,
1362 3059 1442 3112 vel
1474 3073 1538 3112 ex
1574 3059 1693 3128 ipso
1721 3060 2001 3116 nihilomi-

2320 3035 2429 3056 Ἃ--
2467 3035 2485 3039 -
2523 3035 2760 3052 ---ν----ην
2797 3035 2860 3042 -.-
2894 3035 2978 3061 -..ς
3021 3035 3345 3057 -..-----..,,
3389 3035 3546 3047 ........
3579 3035 3662 3049 -..-

2117 3073 2464 3145 νοηθήσονται
2500 3077 2550 3128 οί
2592 3077 3012 3148 ὲντυγχάνοντές
3047 3096 3108 3132 τε
3136 3081 3230 3135 καὶ
3265 3082 3582 3148 ἀκούοντες,
3613 3086 3689 3139 ὃτι

435 3161 540 3201 nus
573 3155 928 3216 argumento,
971 3149 1063 3217 qui
1088 3147 1235 3203 hunc
1264 3149 1448 3218 legunt
1481 3157 1574 3203 aut
1614 3151 1838 3205 audiunt
1864 3193 1877 3214 ,
1911 3167 2004 3206 co-

436 3238 610 3306 gitare
631 3237 828 3292 debent
856 3252 966 3292 non
995 3237 1218 3301 frustra,
1252 3255 1352 3294 nec
1377 3251 1578 3295 temere
1603 3239 1669 3294 ad
1693 3241 1832 3296 hanc
1861 3242 2011 3296 illum

435 3325 761 3382 defendendi
795 3327 879 3382 sui
911 3328 1291 3382 necessitatem
1324 3340 1614 3385 venturum
1651 3329 1822 3386 fuisse
1844 3371 1858 3395 ,
1907 3333 2012 3387 nisi

436 3417 700 3471 nonnulla
734 3418 1098 3488 protulisset,
1142 3433 1265 3488 quae
1313 3419 1596 3473 turbarum
1633 3421 1836 3490 aliquid
1864 3421 2011 3475 exci-

436 3515 679 3572 tassent,
721 3517 777 3562 et
817 3523 883 3563 eo
908 3508 1184 3564 hominem
1223 3508 1612 3575 adduxissent,
1657 3519 1714 3564 ut
1738 3512 2010 3567 dictorum

435 3599 712 3654 reddenda
744 3600 885 3654 ratio
916 3601 1214 3656 videretur.
1249 3600 1462 3655 Etenim
1499 3601 1612 3656 ﬂeri
1649 3603 1779 3656 illud
1811 3604 2007 3673 potuit,

435 3695 498 3742 ut
539 3697 662 3758 post
707 3704 948 3744 errorem
996 3705 1091 3760 per
1138 3690 1382 3745 libellum
1435 3707 1556 3746 sese
1602 3705 1887 3749 excusaret
1948 3709 2012 3749 ac

433 3781 776 3850 corrigeret:
810 3788 904 3834 aut
933 3790 994 3836 ut
1031 3780 1223 3836 eodem
1274 3782 1366 3836 illo
1399 3781 1581 3837 libello
1625 3785 1700 3838 ita
1739 3787 2008 3840 sermoni-

433 3868 538 3923 bus
567 3869 685 3924 suis
732 3869 915 3924 fucum
946 3869 1171 3935 faceret,
1203 3880 1264 3925 ut
1286 3886 1406 3941 qua
1433 3883 1589 3927 antea
1623 3873 1850 3930 dixisset
1884 3891 2011 3930 con-

435 3959 584 4014 sulto
615 3959 1026 4025 dissimularet,
1068 3976 1138 4016 ne
1168 3962 1222 4016 in
1253 3961 1505 4019 ordinem
1537 3963 1902 4034 redigeretur,
1941 3969 2008 4022 ab

431 4051 711 4104 communi
739 4052 1120 4122 episcoporum
1152 4067 1419 4108 consessu
1454 4061 1506 4107 et
1541 4069 1751 4111 canone
1779 4057 2008 4128 deposi-

435 4149 566 4196 tus:
604 4153 881 4214 utcunque
935 4159 994 4200 se
1045 4159 1133 4201 res
1169 4144 1368 4200 haheat
1397 4186 1411 4211 ,
1450 4147 1562 4201 hzec
1613 4157 1743 4203 sunt
1773 4165 1894 4219 qua:
1940 4152 2007 4205 de

429 4233 686 4290 Marcello
716 4250 1033 4306 comparare
1087 4236 1387 4306 potuimus.
1435 4236 1510 4292 De
1555 4256 1665 4308 quo
1713 4256 1837 4295 cum
1902 4243 2004 4296 ali-

430 4326 652 4396 quando
686 4327 902 4381 beatum
936 4342 1130 4397 papam
1161 4327 1520 4402 Athanasium
1553 4331 1999 4402 interrogassem,

428 4415 735 4485 cujusmodi
772 4432 894 4471 eum
950 4418 1308 4472 arbitraretur
1334 4457 1350 4481 ,
1398 4401 1486 4473 ille
1541 4436 1714 4490 neque
1754 4401 2002 4493 purgavit

311 4522 322 4532 ’
431 4508 726 4571 hominem,
757 4525 931 4578 neque
960 4524 1088 4563 vero
1115 4511 1362 4579 asperius
1404 4514 1646 4578 notavit;
1684 4515 1778 4568 sed
1813 4516 2002 4569 leniter

432 4600 717 4663 arridens,
745 4615 853 4654 non
880 4600 1110 4653 multum
1151 4602 1220 4655 ab
1264 4601 1610 4671 improbitate
1652 4605 2001 4661 abhorruisse

432 4688 795 4758 significavit,
845 4697 899 4743 et
945 4691 1000 4744 in
1029 4705 1219 4745 eorum
1250 4691 1370 4746 loco
1395 4732 1410 4757 ,
1441 4673 1533 4762 qui
1565 4709 1622 4748 se
1649 4708 1995 4764 purgassem,

432 4775 642 4831 habuit.

501 4866 564 4922 ν.
595 4867 749 4925 Libet
780 4876 958 4925 autem
991 4872 1078 4926 hic
1111 4888 1172 4926 ea
1210 4872 1636 4946 subjicere,qua>.
1669 4879 1724 4932 in
1758 4877 1995 4935 Marcelli

427 4961 648 5032 scriptis
677 4977 708 5014 a
740 4963 1067 5030 quibusdam
1106 4964 1394 5020 observata
1429 4978 1590 5032 sunt,
1623 4985 1744 5039 qua:
1775 4971 1996 5034 isti.re-

427 5053 802 5122 prehendenda
835 5065 1198 5124 putaverunt:
1244 5057 1385 5112 unde
1423 5067 1476 5112 et
1529 5061 1580 5113 in
1615 5047 1865 5118 etimdem
1910 5067 1994 5119 in-

425 5147 562 5202 vecti
587 5145 902 5201 confutaudi
928 5150 1104 5217 gratia
1143 5150 1500 5219 scripserunt.
1529 5153 1849 5225 Quanquam
1879 5157 1990 5220 alii,

425 5253 523 5308 pro
567 5253 630 5292 eo
660 5238 803 5306 quod
858 5239 948 5307 qui
994 5241 1256 5297 adversus
1295 5244 1443 5296 illum
1486 5255 1832 5302 eonimentatl
1865 5258 1993 5302 sunt

500 5374 701 5430 'Joan.
745 5393 854 5439 xw,
893 5381 972 5433 l0.
1085 5386 1104 5410 ²
1132 5379 1288 5434 Joau.
1334 5398 1385 5444 Χ,
1411 5383 1498 5436 50.

425 5454 736 5513 Corruptus.

497 5552 608 5620 (56)
635 5554 798 5634 jrftt‘)
833 5555 899 5634 δᾷ
919 5557 1125 5610 ἄλλων
1157 5561 1358 5634 πάλιν.
1395 5562 1683 5634 Utrunque
1735 5566 1890 5622 licuit
1931 5585 1998 5622 ex

427 5627 841 5689 corruptissimo
875 5627 992 5678 loco
1033 5633 1355 5685 sententiam
1385 5627 1741 5691 extrusiinus.
1795 5637 1866 5692 De
1917 5640 2000 5693 his

2110 3165 2211 3217 οὐκ
2237 3166 2318 3228 είς
2348 3166 2548 3237 μάτην,
2583 3166 2706 3220 οὕτε
2743 3170 2823 3231 είς
2849 3169 3148 3241 ἀργότητα,
3177 3168 3301 3226 οὔτε
3333 3179 3452 3229 κατ’
3484 3179 3685 3233 ἐκείνου

2112 3255 2319 3322 ἐγίνετο
2347 3257 2497 3328 αὐτῷ
2529 3257 2740 3331 ἀνάγκη
2778 3261 3094 3329 ἀπολογίας,
3130 3265 3177 3316 εί
3209 3263 3285 3335 μὴ
3317 3266 3424 3336 ἄρα
3458 3267 3685 3338 ἐξήμεσε

2111 3345 2302 3415 λόγους
2330 3348 2482 3412 τινὰς
2505 3351 2901 3421 ταράσσοντας,
2942 3353 3038 3406 καὶ
3068 3354 3489 3423 ἀναγκάσαντας
3534 3361 3686 3414 αὐτὸν

2110 3436 2191 3499 είς
2214 3437 2510 3506 ἀπολογίαν
2541 3440 2697 3509 ἥκειν
2730 3442 2858 3513 περὶ
2903 3443 3015 3497 τῶν
3039 3445 3130 3498 ὑπ’
3152 3446 3316 3501 αὐτοῦ
3360 3451 3683 3522 εἰρημένων.

2111 3527 2410 3596 Συμϐαίνει
2440 3529 2570 3601 γὰρ,
2605 3532 2698 3584 καὶ
2731 3532 2870 3602 μετὰ
2889 3533 2952 3586 τὸ
2987 3535 3248 3604 ἐσφάλθαι
3269 3538 3456 3604 αὐτὸν,
3491 3541 3581 3594 διὰ
3599 3542 3686 3594 τοῦ

2109 3617 2354 3673 λιϐέλλου
2399 3621 3010 3694 ὑπεραπολογήσασθαι,
3050 3627 3145 3680 καὶ
3173 3628 3366 3685 ἑαυτὸν
3394 3630 3685 3702 διορθώσα-

2112 3710 2256 3766 σθαι·
2299 3713 2333 3784 ῆ
2376 3715 2458 3767 ὃτι
2496 3715 2595 3786 μὲν
2627 3716 2706 3787 τῷ
2743 3716 2969 3788 λιϐέλλῳ
3022 3721 3329 3796 ἐκόσμησεν
3359 3725 3531 3779 αὑτοῦ
3567 3729 3684 3790 τοὺς

2109 3801 2318 3872 λόγους,
2354 3806 2441 3860 ἵνα
2480 3811 2818 3884 παρακρύψῃ
2866 3812 2933 3866 τὰ
2976 3814 3066 3866 ὑπ’
3103 3814 3265 3867 αὐτοῦ
3297 3815 3555 3886 ρηθέντα,
3604 3817 3683 3870 ἴνα

2113 3894 2186 3965 μὴ
2245 3896 2453 3969 ἐκπέσῃ
2512 3899 2600 3953 διὰ
2633 3902 2735 3972 τῆς
2780 3902 3152 3976 καθαιρέσεως
3200 3906 3294 3959 τοῦ
3351 3907 3538 3960 κοινοῦ
3584 3908 3681 3959 τῶν

2109 3987 2428 4043 ἐπισκόπων
2457 3992 2714 4061 συλλόγου
2743 4011 2801 4047 τε
2832 3997 2926 4049 καὶ
2957 3997 3050 4050 τοῦ
3100 3997 3343 4060 κανόνος.
3385 3999 3582 4069 Ὅμως
3619 4000 3681 4052 τὰ

2111 4079 2238 4149 περὶ
2284 4079 2600 4152 Μαρκέλλου
2644 4085 2724 4147 είς
2763 4086 2910 4155 ἡμᾶς
2955 4086 3177 4140 ἐλθόντα
3223 4087 3410 4144 ταῦτα.
3447 4090 3681 4161 ’Πρόμην

2107 4166 2163 4219 δὲ
2195 4168 2354 4233 αὐτὸς
2375 4169 2486 4238 ἐγὼ
2513 4173 2687 4244 χρόνῳ
2718 4175 2825 4226 τινὶ
2857 4175 2946 4227 τὸν
2978 4177 3290 4249 μακαρίτην
3316 4179 3510 4232 πάπαν
3533 4180 3680 4232 Ἀθα-

2107 4260 2289 4314 νάσιον
2352 4263 2480 4334 περὶ
2537 4264 2728 4318 τούτου
2759 4265 2855 4320 τοῦ
2906 4269 3250 4338 Μαρκέλλου,
3287 4269 3406 4334 πῶς
3457 4271 3525 4324 ἂν
3573 4270 3678 4342 ἔχοι

2037 4384 2078 4436 D
2111 4353 2237 4423 περὶ
2275 4354 2460 4408 αὐτοῦ.
2500 4357 2558 4409 '0
2581 4353 2636 4410 δὲ
2673 4356 2796 4411 οὔτε
2845 4360 3380 4432 ὑπεραπελογήσατο,
3428 4362 3554 4416 οὔτε
3584 4365 3676 4419 πά-

2107 4441 2188 4494 λιν
2217 4444 2353 4515 πρὸς
2397 4447 2561 4501 αὐτὸν
2616 4449 2870 4518 ἀπεχθῶς
2905 4451 3124 4522 ἠνέχθη·
3158 4452 3315 4522 μόνον
3345 4453 3402 4506 δὲ
3451 4453 3539 4507 διὰ
3588 4452 3673 4507 τοῦ

2109 4535 2396 4604 προσώπου
2431 4537 2709 4606 μειδιάσας
2745 4541 3008 4611 ὑπέφηνε,
3030 4543 3331 4614 μοχθηρίας
3365 4543 3442 4616 μὴ
3468 4547 3674 4618 μακράν

2106 4625 2266 4679 αὐτὸν
2291 4622 2451 4692 εἶναι,
2483 4630 2579 4682 καὶ
2614 4630 2688 4694 ὡς
2713 4632 3190 4705 ἀπολογησάμενον
3223 4633 3355 4707 εἶχε.

2175 4892 2248 4943 E'.
2289 4893 2686 4966 Παραθήσομαι
2723 4899 2780 4950 οὲ
2820 4899 2977 4953 άτινά
3004 4918 3150 4964 τινες
3177 4902 3427 4972 εὑρόντες
3475 4906 3535 4956 ὲν
3567 4907 3672 4967 τοῖς

2102 4980 2270 5033 αὐτοῦ
2306 4982 2626 5052 Μαρκέλλου
2679 4990 3066 5059 συντάγμασιν,
3103 4990 3138 5044 ἀ
3171 4991 3342 5044 ἐδόκει
3376 4993 3671 5066 ἐπιλήψιμα

2103 5073 2284 5133 αὐτοῖς
2317 5072 2624 5140 φαίνεσθαι,
2662 5079 2805 5148 ’πρὸς
2852 5078 2910 5131 ὃν
2949 5081 3355 5151 ἀποτεινόμενοι
3391 5085 3483 5136 καὶ
3528 5084 3671 5136 αὐτοὶ

2102 5163 2541 5229 άντισυνέταξαν.
2559 5168 2694 5221 Ὑπὸ
2726 5169 2782 5222 δὲ
2806 5171 2980 5224 ἄλλων
3005 5173 3166 5239 πάλιν
3182 5174 3296 5246 (56)
3323 5175 3408 5228 διὰ
3426 5176 3485 5229 τὸ
3504 5177 3626 5237 τοὺς
3652 5178 3671 5207 ⁸

2100 5254 2610 5322 ἀντισυντάξαντας,
2651 5260 2874 5333 ὕστερον
2907 5267 2986 5326 είς
3019 5264 3147 5319 ἄλλο
3183 5267 3486 5336 τραπέντας
3531 5268 3657 5336 ἐλέγ-

1615 5386 1634 5414 ⁸
1656 5383 1813 5440 Joan.
1841 5403 1950 5449 xw,
1988 5390 2006 5442 ἒ

2120 5391 2140 5419 ⁴
2169 5391 2228 5446 F.
2259 5395 2418 5466 πέρα.
2497 5398 2518 5426 ⁸
2547 5397 2608 5450 F.
2639 5396 2788 5452 ἄλλοι
2811 5398 2867 5451 δὲ
2900 5400 3062 5452 πάλιν
3089 5400 3179 5455 διὰ
3205 5402 3351 5465 τούς.
3382 5401 3561 5487 Locus
3587 5403 3668 5456 hic

2108 5579 2310 5651 autem,
2340 5588 2478 5641 quos
2515 5575 2784 5651 nominat,
2826 5575 3049 5651 Acacio,
3086 5577 3310 5640 Basilio,
3337 5577 3576 5651 Georgio
3609 5599 3666 5634 at.

2111 5644 2357 5710 reliquis,
2380 5652 2571 5714 agetur
2600 5647 2654 5698 in
2687 5650 2934 5718 sequenti
2964 5648 3153 5704 haeresi
3191 5650 3455 5708 pluribus.
