3798 6212
134 265 232 322 589

790 261 1154 319 ADVERSUS
1189 263 1529 321 ΗΕΒΕὸεὸ
1566 263 1676 320 LIB

1783 263 1826 319 Ι.
1855 264 2019 322 ΤΟΜ.
2057 267 2098 322 Ι.
2132 298 2202 308 -
2226 266 2498 324 ΗΑΞΒΕδ.
2539 269 2756 328 LXXII.

3277 274 3386 330 390

133 397 223 452 χου
254 378 427 449 χάριν,
461 378 526 430 τά
565 379 1053 450 ἀντισυνταχθέντα
1089 381 1182 436 ὑπ’
1209 375 1390 437 αὐτῶν
1415 381 1678 454 προϐαλλέ

1811 392 1999 452 postea
2047 386 2354 442 contrarias
2407 388 2473 443 ad
2523 400 2718 459 partes
2747 390 3132 460 desciverunt,
3188 394 3384 453 borum

134 488 277 543 μενοι
307 469 594 534 ἐδείκνυον,
626 470 718 523 κα)⁵
745 472 804 523 έν
833 474 946 534 τοῖς
971 473 1120 540 σφῶν
1150 473 1327 526 αὐτῶν
1359 474 1697 543 συντάγμασι

130 560 266 615 κατά
296 561 392 622 τάς
441 560 739 630 λεγομένας
778 561 1074 632 διαιρέσεις
1122 563 1392 632 άναμέσον
1432 563 1540 615 τῶν
1573 563 1700 634 περὶ

140 651 379 704 ’Δκάκιον
409 651 502 703 καὶ
535 651 813 704 Βασίλειον
844 653 935 705 τὸν
995 653 1241 724 Γαλάτην
1280 655 1373 708 καὶ
1431 654 1699 726 Γεὼργιον

128 743 210 796 τὸν
245 743 561 806 Λαοδικείας
607 737 932 814 ἐποιήσαντο
986 746 1122 823 πρὸς
1159 747 1376 816 ἔλεγχον
1405 747 1500 801 τοῦ
1531 745 1697 800 αὑτοῦ

137 835 404 888 Ἀκακίου.
460 829 626 899 Οὗτος
657 838 764 906 γὰρ
788 832 854 906 ἦν
898 840 926 890 6
951 838 1058 891 ἀπὸ
1097 838 1192 892 τοῦ
1222 839 1540 909 Μαρκέλλου
1573 857 1697 893 συν-

123 929 408 998 ταγμάτων
464 929 607 984 κατά
661 931 982 1002 Μαρκέλλου
1035 931 1226 994 εἰπὼν,
1279 935 1365 987 ἵνα
1417 937 1478 987 ὲν
1530 937 1696 988 πᾶσιν

121 1022 274 1090 ἡμεῖς
297 1021 396 1091 τῆς
425 1021 680 1093 ἀληθείας
722 1025 888 1094 μηδὲν
933 1026 1369 1096 παραλείψαντες
1410 1027 1692 1098 δείξωμεν,

121 1113 195 1165 ὅτι
220 1111 344 1167 οὔτε
376 1116 725 1185 ἀπευχόμεθα
756 1117 824 1168 τὰ
853 1118 988 1189 πρὸς
1019 1118 1326 1189 διόρθωσιν,
1359 1118 1480 1172 οὔτε
1514 1138 1694 1174 συναι-

121 1208 224 1257 νεῐν
246 1205 547 1275 βουλόμεθα
569 1211 680 1270 τοῖς
703 1225 754 1260 τι
791 1209 942 1278 παρά
965 1192 1032 1260 τὸ
1051 1209 1300 1279 ἀληθινὸν
1338 1210 1693 1283 ἐπιχειροῦσι.

122 1297 220 1348 Καὶ
267 1296 386 1348 ἐστι
437 1297 610 1349 ταῦτα
640 1300 703 1351 ἐκ
731 1299 828 1368 τῆς
864 1300 1118 1352 Ἀκακίου
1151 1299 1304 1369 Πρὸς
1339 1300 1697 1370 Μάρκελλον

120 1387 422 1458 ἀντιλογίας
451 1390 600 1443 τάδε’

539 1501 729 1556 Ταῦτα
767 1502 864 1556 διὰ
893 1503 1272 1571 Μαρκέλλου.

181 1615 268 1679 (Γ.
303 1613 495 1668 Ταῦτα
522 1615 620 1685 μὲν
649 1611 740 1668 οῦν
760 1616 854 1669 κα)⁹
880 1615 948 1670 τὰ
975 1617 1198 1670 τοιαῦτα
1234 1618 1344 1686 (57)
1363 1617 1460 1689 τὴν
1489 1619 1693 1691 παρεξ-.

118 1708 304 1776 ήτησιν
354 1708 464 1759 τῶν
514 1709 593 1772 εἰς
624 1709 722 1771 τὰς
767 1709 1075 1780 Παροιμίας
1129 1709 1309 1782 ῥητῶν
1341 1711 1619 1782 γέγραφεν
1665 1714 1694 1764 6
1725 1746 1764 1801 Β

117 1798 447 1870 Μάρκελλος,
476 1800 652 1854 λαλῶν
675 1819 734 1855 τε
784 1801 926 1854 κατά
969 1802 1062 1854 τοῦ
1101 1801 1235 1854 Θεοῦ
1264 1802 1497 1865 ἀδικίαν,
1531 1803 1690 1856 ἐπαί-

118 1907 218 1958 ρων
242 1889 298 1942 δὲ
328 1891 410 1953 είς
435 1889 568 1958 ὕψος
600 1891 660 1944 τὸ
703 1891 872 1962 κέρας
901 1891 1085 1955 αὑτοῦ,
1125 1893 1412 1962 γενόμενος
1441 1893 1580 1963 ὑπὲρ
1620 1893 1688 1946 τὰ

117 1981 247 2050 μέσα
274 1981 373 2033 τοῦ
394 1981 620 2052 βιὸλίου,
644 1982 738 2034 καὶ
761 1983 921 2036 πάλιν
947 1982 1060 2046 θεὶς
1083 1981 1357 2054 Ἀστερίου
1374 1985 1441 2038 τά
1461 1983 1685 2052 λέγοντα

116 2073 343 2140 ῥήματα·
383 2091 400 2123 ι
443 2071 634 2136 Ἀλλος
663 2077 760 2144 μὲν
786 2075 894 2143 γάρ
915 2075 1062 2127 ἐστιν
1097 2076 1126 2128 6
1157 2075 1345 2146 Πατὴρ
1372 2078 1400 2129 6
1421 2077 1685 2147 γεννήσας

113 2163 165 2227 ἐξ
183 2163 380 2216 ἑαυτοῦ
409 2164 500 2219 τὸν
545 2165 805 2238 μονογενῆ
840 2167 1031 2235 Λόγον,
1061 2169 1154 2221 καὶ
1208 2169 1550 2241 πρωτότοκον
1580 2171 1678 2224 πά-

114 2269 203 2321 σης
232 2255 486 2318 κτίσεως,
532 2256 689 2326 μόνος
722 2256 902 2327 μόνον,
937 2257 1139 2322 τέλειος
1175 2259 1397 2325 τέλειον,
1431 2261 1684 2332 βασιλεὺς

113 2342 340 2410 βασιλέα,
385 2346 587 2416 Κύριος
620 2347 845 2419 Κύριον,
879 2347 1011 2413 Θεὸς
1044 2349 1197 2414 Θεὸν,
1235 2352 1423 2415 οὐσίας
1449 2370 1531 2415 τε,
1588 2355 1681 2408 καὶ

114 2432 314 2504 βουλῆς,
359 2435 780 2506 καὶδυνάμεως,
841 2438 934 2491 καὶ
963 2438 1122 2510 δόξης
1149 2440 1564 2512 ἀπαράλλακτον
1601 2446 1680 2496 εί-

111 2523 248 2577 κόνα.
291 2544 308 2575 ι
341 2525 472 2589 Θεὶς
499 2523 593 2580 οὖν
613 2527 784 2582 ταῦτα
810 2529 904 2582 καὶ
924 2529 1288 2602 δυσχεραίνων
1321 2533 1458 2605 πρὸς
1485 2535 1582 2605 τὴν
1607 2537 1682 2588 εί-

111 2614 231 2666 κόνα
272 2614 381 2684 τὴν
421 2616 858 2686 ἀπαράλλακτον,
906 2621 1152 2673 τουτέστι
1184 2621 1247 2674 τὸ
1301 2622 1533 2677 ἔκτυπον
1583 2625 1678 2678 καὶ

110 2705 288 2774 τρανὲς
335 2708 631 2776 ἐκμαγεῖον
685 2709 780 2762 τοῦ
832 2710 967 2764 Θεοῦ
1017 2712 1118 2782 τῆς
1167 2713 1359 2776 οὐσίας
1430 2715 1524 2768 καὶ
1570 2715 1678 2770 τῶν

113 2797 242 2868 ἑξῆς.
272 2800 488 2870 φαύλην
532 2801 714 2856 καλῶν
762 2803 860 2873 τὴν
897 2804 1167 2876 ὑπόληψιν
1200 2805 1421 2881 ταύτην,
1454 2811 1678 2862 ἐπισυν-

112 2891 256 2944 άπτει
273 2892 373 2962 τὴν
401 2893 796 2966 δυσαρέστησιν
821 2895 1008 2962 αὐτοῦ,
1033 2897 1261 2968 γράφων
1283 2891 1406 2952 ὦδε·
1447 2917 1465 2950 ι
1495 2900 1678 2954 Ταῦτα

111 2985 170 3038 τά
201 2988 421 3057 ῥήματα
457 2985 644 3056 σαφῶς
665 2988 764 3060 τὴν
803 2989 998 3043 ἑαυτοῦ
1029 2990 1239 3061 φαύλην
1272 2994 1400 3064 περὶ
1427 2991 1677 3065 θεότητος

113 3078 306 3147 ἐλέγχει
321 3078 505 3145 δόξαν.
532 3080 655 3144 Πῶς
676 3081 782 3152 γὰρ
816 3083 844 3134 6
874 3081 1078 3154 Κύριος
1112 3083 1206 3136 καὶ
1226 3083 1356 3148 Θεὸς
1375 3085 1674 3157 γεννηθεὶς,
1705 3107 1746 3162 ρ

113 3170 177 3233 ὡς
213 3171 376 3234 αὐτὸς
412 3171 704 3243 προλαϐὼν
757 3172 881 3245 ἔφη.
925 3174 1149 3228 δύναται
1200 3176 1280 3230 ἔτι
1329 3177 1492 3231 είκὼν
1542 3177 1676 3232 Θεοῦ

111 3257 262 3327 εἷναι;
298 3264 530 3333 Ἕτερον
578 3265 685 3336 γάρ
716 3265 850 3318 Θεοῦ
883 3266 1086 3336 ,είκὼν,
1139 3269 1232 3322 καὶ
1285 3269 1470 3340 ἕτερον
1523 3269 1676 3336 Θεός.

111 3353 257 3406 Ὥστε
287 3355 336 3407 εί
371 3356 476 3425 μὲν
505 3355 688 3420 εἰκὼν,
723 3358 782 3410 οὐ
835 3357 1058 3429 Κύριος,
1106 3359 1227 3413 οὐδὲ
1261 3359 1412 3426 Θεὸς,
1442 3360 1555 3414 ἀλλ’
1596 3361 1679 3416 tl-

110 3444 208 3498 κὼν
231 3446 440 3516 Κυρίου
481 3448 574 3501 καὶ
597 3448 752 3502 Θεοῦ’
787 3453 837 3504 εί
865 3450 922 3504 δὲ
977 3451 1181 3524 Κύριος
1205 3452 1374 3517 ὅντως
1417 3455 1512 3508 καὶ
1545 3455 1679 3519 Θεὸς

109 3535 286 3602 ὅντως,
323 3539 518 3593 οὐκέτι
550 3541 579 3594 6
610 3540 814 3614 Κύριος
847 3543 939 3595 καί
969 3543 1101 3607 Θεὸς
1127 3543 1292 3598 είκὼν
1340 3545 1546 3616 Κυρίου
1584 3547 1678 3600 καὶ

107 3629 226 3682 Θεοῦ
243 3626 381 3685 εἶναι
406 3632 650 3686 δύναται.
684 3654 702 3686 ο
737 3635 846 3688 Καὶ
873 3634 1018 3705 ἐξῆςο
1050 3654 1068 3688 ι
1102 3635 1270 3690 Οὐδὲν
1296 3633 1389 3690 οὖν
1415 3636 1576 3692 αὑτὸν
1600 3631 1676 3694 ὧν

109 3726 351 3792 προεῖπον
378 3723 520 3778 εἶναι
555 3725 820 3797 βούλεται.
867 3727 1227 3804 Πάντωςγάρ
1253 3729 1456 3784 τούτων
1489 3730 1674 3784 είκόνα

108 3814 252 3867 αὑτὸν
287 3811 432 3870 εἶναι
479 3817 647 3886 λέγει.
681 3817 888 3871 Οὐκοῦν
922 3820 970 3872 εί
993 3819 1180 3884 οὐσίας
1210 3820 1358 3874 ἐστὶν
1395 3821 1578 3886 είκὼν,
1609 3823 1672 3877 οὑ

106 3903 310 3960 δύναται
355 3907 650 3961 αὐτοουσία
690 3903 849 3961 εἶναι·
882 3909 976 3962 καὶ
1010 3911 1059 3962 εί
1090 3909 1286 3981 βουλῆς
1308 3912 1454 3966 ἐστιν
1483 3912 1669 3978 εἰκὼν,

106 3995 272 4049 οὐκέτι
331 3997 636 4069 αὑτοὸουλὴ
694 3993 830 4052 εἶναι
867 3999 1110 4054 δύναταιο
1161 4001 1256 4054 καὶ
1296 4002 1344 4054 εί
1390 4002 1672 4074 δυνάμεως

107 4087 273 4152 εἰκὼν,
302 4089 493 4142 οὐκέτι
548 4089 800 4161 δύναμις
837 4092 932 4145 καὶ
973 4093 1021 4144 εί
1073 4091 1232 4162 δόξης
1270 4091 1452 4158 είκὼν,
1488 4094 1669 4148 οὐκέτι

106 4179 237 4246 δόξα.
300 4182 367 4235 Ἦ
400 4183 513 4253 γάρ
544 4182 708 4238 εἰκὼν
740 4184 837 4254 οὐχ
869 4184 1087 4256 ἑαυτῆς,
1129 4184 1242 4238 ἀλλ’
1294 4185 1479 4256 ἐτέρου
1525 4185 1670 4250 τινός

108 4274 234 4326 ἐστι.
270 4295 288 4325 ι

168 4538 233 4588 Ζ’.
265 4534 454 4590 Ταῦτα
482 4535 539 4589 δὲ
575 4537 661 4600 σὺ,
703 4537 1009 4608 Μάρκελλε,
1050 4535 1118 4590 τὰ
1161 4537 1380 4607 ῥήματα
1409 4535 1478 4589 τὰ
1529 4535 1665 4608 πρό-

105 4641 244 4695 τερον
267 4629 562 4689 ἐπαινέσας
590 4629 648 4678 ὲν
680 4627 820 4698 ἀρχῇ
852 4627 944 4680 τοῦ
979 4627 1204 4697 βιϐλίου,
1237 4626 1332 4680 νῦν
1353 4627 1409 4681 δὲ
1437 4627 1669 4699 ἀρνησά-

112 4737 248 4786 μενος
268 4721 356 4772 τὸν
387 4719 524 4773 Θεὸν
553 4721 618 4772 ὲκ
647 4717 780 4772 Θεοῦ
807 4721 976 4790 Λόγον
1002 4721 1130 4774 ὄντα
1151 4722 1242 4774 τὸν
1270 4721 1415 4783 Υίὸν,
1450 4721 1544 4773 καὶ
1572 4719 1668 4790 μόο

109 4827 180 4862 νον
202 4811 261 4863 ὲκ
288 4811 476 4881 μόνου,
509 4811 604 4864 καὶ
629 4811 832 4863 τέλειον
860 4812 923 4865 ὲκ
952 4813 1180 4876 τελείου,
1210 4812 1395 4881 σαφῶς
1415 4812 1512 4881 τὴν
1529 4811 1665 4879 φαῦ-

108 4901 190 4970 λην
221 4921 310 4956 σου
344 4905 478 4973 περὶ
522 4904 774 4976 θεότητος
807 4903 1038 4974 ἤλεγξας
1075 4904 1251 4970 δόξαν.
1285 4902 1390 4956 Τοῦ
1419 4903 1526 4974 γὰρ
1560 4903 1664 4956 Βα-

111 4991 278 5056 σιλέως
306 4995 400 5046 τοῦ
457 4994 694 5065 μεγάλου
741 4995 840 5064 τὴν
892 4995 1077 5048 εἰκόνα
1108 4993 1306 5052 λαῦὼν,
1357 4991 1532 5063 ἀζωτᾳ
1568 4993 1663 5045 καὶ

108 5084 353 5154 ἀθεότητι,
387 5087 619 5158 ἀϐουλίᾳ
658 5105 716 5139 τε
750 5087 841 5140 καὶ¹
887 5087 1179 5156 ἀδυναμίᾳ,
1212 5085 1305 5138 καὶ
1337 5084 1538 5154 ἀδοξίᾳ,
1567 5084 1660 5138 καὶ

108 5174 172 5241 τῷ
201 5178 446 5246 ἀνουσίῳ,
479 5177 842 5247 ἐκτετμῆσθαι
872 5178 969 5249 τὴν
995 5176 1213 5230 ἀνοσίαν
1241 5173 1466 5244 ῶφειλες
1492 5174 1660 5244 γλῶτο

181 5355 196 5384 ¹
221 5354 331 5409 Coi.
365 5373 402 5422 l,
438 5357 520 5411 l5.

165 5533 268 5586 i3?)
314 5536 429 5586 Τ(ιῦ

165 5532 268 5602 (37)
314 5536 506 5590 Ταῦτα
549 5537 666 5606 μὲν
707 5532 820 5591 οὖν
866 5539 961 5591 καί
1000 5536 1072 5590 τὰ
1099 5539 1360 5591 τοιαῦτα.
1406 5535 1654 5591 Asterius

111 5604 329 5676 sophista
376 5608 745 5660 Christianam
809 5607 966 5662 ﬁdem
1035 5609 1336 5676 amplexus,
1395 5607 1654 5660 nonnulla

109 5674 376 5742 :eripserat
411 5677 628 5731 Arianae
659 5678 894 5752 perﬁdiae
929 5674 1316 5733 consentanea.
1354 5677 1484 5745 Qum
1531 5692 1652 5730 eum

1803 475 2046 544 ipsorum
2094 478 2504 536 lucubrationes
2558 480 2799 538 refutare
2845 487 3086 556 aggressi
3129 497 3290 554 sunt,
3326 489 3380 544 in

1801 565 2002 632 quibus
2058 567 2308 636 volgatas
2357 569 2478 624 illas
2557 571 2853 628 divisiones
2923 576 3180 631 Acacium
3239 578 3384 632 inter

1806 664 1860 710 et
1888 655 2148 712 Basilinm
2175 657 2424 714 Galatam
2471 670 2526 716 et
2583 661 2876 734 Georgium
2907 665 3268 724 Laodicenum
3295 686 3381 726 re-

1801 746 2014 803 futandi
2049 748 2236 804 Acacii
2272 766 2437 807 causa
2474 754 2695 824 scriptis
2739 758 3091 815 mandarunt.
3147 759 3247 816 llic
3293 768 3379 818 est

1796 837 1942 889 enim
1972 837 2061 892 ille
2085 879 2100 901 ,
2129 839 2220 908 qui
2255 839 2569 896 Marcellum
2606 861 2672 898 ex
2704 846 2990 915 ipsinsmet
3019 850 3176 905 libris
3221 867 3378 908 coar-

1799 927 1946 996 guit:
1981 944 2102 998 qua:
2129 946 2230 986 nos
2256 931 2380 986 ideo
2411 937 2823 1004 preposuimus,
2856 955 2924 994 ne
2947 942 3232 997 veritatem
3267 946 3371 999 ali-

1797 1033 1906 1087 qua
1937 1035 2003 1074 ex
2057 1030 2213 1089 parte
2258 1025 2589 1092 praeteriisse
2628 1027 2911 1082 videamur
2935 1070 2948 1091 ,
2986 1033 3242 1100 quoniam
3275 1050 3374 1088 ne-

1797 1125 1903 1178 que
1935 1111 2002 1165 de
2031 1113 2410 1169 emendatione
2442 1114 2797 1186 desperemus
2818 1161 2832 1184 ,
2887 1137 2984 1175 nec
3012 1123 3077 1176 iis
3111 1125 3371 1180 assentiri

1797 1200 2082 1266 volumus,
2134 1204 2227 1273 qui
2270 1215 2540 1276 utcunque
2573 1223 2603 1259 a
2645 1212 2869 1265 veritate
2901 1212 3208 1269 discedunt.
3243 1215 3373 1282 Quae

1797 1303 2102 1363 sequuntur
2155 1297 2319 1366 igitur
2368 1313 2434 1352 ex
2491 1300 2679 1354 Acacii
2733 1306 3130 1360 commentario
3186 1318 3375 1364 contra

1797 1382 2112 1438 Marcellum
2150 1389 2550 1458 excerpsimus.

1934 1500 2102 1571 838
2155 1501 2238 1554 Ea:
2271 1504 2456 1559 Acacii
2499 1505 2631 1560 libro
2672 1518 2859 1564 contra
2891 1509 3224 1568 Marcellum.

1864 1609 1954 1665 Vl.
1993 1610 2118 1666 Haec
2148 1621 2201 1668 et
2231 1612 2318 1668 his
2351 1614 2548 1670 similia
2582 1614 2867 1673 Marcellus
2904 1621 3150 1689 quaedam
3178 1632 3366 1678 contra

1797 1703 1964 1759 Deum
2005 1707 2187 1776 iniqua
2225 1709 2472 1778 gari-iens
2499 1749 2514 1774 ,
2545 1718 2598 1764 et
2630 1711 2682 1764 in
2715 1712 2950 1768 sublime
2983 1729 3156 1770 cornu
3200 1733 3363 1771 suum

1792 1797 2026 1868 erigens,
2056 1810 2178 1864 post
2210 1815 2364 1854 suam
2389 1801 2537 1856 illam
2567 1801 2985 1858 Proverbiornm
3017 1807 3364 1876 depravatio-

1791 1902 1913 1939 nem
1951 1889 2131 1957 potius
2155 1928 2171 1952 ,
2207 1905 2368 1959 quam
2403 1890 2910 1963 interpretationem
2946 1896 3247 1964 subjunxit.
3285 1899 3362 1953 Ac

1791 1977 2026 2045 primum
2081 1979 2195 2034 bzec
2233 1981 2434 2036 Asterii
2479 1983 2641 2038 verba
2671 1985 2969 2054 proponit:
3016 2005 3033 2037 ι
3076 1986 3228 2042 Alius
3278 1997 3362 2043 est

1789 2071 1933 2124 enim
1960 2069 2156 2136 Pater,
2207 2073 2298 2140 qui
2330 2073 2553 2130 unicum
2586 2090 2654 2130 ex
2684 2076 2867 2146 seipse
2895 2075 3093 2131 Filium
3125 2079 3361 2135 Verbum

1787 2158 2011 2226 genuit,
2042 2161 2461 2231 primogenitum
2493 2173 2757 2217 creaturae
2786 2165 2965 2221 omnis
3003 2167 3044 2231 ⁸,
3081 2169 3233 2224 solus
3264 2184 3360 2226 so-

1789 2249 1901 2307 lum
1927 2291 1940 2315 ,
1976 2250 2252 2320 perfectus
2285 2254 2585 2323 perfectum
2613 2295 2627 2316 ,
2673 2269 2766 2308 rex
2814 2271 3028 2327 regem,
3095 2257 3358 2319 Dominus

1791 2337 2074 2394 Dominum
2104 2382 2118 2407 ,
2157 2341 2300 2398 Deus
2350 2342 2547 2409 Deum,
2587 2344 2840 2400 essentia:
2887 2348 3213 2420 consiliique
3270 2353 3358 2406 sui

1787 2445 1852 2484 ac
1877 2430 2096 2486 virtutis
2131 2443 2179 2487 et
2210 2433 2394 2504 gloriae
2435 2437 2585 2490 nulla
2612 2437 2664 2490 in
2701 2451 2760 2490 re
2788 2437 3188 2510 discrepantem
3221 2443 3359 2498 ima-

1784 2521 1986 2589 ginem.
2017 2541 2035 2573 ι
2075 2521 2285 2588 Quibus
2309 2524 2363 2579 in
2412 2527 2650 2581 medium
2683 2529 2956 2595 adductis,
2989 2533 3092 2586 boc
3131 2533 3357 2602 potissi-

1785 2625 1934 2664 mum
1965 2613 2226 2677 oﬂ‘ensus.
2257 2616 2402 2685 quod
2433 2619 2581 2672 nulla
2612 2619 2667 2672 in
2697 2635 2754 2676 re
2788 2621 3184 2692 discrepantem
3219 2625 3356 2678 ima-

1784 2702 1963 2770 ginem
2021 2706 2326 2775 appellarit,
2357 2708 2460 2764 hoc
2486 2718 2570 2764 est
2605 2709 2802 2766 divina:
2827 2714 3078 2768 essentia:
3101 2730 3165 2769 ac
3189 2726 3352 2771 cazte-

1783 2809 1971 2849 rorum
1992 2799 2233 2851 omnium
2264 2814 2578 2870 expressam
2605 2811 2659 2857 et
2706 2805 3009 2860 evidentem
3039 2805 3350 2876 imaginem,

1783 2883 2094 2939 istiusmodi
2158 2888 2482 2943 sententiam
2541 2889 2952 2961 improbandam
3003 2909 3132 2950 esse
3173 2896 3348 2963 dicit;

1783 2983 1942 3045 atque
1970 2975 2122 3031 hisce
2159 2977 2362 3040 verbis,
2408 2990 2672 3049 quantum
2731 2981 2834 3037 sibi
2885 2983 2972 3037 illa
3002 2984 3349 3054 displiceant,

1782 3067 2020 3123 ostendit
2041 3085 2054 3122 :
2081 3087 2098 3119 ι
2125 3066 2250 3123 Haec
2265 3071 2466 3126 Asterii
2493 3072 2657 3127 verba
2689 3073 2972 3130 manifeste
2986 3091 3204 3145 pravam
3229 3078 3350 3148 ejus

1779 3160 1846 3211 (ξε
1879 3156 2160 3212 divinitate
2195 3161 2519 3214 sententiam
2549 3171 2805 3234 arguunt.
2842 3163 3053 3219 Etenim
3092 3168 3184 3236 qui
3235 3168 3348 3223 ﬁeri

1776 3256 1989 3318 potest,
2033 3257 2093 3304 ut
2124 3249 2382 3308 Dominus
2421 3266 2486 3307 ac
2524 3252 2668 3310 Deus
2691 3255 2821 3319 ille,
2851 3256 2946 3326 qui
2993 3257 3064 3313 sit
3111 3260 3348 3328 genitus,

1778 3348 1839 3393 ut
1888 3340 2117 3410 ipsemet
2163 3349 2325 3398 antea
2377 3346 2618 3416 scripsit,
2654 3345 2749 3402 Dei
2798 3348 2976 3419 imago
3021 3354 3350 3408 censeatur?

1775 3431 1938 3490 Aliud
1981 3430 2126 3486 enim
2165 3440 2254 3488 est
2285 3433 2465 3505 imago
2509 3433 2645 3503 Dei;
2683 3437 2832 3492 aliud
2873 3437 3032 3496 Deus.
3075 3440 3254 3506 Quare
3301 3445 3348 3498 si

1778 3525 1960 3596 imago
1995 3522 2091 3580 Dei
2138 3532 2262 3593 est,
2293 3541 2406 3582 non
2454 3535 2539 3582 est
2567 3527 2866 3595 Dominus,
2907 3539 2999 3585 aut
3033 3531 3210 3596 Deus,
3251 3537 3346 3591 sed

1774 3616 1952 3686 imago
1985 3614 2198 3672 Domini
2245 3631 2310 3672 ac
2341 3616 2454 3673 Dei.
2489 3617 2584 3673 Sin
2630 3634 2818 3675 revera
2847 3621 3111 3678 Dominus
3159 3634 3254 3681 est,
3282 3641 3347 3680 ac

1773 3706 1947 3773 Deus,
1979 3709 2072 3778 qui
2105 3708 2373 3777 ejusmodi
2402 3719 2522 3775 est,
2555 3708 2645 3765 Dei
2677 3725 2740 3769 ac
2771 3711 2979 3765 Domini
3015 3713 3192 3784 imago
3224 3731 3348 3772 esse

1770 3814 1881 3854 non
1910 3807 2109 3868 potest.
2153 3819 2172 3852 ι
2203 3799 2398 3854 Subdit
2424 3810 2652 3869 postea:
2687 3819 2705 3852 ι
2727 3801 2871 3856 hihi!
2910 3803 3077 3874 igitur
3128 3805 3343 3860 illorum

1771 3907 1892 3960 qua:
1923 3891 2058 3956 dixi,
2093 3907 2216 3946 esse
2248 3900 2404 3962 putat
2438 3892 2639 3961 ipsum,
2675 3907 2800 3946 cum
2833 3907 3022 3947 eorum
3053 3893 3344 3965 imaginem

1770 3998 1893 4039 esse
1921 3983 2162 4038 deﬁniat.
2194 3981 2346 4038 Unde
2369 3984 2414 4038 si
2448 3984 2724 4048 essentiac,
2757 3984 2907 4040 verbi
2929 3985 3124 4055 gratia,
3167 3985 3346 4056 imago

1771 4075 1875 4141 sit;
1910 4075 2144 4145 ipsamet
2197 4077 2437 4130 essentia
2465 4089 2575 4130 non
2609 4076 2750 4140 erit,
2805 4091 2982 4145 neque
3028 4078 3074 4131 si
3127 4078 3342 4131 consilii

1771 4167 1842 4221 sit
1891 4167 2110 4236 imago,
2144 4167 2441 4236 ipsummet
2501 4181 2624 4222 esse
2677 4167 2970 4221 consilium
3026 4169 3247 4237 poterit.
3285 4169 3340 4222 Si

1768 4259 1987 4312 virtutis
2010 4266 2094 4314 est
2115 4259 2323 4328 imago,
2354 4260 2529 4314 virtus
2554 4276 2662 4312 non
2693 4266 2777 4314 est
2805 4275 2819 4323 ;
2854 4275 3030 4328 neque
3056 4260 3225 4329 gloria
3245 4299 3260 4324 ,
3295 4260 3341 4314 si

1770 4349 1937 4418 hujus
1966 4350 2144 4420 imago
2177 4351 2267 4404 sit.
2300 4349 2482 4420 Imago
2510 4350 2656 4405 enim
2690 4364 2799 4403 non
2839 4350 2944 4412 sui,
2976 4349 3070 4405 sed
3111 4350 3342 4418 alicujus

1696 4443 1741 4498 D
1771 4443 2001 4497 alterius
2024 4450 2162 4497 est»

1849 4531 1954 4586 VII.
1987 4533 2112 4588 Haec
2147 4541 2236 4596 tu,
2266 4532 2518 4588 Marcelle
2545 4572 2559 4596 ,
2590 4533 2747 4587 verba
2771 4572 2786 4597 ,
2820 4549 2943 4587 cutn
2986 4542 3144 4588 antea
3189 4532 3343 4587 initio

1771 4626 1892 4680 libri
1919 4626 2339 4692 collaudaveris,
2369 4639 2513 4680 nunc
2539 4633 2717 4680 autem
2743 4624 3036 4680 inﬁcieris:
3064 4625 3337 4690 nimirum,

1773 4717 1940 4772 Deum
1992 4734 2058 4773 ex
2107 4717 2218 4773 Deo
2246 4715 2486 4772 Verbum
2537 4732 2659 4773 esse
2690 4716 2882 4772 Filium
2910 4755 2925 4780 ,
2972 4725 3026 4772 et
3057 4717 3233 4771 solum
3273 4731 3340 4770 ex

1771 4811 1909 4875 solo,
1943 4819 1995 4864 et
2024 4826 2086 4865 ex
2117 4810 2357 4880 perfecto
2386 4810 2709 4880 perfectum,
2750 4810 3036 4880 perspicue
3062 4809 3338 4863 sinistram

1770 4910 1919 4954 tuam
1953 4903 2020 4956 de
2048 4901 2332 4956 divinitate
2361 4901 2684 4955 sententiam
2717 4899 2940 4970 detegis.
2965 4897 3210 4966 Cumque
3233 4910 3340 4949 ma-

1767 4995 1858 5063 gni
1893 4993 2057 5063 Regis
2078 4993 2386 5063 .imaginem
2417 4994 2642 5061 capiens
2676 4992 2782 5044 vita
2804 5031 2820 5054 ,
2854 4990 3136 5044 divinitate
3162 5028 3178 5052 ,
3211 5002 3341 5042 con-

1766 5085 1928 5147 sitio,
1977 5085 2248 5153 potentia,
2291 5083 2462 5153 gloria
2483 5122 2498 5146 ,
2529 5082 2766 5137 essentia
2795 5081 3028 5149 denique
3062 5078 3336 5148 spoliaris,

1765 5176 1965 5246 dignus
2016 5191 2110 5240 es,
2169 5175 2334 5245 839
2381 5175 2468 5228 cui
2524 5174 2687 5243 impia
2746 5173 2929 5242 lingua
2989 5169 3338 5240 prmeidatur,

549 5537 666 5606 μὲν
707 5530 820 5591 οὖν
866 5539 961 5591 καί
1000 5536 1072 5590 τὰ
1099 5539 1360 5591 τοιαῦτα.
1406 5535 1657 5591 Asterius

1782 5534 2056 5606 'ci'utasset
2083 5532 2388 5606 Marcellus,
2427 5531 2640 5606 longius
2668 5531 2943 5606 progredi,
2970 5539 3028 5606 et
3058 5530 3109 5583 in
3145 5529 3335 5606 Sabel-

1760 5605 1961 5658 lianam
2015 5603 2258 5657 haeresim
2298 5599 2602 5658 desciscere
2646 5599 2797 5656 visus
2845 5609 2948 5656 est.
2992 5599 3122 5666 Qua:
3151 5603 3334 5654 onmia

1758 5675 2144 5730 coniosissime
2180 5673 2346 5727 babes
2399 5673 2450 5725 in
2501 5674 2698 5727 Annal.
2731 5673 3022 5729 ecclesiast.
3065 5673 3332 5743 esposita.
