3798 6212
476 260 579 319 τοι

1892 254 1952 311 S.
1994 253 2339 312 EPIFHANH

3644 268 3744 325 39‘}

478 374 918 449 quandoquidem
966 376 1398 432 consceleratum
1437 376 1491 430 in
1525 374 1697 433 Deum
1747 390 1935 432 vocem
1970 377 2057 447 je-

2170 394 2285 442 ταν,
2309 377 2479 431 εἰπὼν
2514 378 2665 450 ῥῆμα
2694 381 2778 443 εἰς
2806 381 3039 454 Κύριον,
3065 384 3161 438 καὶ
3187 385 3519 458 τελευτήσας
3542 389 3631 452 εἰς
3653 390 3743 458 ψυ-

478 469 642 533 cisti,
694 482 758 522 ac
790 476 900 521 tam
948 467 1277 537 sacrilegum
1327 466 1496 520 animi
1529 480 1752 521 sensum
1784 474 2061 536 postremo

480 557 791 631 prodidisti.
826 555 963 610 Nam
998 558 1091 627 qui
1122 556 1220 613 Dei
1244 558 1542 628 imaginem
1596 564 1801 610 mutam
1844 573 1907 613 ac
1953 559 2061 611 vita

477 657 760 706 carentem
795 648 1025 715 tinxisti,
1068 651 1207 704 hanc
1234 657 1289 702 tu
1326 660 1504 719 neque
1538 647 1854 713 Dominum,
1886 662 2063 719 neque

482 741 649 795 Deum
678 782 693 807 ,
742 756 843 796 nec
874 742 1170 799 essentiam
1191 782 1207 807 ,
1257 740 1703 805 necicousilium,
1740 756 1919 811 neque
1948 741 2063 795 vir-

481 840 651 886 tutem
683 871 698 894 ,
749 848 927 902 neque
976 832 1203 904 gloriam
1253 845 1377 886 esse
1410 830 1661 901 iudicas,
1709 832 1807 888 sed
1864 832 2060 887 horum

480 923 721 978 omnium
752 924 1086 979 immobilem
1111 921 1362 993 efﬁgiem,
1384 937 1507 992 qua:
1535 937 1634 978 nec
1650 924 1861 987 anima,
1888 938 2065 995 neque

479 1012 588 1067 vita
622 1011 847 1081 prtedita
885 1012 955 1066 sit
985 1052 1000 1077 ,
1038 1013 1183 1066 velut
1217 1011 1364 1066 foras
1418 1013 1722 1081 expositam
1757 1012 2062 1080 arbitraris,

480 1113 644 1174 atque
693 1105 767 1159 ita
821 1104 1119 1158 inanimam
1151 1145 1165 1168 ,
1212 1111 1267 1158 et
1298 1104 1535 1157 humana
1566 1106 1743 1160 solum
1783 1113 2065 1160 arte‘eon-

481 1205 739 1252 stantem.
780 1196 1025 1251 Viventis
1073 1204 1255 1250 autem
1301 1195 1396 1251 Dei
1450 1197 1718 1253 viventem
1770 1199 2063 1268 imaginem

479 1305 603 1345 esse
656 1303 861 1359 negas,
899 1295 994 1342 aut
1044 1287 1342 1344 essentiam
1374 1289 1661 1353 essentne,
1696 1298 1790 1343 aut
1821 1289 2061 1354 consilii,

479 1381 719 1447 virtutis,
746 1396 809 1436 ac
835 1380 1043 1451 gloriae,
1076 1380 1388 1445 consilium,
1418 1381 1695 1447 virtutem,
1720 1394 1787 1436 ac
1811 1382 2061 1451 gloriam,

485 1484 542 1527 ut
596 1473 709 1527 haec
747 1473 927 1543 imago
975 1472 1044 1526 ab
1077 1488 1143 1527 eo
1178 1472 1338 1542 cujus
1372 1474 1550 1544 imago
1576 1482 1663 1527 est
1712 1473 1869 1527 nulla
1921 1474 1974 1527 in
2006 1489 2066 1529 re

480 1564 774 1634 discrepet.
810 1561 931 1617 Jam
982 1579 1105 1618 cum
1162 1564 1311 1619 nulla
1364 1580 1423 1619 re
1471 1564 1785 1634 discrepare
1838 1564 2062 1631 dicitur,

480 1673 592 1712 non
630 1656 858 1727 perinde
898 1666 1003 1721 est,
1036 1671 1100 1711 ac
1147 1658 1195 1711 si
1243 1657 1539 1729 ingenitam
1566 1672 1689 1712 esse
1717 1655 2061 1724 fateremini;

2163 470 2265 541 χὴν
2310 470 2481 535 οὕτως
2525 471 2897 543 ἀσεϐήσασαν.
2932 475 3045 546 Τὴν
3090 477 3199 549 γὰρ
3255 478 3440 531 εἰκόνα
3475 480 3573 543 τοῦ
3622 480 3743 534 Θεοῦ

2162 561 2338 633 ἀζωῖᾳ
2378 563 2748 635 περιγράψας,
2776 564 2901 617 οὗτε
2930 566 3160 638 Κύριον,
3193 568 3317 623 οὔτε
3349 571 3505 633 Θεὸν,
3538 573 3643 625 οὐκ
3668 576 3747 626 ού-

2164 652 2306 719 σίαν,
2333 654 2395 705 οὐ
2436 653 2659 723 βουλὴν,
2692 657 2757 709 οὐ
2790 653 3043 729 δύναμιν,
3089 661 3150 713 οὐ
3170 661 3338 726 δόξαν
3362 659 3504 718 εἶναι
3527 665 3743 737 ταύτην,

2160 742 2366 797 τούτων
2387 745 2446 797 δὲ
2468 746 2726 817 ἀκίνητον
2761 750 2947 804 εἰκόνα
2976 747 3116 804 εἶναι
3158 751 3335 818 θέλεις
3363 754 3560 825 αὐτὴν,
3591 757 3744 810 οἱονεὶ

2163 835 2370 907 ἄψυχον
2403 837 2497 890 καὶ
2527 838 2705 903 ἇζωον
2731 839 2836 906 ἔξω
2862 842 3176 897 ἐκτεθεῖσαν
3213 847 3387 918 αὐτὴν
3428 847 3625 909 ποιῶν,
3660 853 3741 903 καὶ

2152 925 2236 990 ὡς
2256 927 2417 991 αὐτὸς
2432 929 2454 959 ⁸
2472 929 2678 1000 ἄψυχον
2698 931 2793 984 καὶ
2816 932 3133 1008 ἀνθρωπίνῃ
3152 936 3317 1011 τέχνῃ
3336 940 3477 1013 μόνῃ
3498 943 3745 993 συνεστῶ-

2166 1033 2287 1071 σαν.
2314 1018 2523 1083 Ζῶντος
2551 1022 2609 1075 δὲ
2635 1019 2817 1087 ζῶσαν
2849 1025 2910 1078 ού
2951 1025 3123 1091 Θέλεις
3152 1025 3291 1084 εἶναι
3321 1032 3423 1102 τὴν
3452 1035 3638 1088 εἰκόνα
3662 1037 3743 1088 τοῦ

2164 1106 2322 1174 Θεοῦ,
2350 1110 2470 1163 οὐδὲ
2494 1112 2679 1176 οὐσίας
2705 1115 2895 1169 οὐσίαν
2921 1119 3126 1181 εἰκόνα,
3151 1122 3271 1174 οὐδὲ
3302 1123 3506 1196 βουλῆς
3540 1128 3639 1180 καὶ
3665 1129 3742 1181 δν-

2165 1198 2383 1269 νάμεως
2433 1202 2529 1254 καὶ
2576 1202 2752 1275 δόξης,
2797 1205 2991 1280 βουλὴν
3043 1212 3136 1263 καὶ
3181 1212 3416 1284 δύναμιν
3461 1217 3560 1270 καὶ
3602 1218 3743 1282 δόξαν

2165 1290 2603 1363 ἀπαραλλάκτως
2635 1297 2839 1351 εἰκόνα.
2870 1299 2943 1353 Τὸ
2986 1301 3043 1353 δὲ
3092 1302 3535 1377 ἀπαραλλάκτως
3586 1313 3743 1363 εἰπεῖν

2165 1382 2263 1452 οὐχ
2313 1378 2423 1437 οἷόν
2478 1403 2531 1439 τι
2580 1389 2674 1441 καὶ
2702 1390 3036 1462 ἀγεννήτως,
3093 1396 3209 1449 ἀλλ’
3249 1399 3332 1454 ὅτι
3371 1401 3631 1467 ὲκτύπως
3666 1406 3745 1457 καὶ

2165 1473 2409 1565 ἀκριϐῶς
2438 1476 2799 1552 ὡμοιωμένην
2829 1484 2966 1554 πρὸς
2993 1490 3265 1563 πατρικὴν
3306 1494 3623 1565 ἀγαθότητα
3665 1501 3746 1551 καὶ

2168 1564 2399 1639 θεότητα
2450 1572 2544 1624 καὶ
2608 1575 2789 1628 πᾶσαν
2841 1578 3143 1650 ἐνέργειαν.
3204 1586 3318 1639 Kal
3372 1589 3499 1659 μεθ’
3562 1590 3742 1661 item“

2172 1666 2321 1720 Ἔδει
2354 1668 2410 1721 δέ
2462 1688 2544 1724 σοι
2591 1674 2762 1728 ἄλαλα
2787 1678 3079 1751 γενηθῆναι
3107 1681 3179 1735 τά
3222 1681 3377 1753 χείλη
3405 1682 3477 1735 τὸ.
3497 1682 3666 1747 δόλια,
3691 1686 3746 1737 τὰ

480 1750 577 1806 sed
630 1750 763 1804 illud
798 1748 976 1804 solum
1012 1748 1359 1813 ostenditur,
1396 1749 1464 1803 ad
1504 1756 1744 1818 paternae
1776 1748 2061 1816 bonitatis,

2170 1759 2431 1815 λαλοῦντα
2462 1766 2605 1819 κατὰ
2635 1769 2729 1823 τοῦ
2752 1770 2896 1825 θεοῦ
2930 1775 3143 1829 ἀδικίαν
3181 1778 3237 1829 ὲν
3268 1777 3651 1849 ὑπερηφανεία
3669 1780 3745 1832 καὶ

479 1852 535 1899 et
568 1843 876 1898 divinitatis
898 1883 912 1909 ,
947 1850 1002 1898 et
1032 1841 1266 1898 actionis
1304 1842 1485 1898 omnis
1518 1842 1798 1912 exemplar
1826 1844 2067 1899 exactis-

479 1934 617 1989 sime
640 1931 1156 2001 absolutissimeque
1180 1946 1303 1986 esse
1327 1930 1476 1984 illam
1498 1940 1837 1999 expressam.
1863 1927 2068 1984 Deinde

479 2027 643 2097 paulo
686 2034 810 2095 post
850 2042 862 2079 :
892 2024 1046 2078 Muta
1093 2031 1185 2078 tua
1221 2024 1311 2076 illa
1345 2038 1468 2077 esse
1509 2021 1697 2077 dolosa
1730 2021 1872 2076 labia
1900 2037 2067 2093 opor-

479 2119 649 2181 tebat,
680 2133 801 2187 quae
851 2117 1150 2187 loquuntur
1187 2114 1451 2170 adversus
1492 2108 1662 2168 Deum
1698 2114 2061 2183 injustitiam’

480 2226 607 2264 cum
658 2210 914 2280 superbia
961 2217 1014 2263 et
1048 2214 1388 2277 contemptu.
1437 2204 1650 2261 Etenim
1700 2206 1854 2262 solus
1884 2207 2064 2264 solum

479 2299 645 2355 Pater
672 2300 896 2354 unicum
940 2297 1139 2352 Filium
1184 2299 1418 2368 genuit,
1471 2299 1722 2368 quamvis
1756 2298 1981 2357 minime
2002 2301 2066 2357 id

481 2394 581 2447 tibi
618 2396 827 2464 p'aceat
850 2432 865 2457 ,
893 2393 979 2446 cui
1026 2391 1170 2446 aliud
1199 2390 1359 2445 modo
1391 2391 1567 2461 placet
1590 2432 1606 2453 .
1647 2407 1829 2464 neque
1860 2410 1990 2450 vero
2035 2409 2067 2449 a

480 2487 723 2555 quodam
774 2483 1279 2539 Valentinianorum
1323 2498 1538 2539 teonum
1574 2484 1853 2555 principio
1892 2484 2065 2543 Filius

2168 1852 2539 1919 ὲξουδενώσει.
2575 1860 2686 1914 Καὶ
2715 1862 2825 1935 γὰρ
2871 1866 3029 1937 μόνος
3064 1869 3225 1939 μόνον
3262 1870 3563 1942 ἐγέννησεν
3594 1873 3623 1923 ὁ
3649 1874 3745 1926 Πα-

2166 1945 2273 2018 τὴρ
2323 1947 2415 2001 τὸν
2462 1950 2767 2024 Μονογενῆ,
2804 1956 2909 2011 κᾶν
2956 1959 3022 2011 σὺ
3059 1960 3133 2031 μὴ
3173 1960 3379 2025 θέλεις,
3406 1960 3511 2014 νῦν
3540 1963 3667 2017 ἀλλο
3706 1982 3747 2015 τι

2168 2037 2359 2104 θέλων,
2405 2041 2507 2096 ούκ
2536 2044 2594 2111 ἐξ
2624 2046 2805 2111 αἰτίας
2845 2049 2954 2102 τῶν
2999 2050 3211 2105 αἰώνων
3250 2053 3615 2107 Οὐαλεντίνου
3665 2057 3747 2126 τὴν

2170 2128 2403 2201 πάροδον
2431 2131 2686 2200 λαὸὀντος
2718 2138 2812 2191 τοῦ
2836 2139 2988 2207 Υἰοῦ,
3013 2140 3125 2195 ἀλλ’
3146 2143 3210 2195 ὲκ
3230 2144 3392 2213 μόνον
3425 2144 3642 2215 [ἰατρὸς
3667 2144 3749 2214 τὴν

2168 2220 2421 2293 γέννησιν
2451 2224 2689 2297 ἔχοντος·
2738 2234 2834 2285 xal
2875 2233 3081 2300 τέλειος
3111 2236 3340 2291 τέλειον.
3384 2239 3607 2301 Ἀτελὲς
3656 2240 3749 2309 γὰρ

2167 2314 2321 2369 οὐδὲν
2369 2320 2429 2371 ἐν
2458 2321 2656 2394 Πατρί·
2690 2324 2773 2379 διὸ
2815 2326 2935 2380 οὐδὲ
2965 2330 3024 2381 ὲν
3068 2329 3203 2401 mp,
3241 2330 3378 2386 ἀλλά
3410 2332 3515 2402 τῆς
3558 2332 3749 2383 ἐκείνου

2166 2406 2505 2481 τελειότητος
2561 2416 2656 2468 καί⁸
2708 2417 3193 2493 ὑπερτελειότητος
3232 2424 3487 2494 γέννημα
3545 2425 3750 2494 γνήσιον

2164 2498 2260 2552 τοῦ
2298 2501 2427 2557 Υίοῦ
2448 2505 2743 2580 τελειότης.

480 2580 787 2681 processit,
815 2580 910 2681 sed
940 2593 970 2630 a
1022 2576 1159 2681 δοιοὶ
1187 2574 1348 2631 Patre
1403 2576 1630 2681 genitus
1667 2584 1795 2637 est;
1834 2577 1963 2681 ἱιεξιι
2018 2584 2294 2651 Perfectus
2344 2596 2647 2665 perfectum
2679 2574 2910 2673 “genuit.
2942 2605 3089 2664 Nihil
3132 2610 3282 2665 enim
3350 2612 3500 2667 inest
3565 2612 3747 2681 imper.

481 2672 686 2728 fectum
734 2670 788 2723 in
847 2667 1010 2722 Patre
1055 2686 1067 2721 :
1112 2665 1233 2722 ideo
1279 2681 1404 2774 net:
1433 2666 1485 2720 in
1514 2660 1662 2723 Filio
1699 2676 1878 2739 potest
1902 2672 2113 2744 inesse,
2150 2695 2275 2738 cum
2313 2660 2462 2744 illius
2491 2660 3498 2774 perfectionis,qum__periectioncm

479 2772 726 2835 superat,
748 2777 1045 2835 germanus
1077 2760 1222 2818 fetus
1260 2762 1333 2817 sit
1364 2759 1486 2816 Filii
1514 2763 1798 2833 perfectio.

551 2881 657 2939 Sed
678 2889 742 2937 et
770 2896 867 2938 rex
905 2894 1086 2952 regem
1117 2881 1327 2953 genuit.
1369 2880 1578 2938 Pietate
1602 2885 1805 2955 quippe
1824 2898 2067 2944 consen-

478 2984 699 3031 taneum
729 2981 848 3039 est,
881 2986 1115 3043 regnare
1157 2972 1362 3037 Deum,
1404 2986 1529 3028 cum
1583 2974 1802 3031 interim
1849 2980 2067 3049 genitus

480 3076 608 3122 ante
665 3067 866 3121 saecula
915 3063 1126 3126 Filius,
1160 3062 1423 3135 idemque
1468 3080 1568 3121 rex
1625 3078 1794 3139 regno
1839 3072 2067 3130 alterius

481 3158 787 3228 subjectus,
821 3172 915 3227 per
944 3166 1106 3226 quem
1138 3156 1310 3226 ipsius
1337 3166 1505 3228 regno
1530 3167 1730 3214 catt-ra
1757 3161 2065 3234 subjacent,

483 3252 792 3319 subjectum
833 3263 893 3304 se
920 3254 1224 3317 essegrnto
1260 3247 1447 3302 animo
1470 3247 1735 3306 ‘fateatnr.
1765 3253 1886 3308 Non
1922 3257 2068 3311 enim

482 3344 755 3416 privatum
783 3382 797 3404 ,
825 3339 921 3419 sed
951 3346 1133 3410 regem
1171 3339 1324 3393 illum
1350 3341 1542 3412 genuit
1569 3345 1719 3415 regni
1744 3346 1839 3401 sui
1873 3346 2065 3406 Pater;

482 3436 629 3508 quod
664 3449 842 3507 neque
870 3433 1142 3505 temporis
1198 3432 1393 3498 initio,
1426 3443 1606 3506 nellne
1639 3438 1764 3495 vitae
1802 3441 1919 3497 ﬁne
1962 3444 2070 3498 cir-

481 3529 876 3600 cumscriptum
906 3534 1013 3583 est.
1040 3524 1316 3593 Quoniam
1366 3529 1487 3600 ejus
1535 3530 1777 3603 dignitas
1824 3550 1934 3590 non
1970 3553 2068 3593 ex-

479 3624 756 3677 trinsccus
805 3620 977 3674 ascita
1007 3659 1023 3684 ,
1080 3620 1176 3675 sed
1216 3614 1364 3675 utin
1387 3620 1588 3688 Patre,
1624 3630 1654 3677 a
1691 3634 1801 3695 quo
1850 3629 2067 3697 genitus

479 3724 599 3780 est,
634 3715 703 3769 ad
732 3713 1028 3770 essentiam
1078 3714 1256 3784 ipsam
1284 3716 1543 3785 pertinet.
1578 3716 1662 3772 Ob
1703 3718 1757 3774 id
1790 3722 2066 3793 «scriptum

476 3808 614 3863 illud
662 3816 788 3863 est:
826 3804 896 3860 Et
948 3808 1095 3877 regni
1142 3806 1289 3861 illius
1338 3822 1442 3863 non
1486 3811 1590 3889 erit
1623 3806 1816 3880 ﬁnis".
1864 3806 2066 3871 Eodem

478 3900 647 3955 modo
687 3908 740 3956 et
796 3897 1060 3954 Dominus
1094 3897 1383 3953 Dominum
1409 3943 1425 3965 ,
1462 3909 1515 3956 et
1561 3900 1708 3960 Deus
1742 3904 1947 3972 Deum,
1989 3910 2068 3965 nti

479 4006 583 4047 nos
614 3991 951 4055 asserirntrs,
986 3992 1193 4061 genuit.
1224 3991 1438 4062 Atque,
1476 4003 1537 4047 ut
1571 4008 1681 4050 uno
1719 3999 1888 4053 v'erbo
1934 3996 2068 4055 deli-

479 4083 664 4147 niam,
713 4084 966 4140 essentiae
991 4122 1007 4148 ,
1048 4083 1316 4147 consilii,
1352 4084 1571 4142 virtutis
1622 4095 1675 4142 et
1718 4090 1904 4159 gloria:
1955 4104 2065 4148 non

476 4184 685 4231 mutam
762 4191 828 4230 ac
888 4183 1162 4229 mortuam
1197 4175 1489 4247 imaginem
1532 4178 1630 4235 sed
1661 4187 1897 4237 essentia
1933 4200 2067 4241 con-

474 4262 827 4333 sultandique
876 4263 927 4317 vi
983 4264 1263 4334 prazditam
1324 4280 1388 4321 ac
1448 4275 1722 4336 potentem
1769 4282 1819 4327 et
1874 4276 2069 4345 glorio-

478 4366 595 4407 sam
646 4369 770 4411 esse
817 4352 1187 4410 defendimus.
1219 4353 1409 4412 Virtus
1442 4359 1588 4413 enim
1633 4362 2064 4422 imbecillitatem

477 4460 589 4500 non
624 4454 844 4515 generat
869 4485 884 4508 .
918 4447 1012 4501 sed
1044 4448 1219 4517 ipsam
1260 4448 1426 4520 840
1476 4466 1574 4520 per
1616 4470 1737 4510 sese
1784 4457 2066 4514 virtutem:

476 4536 553 4590 ita
603 4537 776 4608 gloria
809 4552 920 4592 non
975 4539 1369 4610 ignobilitatem
1401 4582 1416 4609 ,
1450 4544 1546 4599 sed
1581 4545 1843 4616 gloriam;
1879 4551 2068 4606 consi-

476 4630 612 4685 lium
647 4646 755 4685 non
790 4631 1010 4686 consilii
1042 4646 1239 4702 expers
1267 4633 1497 4704 aliquid,
1525 4636 1619 4692 sed
1648 4648 1702 4693 et
1727 4639 1903 4710 ipsum
1933 4656 2069 4698 con-

478 4722 704 4789 silium;
744 4723 984 4779 essentia
1012 4723 1257 4795 ‘denique
1306 4736 1417 4781 non
1469 4730 1707 4785 essentia
1746 4742 1943 4790 carens
1973 4735 2070 4790 ali-

384 4844 389 4845 κ
476 4814 607 4884 quid
636 4853 650 4877 ,
697 4812 793 4869 sed
825 4814 1126 4869 essentiam
1174 4814 1368 4886 gignit.
1396 4817 1579 4884 Quare
1612 4818 1851 4877 Verbum
1882 4824 2063 4895 ipsum

476 4907 655 4978 imago
704 4905 848 4962 Deus
886 4914 1000 4969 est,
1056 4906 1361 4978 vivensque
1407 4912 1675 4981 sapientia
1732 4915 2062 4981 subsistens,

474 4998 713 5056 Verbum
745 4998 934 5055 ellicax
975 5000 1038 5055 et
1074 4997 1247 5055 Filius
1272 5042 1287 5065 ,
1338 5001 1639 5074 eademque
1672 5004 1762 5059 illa
1794 5006 2061 5077 sapientia

473 5093 770 5148 essentiam
831 5092 1015 5147 habet.
1064 5086 1196 5147 ﬂare
1245 5093 1393 5148 enim
1432 5086 1515 5151 est
1571 5112 1678 5167 qua
1722 5114 1783 5155 se
1816 5100 2060 5169 quotidie

472 5185 617 5242 Deus
658 5187 986 5253 oblectabat,
1030 5202 1155 5243 eum
1190 5188 1443 5243 absoluto
1470 5196 1744 5244 terrarum
1770 5192 1904 5247 orbe
1931 5207 2059 5265 gau-

473 5278 636 5333 debat
673 5281 712 5335 ⁸.
750 5280 880 5347 Quae
910 5280 1129 5350 quidem
1163 5280 1349 5336 omnia
1376 5296 1498 5336 cum
1528 5288 1608 5347 tu,
1644 5281 1921 5347 Marcelle,
1954 5301 2050 5341 co-

474 5386 589 5424 ram
648 5372 964 5428 hominibus
1014 5389 1222 5445 neges,
1286 5374 1508 5445 negabit
1558 5383 1611 5428 et
1667 5376 1757 5430 illa
1788 5384 1841 5430 te
1864 5393 2051 5433 coram

475 5460 668 5529 Patre,
699 5465 791 5535 qui
830 5466 885 5519 in
915 5467 1070 5522 cmlis
1098 5475 1182 5530 est
1213 5468 1272 5532 δε
1309 5468 1597 5549 negabcris
1632 5490 1762 5533 vero
1790 5482 2052 5548 praeterea

2246 2898 2354 2953 Kal
2387 2900 2641 2971 βασιλεὺς
2667 2906 2914 2977 βασιλέα.
2940 2911 3179 2977 Εὐσεὸὲς
3207 2913 3315 2988 γὰρ
3342 2914 3435 2969 τὸν
3462 2916 3601 2971 Θεὸν
3622 2918 3753 2989 βατι-

2171 3001 2371 3069 λεύειν,
2398 3005 2505 3077 πρὸ
2532 3007 2639 3061 τῶν
2690 3011 2901 3066 αἰώνων
2928 3014 3280 3086 γεννηθέντος
3331 3016 3431 3069 τοῦ
3468 3017 3627 3084 Υίοῦ,
3672 3024 3751 3073 καὶ

2096 3112 2141 3174 C
2173 3094 2588 3170 βασιλευομένου
2621 3101 2907 3173 βασιλέως,
2941 3106 3008 3160 δι’
3060 3103 3120 3163 οὗ
3152 3109 3243 3162 καὶ
3294 3110 3365 3163 τὰ
3413 3110 3584 3166 λοιπὰ
3613 3113 3749 3183 31::-

2169 3196 2409 3264 λεύεται,
2463 3201 2807 3275 εὐχαρίστως
2857 3206 3250 3278 ὁμολογοῦντος
3308 3210 3409 3283 τὴν
3458 3214 3748 3282 ύποταγήν.

2170 3302 2283 3367 Οὐκ
2312 3301 2526 3374 ἰδιώτην
2555 3305 2684 3377 γὰρ,
2717 3307 2854 3363 ἀλλά
2888 3308 3111 3379 βασιλέα
3156 3313 3494 3386 γεγέννηκεν
3515 3320 3544 3369 ὁ
3578 3318 3750 3388 Πατὴρ

2167 3394 2267 3464 τῆς
2293 3392 2573 3464 βασιλείας
2599 3398 2789 3464 αὐτοῦ,
2820 3398 2944 3454 οὔτε
2967 3402 3143 3475 ἀρχὴν
3178 3406 3423 3477 ἡμερῶν,
3462 3407 3591 3461 οὔτε
3622 3410 3749 3479 ζωῆς

2167 3481 2319 3547 τέλος
2352 3483 2603 3556 ἐχούσης,
2642 3489 2717 3541 Οὑ
2745 3488 2853 3563 γὰρ
2888 3492 3086 3558 ἔξωθεν
3116 3495 3179 3548 τὸ
3201 3495 3443 3568 ἀξίωμα,
3466 3500 3548 3563 εἰς
3580 3500 3749 3553 οὐσίαν

2168 3580 2225 3634 δὲ
2251 3583 2402 3656 αὐτῴ
2438 3588 2703 3654 συντελεῖ,
2734 3591 2939 3662 ὁμοίως
2968 3594 3148 3667 Πατρὶ⁹
3170 3598 3524 3669 γεννήσαντι.
3555 3601 3646 3653 Διὸ
3668 3604 3747 3654 καὶ

2168 3686 2477 3759 γέγραπται
2500 3690 2582 3756 τὸ,
2620 3691 2728 3746 Kal
2754 3692 2867 3761 τῆς
2887 3693 3212 3762 ,ϐασιλείας
3242 3699 3431 3754 αὑτοῦ
3448 3704 3566 3756 οὐκ
3595 3704 3744 3757 ἔσται

2167 3779 2365 3846 τέλος.
2399 3781 2587 3848 Οὕτως
2608 3784 2665 3837 δὲ
2686 3783 2806 3839 ’καὶ
2845 3784 3049 3857 Κύριος
3076 3788 3301 3860 Κύριον,
3332 3791 3428 3845 καὶ
3450 3793 3586 3857 Θεὸς
3632 3795 3746 3848 θεὸν

2168 3871 2364 3941 γεννᾷν
2402 3872 2532 3943 παρ’
2572 3873 2729 3945 ἡμῶν
2776 3874 3145 3949 ὡμολόγηται.
3181 3881 3294 3934 Καὶ
3327 3884 3521 3947 ἁπλῶς
3566 3889 3743 3949 εἰπεῖν,

2166 3961 2357 4026 οὐσίας
2403 3966 2498 4019 καὶ
2546 3964 2741 4037 βουλῆς
2783 3969 2879 4022 καὶ
2924 3969 3204 4043 δυνάμεως
3241 3974 3529 4050 καὶ-δόξης
3577 3979 3742 4032 εἰκόνα

2167 4065 2397 4140 λέγομεν
2443 4071 2543 4124 οὐκ
2590 4071 2796 4144 ἄψυχον
2845 4075 2940 4129 καὶ
2982 4076 3203 4149 νεκρὰν,
3256 4078 3373 4132 ἀλλ’
3401 4081 3637 4154 οὗσιώδη
3663 4084 3742 4137 καὶ

2169 4164 2495 4239 βουλητικὴν
2529 4170 2625 4223 καὶ
2658 4169 2891 4243 δυνατὴν
2938 4176 3033 4230 καὶ
3072 4176 3303 4246 ἔνδοξον.
3358 4182 3606 4256 Δύναμις
3650 4188 3740 4257 γὰρ

2166 4258 2268 4312 οὐκ
2312 4260 2613 4332 ἀδυναμίαν
2648 4267 2834 4337 γεννᾷ,
2867 4267 3004 4321 ἀλλὰ
3038 4271 3423 4346 αύτοδύναμινο
3484 4281 3583 4333 καὶ
3632 4281 3738 4348 δόξα

2165 4351 2268 4445 oux
2305 4352 2523 4445 ἀδοξίαν
2565 4358 2752 4428 γεννᾷ,
2799 4358 2937 4414 ἀλλά
2975 4361 3290 4428 αὐτοδόξαν·
3321 4370 3415 4421 καὶ
3452 4370 3617 4445 βουλὴ
3656 4375 3739 4425 οὐκ

2164 4442 2424 4497 ἀϐουλίαν
2456 4450 2640 4519 γεννᾷ,
2688 4449 2827 4504 ἀλλὰ
2874 4452 3227 4528 αὐτοόουλήν·
3281 4460 3377 4512 καὶ
3401 4462 3565 4517 οὐσία
3600 4442 3658 4517 οὐ
3686 4465 3740 4515 τὸ

2166 4534 2456 4606 ὀμοούσιον
2487 4540 2530 4610 ⁸,
2561 4540 2698 4595 ἀλλὰ
2722 4542 3061 4601 αὐτοούσιον.
3102 4550 3279 4605 Εἰκὼν
3295 4554 3404 4625 ἄρα
3435 4557 3585 4610 ἐστὶν
3608 4560 3635 4611 ὁ
3658 4560 3740 4611 Δάν

2170 4642 2269 4697 τος
2294 4631 2455 4699 θεὸς,
2488 4632 2637 4697 ζῶσα
2688 4637 2848 4705 σοφία
2893 4639 3253 4714 ὑποστατικὴ,
3283 4647 3460 4716 Λόγος
3505 4652 3737 4721 ἐνεργής,

2171 4723 2268 4777 καὶ
2295 4723 2445 4789 Υἱὸς,
2467 4724 2607 4797 αὕτη
2661 4729 2991 4803 οὑσιωμένη.
3036 4732 3184 4807 Αὕτη
3215 4738 3324 4810 γὰρ
3426 4744 3736 4815 προσ-ἔχαιρε

2166 4817 2294 4870 καθ’
2321 4819 2535 4891 ἡμέραν
2568 4824 2597 4875 ὁ
2618 4822 2782 4886 Θεὸς,
2810 4825 2899 4879 ὅτε
2940 4827 3263 4901 εὐφραίνετο
3304 4835 3402 4908 τὴν
3430 4840 3736 4910 οἰκουμένην

2168 4910 2517 5002 συντελέσας,
2548 4914 2620 4966 Σὺ
2642 4914 2723 4982 δὲ,
2758 4917 3070 4991 Μάρκελλε,
3104 4924 3273 4978 ταῦτα
3307 4929 3640 5001 ἀρνούμενος
3661 4935 3739 5002 Ep-

2165 4999 2406 5091 προσθεν
2450 5001 2558 5057 τῶν
2603 5006 2929 5079 ἀνθρώπων,
2970 5013 3255 5090 ἀρνηθήσῃ
3294 4999 3393 5088 μὲν
3439 4999 3531 5075 ὑπ’
3583 4999 3736 5091 atri};

2166 5089 2382 5161 ἐκείνης
2424 5091 2733 5165 ἔμπροσθεν
2760 5099 2855 5153 τοῦ
2888 5102 3103 5175 Πατρὸς
3128 5107 3220 5160 τοῦ
3246 5110 3306 5163 ὲν
3335 5115 3453 5177 τοῖς
3484 5089 3733 5188 οὐρανοῖς.

2162 5193 2448 5291 ἀμρνηθήσῃ
2469 5196 2525 5251 δὲ
2555 5200 2649 5253 καὶ
2674 5200 2983 5275 ἔμπροσθεν
3007 5209 3105 5279 τῆς
3139 5210 3471 5286 Ἐκκλησίας
3505 5220 3604 5291 τῆς
3644 5223 3734 5274 ὑπὸ

2162 5286 2255 5385 τὸν
2279 5288 2506 5360 οὐρανὸν
2544 5296 2862 5370 γραφούσης
2910 5302 3059 5372 περὶ·
3086 5304 3180 5357 σοῦ
3220 5312 3498 5382 πανταχοῦ

2164 5381 2383 5436 ’Ἄκουε
2403 5385 2599 5455 Λόγον
2621 5391 2863 5458 Κυρίου.
2880 5394 3132 5465 Γράψον
3162 5399 3271 5454 τὸν
3515 5381 3728 5469 taliter.

2161 5474 2538 5545 ἐκκήρυκτον
2569 5481 2904 5552 ἄνθρωπον-ο
2940 5488 3031 5544 ὅτι
3060 5493 3132 5546 οὐ
3151 5494 3239 5564 μὴ
3275 5498 3515 5570 αὐξηθῇ
3548 5503 3615 5557 ἐκ
3638 5503 3730 5557 τοῦ

546 5692 566 5728 ⁸
590 5692 732 5749 Psal.
766 5711 894 5762 nx,
922 5696 1007 5753 l9.
1083 5700 1104 5732 '
1134 5698 1267 5756 Luc.
1296 5716 1336 5768 I,
1363 5702 1452 5756 33.
1531 5701 1550 5732 ³
1591 5699 1753 5757 Prov.
1777 5717 1899 5767 vm,
1933 5701 2021 5757 30.

2170 5703 2350 5764 Matth.
2391 5717 2444 5766 κ,
2474 5704 2561 5759 55.
2641 5706 2668 5770 ⁸,
2691 5707 2751 5764 F.
2781 5709 3064 5778 ὡσαύτως.
3133 5718 3163 5749 ’⁸
3194 5718 3318 5774 Cor.
3347 5724 3610 5785 ἀνούσιον.
