3798 6212
96 285 181 347 393

97 401 385 471 σπέρματος
422 388 622 479 αὐτοῦ.
656 391 857 462 ἆρχων
878 392 965 446 ἐτι
1007 391 1077 445 ἐν
1121 391 1203 457 τῷ
1243 391 1451 457 Ἰούδᾳ,
1475 393 1617 443 καθ-
1646 409 1691 466 Α

95 498 273 567 ἥμενος
288 484 377 543 ἐπὶ
398 488 615 555 θρόνου
640 484 837 539 Δαϐίδ.
884 502 904 536 ι

681 272 1055 330 ADVERSUS
1095 270 1437 329 iUERESES
1476 269 1603 325 LIB.

1779 271 1941 327 ΤΟΜ.
1982 270 2022 327 1.
2066 304 2134 313 -
2173 272 2449 331 ΗΑΕΠΕΒ.
2490 274 2698 333 LXXII.

3192 282 3295 338 39‘

1720 397 1773 445 et
1806 406 1992 446 coram
2026 391 2292 459 Ecclesia,
2320 409 2442 465 quae
2471 396 2574 452 sub
2602 398 2742 452 coelo
2770 406 2856 454 cst
2889 442 2904 466 ,
2936 415 3058 470 quae
3092 403 3298 473 ubique

1732 490 2005 538 terrarum
2069 484 2138 540 de
2202 493 2256 541 te
2310 487 2545 542 scribit:
2604 488 2745 543 Audi
2796 490 3004 545 verbum
3049 493 3292 550 οοηιὶηί.

95 589 241 649 sum
272 587 427 641 situm
480 580 619 636 hunc
672 578 976 635 abdicatum
1011 580 1315 644 hominem;
1364 580 1613 649 quoniam
1653 592 1758 634 non
1790 586 1985 633 crescet
2012 592 2079 632 ex
2108 581 2221 647 ejus
2252 582 2445 635 semine
2467 581 2709 652 princeps
2745 582 2973 655 amplius
3025 589 3081 641 in
3128 587 3297 655 Iuda,

94 682 239 739 sedens
268 677 320 731 in
348 676 531 729 throno
574 670 743 728 David
770 673 811 725 ‘.
836 690 856 725 ι

145 767 211 823 ll'.
241 764 340 820 Kal.
386 763 506 836 μεθ’
536 763 724 836 ἔτερα,
777 760 1250 835 μνημονεύσαντος
1290 761 1617 833 Μαρκέλλου

90 862 174 917 τῶν
204 854 458 929 Ἀστερίου
496 852 697 929 ῥητῶν,
734 856 983 927 ἐπιφέρει
1007 855 1203 924 λέγων·

149 970 165 1005 ι
192 949 300 1014 Θεὶς
324 942 413 1002 οὖν
438 949 633 1015 ταῦτα,
673 948 767 1002 καὶ
795 946 988 1021 χωρῶν
1011 950 1079 1021 τῇ
1113 948 1339 1021 ἀρνήσει
1362 948 1618 1020 Σωτῆρος

89 1042 213 1114 ἡμῶν
245 1040 441 1105 εἰκόνος
466 1042 559 1094 καὶ
586 1040 796 1105 οὐσίας,
826 1041 920 1094 καὶ
949 1043 1048 1112 τῆς
1087 1038 1408 1112 μονογενοῦς
1441 1040 1620 1110 υἰότη-

89 1152 159 1200 τος
183 1136 238 1189 ὲκ
258 1133 481 1205 Πατρὸς,
505 1133 601 1187 καὶ
628 1132 739 1187 τῶν
759 1132 1143 1205 πρωτοτοκίων
1159 1133 1339 1204 πάσης
1364 1132 1616 1200 κτίσεως,

90 1224 261 1295 καὶτῆς
284 1222 345 1277 ὲκ
378 1223 699 1295 μονογενοῦς
727 1224 1041 1295 μονότητος,
1080 1224 1175 1277 καὶ
1198 1224 1297 1293 τῆς
1317 1225 1382 1277 ὲκ
1410 1223 1631 1278 τελείου

88 1312 391 1384 τελειότητος,
424 1315 519 1368 καὶ
552 1314 653 1384 τῆς
681 1315 745 1368 ὲκ
770 1314 1033 1384 βασιλέως
1067 1313 1362 1397 βασιλείας,
1398 1313 1623 1384 καὶτῆς

88 1407 137 1459 ἐκ
156 1403 332 1476 Κυρίου
356 1403 701 1475 κυριότητος,
726 1405 818 1457 καὶ
846 1404 948 1473 τῆς
977 1405 1042 1457 ὲκ
1072 1404 1207 1458 Θεοῦ
1239 1403 1513 1475 θεότητος,
1538 1404 1622 1458 ού-

91 1496 185 1559 σίας
200 1510 252 1547 τε
273 1492 473 1559 ἁπλῶς,
514 1494 608 1548 καὶ
640 1490 854 1566 βουλῆς,
889 1493 1308 1566 καὶδυνάμεως,
1341 1495 1437 1548 καί.
1462 1493 1622 1565 δόξης

86 1584 193 1639 Θεοῦ
211 1584 405 1649 εἰκόνος
437 1586 880 1659 ἁπαραλλάκτου,
920 1586 983 1639 οὐ
1035 1584 1250 1657 μικροῖς
1300 1585 1480 1656 λόγοις
1519 1587 1617 1657 ἀρ-

86 1679 296 1749 νούμενος
322 1676 628 1749 ἔμπροσθεν
647 1678 756 1779 τῶν
790 1676 1341 1793 ἀνθρώπων,“διὸ.καὶ
1378 1678 1618 1782 ἅρνηθη-
1648 1732 1692 1793 Β

87 1770 270 1841 σόμενος
288 1768 591 1841 ἔμπροσθεν
629 1764 719 1823 τοῦ
743 1768 954 1843 Πατρὸς
984 1769 1172 1834 αὐτοῦ,
1207 1767 1469 1840 ἄντικρυς
1484 1770 1617 1824 ταῦ-

84 1879 135 1914 τα
158 1862 379 1933 γράφεις·
440 1859 626 1916 Ταῦτα
657 1861 728 1916 τὰ
788 1863 1011 1934 ῥήματα
1051 1862 1238 1933 σαφῶς
1275 1863 1375 1935 τὴν
1408 1862 1619 1934 φαύλην

82 1952 213 2006 αὑτοῦ
259 1952 380 2025 περὶ
425 1951 679 2024 θεότητος
727 1953 945 2025 Πατρὸς
996 1954 1088 2008 καὶ
1141 1953 1272 2008 Υἰοῦ
1322 1955 1621 2028 παρίστησι

82 2044 224 2109 δόξαν.
260 2042 322 2096 Ἦ
350 2042 406 2097 δὲ
435 2042 641 2097 τούτων
684 2042 914 2116 ἄρνησις
938 2045 1039 2116 τὴν
1085 2044 1185 2117 σὴν
1234 2042 1621 2119 ἑνδιάστροφον

84 2136 156 2188 καὶ
179 2133 369 2205 φαύλην
383 2150 454 2188 πε
463 2135 516 2206 pi
538 2130 790 2207 θεότητος
818 2137 913 2190 καὶ
935 2134 1125 2201 οὐσίας
1145 2137 1405 2209 Χριστοῦ,
1435 2137 1622 2208 σαφῶς

83 2227 266 2297 ιλετξεν
297 2219 685 2299 tamen.»

136 2488 200 2542 Θ.
223 2487 325 2542 Καὶ
349 2488 470 2559 μεθ’
504 2487 669 2562 ἔτερα
694 2487 945 2559 ἐπιφέρει
968 2486 1038 2540 τὰ
1061 2486 1406 2558 Μαρκέλλου·

140 2596 155 2631 ι
188 2575 353 2633 Ἐωλα
381 2576 480 2634 οὖν
503 2579 573 2634 τὰ
601 2577 730 2650 ἑξῆς
768 2578 1016 2651 ἐπιφέρει
1049 2578 1295 2649 γράφων·
1320 2569 1489 2632 Ούδὲν
1518 2576 1618 2631 αύ-

78 2670 166 2724 τῶν
186 2665 252 2725 ὧν
274 2675 532 2744 προεῖπεν
564 2667 702 2725 εἶναι
729 2669 997 2740 βούλεται.
1026 2668 1254 2725 Πάντων
1277 2668 1385 2739 γὰρ
1416 2666 1620 2721 τούτων

81 2761 231 2817 εἰκόνα
274 2762 434 2817 αὑτὸν
472 2757 613 2818 εἶναι
641 2761 840 2831 λέγεις.
880 2759 1091 2817 Ούκοῦν
1138 2761 1187 2814 εἰ
1230 2759 1419 2823 οὐσίας
1473 2758 1620 2812 ἐστὶν

83 2853 233 2922 εἰκὼν,
250 2855 428 2909 οὐκέτι
452 2854 742 2910 αὐτοουσία
770 2854 993 2909 δύναται
1023 2849 1183 2908 εἶναι.
1214 2851 1324 2905 Καὶ
1353 2852 1401 2904 εἰ
1424 2848 1620 2921 βουλῆς

81 2941 201 2997 ἐστιν
235 2937 415 3009 εἰκὼν,
449 2944 637 2998 οὐκέτι
676 2942 979 3015 αύτοϐουλὴ
1003 2938 1142 2996 εῖναι
1172 2940 1412 2995 δύναται’
1449 2940 1543 2993 καὶ
1569 2939 1622 2992 εἰ

82 3034 340 3105 δυνάμεως,
367 3034 553 3088 οὐκέτι
585 3033 831 3106 δύναμιςο
869 3034 964 3118 καὶ
983 3034 1033 3089 εἰ
1060 3034 1238 3131 δόξης,
1262 3032 1444 3131 οὑκ-ἑτι
1470 3032 1617 3131 δόξα.
1646 3067 1692 3131 c

92 3125 142 3178 Ἠ
161 3125 255 3195 γὰρ
282 3125 441 3179 εἰκὼν
478 3126 576 3196 οὐχ
615 3124 835 3197 ἑαυτῆς,
869 3125 984 3180 ἀλλ’
1022 3126 1210 3197 ἑτέρου
1267 3125 1413 3187 τινὸς
1457 3121 1619 3177 εἰκών

84 3215 219 3269 ἐστιν.
244 3212 423 3270 Ἒωλα
450 3214 531 3280 δὲ,
566 3214 873 3287 Μάρκελλε,
904 3215 999 3269 καὶ
1034 3213 1205 3285 ψευδῆ
1252 3213 1444 3267 ταῦτα.
1476 3212 1621 3267 Πάν-

82 3321 135 3357 τα
165 3302 259 3376 γὰρ
285 3305 449 3359 αὐτὸν
472 3305 508 3359 ἃ
554 3308 813 3376 προεῖπον
850 3304 1127 3374 ’Δστέριος
1171 3298 1311 3356 εἶναι
1350 3302 1617 3372 βούλεται,

81 3396 239 3464 γέγων’
266 3397 529 3461 Βασιλεὺς
548 3396 798 3468 βασιλέα,
818 3396 1025 3467 Κύριος
1056 3395 1282 3467 Κύριον,
1300 3394 1432 3457 Θεὸς
1463 3393 1618 3448 Θεόν.

82 3487 169 3540 Καὶ
189 3486 293 3540 λύει
325 3505 417 3543 σου
443 3487 547 3560 τὴν
570 3488 775 3560 ἄψυχον
803 3488 1009 3551 εἰκόνα,
1037 3486 1136 3559 τὴν
1164 3485 1305 3541 κατὰ
1328 3486 1387 3539 σὲ
1413 3484 1623 3555 ἅνθρω-

84 3578 190 3649 ulva
215 3579 370 3651 τέχνῃ
403 3578 751 3634 συνεστῶσαν
802 3578 960 3649 μόνη.
1000 3576 1226 3631 Πάντων
1270 3575 1379 3647 γὰρ
1418 3575 1622 3629 τούτων

86 3667 233 3731 ζῶσαν
276 3672 457 3725 εἰκόνα
507 3671 675 3741 λέγει,
730 3671 826 3725 καὶ
859 3669 1059 3735 ζῶντος
1089 3668 1292 3732 εἰκόνος
1329 3669 1622 3740 ἐκμαγεῖον

86 3757 219 3816 οὖσαν
243 3763 333 3818 τοῦ
361 3764 776 3835 γεγεννηκότος
807 3763 899 3817 καὶ
925 3761 1111 3825 ούσίας
1139 3759 1461 3815 αύτοουσίαν
1485 3760 1623 3813 εἰκό-

86 3871 137 3906 να
158 3855 307 3923 λέγει,
338 3858 433 3911 καὶ
468 3855 665 3927 βουλῆς
694 3853 1045 3925 αύτοὸούλὴν,
1078 3853 1172 3907 καὶ
1211 3852 1490 3923 δυνάμεως
1518 3852 1619 3905 αύ-

84 3944 356 4016 τοδύναμιν,
411 3948 513 4001 καὶ
564 3947 721 4017 δόξης
776 3944 1104 4011 αύτοδοξίαν,
1138 3943 1232 3997 καὶ
1258 3944 1356 4013 ούχ
1400 3941 1619 4011 ἑαυτῆς,

85 4034 372 4108 ἁλλ’ὲτέρου
422 4037 654 4101 εἰκόνος.
684 4038 757 4090 Σὺ
782 4035 861 4100 δὲ,
909 4033 1042 4089 Θεὸν
1085 4034 1151 4087 ὲκ
1188 4032 1323 4086 Θεοῦ
1361 4032 1452 4085 τὸν
1497 4032 1622 4085 re»

83 4128 160 4197 οὐχ
179 4128 476 4199 ὁμολογῶν,
500 4129 626 4183 οὐδὲ
655 4127 770 4200 φῶς
808 4129 874 4182 ὲκ
905 4127 1101 4197 φωτὸς,
1131 4125 1251 4178 οὐδὲ
1282 4123 1508 4195 δύναμιν
1557 4125 1623 4177 ἐκ

84 4216 343 4289 δυνάμεως,
373 4219 503 4275 οὔτε
536 4219 692 4286 Θεὸν,
724 4218 846 4272 οὔτε
870 4217 1007 4289 φῶς,
1036 4218 1096 4271 οὐ
1116 4216 1365 4286 δύναμιν,
1392 4215 1492 4269 οὐκ
1530 4214 1623 4267 ού-

86 4307 197 4373 σίαν,
225 4312 282 4365 ού
339 4311 561 4383 βουλὴν,
592 4312 651 4365 οὐ
682 4311 837 4377 δόξαν
879 4310 972 4365 τὸν
1011 4309 1142 4363 Υἰὸν
1184 4304 1323 4361 εἶναι
1376 4305 1549 4369 θέλεις
1581 4306 1619 4360 ⁸.

1798 751 1933 807 Vill.
1964 751 2097 811 Post
2117 754 2232 812 haec
2250 770 2374 812 cum
2397 773 2465 813 ex
2492 760 2708 814 Asterio
2727 758 3010 818 Marcellus
3035 768 3295 823 nonnulla

1722 853 2232 913 commemorasset,
2266 847 2500 918 subjecit
2526 849 2795 908 Aeacius:

1799 955 1819 988 ι
1849 935 1947 992 His
1993 939 2179 1008 itaque
2207 940 2404 1009 positis
2425 982 2439 1005 ,
2476 942 2694 1014 longius
2727 943 2927 1001 deinde
2975 962 3301 1019 progressus

1722 1027 2017 1098 imaginem
2049 1026 2352 1088 Salvatoris
2373 1071 2389 1097 ,
2438 1040 2494 1088 et
2540 1036 2834 1090 essentiam
2860 1076 2875 1100 ,
2907 1045 2962 1092 et
2999 1040 3146 1094 unici
3176 1039 3298 1096 Filii

1722 1131 1788 1172 ex
1823 1113 1985 1175 Patre
2009 1158 2025 1183 ,
2070 1134 2286 1176 necnon
2360 1129 2414 1177 et
2448 1123 2793 1195 primogeniti
2826 1128 3005 1183 omnis
3037 1138 3300 1189 creaturae

1721 1209 2091 1266 conditionem
2124 1226 2359 1283 negans;
2393 1221 2556 1284 atque
2602 1216 2747 1271 illam
2786 1218 3029 1289 ejusdem
3061 1224 3300 1295 singula-

1721 1301 1939 1359 ritatem
1960 1342 1975 1369 ,
2007 1319 2130 1376 quae
2180 1319 2209 1360 a
2238 1306 2503 1378 singulari
2528 1307 2635 1365 Deo
2660 1319 2847 1366 manat
2870 1352 2884 1375 .
2920 1321 2973 1368 et
3007 1316 3299 1385 perfectio-

1721 1407 1846 1449 nem
1879 1409 1907 1448 a
1936 1396 2180 1466 perfecto
2210 1437 2225 1464 ,
2258 1406 2313 1454 et
2342 1399 2546 1470 regiam
2578 1402 2645 1456 ab
2675 1417 2802 1474 rege
2857 1413 3213 1475 potestatem,
3267 1427 3299 1467 a

1722 1480 1955 1539 Domino
1989 1486 2329 1543 dominatum
2351 1528 2365 1555 ,
2415 1498 2470 1545 et
2496 1490 2831 1549 divinitatem
2872 1511 2901 1550 a
2937 1495 3044 1553 Deo
3070 1539 3085 1564 ,
3123 1507 3177 1556 et
3206 1517 3299 1559 es-

1725 1576 1956 1630 sentiam
1980 1577 2219 1649 denique
2257 1594 2323 1635 ac
2371 1583 2662 1639 consilium
2689 1624 2704 1649 ,
2736 1586 2992 1644 virtutem
3043 1592 3301 1662 gloriam-

1724 1678 1831 1733 que
1867 1665 2021 1721 nullo
2053 1667 2216 1724 modo
2242 1667 2473 1725 diversa:
2502 1671 2756 1744 imaginis
2789 1674 2878 1729 Dei
2914 1675 3161 1736 funditus
3190 1683 3299 1736 tol-

1721 1752 1868 1820 lens,
1904 1771 2079 1828 neque
2124 1760 2315 1830 paucis
2356 1763 2542 1820 verbis
2586 1779 2770 1821 coram
2817 1768 3132 1829 hominibus
3172 1774 3299 1830 inﬁ-

1720 1842 1895 1907 cians,
1936 1847 2181 1919 adeoque
2209 1865 2394 1906 coram
2421 1851 2583 1911 Patre
2612 1856 2758 1914 illius
2787 1858 3137 1932 inficiandus,
3182 1868 3297 1924 haec

1719 1944 1906 2026 aperte
1940 1937 2243 2008 scripsisti:
2294 1939 2577 2012 Ejusmodi
2629 1947 2791 2001 verba
2844 1964 3065 2019 pravam
3123 1956 3296 2026 ipsius

1720 2024 1789 2081 de
1814 2025 1997 2084 Patris
2031 2044 2095 2086 ac
2126 2029 2249 2086 Filii
2298 2032 2585 2093 divinitate
2630 2043 2955 2096 sententiam
2985 2024 3173 2115 aperte
3200 2050 3297 2107 de~

1721 2123 2047 2173 monstrant.
2086 2120 2285 2176 Verum
2321 2130 2380 2179 tu
2410 2124 2520 2181 illis
2562 2128 2747 2197 potius
2781 2134 3045 2202 negandis
3076 2148 3297 2206 perver-

1720 2220 1837 2262 sam
1864 2207 2327 2284 depravatamque
2365 2222 2514 2270 tuam
2563 2218 2630 2273 de
2661 2218 2865 2277 Christi
2919 2225 3201 2285 divinitate
3242 2240 3297 2286 et

1720 2299 1958 2354 essentia
1983 2301 2294 2371 opinionem
2319 2316 2481 2361 rectae
2505 2307 2627 2364 ﬁdei
2649 2314 2983 2369 contrariam
3012 2321 3296 2391 perspicue

1721 2388 2029 2455 prodidisti.
2062 2409 2081 2444 ι
3035 2402 3041 2409 ’

1793 2475 1884 2531 IX.
1921 2477 2053 2536 Post
2084 2480 2198 2537 haec
2235 2473 2483 2541 Marcelli
2514 2489 2678 2544 verba
2710 2492 2972 2562 subiicit:

1797 2587 1816 2619 ι
1847 2567 2030 2641 Inepta
2084 2575 2315 2644 proinde
2363 2588 2495 2635 sunt
2537 2596 2660 2650 quae
2710 2580 2996 2641 Marcellus
3048 2588 3291 2659 adjecit:

1719 2656 1865 2714 Nihil
1906 2676 2096 2718 eorum
2155 2681 2277 2735 quae
2331 2679 2491 2725 antea
2547 2656 3128 2745 commemoraverat,
3171 2697 3297 2738 esse

1722 2754 1946 2819 statuit;
1984 2764 2038 2809 tu
2071 2756 2214 2812 enim
2245 2759 2479 2817 istorum
2509 2764 2754 2819 omnium
2784 2778 2908 2823 esse
2939 2784 3131 2828 censes
3160 2772 3299 2828 ima-

1720 2840 1922 2913 ginem.
1955 2842 2109 2902 Unde
2137 2848 2185 2903 si
2209 2852 2462 2907 essentiae
2498 2852 2679 2925 imago
2727 2865 2813 2913 est
2836 2896 2853 2925 ,
2885 2858 3003 2930 ipsa
3031 2878 3154 2920 esse
3184 2880 3296 2922 non

1723 2940 1906 3003 potest
1932 2938 2173 2992 essentia
2200 2958 2213 2994 :
2244 2949 2298 2997 et
2329 2941 2377 2997 si
2410 2946 2625 3001 consilii
2659 2947 2841 3019 imago
2876 2952 2969 3015 sit,
3003 2957 3293 3014 consilium

1723 3022 1903 3093 ipsum
1933 3040 2059 3083 esse
2086 3030 2303 3100 nequit;
2331 3048 2510 3104 neque
2539 3036 2734 3105 virtus,
2757 3040 2807 3094 si
2842 3040 3094 3109 virtutis;
3119 3061 3298 3117 neque

1721 3115 1936 3185 gloria,
1990 3119 2037 3176 si
2081 3121 2299 3191 quidem
2347 3126 2526 3198 imago
2553 3130 2738 3200 gloria:
2785 3141 2890 3188 est.
2929 3133 3065 3190 Nam
3117 3115 3297 3210 imago

1720 3221 1830 3262 non
1865 3210 1951 3265 sui
1988 3210 2200 3282 ipsius,
2254 3215 2352 3271 sed
2400 3219 2626 3277 alterius
2675 3221 2908 3292 alicujus
2964 3225 3142 3298 imago
3190 3238 3296 3285 est.

1722 3296 1832 3354 Sed
1879 3301 1996 3377 haec
2026 3303 2262 3372 insulsa,
2292 3306 2543 3366 Marcelle
2564 3351 2578 3376 ,
2610 3320 2739 3367 sunt
2767 3328 2833 3369 ac
2862 3314 3017 3372 falsa.
3045 3296 3298 3379 Asterius

1720 3391 1866 3446 enim
1897 3395 2080 3450 omnia
2108 3396 2224 3453 haec
2255 3398 2408 3455 illum
2437 3417 2561 3458 esse
2599 3404 2823 3470 indicat,
2851 3424 2973 3478 quae
2999 3411 3161 3484 841
3192 3429 3296 3468 an-

1723 3490 1808 3538 tea
1841 3491 2183 3556 numeravit,
2231 3505 2357 3546 cum
2392 3493 2567 3549 dixit:
2626 3495 2743 3553 Rex
2796 3514 3001 3569 regem,
3034 3501 3294 3561 Dominus

1722 3572 2013 3632 Dominum
2038 3618 2054 3644 ,
2084 3581 2227 3637 Deus
2266 3581 2458 3639 Deum.
2495 3584 2708 3652 Quibus
2733 3590 2917 3645 verbis
2964 3601 3111 3646 tuam
3144 3594 3294 3649 illam

1721 3663 2020 3723 inanimam
2046 3669 2274 3741 emgiem
2301 3710 2319 3736 ,
2353 3688 2418 3729 ac
2447 3676 2563 3730 solo
2584 3716 2598 3739 ,
2624 3686 2684 3732 ut
2711 3679 2996 3737 arbitraris
3015 3722 3029 3745 ,
3058 3682 3297 3743 hommis

1723 3754 1961 3809 artiﬁcio
1996 3761 2352 3815 constitutam
2399 3760 2648 3820 funditus
2680 3767 2893 3822 evertit.
2927 3767 3139 3840 Quippe
3171 3772 3295 3827 illo-

1722 3860 1845 3901 rum
1877 3848 2124 3903 omnium
2155 3851 2332 3906 vivam
2372 3868 2494 3909 esse
2540 3853 2699 3911 docet
2731 3856 3043 3928 imaginem,
3077 3861 3180 3917 hoc
3211 3874 3296 3920 est

1721 3937 1900 4017 vivam
1932 3940 2039 3995 vivi
2091 3942 2357 4011 genitoris
2394 3944 2623 4017 ciligiem
2647 3987 2662 4011 ,
2712 3955 2767 4003 et
2811 3952 3063 4007 essentia;
3100 3968 3294 4011 essen-

1721 4016 1898 4097 tiam',
1930 4041 1985 4085 et
2017 4032 2234 4088 consilii
2284 4016 2574 4090 consilium
2597 4077 2613 4102 ,
2649 4038 2868 4094 virtutis
2908 4041 3160 4097 virtutem
3187 4085 3201 4106 ,
3237 4053 3291 4099 et

1722 4120 1908 4189 gloriae
1932 4123 2202 4193 gloriam;
2250 4141 2427 4196 neque
2462 4142 2628 4195 porro
2656 4129 2743 4184 sui
2782 4129 2987 4200 ipsius,
3023 4132 3116 4186 sed
3152 4135 3293 4190 alte‘

1722 4212 1838 4267 rius
1868 4212 2155 4283 imaginem
2178 4230 2301 4271 esse
2322 4216 2678 4273 demonstrat.
2705 4217 2788 4274 Tu
2815 4235 2945 4276 vero
2971 4237 3096 4276 cum
3121 4223 3290 4280 Deum

1722 4316 1788 4356 ex
1820 4301 1931 4358 Deo
1963 4302 2159 4358 Filium
2193 4320 2317 4362 esse
2352 4308 2515 4373 nolis,
2547 4324 2723 4379 neque
2751 4310 2937 4366 lumen
2965 4311 3033 4367 de
3063 4312 3290 4380 lumine,

92 4399 223 4455 Ἀλλὰ
253 4403 313 4456 τὸ
339 4404 504 4475 σῶμα
540 4403 714 4456 ταῦτα
751 4400 1001 4471 ἀφανίζει
1044 4397 1257 4461 ἀσεϐῶς
1300 4400 1358 4451 ὲν
1390 4398 1454 4468 τῇ
1492 4414 1617 4451 συν-

1737 4404 1901 4461 ncque
1922 4391 2178 4447 virtutem
2207 4409 2273 4448 ex
2306 4395 2530 4460 virtute,
2559 4411 2737 4466 neque
2764 4397 2935 4453 Deum
2955 4437 2971 4462 ,
3004 4414 3181 4469 neque
3205 4400 3289 4455 lu-

82 4491 229 4564 τελείᾳ
277 4494 415 4565 μετὰ
446 4494 672 4547 τούτων.
710 4492 823 4547 Καὶ
873 4493 1011 4563 ἀρνῇ
1063 4489 1162 4560 μὲν
1188 4489 1271 4553 τὸ,
1309 4487 1453 4553 Θεὸς
1479 4483 1559 4558 ἧν
1587 4489 1619 4541 ό

1737 4497 1848 4536 men
1871 4522 1885 4546 ,
1924 4498 2100 4553 neque
2132 4484 2419 4551 virtutem,
2454 4503 2555 4543 nec
2581 4489 2919 4558 essentiam,
2959 4505 3136 4561 neque
3161 4506 3293 4546 con-

84 4582 257 4651 Λόγος,
283 4585 411 4639 Υίὸν
434 4585 494 4638 δὲ
516 4583 652 4638 Θεοῦ
689 4584 893 4647 καλεῖς,
923 4582 958 4652 ἢ
984 4582 1206 4652 ὀνόματι
1242 4580 1409 4650 μόνῳ,
1441 4579 1475 4648 ἢ
1511 4577 1620 4631 τῶν

1737 4571 1929 4637 silium,
1966 4588 2141 4643 neque
2170 4575 2400 4645 gloriam
2432 4592 2554 4632 esse
2581 4576 2780 4632 Filium
2809 4578 3091 4636 existimas
3133 4618 3147 4632 .
3180 4620 3195 4633 .
3226 4619 3239 4633 .
3277 4618 3292 4633 .

84 4670 347 4743 ἀνθρώπων
364 4676 409 4738 ³,
458 4673 527 4727 ἵν’
559 4672 851 4743 ἑτερογενῆ
880 4670 1082 4740 γεννῶν
1121 4671 1204 4739 εἰη
1232 4670 1259 4721 ό
1288 4667 1438 4731 Θεὸς,
1474 4665 1618 4721 θέσει

1737 4662 1819 4718 sed
1849 4663 1963 4719 haec
1992 4664 2156 4734 impie
2184 4681 2405 4736 corpus,
2440 4667 2495 4722 in
2525 4668 2629 4723 line
2656 4670 2871 4735 mundi,
2900 4687 3007 4725 una
3029 4686 3153 4727 cum
3187 4671 3296 4727 illis

84 4764 300 4834 γεννητὸν
332 4765 487 4829 Υίὸν,
521 4763 665 4818 κατὰ
682 4763 766 4825 τὸ,
793 4761 964 4826 Υίσὺς
983 4758 1303 4829 ἐγέννησα,
1333 4755 1430 4810 καί
1465 4754 1620 4825 ὕψω-

1737 4757 2093 4829 axstinguunt.
2116 4757 2191 4813 Ita
2220 4758 2603 4818 Joannisillud
2627 4762 3003 4818 testimonium
3035 4764 3293 4833 abnegas,

83 4864 162 4903 σαο
196 4854 282 4907 καὶ
308 4854 451 4909 κατὰ
479 4854 562 4916 τὸ,
604 4851 877 4907 Ἐλὰϐετε
898 4847 1140 4919 Πνεῦμα
1168 4840 1488 4911 υίοθεσίας’
1525 4848 1620 4902 καὶ

1737 4846 1868 4902 Deus
1904 4859 2021 4903 erat
2062 4850 2285 4904 Verbum
2317 4851 2357 4914 ³,
2403 4850 2542 4906 Filio
2571 4867 2737 4923 porro
2789 4852 2883 4909 Dei
2932 4852 3019 4907 vel
3073 4852 3297 4907 nomine

83 4941 145 5006 τὺ.
187 4946 492 5016 Ἐνέγκατε
513 4944 595 5011 τῷ
625 4943 836 5011 Κυρίῳ,
868 4940 985 4997 υἰοί
1013 4940 1182 4995 Θεοῦ.
1458 5034 1471 5042 .
1592 5034 1603 5042 ⁵

1737 4948 1909 5004 tenus,
1942 4941 2023 4995 vel
2048 4941 2223 4995 solum
2252 4940 2526 4996 hominem
2559 4940 2821 5012 appellas,
2848 4948 2907 4995 ut
2932 4939 3136 4995 diversi
3165 4954 3194 4992 a
3238 4952 3298 4992 se

83 5038 264 5102 generis
313 5037 512 5096 Filium
569 5037 838 5110 producat
889 5034 1074 5097 Deus,
1134 5033 1339 5105 quique
1392 5034 1507 5089 sola
1560 5034 1632 5089 sit
1692 5034 1983 5104 adoptione
2043 5032 2257 5100 Filius,
2308 5036 2617 5105 eujusmodi
2665 5037 2720 5091 in
2779 5035 2891 5136 illis
2933 5032 3090 5136 locis
3114 5032 3296 5136 expri-

85 5130 245 5184 mitur:
288 5129 460 5187 Filios
510 5131 705 5202 genui,
756 5136 806 5184 et
856 5127 1088 5183 excitavi
1121 5124 1180 5193 ‘;
1239 5126 1408 5181 item:
1468 5126 1758 5196 Accepistis
1816 5129 2073 5198 Spiritum
2134 5129 2432 5198 adoptionis
2462 5130 2518 5193 ';
2569 5129 2733 5231 item:
2793 5128 2990 5196 Alferte
3048 5124 3290 5188 Domino,

120 5219 168 5272 βξ
190 5219 275 5274 Dei
293 5220 338 5275 ‘.

120 5219 168 5272 με
265 5220 338 5275 π.

87 5217 115 5283 ﬁ
139 5219 315 5376 052:;
345 5306 463 5374 οῦν,
499 5313 594 5366 καὶ
618 5311 920 5382 δυνάμεως,
945 5310 1039 5364 καὶ
1084 5307 1297 5405 βουλῆς..
1457 5306 1616 5405 δόξης

1792 5304 1926 5358 Cum
1978 5304 2143 5373 igitur
2184 5303 2431 5358 Asterius
2489 5302 2685 5358 Filium
2732 5310 2972 5373 paternae
3022 5304 3291 5369 cssentiae,

88 5394 469 5471 ἀπαράλλακτον
499 5404 674 5471 λέγων
719 5402 995 5471 Ἀστέριος
1023 5400 1205 5455 είκόνα
1238 5399 1331 5453 τὸν
1357 5398 1483 5452 Υἱὸν
1522 5396 1617 5450 τοῦ

1737 5396 1964 5458 virtutis,
1993 5393 2227 5457 consilii,
2261 5395 2551 5463 gloriaeque
2590 5393 2747 5469 nulla
2769 5408 2827 5447 re
2859 5392 3124 5449 diversam
3155 5394 3292 5448 ima-

144 5555 297 5627 fllzc
320 5559 403 5612 vel
429 5559 610 5612 alieno
654 5558 776 5611 loco
825 5558 1025 5627 posita,
1072 5554 1161 5627 vel
1218 5559 1473 5621 corrupta
1514 5566 1615 5605 sun

1741 5551 1761 5582 ’
1789 5548 1849 5603 F.
1874 5548 1963 5601 τὸν
1995 5547 2300 5617 ἄνθρωπον.
2377 5548 2396 5577 ³
2425 5545 2623 5602 Jerem.
2651 5562 2784 5611 χιιι,
2816 5546 2907 5602 30.
2980 5554 3003 5578 ⁸
3036 5547 3137 5602 lsa.
3169 5560 3209 5613 ti,
3236 5544 3293 5600 Ξ.

86 5616 264 5681 δΒοιη.
294 5644 415 5693 vui,
452 5627 538 5681 15.
613 5630 633 5658 ⁶
671 5616 1036 5689 PaL-XXVIII,
1069 5625 1115 5679 Ι.
1166 5704 1175 5713 κ
1384 5628 1385 5631 ’

253 5766 527 5847 Pnaot.
568 5766 681 5826 (in.
730 5766 779 5827 Χ
796 5764 924 5856 LII.

2911 5744 2985 5804 13
