  <div class='ocr_page' id='page_1' title='image "/cluster/home/n/w/nwhite01/storage/ocr_20150623/42/hvd.32044011752995/197.png"; bbox 0 0 3798 6212; ppageno 0'>
   <div class='ocr_carea' id='block_1_1' title="bbox 480 230 3708 299">
    <p class='ocr_par' dir='ltr' id='par_1_1' title="bbox 480 230 3708 299">
     <span class='ocr_line' id='line_1_1' title="bbox 480 230 3708 299; baseline -0.001 -7"><span class='ocrx_word' id='word_1_1' title='bbox 480 235 586 296; x_wconf 70' lang='lat'><strong>£95</strong></span> <span class='ocrx_word' id='word_1_2' title='bbox 1913 231 1970 288; x_wconf 85' lang='lat' dir='ltr'><strong>S.</strong></span> <span class='ocrx_word' id='word_1_3' title='bbox 2003 230 2342 290; x_wconf 73' lang='lat' dir='ltr'><strong>EPIPHAN&quot;</strong></span> <span class='ocrx_word' id='word_1_4' title='bbox 3629 239 3708 299; x_wconf 65' lang='grc' dir='ltr'><strong>ως</strong></span> 
     </span>
    </p>
   </div>
   <div class='ocr_carea' id='block_1_2' title="bbox 480 346 1980 431">
    <p class='ocr_par' dir='ltr' id='par_1_2' title="bbox 480 351 1973 425">
     <span class='ocr_line' id='line_1_2' title="bbox 480 351 1973 425; baseline -0.003 -15"><span class='ocrx_word' id='word_1_5' title='bbox 480 355 658 424; x_wconf 85' lang='lat' dir='ltr'><strong>ginem</strong></span> <span class='ocrx_word' id='word_1_6' title='bbox 682 369 803 412; x_wconf 81' lang='lat' dir='ltr'><strong>esse</strong></span> <span class='ocrx_word' id='word_1_7' title='bbox 830 354 980 420; x_wconf 88' lang='lat' dir='ltr'><strong>velit,</strong></span> <span class='ocrx_word' id='word_1_8' title='bbox 1024 366 1253 411; x_wconf 82' lang='lat' dir='ltr'><strong>necesse</strong></span> <span class='ocrx_word' id='word_1_9' title='bbox 1294 358 1399 421; x_wconf 90' lang='lat' dir='ltr'><strong>est,</strong></span> <span class='ocrx_word' id='word_1_10' title='bbox 1425 358 1483 408; x_wconf 92' lang='lat' dir='ltr'><strong>ut</strong></span> <span class='ocrx_word' id='word_1_11' title='bbox 1514 358 1795 425; x_wconf 86' lang='lat' dir='ltr'><strong>paternas,</strong></span> <span class='ocrx_word' id='word_1_12' title='bbox 1823 351 1973 408; x_wconf 89' lang='lat' dir='ltr'><strong>velut</strong></span> 
     </span>
    </p>
   </div>
   <div class='ocr_carea' id='block_1_3' title="bbox 2205 346 3705 431">
    <p class='ocr_par' dir='ltr' id='par_1_3' title="bbox 2205 353 3705 431">
     <span class='ocr_line' id='line_1_3' title="bbox 2205 353 3705 431; baseline -0.003 -19"><span class='ocrx_word' id='word_1_13' title='bbox 2205 361 2411 431; x_wconf 80' lang='grc' dir='ltr'>ἰατρὸς,</span> <span class='ocrx_word' id='word_1_14' title='bbox 2451 356 2671 425; x_wconf 80' lang='grc' dir='ltr'>πάντως</span> <span class='ocrx_word' id='word_1_15' title='bbox 2698 356 2862 413; x_wconf 73' lang='grc' dir='ltr'>οἱονεὶ</span> <span class='ocrx_word' id='word_1_16' title='bbox 2894 354 3022 422; x_wconf 71' lang='grc' dir='ltr'>τοὺς</span> <span class='ocrx_word' id='word_1_17' title='bbox 3062 353 3364 426; x_wconf 74' lang='grc' dir='ltr'><strong>πατρικοὺς</strong></span> <span class='ocrx_word' id='word_1_18' title='bbox 3395 355 3705 426; x_wconf 72' lang='grc' dir='ltr'><strong>χαρακτῆρας</strong></span> 
     </span>
    </p>
   </div>
   <div class='ocr_carea' id='block_1_4' title="bbox 487 446 1987 523">
    <p class='ocr_par' dir='ltr' id='par_1_4' title="bbox 487 446 1987 517">
     <span class='ocr_line' id='line_1_4' title="bbox 487 446 1987 517; baseline -0.005 -11"><span class='ocrx_word' id='word_1_19' title='bbox 487 448 621 510; x_wconf 86' lang='lat' dir='ltr'><strong>tilio,</strong></span> <span class='ocrx_word' id='word_1_20' title='bbox 663 456 825 504; x_wconf 87' lang='lat' dir='ltr'><strong>notas</strong></span> <span class='ocrx_word' id='word_1_21' title='bbox 858 461 922 503; x_wconf 89' lang='lat' dir='ltr'><strong>ac</strong></span> <span class='ocrx_word' id='word_1_22' title='bbox 942 446 1144 517; x_wconf 82' lang='lat' dir='ltr'><strong>ﬁguras</strong></span> <span class='ocrx_word' id='word_1_23' title='bbox 1170 446 1351 503; x_wconf 90' lang='lat' dir='ltr'><strong>inesse</strong></span> <span class='ocrx_word' id='word_1_24' title='bbox 1361 446 1714 516; x_wconf 88' lang='lat' dir='ltr'><strong>judicaverit,</strong></span> <span class='ocrx_word' id='word_1_25' title='bbox 1744 460 1919 516; x_wconf 83' lang='lat' dir='ltr'><strong>eaque</strong></span> <span class='ocrx_word' id='word_1_26' title='bbox 1946 462 1987 516; x_wconf 79' lang='lat' dir='ltr'><strong>q&#39;</strong></span> 
     </span>
    </p>
   </div>
   <div class='ocr_carea' id='block_1_5' title="bbox 2205 446 3705 523">
    <p class='ocr_par' dir='ltr' id='par_1_5' title="bbox 2207 447 3705 523">
     <span class='ocr_line' id='line_1_5' title="bbox 2207 447 3705 523; baseline -0.001 -18"><span class='ocrx_word' id='word_1_27' title='bbox 2207 455 2375 507; x_wconf 82' lang='grc' dir='ltr'>νεῖναι</span> <span class='ocrx_word' id='word_1_28' title='bbox 2429 452 2581 523; x_wconf 86' lang='grc' dir='ltr'><strong>λέγει</strong></span> <span class='ocrx_word' id='word_1_29' title='bbox 2630 451 2710 523; x_wconf 84' lang='grc' dir='ltr'>τῷ</span> <span class='ocrx_word' id='word_1_30' title='bbox 2737 448 2874 521; x_wconf 83' lang='grc' dir='ltr'><strong>Υίῷ,</strong></span> <span class='ocrx_word' id='word_1_31' title='bbox 2896 450 2992 503; x_wconf 72' lang='grc' dir='ltr'><strong>καὶ</strong></span> <span class='ocrx_word' id='word_1_32' title='bbox 3029 448 3099 501; x_wconf 88' lang='grc' dir='ltr'>τὰ</span> <span class='ocrx_word' id='word_1_33' title='bbox 3124 447 3479 518; x_wconf 77' lang='grc' dir='ltr'>ὲπινοούμενα</span> <span class='ocrx_word' id='word_1_34' title='bbox 3506 448 3594 503; x_wconf 81' lang='grc' dir='ltr'>τοῦ</span> <span class='ocrx_word' id='word_1_35' title='bbox 3620 450 3705 503; x_wconf 75' lang='grc' dir='ltr'><strong>Πα-</strong></span> 
     </span>
    </p>
   </div>
   <div class='ocr_carea' id='block_1_6' title="bbox 479 536 1979 619">
    <p class='ocr_par' dir='ltr' id='par_1_6' title="bbox 479 536 1979 609">
     <span class='ocr_line' id='line_1_6' title="bbox 479 536 1979 609; baseline 0.001 -17"><span class='ocrx_word' id='word_1_36' title='bbox 479 538 544 593; x_wconf 89' lang='lat' dir='ltr'><strong>de</strong></span> <span class='ocrx_word' id='word_1_37' title='bbox 572 537 737 596; x_wconf 81' lang='lat' dir='ltr'><strong>Patre</strong></span> <span class='ocrx_word' id='word_1_38' title='bbox 786 539 972 595; x_wconf 81' lang='lat' dir='ltr'><strong>animo</strong></span> <span class='ocrx_word' id='word_1_39' title='bbox 1022 538 1428 609; x_wconf 80' lang='lat' dir='ltr'><strong>concipiuntur,</strong></span> <span class='ocrx_word' id='word_1_40' title='bbox 1491 538 1547 592; x_wconf 90' lang='lat' dir='ltr'><strong>in</strong></span> <span class='ocrx_word' id='word_1_41' title='bbox 1606 536 1744 593; x_wconf 85' lang='lat' dir='ltr'><strong>Filio</strong></span> <span class='ocrx_word' id='word_1_42' title='bbox 1782 552 1979 607; x_wconf 81' lang='lat' dir='ltr'><strong>expres</strong></span> 
     </span>
    </p>
   </div>
   <div class='ocr_carea' id='block_1_7' title="bbox 2205 536 3705 619">
    <p class='ocr_par' dir='ltr' id='par_1_7' title="bbox 2210 539 3705 619">
     <span class='ocr_line' id='line_1_7' title="bbox 2210 539 3705 619; baseline -0.003 -19"><span class='ocrx_word' id='word_1_43' title='bbox 2210 545 2301 619; x_wconf 84' lang='grc' dir='ltr'><strong>ρδς</strong></span> <span class='ocrx_word' id='word_1_44' title='bbox 2328 544 2694 610; x_wconf 82' lang='grc' dir='ltr'>τετυπῶσθαι,</span> <span class='ocrx_word' id='word_1_45' title='bbox 2735 543 2769 615; x_wconf 80' lang='grc' dir='ltr'><strong>ἢ</strong></span> <span class='ocrx_word' id='word_1_46' title='bbox 2796 541 3043 596; x_wconf 74' lang='grc' dir='ltr'><strong>δεδόσθαι</strong></span> <span class='ocrx_word' id='word_1_47' title='bbox 3073 540 3154 612; x_wconf 84' lang='grc' dir='ltr'><strong>τῷ</strong></span> <span class='ocrx_word' id='word_1_48' title='bbox 3176 539 3311 611; x_wconf 82' lang='grc' dir='ltr'><strong>Υίῷ,</strong></span> <span class='ocrx_word' id='word_1_49' title='bbox 3333 540 3432 594; x_wconf 82' lang='grc' dir='ltr'>οὑκ</span> <span class='ocrx_word' id='word_1_50' title='bbox 3455 540 3580 596; x_wconf 73' lang='grc' dir='ltr'>ἀλλα</span> <span class='ocrx_word' id='word_1_51' title='bbox 3607 547 3705 612; x_wconf 79' lang='grc' dir='ltr'>παρ’</span> 
     </span>
    </p>
   </div>
   <div class='ocr_carea' id='block_1_8' title="bbox 477 628 1977 706">
    <p class='ocr_par' dir='ltr' id='par_1_8' title="bbox 477 628 1977 702">
     <span class='ocr_line' id='line_1_8' title="bbox 477 628 1977 702; baseline -0.002 -17"><span class='ocrx_word' id='word_1_52' title='bbox 477 631 562 685; x_wconf 97' lang='lat' dir='ltr'><strong>vel</strong></span> <span class='ocrx_word' id='word_1_53' title='bbox 591 632 639 687; x_wconf 84' lang='lat' dir='ltr'><strong>ei</strong></span> <span class='ocrx_word' id='word_1_54' title='bbox 668 645 955 696; x_wconf 90' lang='lat' dir='ltr'><strong>concessa,</strong></span> <span class='ocrx_word' id='word_1_55' title='bbox 978 646 1099 702; x_wconf 73' lang='lat' dir='ltr'><strong>qua:</strong></span> <span class='ocrx_word' id='word_1_56' title='bbox 1126 647 1233 687; x_wconf 91' lang='lat' dir='ltr'><strong>non</strong></span> <span class='ocrx_word' id='word_1_57' title='bbox 1264 630 1376 686; x_wconf 87' lang='lat' dir='ltr'><strong>sint</strong></span> <span class='ocrx_word' id='word_1_58' title='bbox 1404 629 1473 683; x_wconf 94' lang='lat' dir='ltr'><strong>ab</strong></span> <span class='ocrx_word' id='word_1_59' title='bbox 1496 629 1615 700; x_wconf 90' lang='lat' dir='ltr'><strong>ipso</strong></span> <span class='ocrx_word' id='word_1_60' title='bbox 1637 628 1798 684; x_wconf 86' lang='lat' dir='ltr'><strong>Patre</strong></span> <span class='ocrx_word' id='word_1_61' title='bbox 1827 629 1977 684; x_wconf 91' lang='lat' dir='ltr'><strong>diver</strong></span> 
     </span>
    </p>
   </div>
   <div class='ocr_carea' id='block_1_9' title="bbox 2206 628 3706 706">
    <p class='ocr_par' dir='ltr' id='par_1_9' title="bbox 2206 629 3706 706">
     <span class='ocr_line' id='line_1_9' title="bbox 2206 629 3706 706; baseline -0.003 -16"><span class='ocrx_word' id='word_1_62' title='bbox 2206 638 2338 691; x_wconf 67' lang='grc' dir='ltr'>εὐτὸν</span> <span class='ocrx_word' id='word_1_63' title='bbox 2370 637 2521 692; x_wconf 75' lang='grc' dir='ltr'>ὄντα.</span> <span class='ocrx_word' id='word_1_64' title='bbox 2576 636 2764 691; x_wconf 80' lang='grc' dir='ltr'><strong>Πάντα</strong></span> <span class='ocrx_word' id='word_1_65' title='bbox 2785 631 2878 690; x_wconf 83' lang='grc' dir='ltr'>οὖν</span> <span class='ocrx_word' id='word_1_66' title='bbox 2906 634 2942 689; x_wconf 73' lang='grc' dir='ltr'>ἃ</span> <span class='ocrx_word' id='word_1_67' title='bbox 2965 636 3247 706; x_wconf 78' lang='grc' dir='ltr'><strong>προεῖπεν,</strong></span> <span class='ocrx_word' id='word_1_68' title='bbox 3272 632 3429 687; x_wconf 76' lang='grc' dir='ltr'>αὐτὸν</span> <span class='ocrx_word' id='word_1_69' title='bbox 3453 629 3583 687; x_wconf 74' lang='grc' dir='ltr'>εἶναι</span> <span class='ocrx_word' id='word_1_70' title='bbox 3603 634 3706 705; x_wconf 72' lang='grc' dir='ltr'><strong>βού-</strong></span> 
     </span>
    </p>
   </div>
   <div class='ocr_carea' id='block_1_10' title="bbox 481 719 1981 800">
    <p class='ocr_par' dir='ltr' id='par_1_10' title="bbox 481 719 1981 794">
     <span class='ocr_line' id='line_1_10' title="bbox 481 719 1981 794; baseline -0.001 -18"><span class='ocrx_word' id='word_1_71' title='bbox 481 723 622 793; x_wconf 85' lang='lat' dir='ltr'><strong>Ergo</strong></span> <span class='ocrx_word' id='word_1_72' title='bbox 653 722 769 779; x_wconf 71' lang='lat' dir='ltr'><strong>hzec</strong></span> <span class='ocrx_word' id='word_1_73' title='bbox 808 739 928 794; x_wconf 65' lang='lat' dir='ltr'><strong>quae</strong></span> <span class='ocrx_word' id='word_1_74' title='bbox 957 722 1170 778; x_wconf 76' lang='lat' dir='ltr'><strong>dixerat</strong></span> <span class='ocrx_word' id='word_1_75' title='bbox 1192 722 1372 777; x_wconf 88' lang='lat' dir='ltr'><strong>omnia</strong></span> <span class='ocrx_word' id='word_1_76' title='bbox 1395 736 1517 776; x_wconf 90' lang='lat' dir='ltr'><strong>esse</strong></span> <span class='ocrx_word' id='word_1_77' title='bbox 1549 721 1667 775; x_wconf 90' lang='lat' dir='ltr'><strong>vult</strong></span> <span class='ocrx_word' id='word_1_78' title='bbox 1697 720 1918 777; x_wconf 91' lang='lat' dir='ltr'><strong>Filium.</strong></span> <span class='ocrx_word' id='word_1_79' title='bbox 1945 719 1981 774; x_wconf 59' lang='lat' dir='ltr'>IV</span> 
     </span>
    </p>
   </div>
   <div class='ocr_carea' id='block_1_11' title="bbox 2205 719 3705 800">
    <p class='ocr_par' dir='ltr' id='par_1_11' title="bbox 2205 723 3705 800">
     <span class='ocr_line' id='line_1_11' title="bbox 2205 723 3705 800; baseline -0.001 -19"><span class='ocrx_word' id='word_1_80' title='bbox 2205 746 2353 783; x_wconf 82' lang='grc' dir='ltr'>εται.</span> <span class='ocrx_word' id='word_1_81' title='bbox 2389 730 2464 783; x_wconf 79' lang='grc' dir='ltr'><strong>Οὐ</strong></span> <span class='ocrx_word' id='word_1_82' title='bbox 2498 726 2608 799; x_wconf 84' lang='grc' dir='ltr'>γὰρ</span> <span class='ocrx_word' id='word_1_83' title='bbox 2646 727 2746 800; x_wconf 82' lang='grc' dir='ltr'>τὴν</span> <span class='ocrx_word' id='word_1_84' title='bbox 2775 727 2839 779; x_wconf 74' lang='grc' dir='ltr'>ἐν</span> <span class='ocrx_word' id='word_1_85' title='bbox 2887 724 3175 797; x_wconf 86' lang='grc' dir='ltr'>χρώμασιν</span> <span class='ocrx_word' id='word_1_86' title='bbox 3232 723 3413 777; x_wconf 84' lang='grc' dir='ltr'>εἰκόνα</span> <span class='ocrx_word' id='word_1_87' title='bbox 3454 726 3577 790; x_wconf 86' lang='grc' dir='ltr'>νοεῖ,</span> <span class='ocrx_word' id='word_1_88' title='bbox 3617 726 3705 780; x_wconf 56' lang='lat' dir='ltr'><strong>alii</strong></span> 
     </span>
    </p>
   </div>
   <div class='ocr_carea' id='block_1_12' title="bbox 477 813 1977 891">
    <p class='ocr_par' dir='ltr' id='par_1_12' title="bbox 477 813 1977 883">
     <span class='ocr_line' id='line_1_12' title="bbox 477 813 1977 883; baseline 0 -14"><span class='ocrx_word' id='word_1_89' title='bbox 477 814 623 869; x_wconf 83' lang='lat' dir='ltr'><strong>enim</strong></span> <span class='ocrx_word' id='word_1_90' title='bbox 651 815 797 879; x_wconf 82' lang='lat' dir='ltr'><strong>velut</strong></span> <span class='ocrx_word' id='word_1_91' title='bbox 823 814 1202 870; x_wconf 81' lang='lat' dir='ltr'><strong>adumbratam</strong></span> <span class='ocrx_word' id='word_1_92' title='bbox 1239 813 1519 870; x_wconf 90' lang='lat' dir='ltr'><strong>coloribus</strong></span> <span class='ocrx_word' id='word_1_93' title='bbox 1570 813 1863 883; x_wconf 80' lang='lat' dir='ltr'><strong>imaginem</strong></span> <span class='ocrx_word' id='word_1_94' title='bbox 1917 827 1977 869; x_wconf 90' lang='lat' dir='ltr'><strong>co</strong></span> 
     </span>
    </p>
   </div>
   <div class='ocr_carea' id='block_1_13' title="bbox 2207 813 3707 891">
    <p class='ocr_par' dir='ltr' id='par_1_13' title="bbox 2210 815 3707 891">
     <span class='ocr_line' id='line_1_13' title="bbox 2210 815 3707 891; baseline -0.001 -18"><span class='ocrx_word' id='word_1_95' title='bbox 2210 820 2357 891; x_wconf 90' lang='grc' dir='ltr'>ρίτον</span> <span class='ocrx_word' id='word_1_96' title='bbox 2395 819 2685 891; x_wconf 81' lang='grc' dir='ltr'><strong>ζωγράφον</strong></span> <span class='ocrx_word' id='word_1_97' title='bbox 2709 818 2942 887; x_wconf 81' lang='grc' dir='ltr'><strong>εἰσάγει,</strong></span> <span class='ocrx_word' id='word_1_98' title='bbox 2971 817 3055 871; x_wconf 83' lang='lat' dir='ltr'><strong>&#39;t&#39;va</strong></span> <span class='ocrx_word' id='word_1_99' title='bbox 3078 815 3472 885; x_wconf 80' lang='grc' dir='ltr'><strong>διαφωνοῦντος</strong></span> <span class='ocrx_word' id='word_1_100' title='bbox 3500 816 3621 887; x_wconf 76' lang='grc' dir='ltr'>πρὸς</span> <span class='ocrx_word' id='word_1_101' title='bbox 3639 818 3707 871; x_wconf 64' lang='grc' dir='ltr'><strong>τὸν</strong></span> 
     </span>
    </p>
   </div>
   <div class='ocr_carea' id='block_1_14' title="bbox 479 903 1979 981">
    <p class='ocr_par' dir='ltr' id='par_1_14' title="bbox 479 904 1974 975">
     <span class='ocr_line' id='line_1_14' title="bbox 479 904 1974 975; baseline 0.001 -18"><span class='ocrx_word' id='word_1_102' title='bbox 479 905 655 973; x_wconf 89' lang='lat' dir='ltr'><strong>tavit;</strong></span> <span class='ocrx_word' id='word_1_103' title='bbox 698 920 876 974; x_wconf 88' lang='lat' dir='ltr'><strong>neque</strong></span> <span class='ocrx_word' id='word_1_104' title='bbox 925 906 1150 959; x_wconf 88' lang='lat' dir='ltr'><strong>tertium</strong></span> <span class='ocrx_word' id='word_1_105' title='bbox 1205 904 1468 975; x_wconf 88' lang='lat' dir='ltr'><strong>pictorem</strong></span> <span class='ocrx_word' id='word_1_106' title='bbox 1511 904 1736 968; x_wconf 81' lang='lat' dir='ltr'><strong>invexit,</strong></span> <span class='ocrx_word' id='word_1_107' title='bbox 1768 912 1827 959; x_wconf 91' lang='lat' dir='ltr'><strong>ut</strong></span> <span class='ocrx_word' id='word_1_108' title='bbox 1856 904 1974 961; x_wconf 89' lang='lat' dir='ltr'><strong>disc</strong></span> 
     </span>
    </p>
   </div>
   <div class='ocr_carea' id='block_1_15' title="bbox 2202 903 3702 981">
    <p class='ocr_par' dir='ltr' id='par_1_15' title="bbox 2202 903 3702 981">
     <span class='ocr_line' id='line_1_15' title="bbox 2202 903 3702 981; baseline -0.005 -20"><span class='ocrx_word' id='word_1_109' title='bbox 2202 909 2397 980; x_wconf 86' lang='grc' dir='ltr'>Ιατέρα</span> <span class='ocrx_word' id='word_1_110' title='bbox 2423 908 2512 963; x_wconf 82' lang='grc' dir='ltr'><strong>διὰ</strong></span> <span class='ocrx_word' id='word_1_111' title='bbox 2546 909 2854 981; x_wconf 82' lang='grc' dir='ltr'><strong>χρωμάτων</strong></span> <span class='ocrx_word' id='word_1_112' title='bbox 2889 905 2989 970; x_wconf 84' lang='grc' dir='ltr'>τὰς</span> <span class='ocrx_word' id='word_1_113' title='bbox 3026 905 3319 975; x_wconf 82' lang='grc' dir='ltr'><strong>ποιότητας</strong></span> <span class='ocrx_word' id='word_1_114' title='bbox 3349 903 3576 974; x_wconf 83' lang='grc' dir='ltr'>ἀλλαχοῦ</span> <span class='ocrx_word' id='word_1_115' title='bbox 3599 906 3702 975; x_wconf 80' lang='grc' dir='ltr'>γρά-</span> 
     </span>
    </p>
   </div>
   <div class='ocr_carea' id='block_1_16' title="bbox 477 995 1977 1074">
    <p class='ocr_par' dir='ltr' id='par_1_16' title="bbox 477 996 1977 1069">
     <span class='ocr_line' id='line_1_16' title="bbox 477 996 1977 1069; baseline 0.001 -18"><span class='ocrx_word' id='word_1_116' title='bbox 477 999 660 1067; x_wconf 88' lang='lat' dir='ltr'><strong>pantis</strong></span> <span class='ocrx_word' id='word_1_117' title='bbox 692 1014 721 1051; x_wconf 91' lang='lat' dir='ltr'><strong>a</strong></span> <span class='ocrx_word' id='word_1_118' title='bbox 752 998 912 1066; x_wconf 79' lang='lat' dir='ltr'><strong>Patre</strong></span> <span class='ocrx_word' id='word_1_119' title='bbox 939 996 1082 1061; x_wconf 83' lang='lat' dir='ltr'><strong>Filii,</strong></span> <span class='ocrx_word' id='word_1_120' title='bbox 1123 998 1203 1054; x_wconf 92' lang='lat' dir='ltr'><strong>sic</strong></span> <span class='ocrx_word' id='word_1_121' title='bbox 1235 1005 1497 1067; x_wconf 86' lang='lat' dir='ltr'><strong>tanquam</strong></span> <span class='ocrx_word' id='word_1_122' title='bbox 1523 998 1805 1053; x_wconf 89' lang='lat' dir='ltr'><strong>coloribus</strong></span> <span class='ocrx_word' id='word_1_123' title='bbox 1833 998 1977 1069; x_wconf 86' lang='lat' dir='ltr'><strong>quali</strong></span> 
     </span>
    </p>
   </div>
   <div class='ocr_carea' id='block_1_17' title="bbox 2208 995 3708 1074">
    <p class='ocr_par' dir='ltr' id='par_1_17' title="bbox 2208 995 3708 1074">
     <span class='ocr_line' id='line_1_17' title="bbox 2208 995 3708 1074; baseline -0.004 -20"><span class='ocrx_word' id='word_1_124' title='bbox 2208 1017 2272 1074; x_wconf 79' lang='grc' dir='ltr'>ιῃ,</span> <span class='ocrx_word' id='word_1_125' title='bbox 2303 1000 2397 1055; x_wconf 70' lang='grc' dir='ltr'>καὶ</span> <span class='ocrx_word' id='word_1_126' title='bbox 2429 999 2587 1054; x_wconf 80' lang='grc' dir='ltr'>τοῦτο</span> <span class='ocrx_word' id='word_1_127' title='bbox 2618 1000 2749 1053; x_wconf 83' lang='grc' dir='ltr'>Υἱὸν</span> <span class='ocrx_word' id='word_1_128' title='bbox 2790 998 2964 1053; x_wconf 87' lang='grc' dir='ltr'>καλεῖ.</span> <span class='ocrx_word' id='word_1_129' title='bbox 2994 996 3153 1051; x_wconf 71' lang='grc' dir='ltr'>Οὕτω</span> <span class='ocrx_word' id='word_1_130' title='bbox 3180 995 3290 1067; x_wconf 82' lang='grc' dir='ltr'>γὰρ</span> <span class='ocrx_word' id='word_1_131' title='bbox 3316 996 3384 1048; x_wconf 81' lang='grc' dir='ltr'>σὺ</span> <span class='ocrx_word' id='word_1_132' title='bbox 3413 995 3619 1064; x_wconf 77' lang='grc' dir='ltr'>νοήσας,</span> <span class='ocrx_word' id='word_1_133' title='bbox 3638 997 3708 1050; x_wconf 72' lang='lat' dir='ltr'><strong>iui</strong></span> 
     </span>
    </p>
   </div>
   <div class='ocr_carea' id='block_1_18' title="bbox 478 1084 1978 1162">
    <p class='ocr_par' dir='ltr' id='par_1_18' title="bbox 478 1090 1978 1160">
     <span class='ocr_line' id='line_1_18' title="bbox 478 1090 1978 1160; baseline 0.001 -17"><span class='ocrx_word' id='word_1_134' title='bbox 478 1102 561 1144; x_wconf 87' lang='lat' dir='ltr'><strong>tes</strong></span> <span class='ocrx_word' id='word_1_135' title='bbox 600 1090 726 1145; x_wconf 86' lang='lat' dir='ltr'><strong>alibi</strong></span> <span class='ocrx_word' id='word_1_136' title='bbox 771 1090 1123 1160; x_wconf 76' lang='lat' dir='ltr'><strong>exprimeret,</strong></span> <span class='ocrx_word' id='word_1_137' title='bbox 1189 1090 1352 1160; x_wconf 88' lang='lat' dir='ltr'><strong>idque</strong></span> <span class='ocrx_word' id='word_1_138' title='bbox 1404 1090 1585 1160; x_wconf 92' lang='lat' dir='ltr'><strong>ipsum</strong></span> <span class='ocrx_word' id='word_1_139' title='bbox 1645 1091 1978 1160; x_wconf 76' lang='lat' dir='ltr'><strong>appellaret</strong></span> 
     </span>
    </p>
   </div>
   <div class='ocr_carea' id='block_1_19' title="bbox 2206 1084 3706 1162">
    <p class='ocr_par' dir='ltr' id='par_1_19' title="bbox 2206 1084 3706 1162">
     <span class='ocr_line' id='line_1_19' title="bbox 2206 1084 3706 1162; baseline -0.001 -20"><span class='ocrx_word' id='word_1_140' title='bbox 2206 1090 2252 1161; x_wconf 72' lang='grc' dir='ltr'>ιὴ</span> <span class='ocrx_word' id='word_1_141' title='bbox 2296 1090 2519 1160; x_wconf 85' lang='grc' dir='ltr'>νοήσας,</span> <span class='ocrx_word' id='word_1_142' title='bbox 2556 1090 2683 1162; x_wconf 79' lang='grc' dir='ltr'><strong>φῄς.</strong></span> <span class='ocrx_word' id='word_1_143' title='bbox 2720 1089 2930 1143; x_wconf 75' lang='grc' dir='ltr'>Οὐκοῦν</span> <span class='ocrx_word' id='word_1_144' title='bbox 2972 1089 3022 1141; x_wconf 87' lang='grc' dir='ltr'><strong>εί</strong></span> <span class='ocrx_word' id='word_1_145' title='bbox 3055 1088 3243 1150; x_wconf 80' lang='grc' dir='ltr'>οὐσίας</span> <span class='ocrx_word' id='word_1_146' title='bbox 3275 1086 3425 1139; x_wconf 74' lang='grc' dir='ltr'>ἐστὶν</span> <span class='ocrx_word' id='word_1_147' title='bbox 3462 1084 3629 1150; x_wconf 77' lang='grc' dir='ltr'>εἰκὼν,</span> <span class='ocrx_word' id='word_1_148' title='bbox 3662 1087 3706 1140; x_wconf 72' lang='grc' dir='ltr'>οὐ</span> 
     </span>
    </p>
   </div>
   <div class='ocr_carea' id='block_1_20' title="bbox 476 1177 1976 1253">
    <p class='ocr_par' dir='ltr' id='par_1_20' title="bbox 476 1180 1976 1253">
     <span class='ocr_line' id='line_1_20' title="bbox 476 1180 1976 1253; baseline 0.001 -18"><span class='ocrx_word' id='word_1_149' title='bbox 476 1180 630 1237; x_wconf 88' lang='lat' dir='ltr'><strong>lium.</strong></span> <span class='ocrx_word' id='word_1_150' title='bbox 683 1181 799 1237; x_wconf 79' lang='lat' dir='ltr'><strong>Hoc</strong></span> <span class='ocrx_word' id='word_1_151' title='bbox 832 1183 974 1237; x_wconf 86' lang='lat' dir='ltr'><strong>enim</strong></span> <span class='ocrx_word' id='word_1_152' title='bbox 1008 1189 1064 1236; x_wconf 91' lang='lat' dir='ltr'><strong>tu</strong></span> <span class='ocrx_word' id='word_1_153' title='bbox 1120 1182 1232 1238; x_wconf 84' lang='lat' dir='ltr'><strong>sive</strong></span> <span class='ocrx_word' id='word_1_154' title='bbox 1265 1183 1529 1253; x_wconf 86' lang='lat' dir='ltr'><strong>prudens,</strong></span> <span class='ocrx_word' id='word_1_155' title='bbox 1576 1182 1695 1238; x_wconf 85' lang='lat' dir='ltr'><strong>sive</strong></span> <span class='ocrx_word' id='word_1_156' title='bbox 1747 1182 1976 1253; x_wconf 66' lang='lat' dir='ltr'><strong>imprudl</strong></span> 
     </span>
    </p>
   </div>
   <div class='ocr_carea' id='block_1_21' title="bbox 2206 1177 3706 1253">
    <p class='ocr_par' dir='ltr' id='par_1_21' title="bbox 2206 1177 3706 1248">
     <span class='ocr_line' id='line_1_21' title="bbox 2206 1177 3706 1248; baseline -0.002 -15"><span class='ocrx_word' id='word_1_157' title='bbox 2206 1182 2397 1235; x_wconf 85' lang='grc' dir='ltr'>ύναται</span> <span class='ocrx_word' id='word_1_158' title='bbox 2427 1182 2721 1237; x_wconf 83' lang='grc' dir='ltr'>αὑτοουσία</span> <span class='ocrx_word' id='word_1_159' title='bbox 2755 1178 2932 1235; x_wconf 74' lang='grc' dir='ltr'>εἶναι·</span> <span class='ocrx_word' id='word_1_160' title='bbox 2979 1180 3073 1235; x_wconf 74' lang='grc' dir='ltr'>καὶ</span> <span class='ocrx_word' id='word_1_161' title='bbox 3110 1181 3161 1233; x_wconf 85' lang='grc' dir='ltr'><strong>εί</strong></span> <span class='ocrx_word' id='word_1_162' title='bbox 3201 1178 3420 1248; x_wconf 85' lang='grc' dir='ltr'>βουλῆς,</span> <span class='ocrx_word' id='word_1_163' title='bbox 3448 1177 3615 1231; x_wconf 79' lang='grc' dir='ltr'>οὐκέτι</span> <span class='ocrx_word' id='word_1_164' title='bbox 3638 1179 3706 1231; x_wconf 71' lang='grc' dir='ltr'><strong>αὖ·</strong></span> 
     </span>
    </p>
   </div>
   <div class='ocr_carea' id='block_1_22' title="bbox 477 1270 1977 1346">
    <p class='ocr_par' dir='ltr' id='par_1_22' title="bbox 477 1272 1977 1345">
     <span class='ocr_line' id='line_1_22' title="bbox 477 1272 1977 1345; baseline 0 -18"><span class='ocrx_word' id='word_1_165' title='bbox 477 1274 703 1338; x_wconf 88' lang='lat' dir='ltr'><strong>asseris,</strong></span> <span class='ocrx_word' id='word_1_166' title='bbox 740 1289 866 1329; x_wconf 91' lang='lat' dir='ltr'><strong>cum</strong></span> <span class='ocrx_word' id='word_1_167' title='bbox 894 1273 968 1328; x_wconf 88' lang='lat' dir='ltr'><strong>ita</strong></span> <span class='ocrx_word' id='word_1_168' title='bbox 998 1274 1259 1344; x_wconf 88' lang='lat' dir='ltr'><strong>loqueris.</strong></span> <span class='ocrx_word' id='word_1_169' title='bbox 1304 1274 1474 1345; x_wconf 87' lang='lat' dir='ltr'><strong>lgitur</strong></span> <span class='ocrx_word' id='word_1_170' title='bbox 1519 1272 1565 1329; x_wconf 89' lang='lat' dir='ltr'><strong>si</strong></span> <span class='ocrx_word' id='word_1_171' title='bbox 1600 1273 1856 1329; x_wconf 70' lang='lat' dir='ltr'><strong>essentia:</strong></span> <span class='ocrx_word' id='word_1_172' title='bbox 1888 1274 1977 1328; x_wconf 81' lang='lat' dir='ltr'><strong>im:</strong></span> 
     </span>
    </p>
   </div>
   <div class='ocr_carea' id='block_1_23' title="bbox 2205 1270 3705 1346">
    <p class='ocr_par' dir='ltr' id='par_1_23' title="bbox 2206 1270 3705 1346">
     <span class='ocr_line' id='line_1_23' title="bbox 2206 1270 3705 1346; baseline -0.002 -20"><span class='ocrx_word' id='word_1_173' title='bbox 2206 1273 2422 1345; x_wconf 77' lang='grc' dir='ltr'>οὸουλή.</span> <span class='ocrx_word' id='word_1_174' title='bbox 2454 1274 2593 1329; x_wconf 82' lang='grc' dir='ltr'><strong>Καθ’</strong></span> <span class='ocrx_word' id='word_1_175' title='bbox 2614 1275 2764 1346; x_wconf 78' lang='grc' dir='ltr'>ἡμᾶς</span> <span class='ocrx_word' id='word_1_176' title='bbox 2784 1272 2894 1345; x_wconf 84' lang='grc' dir='ltr'><strong>γάρ</strong></span> <span class='ocrx_word' id='word_1_177' title='bbox 2926 1275 2974 1326; x_wconf 90' lang='grc' dir='ltr'><strong>εί</strong></span> <span class='ocrx_word' id='word_1_178' title='bbox 3005 1272 3194 1335; x_wconf 80' lang='grc' dir='ltr'>οὐσίας</span> <span class='ocrx_word' id='word_1_179' title='bbox 3218 1270 3364 1326; x_wconf 69' lang='grc' dir='ltr'>ἐστὶν</span> <span class='ocrx_word' id='word_1_180' title='bbox 3389 1270 3548 1324; x_wconf 87' lang='grc' dir='ltr'>είκὼν</span> <span class='ocrx_word' id='word_1_181' title='bbox 3574 1270 3705 1335; x_wconf 72' lang='grc' dir='ltr'>ζῶσα,</span> 
     </span>
    </p>
   </div>
   <div class='ocr_carea' id='block_1_24' title="bbox 476 1360 1976 1439">
    <p class='ocr_par' dir='ltr' id='par_1_24' title="bbox 476 1368 1976 1439">
     <span class='ocr_line' id='line_1_24' title="bbox 476 1368 1976 1439; baseline 0 -15"><span class='ocrx_word' id='word_1_182' title='bbox 476 1377 580 1433; x_wconf 87' lang='lat' dir='ltr'><strong>est,</strong></span> <span class='ocrx_word' id='word_1_183' title='bbox 610 1369 846 1424; x_wconf 86' lang='lat' dir='ltr'><strong>essentia</strong></span> <span class='ocrx_word' id='word_1_184' title='bbox 873 1368 993 1439; x_wconf 89' lang='lat' dir='ltr'><strong>ipsa</strong></span> <span class='ocrx_word' id='word_1_185' title='bbox 1024 1383 1146 1424; x_wconf 90' lang='lat' dir='ltr'><strong>esse</strong></span> <span class='ocrx_word' id='word_1_186' title='bbox 1183 1383 1292 1423; x_wconf 92' lang='lat' dir='ltr'><strong>non</strong></span> <span class='ocrx_word' id='word_1_187' title='bbox 1318 1376 1516 1439; x_wconf 79' lang='lat' dir='ltr'><strong>potest,</strong></span> <span class='ocrx_word' id='word_1_188' title='bbox 1545 1384 1722 1439; x_wconf 88' lang='lat' dir='ltr'><strong>neque</strong></span> <span class='ocrx_word' id='word_1_189' title='bbox 1748 1370 1976 1425; x_wconf 88' lang='lat' dir='ltr'><strong>cousiliu</strong></span> 
     </span>
    </p>
   </div>
   <div class='ocr_carea' id='block_1_25' title="bbox 2206 1360 3706 1439">
    <p class='ocr_par' dir='ltr' id='par_1_25' title="bbox 2206 1360 3706 1431">
     <span class='ocr_line' id='line_1_25' title="bbox 2206 1360 3706 1431; baseline -0.002 -14"><span class='ocrx_word' id='word_1_190' title='bbox 2206 1366 2464 1420; x_wconf 60' lang='lat' dir='ltr'><strong>oroouata</strong></span> <span class='ocrx_word' id='word_1_191' title='bbox 2494 1364 2716 1420; x_wconf 84' lang='grc' dir='ltr'>δύναται</span> <span class='ocrx_word' id='word_1_192' title='bbox 2749 1360 2912 1431; x_wconf 78' lang='grc' dir='ltr'>εἶναι,</span> <span class='ocrx_word' id='word_1_193' title='bbox 2938 1366 3034 1418; x_wconf 74' lang='grc' dir='ltr'>καὶ</span> <span class='ocrx_word' id='word_1_194' title='bbox 3054 1364 3193 1417; x_wconf 75' lang='grc' dir='ltr'>ἐστι.</span> <span class='ocrx_word' id='word_1_195' title='bbox 3225 1363 3338 1417; x_wconf 87' lang='lat' dir='ltr'><strong>Kal</strong></span> <span class='ocrx_word' id='word_1_196' title='bbox 3369 1361 3539 1425; x_wconf 74' lang='grc' dir='ltr'>οὕτως</span> <span class='ocrx_word' id='word_1_197' title='bbox 3562 1362 3706 1425; x_wconf 67' lang='grc' dir='ltr'>οὔτίνας</span> 
     </span>
    </p>
   </div>
   <div class='ocr_carea' id='block_1_26' title="bbox 477 1454 1977 1531">
    <p class='ocr_par' dir='ltr' id='par_1_26' title="bbox 477 1458 1937 1531">
     <span class='ocr_line' id='line_1_26' title="bbox 477 1458 1937 1531; baseline 0 -17"><span class='ocrx_word' id='word_1_198' title='bbox 477 1461 526 1514; x_wconf 90' lang='lat' dir='ltr'><strong>si</strong></span> <span class='ocrx_word' id='word_1_199' title='bbox 564 1461 744 1531; x_wconf 87' lang='lat' dir='ltr'><strong>imago</strong></span> <span class='ocrx_word' id='word_1_200' title='bbox 770 1460 989 1515; x_wconf 87' lang='lat' dir='ltr'><strong>consilii</strong></span> <span class='ocrx_word' id='word_1_201' title='bbox 1025 1468 1131 1517; x_wconf 88' lang='lat' dir='ltr'><strong>est.</strong></span> <span class='ocrx_word' id='word_1_202' title='bbox 1160 1458 1359 1514; x_wconf 84' lang='lat' dir='ltr'><strong>Nostra</strong></span> <span class='ocrx_word' id='word_1_203' title='bbox 1389 1474 1521 1514; x_wconf 90' lang='lat' dir='ltr'><strong>vero</strong></span> <span class='ocrx_word' id='word_1_204' title='bbox 1544 1460 1836 1525; x_wconf 91' lang='lat' dir='ltr'><strong>sententia,</strong></span> <span class='ocrx_word' id='word_1_205' title='bbox 1891 1460 1937 1515; x_wconf 88' lang='lat' dir='ltr'><strong>si</strong></span> 
     </span>
    </p>
   </div>
   <div class='ocr_carea' id='block_1_27' title="bbox 2206 1454 3706 1531">
    <p class='ocr_par' dir='ltr' id='par_1_27' title="bbox 2206 1454 3706 1527">
     <span class='ocr_line' id='line_1_27' title="bbox 2206 1454 3706 1527; baseline -0.003 -17"><span class='ocrx_word' id='word_1_206' title='bbox 2206 1456 2361 1510; x_wconf 83' lang='grc' dir='ltr'>ὑσίαν</span> <span class='ocrx_word' id='word_1_207' title='bbox 2396 1456 2580 1510; x_wconf 84' lang='grc' dir='ltr'>εἰκόνα</span> <span class='ocrx_word' id='word_1_208' title='bbox 2611 1455 2844 1527; x_wconf 87' lang='grc' dir='ltr'>λέγομεν</span> <span class='ocrx_word' id='word_1_209' title='bbox 2875 1454 2964 1509; x_wconf 83' lang='grc' dir='ltr'><strong>διὰ</strong></span> <span class='ocrx_word' id='word_1_210' title='bbox 2997 1455 3229 1525; x_wconf 80' lang='grc' dir='ltr'>μίμησιν</span> <span class='ocrx_word' id='word_1_211' title='bbox 3260 1454 3577 1526; x_wconf 79' lang='grc' dir='ltr'>ὁμοιοτάτην</span> <span class='ocrx_word' id='word_1_212' title='bbox 3598 1454 3706 1521; x_wconf 74' lang='grc' dir='ltr'>ζωῆς</span> 
     </span>
    </p>
   </div>
   <div class='ocr_carea' id='block_1_28' title="bbox 477 1544 1977 1621">
    <p class='ocr_par' dir='ltr' id='par_1_28' title="bbox 477 1548 1977 1621">
     <span class='ocr_line' id='line_1_28' title="bbox 477 1548 1977 1621; baseline 0 -16"><span class='ocrx_word' id='word_1_213' title='bbox 477 1551 669 1606; x_wconf 70' lang='lat' dir='ltr'><strong>sentis:</strong></span> <span class='ocrx_word' id='word_1_214' title='bbox 692 1550 810 1605; x_wconf 88' lang='lat' dir='ltr'><strong>viva</strong></span> <span class='ocrx_word' id='word_1_215' title='bbox 835 1551 907 1604; x_wconf 89' lang='lat' dir='ltr'><strong>sit</strong></span> <span class='ocrx_word' id='word_1_216' title='bbox 937 1550 1135 1621; x_wconf 86' lang='lat' dir='ltr'><strong>imago,</strong></span> <span class='ocrx_word' id='word_1_217' title='bbox 1167 1548 1409 1605; x_wconf 88' lang='lat' dir='ltr'><strong>essentia</strong></span> <span class='ocrx_word' id='word_1_218' title='bbox 1439 1550 1557 1619; x_wconf 85' lang='lat' dir='ltr'><strong>ipsa</strong></span> <span class='ocrx_word' id='word_1_219' title='bbox 1582 1565 1705 1606; x_wconf 90' lang='lat' dir='ltr'><strong>esse</strong></span> <span class='ocrx_word' id='word_1_220' title='bbox 1731 1558 1929 1621; x_wconf 84' lang='lat' dir='ltr'><strong>potest,</strong></span> <span class='ocrx_word' id='word_1_221' title='bbox 1954 1566 1977 1605; x_wconf 83' lang='grc' dir='ltr'><strong>ε</strong></span> 
     </span>
    </p>
   </div>
   <div class='ocr_carea' id='block_1_29' title="bbox 2205 1544 3705 1621">
    <p class='ocr_par' dir='ltr' id='par_1_29' title="bbox 2207 1544 3705 1620">
     <span class='ocr_line' id='line_1_29' title="bbox 2207 1544 3705 1620; baseline -0.003 -19"><span class='ocrx_word' id='word_1_222' title='bbox 2207 1565 2232 1600; x_wconf 90' lang='grc' dir='ltr'><strong>ε</strong></span> <span class='ocrx_word' id='word_1_223' title='bbox 2259 1549 2351 1601; x_wconf 67' lang='grc' dir='ltr'>καὶ</span> <span class='ocrx_word' id='word_1_224' title='bbox 2377 1547 2658 1620; x_wconf 73' lang='grc' dir='ltr'>ἐνεργείας</span> <span class='ocrx_word' id='word_1_225' title='bbox 2682 1564 2695 1579; x_wconf 86' lang='grc'><strong>·</strong></span> <span class='ocrx_word' id='word_1_226' title='bbox 2722 1547 2864 1600; x_wconf 79' lang='grc' dir='ltr'>οὕτω</span> <span class='ocrx_word' id='word_1_227' title='bbox 2894 1546 2952 1599; x_wconf 84' lang='grc' dir='ltr'>δὲ</span> <span class='ocrx_word' id='word_1_228' title='bbox 2983 1546 3078 1599; x_wconf 74' lang='grc' dir='ltr'>καὶ</span> <span class='ocrx_word' id='word_1_229' title='bbox 3100 1544 3297 1617; x_wconf 83' lang='grc' dir='ltr'>βουλῆς</span> <span class='ocrx_word' id='word_1_230' title='bbox 3324 1544 3521 1616; x_wconf 77' lang='grc' dir='ltr'>βουλὴν</span> <span class='ocrx_word' id='word_1_231' title='bbox 3543 1546 3705 1607; x_wconf 63' lang='grc' dir='ltr'>εἰκόνα,</span> 
     </span>
    </p>
   </div>
   <div class='ocr_carea' id='block_1_30' title="bbox 475 1635 1975 1714">
    <p class='ocr_par' dir='ltr' id='par_1_30' title="bbox 475 1642 1975 1714">
     <span class='ocr_line' id='line_1_30' title="bbox 475 1642 1975 1714; baseline -0.001 -17"><span class='ocrx_word' id='word_1_232' title='bbox 475 1659 582 1713; x_wconf 84' lang='lat' dir='ltr'><strong>que</strong></span> <span class='ocrx_word' id='word_1_233' title='bbox 598 1658 805 1699; x_wconf 88' lang='lat' dir='ltr'><strong>revera.</strong></span> <span class='ocrx_word' id='word_1_234' title='bbox 831 1644 1008 1714; x_wconf 83' lang='lat' dir='ltr'><strong>Atque</strong></span> <span class='ocrx_word' id='word_1_235' title='bbox 1037 1643 1111 1697; x_wconf 89' lang='lat' dir='ltr'><strong>ita</strong></span> <span class='ocrx_word' id='word_1_236' title='bbox 1151 1643 1406 1699; x_wconf 69' lang='lat' dir='ltr'><strong>essentia:</strong></span> <span class='ocrx_word' id='word_1_237' title='bbox 1426 1642 1718 1713; x_wconf 86' lang='lat' dir='ltr'><strong>imaginem</strong></span> <span class='ocrx_word' id='word_1_238' title='bbox 1772 1658 1895 1697; x_wconf 86' lang='lat' dir='ltr'><strong>esse</strong></span> <span class='ocrx_word' id='word_1_239' title='bbox 1932 1656 1975 1696; x_wconf 82' lang='lat' dir='ltr'><strong>Ct</strong></span> 
     </span>
    </p>
   </div>
   <div class='ocr_carea' id='block_1_31' title="bbox 2207 1635 3707 1714">
    <p class='ocr_par' dir='ltr' id='par_1_31' title="bbox 2207 1635 3707 1709">
     <span class='ocr_line' id='line_1_31' title="bbox 2207 1635 3707 1709; baseline 0 -20"><span class='ocrx_word' id='word_1_240' title='bbox 2207 1636 2263 1689; x_wconf 72' lang='grc' dir='ltr'>ὸν</span> <span class='ocrx_word' id='word_1_241' title='bbox 2312 1637 2556 1709; x_wconf 88' lang='grc' dir='ltr'>μεγάλης</span> <span class='ocrx_word' id='word_1_242' title='bbox 2605 1637 2799 1709; x_wconf 79' lang='grc' dir='ltr'>βουλῆς</span> <span class='ocrx_word' id='word_1_243' title='bbox 2827 1636 3123 1707; x_wconf 73' lang='grc' dir='ltr'><strong>ΙἌγγελον,</strong></span> <span class='ocrx_word' id='word_1_244' title='bbox 3172 1636 3268 1692; x_wconf 78' lang='grc' dir='ltr'><strong>καὶ</strong></span> <span class='ocrx_word' id='word_1_245' title='bbox 3318 1635 3607 1707; x_wconf 79' lang='grc' dir='ltr'>δυνάμεως,</span> <span class='ocrx_word' id='word_1_246' title='bbox 3639 1638 3707 1689; x_wconf 71' lang='lat' dir='ltr'><strong>iul</strong></span> 
     </span>
    </p>
   </div>
   <div class='ocr_carea' id='block_1_32' title="bbox 475 1725 1975 1801">
    <p class='ocr_par' dir='ltr' id='par_1_32' title="bbox 475 1733 1975 1799">
     <span class='ocr_line' id='line_1_32' title="bbox 475 1733 1975 1799; baseline -0.001 -11"><span class='ocrx_word' id='word_1_247' title='bbox 475 1735 714 1799; x_wconf 83' lang='lat' dir='ltr'><strong>ﬁtemur,</strong></span> <span class='ocrx_word' id='word_1_248' title='bbox 750 1734 816 1790; x_wconf 91' lang='lat' dir='ltr'><strong>ad</strong></span> <span class='ocrx_word' id='word_1_249' title='bbox 846 1744 1094 1791; x_wconf 81' lang='lat' dir='ltr'><strong>exactam</strong></span> <span class='ocrx_word' id='word_1_250' title='bbox 1121 1734 1246 1790; x_wconf 77' lang='lat' dir='ltr'><strong>vita:</strong></span> <span class='ocrx_word' id='word_1_251' title='bbox 1274 1741 1329 1790; x_wconf 88' lang='lat' dir='ltr'><strong>et</strong></span> <span class='ocrx_word' id='word_1_252' title='bbox 1385 1733 1617 1789; x_wconf 85' lang='lat' dir='ltr'><strong>actionis</strong></span> <span class='ocrx_word' id='word_1_253' title='bbox 1654 1733 1975 1789; x_wconf 89' lang='lat' dir='ltr'><strong>similitudin</strong></span> 
     </span>
    </p>
   </div>
   <div class='ocr_carea' id='block_1_33' title="bbox 2206 1725 3706 1801">
    <p class='ocr_par' dir='ltr' id='par_1_33' title="bbox 2206 1725 3706 1801">
     <span class='ocr_line' id='line_1_33' title="bbox 2206 1725 3706 1801; baseline -0.002 -20"><span class='ocrx_word' id='word_1_254' title='bbox 2206 1725 2328 1800; x_wconf 80' lang='grc' dir='ltr'>όξης</span> <span class='ocrx_word' id='word_1_255' title='bbox 2356 1728 2607 1801; x_wconf 79' lang='grc' dir='ltr'>δύναμιν,</span> <span class='ocrx_word' id='word_1_256' title='bbox 2639 1730 2734 1784; x_wconf 79' lang='grc' dir='ltr'>καὶ</span> <span class='ocrx_word' id='word_1_257' title='bbox 2760 1729 2941 1795; x_wconf 78' lang='grc' dir='ltr'>δόξαν.</span> <span class='ocrx_word' id='word_1_258' title='bbox 2967 1729 3079 1783; x_wconf 84' lang='lat' dir='ltr'><strong>Kal</strong></span> <span class='ocrx_word' id='word_1_259' title='bbox 3110 1728 3318 1783; x_wconf 78' lang='grc' dir='ltr'>τούτων</span> <span class='ocrx_word' id='word_1_260' title='bbox 3345 1727 3706 1799; x_wconf 68' lang='grc' dir='ltr'>παραστατικὸν</span> 
     </span>
    </p>
   </div>
   <div class='ocr_carea' id='block_1_34' title="bbox 474 1816 1974 1895">
    <p class='ocr_par' dir='ltr' id='par_1_34' title="bbox 474 1824 1974 1895">
     <span class='ocr_line' id='line_1_34' title="bbox 474 1824 1974 1895; baseline -0.002 -18"><span class='ocrx_word' id='word_1_261' title='bbox 474 1839 814 1893; x_wconf 83' lang='lat' dir='ltr'><strong>expressam.</strong></span> <span class='ocrx_word' id='word_1_262' title='bbox 848 1825 1052 1881; x_wconf 90' lang='lat' dir='ltr'><strong>Eodem</strong></span> <span class='ocrx_word' id='word_1_263' title='bbox 1084 1825 1246 1880; x_wconf 91' lang='lat' dir='ltr'><strong>modo</strong></span> <span class='ocrx_word' id='word_1_264' title='bbox 1272 1831 1325 1879; x_wconf 87' lang='lat' dir='ltr'><strong>et</strong></span> <span class='ocrx_word' id='word_1_265' title='bbox 1354 1824 1569 1879; x_wconf 89' lang='lat' dir='ltr'><strong>consilii</strong></span> <span class='ocrx_word' id='word_1_266' title='bbox 1600 1824 1901 1895; x_wconf 86' lang='lat' dir='ltr'><strong>im‘aginem</strong></span> <span class='ocrx_word' id='word_1_267' title='bbox 1932 1837 1974 1879; x_wconf 78' lang='lat' dir='ltr'><strong>Ct</strong></span> 
     </span>
    </p>
   </div>
   <div class='ocr_carea' id='block_1_35' title="bbox 2206 1816 3706 1895">
    <p class='ocr_par' dir='ltr' id='par_1_35' title="bbox 2206 1816 3706 1890">
     <span class='ocr_line' id='line_1_35' title="bbox 2206 1816 3706 1890; baseline -0.001 -18"><span class='ocrx_word' id='word_1_268' title='bbox 2206 1818 2253 1884; x_wconf 85' lang='grc' dir='ltr'>ὸ,</span> <span class='ocrx_word' id='word_1_269' title='bbox 2284 1820 2519 1888; x_wconf 83' lang='grc' dir='ltr'>’Ὠσπερ</span> <span class='ocrx_word' id='word_1_270' title='bbox 2560 1820 2671 1890; x_wconf 79' lang='grc' dir='ltr'>γὰρ</span> <span class='ocrx_word' id='word_1_271' title='bbox 2701 1823 2733 1874; x_wconf 85' lang='grc' dir='ltr'><strong>ό</strong></span> <span class='ocrx_word' id='word_1_272' title='bbox 2755 1818 2958 1887; x_wconf 77' lang='grc' dir='ltr'>Πατὴρ</span> <span class='ocrx_word' id='word_1_273' title='bbox 2982 1819 3107 1887; x_wconf 75' lang='grc' dir='ltr'>ἔχει</span> <span class='ocrx_word' id='word_1_274' title='bbox 3160 1818 3314 1887; x_wconf 76' lang='grc' dir='ltr'><strong>ζωὴν</strong></span> <span class='ocrx_word' id='word_1_275' title='bbox 3340 1818 3410 1871; x_wconf 71' lang='grc' dir='ltr'><strong>ἐν</strong></span> <span class='ocrx_word' id='word_1_276' title='bbox 3428 1816 3706 1883; x_wconf 75' lang='grc' dir='ltr'>ἐαυτῷ,οῦ‹</span> 
     </span>
    </p>
   </div>
   <div class='ocr_carea' id='block_1_36' title="bbox 477 1906 1977 1986">
    <p class='ocr_par' dir='ltr' id='par_1_36' title="bbox 477 1912 1977 1986">
     <span class='ocr_line' id='line_1_36' title="bbox 477 1912 1977 1986; baseline -0.001 -18"><span class='ocrx_word' id='word_1_277' title='bbox 477 1914 660 1969; x_wconf 89' lang='lat' dir='ltr'><strong>silium</strong></span> <span class='ocrx_word' id='word_1_278' title='bbox 694 1913 924 1971; x_wconf 81' lang='lat' dir='ltr'><strong>facimus</strong></span> <span class='ocrx_word' id='word_1_279' title='bbox 952 1931 968 1980; x_wconf 92' lang='lat'><strong>;</strong></span> <span class='ocrx_word' id='word_1_280' title='bbox 993 1915 1175 1986; x_wconf 81' lang='lat' dir='ltr'><strong>magni</strong></span> <span class='ocrx_word' id='word_1_281' title='bbox 1216 1913 1427 1969; x_wconf 83' lang='lat' dir='ltr'><strong>scilicet</strong></span> <span class='ocrx_word' id='word_1_282' title='bbox 1470 1912 1687 1968; x_wconf 89' lang='lat' dir='ltr'><strong>consilii</strong></span> <span class='ocrx_word' id='word_1_283' title='bbox 1718 1912 1977 1983; x_wconf 86' lang='lat' dir='ltr'><strong>Angelum</strong></span> 
     </span>
    </p>
   </div>
   <div class='ocr_carea' id='block_1_37' title="bbox 2206 1906 3706 1986">
    <p class='ocr_par' dir='ltr' id='par_1_37' title="bbox 2207 1906 3706 1979">
     <span class='ocr_line' id='line_1_37' title="bbox 2207 1906 3706 1979; baseline -0.001 -16"><span class='ocrx_word' id='word_1_284' title='bbox 2207 1928 2285 1976; x_wconf 88' lang='grc' dir='ltr'>ως</span> <span class='ocrx_word' id='word_1_285' title='bbox 2306 1911 2406 1965; x_wconf 75' lang='grc' dir='ltr'>καὶ</span> <span class='ocrx_word' id='word_1_286' title='bbox 2429 1910 2509 1976; x_wconf 83' lang='grc' dir='ltr'>τῷ</span> <span class='ocrx_word' id='word_1_287' title='bbox 2546 1908 2659 1975; x_wconf 62' lang='lat' dir='ltr'><strong>ru;</strong></span> <span class='ocrx_word' id='word_1_288' title='bbox 2688 1910 2868 1965; x_wconf 79' lang='grc' dir='ltr'>ἔδωκε</span> <span class='ocrx_word' id='word_1_289' title='bbox 2901 1908 3055 1978; x_wconf 70' lang='grc' dir='ltr'><strong>ζὶυὴν</strong></span> <span class='ocrx_word' id='word_1_290' title='bbox 3084 1909 3250 1979; x_wconf 75' lang='grc' dir='ltr'>ἔχειν</span> <span class='ocrx_word' id='word_1_291' title='bbox 3281 1908 3353 1963; x_wconf 78' lang='grc' dir='ltr'><strong>ἐν</strong></span> <span class='ocrx_word' id='word_1_292' title='bbox 3385 1906 3571 1973; x_wconf 77' lang='grc' dir='ltr'>ἑαυτῷ</span> <span class='ocrx_word' id='word_1_293' title='bbox 3590 1925 3601 1937; x_wconf 94' lang='grc'><strong>·</strong></span> <span class='ocrx_word' id='word_1_294' title='bbox 3622 1908 3706 1971; x_wconf 69' lang='grc' dir='ltr'>καὶ,</span> 
     </span>
    </p>
   </div>
   <div class='ocr_carea' id='block_1_38' title="bbox 476 1998 1976 2076">
    <p class='ocr_par' dir='ltr' id='par_1_38' title="bbox 476 2002 1967 2076">
     <span class='ocr_line' id='line_1_38' title="bbox 476 2002 1967 2076; baseline -0.001 -19"><span class='ocrx_word' id='word_1_295' title='bbox 476 2018 542 2059; x_wconf 91' lang='lat' dir='ltr'><strong>ac</strong></span> <span class='ocrx_word' id='word_1_296' title='bbox 571 2012 846 2075; x_wconf 87' lang='lat' dir='ltr'><strong>postremo</strong></span> <span class='ocrx_word' id='word_1_297' title='bbox 867 2005 1053 2076; x_wconf 68' lang='lat' dir='ltr'><strong>gloriae</strong></span> <span class='ocrx_word' id='word_1_298' title='bbox 1082 2012 1136 2059; x_wconf 90' lang='lat' dir='ltr'><strong>et</strong></span> <span class='ocrx_word' id='word_1_299' title='bbox 1165 2004 1383 2058; x_wconf 89' lang='lat' dir='ltr'><strong>virtutis</strong></span> <span class='ocrx_word' id='word_1_300' title='bbox 1412 2002 1705 2074; x_wconf 87' lang='lat' dir='ltr'><strong>imaginem</strong></span> <span class='ocrx_word' id='word_1_301' title='bbox 1738 2003 1967 2073; x_wconf 79' lang='lat' dir='ltr'><strong>gloriam</strong></span> 
     </span>
    </p>
   </div>
   <div class='ocr_carea' id='block_1_39' title="bbox 2208 1998 3708 2076">
    <p class='ocr_par' dir='ltr' id='par_1_39' title="bbox 2208 1998 3708 2073">
     <span class='ocr_line' id='line_1_39' title="bbox 2208 1998 3708 2073; baseline -0.004 -15"><span class='ocrx_word' id='word_1_302' title='bbox 2208 2004 2405 2073; x_wconf 81' lang='grc' dir='ltr'>Ωσπερ</span> <span class='ocrx_word' id='word_1_303' title='bbox 2447 2007 2480 2058; x_wconf 82' lang='grc' dir='ltr'><strong>ό</strong></span> <span class='ocrx_word' id='word_1_304' title='bbox 2513 2002 2717 2072; x_wconf 82' lang='grc' dir='ltr'>Πατὴρ</span> <span class='ocrx_word' id='word_1_305' title='bbox 2758 2002 2971 2073; x_wconf 72' lang='grc' dir='ltr'>ἐγείρει</span> <span class='ocrx_word' id='word_1_306' title='bbox 3001 2002 3147 2069; x_wconf 83' lang='grc' dir='ltr'>τοὺς</span> <span class='ocrx_word' id='word_1_307' title='bbox 3186 2000 3464 2069; x_wconf 76' lang='grc' dir='ltr'>νεκροὺς,</span> <span class='ocrx_word' id='word_1_308' title='bbox 3497 1998 3589 2053; x_wconf 76' lang='grc' dir='ltr'><strong>καί</strong></span> <span class='ocrx_word' id='word_1_309' title='bbox 3610 1998 3708 2060; x_wconf 82' lang='grc' dir='ltr'><strong>ζωο-</strong></span> 
     </span>
    </p>
   </div>
   <div class='ocr_carea' id='block_1_40' title="bbox 475 2092 1975 2169">
    <p class='ocr_par' dir='ltr' id='par_1_40' title="bbox 475 2093 1926 2164">
     <span class='ocr_line' id='line_1_40' title="bbox 475 2093 1926 2164; baseline 0.001 -17"><span class='ocrx_word' id='word_1_310' title='bbox 475 2096 733 2151; x_wconf 86' lang='lat' dir='ltr'><strong>virtutem</strong></span> <span class='ocrx_word' id='word_1_311' title='bbox 784 2110 907 2151; x_wconf 89' lang='lat' dir='ltr'><strong>esse</strong></span> <span class='ocrx_word' id='word_1_312' title='bbox 949 2096 1261 2152; x_wconf 85' lang='lat' dir='ltr'><strong>statuimus.</strong></span> <span class='ocrx_word' id='word_1_313' title='bbox 1293 2093 1426 2160; x_wconf 76' lang='lat' dir='ltr'><strong>Quae</strong></span> <span class='ocrx_word' id='word_1_314' title='bbox 1467 2094 1687 2164; x_wconf 91' lang='lat' dir='ltr'><strong>quidem</strong></span> <span class='ocrx_word' id='word_1_315' title='bbox 1738 2094 1926 2149; x_wconf 85' lang='lat' dir='ltr'><strong>omnia</strong></span> 
     </span>
    </p>
   </div>
   <div class='ocr_carea' id='block_1_41' title="bbox 2208 2092 3708 2169">
    <p class='ocr_par' dir='ltr' id='par_1_41' title="bbox 2208 2092 3708 2169">
     <span class='ocr_line' id='line_1_41' title="bbox 2208 2092 3708 2169; baseline -0.004 -18"><span class='ocrx_word' id='word_1_316' title='bbox 2208 2096 2346 2151; x_wconf 74' lang='grc' dir='ltr'><strong>τοιεῖ.</strong></span> <span class='ocrx_word' id='word_1_317' title='bbox 2382 2094 2457 2151; x_wconf 87' lang='grc' dir='ltr'><strong>Τὸ</strong></span> <span class='ocrx_word' id='word_1_318' title='bbox 2485 2096 2615 2169; x_wconf 87' lang='grc' dir='ltr'>γὰρ,</span> <span class='ocrx_word' id='word_1_319' title='bbox 2660 2093 2886 2165; x_wconf 80' lang='grc' dir='ltr'>ὥσπερ,</span> <span class='ocrx_word' id='word_1_320' title='bbox 2931 2095 3141 2161; x_wconf 80' lang='grc' dir='ltr'>οὕτως,</span> <span class='ocrx_word' id='word_1_321' title='bbox 3176 2092 3456 2163; x_wconf 79' lang='grc' dir='ltr'>είκονικῆς</span> <span class='ocrx_word' id='word_1_322' title='bbox 3498 2096 3601 2146; x_wconf 71' lang='grc' dir='ltr'>ἐστι</span> <span class='ocrx_word' id='word_1_323' title='bbox 3645 2109 3708 2161; x_wconf 79' lang='grc' dir='ltr'>μι-</span> 
     </span>
    </p>
   </div>
   <div class='ocr_carea' id='block_1_42' title="bbox 478 2183 1978 2259">
    <p class='ocr_par' dir='ltr' id='par_1_42' title="bbox 478 2183 1967 2241">
     <span class='ocr_line' id='line_1_42' title="bbox 478 2183 1967 2241; baseline -0.001 -4"><span class='ocrx_word' id='word_1_324' title='bbox 478 2184 663 2240; x_wconf 75' lang='lat' dir='ltr'><strong>verbis</strong></span> <span class='ocrx_word' id='word_1_325' title='bbox 686 2199 716 2238; x_wconf 91' lang='lat' dir='ltr'><strong>a</strong></span> <span class='ocrx_word' id='word_1_326' title='bbox 744 2184 969 2241; x_wconf 86' lang='lat' dir='ltr'><strong>Christo</strong></span> <span class='ocrx_word' id='word_1_327' title='bbox 996 2185 1385 2241; x_wconf 79' lang='lat' dir='ltr'><strong>declarantur:</strong></span> <span class='ocrx_word' id='word_1_328' title='bbox 1427 2184 1577 2239; x_wconf 81' lang='lat' dir='ltr'><strong>Sicut</strong></span> <span class='ocrx_word' id='word_1_329' title='bbox 1612 2184 1779 2239; x_wconf 88' lang='lat' dir='ltr'><strong>Pater</strong></span> <span class='ocrx_word' id='word_1_330' title='bbox 1812 2183 1967 2238; x_wconf 83' lang='lat' dir='ltr'><strong>habet</strong></span> 
     </span>
    </p>
   </div>
   <div class='ocr_carea' id='block_1_43' title="bbox 2030 2183 3530 2259">
    <p class='ocr_par' dir='ltr' id='par_1_43' title="bbox 2030 2184 3530 2259">
     <span class='ocr_line' id='line_1_43' title="bbox 2030 2184 3530 2259; baseline -0.001 -21"><span class='ocrx_word' id='word_1_331' title='bbox 2030 2184 2069 2238; x_wconf 85' lang='lat' dir='ltr'><strong>i-</strong></span> <span class='ocrx_word' id='word_1_332' title='bbox 2168 2188 2412 2259; x_wconf 78' lang='grc' dir='ltr'>μήσεως,</span> <span class='ocrx_word' id='word_1_333' title='bbox 2443 2187 2539 2241; x_wconf 74' lang='grc' dir='ltr'>καὶ</span> <span class='ocrx_word' id='word_1_334' title='bbox 2567 2186 2883 2259; x_wconf 85' lang='grc' dir='ltr'>ὁμοιώσεως</span> <span class='ocrx_word' id='word_1_335' title='bbox 2906 2184 3135 2257; x_wconf 78' lang='grc' dir='ltr'>ἀκριϐὲς</span> <span class='ocrx_word' id='word_1_336' title='bbox 3164 2185 3480 2255; x_wconf 73' lang='grc' dir='ltr'>ἐκμαγεῖον.</span> <span class='ocrx_word' id='word_1_337' title='bbox 3511 2201 3530 2236; x_wconf 74' lang='grc' dir='ltr'><strong>ι</strong></span> 
     </span>
    </p>
   </div>
   <div class='ocr_carea' id='block_1_44' title="bbox 492 2274 3712 2348">
    <p class='ocr_par' dir='ltr' id='par_1_44' title="bbox 492 2274 3712 2348">
     <span class='ocr_line' id='line_1_44' title="bbox 492 2274 3712 2348; baseline -0.001 -19"><span class='ocrx_word' id='word_1_338' title='bbox 492 2286 602 2330; x_wconf 88' lang='lat' dir='ltr'><strong>tam</strong></span> <span class='ocrx_word' id='word_1_339' title='bbox 658 2278 713 2330; x_wconf 84' lang='lat' dir='ltr'><strong>in</strong></span> <span class='ocrx_word' id='word_1_340' title='bbox 770 2277 961 2345; x_wconf 76' lang='lat' dir='ltr'><strong>seipse,</strong></span> <span class='ocrx_word' id='word_1_341' title='bbox 990 2279 1067 2331; x_wconf 73' lang='lat' dir='ltr'><strong>sic</strong></span> <span class='ocrx_word' id='word_1_342' title='bbox 1093 2276 1239 2331; x_wconf 81' lang='lat' dir='ltr'><strong>dedit</strong></span> <span class='ocrx_word' id='word_1_343' title='bbox 1293 2288 1342 2331; x_wconf 82' lang='lat' dir='ltr'><strong>et</strong></span> <span class='ocrx_word' id='word_1_344' title='bbox 1390 2276 1538 2333; x_wconf 85' lang='lat' dir='ltr'><strong>Filio</strong></span> <span class='ocrx_word' id='word_1_345' title='bbox 1584 2278 1747 2331; x_wconf 81' lang='lat' dir='ltr'><strong>vitam</strong></span> <span class='ocrx_word' id='word_1_346' title='bbox 1776 2275 1966 2333; x_wconf 79' lang='lat' dir='ltr'><strong>habere</strong></span> <span class='ocrx_word' id='word_1_347' title='bbox 2028 2277 2084 2330; x_wconf 80' lang='lat' dir='ltr'><strong>in</strong></span> <span class='ocrx_word' id='word_1_348' title='bbox 2113 2280 2283 2348; x_wconf 82' lang='lat' dir='ltr'><strong>seipso</strong></span> <span class='ocrx_word' id='word_1_349' title='bbox 2317 2281 2487 2345; x_wconf 83' lang='lat' dir='ltr'><strong>&#39;;et:</strong></span> <span class='ocrx_word' id='word_1_350' title='bbox 2522 2278 2671 2335; x_wconf 87' lang='lat' dir='ltr'><strong>Sicut</strong></span> <span class='ocrx_word' id='word_1_351' title='bbox 2730 2278 2893 2333; x_wconf 82' lang='lat' dir='ltr'><strong>Pater</strong></span> <span class='ocrx_word' id='word_1_352' title='bbox 2951 2278 3173 2331; x_wconf 76' lang='lat' dir='ltr'><strong>suscitat</strong></span> <span class='ocrx_word' id='word_1_353' title='bbox 3221 2286 3461 2331; x_wconf 74' lang='lat' dir='ltr'><strong>mortuos</strong></span> <span class='ocrx_word' id='word_1_354' title='bbox 3501 2284 3548 2329; x_wconf 81' lang='lat' dir='ltr'><strong>et</strong></span> <span class='ocrx_word' id='word_1_355' title='bbox 3579 2274 3712 2341; x_wconf 59' lang='lat' dir='ltr'><strong>siriti-</strong></span> 
     </span>
    </p>
   </div>
   <div class='ocr_carea' id='block_1_45' title="bbox 480 2366 3708 2444">
    <p class='ocr_par' dir='ltr' id='par_1_45' title="bbox 480 2366 3708 2444">
     <span class='ocr_line' id='line_1_45' title="bbox 480 2366 3708 2444; baseline -0 -24"><span class='ocrx_word' id='word_1_356' title='bbox 480 2367 635 2421; x_wconf 77' lang='lat' dir='ltr'><strong>cat&#39;.</strong></span> <span class='ocrx_word' id='word_1_357' title='bbox 693 2366 977 2437; x_wconf 84' lang='lat' dir='ltr'><strong>Ejusmodi</strong></span> <span class='ocrx_word' id='word_1_358' title='bbox 1007 2369 1171 2442; x_wconf 67' lang='grc'><strong>842</strong></span> <span class='ocrx_word' id='word_1_359' title='bbox 1230 2369 1433 2441; x_wconf 89' lang='lat' dir='ltr'><strong>quippe</strong></span> <span class='ocrx_word' id='word_1_360' title='bbox 1489 2385 1669 2435; x_wconf 84' lang='lat' dir='ltr'><strong>voces,</strong></span> <span class='ocrx_word' id='word_1_361' title='bbox 1704 2370 1861 2435; x_wconf 76' lang='lat' dir='ltr'><strong>sicut,</strong></span> <span class='ocrx_word' id='word_1_362' title='bbox 1901 2370 1999 2436; x_wconf 78' lang='lat' dir='ltr'><strong>sic,</strong></span> <span class='ocrx_word' id='word_1_363' title='bbox 2038 2370 2455 2428; x_wconf 84' lang='lat' dir='ltr'><strong>similitudinem</strong></span> <span class='ocrx_word' id='word_1_364' title='bbox 2513 2373 2807 2444; x_wconf 88' lang='lat' dir='ltr'><strong>quamdam</strong></span> <span class='ocrx_word' id='word_1_365' title='bbox 2851 2372 3127 2443; x_wconf 78' lang='lat' dir='ltr'><strong>imaginis,</strong></span> <span class='ocrx_word' id='word_1_366' title='bbox 3163 2381 3216 2426; x_wconf 91' lang='lat' dir='ltr'><strong>et</strong></span> <span class='ocrx_word' id='word_1_367' title='bbox 3258 2370 3326 2425; x_wconf 91' lang='lat' dir='ltr'><strong>ad</strong></span> <span class='ocrx_word' id='word_1_368' title='bbox 3358 2367 3708 2424; x_wconf 79' lang='lat' dir='ltr'><strong>imitationem</strong></span> 
     </span>
    </p>
   </div>
   <div class='ocr_carea' id='block_1_46' title="bbox 479 2462 1548 2536">
    <p class='ocr_par' dir='ltr' id='par_1_46' title="bbox 479 2462 1548 2536">
     <span class='ocr_line' id='line_1_46' title="bbox 479 2462 1548 2536; baseline -0.001 -17"><span class='ocrx_word' id='word_1_369' title='bbox 479 2477 799 2533; x_wconf 79' lang='lat' dir='ltr'><strong>expressam</strong></span> <span class='ocrx_word' id='word_1_370' title='bbox 834 2462 1064 2536; x_wconf 85' lang='lat' dir='ltr'><strong>elligiem</strong></span> <span class='ocrx_word' id='word_1_371' title='bbox 1085 2465 1491 2521; x_wconf 88' lang='lat' dir='ltr'><strong>demonstrant.</strong></span> <span class='ocrx_word' id='word_1_372' title='bbox 1528 2483 1548 2517; x_wconf 77' lang='grc' dir='ltr'><strong>ι</strong></span> 
     </span>
    </p>
   </div>
   <div class='ocr_carea' id='block_1_47' title="bbox 547 2552 2047 2626">
    <p class='ocr_par' dir='ltr' id='par_1_47' title="bbox 547 2552 2047 2625">
     <span class='ocr_line' id='line_1_47' title="bbox 547 2552 2047 2625; baseline 0.003 -19"><span class='ocrx_word' id='word_1_373' title='bbox 547 2552 617 2607; x_wconf 80' lang='grc' dir='ltr'><strong>Χ.</strong></span> <span class='ocrx_word' id='word_1_374' title='bbox 653 2552 861 2610; x_wconf 78' lang='lat' dir='ltr'><strong>Deinde</strong></span> <span class='ocrx_word' id='word_1_375' title='bbox 908 2556 1103 2625; x_wconf 87' lang='lat' dir='ltr'><strong>paucis</strong></span> <span class='ocrx_word' id='word_1_376' title='bbox 1150 2555 1459 2625; x_wconf 88' lang='lat' dir='ltr'><strong>interjectis</strong></span> <span class='ocrx_word' id='word_1_377' title='bbox 1500 2574 1513 2610; x_wconf 91' lang='lat'><strong>:</strong></span> <span class='ocrx_word' id='word_1_378' title='bbox 1554 2575 1573 2609; x_wconf 75' lang='grc' dir='ltr'><strong>ι</strong></span> <span class='ocrx_word' id='word_1_379' title='bbox 1615 2555 1735 2612; x_wconf 86' lang='grc' dir='ltr'><strong>Νοη</strong></span> <span class='ocrx_word' id='word_1_380' title='bbox 1770 2556 1939 2623; x_wconf 90' lang='lat' dir='ltr'><strong>enim,</strong></span> <span class='ocrx_word' id='word_1_381' title='bbox 1979 2557 2047 2612; x_wconf 89' lang='lat' dir='ltr'><strong>in-</strong></span> 
     </span>
    </p>
   </div>
   <div class='ocr_carea' id='block_1_48' title="bbox 2209 2552 3709 2626">
    <p class='ocr_par' dir='ltr' id='par_1_48' title="bbox 2244 2552 3709 2626">
     <span class='ocr_line' id='line_1_48' title="bbox 2244 2552 3709 2626; baseline -0.005 -16"><span class='ocrx_word' id='word_1_382' title='bbox 2244 2557 2301 2610; x_wconf 85' lang='lat' dir='ltr'><strong>l&#39;.</strong></span> <span class='ocrx_word' id='word_1_383' title='bbox 2338 2555 2449 2610; x_wconf 82' lang='lat' dir='ltr'><strong>Kal</strong></span> <span class='ocrx_word' id='word_1_384' title='bbox 2491 2554 2608 2626; x_wconf 82' lang='grc' dir='ltr'>μεθ’</span> <span class='ocrx_word' id='word_1_385' title='bbox 2637 2553 2799 2625; x_wconf 74' lang='grc' dir='ltr'>ἕτερα</span> <span class='ocrx_word' id='word_1_386' title='bbox 2842 2553 2999 2623; x_wconf 88' lang='grc' dir='ltr'>όλίγα</span> <span class='ocrx_word' id='word_1_387' title='bbox 3019 2569 3032 2584; x_wconf 89' lang='grc'><strong>·</strong></span> <span class='ocrx_word' id='word_1_388' title='bbox 3059 2571 3078 2605; x_wconf 76' lang='grc' dir='ltr'><strong>ι</strong></span> <span class='ocrx_word' id='word_1_389' title='bbox 3122 2553 3199 2607; x_wconf 80' lang='grc' dir='ltr'><strong>Οὐ</strong></span> <span class='ocrx_word' id='word_1_390' title='bbox 3224 2552 3331 2625; x_wconf 83' lang='grc' dir='ltr'>γὰρ</span> <span class='ocrx_word' id='word_1_391' title='bbox 3351 2553 3562 2622; x_wconf 86' lang='grc' dir='ltr'>όΛόγος</span> <span class='ocrx_word' id='word_1_392' title='bbox 3586 2552 3709 2617; x_wconf 67' lang='grc' dir='ltr'>Θεὸς,</span> 
     </span>
    </p>
   </div>
   <div class='ocr_carea' id='block_1_49' title="bbox 480 2645 1980 2721">
    <p class='ocr_par' dir='ltr' id='par_1_49' title="bbox 480 2645 1980 2721">
     <span class='ocr_line' id='line_1_49' title="bbox 480 2645 1980 2721; baseline 0.003 -22"><span class='ocrx_word' id='word_1_393' title='bbox 480 2646 620 2717; x_wconf 80' lang='lat' dir='ltr'><strong>quit,</strong></span> <span class='ocrx_word' id='word_1_394' title='bbox 646 2646 894 2702; x_wconf 87' lang='lat' dir='ltr'><strong>divinum</strong></span> <span class='ocrx_word' id='word_1_395' title='bbox 928 2645 1190 2712; x_wconf 80' lang='lat' dir='ltr'><strong>Verbum,</strong></span> <span class='ocrx_word' id='word_1_396' title='bbox 1215 2647 1378 2705; x_wconf 79' lang='lat' dir='ltr'><strong>Jesus</strong></span> <span class='ocrx_word' id='word_1_397' title='bbox 1403 2649 1614 2705; x_wconf 89' lang='lat' dir='ltr'><strong>scilicet</strong></span> <span class='ocrx_word' id='word_1_398' title='bbox 1634 2649 1825 2717; x_wconf 89' lang='lat' dir='ltr'><strong>vitam,</strong></span> <span class='ocrx_word' id='word_1_399' title='bbox 1858 2660 1911 2706; x_wconf 90' lang='lat' dir='ltr'><strong>et</strong></span> <span class='ocrx_word' id='word_1_400' title='bbox 1942 2666 1980 2721; x_wconf 53' lang='lat' dir='ltr'><strong>p‘</strong></span> 
     </span>
    </p>
   </div>
   <div class='ocr_carea' id='block_1_50' title="bbox 2210 2645 3710 2721">
    <p class='ocr_par' dir='ltr' id='par_1_50' title="bbox 2210 2645 3710 2719">
     <span class='ocr_line' id='line_1_50' title="bbox 2210 2645 3710 2719; baseline -0.001 -19"><span class='ocrx_word' id='word_1_401' title='bbox 2210 2647 2339 2719; x_wconf 63' lang='grc' dir='ltr'>ἀλλ’]</span> <span class='ocrx_word' id='word_1_402' title='bbox 2379 2648 2407 2699; x_wconf 87' lang='grc' dir='ltr'><strong>ό</strong></span> <span class='ocrx_word' id='word_1_403' title='bbox 2449 2646 2656 2719; x_wconf 81' lang='grc' dir='ltr'>Ἰησοῦς</span> <span class='ocrx_word' id='word_1_404' title='bbox 2702 2647 2961 2719; x_wconf 84' lang='grc' dir='ltr'>παρέχων</span> <span class='ocrx_word' id='word_1_405' title='bbox 3009 2645 3155 2716; x_wconf 80' lang='grc' dir='ltr'><strong>ζωὴν</strong></span> <span class='ocrx_word' id='word_1_406' title='bbox 3180 2686 3195 2710; x_wconf 92' lang='grc'><strong>,</strong></span> <span class='ocrx_word' id='word_1_407' title='bbox 3243 2646 3340 2699; x_wconf 78' lang='grc' dir='ltr'>καὶ</span> <span class='ocrx_word' id='word_1_408' title='bbox 3382 2646 3593 2712; x_wconf 86' lang='grc' dir='ltr'>κάλλος,</span> <span class='ocrx_word' id='word_1_409' title='bbox 3641 2648 3710 2700; x_wconf 74' lang='grc' dir='ltr'>καὶ</span> 
     </span>
    </p>
   </div>
   <div class='ocr_carea' id='block_1_51' title="bbox 481 2737 1981 2813">
    <p class='ocr_par' dir='ltr' id='par_1_51' title="bbox 481 2738 1965 2813">
     <span class='ocr_line' id='line_1_51' title="bbox 481 2738 1965 2813; baseline 0.003 -21"><span class='ocrx_word' id='word_1_410' title='bbox 481 2738 874 2804; x_wconf 89' lang='lat' dir='ltr'><strong>chritudinem,</strong></span> <span class='ocrx_word' id='word_1_411' title='bbox 910 2746 983 2794; x_wconf 59' lang='lat' dir='ltr'><strong>et“</strong></span> <span class='ocrx_word' id='word_1_412' title='bbox 1011 2740 1266 2796; x_wconf 89' lang='lat' dir='ltr'><strong>decorem</strong></span> <span class='ocrx_word' id='word_1_413' title='bbox 1329 2740 1597 2808; x_wconf 87' lang='lat' dir='ltr'><strong>tribuens,</strong></span> <span class='ocrx_word' id='word_1_414' title='bbox 1655 2741 1782 2797; x_wconf 83' lang='lat' dir='ltr'><strong>vitae</strong></span> <span class='ocrx_word' id='word_1_415' title='bbox 1828 2741 1965 2813; x_wconf 89' lang='lat' dir='ltr'><strong>ipse,</strong></span> 
     </span>
    </p>
   </div>
   <div class='ocr_carea' id='block_1_52' title="bbox 2212 2737 3712 2813">
    <p class='ocr_par' dir='ltr' id='par_1_52' title="bbox 2212 2737 3712 2812">
     <span class='ocr_line' id='line_1_52' title="bbox 2212 2737 3712 2812; baseline 0.001 -20"><span class='ocrx_word' id='word_1_416' title='bbox 2212 2741 2423 2812; x_wconf 78' lang='grc' dir='ltr'>.ορφὴν,</span> <span class='ocrx_word' id='word_1_417' title='bbox 2468 2740 2632 2805; x_wconf 77' lang='grc' dir='ltr'>αὐτὸς</span> <span class='ocrx_word' id='word_1_418' title='bbox 2676 2739 2872 2805; x_wconf 80' lang='grc' dir='ltr'>ἄζωος,</span> <span class='ocrx_word' id='word_1_419' title='bbox 2919 2741 3016 2793; x_wconf 75' lang='grc' dir='ltr'>καὶ</span> <span class='ocrx_word' id='word_1_420' title='bbox 3046 2737 3306 2811; x_wconf 72' lang='grc' dir='ltr'>ἀκαλλὴς,</span> <span class='ocrx_word' id='word_1_421' title='bbox 3361 2740 3458 2793; x_wconf 81' lang='grc' dir='ltr'>καὶ</span> <span class='ocrx_word' id='word_1_422' title='bbox 3508 2740 3712 2811; x_wconf 64' lang='grc' dir='ltr'>ἄμορφός</span> 
     </span>
    </p>
   </div>
   <div class='ocr_carea' id='block_1_53' title="bbox 480 2825 1980 2903">
    <p class='ocr_par' dir='ltr' id='par_1_53' title="bbox 480 2830 1926 2903">
     <span class='ocr_line' id='line_1_53' title="bbox 480 2830 1926 2903; baseline 0.003 -18"><span class='ocrx_word' id='word_1_423' title='bbox 480 2830 931 2901; x_wconf 74' lang='lat' dir='ltr'><strong>pulchritudinis,</strong></span> <span class='ocrx_word' id='word_1_424' title='bbox 960 2840 1014 2887; x_wconf 90' lang='lat' dir='ltr'><strong>et</strong></span> <span class='ocrx_word' id='word_1_425' title='bbox 1034 2831 1252 2887; x_wconf 89' lang='lat' dir='ltr'><strong>decoris</strong></span> <span class='ocrx_word' id='word_1_426' title='bbox 1290 2847 1487 2903; x_wconf 80' lang='lat' dir='ltr'><strong>expers</strong></span> <span class='ocrx_word' id='word_1_427' title='bbox 1510 2840 1597 2888; x_wconf 86' lang='lat' dir='ltr'><strong>est</strong></span> <span class='ocrx_word' id='word_1_428' title='bbox 1639 2833 1697 2888; x_wconf 91' lang='lat' dir='ltr'><strong>in</strong></span> <span class='ocrx_word' id='word_1_429' title='bbox 1727 2840 1926 2898; x_wconf 87' lang='lat' dir='ltr'><strong>morte,</strong></span> 
     </span>
    </p>
   </div>
   <div class='ocr_carea' id='block_1_54' title="bbox 2214 2825 3714 2903">
    <p class='ocr_par' dir='ltr' id='par_1_54' title="bbox 2214 2825 3714 2903">
     <span class='ocr_line' id='line_1_54' title="bbox 2214 2825 3714 2903; baseline -0.001 -18"><span class='ocrx_word' id='word_1_430' title='bbox 2214 2849 2342 2897; x_wconf 78' lang='grc' dir='ltr'>ττιν,</span> <span class='ocrx_word' id='word_1_431' title='bbox 2378 2834 2436 2901; x_wconf 75' lang='grc' dir='ltr'>ὲν</span> <span class='ocrx_word' id='word_1_432' title='bbox 2481 2833 2787 2901; x_wconf 80' lang='grc' dir='ltr'>νεκρότητι,</span> <span class='ocrx_word' id='word_1_433' title='bbox 2817 2831 2851 2903; x_wconf 78' lang='grc' dir='ltr'>ἢ</span> <span class='ocrx_word' id='word_1_434' title='bbox 2887 2828 2967 2902; x_wconf 83' lang='grc' dir='ltr'>τῷ</span> <span class='ocrx_word' id='word_1_435' title='bbox 2997 2825 3235 2901; x_wconf 84' lang='grc' dir='ltr'>μὴεῖναι</span> <span class='ocrx_word' id='word_1_436' title='bbox 3260 2829 3579 2901; x_wconf 81' lang='grc' dir='ltr'>νοούμενος,</span> <span class='ocrx_word' id='word_1_437' title='bbox 3608 2831 3714 2883; x_wconf 67' lang='lat' dir='ltr'><strong>am</strong></span> 
     </span>
    </p>
   </div>
   <div class='ocr_carea' id='block_1_55' title="bbox 477 2920 1977 2997">
    <p class='ocr_par' dir='ltr' id='par_1_55' title="bbox 477 2923 1977 2994">
     <span class='ocr_line' id='line_1_55' title="bbox 477 2923 1977 2994; baseline 0 -15"><span class='ocrx_word' id='word_1_438' title='bbox 477 2940 545 2979; x_wconf 92' lang='lat' dir='ltr'><strong>eo</strong></span> <span class='ocrx_word' id='word_1_439' title='bbox 576 2931 723 2979; x_wconf 90' lang='lat' dir='ltr'><strong>statu</strong></span> <span class='ocrx_word' id='word_1_440' title='bbox 748 2924 804 2978; x_wconf 92' lang='lat' dir='ltr'><strong>in</strong></span> <span class='ocrx_word' id='word_1_441' title='bbox 828 2936 939 2994; x_wconf 92' lang='lat' dir='ltr'><strong>quo</strong></span> <span class='ocrx_word' id='word_1_442' title='bbox 965 2923 1102 2978; x_wconf 89' lang='lat' dir='ltr'><strong>nihil</strong></span> <span class='ocrx_word' id='word_1_443' title='bbox 1134 2923 1364 2979; x_wconf 90' lang='lat' dir='ltr'><strong>omnino</strong></span> <span class='ocrx_word' id='word_1_444' title='bbox 1411 2924 1503 2991; x_wconf 89' lang='lat' dir='ltr'><strong>sit,</strong></span> <span class='ocrx_word' id='word_1_445' title='bbox 1555 2924 1924 2992; x_wconf 87' lang='lat' dir='ltr'><strong>constitutus;</strong></span> <span class='ocrx_word' id='word_1_446' title='bbox 1970 2940 1977 2979; x_wconf 70' lang='grc' dir='ltr'><strong>ε</strong></span> 
     </span>
    </p>
   </div>
   <div class='ocr_carea' id='block_1_56' title="bbox 2216 2920 3716 2997">
    <p class='ocr_par' dir='ltr' id='par_1_56' title="bbox 2216 2920 3716 2997">
     <span class='ocr_line' id='line_1_56' title="bbox 2216 2920 3716 2997; baseline -0.002 -19"><span class='ocrx_word' id='word_1_447' title='bbox 2216 2926 2462 2997; x_wconf 44' lang='grc' dir='ltr'>ηατρικοῖς</span> <span class='ocrx_word' id='word_1_448' title='bbox 2500 2924 2845 2996; x_wconf 78' lang='grc' dir='ltr'>χαρακτῆρσι</span> <span class='ocrx_word' id='word_1_449' title='bbox 2890 2922 3279 2994; x_wconf 76' lang='grc' dir='ltr'>μεμόρςρωται·</span> <span class='ocrx_word' id='word_1_450' title='bbox 3308 2922 3411 2993; x_wconf 78' lang='grc' dir='ltr'>οὐχ</span> <span class='ocrx_word' id='word_1_451' title='bbox 3453 2920 3529 2986; x_wconf 84' lang='grc' dir='ltr'><strong>ὡς</strong></span> <span class='ocrx_word' id='word_1_452' title='bbox 3567 2921 3716 2993; x_wconf 72' lang='grc' dir='ltr'>ἕτερος</span> 
     </span>
    </p>
   </div>
   <div class='ocr_carea' id='block_1_57' title="bbox 479 3014 1979 3088">
    <p class='ocr_par' dir='ltr' id='par_1_57' title="bbox 479 3015 1979 3088">
     <span class='ocr_line' id='line_1_57' title="bbox 479 3015 1979 3088; baseline 0.001 -17"><span class='ocrx_word' id='word_1_453' title='bbox 479 3023 738 3085; x_wconf 80' lang='lat' dir='ltr'><strong>paternas</strong></span> <span class='ocrx_word' id='word_1_454' title='bbox 777 3016 833 3069; x_wconf 86' lang='lat' dir='ltr'><strong>in</strong></span> <span class='ocrx_word' id='word_1_455' title='bbox 860 3031 922 3071; x_wconf 88' lang='lat' dir='ltr'><strong>se</strong></span> <span class='ocrx_word' id='word_1_456' title='bbox 976 3026 1137 3072; x_wconf 88' lang='lat' dir='ltr'><strong>notas</strong></span> <span class='ocrx_word' id='word_1_457' title='bbox 1174 3015 1337 3071; x_wconf 87' lang='lat' dir='ltr'><strong>habet</strong></span> <span class='ocrx_word' id='word_1_458' title='bbox 1392 3029 1685 3087; x_wconf 84' lang='lat' dir='ltr'><strong>expressas</strong></span> <span class='ocrx_word' id='word_1_459' title='bbox 1716 3032 1730 3068; x_wconf 91' lang='lat'>:</span> <span class='ocrx_word' id='word_1_460' title='bbox 1767 3032 1878 3072; x_wconf 92' lang='lat' dir='ltr'><strong>non</strong></span> <span class='ocrx_word' id='word_1_461' title='bbox 1909 3034 1979 3088; x_wconf 87' lang='lat' dir='ltr'><strong>qu</strong></span> 
     </span>
    </p>
   </div>
   <div class='ocr_carea' id='block_1_58' title="bbox 2216 3014 3716 3088">
    <p class='ocr_par' dir='ltr' id='par_1_58' title="bbox 2216 3014 3716 3088">
     <span class='ocr_line' id='line_1_58' title="bbox 2216 3014 3716 3088; baseline -0.001 -17"><span class='ocrx_word' id='word_1_462' title='bbox 2216 3016 2339 3081; x_wconf 81' lang='grc' dir='ltr'>ὺτὸς</span> <span class='ocrx_word' id='word_1_463' title='bbox 2364 3015 2470 3083; x_wconf 80' lang='grc' dir='ltr'>ὢν,</span> <span class='ocrx_word' id='word_1_464' title='bbox 2515 3016 2735 3088; x_wconf 79' lang='grc' dir='ltr'>ἑτέρους</span> <span class='ocrx_word' id='word_1_465' title='bbox 2768 3016 2825 3069; x_wconf 83' lang='grc' dir='ltr'>δὲ</span> <span class='ocrx_word' id='word_1_466' title='bbox 2859 3015 2989 3079; x_wconf 81' lang='grc' dir='ltr'>τοὺς</span> <span class='ocrx_word' id='word_1_467' title='bbox 3016 3014 3374 3086; x_wconf 85' lang='grc' dir='ltr'>χαρακτῆρας</span> <span class='ocrx_word' id='word_1_468' title='bbox 3409 3014 3513 3084; x_wconf 83' lang='grc' dir='ltr'>τῆς</span> <span class='ocrx_word' id='word_1_469' title='bbox 3541 3015 3716 3085; x_wconf 69' lang='grc' dir='ltr'>μορφῆς</span> 
     </span>
    </p>
   </div>
   <div class='ocr_carea' id='block_1_59' title="bbox 480 3103 1980 3181">
    <p class='ocr_par' dir='ltr' id='par_1_59' title="bbox 480 3105 1980 3178">
     <span class='ocr_line' id='line_1_59' title="bbox 480 3105 1980 3178; baseline 0.001 -20"><span class='ocrx_word' id='word_1_470' title='bbox 480 3108 619 3160; x_wconf 86' lang='lat' dir='ltr'><strong>alter</strong></span> <span class='ocrx_word' id='word_1_471' title='bbox 652 3106 769 3175; x_wconf 88' lang='lat' dir='ltr'><strong>ipse</strong></span> <span class='ocrx_word' id='word_1_472' title='bbox 799 3105 893 3170; x_wconf 90' lang='lat' dir='ltr'><strong>sit,</strong></span> <span class='ocrx_word' id='word_1_473' title='bbox 942 3116 996 3161; x_wconf 91' lang='lat' dir='ltr'><strong>et</strong></span> <span class='ocrx_word' id='word_1_474' title='bbox 1016 3105 1140 3162; x_wconf 89' lang='lat' dir='ltr'><strong>aliis</strong></span> <span class='ocrx_word' id='word_1_475' title='bbox 1167 3106 1354 3177; x_wconf 69' lang='lat' dir='ltr'><strong>ﬁgura:</strong></span> <span class='ocrx_word' id='word_1_476' title='bbox 1389 3108 1535 3163; x_wconf 89' lang='lat' dir='ltr'><strong>notis</strong></span> <span class='ocrx_word' id='word_1_477' title='bbox 1567 3107 1848 3178; x_wconf 66' lang='lat' dir='ltr'><strong>praeditus,</strong></span> <span class='ocrx_word' id='word_1_478' title='bbox 1874 3124 1980 3165; x_wconf 67' lang='lat' dir='ltr'><strong>ver:</strong></span> 
     </span>
    </p>
   </div>
   <div class='ocr_carea' id='block_1_60' title="bbox 2216 3103 3716 3181">
    <p class='ocr_par' dir='ltr' id='par_1_60' title="bbox 2216 3104 3716 3181">
     <span class='ocr_line' id='line_1_60' title="bbox 2216 3104 3716 3181; baseline -0.005 -18"><span class='ocrx_word' id='word_1_479' title='bbox 2216 3127 2309 3181; x_wconf 73' lang='grc' dir='ltr'><strong>(ων</strong></span> <span class='ocrx_word' id='word_1_480' title='bbox 2328 3124 2342 3139; x_wconf 83' lang='lat'>&#39;</span> <span class='ocrx_word' id='word_1_481' title='bbox 2377 3109 2491 3163; x_wconf 82' lang='grc' dir='ltr'>ἀλλ’</span> <span class='ocrx_word' id='word_1_482' title='bbox 2515 3111 2574 3162; x_wconf 79' lang='grc' dir='ltr'>ὲν</span> <span class='ocrx_word' id='word_1_483' title='bbox 2598 3108 2676 3180; x_wconf 84' lang='grc' dir='ltr'>τῷ</span> <span class='ocrx_word' id='word_1_484' title='bbox 2714 3104 2855 3164; x_wconf 70' lang='grc' dir='ltr'>εἶναι</span> <span class='ocrx_word' id='word_1_485' title='bbox 2877 3107 3042 3162; x_wconf 80' lang='grc' dir='ltr'>αὐτοῦ</span> <span class='ocrx_word' id='word_1_486' title='bbox 3063 3109 3114 3162; x_wconf 78' lang='grc' dir='ltr'>οἱ</span> <span class='ocrx_word' id='word_1_487' title='bbox 3137 3106 3489 3180; x_wconf 76' lang='grc' dir='ltr'>χαρακτῆρες</span> <span class='ocrx_word' id='word_1_488' title='bbox 3517 3108 3631 3169; x_wconf 74' lang='grc' dir='ltr'>τίσι,</span> <span class='ocrx_word' id='word_1_489' title='bbox 3646 3106 3716 3157; x_wconf 73' lang='grc' dir='ltr'><strong>καὶ</strong></span> 
     </span>
    </p>
   </div>
   <div class='ocr_carea' id='block_1_61' title="bbox 481 3195 1981 3274">
    <p class='ocr_par' dir='ltr' id='par_1_61' title="bbox 481 3195 1981 3270">
     <span class='ocr_line' id='line_1_61' title="bbox 481 3195 1981 3270; baseline 0.003 -21"><span class='ocrx_word' id='word_1_490' title='bbox 481 3202 538 3249; x_wconf 90' lang='lat' dir='ltr'><strong>et</strong></span> <span class='ocrx_word' id='word_1_491' title='bbox 566 3195 621 3249; x_wconf 92' lang='lat' dir='ltr'><strong>in</strong></span> <span class='ocrx_word' id='word_1_492' title='bbox 644 3195 765 3265; x_wconf 87' lang='lat' dir='ltr'><strong>ejus</strong></span> <span class='ocrx_word' id='word_1_493' title='bbox 786 3197 1031 3252; x_wconf 90' lang='lat' dir='ltr'><strong>essentia</strong></span> <span class='ocrx_word' id='word_1_494' title='bbox 1068 3196 1308 3266; x_wconf 85' lang='lat' dir='ltr'><strong>propriae</strong></span> <span class='ocrx_word' id='word_1_495' title='bbox 1346 3196 1494 3254; x_wconf 91' lang='lat' dir='ltr'><strong>illius</strong></span> <span class='ocrx_word' id='word_1_496' title='bbox 1522 3209 1665 3253; x_wconf 67' lang='lat' dir='ltr'><strong>notas</strong></span> <span class='ocrx_word' id='word_1_497' title='bbox 1695 3200 1889 3270; x_wconf 78' lang='lat' dir='ltr'><strong>positae</strong></span> <span class='ocrx_word' id='word_1_498' title='bbox 1919 3215 1981 3256; x_wconf 88' lang='lat' dir='ltr'><strong>su</strong></span> 
     </span>
    </p>
   </div>
   <div class='ocr_carea' id='block_1_62' title="bbox 2206 3195 3706 3274">
    <p class='ocr_par' dir='ltr' id='par_1_62' title="bbox 2206 3196 3706 3274">
     <span class='ocr_line' id='line_1_62' title="bbox 2206 3196 3706 3274; baseline -0.006 -18"><span class='ocrx_word' id='word_1_499' title='bbox 2206 3220 2233 3256; x_wconf 91' lang='grc' dir='ltr'><strong>ν</strong></span> <span class='ocrx_word' id='word_1_500' title='bbox 2262 3204 2376 3265; x_wconf 87' lang='grc' dir='ltr'>τοῖς</span> <span class='ocrx_word' id='word_1_501' title='bbox 2401 3202 2746 3274; x_wconf 80' lang='grc' dir='ltr'>χαρακτῆρσι</span> <span class='ocrx_word' id='word_1_502' title='bbox 2773 3200 2835 3254; x_wconf 80' lang='grc' dir='ltr'>τὸ</span> <span class='ocrx_word' id='word_1_503' title='bbox 2860 3198 2999 3256; x_wconf 76' lang='grc' dir='ltr'>εἶναι</span> <span class='ocrx_word' id='word_1_504' title='bbox 3037 3200 3226 3255; x_wconf 81' lang='grc' dir='ltr'>αὑτοῦ.</span> <span class='ocrx_word' id='word_1_505' title='bbox 3265 3200 3332 3253; x_wconf 82' lang='grc' dir='ltr'>Ἡ</span> <span class='ocrx_word' id='word_1_506' title='bbox 3356 3199 3415 3252; x_wconf 80' lang='grc' dir='ltr'>δὲ</span> <span class='ocrx_word' id='word_1_507' title='bbox 3452 3196 3607 3252; x_wconf 84' lang='grc' dir='ltr'>είκὼν</span> <span class='ocrx_word' id='word_1_508' title='bbox 3630 3198 3706 3249; x_wconf 69' lang='grc' dir='ltr'>ἑτέ</span> 
     </span>
    </p>
   </div>
   <div class='ocr_carea' id='block_1_63' title="bbox 480 3287 1980 3365">
    <p class='ocr_par' dir='ltr' id='par_1_63' title="bbox 480 3287 1976 3358">
     <span class='ocr_line' id='line_1_63' title="bbox 480 3287 1976 3358; baseline 0.003 -18"><span class='ocrx_word' id='word_1_509' title='bbox 480 3287 623 3341; x_wconf 91' lang='lat' dir='ltr'><strong>etin</strong></span> <span class='ocrx_word' id='word_1_510' title='bbox 674 3287 911 3358; x_wconf 88' lang='lat' dir='ltr'><strong>propriis</strong></span> <span class='ocrx_word' id='word_1_511' title='bbox 966 3288 1114 3343; x_wconf 88' lang='lat' dir='ltr'><strong>notis</strong></span> <span class='ocrx_word' id='word_1_512' title='bbox 1172 3288 1413 3343; x_wconf 81' lang='lat' dir='ltr'><strong>essentia</strong></span> <span class='ocrx_word' id='word_1_513' title='bbox 1466 3290 1747 3346; x_wconf 89' lang='lat' dir='ltr'><strong>consistit.</strong></span> <span class='ocrx_word' id='word_1_514' title='bbox 1802 3289 1976 3347; x_wconf 69' lang='lat' dir='ltr'><strong>Caeter</strong></span> 
     </span>
    </p>
   </div>
   <div class='ocr_carea' id='block_1_64' title="bbox 2217 3287 3717 3365">
    <p class='ocr_par' dir='ltr' id='par_1_64' title="bbox 2217 3288 3717 3365">
     <span class='ocr_line' id='line_1_64' title="bbox 2217 3288 3717 3365; baseline 0.001 -19"><span class='ocrx_word' id='word_1_515' title='bbox 2217 3310 2299 3358; x_wconf 83' lang='grc' dir='ltr'><strong>ου,</strong></span> <span class='ocrx_word' id='word_1_516' title='bbox 2329 3295 2425 3347; x_wconf 76' lang='grc' dir='ltr'>καὶ</span> <span class='ocrx_word' id='word_1_517' title='bbox 2448 3294 2547 3365; x_wconf 85' lang='grc' dir='ltr'>οὐχ</span> <span class='ocrx_word' id='word_1_518' title='bbox 2574 3293 2774 3365; x_wconf 76' lang='grc' dir='ltr'>ἑαυτῆς</span> <span class='ocrx_word' id='word_1_519' title='bbox 2799 3292 2963 3365; x_wconf 87' lang='grc' dir='ltr'>εἰκὼν</span> <span class='ocrx_word' id='word_1_520' title='bbox 2993 3288 3151 3359; x_wconf 80' lang='grc' dir='ltr'>οὖσα,</span> <span class='ocrx_word' id='word_1_521' title='bbox 3190 3290 3335 3347; x_wconf 83' lang='grc' dir='ltr'>καθὰ</span> <span class='ocrx_word' id='word_1_522' title='bbox 3354 3291 3453 3345; x_wconf 80' lang='grc' dir='ltr'>καὶ</span> <span class='ocrx_word' id='word_1_523' title='bbox 3473 3290 3538 3344; x_wconf 76' lang='grc' dir='ltr'>σὺ</span> <span class='ocrx_word' id='word_1_524' title='bbox 3557 3288 3717 3347; x_wconf 63' lang='grc' dir='ltr'>θέλεις,</span> 
     </span>
    </p>
   </div>
   <div class='ocr_carea' id='block_1_65' title="bbox 484 3364 1984 3458">
    <p class='ocr_par' dir='ltr' id='par_1_65' title="bbox 484 3377 1984 3453">
     <span class='ocr_line' id='line_1_65' title="bbox 484 3377 1984 3453; baseline 0.003 -22"><span class='ocrx_word' id='word_1_525' title='bbox 484 3378 669 3447; x_wconf 89' lang='lat' dir='ltr'><strong>imago</strong></span> <span class='ocrx_word' id='word_1_526' title='bbox 700 3392 826 3432; x_wconf 91' lang='lat' dir='ltr'><strong>cum</strong></span> <span class='ocrx_word' id='word_1_527' title='bbox 855 3377 1124 3445; x_wconf 81' lang='lat' dir='ltr'><strong>alterius,</strong></span> <span class='ocrx_word' id='word_1_528' title='bbox 1167 3393 1276 3433; x_wconf 94' lang='lat' dir='ltr'><strong>non</strong></span> <span class='ocrx_word' id='word_1_529' title='bbox 1338 3378 1721 3451; x_wconf 88' lang='lat' dir='ltr'><strong>suimetipsius</strong></span> <span class='ocrx_word' id='word_1_530' title='bbox 1768 3381 1947 3453; x_wconf 89' lang='lat' dir='ltr'><strong>imago</strong></span> <span class='ocrx_word' id='word_1_531' title='bbox 1979 3400 1984 3436; x_wconf 66' lang='grc' dir='ltr'><em>ε</em></span> 
     </span>
    </p>
   </div>
   <div class='ocr_carea' id='block_1_66' title="bbox 2215 3364 3715 3458">
    <p class='ocr_par' dir='ltr' id='par_1_66' title="bbox 2215 3364 3715 3458">
     <span class='ocr_line' id='line_1_66' title="bbox 2215 3364 3715 3458; baseline -0.001 -20"><span class='ocrx_word' id='word_1_532' title='bbox 2215 3384 2265 3438; x_wconf 58' lang='grc' dir='ltr'>οὔ</span> <span class='ocrx_word' id='word_1_533' title='bbox 2287 3364 2644 3458; x_wconf 76' lang='grc' dir='ltr'>πρωτοτῦπου</span> <span class='ocrx_word' id='word_1_534' title='bbox 2676 3387 2734 3438; x_wconf 82' lang='grc' dir='ltr'>ὲν</span> <span class='ocrx_word' id='word_1_535' title='bbox 2773 3364 2938 3457; x_wconf 80' lang='grc' dir='ltr'>ἑαυτῇ</span> <span class='ocrx_word' id='word_1_536' title='bbox 2960 3385 3090 3449; x_wconf 79' lang='grc' dir='ltr'>τοὺς</span> <span class='ocrx_word' id='word_1_537' title='bbox 3112 3383 3470 3457; x_wconf 80' lang='grc' dir='ltr'>χαρακτῆρας</span> <span class='ocrx_word' id='word_1_538' title='bbox 3496 3382 3715 3453; x_wconf 73' lang='grc' dir='ltr'>φέρουσα.</span> 
     </span>
    </p>
   </div>
   <div class='ocr_carea' id='block_1_67' title="bbox 485 3470 1985 3551">
    <p class='ocr_par' dir='ltr' id='par_1_67' title="bbox 485 3470 1985 3545">
     <span class='ocr_line' id='line_1_67' title="bbox 485 3470 1985 3545; baseline 0.001 -20"><span class='ocrx_word' id='word_1_539' title='bbox 485 3477 545 3525; x_wconf 80' lang='grc' dir='ltr'><strong>ιιι</strong></span> <span class='ocrx_word' id='word_1_540' title='bbox 566 3477 619 3526; x_wconf 88' lang='lat' dir='ltr'><strong>et</strong></span> <span class='ocrx_word' id='word_1_541' title='bbox 648 3470 767 3541; x_wconf 89' lang='lat' dir='ltr'><strong>ipse</strong></span> <span class='ocrx_word' id='word_1_542' title='bbox 793 3471 1014 3535; x_wconf 87' lang='lat' dir='ltr'><strong>statuis,</strong></span> <span class='ocrx_word' id='word_1_543' title='bbox 1036 3470 1366 3541; x_wconf 83' lang='lat' dir='ltr'><strong>exemplaris</strong></span> <span class='ocrx_word' id='word_1_544' title='bbox 1396 3472 1454 3525; x_wconf 89' lang='lat' dir='ltr'><strong>in</strong></span> <span class='ocrx_word' id='word_1_545' title='bbox 1497 3487 1558 3528; x_wconf 90' lang='lat' dir='ltr'><strong>se</strong></span> <span class='ocrx_word' id='word_1_546' title='bbox 1589 3472 1816 3545; x_wconf 82' lang='lat' dir='ltr'><strong>ﬁguram</strong></span> <span class='ocrx_word' id='word_1_547' title='bbox 1848 3488 1985 3544; x_wconf 66' lang='lat' dir='ltr'><strong>gere]</strong></span> 
     </span>
    </p>
   </div>
   <div class='ocr_carea' id='block_1_68' title="bbox 2216 3470 3716 3551">
    <p class='ocr_par' dir='ltr' id='par_1_68' title="bbox 2216 3474 3716 3551">
     <span class='ocr_line' id='line_1_68' title="bbox 2216 3474 3716 3551; baseline 0 -21"><span class='ocrx_word' id='word_1_548' title='bbox 2216 3479 2269 3548; x_wconf 68' lang='grc' dir='ltr'><strong>ην</strong></span> <span class='ocrx_word' id='word_1_549' title='bbox 2297 3478 2591 3549; x_wconf 79' lang='grc' dir='ltr'>ἑτερότητα</span> <span class='ocrx_word' id='word_1_550' title='bbox 2620 3478 2949 3550; x_wconf 81' lang='grc' dir='ltr'>παρίστησιν</span> <span class='ocrx_word' id='word_1_551' title='bbox 2968 3493 2984 3509; x_wconf 80' lang='grc'><em>’</em></span> <span class='ocrx_word' id='word_1_552' title='bbox 3018 3478 3313 3551; x_wconf 80' lang='grc' dir='ltr'>ἑτερότητα</span> <span class='ocrx_word' id='word_1_553' title='bbox 3332 3476 3391 3530; x_wconf 82' lang='grc' dir='ltr'>δὲ</span> <span class='ocrx_word' id='word_1_554' title='bbox 3416 3476 3493 3540; x_wconf 81' lang='grc' dir='ltr'>ὡς</span> <span class='ocrx_word' id='word_1_555' title='bbox 3509 3474 3716 3547; x_wconf 70' lang='grc' dir='ltr'>ὁμοιότη·</span> 
     </span>
    </p>
   </div>
   <div class='ocr_carea' id='block_1_69' title="bbox 483 3561 1983 3641">
    <p class='ocr_par' dir='ltr' id='par_1_69' title="bbox 483 3561 1983 3634">
     <span class='ocr_line' id='line_1_69' title="bbox 483 3561 1983 3634; baseline 0.003 -18"><span class='ocrx_word' id='word_1_556' title='bbox 483 3562 856 3619; x_wconf 86' lang='lat' dir='ltr'><strong>diversitatem</strong></span> <span class='ocrx_word' id='word_1_557' title='bbox 905 3561 1150 3629; x_wconf 88' lang='lat' dir='ltr'><strong>indicat;</strong></span> <span class='ocrx_word' id='word_1_558' title='bbox 1184 3562 1281 3617; x_wconf 90' lang='lat' dir='ltr'><strong>sed</strong></span> <span class='ocrx_word' id='word_1_559' title='bbox 1340 3562 1614 3634; x_wconf 85' lang='lat' dir='ltr'><strong>ejusmodi</strong></span> <span class='ocrx_word' id='word_1_560' title='bbox 1670 3563 1983 3620; x_wconf 87' lang='lat' dir='ltr'><strong>diversitate</strong></span> 
     </span>
    </p>
   </div>
   <div class='ocr_carea' id='block_1_70' title="bbox 2217 3561 3717 3641">
    <p class='ocr_par' dir='ltr' id='par_1_70' title="bbox 2217 3566 3717 3641">
     <span class='ocr_line' id='line_1_70' title="bbox 2217 3566 3717 3641; baseline -0.006 -19"><span class='ocrx_word' id='word_1_561' title='bbox 2217 3587 2261 3622; x_wconf 82' lang='grc' dir='ltr'>ι.</span> <span class='ocrx_word' id='word_1_562' title='bbox 2307 3570 2420 3640; x_wconf 82' lang='grc' dir='ltr'><strong>Οὐχ</strong></span> <span class='ocrx_word' id='word_1_563' title='bbox 2468 3569 2672 3640; x_wconf 80' lang='grc' dir='ltr'>ἑαυτῆς</span> <span class='ocrx_word' id='word_1_564' title='bbox 2707 3568 2838 3641; x_wconf 88' lang='grc' dir='ltr'>γὰρ,</span> <span class='ocrx_word' id='word_1_565' title='bbox 2874 3568 3063 3640; x_wconf 79' lang='grc' dir='ltr'>ἐτέρου</span> <span class='ocrx_word' id='word_1_566' title='bbox 3110 3567 3168 3621; x_wconf 83' lang='grc' dir='ltr'><strong>δέ</strong></span> <span class='ocrx_word' id='word_1_567' title='bbox 3210 3584 3358 3631; x_wconf 91' lang='grc' dir='ltr'>τινος</span> <span class='ocrx_word' id='word_1_568' title='bbox 3405 3566 3565 3620; x_wconf 76' lang='grc' dir='ltr'>εἰκών</span> <span class='ocrx_word' id='word_1_569' title='bbox 3606 3566 3717 3617; x_wconf 70' lang='grc' dir='ltr'>ἐστιν</span> 
     </span>
    </p>
   </div>
   <div class='ocr_carea' id='block_1_71' title="bbox 484 3650 1984 3735">
    <p class='ocr_par' dir='ltr' id='par_1_71' title="bbox 484 3650 1984 3724">
     <span class='ocr_line' id='line_1_71' title="bbox 484 3650 1984 3724; baseline 0.001 -16"><span class='ocrx_word' id='word_1_570' title='bbox 484 3668 605 3723; x_wconf 74' lang='lat' dir='ltr'><strong>quae</strong></span> <span class='ocrx_word' id='word_1_571' title='bbox 657 3653 801 3709; x_wconf 91' lang='lat' dir='ltr'><strong>idem</strong></span> <span class='ocrx_word' id='word_1_572' title='bbox 833 3667 898 3707; x_wconf 89' lang='lat' dir='ltr'><strong>ac</strong></span> <span class='ocrx_word' id='word_1_573' title='bbox 950 3651 1254 3707; x_wconf 91' lang='lat' dir='ltr'><strong>similitudo</strong></span> <span class='ocrx_word' id='word_1_574' title='bbox 1294 3652 1386 3706; x_wconf 83' lang='lat' dir='ltr'><strong>sit.</strong></span> <span class='ocrx_word' id='word_1_575' title='bbox 1425 3650 1546 3707; x_wconf 84' lang='lat' dir='ltr'><strong>Non</strong></span> <span class='ocrx_word' id='word_1_576' title='bbox 1582 3653 1727 3708; x_wconf 90' lang='lat' dir='ltr'><strong>enim</strong></span> <span class='ocrx_word' id='word_1_577' title='bbox 1773 3653 1865 3709; x_wconf 89' lang='lat' dir='ltr'><strong>sui</strong></span> <span class='ocrx_word' id='word_1_578' title='bbox 1893 3654 1984 3724; x_wconf 87' lang='lat' dir='ltr'><strong>ips</strong></span> 
     </span>
    </p>
   </div>
   <div class='ocr_carea' id='block_1_72' title="bbox 2216 3650 3716 3735">
    <p class='ocr_par' dir='ltr' id='par_1_72' title="bbox 2216 3657 3716 3735">
     <span class='ocr_line' id='line_1_72' title="bbox 2216 3657 3716 3735; baseline -0.005 -17"><span class='ocrx_word' id='word_1_579' title='bbox 2216 3659 2326 3728; x_wconf 78' lang='grc' dir='ltr'>5τος</span> <span class='ocrx_word' id='word_1_580' title='bbox 2360 3662 2455 3729; x_wconf 84' lang='grc' dir='ltr'>ὢν,</span> <span class='ocrx_word' id='word_1_581' title='bbox 2479 3665 2507 3717; x_wconf 82' lang='grc' dir='ltr'>ὅ</span> <span class='ocrx_word' id='word_1_582' title='bbox 2543 3666 2692 3717; x_wconf 79' lang='grc' dir='ltr'>ἐστιν</span> <span class='ocrx_word' id='word_1_583' title='bbox 2718 3664 2881 3718; x_wconf 86' lang='grc' dir='ltr'>είκὼν</span> <span class='ocrx_word' id='word_1_584' title='bbox 2904 3663 2998 3718; x_wconf 79' lang='grc' dir='ltr'>τοῦ</span> <span class='ocrx_word' id='word_1_585' title='bbox 3023 3662 3159 3717; x_wconf 82' lang='grc' dir='ltr'>Θεοῦ</span> <span class='ocrx_word' id='word_1_586' title='bbox 3185 3663 3279 3717; x_wconf 85' lang='grc' dir='ltr'>τοῦ</span> <span class='ocrx_word' id='word_1_587' title='bbox 3307 3662 3562 3735; x_wconf 81' lang='grc' dir='ltr'>ἀοράτου.</span> <span class='ocrx_word' id='word_1_588' title='bbox 3579 3657 3716 3718; x_wconf 51' lang='lat' dir='ltr'><strong>Elatia:</strong></span> 
     </span>
    </p>
   </div>
   <div class='ocr_carea' id='block_1_73' title="bbox 484 3743 1984 3825">
    <p class='ocr_par' dir='ltr' id='par_1_73' title="bbox 484 3743 1984 3815">
     <span class='ocr_line' id='line_1_73' title="bbox 484 3743 1984 3815; baseline -0.001 -15"><span class='ocrx_word' id='word_1_589' title='bbox 484 3746 757 3800; x_wconf 83' lang='lat' dir='ltr'><strong>exsistens</strong></span> <span class='ocrx_word' id='word_1_590' title='bbox 796 3744 884 3799; x_wconf 91' lang='lat' dir='ltr'><strong>ille</strong></span> <span class='ocrx_word' id='word_1_591' title='bbox 921 3744 1060 3814; x_wconf 84' lang='lat' dir='ltr'><strong>ipse,</strong></span> <span class='ocrx_word' id='word_1_592' title='bbox 1085 3744 1180 3799; x_wconf 91' lang='lat' dir='ltr'><strong>sed</strong></span> <span class='ocrx_word' id='word_1_593' title='bbox 1212 3743 1521 3815; x_wconf 89' lang='lat' dir='ltr'><strong>cujuspiam</strong></span> <span class='ocrx_word' id='word_1_594' title='bbox 1549 3744 1777 3800; x_wconf 87' lang='lat' dir='ltr'><strong>alterius</strong></span> <span class='ocrx_word' id='word_1_595' title='bbox 1807 3754 1892 3801; x_wconf 91' lang='lat' dir='ltr'><strong>est</strong></span> <span class='ocrx_word' id='word_1_596' title='bbox 1932 3746 1984 3799; x_wconf 90' lang='lat' dir='ltr'><strong>iu</strong></span> 
     </span>
    </p>
   </div>
   <div class='ocr_carea' id='block_1_74' title="bbox 2214 3743 3714 3825">
    <p class='ocr_par' dir='ltr' id='par_1_74' title="bbox 2214 3750 3714 3825">
     <span class='ocr_line' id='line_1_74' title="bbox 2214 3750 3714 3825; baseline -0.007 -16"><span class='ocrx_word' id='word_1_597' title='bbox 2214 3750 2273 3809; x_wconf 83' lang='grc' dir='ltr'>ὗν</span> <span class='ocrx_word' id='word_1_598' title='bbox 2311 3754 2407 3807; x_wconf 83' lang='grc' dir='ltr'>τοῦ</span> <span class='ocrx_word' id='word_1_599' title='bbox 2437 3755 2650 3825; x_wconf 81' lang='grc' dir='ltr'>Πατρὸς</span> <span class='ocrx_word' id='word_1_600' title='bbox 2676 3756 2705 3808; x_wconf 91' lang='grc' dir='ltr'><strong>ό</strong></span> <span class='ocrx_word' id='word_1_601' title='bbox 2739 3755 2889 3820; x_wconf 78' lang='grc' dir='ltr'>Υἱὸς,</span> <span class='ocrx_word' id='word_1_602' title='bbox 2916 3751 3067 3819; x_wconf 79' lang='grc' dir='ltr'>ζῶσα</span> <span class='ocrx_word' id='word_1_603' title='bbox 3086 3753 3307 3820; x_wconf 76' lang='grc' dir='ltr'>ζῶντος,</span> <span class='ocrx_word' id='word_1_604' title='bbox 3340 3755 3401 3806; x_wconf 82' lang='grc' dir='ltr'>ὲν</span> <span class='ocrx_word' id='word_1_605' title='bbox 3427 3753 3625 3823; x_wconf 84' lang='grc' dir='ltr'>κινήσει</span> <span class='ocrx_word' id='word_1_606' title='bbox 3651 3752 3714 3801; x_wconf 60' lang='grc' dir='ltr'>καὶ</span> 
     </span>
    </p>
   </div>
   <div class='ocr_carea' id='block_1_75' title="bbox 486 3834 1986 3917">
    <p class='ocr_par' dir='ltr' id='par_1_75' title="bbox 486 3834 1986 3907">
     <span class='ocr_line' id='line_1_75' title="bbox 486 3834 1986 3907; baseline -0.001 -17"><span class='ocrx_word' id='word_1_607' title='bbox 486 3850 590 3905; x_wconf 87' lang='lat' dir='ltr'><strong>go;</strong></span> <span class='ocrx_word' id='word_1_608' title='bbox 622 3836 824 3907; x_wconf 86' lang='lat' dir='ltr'><strong>imago,</strong></span> <span class='ocrx_word' id='word_1_609' title='bbox 855 3834 1078 3905; x_wconf 87' lang='lat' dir='ltr'><strong>inquam</strong></span> <span class='ocrx_word' id='word_1_610' title='bbox 1103 3876 1117 3899; x_wconf 93' lang='lat'><strong>,</strong></span> <span class='ocrx_word' id='word_1_611' title='bbox 1152 3850 1264 3889; x_wconf 92' lang='lat' dir='ltr'><strong>non</strong></span> <span class='ocrx_word' id='word_1_612' title='bbox 1313 3834 1665 3904; x_wconf 89' lang='lat' dir='ltr'><strong>aspectabilis</strong></span> <span class='ocrx_word' id='word_1_613' title='bbox 1720 3835 1835 3891; x_wconf 87' lang='lat' dir='ltr'><strong>Dei.</strong></span> <span class='ocrx_word' id='word_1_614' title='bbox 1892 3834 1986 3889; x_wconf 83' lang='lat' dir='ltr'><strong>Pat</strong></span> 
     </span>
    </p>
   </div>
   <div class='ocr_carea' id='block_1_76' title="bbox 2214 3834 3714 3917">
    <p class='ocr_par' dir='ltr' id='par_1_76' title="bbox 2214 3838 3714 3917">
     <span class='ocr_line' id='line_1_76' title="bbox 2214 3838 3714 3917; baseline -0.006 -18"><span class='ocrx_word' id='word_1_615' title='bbox 2214 3846 2446 3917; x_wconf 74' lang='grc' dir='ltr'>νεργείᾳ,</span> <span class='ocrx_word' id='word_1_616' title='bbox 2479 3846 2706 3916; x_wconf 84' lang='grc' dir='ltr'>δυνάμει</span> <span class='ocrx_word' id='word_1_617' title='bbox 2737 3861 2795 3898; x_wconf 90' lang='grc' dir='ltr'><strong>τε</strong></span> <span class='ocrx_word' id='word_1_618' title='bbox 2835 3846 2929 3899; x_wconf 71' lang='grc' dir='ltr'>καὶ</span> <span class='ocrx_word' id='word_1_619' title='bbox 2966 3844 3151 3916; x_wconf 84' lang='grc' dir='ltr'>βουλῇ,</span> <span class='ocrx_word' id='word_1_620' title='bbox 3179 3845 3274 3898; x_wconf 74' lang='grc' dir='ltr'>καὶ</span> <span class='ocrx_word' id='word_1_621' title='bbox 3318 3843 3474 3917; x_wconf 78' lang='grc' dir='ltr'>δόξῃ,</span> <span class='ocrx_word' id='word_1_622' title='bbox 3499 3842 3590 3895; x_wconf 74' lang='grc' dir='ltr'>οὐκ</span> <span class='ocrx_word' id='word_1_623' title='bbox 3612 3838 3714 3908; x_wconf 52' lang='grc' dir='ltr'>ᾶψυι</span> 
     </span>
    </p>
   </div>
   <div class='ocr_carea' id='block_1_77' title="bbox 485 3924 1985 4009">
    <p class='ocr_par' dir='ltr' id='par_1_77' title="bbox 485 3924 1985 3998">
     <span class='ocr_line' id='line_1_77' title="bbox 485 3924 1985 3998; baseline -0.001 -17"><span class='ocrx_word' id='word_1_624' title='bbox 485 3928 654 3998; x_wconf 84' lang='lat' dir='ltr'><strong>igitur</strong></span> <span class='ocrx_word' id='word_1_625' title='bbox 705 3926 881 3996; x_wconf 89' lang='lat' dir='ltr'><strong>imago</strong></span> <span class='ocrx_word' id='word_1_626' title='bbox 936 3924 1110 3980; x_wconf 85' lang='lat' dir='ltr'><strong>Filius</strong></span> <span class='ocrx_word' id='word_1_627' title='bbox 1174 3936 1279 3989; x_wconf 90' lang='lat' dir='ltr'><strong>est,</strong></span> <span class='ocrx_word' id='word_1_628' title='bbox 1321 3927 1512 3982; x_wconf 86' lang='lat' dir='ltr'><strong>vivens</strong></span> <span class='ocrx_word' id='word_1_629' title='bbox 1569 3927 1760 3997; x_wconf 88' lang='lat' dir='ltr'><strong>utique</strong></span> <span class='ocrx_word' id='word_1_630' title='bbox 1814 3927 1985 3983; x_wconf 78' lang='lat' dir='ltr'><strong>vivent</strong></span> 
     </span>
    </p>
   </div>
   <div class='ocr_carea' id='block_1_78' title="bbox 2216 3924 3716 4009">
    <p class='ocr_par' dir='ltr' id='par_1_78' title="bbox 2216 3930 3716 4009">
     <span class='ocr_line' id='line_1_78' title="bbox 2216 3930 3716 4009; baseline -0.006 -19"><span class='ocrx_word' id='word_1_631' title='bbox 2216 3954 2289 4001; x_wconf 81' lang='grc' dir='ltr'><strong>ος,</strong></span> <span class='ocrx_word' id='word_1_632' title='bbox 2315 3937 2435 3990; x_wconf 80' lang='grc' dir='ltr'>οὐδὲ</span> <span class='ocrx_word' id='word_1_633' title='bbox 2456 3937 2733 4009; x_wconf 87' lang='grc' dir='ltr'>ἀκίνητος,</span> <span class='ocrx_word' id='word_1_634' title='bbox 2759 3938 2819 3991; x_wconf 84' lang='grc' dir='ltr'>ὲν</span> <span class='ocrx_word' id='word_1_635' title='bbox 2848 3936 3020 4008; x_wconf 81' lang='grc' dir='ltr'>ἑτέρῳ</span> <span class='ocrx_word' id='word_1_636' title='bbox 3046 3937 3143 4006; x_wconf 85' lang='grc' dir='ltr'>μὲν</span> <span class='ocrx_word' id='word_1_637' title='bbox 3164 3936 3225 3989; x_wconf 81' lang='grc' dir='ltr'>τὸ</span> <span class='ocrx_word' id='word_1_638' title='bbox 3258 3930 3400 3989; x_wconf 73' lang='grc' dir='ltr'>εἶναι</span> <span class='ocrx_word' id='word_1_639' title='bbox 3429 3936 3631 4006; x_wconf 73' lang='grc' dir='ltr'>ἔχουσα,</span> <span class='ocrx_word' id='word_1_640' title='bbox 3653 3935 3716 3982; x_wconf 79' lang='grc' dir='ltr'>καὶ</span> 
     </span>
    </p>
   </div>
   <div class='ocr_carea' id='block_1_79' title="bbox 485 4016 1985 4098">
    <p class='ocr_par' dir='ltr' id='par_1_79' title="bbox 485 4016 1985 4088">
     <span class='ocr_line' id='line_1_79' title="bbox 485 4016 1985 4088; baseline 0.001 -15"><span class='ocrx_word' id='word_1_641' title='bbox 485 4027 636 4073; x_wconf 92' lang='lat' dir='ltr'><strong>motu</strong></span> <span class='ocrx_word' id='word_1_642' title='bbox 663 4028 825 4088; x_wconf 90' lang='lat' dir='ltr'><strong>atque</strong></span> <span class='ocrx_word' id='word_1_643' title='bbox 849 4016 1116 4073; x_wconf 89' lang='lat' dir='ltr'><strong>elliciendi</strong></span> <span class='ocrx_word' id='word_1_644' title='bbox 1146 4019 1220 4081; x_wconf 92' lang='lat' dir='ltr'><strong>vi,</strong></span> <span class='ocrx_word' id='word_1_645' title='bbox 1265 4031 1482 4072; x_wconf 90' lang='lat' dir='ltr'><strong>necnon</strong></span> <span class='ocrx_word' id='word_1_646' title='bbox 1536 4026 1591 4073; x_wconf 89' lang='lat' dir='ltr'><strong>et</strong></span> <span class='ocrx_word' id='word_1_647' title='bbox 1628 4018 1851 4084; x_wconf 87' lang='lat' dir='ltr'><strong>virtute,</strong></span> <span class='ocrx_word' id='word_1_648' title='bbox 1886 4034 1985 4074; x_wconf 92' lang='lat' dir='ltr'><strong>con</strong></span> 
     </span>
    </p>
   </div>
   <div class='ocr_carea' id='block_1_80' title="bbox 2218 4016 3718 4098">
    <p class='ocr_par' dir='ltr' id='par_1_80' title="bbox 2218 4022 3718 4098">
     <span class='ocr_line' id='line_1_80' title="bbox 2218 4022 3718 4098; baseline -0.011 -12"><span class='ocrx_word' id='word_1_649' title='bbox 2218 4025 2527 4098; x_wconf 80' lang='grc' dir='ltr'>ραφομένη,</span> <span class='ocrx_word' id='word_1_650' title='bbox 2577 4026 2715 4098; x_wconf 80' lang='grc' dir='ltr'>αὐτὴ</span> <span class='ocrx_word' id='word_1_651' title='bbox 2765 4025 2865 4097; x_wconf 81' lang='grc' dir='ltr'>μὲν</span> <span class='ocrx_word' id='word_1_652' title='bbox 2907 4026 2966 4078; x_wconf 79' lang='grc' dir='ltr'>ἐν</span> <span class='ocrx_word' id='word_1_653' title='bbox 2999 4026 3166 4096; x_wconf 77' lang='grc' dir='ltr'>ἑαυτῇ</span> <span class='ocrx_word' id='word_1_654' title='bbox 3207 4025 3303 4078; x_wconf 76' lang='grc' dir='ltr'>καὶ</span> <span class='ocrx_word' id='word_1_655' title='bbox 3347 4024 3418 4079; x_wconf 75' lang='grc' dir='ltr'>δι’</span> <span class='ocrx_word' id='word_1_656' title='bbox 3443 4022 3643 4090; x_wconf 77' lang='grc' dir='ltr'>εαυτῆς,</span> <span class='ocrx_word' id='word_1_657' title='bbox 3677 4022 3718 4071; x_wconf 73' lang='grc' dir='ltr'>ἐν</span> 
     </span>
    </p>
   </div>
   <div class='ocr_carea' id='block_1_81' title="bbox 486 4109 1986 4188">
    <p class='ocr_par' dir='ltr' id='par_1_81' title="bbox 486 4109 1986 4181">
     <span class='ocr_line' id='line_1_81' title="bbox 486 4109 1986 4181; baseline -0.001 -16"><span class='ocrx_word' id='word_1_658' title='bbox 486 4111 559 4166; x_wconf 91' lang='lat' dir='ltr'><strong>lio</strong></span> <span class='ocrx_word' id='word_1_659' title='bbox 588 4110 869 4180; x_wconf 86' lang='lat' dir='ltr'><strong>gloriaque</strong></span> <span class='ocrx_word' id='word_1_660' title='bbox 915 4109 1141 4179; x_wconf 63' lang='lat' dir='ltr'><strong>prmdita</strong></span> <span class='ocrx_word' id='word_1_661' title='bbox 1174 4150 1188 4174; x_wconf 97' lang='lat'><strong>,</strong></span> <span class='ocrx_word' id='word_1_662' title='bbox 1243 4123 1354 4163; x_wconf 89' lang='lat' dir='ltr'><strong>non</strong></span> <span class='ocrx_word' id='word_1_663' title='bbox 1405 4109 1587 4164; x_wconf 90' lang='lat' dir='ltr'><strong>anima</strong></span> <span class='ocrx_word' id='word_1_664' title='bbox 1663 4117 1922 4181; x_wconf 89' lang='lat' dir='ltr'><strong>motuque</strong></span> <span class='ocrx_word' id='word_1_665' title='bbox 1975 4127 1986 4163; x_wconf 83' lang='grc'><strong><em>‹</em></strong></span> 
     </span>
    </p>
   </div>
   <div class='ocr_carea' id='block_1_82' title="bbox 2217 4109 3717 4188">
    <p class='ocr_par' dir='ltr' id='par_1_82' title="bbox 2222 4114 3717 4188">
     <span class='ocr_line' id='line_1_82' title="bbox 2222 4114 3717 4188; baseline -0.001 -19"><span class='ocrx_word' id='word_1_666' title='bbox 2222 4118 2396 4188; x_wconf 86' lang='grc' dir='ltr'>ινήσει</span> <span class='ocrx_word' id='word_1_667' title='bbox 2427 4118 2501 4188; x_wconf 82' lang='grc' dir='ltr'>μὴ</span> <span class='ocrx_word' id='word_1_668' title='bbox 2530 4114 2684 4172; x_wconf 83' lang='grc' dir='ltr'>οὖσα.</span> <span class='ocrx_word' id='word_1_669' title='bbox 2718 4116 2822 4172; x_wconf 85' lang='lat' dir='ltr'><strong>Kal</strong></span> <span class='ocrx_word' id='word_1_670' title='bbox 2844 4116 3007 4171; x_wconf 76' lang='grc' dir='ltr'>εἰκών</span> <span class='ocrx_word' id='word_1_671' title='bbox 3041 4118 3189 4171; x_wconf 75' lang='grc' dir='ltr'>ἐστιν</span> <span class='ocrx_word' id='word_1_672' title='bbox 3221 4116 3645 4188; x_wconf 77' lang='grc' dir='ltr'>ἀπαράλλακτος,</span> <span class='ocrx_word' id='word_1_673' title='bbox 3670 4118 3717 4167; x_wconf 63' lang='grc' dir='ltr'>αὖ</span> 
     </span>
    </p>
   </div>
   <div class='ocr_carea' id='block_1_83' title="bbox 486 4200 1986 4281">
    <p class='ocr_par' dir='ltr' id='par_1_83' title="bbox 486 4200 1985 4271">
     <span class='ocr_line' id='line_1_83' title="bbox 486 4200 1985 4271; baseline 0.001 -16"><span class='ocrx_word' id='word_1_674' title='bbox 486 4217 635 4267; x_wconf 88' lang='lat' dir='ltr'><strong>rens,</strong></span> <span class='ocrx_word' id='word_1_675' title='bbox 686 4211 781 4256; x_wconf 90' lang='lat' dir='ltr'><strong>aut</strong></span> <span class='ocrx_word' id='word_1_676' title='bbox 831 4200 1125 4271; x_wconf 87' lang='lat' dir='ltr'><strong>ejusmodi,</strong></span> <span class='ocrx_word' id='word_1_677' title='bbox 1173 4215 1296 4270; x_wconf 81' lang='lat' dir='ltr'><strong>qua:</strong></span> <span class='ocrx_word' id='word_1_678' title='bbox 1335 4201 1389 4254; x_wconf 91' lang='lat' dir='ltr'><strong>in</strong></span> <span class='ocrx_word' id='word_1_679' title='bbox 1431 4201 1539 4255; x_wconf 90' lang='lat' dir='ltr'><strong>alio</strong></span> <span class='ocrx_word' id='word_1_680' title='bbox 1570 4208 1629 4254; x_wconf 92' lang='lat' dir='ltr'><strong>ut</strong></span> <span class='ocrx_word' id='word_1_681' title='bbox 1666 4202 1736 4256; x_wconf 88' lang='lat' dir='ltr'><strong>sit</strong></span> <span class='ocrx_word' id='word_1_682' title='bbox 1770 4202 1985 4265; x_wconf 82' lang='lat' dir='ltr'><strong>habeat,</strong></span> 
     </span>
    </p>
   </div>
   <div class='ocr_carea' id='block_1_84' title="bbox 2213 4200 3713 4281">
    <p class='ocr_par' dir='ltr' id='par_1_84' title="bbox 2214 4205 3713 4281">
     <span class='ocr_line' id='line_1_84' title="bbox 2214 4205 3713 4281; baseline -0.013 -5"><span class='ocrx_word' id='word_1_683' title='bbox 2214 4209 2280 4279; x_wconf 78' lang='grc' dir='ltr'><strong>ἧς</strong></span> <span class='ocrx_word' id='word_1_684' title='bbox 2315 4208 2727 4281; x_wconf 65' lang='grc' dir='ltr'>ἀπαραλλαξίαις</span> <span class='ocrx_word' id='word_1_685' title='bbox 2760 4209 2979 4279; x_wconf 86' lang='grc' dir='ltr'>Πατέρα</span> <span class='ocrx_word' id='word_1_686' title='bbox 3020 4207 3300 4279; x_wconf 83' lang='grc' dir='ltr'>ποιούσης,</span> <span class='ocrx_word' id='word_1_687' title='bbox 3318 4207 3438 4260; x_wconf 80' lang='grc' dir='ltr'>ἀλλ’</span> <span class='ocrx_word' id='word_1_688' title='bbox 3464 4206 3585 4259; x_wconf 78' lang='grc' dir='ltr'>Υίὸν</span> 
     </span>
    </p>
   </div>
   <div class='ocr_carea' id='block_1_85' title="bbox 486 4292 1986 4371">
    <p class='ocr_par' dir='ltr' id='par_1_85' title="bbox 486 4292 1986 4364">
     <span class='ocr_line' id='line_1_85' title="bbox 486 4292 1986 4364; baseline -0.001 -17"><span class='ocrx_word' id='word_1_689' title='bbox 486 4292 888 4364; x_wconf 88' lang='lat' dir='ltr'><strong>quodammodo</strong></span> <span class='ocrx_word' id='word_1_690' title='bbox 912 4293 1189 4364; x_wconf 88' lang='lat' dir='ltr'><strong>pingatur,</strong></span> <span class='ocrx_word' id='word_1_691' title='bbox 1227 4292 1492 4363; x_wconf 85' lang='lat' dir='ltr'><strong>inseipsa</strong></span> <span class='ocrx_word' id='word_1_692' title='bbox 1532 4308 1682 4358; x_wconf 86' lang='lat' dir='ltr'><strong>vero,</strong></span> <span class='ocrx_word' id='word_1_693' title='bbox 1718 4308 1783 4348; x_wconf 90' lang='lat' dir='ltr'><strong>ac</strong></span> <span class='ocrx_word' id='word_1_694' title='bbox 1818 4310 1913 4364; x_wconf 88' lang='lat' dir='ltr'><strong>per</strong></span> <span class='ocrx_word' id='word_1_695' title='bbox 1949 4311 1986 4351; x_wconf 80' lang='lat' dir='ltr'><strong>St</strong></span> 
     </span>
    </p>
   </div>
   <div class='ocr_carea' id='block_1_86' title="bbox 1099 4292 2599 4371">
    <p class='ocr_par' dir='ltr' id='par_1_86' title="bbox 1101 4292 2599 4371">
     <span class='ocr_line' id='line_1_86' title="bbox 1101 4292 2599 4371; baseline 0.003 -25"><span class='ocrx_word' id='word_1_696' title='bbox 1101 4309 1189 4357; x_wconf 92' lang='lat' dir='ltr'><strong>ur,</strong></span> <span class='ocrx_word' id='word_1_697' title='bbox 1227 4292 1492 4363; x_wconf 85' lang='lat' dir='ltr'><strong>inseipsa</strong></span> <span class='ocrx_word' id='word_1_698' title='bbox 1532 4308 1682 4358; x_wconf 86' lang='lat' dir='ltr'><strong>vero,</strong></span> <span class='ocrx_word' id='word_1_699' title='bbox 1718 4308 1783 4348; x_wconf 90' lang='lat' dir='ltr'><strong>ac</strong></span> <span class='ocrx_word' id='word_1_700' title='bbox 1818 4310 1913 4364; x_wconf 88' lang='lat' dir='ltr'><strong>per</strong></span> <span class='ocrx_word' id='word_1_701' title='bbox 1949 4311 2071 4351; x_wconf 87' lang='lat' dir='ltr'><strong>sese</strong></span> <span class='ocrx_word' id='word_1_702' title='bbox 2179 4299 2540 4371; x_wconf 81' lang='grc' dir='ltr'>κριϐωμένον.</span> <span class='ocrx_word' id='word_1_703' title='bbox 2580 4318 2599 4351; x_wconf 76' lang='grc' dir='ltr'><strong>ι</strong></span> 
     </span>
    </p>
   </div>
   <div class='ocr_carea' id='block_1_87' title="bbox 485 4380 3715 4459">
    <p class='ocr_par' dir='ltr' id='par_1_87' title="bbox 485 4380 3715 4459">
     <span class='ocr_line' id='line_1_87' title="bbox 485 4380 3715 4459; baseline -0.002 -20"><span class='ocrx_word' id='word_1_704' title='bbox 485 4384 710 4439; x_wconf 88' lang='lat' dir='ltr'><strong>minime</strong></span> <span class='ocrx_word' id='word_1_705' title='bbox 739 4390 1043 4438; x_wconf 87' lang='lat' dir='ltr'><strong>moveatur.</strong></span> <span class='ocrx_word' id='word_1_706' title='bbox 1072 4382 1208 4437; x_wconf 81' lang='lat' dir='ltr'><strong>Cum</strong></span> <span class='ocrx_word' id='word_1_707' title='bbox 1246 4393 1427 4436; x_wconf 86' lang='lat' dir='ltr'><strong>autem</strong></span> <span class='ocrx_word' id='word_1_708' title='bbox 1480 4382 1660 4452; x_wconf 86' lang='lat' dir='ltr'><strong>imago</strong></span> <span class='ocrx_word' id='word_1_709' title='bbox 1722 4384 1871 4437; x_wconf 89' lang='lat' dir='ltr'><strong>nulla</strong></span> <span class='ocrx_word' id='word_1_710' title='bbox 1921 4385 1975 4437; x_wconf 91' lang='lat' dir='ltr'><strong>in</strong></span> <span class='ocrx_word' id='word_1_711' title='bbox 2005 4400 2064 4439; x_wconf 91' lang='lat' dir='ltr'><strong>re</strong></span> <span class='ocrx_word' id='word_1_712' title='bbox 2097 4386 2166 4441; x_wconf 87' lang='lat' dir='ltr'><strong>ab</strong></span> <span class='ocrx_word' id='word_1_713' title='bbox 2204 4390 2511 4459; x_wconf 81' lang='lat' dir='ltr'><strong>exemplari</strong></span> <span class='ocrx_word' id='word_1_714' title='bbox 2568 4390 2787 4444; x_wconf 89' lang='lat' dir='ltr'><strong>diversa</strong></span> <span class='ocrx_word' id='word_1_715' title='bbox 2848 4388 3095 4455; x_wconf 89' lang='lat' dir='ltr'><strong>dicitur,</strong></span> <span class='ocrx_word' id='word_1_716' title='bbox 3142 4387 3363 4443; x_wconf 88' lang='lat' dir='ltr'><strong>Patrem</strong></span> <span class='ocrx_word' id='word_1_717' title='bbox 3421 4393 3605 4441; x_wconf 78' lang='lat' dir='ltr'><strong>exacta</strong></span> <span class='ocrx_word' id='word_1_718' title='bbox 3651 4380 3715 4435; x_wconf 68' lang='lat' dir='ltr'><strong>illa</strong></span> 
     </span>
    </p>
   </div>
   <div class='ocr_carea' id='block_1_88' title="bbox 489 4473 3132 4552">
    <p class='ocr_par' dir='ltr' id='par_1_88' title="bbox 489 4473 3132 4552">
     <span class='ocr_line' id='line_1_88' title="bbox 489 4473 3132 4552; baseline 0.001 -19"><span class='ocrx_word' id='word_1_719' title='bbox 489 4476 792 4533; x_wconf 87' lang='lat' dir='ltr'><strong>similitudo</strong></span> <span class='ocrx_word' id='word_1_720' title='bbox 815 4490 925 4531; x_wconf 92' lang='lat' dir='ltr'><strong>non</strong></span> <span class='ocrx_word' id='word_1_721' title='bbox 959 4473 1112 4535; x_wconf 78' lang='lat' dir='ltr'><strong>facit,</strong></span> <span class='ocrx_word' id='word_1_722' title='bbox 1160 4473 1256 4529; x_wconf 88' lang='lat' dir='ltr'><strong>sed</strong></span> <span class='ocrx_word' id='word_1_723' title='bbox 1302 4474 1501 4527; x_wconf 83' lang='lat' dir='ltr'><strong>Filium</strong></span> <span class='ocrx_word' id='word_1_724' title='bbox 1544 4475 1801 4529; x_wconf 80' lang='lat' dir='ltr'><strong>omnibus</strong></span> <span class='ocrx_word' id='word_1_725' title='bbox 1839 4475 1908 4529; x_wconf 88' lang='lat' dir='ltr'><strong>ad</strong></span> <span class='ocrx_word' id='word_1_726' title='bbox 1945 4476 2082 4531; x_wconf 88' lang='lat' dir='ltr'><strong>illud</strong></span> <span class='ocrx_word' id='word_1_727' title='bbox 2116 4482 2403 4551; x_wconf 83' lang='lat' dir='ltr'><strong>exemplar</strong></span> <span class='ocrx_word' id='word_1_728' title='bbox 2438 4484 2685 4538; x_wconf 88' lang='lat' dir='ltr'><strong>numeris</strong></span> <span class='ocrx_word' id='word_1_729' title='bbox 2716 4496 3062 4552; x_wconf 83' lang='lat' dir='ltr'><strong>expressum.</strong></span> <span class='ocrx_word' id='word_1_730' title='bbox 3114 4499 3132 4532; x_wconf 77' lang='grc' dir='ltr'><strong>ι</strong></span> 
     </span>
    </p>
   </div>
   <div class='ocr_carea' id='block_1_89' title="bbox 452 4588 1952 4672">
    <p class='ocr_par' dir='ltr' id='par_1_89' title="bbox 452 4588 1948 4658">
     <span class='ocr_line' id='line_1_89' title="bbox 452 4588 1948 4658; baseline 0 -13"><span class='ocrx_word' id='word_1_731' title='bbox 452 4632 455 4635; x_wconf 43' lang='grc' dir='ltr'><strong>γ</strong></span> <span class='ocrx_word' id='word_1_732' title='bbox 562 4590 840 4646; x_wconf 79' lang='lat' dir='ltr'><strong>Hactenus</strong></span> <span class='ocrx_word' id='word_1_733' title='bbox 868 4605 932 4645; x_wconf 80' lang='lat' dir='ltr'><strong>ex</strong></span> <span class='ocrx_word' id='word_1_734' title='bbox 955 4589 1175 4644; x_wconf 79' lang='lat' dir='ltr'><strong>Acacio.</strong></span> <span class='ocrx_word' id='word_1_735' title='bbox 1204 4588 1321 4642; x_wconf 83' lang='lat' dir='ltr'><strong>Jam</strong></span> <span class='ocrx_word' id='word_1_736' title='bbox 1350 4604 1481 4644; x_wconf 89' lang='lat' dir='ltr'><strong>vero</strong></span> <span class='ocrx_word' id='word_1_737' title='bbox 1516 4590 1739 4658; x_wconf 84' lang='lat' dir='ltr'><strong>quidam</strong></span> <span class='ocrx_word' id='word_1_738' title='bbox 1785 4608 1849 4646; x_wconf 78' lang='lat' dir='ltr'><strong>ex</strong></span> <span class='ocrx_word' id='word_1_739' title='bbox 1884 4608 1948 4647; x_wconf 94' lang='lat' dir='ltr'><strong>or</strong></span> 
     </span>
    </p>
   </div>
   <div class='ocr_carea' id='block_1_90' title="bbox 2218 4588 3718 4672">
    <p class='ocr_par' dir='ltr' id='par_1_90' title="bbox 2248 4594 3718 4672">
     <span class='ocr_line' id='line_1_90' title="bbox 2248 4594 3718 4672; baseline -0.008 -19"><span class='ocrx_word' id='word_1_740' title='bbox 2248 4601 2640 4672; x_wconf 83' lang='grc' dir='ltr'>Πεπλήρωνται</span> <span class='ocrx_word' id='word_1_741' title='bbox 2680 4600 2749 4654; x_wconf 85' lang='grc' dir='ltr'>τὰ</span> <span class='ocrx_word' id='word_1_742' title='bbox 2801 4598 2988 4653; x_wconf 77' lang='grc' dir='ltr'>ἐνθάδε</span> <span class='ocrx_word' id='word_1_743' title='bbox 3034 4596 3314 4651; x_wconf 82' lang='grc' dir='ltr'>Ἀκακίου.</span> <span class='ocrx_word' id='word_1_744' title='bbox 3353 4595 3473 4649; x_wconf 83' lang='grc' dir='ltr'><strong>Νῦν</strong></span> <span class='ocrx_word' id='word_1_745' title='bbox 3510 4594 3563 4648; x_wconf 82' lang='grc' dir='ltr'><strong>δέ</strong></span> <span class='ocrx_word' id='word_1_746' title='bbox 3593 4606 3718 4662; x_wconf 72' lang='grc' dir='ltr'>φασιν</span> 
     </span>
    </p>
   </div>
   <div class='ocr_carea' id='block_1_91' title="bbox 489 4680 1989 4767">
    <p class='ocr_par' dir='ltr' id='par_1_91' title="bbox 489 4680 1987 4753">
     <span class='ocr_line' id='line_1_91' title="bbox 489 4680 1987 4753; baseline -0.001 -14"><span class='ocrx_word' id='word_1_747' title='bbox 489 4684 649 4739; x_wconf 79' lang='lat' dir='ltr'><strong>doxis</strong></span> <span class='ocrx_word' id='word_1_748' title='bbox 676 4683 938 4737; x_wconf 81' lang='lat' dir='ltr'><strong>fratribus</strong></span> <span class='ocrx_word' id='word_1_749' title='bbox 993 4682 1197 4736; x_wconf 89' lang='lat' dir='ltr'><strong>nostris</strong></span> <span class='ocrx_word' id='word_1_750' title='bbox 1226 4692 1280 4735; x_wconf 89' lang='lat' dir='ltr'><strong>et</strong></span> <span class='ocrx_word' id='word_1_751' title='bbox 1322 4680 1739 4736; x_wconf 83' lang='lat' dir='ltr'><strong>confessoribus</strong></span> <span class='ocrx_word' id='word_1_752' title='bbox 1777 4686 1987 4753; x_wconf 80' lang='lat' dir='ltr'><strong>exposit</strong></span> 
     </span>
    </p>
   </div>
   <div class='ocr_carea' id='block_1_92' title="bbox 2218 4680 3718 4767">
    <p class='ocr_par' dir='ltr' id='par_1_92' title="bbox 2219 4682 3718 4767">
     <span class='ocr_line' id='line_1_92' title="bbox 2219 4682 3718 4767; baseline -0.009 -20"><span class='ocrx_word' id='word_1_753' title='bbox 2219 4693 2555 4767; x_wconf 81' lang='grc' dir='ltr'>ίόρθόδοξοι,</span> <span class='ocrx_word' id='word_1_754' title='bbox 2596 4694 2691 4747; x_wconf 72' lang='grc' dir='ltr'>καὶ</span> <span class='ocrx_word' id='word_1_755' title='bbox 2734 4692 2955 4761; x_wconf 77' lang='grc' dir='ltr'>ἀδελφοὶ</span> <span class='ocrx_word' id='word_1_756' title='bbox 2989 4690 3270 4762; x_wconf 77' lang='grc' dir='ltr'>ἡμέτεροι,</span> <span class='ocrx_word' id='word_1_757' title='bbox 3305 4690 3405 4744; x_wconf 77' lang='grc' dir='ltr'>καὶ</span> <span class='ocrx_word' id='word_1_758' title='bbox 3434 4682 3718 4759; x_wconf 69' lang='grc' dir='ltr'>όμολογηταὶ</span> 
     </span>
    </p>
   </div>
   <div class='ocr_carea' id='block_1_93' title="bbox 491 4771 1991 4859">
    <p class='ocr_par' dir='ltr' id='par_1_93' title="bbox 491 4771 1991 4854">
     <span class='ocr_line' id='line_1_93' title="bbox 491 4771 1991 4854; baseline -0.003 -21"><span class='ocrx_word' id='word_1_759' title='bbox 491 4789 613 4833; x_wconf 89' lang='lat' dir='ltr'><strong>nem</strong></span> <span class='ocrx_word' id='word_1_760' title='bbox 648 4776 771 4831; x_wconf 82' lang='lat' dir='ltr'><strong>ﬁdei</strong></span> <span class='ocrx_word' id='word_1_761' title='bbox 795 4789 825 4829; x_wconf 88' lang='lat' dir='ltr'><strong>a</strong></span> <span class='ocrx_word' id='word_1_762' title='bbox 857 4773 1188 4854; x_wconf 86' lang='lat' dir='ltr'><strong>quibusdam</strong></span> <span class='ocrx_word' id='word_1_763' title='bbox 1215 4771 1457 4828; x_wconf 83' lang='lat' dir='ltr'><strong>Marcelli</strong></span> <span class='ocrx_word' id='word_1_764' title='bbox 1484 4773 1772 4843; x_wconf 86' lang='lat' dir='ltr'><strong>discipulis</strong></span> <span class='ocrx_word' id='word_1_765' title='bbox 1795 4776 1991 4846; x_wconf 81' lang='lat' dir='ltr'><strong>accepi:</strong></span> 
     </span>
    </p>
   </div>
   <div class='ocr_carea' id='block_1_94' title="bbox 2217 4771 3717 4859">
    <p class='ocr_par' dir='ltr' id='par_1_94' title="bbox 2217 4774 3717 4859">
     <span class='ocr_line' id='line_1_94' title="bbox 2217 4774 3717 4859; baseline -0.003 -21"><span class='ocrx_word' id='word_1_766' title='bbox 2217 4787 2335 4859; x_wconf 69' lang='grc' dir='ltr'>παρά</span> <span class='ocrx_word' id='word_1_767' title='bbox 2352 4805 2516 4841; x_wconf 85' lang='grc' dir='ltr'>τινων</span> <span class='ocrx_word' id='word_1_768' title='bbox 2556 4786 2660 4840; x_wconf 82' lang='grc' dir='ltr'><strong>ὑπὸ</strong></span> <span class='ocrx_word' id='word_1_769' title='bbox 2699 4783 3021 4857; x_wconf 84' lang='grc' dir='ltr'>Μαρκέλλου</span> <span class='ocrx_word' id='word_1_770' title='bbox 3077 4781 3549 4849; x_wconf 80' lang='grc' dir='ltr'>καταλειφθέντων</span> <span class='ocrx_word' id='word_1_771' title='bbox 3582 4774 3717 4847; x_wconf 75' lang='grc' dir='ltr'>μαθη-</span> 
     </span>
    </p>
   </div>
   <div class='ocr_carea' id='block_1_95' title="bbox 490 4868 1990 4947">
    <p class='ocr_par' dir='ltr' id='par_1_95' title="bbox 490 4868 1990 4941">
     <span class='ocr_line' id='line_1_95' title="bbox 490 4868 1990 4941; baseline -0.004 -11"><span class='ocrx_word' id='word_1_772' title='bbox 490 4873 785 4938; x_wconf 88' lang='lat' dir='ltr'><strong>sedicunt,</strong></span> <span class='ocrx_word' id='word_1_773' title='bbox 848 4885 955 4941; x_wconf 89' lang='lat' dir='ltr'><strong>qua</strong></span> <span class='ocrx_word' id='word_1_774' title='bbox 1016 4868 1140 4924; x_wconf 81' lang='lat' dir='ltr'><strong>ﬁdei</strong></span> <span class='ocrx_word' id='word_1_775' title='bbox 1204 4884 1316 4923; x_wconf 68' lang='lat' dir='ltr'><strong>suae</strong></span> <span class='ocrx_word' id='word_1_776' title='bbox 1356 4868 1624 4923; x_wconf 82' lang='lat' dir='ltr'><strong>rationem</strong></span> <span class='ocrx_word' id='word_1_777' title='bbox 1688 4868 1779 4923; x_wconf 91' lang='lat' dir='ltr'><strong>ille</strong></span> <span class='ocrx_word' id='word_1_778' title='bbox 1813 4869 1990 4924; x_wconf 78' lang='lat' dir='ltr'><strong>reddit</strong></span> 
     </span>
    </p>
   </div>
   <div class='ocr_carea' id='block_1_96' title="bbox 2217 4868 3717 4947">
    <p class='ocr_par' dir='ltr' id='par_1_96' title="bbox 2217 4868 3717 4947">
     <span class='ocr_line' id='line_1_96' title="bbox 2217 4868 3717 4947; baseline -0.007 -18"><span class='ocrx_word' id='word_1_779' title='bbox 2217 4876 2289 4929; x_wconf 80' lang='grc' dir='ltr'>ὧν</span> <span class='ocrx_word' id='word_1_780' title='bbox 2322 4876 2535 4930; x_wconf 77' lang='grc' dir='ltr'>ἔκθεσιν</span> <span class='ocrx_word' id='word_1_781' title='bbox 2561 4876 2841 4947; x_wconf 83' lang='grc' dir='ltr'>εἰληφέναι</span> <span class='ocrx_word' id='word_1_782' title='bbox 2886 4874 3180 4944; x_wconf 82' lang='grc' dir='ltr'>ὁμολογίας</span> <span class='ocrx_word' id='word_1_783' title='bbox 3207 4871 3339 4943; x_wconf 78' lang='grc' dir='ltr'>περὶ</span> <span class='ocrx_word' id='word_1_784' title='bbox 3368 4871 3597 4929; x_wconf 82' lang='grc' dir='ltr'>πίστεως</span> <span class='ocrx_word' id='word_1_785' title='bbox 3618 4868 3717 4918; x_wconf 75' lang='grc' dir='ltr'>ἀπο-</span> 
     </span>
    </p>
   </div>
   <div class='ocr_carea' id='block_1_97' title="bbox 489 4958 1989 5037">
    <p class='ocr_par' dir='ltr' id='par_1_97' title="bbox 489 4960 1985 5037">
     <span class='ocr_line' id='line_1_97' title="bbox 489 4960 1985 5037; baseline -0.003 -15"><span class='ocrx_word' id='word_1_786' title='bbox 489 4969 665 5035; x_wconf 84' lang='lat' dir='ltr'><strong>Quam</strong></span> <span class='ocrx_word' id='word_1_787' title='bbox 690 4965 910 5037; x_wconf 87' lang='lat' dir='ltr'><strong>quidem</strong></span> <span class='ocrx_word' id='word_1_788' title='bbox 948 4964 1036 5018; x_wconf 91' lang='lat' dir='ltr'><strong>hic</strong></span> <span class='ocrx_word' id='word_1_789' title='bbox 1067 4960 1454 5017; x_wconf 84' lang='lat' dir='ltr'><strong>ascribendam</strong></span> <span class='ocrx_word' id='word_1_790' title='bbox 1477 4962 1683 5032; x_wconf 85' lang='lat' dir='ltr'><strong>putavi,</strong></span> <span class='ocrx_word' id='word_1_791' title='bbox 1714 4962 1930 5015; x_wconf 81' lang='lat' dir='ltr'><strong>tametsi</strong></span> <span class='ocrx_word' id='word_1_792' title='bbox 1959 4978 1985 5018; x_wconf 91' lang='lat' dir='ltr'><strong>s</strong></span> 
     </span>
    </p>
   </div>
   <div class='ocr_carea' id='block_1_98' title="bbox 2217 4958 3717 5037">
    <p class='ocr_par' dir='ltr' id='par_1_98' title="bbox 2217 4958 3717 5037">
     <span class='ocr_line' id='line_1_98' title="bbox 2217 4958 3717 5037; baseline -0.011 -18"><span class='ocrx_word' id='word_1_793' title='bbox 2217 4966 2517 5037; x_wconf 85' lang='grc' dir='ltr'>ογουμένης</span> <span class='ocrx_word' id='word_1_794' title='bbox 2536 4982 2549 4996; x_wconf 90' lang='grc'><strong>·</strong></span> <span class='ocrx_word' id='word_1_795' title='bbox 2582 4960 2652 5035; x_wconf 79' lang='grc' dir='ltr'>ἦς</span> <span class='ocrx_word' id='word_1_796' title='bbox 2678 4964 2747 5017; x_wconf 80' lang='grc' dir='ltr'><strong>τά</strong></span> <span class='ocrx_word' id='word_1_797' title='bbox 2786 4962 3240 5031; x_wconf 86' lang='grc' dir='ltr'>λεπτολογήματα</span> <span class='ocrx_word' id='word_1_798' title='bbox 3275 4960 3440 5022; x_wconf 79' lang='grc' dir='ltr'>αὐτὸς</span> <span class='ocrx_word' id='word_1_799' title='bbox 3470 4958 3543 5030; x_wconf 80' lang='grc' dir='ltr'>μὴ</span> <span class='ocrx_word' id='word_1_800' title='bbox 3572 4968 3717 5008; x_wconf 81' lang='grc' dir='ltr'>κατει-</span> 
     </span>
    </p>
   </div>
   <div class='ocr_carea' id='block_1_99' title="bbox 488 5048 1988 5133">
    <p class='ocr_par' dir='ltr' id='par_1_99' title="bbox 488 5052 1983 5133">
     <span class='ocr_line' id='line_1_99' title="bbox 488 5052 1983 5133; baseline -0.005 -18"><span class='ocrx_word' id='word_1_801' title='bbox 488 5062 637 5133; x_wconf 86' lang='lat' dir='ltr'><strong>gula,</strong></span> <span class='ocrx_word' id='word_1_802' title='bbox 671 5074 794 5130; x_wconf 71' lang='lat' dir='ltr'><strong>quae</strong></span> <span class='ocrx_word' id='word_1_803' title='bbox 838 5057 903 5111; x_wconf 90' lang='lat' dir='ltr'><strong>ad</strong></span> <span class='ocrx_word' id='word_1_804' title='bbox 942 5056 1090 5109; x_wconf 89' lang='lat' dir='ltr'><strong>illam</strong></span> <span class='ocrx_word' id='word_1_805' title='bbox 1150 5056 1443 5124; x_wconf 88' lang='lat' dir='ltr'><strong>pertinent,</strong></span> <span class='ocrx_word' id='word_1_806' title='bbox 1508 5052 1751 5107; x_wconf 86' lang='lat' dir='ltr'><strong>nondum</strong></span> <span class='ocrx_word' id='word_1_807' title='bbox 1814 5067 1983 5107; x_wconf 90' lang='lat' dir='ltr'><strong>accur</strong></span> 
     </span>
    </p>
   </div>
   <div class='ocr_carea' id='block_1_100' title="bbox 2217 5048 3717 5133">
    <p class='ocr_par' dir='ltr' id='par_1_100' title="bbox 2217 5048 3717 5127">
     <span class='ocr_line' id='line_1_100' title="bbox 2217 5048 3717 5127; baseline -0.006 -17"><span class='ocrx_word' id='word_1_808' title='bbox 2217 5056 2387 5127; x_wconf 84' lang='grc' dir='ltr'>ηφὼς,</span> <span class='ocrx_word' id='word_1_809' title='bbox 2425 5055 2595 5127; x_wconf 77' lang='grc' dir='ltr'>αὐτὴν</span> <span class='ocrx_word' id='word_1_810' title='bbox 2642 5051 2875 5107; x_wconf 75' lang='grc' dir='ltr'>ἐνταῦθα</span> <span class='ocrx_word' id='word_1_811' title='bbox 2908 5052 3251 5124; x_wconf 77' lang='grc' dir='ltr'>παρεθέμην,</span> <span class='ocrx_word' id='word_1_812' title='bbox 3283 5051 3394 5106; x_wconf 78' lang='lat' dir='ltr'><strong>Kal</strong></span> <span class='ocrx_word' id='word_1_813' title='bbox 3432 5048 3545 5105; x_wconf 75' lang='grc' dir='ltr'>ἔστι</span> <span class='ocrx_word' id='word_1_814' title='bbox 3577 5050 3717 5102; x_wconf 76' lang='grc' dir='ltr'>τὸάν-</span> 
     </span>
    </p>
   </div>
   <div class='ocr_carea' id='block_1_101' title="bbox 489 5143 1989 5223">
    <p class='ocr_par' dir='ltr' id='par_1_101' title="bbox 489 5143 1831 5223">
     <span class='ocr_line' id='line_1_101' title="bbox 489 5143 1831 5223; baseline -0.008 -15"><span class='ocrx_word' id='word_1_815' title='bbox 489 5150 859 5223; x_wconf 84' lang='lat' dir='ltr'><strong>cognoverim.</strong></span> <span class='ocrx_word' id='word_1_816' title='bbox 888 5146 1210 5216; x_wconf 79' lang='lat' dir='ltr'><strong>Exemplum</strong></span> <span class='ocrx_word' id='word_1_817' title='bbox 1249 5160 1378 5201; x_wconf 83' lang='lat' dir='ltr'><strong>vero</strong></span> <span class='ocrx_word' id='word_1_818' title='bbox 1410 5152 1494 5198; x_wconf 88' lang='lat' dir='ltr'><strong>est</strong></span> <span class='ocrx_word' id='word_1_819' title='bbox 1535 5143 1831 5212; x_wconf 83' lang='lat' dir='ltr'><strong>ejusmodi.</strong></span> 
     </span>
    </p>
   </div>
   <div class='ocr_carea' id='block_1_102' title="bbox 1106 5143 2606 5223">
    <p class='ocr_par' dir='ltr' id='par_1_102' title="bbox 1106 5143 2606 5214">
     <span class='ocr_line' id='line_1_102' title="bbox 1106 5143 2606 5214; baseline -0.001 -15"><span class='ocrx_word' id='word_1_820' title='bbox 1106 5146 1210 5200; x_wconf 84' lang='lat' dir='ltr'><strong>lum</strong></span> <span class='ocrx_word' id='word_1_821' title='bbox 1249 5160 1378 5201; x_wconf 82' lang='lat' dir='ltr'><strong>vero</strong></span> <span class='ocrx_word' id='word_1_822' title='bbox 1410 5152 1494 5198; x_wconf 85' lang='lat' dir='ltr'><strong>est</strong></span> <span class='ocrx_word' id='word_1_823' title='bbox 1535 5143 1831 5212; x_wconf 82' lang='lat' dir='ltr'><strong>ejusmodi.</strong></span> <span class='ocrx_word' id='word_1_824' title='bbox 2180 5146 2443 5214; x_wconf 83' lang='grc' dir='ltr'>τίγραφον</span> <span class='ocrx_word' id='word_1_825' title='bbox 2468 5144 2606 5197; x_wconf 90' lang='grc' dir='ltr'>τόδε.</span> 
     </span>
    </p>
   </div>
   <div class='ocr_carea' id='block_1_103' title="bbox 897 5248 2397 5335">
    <p class='ocr_par' dir='ltr' id='par_1_103' title="bbox 897 5256 2397 5335">
     <span class='ocr_line' id='line_1_103' title="bbox 897 5256 2397 5335; baseline -0.007 -17"><span class='ocrx_word' id='word_1_826' title='bbox 897 5262 1173 5335; x_wconf 64' lang='lat' dir='ltr'><strong>Expositio</strong></span> <span class='ocrx_word' id='word_1_827' title='bbox 1223 5260 1348 5332; x_wconf 80' lang='lat' dir='ltr'><strong>ﬁdei</strong></span> <span class='ocrx_word' id='word_1_828' title='bbox 1390 5258 1659 5314; x_wconf 77' lang='lat' dir='ltr'><strong>Marcelli.</strong></span> <span class='ocrx_word' id='word_1_829' title='bbox 2367 5256 2397 5308; x_wconf 81' lang='lat' dir='ltr'><strong>&#39;l</strong></span> 
     </span>
    </p>
   </div>
   <div class='ocr_carea' id='block_1_104' title="bbox 2076 5248 3576 5335">
    <p class='ocr_par' dir='ltr' id='par_1_104' title="bbox 2367 5248 3576 5325">
     <span class='ocr_line' id='line_1_104' title="bbox 2367 5248 3576 5325; baseline -0.002 -18"><span class='ocrx_word' id='word_1_830' title='bbox 2367 5256 2437 5308; x_wconf 82' lang='grc' dir='ltr'><em>Ἠ</em></span> <span class='ocrx_word' id='word_1_831' title='bbox 2462 5253 2758 5325; x_wconf 75' lang='grc' dir='ltr'>ἐπιγραφὴ</span> <span class='ocrx_word' id='word_1_832' title='bbox 2780 5252 3038 5318; x_wconf 78' lang='grc' dir='ltr'>πίστεως</span> <span class='ocrx_word' id='word_1_833' title='bbox 3065 5250 3171 5305; x_wconf 81' lang='grc' dir='ltr'>τοῦ</span> <span class='ocrx_word' id='word_1_834' title='bbox 3198 5248 3576 5319; x_wconf 67' lang='grc' dir='ltr'>Μαρκέλλου.</span> 
     </span>
    </p>
   </div>
   <div class='ocr_carea' id='block_1_105' title="bbox 558 5358 2058 5449">
    <p class='ocr_par' dir='ltr' id='par_1_105' title="bbox 558 5368 2058 5449">
     <span class='ocr_line' id='line_1_105' title="bbox 558 5368 2058 5449; baseline -0.009 -14"><span class='ocrx_word' id='word_1_835' title='bbox 558 5379 649 5435; x_wconf 78' lang='lat' dir='ltr'><strong>XI.</strong></span> <span class='ocrx_word' id='word_1_836' title='bbox 683 5378 1104 5449; x_wconf 82' lang='lat' dir='ltr'><strong>Venerabilihus</strong></span> <span class='ocrx_word' id='word_1_837' title='bbox 1137 5386 1191 5431; x_wconf 89' lang='lat' dir='ltr'><strong>et</strong></span> <span class='ocrx_word' id='word_1_838' title='bbox 1217 5374 1584 5432; x_wconf 85' lang='lat' dir='ltr'><strong>sanctissnnis</strong></span> <span class='ocrx_word' id='word_1_839' title='bbox 1628 5370 1907 5442; x_wconf 84' lang='lat' dir='ltr'><strong>episcopis</strong></span> <span class='ocrx_word' id='word_1_840' title='bbox 1938 5368 2058 5422; x_wconf 85' lang='lat' dir='ltr'><strong>Dio-</strong></span> 
     </span>
    </p>
   </div>
   <div class='ocr_carea' id='block_1_106' title="bbox 2217 5358 3717 5449">
    <p class='ocr_par' dir='ltr' id='par_1_106' title="bbox 2252 5358 3717 5439">
     <span class='ocr_line' id='line_1_106' title="bbox 2252 5358 3717 5439; baseline -0.01 -17"><span class='ocrx_word' id='word_1_841' title='bbox 2252 5370 2349 5423; x_wconf 82' lang='lat' dir='ltr'><strong>IA&#39;.</strong></span> <span class='ocrx_word' id='word_1_842' title='bbox 2384 5368 2509 5433; x_wconf 87' lang='grc' dir='ltr'>Τοῖς</span> <span class='ocrx_word' id='word_1_843' title='bbox 2545 5367 2993 5439; x_wconf 75' lang='grc' dir='ltr'>αίδεσιμωτάτοις</span> <span class='ocrx_word' id='word_1_844' title='bbox 3037 5365 3132 5419; x_wconf 79' lang='grc' dir='ltr'><strong>καὶ</strong></span> <span class='ocrx_word' id='word_1_845' title='bbox 3172 5365 3504 5433; x_wconf 78' lang='grc' dir='ltr'>ἁγιωτάτοις</span> <span class='ocrx_word' id='word_1_846' title='bbox 3536 5358 3717 5415; x_wconf 71' lang='grc' dir='ltr'>ἐπισκὰ</span> 
     </span>
    </p>
   </div>
   <div class='ocr_carea' id='block_1_107' title="bbox 495 5449 1995 5547">
    <p class='ocr_par' dir='ltr' id='par_1_107' title="bbox 495 5462 1995 5545">
     <span class='ocr_line' id='line_1_107' title="bbox 495 5462 1995 5545; baseline -0.011 -9"><span class='ocrx_word' id='word_1_847' title='bbox 495 5490 739 5536; x_wconf 66' lang='lat' dir='ltr'><strong>creSareae</strong></span> <span class='ocrx_word' id='word_1_848' title='bbox 766 5482 987 5545; x_wconf 88' lang='lat' dir='ltr'><strong>propter</strong></span> <span class='ocrx_word' id='word_1_849' title='bbox 1007 5472 1369 5535; x_wconf 79' lang='lat' dir='ltr'><strong>orthodoxam</strong></span> <span class='ocrx_word' id='word_1_850' title='bbox 1404 5468 1704 5523; x_wconf 84' lang='lat' dir='ltr'><strong>Salvatoris</strong></span> <span class='ocrx_word' id='word_1_851' title='bbox 1746 5465 1917 5520; x_wconf 91' lang='lat' dir='ltr'><strong>nostri</strong></span> <span class='ocrx_word' id='word_1_852' title='bbox 1940 5462 1995 5519; x_wconf 72' lang='grc' dir='ltr'><strong>ιε</strong></span> 
     </span>
    </p>
   </div>
   <div class='ocr_carea' id='block_1_108' title="bbox 2216 5449 3716 5547">
    <p class='ocr_par' dir='ltr' id='par_1_108' title="bbox 2216 5449 3716 5531">
     <span class='ocr_line' id='line_1_108' title="bbox 2216 5449 3716 5531; baseline -0.002 -19"><span class='ocrx_word' id='word_1_853' title='bbox 2216 5478 2323 5529; x_wconf 74' lang='grc' dir='ltr'>εοις,</span> <span class='ocrx_word' id='word_1_854' title='bbox 2350 5463 2463 5525; x_wconf 87' lang='grc' dir='ltr'>τοῖς</span> <span class='ocrx_word' id='word_1_855' title='bbox 2492 5462 2551 5516; x_wconf 84' lang='grc' dir='ltr'>ὲν</span> <span class='ocrx_word' id='word_1_856' title='bbox 2581 5459 2968 5530; x_wconf 66' lang='grc' dir='ltr'>Διοκαισαρείξι</span> <span class='ocrx_word' id='word_1_857' title='bbox 3004 5456 3444 5531; x_wconf 74' lang='grc' dir='ltr'>ὑπερορισθεῖσιδ</span> <span class='ocrx_word' id='word_1_858' title='bbox 3484 5455 3616 5526; x_wconf 80' lang='grc' dir='ltr'>ὑπὲρ</span> <span class='ocrx_word' id='word_1_859' title='bbox 3642 5449 3716 5519; x_wconf 59' lang='lat' dir='ltr'><strong>si.”</strong></span> 
     </span>
    </p>
   </div>
   <div class='ocr_carea' id='block_1_109' title="bbox 543 5622 1779 5697">
    <p class='ocr_par' dir='ltr' id='par_1_109' title="bbox 543 5622 1779 5697">
     <span class='ocr_line' id='line_1_109' title="bbox 543 5622 1779 5697; baseline -0.01 -11"><span class='ocrx_word' id='word_1_860' title='bbox 543 5636 554 5664; x_wconf 92' lang='grc'>¹</span> <span class='ocrx_word' id='word_1_861' title='bbox 625 5633 731 5697; x_wconf 71' lang='lat' dir='ltr'><strong>lsa.</strong></span> <span class='ocrx_word' id='word_1_862' title='bbox 754 5645 830 5695; x_wconf 74' lang='lat' dir='ltr'><strong>Ix,</strong></span> <span class='ocrx_word' id='word_1_863' title='bbox 862 5630 914 5684; x_wconf 82' lang='lat'><strong>6.</strong></span> <span class='ocrx_word' id='word_1_864' title='bbox 992 5630 1011 5660; x_wconf 83' lang='lat'><strong>’</strong></span> <span class='ocrx_word' id='word_1_865' title='bbox 1035 5627 1192 5682; x_wconf 82' lang='lat' dir='ltr'><strong>Joan.</strong></span> <span class='ocrx_word' id='word_1_866' title='bbox 1226 5644 1276 5691; x_wconf 89' lang='lat' dir='ltr'><strong>v,</strong></span> <span class='ocrx_word' id='word_1_867' title='bbox 1308 5625 1399 5679; x_wconf 76' lang='lat'><strong>9.6.</strong></span> <span class='ocrx_word' id='word_1_868' title='bbox 1482 5622 1658 5695; x_wconf 72' lang='lat' dir='ltr'><strong>’_ibid.</strong></span> <span class='ocrx_word' id='word_1_869' title='bbox 1690 5622 1779 5676; x_wconf 77' lang='grc'><strong>21.</strong></span> 
     </span>
    </p>
   </div>
  </div>
