3798 6212
145 219 232 276 597

732 209 1104 268 ADVERSUS
1141 207 1482 265 HERESES
1514 207 1646 264 LIB.
1691 205 1777 263 Ill.
1820 205 1985 262 TOM.
2026 205 2068 259 1.
2108 235 2177 245 -
2216 202 2489 260 HA'JRES.
2537 202 2748 259 LXXII.

3254 199 3360 262 598

147 333 214 392 εἰς
250 323 332 378 τὺν
374 320 598 393 Σωτῆρα
648 321 804 392 ἡμῶν
845 319 1056 392 Ἰησοῦν
1108 318 1344 391 Χριστὸν
1398 317 1678 392 ὁρθοδόξου

1809 314 1990 373 lhristi
2023 315 2181 371 ﬁdem
2207 313 2610 380 exsulantibus,
2633 312 2884 385 Eulogio,
2912 310 3201 384 Adelpliio,
3229 319 3357 372 Ale-

146 418 384 479 πίστεως,
423 413 690 484 Εὑλογῐῳ,
739 413 998 485 Ἀδελφίῳ
1017 455 1032 480 ,
1068 412 1420 484 Ἀλεξάνδρῳ,
1461 414 1683 483 Ἄμμω-

147 511 242 580 vico,
282 504 724 577 Ἁρποκρατίων,
767 503 974 566 Ἰσαάκ,
1013 502 1287 576 Ἰσιδώρῳ,
1318 503 1680 566 Ἀννουϐίωνι,

147 600 360 669 Πιτίμῳ,
415 594 726 668 Εὐφρατίῳ,
772 595 1045 667 ’Δαρὼνῃ,·
1072 597 1120 649 οἱ
1148 597 1255 650 ἀπὸ
1294 595 1566 665 Ἀγκύρας
1586 596 1684 666 τῆς

150 690 387 753 Γαλατίας
411 687 680 760 πρεσϐύτε
691 705 794 758 ροι,
827 687 1113 753 Φωτεινὸς,
1142 687 1464 750 Εὐστάθιος,
1498 687 1684 756 ἕτερος

143 781 394 843 Φωτεινὸς,
424 779 701 852 Σιγέριος·
743 779 838 832 καὶ
881 778 1130 843 διάκονος
1151 769 1394 847 ³Υγῖνος,
1434 778 1526 831 καὶ
1550 777 1684 830 bno-'-

143 873 357 934 διάκονος
419 869 794 940 Ἡρακλείδης,
843 869 935 923 καὶ
984 869 1341 940 άναγνώστης
1383 867 1650 932 Ἐλπίδιος
1669 909 1683 932 ,

144 965 221 1017 καὶ
243 961 542 1032 προστάτης
573 960 685 1030 (58)
715 961 996 1031 Κυριακὸς
1022 963 1080 1014 ὲν
1111 961 1301 1030 Κυρίῳ
1328 959 1557 1030 χαίρειν.

210 1052 666 1122 Ἐνδεδημηκότων
695 1050 854 1120 ἡμῶν
883 1052 1020 1122 πρὸς
1068 1052 1169 1122 τὴν
1201 1051 1475 1122 ἡμετέραν
1507 1049 1690 1103 θεοσέ-

145 1147 275 1200 ϐειαν
301 1143 410 1197 ἀπὸ
436 1145 534 1214 τῆς
559 1142 968 1214 προειρημένης
995 1130 1272 1214 ἡμετέρας
1295 1142 1570 1214 πατρίδος,
1592 1141 1689 1210 τὴν

144 1237 498 1308 προσήκουσαν
526 1235 812 1305 ἐπίσκεψιν
846 1233 1182 1304 ποιούμενοι,
1221 1233 1315 1286 καὶ
1338 1232 1691 1304 ὲπερωτωμέ-

143 1344 234 1381 νων
259 1325 410 1398 ήμῶν
439 1326 588 1397 παρὰ
613 1328 712 1398 τῆς
741 1326 1012 1398 ὑμετέρας
1045 1325 1320 1396 ὁσιότητος
1349 1325 1480 1394 περὶ
1511 1325 1613 1394 τῆς
1632 1326 1690 1377 ὲν

141 1423 256 1491 ἡμῖν
287 1419 515 1482 πίστεως
550 1419 695 1482 ὅπως
721 1418 940 1489 ἔχομεν,
968 1418 1062 1472 καὶ⁸
1106 1416 1496 1487 ἀποδεξάμενοι
1537 1416 1692 1487 ὑμῶν

142 1511 226 1581 τὴν
250 1509 498 1580 τοιαύτην
519 1501 878 1581 κηδεμονικὴν
907 1507 1117 1574 πεῦσιν,
1146 1509 1320 1580 ἤνπερ
1345 1509 1690 1580 ἐποιήσασθε,

140 1600 217 1653 διὰ
243 1599 473 1670 μάλιστα
497 1600 622 1662 τοὺς
650 1597 1004 1668 βουλομένους
1029 1599 1274 1668 ματαίως
1299 1597 1545 1670 θρυλλεῖν
1567 1600 1694 1670 περ)⁵

1787 407 2018 473 xandro,
2051 407 2362 471 Ammonio,
2398 405 2841 476 ilarpocrationi,
2880 406 3090 472 lsaaco,
3124 406 3357 470 Isidoro,

1786 500 2117 566 Annubioni,
2174 498 2394 564 Pitimo,
2440 496 2760 568 Eupliratio,
2794 498 3024 562 Aaroni,
3055 499 3359 568 presbyter:

1787 588 2203 661 quiAncyraain
2227 589 2606 644 Galatiaesunt
2631 630 2645 655 ,
2688 587 2978 653 Photinus,
3011 589 3335 645 Eustathius
3418 599 3437 610 ‘

1787 684 1924 738 alter
1945 681 2232 745 Photinus,
2264 681 2533 752 Sigeriua,
2562 687 2618 736 et
2639 681 2906 737 diaconus
2930 679 3195 752 Hyginus,
3225 681 3357 737 sub-

1788 776 2058 830 diaconus
2086 773 2426 840 Heraclides,
2461 786 2516 829 et
2559 773 2808 844 Elpidius
2844 773 3039 839 lector,
3073 783 3128 830 et
3176 773 3362 844 Cyria-

1789 883 1886 924 cus
1905 866 2184 930 defensor,
2213 868 2268 921 in
2307 866 2538 922 Domino
2564 868 2817 923 salutem.

1863 1045 2026 1118 843
2055 1045 2190 1102 Cum
2216 1047 2283 1102 ad
2307 1049 2562 1118 pietatem
2595 1060 2832 1106 vestram
2863 1067 2892 1106 e
2940 1051 3116 1122 patria
3149 1059 3360 1116 nostra,

1790 1157 1889 1212 pro
1921 1157 1986 1196 eo
2031 1155 2094 1194 ac
2127 1156 2224 1210 par
2251 1148 2360 1205 est,
2391 1139 2662 1196 invisendi
2701 1143 2864 1197 vestri
2898 1143 3075 1213 gratia
3117 1144 3363 1202 venisse-

1792 1247 1936 1295 mus,
1967 1231 2283 1302 interrogati
2307 1245 2337 1284 a
2364 1237 2546 1287 vestra
2575 1231 2867 1286 sanctitate
2905 1249 3096 1289 sumus
3120 1273 3136 1298 ,
3168 1233 3364 1302 ecquid

1792 1321 1859 1377 de
1912 1321 2016 1376 ﬁde
2069 1323 2419 1377 sentiremus.
2475 1320 2648 1388 Quam
2701 1321 2919 1392 quidem
2979 1322 3366 1380 sollicitudinis

1792 1411 2062 1483 olliciique
2097 1413 2313 1483 plenam
2370 1412 2854 1480 interrogationem
2887 1428 3214 1483 magnOpere
3236 1429 3367 1484 pro-

1793 1505 1990 1561 bantes
2014 1547 2028 1571 ,
2065 1505 2136 1560 ob
2163 1520 2258 1560 eos
2290 1505 2562 1576 praecipue
2619 1505 2713 1574 qui
2747 1503 2882 1560 falsa
2937 1505 3004 1561 de
3044 1507 3203 1563 nobis
3229 1522 3366 1563 non-

1796 1597 1945 1651 nulla
1993 1604 2197 1653 temere
2222 1607 2505 1668 spargunt,
2534 1597 2905 1653 necessarium
2957 1599 3216 1654 duximus
3244 1615 3366 1655 cer-

140 1692 278 1764 ἠμῶν
324 1709 447 1745 τινα
487 1690 680 1761 ψευδῆ,
718 1691 1017 1759 ἀναγκαῖον
1049 1689 1378 1761 ἡγησάμεθα
1423 1690 1696 1760 πληροφο-

1809 1689 1966 1746 .iores
1995 1705 2092 1746 vos
2120 1689 2189 1744 de
2227 1697 2339 1744 tota
2380 1705 2438 1746 re
2469 1690 2670 1755 facere,
2696 1707 2802 1745 non
2829 1707 2894 1745 ex
2923 1692 2989 1747 iis
3021 1693 3198 1748 solum
3226 1709 3370 1749 como

143 1786 287 1857 ρῆσαι
306 1784 452 1854 ὑμᾶς
471 1782 600 1854 περὶ⁵
617 1780 829 1846 τούτου,
854 1782 914 1834 ού
948 1782 1107 1852 μόνον
1129 1783 1194 1834 ὲκ
1218 1780 1328 1834 τῶν
1352 1781 1694 1851 ύποδειχθέν-

141 1893 236 1930 των
277 1877 340 1946 τῇ
387 1873 632 1944 ὑμετέρᾳ
683 1872 922 1942 ὁσιότητι
983 1872 1114 1945 παρ’
1161 1871 1316 1942 ἡμῶν
1353 1871 1696 1942 γραμμάτων

71 1955 76 1960 “
139 1965 455 2023 κοινωνικῶν
510 1965 648 2035 πρὸς
680 1965 829 2034 ἡμᾶς
875 1962 1222 2034 γραφέντων,
1258 1961 1352 2016 τοῦ
1385 1979 1696 2033 τρισμακα-

143 2060 245 2130 ρίου
290 2057 448 2110 πάπα
507 2055 849 2118 Ἀθανασίου,
893 2053 1030 2109 ἀλλὰ
1054 2054 1149 2108 καὶ
1195 2055 1261 2108 ὲκ
1306 2053 1507 2124 ταύτης
1539 2053 1698 2124 ἡμῶν

139 2153 228 2224 τῆς
255 2151 531 2224 ἐγγράφου
559 2151 865 2221 ὁμολογίας,
891 2150 968 2214 ὼς
998 2150 1079 2203 ὅτι
1107 2147 1231 2202 οῦτε
1262 2147 1586 2220 φρονοῦμεν,
1604 2146 1697 2202 οῦ-

138 2262 192 2298 τε
218 2242 644 2315 πεφρονήκαμέν
671 2241 724 2295 τί
767 2258 920 2306 ποτε,
957 2240 1114 2304 ὲκτὸς
1145 2241 1248 2309 τῆς
1278 2239 1420 2303 κατὰ
1465 2241 1698 2294 Νίκαιαν

137 2334 431 2405 ὁρισθείσης
451 2333 829 2404 οἰκουμενικῆς
849 2333 941 2386 καὶ
959 2331 1421 2403 ὲκκλησιαστικῆς
1441 2331 1696 2395 πίστεωςο

137 2428 300 2496 ἥνπερ
355 2423 729 2494 ὁμολογοῦμεν
765 2424 993 2494 δυνάμει
1045 2423 1251 2494 ταύτην
1283 2424 1523 2493 φρονεῖν,
1565 2423 1698 2476 ἀνα-

141 2517 511 2589 θεματίζοντες
555 2518 682 2578 τοὺς
740 2515 1054 2586 τολμῶντας
1113 2515 1320 2584 κτίσμα
1402 2513 1582 2582 λέγειν
1639 2513 1702 2565 τὸ

138 2607 352 2680 Πνεῦμα
390 2607 454 2662 τὸ
498 2607 652 2676 ἅγιον
672 2621 684 2635 ·
719 2607 813 2660 καὶ
852 2607 951 2676 τὴν
997 2604 1282 2676 Ἀρειανὴν
1318 2604 1531 2675 αἵρεσιν
1555 2644 1568 2665 .
1605 2603 1700 2656 καὶ

138 2696 434 2760 Σαϐελλίου,
487 2696 582 2750 καὶ
625 2695 916 2759 Φωτεινοῦ,
965 2693 1060 2748 καὶ
1090 2693 1304 2747 Παύλου
1326 2692 1420 2747 τοῦ
1453 2694 1703 2763 Σαμοσαο

137 2787 282 2850 τέως,
309 2787 558 2848 καὶτοὺς
593 2784 668 2857 μὴ
695 2785 953 2854 λέγοντας
985 2785 1084 2856 τὴν
1131 2784 1294 2854 ἁγίαν
1332 2785 1540 2856 Τριάδα
1575 2785 1703 2855 τρία

139 2876 395 2948 πρόσωπα
426 2873 808 2946 άπερίγραφα,
854 2874 948 2928 καὶ
977 2872 1337 2938 ὲνυπὸστατα,
1383 2873 1476 2928 καὶ
1518 2873 1704 2944 ὁμοού·

140 2985 240 3033 σια,
262 2970 355 3022 καὶ
387 2967 656 3033 συναῖδια,
685 2967 778 3020 καὶ¹
817 2966 1078 3037 αὐτοτελῆ
1093 2981 1107 2994 ⁸
1131 2964 1622 3037 άναθεματίζοντες
1645 2964 1703 3018 δὲ

1798 1779 2178 1834 municatoriis
2205 1778 2426 1842 litteris,
2455 1795 2592 1850 quas
2628 1796 2659 1834 a
2681 1781 2997 1836 beatissimo
3028 1797 3165 1853 papa
3199 1785 3368 1840 Athe-

1798 1869 1954 1925 nasio
2014 1869 2082 1924 ad
2133 1886 2235 1926 nos
2267 1870 2502 1940 scriptas
2562 1872 2718 1926 vobis
2777 1873 3150 1942 ostendimus;
3181 1892 3369 1932 verum
3457 1882 3461 1887 ’

1798 1961 1959 2016 etiam
1983 1976 2048 2016 ex
2091 1960 2208 2031 ipsa
2245 1961 2585 2032 professione
2622 1971 2813 2018 nostra
2852 1965 3004 2019 hisce
3041 1967 3236 2024 litteris
3275 1985 3371 2023 ex-

1797 2066 2011 2121 pressa,
2049 2060 2107 2106 ut
2134 2051 2268 2107 illud
2293 2052 2704 2124 intelligeretis,
2732 2056 2868 2111 nihil
2904 2073 3005 2113 nos
3036 2076 3212 2131 neque
3245 2079 3373 2117 sen-

1801 2143 1902 2198 tire
1927 2142 2113 2210 modo,
2148 2158 2247 2198 nec
2278 2159 2518 2214 unquam
2548 2147 2810 2212 sensisse,
2843 2149 2988 2217 quod
3013 2150 3082 2205 ab
3109 2155 3370 2222 generali,

1799 2242 1854 2288 et
1885 2234 2258 2290 ecclesiastica
2289 2234 2414 2290 ﬁdei
2438 2240 2644 2305 regula,
2671 2252 2794 2307 quae
2828 2239 2883 2292 in
2911 2239 3128 2296 Nicaena
3164 2244 3373 2313 synodo

1801 2326 2100 2382 constituta
2130 2334 2234 2392 est,
2258 2327 2580 2384 abhorreret
2614 2347 2626 2382 :
2673 2346 2840 2400 quam
2891 2349 2992 2388 nos
3030 2351 3128 2404 pro
3162 2338 3374 2395 viribus

1801 2417 2052 2488 amplecti
2090 2416 2430 2487 proﬁtemur,
2463 2426 2517 2474 et
2540 2434 2634 2476 eos
2660 2422 3003 2480 anathemate
3025 2427 3373 2498 damnamus,

1802 2509 1894 2578 qui
1934 2517 2244 2564 creaturam
2290 2525 2414 2565 esse
2470 2509 2729 2581 Spiritum
2781 2526 3029 2570 sanctum
3066 2529 3372 2578 asserunt:

1804 2597 1897 2652 sed
1934 2603 1988 2651 et
2044 2596 2296 2652 Arinnam
2328 2600 2598 2665 lurresim,
2635 2609 2689 2656 et
2734 2601 2979 2668 Sabellii.
3013 2621 3078 2661 ac
3132 2607 3374 2674 Pbotini,

1803 2685 2068 2758 Paulique
2098 2687 2463 2758 Samosateni,
2491 2706 2600 2746 una
2627 2706 2751 2748 cum
2773 2694 2842 2750 iis
2861 2698 2954 2767 qui
2971 2701 3376 2760 sanctissimam

1805 2779 2130 2836 Trinitatem
2160 2789 2272 2837 tres
2304 2797 2428 2839 esse
2453 2799 2718 2854 personas
2747 2795 2969 2858 negant,
3002 2792 3168 2847 nullis
3191 2795 3379 2849 termi-

1805 2872 1892 2927 nis
1918 2873 2383 2943 circumscriptas,
2437 2875 2822 2944 subsistentes,
2856 2883 3374 2953 consubstantiales,

1806 2969 2106 3018 comternas
2137 2970 2193 3018 et
2228 2963 2537 3034 perfectas;
2583 2967 2775 3022 eodem
2828 2970 2991 3026 etiam
3033 2975 3380 3034 anathemate

139 3059 370 3122 καὶτοὺς
405 3057 752 3128 πλατυσμὸν,
805 3056 837 3128 ἢ
886 3055 1170 3127 συστολὴν,
1214 3056 1248 3126 ἢ
1291 3055 1570 3127 ἐνέργειαν
1607 3055 1702 3109 τοῦ

1809 3052 2238 3110 condemnamus
2283 3055 2428 3123 illos,
2481 3055 2575 3128 qui
2610 3055 2808 3112 Filium
2841 3058 3020 3119 Patris
3073 3066 3381 3126 collatatio-

137 3148 339 3221 Πατρδς
375 3149 474 3204 τὸν
501 3149 626 3202 Υίδν
654 3148 932 3217 λέγοντας·
963 3147 1057 3202 καὶ
1088 3148 1216 3211 τοὺς
1246 3147 1337 3201 τὸν
1362 3148 1495 3202 Θεδν
1531 3148 1705 3216 Λόγον

137 3241 220 3294 τὸν
244 3241 374 3296 Υιὸν
397 3239 657 3295 τοῦΘεοῦ
681 3239 1027 3313 προαιώνιον,
1076 3240 1172 3294 καὶ
1197 3239 1466 3294 συναῒδιον
1488 3239 1565 3310 τῷ
1593 3240 1708 3294 Πα-

135 3335 219 3405 τρὶ
233 3373 250 3398 ,
284 3334 686 3399 ἔνυπόστατον,
717 3333 812 3387 καὶ
843 3330 1117 3402 ,αὐτοτελῆ
1155 3331 1284 3385 Υίὸν
1321 3329 1418 3384 καὶ
1459 3329 1592 3384 Θεὸν
1631 3329 1708 3402 μὴ

136 3423 544 3494 ὁμολογοῦντας.

201 3603 302 3658 IB'.
337 3601 508 3664 Εττις
536 3598 627 3654 τὸν
659 3598 820 3654 αὐτὸν
848 3595 1090 3668 Πατέρα,
1117 3595 1214 3649 καὶ
1246 3593 1398 3660 Υἱὸν,
1434 3592 1529 3647 καὶ
1557 3591 1710 3661 ἅγιον

139 3691 357 3763 Πνεῦμα
386 3691 564 3759 λέγει,
605 3688 853 3760 ἀνάθεμα
883 3687 1043 3740 ἔστω.
1088 3685 1158 3740 Et
1174 3702 1256 3748 τις
1286 3682 1461 3756 ἀρχὴν
1487 3683 1520 3754 ἢ
1559 3680 1711 3745 τέλος

138 3784 208 3854 τῷ
252 3783 368 3854 Υἱῷ
405 3783 508 3836 τοῦ
551 3781 721 3846 Θεοῦ,
767 3780 861 3834 καὶ
890 3779 1069 3850 Λόγῳ,
1103 3777 1231 3850 ἢτῇ
1265 3774 1510 3847 βασιλείᾳ
1543 3773 1712 3827 αὑτοῦ

136 3875 364 3938 δίδωσιν,
391 3873 646 3944 ἀνάθεμα
671 3873 829 3926 ἔστω.
862 3871 930 3924 Εἴ
956 3887 1042 3934 τις
1067 3868 1232 3940 μέρος
1256 3866 1352 3920 τοῦ
1377 3865 1591 3938 Πατρὸς
1621 3863 1711 3917 λέ-

139 3982 218 4034 γει
231 3967 323 4018 τὸν
347 3965 508 4029 Υίὸν,
557 3964 591 4034 ἢ
613 3963 676 4017 τὸ
702 3961 926 4034 Πνεῦμα
950 3960 1012 4014 τὸ
1041 3960 1216 4028 ἅγιον,
1241 3957 1336 4012 καὶ
1367 3955 1441 4028 μὴ
1462 3954 1716 4027 ὁμολογεῖ

137 4054 222 4109 τὸν
259 4054 391 4108 Υἱὸν
420 4051 523 4106 τοῦ
554 4049 689 4106 Θεοῦ
738 4052 803 4112 ὲκ
851 4051 952 4121 τῆς
997 4048 1092 4103 τοῦ
1119 4045 1335 4119 Πατρὸς
1384 4044 1572 4108 ούσίας
1610 4043 1716 4116 πρὸ

140 4145 310 4218 πάσης
339 4143 592 4206 ἐπινοίας
623 4141 1004 4211 γεγεννῆσθαι,
1032 4139 1282 4210 ἀνάθεμα
1309 4138 1467 4192 ἔστω.
1496 4137 1632 4209 Περὶ
1659 4137 1717 4190 δὲ

141 4232 232 4306 τῆς
260 4233 602 4306 σαρκώσεως
626 4231 720 4285 τοῦ
747 4230 880 4284 Θεοῦ
907 4231 1082 4299 Λόγου
1110 4228 1205 4282 τοῦ
1234 4225 1557 4299 μονογενοῦς
1583 4223 1716 4278 Υίοῦ

140 4326 224 4380 τοῦ
251 4324 387 4380 Θεοῦ
413 4322 811 4395 ὁμολογοῦμεν,
845 4323 924 4375 ὅτι
951 4321 1077 4384 Υἱὸς
1095 4319 1190 4374 τοῦ
1217 4317 1373 4383 Θεοῦ,
1398 4317 1491 4371 καὶ
1509 4316 1718 4387 ἄνθρω-

1807 3158 1954 3209 nem,
1984 3150 2080 3198 aut
2100 3146 2554 3216 contractionem,
2575 3157 2670 3204 aut
2695 3150 2967 3208 actionem
3001 3168 3125 3211 esse
3156 3156 3382 3231 dicunt;

1807 3233 2013 3304 quique
2040 3234 2282 3290 divinum
2319 3235 2580 3303 Verbum,
2605 3239 2810 3310 Deique
2831 3241 3027 3298 Filium
3059 3261 3167 3302 non
3201 3251 3384 3305 omni-

1809 3323 1912 3381 bus
1938 3325 2153 3388 saculis
2188 3326 2447 3396 priorem,
2475 3327 2734 3402 Patrique
2763 3342 3095 3390 coaeternum
3147 3351 3214 3394 ac
3245 3341 3382 3396 sub-

1809 3413 2112 3482 sistentem,
2133 3415 2438 3490 perfectum
2471 3419 2706 3492 denique
2724 3422 2945 3492 Filium,
2971 3438 3036 3482 ac
3069 3424 3237 3484 Deum
3260 3444 3387 3488 csso

1810 3501 2158 3558 conﬁtentur.

1881 3590 1997 3646 Xll.
2039 3591 2096 3647 Si
2123 3595 2251 3666 quis
2280 3597 2531 3654 eumdem
2578 3598 2816 3670 Patrem,
2853 3611 2908 3660 et
2934 3604 3153 3675 Filium,
3185 3616 3240 3665 et
3269 3608 3388 3682 Spi-

1813 3683 1976 3738 ritum
2003 3696 2254 3741 sanctum
2282 3703 2406 3745 esse
2431 3690 2583 3756 dicit,
2607 3695 2896 3750 anathema
2923 3697 3015 3752 sit.
3041 3697 3098 3754 Si
3127 3701 3252 3770 quis
3276 3702 3388 3757 ini-

1775 3772 1950 3864 ‘tium
1999 3782 2096 3828 aut
2151 3775 2313 3833 ﬁnem
2363 3777 2458 3835 Dei
2521 3779 2679 3847 Filio,
2739 3798 2804 3838 ac
2855 3785 3048 3855 Verbo,
3082 3790 3168 3844 vel
3216 3772 3391 3864 regno

1814 3862 1988 3933 ipsius
2047 3868 2291 3936 ascribit,
2341 3871 2630 3926 anathema
2681 3872 2772 3929 sit.
2808 3874 2866 3930 Si
2911 3880 3035 3948 quis
3082 3862 3389 3940 Filiumvvel

1819 3955 2085 4026 Spiritum
2115 3971 2365 4016 sanctum
2393 3973 2599 4033 partem
2635 3979 2758 4022 esse
2809 3966 2991 4026 Patris
3030 3975 3256 4040 asserit,
3287 3993 3388 4034 ne-

1815 4063 1924 4118 que
1951 4047 2148 4104 Filium
2179 4050 2272 4107 Dei
2305 4067 2372 4108 ex
2400 4053 2583 4114 Patris
2611 4059 2852 4113 essentia
2873 4061 3028 4131 prius
3059 4066 3206 4120 omni
3237 4068 3389 4138 cogi-

1816 4140 2022 4196 tatione
2067 4143 2308 4212 genitum
2345 4144 2566 4214 fatetur,
2624 4150 2916 4205 anathema
2946 4153 3036 4208 sit.
3070 4153 3227 4220 Quod
3259 4173 3392 4214 vero

1819 4227 1888 4282 ad
1913 4227 2348 4287 incarnationem
2372 4234 2541 4290 divini
2567 4235 2730 4293 Verbi
2760 4247 2814 4294 et
2843 4240 3109 4311 unigeniti
3141 4243 3236 4301 Dei
3267 4246 3392 4305 Filii

1820 4319 2073 4388 pertinet,
2107 4321 2433 4378 conﬁtemur
2452 4323 2651 4380 Filium
2696 4327 2849 4384 illum
2881 4345 3005 4386 esse
3052 4332 3180 4401 Dei,
3213 4337 3394 4393 homi-

141 4436 232 4483 πος
258 4392 463 4488 γέγονε.
489 4417 658 4488 χωρὶς
687 4392 982 4487 άμαρτίας,
1017 4413 1158 4481 κατὰ
1183 4411 1457 4484 πρόληψιν
1483 4412 1497 4442 ¹
1532 4409 1702 4478 πάσης

1816 4425 2051 4483 nemque
2073 4411 2276 4469 factum
2313 4416 2434 4471 sine
2461 4426 2705 4488 peccato,
2740 4431 3095 4497 posteaquam
3125 4392 3402 4502 integram-

202 4557 218 4585 ¹
250 4552 380 4623 Leg.
419 4551 746 4624 πρόσληψιν.

203 4671 313 4738 (38)
353 4672 476 4722 Kal
511 4666 879 4738 προστάτης.
892 4665 1231 4730 Defensorem
1252 4665 1716 4738 reddimusgnam

142 4736 415 4807 praesidem
474 4754 598 4792 cum
654 4736 922 4792 Cornario
974 4737 1324 4807 interpretari
1367 4751 1484 4807 non
1515 4737 1717 4807 placet.

148 4805 259 4861 Fuit
283 4817 475 4863 autem
522 4807 777 4862 defensor
803 4822 913 4862 non
943 4804 1174 4870 ordinis,
1197 4806 1293 4862 sed
1323 4804 1483 4860 ofﬁcii
1516 4804 1715 4860 nomen

142 4878 277 4945 quod
304 4877 435 4932 laici
471 4879 756 4947 gerebam,
781 4879 874 4946 qui
905 4877 1163 4947 Ecclesia:
1182 4876 1305 4946 jura
1335 4876 1392 4930 in
1419 4875 1564 4947 civili
1592 4875 1718 4947 [oro

145 4944 578 5017 propugnabant.
605 4944 905 5002 Concilium
930 4944 1432 5002 Milevitanumcan.
1454 4944 1523 5017 l6
1538 4963 1554 5017 _:
1581 4945 1718 4999 Pla.

143 5014 421 5072 cuit—etiam
446 5027 510 5073 ut
530 5027 741 5088 petatur
759 5034 790 5070 a
810 5017 1207 5088 gloriosissintis
1221 5014 1646 5088 imperatoribus,
1662 5023 1720 5066 ut

137 5090 348 5153 jubeant
375 5084 658 5157 judieibus
694 5084 828 5141 dare
869 5089 1057 5156 petitos
1088 5085 1190 5156 sibi
1227 5087 1526 5157 defensores
1570 5084 1719 5137 scho-

146 5154 496 5226 lasticoﬂqui
523 5159 576 5210 in
611 5166 736 5211 actu
765 5154 892 5220 sint,
931 5158 1007 5212 vel
1032 5159 1087 5210 in
1138 5154 1302 5225 oﬁicio
1355 5154 1718 5226 defensionum

143 5224 423 5281 causamin
459 5228 964 5293 ecclesiasticarum,
1009 5224 1530 5281 morerrsacerdotum
1577 5224 1716 5278 Pro-

143 5299 334 5363 vincim,
359 5307 421 5351 ut
451 5298 614 5350 iidem
635 5298 758 5364 ipsi,
783 5305 913 5364 etc.,
939 5296 1162 5350 habeant
1187 5295 1494 5366 facultatem
1514 5294 1717 5364 ingredi

141 5367 373 5434 iudicum
430 5370 743 5422 secretaria.
794 5367 1034 5422 Meminit
1073 5378 1126 5421 et
1157 5366 1474 5435 Carthagin.
1525 5382 1580 5428 ν,
1621 5379 1715 5418 ca-

143 5453 276 5492 none
302 5438 357 5501 9,
374 5446 434 5494 et
463 5437 787 5493 Africanum
811 5449 967 5495 torno
1005 5439 1022 5491 ι
1054 5436 1434 5498 Conciliorum,
1463 5450 1586 5490 can.
1623 5435 1714 5495 42.

141 5516 190 5579 e_t
217 5509 340 5579 alibi
374 5509 611 5578 passim.
631 5507 885 5564 Zosimus
902 5508 1103 5579 epist.l
1129 5528 1141 5562 :
1176 5505 1395 5579 Sonent
1414 5505 1713 5579 defensores

146 5574 412 5649 Ecclesiae,
450 5583 547 5649 qui
580 5593 644 5633 ea:
679 5579 830 5633 laici:
878 5574 1034 5648 ﬁunt,
1086 5593 1248 5646 supra
1287 5574 1716 5649 dictaobserva-

145 5645 574 5704 tioneteneantur
601 5651 648 5703 si
669 5645 953 5704 meruerint
975 5665 1086 5704 esse
1118 5645 1171 5702 in
1199 5647 1381 5702 ordine
1410 5647 1713 5703 clericatus.

1829 4663 2084 4738 Ἔκδικος
2117 4679 2147 4719 a
2170 4663 2374 4722 Grecis
2411 4675 2659 4723 vocatur.
2697 4668 2756 4724 ln
2790 4672 3025 4728 concilio
3058 4673 3396 4738 Chalcedon.

1824 4750 1950 4791 can.
1988 4735 2044 4816 ᾖ
2089 4745 2445 4816 recensentur
2480 4739 2780 4816 οἰκονόμος,
2813 4741 3044 4816 ἔκδικος,
3082 4735 3402 4816 παραμονάξ

1827 4822 1961 4877 ριος.
1995 4803 2358 4885 Quamobrem
2391 4803 2703 4885 προστάτην
2727 4803 2980 4885 eumdem
3008 4803 3402 4885 essesus'pica-

1825 4875 1950 4929 mur
1971 4883 2135 4942 atque
2158 4875 2446 4929 Ἔχδικονζ
2467 4875 2703 4933 Tametsi
2727 4879 3009 4935 Balsamon
3028 4885 3092 4935 ad
3122 4875 3403 4940 Africana-

1825 4958 1947 5018 rum
1974 4945 2305 5018 synodorurn
2343 4961 2603 5018 canones,
2645 4950 2739 5018 qui
2769 4951 2822 5002 in
2854 4967 3020 5006 unum
3072 4953 3214 5005 misti
3248 4967 3397 5017 sunt.

1827 5014 2185 5093 ad_ca‘no_nem
2214 5015 2408 5093 '78,qu
2433 5023 2522 5093 est
2546 5014 2690 5093 inter
2714 5019 2970 5093 Africana
3003 5022 3253 5088 concilia,
3279 5014 3400 5093 (ιιιίὲ

1824 5085 1932 5158 sub
1956 5084 2252 5138 C(blestino
2278 5093 2332 5158 et
2359 5085 2641 5158 Bonifacio
2672 5089 2943 5142 celebrata
2977 5101 3123 5151 sunt,
3156 5084 3397 5158 quadra-

1820 5155 2064 5223 gesimus
2099 5155 2393 5219 secundus,
2451 5157 2700 5220 dubitat,
2740 5165 2920 5210 utrum
2980 5155 3296 5216 defensores
3346 5174 3402 5219 et

1825 5223 2071 5276 Ἐκδικοι
2102 5232 2227 5278 ante
2250 5226 2354 5294 hoc
2377 5226 2594 5280 concilii
2624 5233 2838 5294 tempus
2871 5227 2964 5280 ulli
2991 5227 3207 5284 fuerint.
3240 5235 3312 5288 Σὺ
3343 5235 3400 5289 δὲ

1821 5293 2056 5376 γίνωσκε
2080 5294 2160 5346 ὅτι
2181 5293 2385 5376 ἡήδόσις
2408 5293 2829 5376 τιῖ›ν.Ἐκδίκων,
2863 5295 2895 5365 ἢ
2934 5298 3024 5376 καὶ
3055 5300 3402 5376 Δεφμενσόρων

1820 5363 2148 5445 λεγομένων,
2184 5363 2291 5445 εἴτε
2326 5365 2433 5445 ἀπὸ
2453 5364 2544 5445 τοῦ
2575 5367 2842 5445 παρόντος
2874 5363 3400 5445 ξιανόνοςέλασέτὴν

1823 5433 2031 5515 ἀρχὴν,
2046 5435 2154 5485 εἴτε
2187 5435 2281 5486 καὶ
2304 5434 2410 5515 πρὸ
2439 5434 2628 5515 τούτου
2658 5433 3072 5515 ’ἐπεγινῴσκετο
3101 5438 3167 5515 ὁι’
3217 5433 3402 5496 ἐπιλό-

1823 5504 1935 5578 γῷν
1963 5504 2071 5556 τῶν
2095 5505 2500 5578 ,κατοικούντων
2533 5504 2766 5578 ἑκάστης
2789 5504 2998 5570 πόλεως
3032 5508 3256 5576 ἐγίνετο.
3293 5512 3402 5570 Sed

1824 5574 1918 5627 diu
1934 5583 2058 5628 ante
2075 5572 2394 5629 defensores
2422 5577 2702 5633 exstitisse
2725 5572 3022 5632 verisimile
3043 5572 3145 5642 est,
3161 5582 3402 5639 eosdem-

1825 5660 1930 5715 quc
1970 5643 2280 5714 προστάτας
2313 5645 2366 5699 in
2396 5645 2485 5700 illa
2515 5646 2923 5718 subscriptione
2961 5649 3256 5712 nominari.
