3798 6212
380 270 486 324 399
1753 254 1813 310 S.
1852 245 2198 306 EPIPHANII
2298 258 2303 263 '

3544 222 3641 281 U18

381 384 616 441 hominis
648 386 902 435 naturam
934 373 1257 445 assumpsit,
1301 370 1405 427 hoc
1438 376 1523 425 est
1550 366 1761 423 ratione
1786 373 1841 421 et
1870 364 1956 419 in—

2111 360 2163 428 ιις
2214 350 2567 426 ἀνθρωπείας
2611 348 2851 418 φύσεως,
2883 342 3135 398 τουτέστι
3178 337 3358 411 ψυχῆς
3402 335 3640 407 λογικῆς,

382 477 675 550 telligentia
700 472 982 545 praeditam
1006 468 1247 523 animam
1277 465 1680 532 humanamque
1708 471 1954 514 carnem.

380 569 669 625 Credimus
730 567 786 620 in
830 577 1001 617 unum
1035 560 1205 614 Deum
1252 556 1471 611 Patrem
1504 552 1955 621 omnipotentem,

381 663 625 721 omnium
654 657 955 715 visibilium
989 650 1453 718 invisibiliumque
1477 644 1853 707 conditorem;
1907 646 1961 693 et

383 772 437 809 m
475 768 644 807 unum
679 746 971 802 Dominum
1026 742 1217 797 Jesum
1266 737 1548 792 Christum
1602 731 1801 786 Filium
1841 728 1957 792 Dei,

382 847 623 917 genitum
655 856 721 896 ex
752 838 933 902 Patre,
964 831 1325 902 unigenitum,
1359 829 1463 882 hoc
1496 835 1582 881 est
1609 826 1677 878 ab
1720 820 1961 878 essentia

385 912 582 999 Patris,
609 932 778 987 Deum
806 926 974 1000 844
993 926 1061 980 de
1080 924 1208 987 Deo,
1234 924 1418 976 lumen
1444 920 1512 974 de
1540 918 1765 979 lumine,
1791 912 1960 969 Deum

387 1043 573 1085 verum
605 1028 670 1081 de
702 1023 813 1076 Deo
846 1036 977 1075 vero
1003 1036 1017 1086 ;
1058 1018 1300 1088 genitum
1332 1028 1442 1068 non
1466 1011 1691 1074 factum,
1727 1005 1965 1061 consub-

386 1120 693 1181 stantialem
726 1116 894 1177 Patri,
932 1126 1027 1182 per
1056 1124 1217 1179 quem
1250 1107 1434 1161 omnia
1479 1104 1622 1158 facta
1656 1108 1804 1164 sunt,
1842 1112 1965 1169 quae

388 1212 444 1264 in
476 1208 637 1271 caelo,
691 1216 921 1273 quaeque
979 1200 1033 1254 in
1074 1206 1221 1252 terra
1272 1204 1441 1261 sunt;
1492 1193 1584 1263 qui
1618 1200 1840 1261 propter
1862 1203 1963 1243 nos

388 1301 661 1359 homines.
692 1305 746 1351 et
777 1302 1000 1364 propter
1034 1297 1278 1343 nostram
1312 1287 1542 1342 salutem
1583 1280 1885 1346 descendit,
1913 1289 1967 1335 et

389 1397 711 1450 incarnatus
733 1395 836 1449 est,
871 1394 926 1440 et
970 1384 1136 1438 homo
1186 1382 1381 1443 factus,
1411 1384 1466 1432 et
1519 1390 1716 1446 passus
1762 1380 1882 1438 est;
1912 1380 1967 1426 et

390 1486 692 1544 resurrexit
721 1480 879 1536 tertia
917 1477 1005 1533 die
1030 1494 1045 1542 ;
1078 1472 1326 1529 ascendit
1356 1472 1410 1525 in
1434 1470 1657 1529 caelum,
1688 1475 1743 1520 et
1773 1472 1968 1520 ventu-

391 1595 489 1636 rus
508 1586 594 1634 est
618 1573 868 1646 judicare
893 1571 1047 1624 vivos
1070 1574 1123 1627 et
1171 1572 1455 1629 mortuos;
1501 1573 1555 1616 et
1588 1562 1641 1614 in
1703 1559 1965 1629 Spiritum

391 1681 664 1729 sanctum.
713 1665 819 1721 Eos
863 1671 1043 1718 autem
1102 1658 1196 1729 qui
1248 1659 1440 1712 dicunt
1471 1675 1483 1710 :
1518 1653 1642 1708 Fuit
1672 1650 1969 1722 aliquando

392 1780 518 1821 cum
567 1778 678 1818 non
731 1770 869 1819 erat,
904 1764 957 1810 et
1004 1761 1296 1822 antequam
1331 1749 1645 1820 gigneretur
1673 1761 1778 1799 non
1816 1754 1967 1809 erat;

2111 1729 2301 1801 ηθῆναι
2355 1726 2456 1778 οὑκ
2487 1720 2577 1793 ἦν,

396 1863 491 1910 aut
529 1870 560 1909 e
594 1852 787 1916 nihilo,
845 1846 961 1903 sive
1006 1860 1071 1898 ex
1101 1843 1274 1896 altera
1312 1854 1566 1909 persona,
1602 1846 1697 1890 aut
1730 1834 1971 1890 essentia

396 1951 589 2004 dicunt
641 1942 943 2004 exstitisse,
986 1941 1101 1995 sive
1168 1933 1412 1991 converti
1461 1930 1777 1999 mutarique
1810 1942 1976 2000 posse

399 2042 494 2097 Dei
519 2038 716 2094 Filium
737 2036 1025 2097 allirmant,
1045 2032 1147 2086 hos
1170 2027 1519 2082 anathemate
1542 2024 1767 2078 damnat
1793 2020 1980 2075 catho-

399 2137 505 2190 lica
535 2143 588 2187 et
615 2128 915 2200 apostolica
952 2124 1215 2179 Ecclesia.
1249 2118 1361 2190 Ego
1390 2116 1660 2172 Phatinus
1689 2112 1975 2182 presbyter

399 2230 703 2297 Ancyranae
733 2218 990 2275 Ecclesiae
1016 2217 1087 2271 ita
1119 2212 1285 2268 credo
1318 2218 1371 2266 et
1404 2210 1604 2273 sentio,
1637 2216 1695 2261 ut
1725 2205 1813 2260 hic
1835 2204 1979 2259 scri-

403 2329 557 2392 ptum
587 2327 690 2375 est.
718 2318 831 2388 Ego
849 2313 1094 2383 Sigerius
1128 2308 1416 2380 presbyter
1446 2302 1691 2372 ejusdem
1726 2298 1983 2355 Ecclesia

403 2391 480 2467 ita
501 2410 665 2487 credo
688 2418 740 2464 et
764 2406 959 2469 sentio,
989 2410 1048 2458 ut
1075 2402 1165 2457 hic
1186 2400 1451 2469 scriptum
1474 2401 1579 2451 est.
1605 2392 1719 2463 Ego
1742 2391 1985 2463 Hyginus

406 2483 673 2557 diaconus
711 2495 957 2567 ejusdem
991 2490 1252 2547 Ecclesiae
1275 2489 1349 2543 ita
1386 2484 1557 2541 credo
1603 2490 1658 2538 et
1691 2483 1890 2547 sentio,
1927 2487 1987 2535 ut

408 2594 498 2648 hic
527 2592 792 2661 scriptum
836 2597 941 2642 est.
970 2584 1079 2654 Ego
1106 2579 1423 2637 Heraclides
1449 2576 1820 2633 subdiaconus
1845 2574 1988 2643 ejus-

408 2685 531 2741 dem
568 2681 825 2738 Ecclesiae
853 2680 928 2732 ita
958 2675 1122 2732 credo
1155 2680 1209 2730 et
1256 2672 1454 2737 sentio,
1504 2676 1563 2724 ut
1602 2669 1691 2724 hic
1720 2667 1986 2736 scriptum

408 2784 512 2833 cst.
533 2774 644 2845 Ego
664 2770 910 2843 Elpidius
926 2770 1098 2825 lector
1115 2763 1365 2836 ejusdem
1389 2762 1647 2817 Ecclesiae
1664 2761 1738 2814 ita
1755 2759 1919 2813 credo
1936 2764 1986 2812 et

410 2868 608 2931 sentio,
640 2874 699 2923 ut
734 2865 824 2919 hic
849 2861 1118 2932 scriptum
1147 2866 1253 2915 est.
1293 2856 1406 2928 Ego
1440 2854 1706 2926 Cyriacns
1731 2850 1993 2907 defensor

410 2962 654 3034 ejusdem
686 2957 943 3013 Ecclesiae
972 2955 1046 3008 ita
1076 2952 1243 3009 credo
1289 2958 1345 3006 et
1397 2948 1691 3013 sentio,.ut
1722 2943 1809 2998 hic
1848 2942 1991 2997 scri-

414 3065 564 3128 ptum
593 3061 697 3109 est.
734 3050 858 3105 llaec
900 3055 1030 3104 sunt
1056 3059 1178 3116 quae
1212 3042 1280 3097 ad
1312 3039 1662 3096 confessores
1694 3047 1748 3093 et
1773 3034 1987 3100 Patres,

414 3148 491 3203 illi
541 3145 904 3215 scripserunt.
937 3136 1069 3203 Quae
1127 3136 1173 3190 si
1204 3134 1259 3187 in
1298 3130 1619 3186 melioribus
1646 3141 1770 3183 esse
1798 3139 1994 3179 nume-

414 3236 607 3301 randa,
634 3212 996 3303 intelligentes
1017 3223 1404 3299 judicaverint,
1431 3235 1526 3292 per
1542 3234 1627 3273 me
1645 3225 1703 3271 ut
1726 3212 1997 3286 ejusmodi

419 3332 723 3388 habeantur
752 3326 901 3380 licet.
925 3320 1021 3377 Sin
1053 3321 1107 3375 in
1137 3319 1240 3373 hac
1262 3316 1379 3387 ipsa
1405 3311 1760 3369 excusatione
1790 3323 1855 3362 ac
1882 3307 1998 3362 dis-

419 3422 701 3495 putatione
729 3417 1021 3473 titubatum
1050 3412 1119 3467 ab
1147 3409 1257 3465 illis
1287 3404 1655 3468 nonnihilest,
1712 3415 1777 3456 ac
1806 3413 1999 3472 parum

414 3492 566 3569 recte
589 3509 851 3581 positum,
883 3518 1044 3561 suum
1068 3498 1211 3572 apud
1238 3497 1486 3554 eruditos
1512 3495 1692 3549 locum
1722 3492 1999 3547 ordinem-

417 3621 526 3677 que
554 3608 795 3659 teneant.
824 3596 1110 3652 Postremo
1133 3607 1256 3648 cum
1277 3588 1343 3645 de
1372 3587 1628 3642 Marcello
1659 3584 2001 3655 Superiorem

421 3674 637 3752 dmnem
668 3688 1039 3746 narrationem
1076 3683 1293 3739 abunde
1321 3676 1750 3744 instituerimus,
1779 3675 1849 3730 ab
1901 3674 2003 3729 hoc

424 3791 491 3844 ad
523 3787 659 3841 alias
686 3784 922 3838 haereses
951 3776 1328 3832 transibimus.

756 3888 1129 3950 ADVERSUS
1184 3881 1652 3941 SEMIARIANOS
1670 3923 1684 3948 ,

636 4011 766 4078 Qua:
798 4017 874 4064 est
924 4004 1139 4062 Itwresis
1168 3998 1339 4066 LIII,
1381 3998 1486 4054 sive
1521 3992 1794 4050 LXXIII.

496 4126 539 4182 Ι.
570 4124 953 4191 Posteaquam,
995 4113 1301 4185 opitulante
1352 4107 1486 4170 Deo,
1534 4105 1673 4170 Arii,
1706 4114 2009 4171 eorumque

428 4216 523 4286 qui
550 4213 682 4267 Ario
708 4211 1119 4266 successerunt.
1179 4199 1419 4256 infelicia
1449 4197 1703 4268 dogmata
1753 4191 2009 4264 perrupi-

2061 451 2157 504 καὶ
2193 448 2407 518 νοερᾶς,
2438 444 2533 498 καὶ
2567 440 2768 511 σαρκὸς
2809 435 3179 507 ἀνθρωπίνης.
3205 429 3542 501 Πιστεύομεν
3573 430 3645 492 είς

2060 544 2155 595 ἕνα
2182 540 2317 593 Θεὸν
2345 536 2572 607 Πατέρα
2595 530 3045 600 παντοκράτορα,
3087 527 3309 580 πάντων
3348 521 3564 594 ὁρατῶν
3591 539 3647 576 τε

2063 635 2156 688 καὶ
2188 631 2437 703 ἀοράτων
2483 626 2751 697 ποιητήν·
2784 620 2884 676 καὶ
2932 621 3013 683 είς
3056 618 3156 672 Eva
3196 614 3405 687 Κύριον
3442 610 3645 683 Ἰησοῦν

2062 701 2298 797 Χριστόν
2323 763 2339 788 ,
2381 721 2474 773 τὸν
2505 717 2634 771 Υίὸν
2655 713 2753 768 τοῦ
2779 710 2941 776 Θεοῦ,
2967 711 3060 764 τὸν
3089 707 3427 778 γεννηθέντα
3457 704 3527 757 ὲκ
3559 701 3645 755 τοῦ

2065 794 2282 888 Πατρδς
2317 810 2609 885 μονογενῆ,
2647 805 2929 861 τουτέστιν
2964 805 3029 856 ὲκ
3056 802 3156 871 τῆς
3181 799 3374 860 οὐσίας
3410 794 3512 850 τοῦ
3542 794 3647 849 lla-

2064 883 2212 979 rpbc,
2235 883 2367 957 Θεδν
2394 905 2459 954 ὲκ
2481 896 2640 961 Θεοῦ,
2674 894 2793 965 φῶς
2813 895 2879 946 ὲκ
2908 890 3107 961 φωτὸς,
3139 886 3273 942 Θεὸν
3310 883 3569 955 ἀληθινὸν
3592 883 3649 935 ὲκ

2064 973 2201 1053 Θνεοῦ
2235 991 2492 1066 ἀληθινοῦ
2518 1031 2533 1055 ,
2570 985 2907 1057 γεννηθέντα
2932 982 2993 1036 οὑ
3021 978 3341 1050 ποιηθέντα,
3370 973 3648 1046 όμοούσιον

2063 1089 2143 1161 τῷ
2172 1062 2371 1158 Πατρῖ,
2402 1084 2468 1137 δι’
2492 1072 2556 1135 οὗ
2580 1078 2651 1132 τὰ
2676 1076 2858 1131 πάντα
2886 1071 3124 1141 ἐγένετο,
3170 1068 3241 1122 τά
3268 1083 3329 1120 τε
3361 1067 3420 1119 έν
3446 1062 3651 1133 ούρανῷ

2067 1154 2164 1235 καὶ
2188 1180 2257 1232 τὰ
2279 1154 2372 1231 ἐπὶ
2388 1176 2490 1245 τῆς
2513 1172 2619 1242 γῆς
2637 1186 2651 1200 ⁸
2686 1168 2778 1223 τὸν
2802 1166 2869 1219 δι’
2892 1164 3043 1235 ἡμᾶς
3070 1159 3196 1224 τοὺς
3215 1155 3541 1229 ἀνθρώπους
3558 1154 3646 1209 καὶ

2066 1273 2156 1326 διὰ
2171 1272 2270 1342 τὴν
2288 1267 2563 1340 ἡμετέραν
2580 1260 2855 1332 σωτηρίαν
2874 1255 3227 1317 κατελθόντα,
3243 1250 3340 1305 καὶ
3356 1246 3656 1321 σαρκωθένυ

2066 1381 2157 1428 τα,
2175 1341 2268 1416 καὶ
2283 1358 2441 1413 ὲνανθ
2452 1357 2783 1429 ρωπήσαντα
2802 1392 2817 1417 ,
2839 1348 3080 1404 παθόντα
3094 1387 3110 1412 ,
3131 1344 3228 1399 καὶ
3255 1341 3570 1397 ἀναστάντα
3588 1341 3650 1409 τῇ

2067 1456 2226 1526 τρίτη
2244 1450 2448 1522 ἡμέρᾳ,
2475 1444 2769 1501 ἀνελθόντα
2791 1444 2869 1505 είς
2884 1441 3011 1503 τοὺς
3046 1436 3333 1508 οὑρανοὺς,
3366 1432 3654 1505 ἐρχόμενον

2070 1522 2253 1617 κρῖναι
2274 1542 2484 1606 ζῶντας
2520 1538 2616 1592 καὶ
2640 1533 2868 1606 νεκρούς
2886 1548 2898 1561 ·
2928 1533 3023 1584 καὶ
3040 1532 3121 1593 είς
3147 1528 3211 1581 τὸ
3231 1527 3388 1595 ἆγιον
3415 1522 3655 1594 Πνεῦμα.

2070 1616 2281 1701 Τοὺςδὲ
2308 1634 2587 1704 λέγοντας,
2610 1625 2718 1682 Ἦν
2744 1617 2874 1680 ποτε
2899 1624 2989 1677 ὅτε
3016 1621 3117 1675 οὑκ
3145 1616 3237 1690 ἦν,
3269 1618 3367 1672 καὶ
3389 1617 3525 1685 πρὶν
3541 1631 3654 1684 γεν·

2632 1718 2727 1775 καὶ
2779 1718 2864 1771 ὅτι
2934 1713 3024 1782 Ἐξ
3068 1712 3169 1766 οὑκ
3207 1712 3377 1766 ὅντων
3428 1706 3657 1775 ἐγένετο,

2077 1794 2210 1894 illi-
2229 1818 2423 1890 ἑτέρας
2452 1812 2805 1874 ὑποστάσεως
2828 1808 2861 1878 ἢ
2895 1805 3084 1869 οὑσίας
3116 1803 3429 1874 φάσκοντας
3456 1794 3659 1866 εἶναι,ἢ

2077 1890 2346 1987 τρεπτὸν,
2390 1910 2424 1981 ἢ
2468 1903 2765 1974 ἀλλοιωτὴν
2807 1901 2901 1955 τὸν
2944 1898 3073 1953 Υἰδν
3115 1895 3211 1950 τοῦ
3256 1891 3415 1957 Θεοῦ,
3450 1890 3660 1952 τούτους

2081 1980 2469 2073 ἀνναθεματίζει
2492 1998 2525 2068 ή
2554 1992 2817 2063 καθολικὴ
2844 1990 2938 2045 καὶ
2966 1984 3297 2055 ἀποστολικὴ
3336 1980 3655 2051 Ἐκκλησία.

2095 2096 2236 2167 Ἐγὼ
2256 2090 2520 2154 Φωτεινὸς
2542 2085 2813 2161 πρεσϐύτε
2823 2099 2915 2157 ρος
2934 2082 3035 2153 τῆς
3064 2079 3203 2133 κατά
3225 2080 3514 2147 Ἀγκυραδ
3554 2074 3664 2128 Ἐκ-

2083 2191 2315 2263 κλησίας
2340 2186 2484 2242 οὑτω
2505 2182 2746 2237 πιστεύω
2768 2177 2863 2231 καὶ
2889 2171 3091 2245 φρονῶ,
3123 2170 3199 2233 ὡς
3227 2169 3661 2240 προγέγραπται.

2096 2255 2239 2352 Ἐγὼ
2266 2279 2516 2349 Σιγέριος
2544 2271 2915 2347 πρεσϐύτερος
2940 2270 3040 2339 τῆς
3055 2262 3229 2332 αὑτῆς
3255 2260 3400 2315 οὑτω
3432 2255 3668 2311 πιστεύω

2086 2349 2185 2430 καί
2213 2371 2418 2446 φρονῶ,
2451 2369 2528 2432 ὡς
2553 2364 2991 2439 προγέγραπται.
3028 2353 3170 2424 Ἐγὼ
3204 2352 3418 2420 Ύγῖνος
3432 2349 3667 2410 διάκονος

2084 2467 2187 2537 τῆς
2215 2440 2391 2534 αὑτῆς
2427 2460 2572 2513 οὑτω
2604 2456 2849 2509 πιστεύω
2882 2452 2978 2506 καὶ
3007 2447 3213 2521 φρονῶ,
3256 2445 3333 2507 ὡς
3362 2440 3668 2515 προγέγρα-

2088 2530 2239 2612 πται.
2284 2530 2425 2622 Ἐγὼ
2449 2547 2809 2622 Ἡρακλείδης
2838 2536 3304 2607 ὑποδιὰκονοςτῆς
3335 2533 3511 2603 αὑτῆς
3533 2530 3669 2586 οὑτω

2089 2646 2333 2703 πιστεύω
2361 2643 2453 2697 val
2489 2640 2695 2713 φρονῶ,
2738 2638 2814 2701 ὡς
2851 2633 3294 2708 προγέγραπται.
3330 2624 3475 2696 Ἐγὼ
3500 2623 3673 2678 Ἐλπί-

2089 2742 2200 2806 διος
2219 2735 2576 2808 ἀναγνώστης
2595 2733 2623 2787 ό
2659 2730 2863 2800 ταύτης
2895 2726 3040 2782 οὑτω
3068 2721 3312 2779 πιστεύω
3340 2719 3436 2773 καὶ
3463 2715 3673 2789 φρονῶ.

2090 2833 2167 2897 ὡς
2201 2806 2641 2903 προγέγραπται.
2693 2820 2838 2890 Ἐγὼ
2879 2816 3160 2890 Κυριακδς
3210 2810 3529 2885 προστάτης
3582 2806 3673 2875 τῆς

2094 2924 2266 2995 αὑτῆς
2290 2920 2435 2975 οὑτω
2467 2916 2711 2971 πιστεύω
2744 2913 2841 2969 καὶ
2869 2909 3087 2983 φρονῶ,
3126 2907 3201 2971 ὡς
3237 2905 3675 2979 προγέγραπται.

2096 2992 2283 3070 Ταῦτά
2306 3016 2422 3067 ἐστι
2456 3010 2527 3065 τά
2548 3010 2641 3063 ὑπ’
2670 3004 2849 3060 αὑτῶν
2890 3002 3028 3074 πρὸς
3054 3000 3182 3061 τοὺς
3205 2993 3553 3068 όμλογητάς
3587 2992 3676 3044 καὶ

2021 3084 2068 3146 c
2098 3108 2246 3164 Πατέ
2257 3122 2355 3178 ρας
2382 3102 2685 3177 γραφέντα.
2710 3098 2774 3152 Et
2805 3096 2987 3151 τοίνυν
3013 3092 3238 3148 δύναται
3266 3087 3420 3159 παρά
3452 3083 3679 3139 συνετῶν

2097 3174 2331 3255 νοεῖσθαι
2356 3174 2711 3251 ὲννκαλλίοσιν
2736 3189 3024 3260 ὑπάρχειν,
3054 3184 3149 3239 καὶ
3168 3181 3233 3253 δὴ
3250 3181 3397 3235 οὑτω
3419 3174 3677 3247 τετάχθω.

2097 3292 2163 3344 El
2191 3290 2248 3343 δὲ
2272 3288 2368 3344 καὶ
2391 3288 2572 3341 ἐκεῖσε
2606 3281 2770 3339 πάλιν
2793 3279 2883 3333 διὰ
2909 3281 3009 3349 τῆς
3039 3279 3099 3332 ιν
3132 3274 3271 3344 αὑτῇ
3308 3274 3379 3343 τῇ
3422 3268 3681 3337 ἀπολογίᾳ

2098 3381 2354 3451 διαλογῆς
2385 3374 2649 3447 ἔσφαλται
2678 3390 2800 3429 τινα
2830 3370 2900 3425 τά
2924 3370 3026 3423 οὑκ
3051 3366 3186 3440 ὀρθά
3210 3363 3560 3436 ὑπάρχοντα,
3582 3359 3680 3412 πό-

2098 3475 2186 3528 λιν
2232 3450 2496 3534 ὡσαύτως
2521 3470 2636 3532 τοῖς
2677 3462 3004 3537 φιλομαθέσι
3029 3458 3295 3531 τετάχθω.
3342 3455 3431 3519 Ὠς
3460 3450 3558 3509 οὖν
3582 3450 3684 3504 τῶν

2102 3561 2515 3637 προειρημένων
2538 3559 2754 3613 πάντων
2772 3555 2873 3627 τὴν
2894 3553 3170 3623 ὑφήγησιν
3190 3545 3547 3619 διεξήλθομεν
3566 3543 3682 3612 περὶ

2110 3632 2203 3710 τοῦ
2238 3632 2406 3711 αὑτοῦ
2440 3648 2796 3722 Μαρκέλλου,
2850 3640 3261 3716 παρελεύσομαι
3313 3636 3411 3691 καὶ
3474 3632 3681 3694 τοῦτον,

2050 3820 2061 3833 ³
2105 3750 2203 3805 καὶ
2238 3745 2363 3821 [εἰς]
2392 3744 2492 3807 τάς
2524 3742 2651 3813 ἑξῆς
2678 3738 3143 3810 διασκοπήσομαι.

2591 3874 2784 3930 ΚΑΤΑ
2810 3867 3221 3933 ΗΜΙΑΡΕΙΩΝ,

2100 3996 2337 4065 Αἵρεσις
2351 3987 2736 4059 πεντηκοστὴ
2752 3985 2941 4056 τρίτη,
2964 3981 3003 4051 ἢ
3024 3980 3122 4036 καί
3141 3975 3495 4045 ἑπτακοστή
3513 3976 3682 4046 τρίτη.

2179 4109 2258 4160 A'.
2276 4105 2365 4159 Ἐν
2384 4106 2450 4175 τῇ
2476 4100 2570 4155 τοὺ
2600 4098 2737 4153 Θεοῦ
2757 4097 2985 4168 δυνάμει
3005 4092 3100 4148 τοῦ
3142 4090 3353 4163 Ἀρείου
3383 4088 3457 4143 τά
3485 4085 3685 4159 σχέτλια

2110 4196 2503 4270 διαρρήξαντες
2533 4192 2758 4247 καὶτῶν
2794 4192 2910 4263 μετ’
2941 4187 3127 4253 αὑτὸν,
3154 4180 3426 4238 Φωτεινοῦ
3458 4182 3519 4235 τέ
3540 4196 3683 4251 φημι.

431 4270 575 4365 mus.
606 4298 986 4372 inprimisque
1037 4290 1288 4356 Photini;
1335 4288 1431 4343 sed
1479 4293 1534 4342 et
1561 4284 1799 4339 Mareelli
1826 4282 1969 4352 prior

2112 4289 2249 4343 ἀλλὰ
2277 4288 2371 4342 καὶ
2399 4284 2722 4357 Μαρκέλλου
2744 4324 2760 4349 ,
2808 4283 2867 4335 ὲν
2909 4271 2954 4347 ᾧ
2991 4277 3158 4345 ὀλίγῳ
3194 4270 3343 4337 εδοξε
3386 4285 3688 4342 ⁸παρασεση-

431 4399 523 4452 illa
552 4392 950 4453 discussimus,
981 4388 1037 4443 in
1066 4385 1266 4457 quibus
1297 4380 1546 4438 nonnihil
1580 4378 1819 4433 titubare
1862 4374 1969 4428 visu

2113 4379 2360 4443 λεῦσθαι,
2386 4379 2423 4433 ἃ
2458 4378 2517 4446 ἐξ
2543 4377 2797 4448 ὑπαρχῆς
2820 4370 3111 4443 ἐξήμεσεν,
3140 4366 3219 4431 ὡς
3244 4367 3303 4418 ὲν
3335 4363 3479 4437 μέθῃ
3505 4366 3543 4417 ό
3567 4360 3689 4431 ἀνὴρ

430 4496 537 4553 est,
566 4500 795 4557 qumque
816 4481 973 4537 initio
1001 4449 1227 4548 perinde
1252 4484 1416 4545 atque
1436 4472 1701 4527 ebrietate
1726 4473 1969 4537 correpto

2121 4470 2455 4545 προληφθείς
2483 4468 2718 4538 (γένοιτο
2765 4467 2823 4520 δὲ
2847 4465 2975 4528 τοὺς
3005 4458 3171 4516 αὑτοῦ
3228 4457 3625 4530 διορθωθῆναι,
3650 4454 3691 4504 εί

433 4577 694 4635 evomuit.
728 4574 933 4645 (Atque
967 4546 1174 4627 utinam
1212 4568 1360 4622 illius
1390 4575 1713 4624 sectatores,
1742 4559 1969 4632 siquidel

2115 4578 2180 4633 γε
2204 4560 2580 4634 διορθώσοιντο
2598 4561 2611 4613 l
2631 4560 2669 4627 )·
2689 4556 2824 4612 ἀλλὰ
2844 4552 3067 4609 καὶτῶν
3092 4551 3152 4617 ὲξ
3174 4548 3337 4604 αὑτοῦ
3366 4548 3465 4601 τοῦ
3499 4546 3687 4616 Ἀρείου

436 4669 552 4725 tieri
579 4634 775 4735 potest,
803 4634 1222 4730 emendentur!)
1246 4657 1326 4711 Ad
1353 4657 1470 4710 haec
1493 4669 1616 4708 cum
1639 4651 1803 4724 845
1824 4658 1969 4705 exorl

2119 4653 2501 4725 γεγενημένων
2524 4657 2592 4704 τὰ
2622 4648 2838 4714 ζιζάνια
2864 4644 2954 4699 διὰ
2973 4643 3065 4698 τοῦ
3098 4642 3243 4695 θείου
3264 4640 3423 4708 λόγου
3450 4637 3546 4691 τοῦ
3568 4634 3689 4705 ὑπὲρ

437 4764 507 4818 ab
536 4763 767 4833 ipsomet
804 4756 936 4810 Ario
964 4753 1174 4808 zizania
1200 4728 1386 4815 verbo,
1438 4745 1583 4817 quod
1618 4752 1704 4800 est
1735 4743 1882 4798 omni
1911 4742 1969 4813 gl:

2122 4748 2307 4799 πᾶσαν
2340 4743 2617 4814 μάχαιραν
2641 4739 2892 4810 δίστομον
2913 4734 3226 4806 τομωτέρου
3261 4730 3587 4802 ὲκτεμάντες
3607 4728 3689 4798 τῆς

437 4856 529 4910 dio
563 4851 793 4922 ancipiti
823 4845 1218 4921 penetrabilius
1260 4845 1302 4909 ¹,
1337 4839 1726 4901 exciderimus,
1764 4836 1969 4892 COI'lSidt

2125 4834 2383 4903 ὲξαὺτοῦ
2421 4834 2516 4887 τοῦ
2550 4831 2761 4903 Ἀρείου
2795 4830 3026 4900 φυείσης
3059 4823 3382 4897 ὑλομανίας,
3407 4820 3692 4885 διασκοπή-

436 4947 670 5004 randum
696 4911 891 4997 .modn
942 4938 1104 4994 nobis
1158 4943 1262 5001 est,
1298 4929 1758 5005 quemadmodum
1785 4970 1798 4995 ,
1830 4927 1969 4999 pullt

2132 4943 2318 4996 σωμεν
2351 4924 2470 4987 πῶς
2503 4939 2651 4986 τινες
2708 4918 3158 4991 Ἦμιαρείζουσιν
3182 4954 3199 4981 ,
3248 4913 3463 4968 ἐκείνου
3512 4912 3607 4982 μὲν
3643 4911 3692 4963 τὸ

439 5043 586 5095 lante
615 5038 756 5092 mala
809 5035 901 5089 illa
946 5032 1062 5086 Arii
1104 5003 1477 5089 fruticatione,
1509 5038 1683 5097 genus
1742 5021 1969 5093 quodda‘

2121 5017 2293 5087 ὄνομα
2326 5013 2681 5086 ἀρνούμενοι,
2717 5012 2881 5068 αὑτὸν
2914 5010 2971 5063 δὲ
3012 5010 3107 5063 καὶ
3131 5007 3230 5079 τὴν
3265 5006 3433 5060 αὑτοῦ
3478 5003 3689 5057 κακοδοο

439 5130 933 5191 cmerscritsectae,
969 5138 1132 5195 quam
1166 5119 1634 5175 Semiarianorum
1660 5121 1873 5169 vocant.
1913 5110 1969 5177 Qi

2128 5110 2245 5174 ξίαν
2279 5106 2641 5178 ἐνδεδυμένοι,
2670 5101 3024 5177 προσχήματι
3055 5119 3160 5155 τινι
3188 5096 3572 5171 προσποιητιῖκ
3596 5095 3694 5147 ἐπι-

440 5226 657 5295 quidem
683 5223 807 5275 licet
834 5219 983 5273 illius
1034 5229 1232 5270 nomen
1259 5211 1496 5281 cjureut,
1531 5207 1785 5264 eumdem
1838 5204 1969 5275 ipsut

2126 5202 2455 5274 πλαζόμενοι
2479 5203 2500 5233 ⁸
2535 5203 2749 5263 ἑαυτοῖς
2777 5200 2840 5252 τὸ
2874 5197 3167 5269 πρόσωπον
3195 5191 3593 5263 ἠλλοιωμένον·
3630 5186 3693 5244 ὡς

442 5327 645 5379 tamen,
678 5328 743 5368 ac
772 5311 1096 5367 sceleratam
1134 5306 1281 5361 illius
1319 5302 1632 5372 opinionem
1670 5298 1927 5361 induunt,

2125 5300 2161 5368 ἡ
2193 5296 2300 5351 τῶν
2329 5296 2424 5348 ἐπὶ
2468 5295 2669 5366 σκηνῆς
2710 5292 3019 5347 πέπλασται
3077 5284 3498 5360 δραματουργία
3520 5323 3534 5347 ,
3570 5279 3691 5334 ὥστε

442 5407 702 5463 ementita
730 5403 965 5474 quadam
999 5400 1201 5470 specie,
1233 5411 1297 5451 ac
1329 5391 1478 5448 larva
1522 5391 1713 5445 faciem
1738 5404 1891 5442 suam
1926 5388 1969 5441 ο]

2128 5389 2499 5461 προσωπείοις
2524 5389 2734 5459 ἑτέροις
2754 5386 2853 5449 τὰς
2880 5383 3088 5439 ἑαυτῶν
3116 5382 3268 5452 δψεις
3315 5376 3691 5449 ἐπικρύπτειν.

445 5498 676 5562 ducunt,
704 5510 768 5549 ac
790 5495 1161 5551 dissimulant.
1212 5484 1534 5556 Cuiusmodi
1596 5483 1927 5537 histrionum

2130 5483 2223 5534 καὶ
2266 5481 2478 5535 ἔνδοθεν
2514 5480 2610 5532 τοῦ
2648 5478 2948 5550 προσώπου
2973 5476 3042 5530 τά
3067 5474 3168 5544 τῆς
3191 5471 3482 5542 κωμῳδίας
3510 5464 3691 5536 αίσχρά

445 5590 677 5646 theatris
712 5603 833 5642 esse
862 5587 1148 5641 consuevit
1185 5583 1329 5634 actio
1366 5599 1378 5635 :
1412 5578 1504 5648 qui
1540 5577 1642 5631 sub
1672 5574 1862 5630 alienis
1905 5590 1969 5627 νυ

2128 5590 2188 5627 τε
2214 5575 2306 5628 καὶ
2336 5573 2506 5645 μέθης
2543 5572 2753 5643 ἔμπλεα
2774 5568 3102 5642 διηγεῖσθαι,
3130 5568 3164 5639 ἦ
3195 5565 3370 5627 άλλως
3406 5564 3690 5634 (pepigitsz

527 5741 730 5798 ‘llebr.
767 5755 841 5805 tv,
880 5738 965 5792 l2.
1039 5739 1060 5769 ⁸
1102 5735 1163 5791 ιν.
1206 5732 1680 5801 ὲπιπλαοσόμενει.
