3798 6212
104 286 210 374 tos

695 307 1064 369 ADVERSUS
1096 300 1438 364 HERESES
1476 299 1604 355 LIB.
1639 298 1725 351 ιιι.
1767 297 1798 349 ἰ
1814 296 1932 352 0M.
1977 293 2404 352 I.—H.£RES.
2441 295 2674 353 LXXIII.

3255 296 3368 358 ισϐ

113 425 474 497 Ἐκκλησίας,
520 425 938 498 ἐκϐεϐλημένων
983 426 1092 481 τῶν
1141 424 1474 487 σκανδάλων,
1531 422 1681 494 είρη-

1805 413 1920 468 nini
1967 413 2145 470 nostri
2181 412 2488 471 Constantii
2531 414 2784 485 imperio,
2833 414 3128 471 conciliata
3160 415 3365 488 ubique

101 516 284 571 νεύειν
311 533 371 571 τε
397 519 496 572 καὶ
523 519 644 583 ταῖς
673 518 954 590 λατρείαις
985 517 1080 572 τοῦ
1115 518 1252 572 Θεοῦ
1283 517 1638 589 προσανέχειν
1665 533 1678 547 ο

100 610 290 683 ἐπειδὴ
322 610 402 675 δὲ,
435 612 511 676 ὡς
538 610 738 678 ἔοικεν,
778 613 840 666 οὐ
873 612 1106 666 παύεται
1139 614 1168 667 ὁ
1193 609 1438 673 διάϐολος
1463 609 1554 664 διὰ
1576 609 1682 663 τῶν

98 703 318 758 οίκείων
341 702 556 758 σκευῶν
585 704 904 770 σπουδάζων
929 705 1053 760 καθ’
1083 704 1294 768 ἐαυτὸν,
1325 703 1415 758 ἵνα
1441 702 1506 773 δὴ
1547 702 1684 757 πάν-

85 812 207 877 ιντως
231 795 304 850 τά
331 814 389 851 τε
429 799 561 869 περὶ
589 798 609 829 ¹
640 797 736 852 τοῦ
766 798 975 871 Κυρίου
1027 796 1438 870 προρρηθέντα,
1471 794 1568 849 καὶ
1595 795 1683 849 διὰ

97 887 192 942 τοῦ
221 889 384 957 ἁγίου
424 890 749 944 ’Δποστόλου
787 890 1084 962 σύμφωνα,
1130 889 1206 953 ὡς
1235 889 1327 943 ἐπὶ
1348 888 1682 960 προφυλακῇ

98 980 207 1034 τῶν
239 981 450 1036 πιστῶν
497 983 842 1055 κηρυχθέντα
880 986 958 1048 είς
988 983 1325 1038 ἀποστασίαν
1357 981 1680 1052 ἐργάσηται,

100 1071 342 1126 ἐπινοῶν
387 1077 712 1146 καινισμοὺς
758 1075 898 1130 κατὰ
939 1076 1041 1146 τῆς
1078 1073 1538 1146 ἐκκλησιαστικῆς
1593 1069 1681 1124 πί-

102 1181 300 1231 στεως,
331 1169 428 1222 καὶ
454 1166 548 1222 νῦν
573 1171 632 1240 ἐν
666 1168 945 1241 μορφώσει
982 1167 1138 1232 τινὰς
1163 1166 1444 1229 εὐσεϐείας
1471 1147 1684 1220 οίκεὶὡ-

103 1253 324 1320 σασθαι,
357 1257 452 1311 καὶ
480 1257 744 1329 βεϐήλους
767 1259 1130 1329 καινοφωνίας
1157 1258 1224 1312 δι’
1253 1256 1434 1312 αὐτῶν
1463 1256 1680 1327 ἐπινοῆ-

101 1347 372 1402 σαι’κατὰ
419 1351 519 1420 τῆς
555 1350 813 1416 εὐσεϐοῦς
844 1352 1192 1423 γνησιότητος
1229 1350 1324 1405 τοῦ
1361 1349 1682 1422 μονογενοῦς

101 1438 233 1493 Υἱοῦ
280 1441 378 1495 τοῦ
411 1441 568 1508 Θεοῦ,
615 1445 879 1517 πρότερον
919 1445 1017 1516 μέν
1059 1445 1347 1508 ἀκούοντες
1397 1444 1540 1499 κατὰ
1583 1445 1683 1514 τὴν

111 1531 445 1603 Ἀντιόχειαν
473 1535 775 1608 διατρέχειν
803 1537 956 1600 τινὰς
973 1577 988 1602 ,
1021 1537 1157 1592 ἀλλὰ
1182 1539 1276 1590 καὶ
1298 1537 1398 1609 τὴν
1436 1535 1684 1602 Ἀλεξάν-

99 1623 306 1694 δρειαν,
335 1625 418 1680 ἐτι
443 1644 503 1680 τε
531 1628 626 1682 καὶ⁹
651 1628 750 1700 τὴν
769 1629 988 1694 Λυδίαν,
1012 1629 1064 1682 εῐ
1085 1647 1144 1682 τε
1175 1630 1316 1685 κατά
1333 1629 1431 1700 τὴν
1474 1627 1680 1694 Ἀσίαν,

1785 507 1856 565 ab
1883 517 2007 565 ortu
2041 509 2109 565 ad
2155 523 2412 570 occasum
2449 508 2718 576 Ecclesia}
2757 511 3058 583 ejectisque
3087 510 3366 570 scandalis

1787 617 1975 674 pacem
2007 602 2278 667 obtinere,
2312 617 2378 658 ac
2409 602 2610 660 divinis
2635 603 2914 674 obsequiis
2948 604 3226 661 insistere.
3258 603 3364 660 Sed

1787 695 2072 765 quoniam,
2105 701 2166 748 ut
2192 693 2435 760 videtur,
2478 693 2752 760 diabolus,
2792 709 2911 763 quo
2937 694 3147 750 scilicet
3179 694 3364 750 omnia

1789 785 1903 852 illa,
1929 800 2050 856 quas
2078 799 2110 841 a
2140 783 2376 841 Domino
2415 785 2675 856 praedicta
2720 792 2872 851 sunt,
2903 792 2958 840 et
2993 783 3063 839 ab
3101 784 3362 854 Apostolo

1785 889 2157 935 consentanee
2202 878 2273 934 ad
2311 877 2553 935 ﬁdelium
2597 878 2906 935 cautionem
2948 877 3015 934 de
3057 876 3364 932 defectione

1785 969 2115 1041 praedicata,
2158 970 2228 1024 ad
2289 971 2494 1026 exitum
2538 968 2793 1037 deducat,
2844 968 3001 1024 novis
3033 968 3362 1039 quihusdam

1787 1062 2116 1119 commentis
2155 1070 2348 1118 contra
2401 1063 2774 1118 ecclesiastica
2818 1060 2941 1116 ﬁdei
2992 1061 3362 1116 sinceritatem

1784 1154 2078 1226 oppositis,
2119 1155 2173 1210 id
2203 1171 2366 1226 agere
2391 1155 2684 1225 molirique
2729 1169 2841 1210 non
2871 1153 3093 1219 desinit,
3127 1161 3186 1208 ut
3224 1170 3365 1209 non-

1785 1247 1953 1304 nullis
1998 1248 2180 1318 specie
2225 1249 2460 1318 quadam
2492 1245 2767 1302 ementitae
2809 1246 3025 1316 pietatis
3064 1246 3362 1316 adjunctis.

1785 1337 2044 1412 profanas
2067 1339 2332 1411 quasdam
2370 1354 2564 1395 vocum
2593 1340 2864 1395 novitates
2883 1378 2900 1404 ,
2937 1338 3202 1395 adversus
3231 1339 3364 1394 reli-

1785 1433 1995 1506 giosam
2038 1432 2305 1503 unigeniti
2348 1431 2443 1488 Dei
2476 1429 2599 1486 Filii
2643 1432 3054 1503 germanitatem
3095 1445 3192 1493 per
3240 1428 3378 1504 illos.

1785 1525 2076 1596 excogitet.
2093 1522 2229 1580 Cum
2251 1531 2306 1580 et
2329 1532 2486 1579 antea
2503 1523 2794 1580 nonnullos
2819 1522 3162 1577 Antiochiam
3187 1521 3362 1586 obire,

1789 1633 2003 1675 necnon
2039 1623 2094 1673 et
2123 1616 2509 1674 Alexandriam
2540 1630 2602 1670 ac
2637 1614 2885 1687 Lydiam,
2911 1622 2964 1670 et
2986 1613 3150 1686 847
3176 1613 3364 1668 Asiam

104 1714 192 1807 at
229 1715 498 1786 ἐμϐαλεῖν
541 1719 842 1792 σπινθῆρας
880 1721 1136 1786 ἀσεϐείας
1180 1724 1300 1787 ταῖς
1337 1723 1447 1778 τῶν
1485 1723 1680 1778 ἀπλουο

1805 1707 2156 1772 tudissemus,
2188 1707 2375 1778 ibique
2408 1707 2704 1778 impietatis
2725 1721 2839 1762 suae
2873 1706 3141 1761 scintillas
3171 1703 3362 1783 rudic-

100 1806 312 1878 στέρων
339 1809 559 1881 ψυχαῖς,
590 1812 886 1883 ἐλπίζομεν
924 1813 1012 1868 διὰ
1033 1815 1094 1867 τὸ
1124 1815 1397 1888 τολμηρὸν
1423 1817 1523 1887 τῆς
1563 1817 1684 1871 ἀσε-

99 1898 272 1964 ϐείας,
312 1902 411 1956 καὶ
441 1902 694 1958 τοσοῦτον
741 1905 957 1970 ἀναιδὲς
979 1906 1160 1962 αὐτῶν
1199 1909 1679 1982 ὑπερμαχοῦντων,

101 1991 193 2044 καὶ
215 1991 331 2047 τῶν
378 1994 521 2049 κατὰ
559 1995 723 2051 τόπον
749 1996 952 2068 κυρίων
996 1997 1444 2071 συλλειτουργῶν,
1479 2019 1685 2074 μαραν-

101 2081 260 2224 divtis:
297 2085 402 2156 τὴν
435 2087 825 2160 προνοηθεῖσαν
851 2090 1086 2163 αἵρεσιν,
1129 2091 1223 2145 καὶ
1253 2090 1546 2165 σϐεσθῆναι
1584 2094 1682 2166 τὴν

101 2185 205 2224 xu
231 2189 322 2224 αν.

98 2185 322 2227 κακίαν.

181 2437 408 2512 Ἐπειδὴ
440 2440 569 2512 ἑξῆς
615 2444 669 2498 οῖ
706 2461 769 2498 τε
802 2447 866 2502 ἐκ
908 2447 1014 2502 τῶν
1048 2452 1466 2521 προειρημένων
1505 2455 1686 2507 τόπων

103 2529 500 2604 ἐπιδημοῦντες
545 2539 640 2593 καὶ
680 2541 730 2594 oi
774 2540 883 2596 ἀπὺ
923 2541 1033 2596 τῶν
1077 2545 1220 2597 κατὰ
1271 2544 1332 2598 τὸ
1393 2544 1686 2618 Ἰλλυρικὸν

103 2623 566 2694 ἀπαγγέλλουσιν,
594 2629 670 2695 ὡς
715 2632 950 2705 σπουδὴν
985 2635 1229 2700 τιθέντες
1275 2637 1326 2689 οἱ
1359 2637 1548 2692 τούτου
1590 2637 1685 2692 τοῦ

108 2715 278 2770 κακοῦ
313 2717 624 2791 ἐξευρεταὶ,
651 2725 746 2778 καὶ
773 2725 1024 2792 πλείονας
1056 2727 1315 2798 βλάπτειν
1340 2730 1645 2802 τολμῶντες
1669 2774 1684 2800 ,

112 2806 201 2858 καὶ
226 2807 369 2878 πρὸς
395 2810 594 2866 κακίαν
618 2811 846 2886 ζυμοῦν,
869 2817 1052 2871 οὐκέτι
1081 2819 1439 2890 ἀνασχόμενοι
1467 2823 1687 2894 ὑπερτί-

105 2894 292 2951 θεσθαι
316 2937 334 2962 ,
396 2899 532 2955 ἀλλὰ
579 2903 674 2957 καὶ
720 2907 833 2969 τοῖς
892 2908 1218 2978 γράμμασιν
1268 2897 1688 2982 ἐντυγχάνοντες

1786 1815 1908 1855 rum
1943 1799 2142 1855 animis
2177 1799 2491 1864 immittere,
2523 1812 2721 1868 magna
2761 1814 2864 1854 nos
2899 1813 3025 1869 spes
3055 1807 3224 1862 tenet,
3264 1814 3364 1869 pro

1785 1900 1938 1948 tanta
1988 1891 2216 1949 sceleris
2265 1890 2518 1956 audacia,
2563 1905 2627 1946 ac
2682 1899 2791 1946 tam
2841 1892 3084 1961 projects
3145 1891 3363 1947 illorum

1786 1983 2144 2056 impudentia,
2176 1983 2224 2041 si
2253 1991 2306 2039 et
2344 1997 2466 2050 nos,
2497 1988 2551 2038 et
2596 1983 2691 2052 qui
2729 1983 2784 2036 in
2823 1983 2931 2037 illis
2962 1983 3096 2037 locis
3126 1983 3364 2038 ministri

1785 2075 2003 2132 Domini
2030 2090 2096 2130 ac
2119 2074 2342 2146 collegae
2389 2081 2540 2142 sunt,
2572 2072 2833 2130 Ecclesiae
2871 2075 3362 2145 propugnationem

1785 2166 2215 2238 susciperemus,
2248 2167 2524 2222 inventam
2563 2165 2710 2221 illam
2751 2181 2924 2235 nuper
2945 2165 3194 2221 haeresim
3239 2182 3366 2237 pro-

1785 2258 1997 2330 ﬂigari,
2055 2266 2220 2330 atque
2255 2272 2472 2314 omnem
2532 2256 2680 2312 illam
2745 2255 3151 2326 improbitatem
3205 2271 3368 2326 posse

1786 2351 2072 2422 restingui.

1856 2444 2128 2512 Quoniam
2167 2446 2298 2499 vero
2345 2451 2456 2498 tam
2513 2441 2582 2499 ab
2630 2441 2697 2500 iis
2740 2449 2961 2513 postea,
3003 2443 3097 2512 qui
3147 2458 3210 2497 ex
3262 2441 3369 2499 illis

1787 2541 1925 2598 locis
1959 2540 2067 2596 huc
2104 2539 2334 2612 proiecti
2366 2547 2514 2605 sunt,
2551 2554 2715 2610 quam
2746 2555 2811 2595 ex
2848 2537 3189 2610 Illyricorum
3227 2554 3370 2592 nun-

1788 2633 1882 2688 tiis
1911 2632 2247 2702 accepimus,
2280 2629 2408 2686 mali
2453 2631 2617 2702 hujus
2651 2640 2904 2686 auctores
2954 2645 3175 2686 omnem
3208 2630 3369 2684 indu-

1789 2726 1980 2780 striam
2031 2725 2327 2788 adhibere,
2377 2739 2444 2778 ac
2495 2724 2773 2795 plerisque
2825 2723 3122 2794 perniciem
3157 2723 3368 2776 machi-

1789 2818 1934 2884 nari,
1963 2831 2168 2887 eosque
2196 2815 2345 2872 velut
2400 2815 2726 2871 fermentum
2762 2815 3040 2886 quoddam
3065 2815 3133 2869 ad
3175 2814 3369 2884 nequi-

1789 2900 1919 2964 tiam
1960 2903 2274 2964 distendere
2299 2950 2314 2975 ,
2356 2922 2469 2962 rem
2505 2908 2648 2962 ultra
2695 2895 3048 2962 differendam
3085 2919 3208 2960 esse
3256 2920 3367 2958 non

85 2990 210 3052 τοῖς
241 2988 340 3042 τοῦ
368 2991 642 3065 ὁμοψύχου
665 2995 1078 3070 συλλειτουργοῦ
1102 3001 1260 3070 ἡμῶν
1285 3001 1558 3074 Γεωργίου
1590 3001 1683 3056 τοῦ

1805 3001 2130 3056 :ensuimus.
2159 3000 2264 3056 Sed
2303 3014 2428 3054 cum
2482 2999 2696 3056 litteras
2747 2999 2972 3071 insuper
3023 2999 3092 3054 ab
3121 2998 3368 3053 unanimi

108 3080 201 3160 τῆς
236 3081 564 3150 Λαοδικείας
600 3087 945 3161 Ἐκκλησίας,
976 3085 1051 3146 ὧν
1083 3094 1152 3147 τὰ
1188 3093 1454 3148 ἀντίτυπα
1484 3095 1683 3169 ὑπερά-

1805 3093 1999 3164 :ollega
2044 3099 2236 3148 nostro
2288 3091 2523 3162 Georgio
2566 3091 2824 3162 episcopo
2865 3089 3185 3146 Laodiceae
3213 3089 3368 3144 urbis

109 3173 296 3245 ξαμεν,
330 3176 447 3236 καὶ
494 3178 594 3243 τὰς
650 3183 957 3254 μαρτυρίας
1006 3186 1116 3240 τῶν
1159 3186 1682 3260 διαμαρτυραμένων

1805 3185 2220 3254 accepissemus,
2246 3198 2484 3254 quarum
2515 3183 2824 3253 exemplqu
2859 3181 2948 3237 bic
2984 3182 3365 3252 ascripsimus,

109 3265 240 3335 πρὸς
271 3265 430 3337 ἡμᾶς
457 3269 550 3322 ἐπὶ
590 3270 756 3338 Θεοῦ,
804 3272 1228 3344 εὐλαϐηθέντες,
1273 3275 1348 3340 ὡς
1391 3276 1621 3330 ἐνεδίδου
1657 3274 1683 3332 ὁ

1805 3285 1842 3334 ιι
1874 3292 2065 3333 eorum
2100 3275 2566 3340 denuntiationes,
2598 3277 2694 3346 qui
2724 3290 2907 3330 coram
2941 3273 3182 3330 Dconos
3209 3273 3367 3327 oble-

107 3361 323 3434 καιρὸς,
356 3364 459 3434 τῆς
485 3363 646 3433 ἁγίας
683 3366 899 3437 ἡμέρας
929 3365 1024 3420 τοῦ
1061 3366 1253 3439 Πάσχα
1294 3369 1682 3442 ἐπικειμένης,

1805 3368 2101 3433 stabantur,
2134 3373 2356 3423 τείνει-ιιι
2391 3381 2662 3430 essemus,
2696 3378 2796 3434 ι)Γο
2824 3378 2889 3419 ΘΟ
2921 3377 2985 3417 ac
3021 3376 3119 3433 per
3154 3369 3369 3431 tempus

108 3454 468 3525 συναχθέντες
506 3455 620 3509 ὅσοι
658 3473 722 3526 γε
754 3455 1100 3528 ἠδυνήθημεν
1148 3456 1287 3530 [καὶ]
1322 3459 1682 3530 συναχθῆναι,

1812 3459 1990 3515 icebat
2014 3498 2030 3526 ,
2083 3458 2403 3514 imminente
2441 3463 2798 3513 sacrosancto
2838 3453 3127 3510 Paschatis
3169 3453 3279 3516 die,
3312 3453 3366 3506 in

106 3546 186 3601 διὰ
209 3550 303 3603 καὶ
320 3547 450 3602 τδν¹
481 3549 725 3620 χειμῶνα
745 3551 859 3614 τοῖς
889 3549 1103 3614 πολλοῖς
1133 3549 1383 3621 ἐμποδὼν
1409 3551 1683 3621 γενέσθαι,

1805 3565 1961 3605 mum
1996 3548 2234 3615 collecti,
2261 3554 2531 3618 quotquot
2551 3547 2742 3602 adesse
2762 3545 3043 3617 potuimus
3065 3543 3227 3616 (nam
3251 3543 3367 3614 ple-

107 3638 176 3700 ὡς
191 3640 278 3695 διὰ
311 3640 430 3695 τῶν
451 3639 792 3714 γραμμάτων
815 3643 1120 3714 ἐσήμαναν,
1149 3642 1406 3698 ἐκθέσθαι
1430 3646 1510 3709 είς
1531 3645 1683 3700 τοῦτο

1805 3655 1992 3712 resque
2029 3640 2206 3697 hiems
2236 3639 2567 3704 interclusit,
2603 3645 2662 3693 ut
2689 3653 2754 3692 ex
2781 3651 2971 3692 eorum
3002 3634 3202 3690 litteris
3226 3630 3369 3688 didi-

107 3730 163 3784 τὸ
189 3727 328 3796 εἶδος
363 3731 476 3803 (46)
515 3733 614 3804 τῆς
647 3731 882 3798 πίστεως
910 3734 972 3788 τὸ
1017 3734 1211 3806 ίδίωμα
1247 3736 1683 3808 ἐσπουδάσαμεν,

1805 3731 2268 3802 :imus),operam
2305 3728 2581 3792 dedimus,
2607 3733 2666 3782 ut
2691 3726 2760 3782 ad
2782 3734 3060 3796 receptam
3095 3722 3222 3778 ﬁdei
3257 3721 3370 3778 for-

109 3821 224 3874 ὅσον
268 3823 371 3876 ἐπί
414 3825 526 3886 τοῖς
556 3824 784 3887 λοιποῖς,
813 3825 883 3896 τῇ
927 3823 986 3877 ἐν
1027 3824 1357 3898 Ἀντιοχείᾳ,
1404 3827 1482 3892 ὡς
1512 3851 1514 3854 ν
1545 3847 1682 3902 προ-

1805 3823 1992 3878 nulam
2029 3821 2310 3893 proprium
2345 3819 2629 3892 quiddam,
2667 3824 2831 3890 atque
2856 3815 3174 3888 expressius
3200 3813 3367 3869 adde-

109 3912 344 3984 ἔφημεν,
390 3911 670 3986 ἐκτεθείσῃ
703 3929 762 3966 τε
794 3913 975 3968 πίστει
1007 3917 1072 3986 τῇ
1119 3915 1177 3969 ἐν
1206 3916 1316 3981 τοῖς
1355 3917 1682 3985 ἐγκαινίοιςο

1805 3921 1962 3983 'etur,
2003 3920 2063 3968 ut
2109 3920 2233 3984 post
2269 3920 2496 3968 caeteras
2536 3911 2659 3966 ﬁdei
2695 3909 3090 3980 professiones,
3121 3921 3241 3962 eam
3281 3906 3368 3959 ni-

109 4003 237 4058 άλλὰ
264 4005 369 4058 καὶ
409 4005 469 4058 ἐν
497 4007 566 4076 τῇ
600 4005 838 4077 Σαρδικῇ
864 4046 878 4069 ,
910 4004 976 4076 ἣν
1008 4005 1296 4076 ἀνείληφεν
1321 4008 1354 4076 ἠ
1391 4009 1448 4060 ἐν
1471 4009 1683 4082 Σιρμίῳ

1805 4006 2010 4072 nirum,
2044 3992 2167 4077 quae
2208 4004 2510 4060 Antiochia
2547 4001 2651 4060 sub
2681 4001 2941 4058 Ecclesiae
2968 3998 3366 4055 dedicationem

113 4095 355 4159 σύνοδος,
407 4095 501 4148 καὶ
546 4096 660 4158 τοῖς
706 4095 913 4149 ἐκεῖθεν
966 4094 1282 4165 λογισμοῖς,
1330 4096 1683 4168 διαρθρώσειν

1805 4099 2069 4170 proposita
2108 4105 2233 4164 est;
2289 4112 2504 4152 necnon
2550 4104 2605 4152 et
2650 4096 2708 4150 in
2754 4093 3068 4150 Sardicensi
3135 4088 3365 4161 synodo,

112 4185 353 4257 ἀκριϐῶς
401 4185 500 4255 τὴν
544 4185 624 4248 είς
655 4183 752 4256 τὴν
790 4183 954 4252 ἁγίαν
995 4183 1202 4256 Τριάδα
1247 4185 1347 4256 τῆς
1390 4185 1683 4259 καθολικῆς

1805 4202 1950 4258 luam
1986 4186 2304 4242 Sirmiensis
2327 4186 2575 4256 amplexa
2608 4192 2731 4252 est;
2763 4190 2816 4239 et
2845 4182 2913 4238 ad
2945 4182 3188 4236 rationes
3220 4180 3364 4244 illas,

123 4275 449 4347 Ἐκκλησίας
490 4275 702 4329 πίστιν·
741 4275 877 4348 πρὸς
918 4275 976 4328 δέ
1017 4274 1196 4342 τοῦτο,
1239 4275 1315 4340 ὡς
1341 4276 1683 4350 προέφημεν,

1805 4293 1909 4350 piae
1955 4276 2012 4332 in
2064 4277 2215 4333 hisce
2261 4276 2512 4332 conciliis
2561 4275 2842 4345 eXplicataa
2885 4281 3034 4336 sunt,
3080 4270 3368 4326 catholica!

112 4371 201 4438 τῆς
247 4367 606 4438 καινοτομίας
667 4367 730 4420 τὸ
775 4365 912 4431 εἶδος
970 4367 1150 4438 μόνον,
1208 4367 1286 4432 ὡς
1336 4367 1569 4423 ἐνεδίδου
1595 4369 1681 4430 ,τὸ

1805 4368 2049 4426 Ecclesiae
2075 4368 2145 4423 de
2175 4375 2368 4424 sancta
2401 4366 2673 4423 Trinitate
2697 4365 2895 4436 dogma
2925 4363 3242 4420 distinctius
3270 4378 3367 4416 ex-

113 4457 354 4532 Πνεῦμα,
386 4459 881 4531 ὑπαγορεύσαντες.
913 4459 1024 4514 Καὶ
1053 4459 1480 4533 παρακαλοῦμεν
1513 4461 1679 4533 ὑμᾶς,

1805 4462 2053 4533 plicatum
2102 4475 2134 4514 a
2177 4459 2337 4515 nobis
2376 4459 2679 4515 accederet.
2718 4457 2782 4513 In
2815 4471 2924 4529 qua
2961 4455 3180 4528 quidem
3227 4468 3366 4508 nova

126 4549 300 4622 κύριοι
371 4549 690 4622 τιμιώτατοι
743 4550 1145 4624 συλλειτουργοὶ
1196 4552 1541 4623 ἐντυχόντες,
1599 4556 1683 4611 ὅτι

1805 4553 1917 4610 lidei
1956 4549 2326 4608 declaratiene
2368 4550 2505 4606 nihil
2533 4549 2679 4605 aliud
2722 4563 2887 4620 quam
2937 4546 3085 4619 quod
3128 4545 3366 4616 Spiritus

112 4642 379 4715 ἐράσθητε
393 4643 413 4675 ⁸
429 4647 494 4715 τῇ
514 4643 581 4699 ἐκ
603 4643 855 4717 πατέρων
879 4643 1246 4719 παραδοθείσῃ
1271 4645 1470 4710 πίστει,
1488 4648 1584 4702 καὶ
1607 4647 1683 4712 ὼς

1805 4647 2325 4717 ιειιοιυε.,ωεηιὶὶ)ιιε
2359 4644 2566 4702 nostris
2604 4642 2950 4714 suggerebat,
2998 4638 3212 4694 dictare
3246 4645 3364 4694 stu-

114 4730 374 4803 σύμφωνα
415 4734 544 4804 ὑμῖν
589 4734 915 4807 φρονοῦμεν,
952 4734 1028 4800 ὡς
1057 4737 1522 4809 πεπιστεύκαμεν,
1550 4740 1683 4794 ὑπο-

1805 4740 2029 4796 luimus.
2049 4738 2501 4808 Quocirca-etiam
2530 4745 2693 4809 atque
2725 4735 2889 4792 etiam
2913 4748 3017 4789 vos
3041 4745 3363 4804 precamur,

115 4823 484 4894 σημήνασθαι’
536 4824 624 4879 ῖνα
691 4825 1200 4899 πληροφορηθέντες
1255 4829 1304 4882 οἱ
1360 4827 1460 4900 τὴν
1509 4830 1680 4903 αὐτὴν

1805 4831 2127 4888 venerabiles
2171 4830 2378 4886 domini
2411 4843 2476 4884 ac
2513 4829 2758 4899 collega,
2792 4835 2854 4881 ut
2892 4825 3048 4880 lectis
3080 4823 3168 4878 his
3219 4821 3367 4875 litte-

111 4911 354 4968 ἀσέϐειαν
392 4915 708 4984 ἐπεισάγειν
731 4914 1060 4986 τολμῶντες,
1088 4917 1171 4971 ὅτι
1203 4916 1454 4990 καθάπερ
1482 4920 1681 4992 κλῆρόν

1805 4923 1886 4988 ·ἱε,
1919 4938 2043 4978 cum
2091 4921 2247 4976 vobis
2281 4919 2540 4975 traditam
2579 4934 2619 4974 a.
2656 4917 2960 4987 majoribus
3002 4913 3162 4968 ﬁdem
3211 4908 3364 4965 cordi

114 5019 222 5056 τινα
243 5004 342 5076 τὴν
385 5006 450 5059 ἐκ
474 5005 584 5060 τῶν
626 5005 999 5062 ἀποστολικῶν
1027 5009 1236 5082 χρόνων
1261 5011 1350 5067 διὰ
1380 5012 1488 5067 τῶν
1515 5014 1574 5067 ἐν
1603 5015 1683 5084 τῷ

1805 5030 1942 5082 isse;
1978 5022 2092 5068 tum
2120 5027 2224 5068 nos
2249 5012 2438 5068 eadem
2465 5011 2751 5067 vobiscum
2776 5007 3000 5071 sentire,
3025 5019 3088 5058 ac
3117 5000 3363 5074 proﬁteri

120 5091 254 5165 μέσῳ
294 5097 423 5169 ἄχρι
454 5095 550 5151 καὶ
584 5095 744 5168 ἡμῶν
787 5097 1048 5170 πατέρων
1077 5100 1467 5172 ὑποδεξάμενοι
1504 5105 1683 5159 πίστιν

1805 5107 2148 5179 ιίεηίίὶεειίεε
2193 5112 2251 5160 ιιι
2279 5105 2373 5176 qui
2424 5102 2758 5174 impietatem
2809 5099 2954 5153 illam
3000 5094 3364 5150 disseminare

120 5185 474 5260 φυλάσσομεν,
502 5189 537 5262 ἢ
567 5190 945 5261 αἰσχυνθέντες
972 5192 1430 5266 διορθωθήσονται
1450 5237 1466 5263 ,
1498 5196 1530 5268 ἢ
1564 5198 1683 5252 ἐπι-

1805 5214 1898 5255 ιοιι
1924 5204 2204 5262 verentur,
2237 5211 2362 5251 cum
2401 5193 2457 5249 id
2487 5201 2638 5249 certo
2662 5186 3054 5262 cempererint,
3089 5186 3234 5240 illam
3262 5198 3363 5240 nos

123 5275 360 5345 μένοντες
381 5280 812 5352 άποκηρυχθῶσι
849 5283 949 5353 τῆς
1003 5283 1332 5356 Ἐκκλησίας
1354 5325 1372 5351 ,
1407 5288 1508 5360 τὴν
1549 5289 1683 5343 ἀποο

1805 5292 1969 5356 idem,
2002 5305 2168 5362 quam
2217 5289 2287 5343 ab
2318 5285 2636 5358 apostolicis
2676 5283 2802 5338 inde
2837 5278 3200 5351 temporibus.
3231 5291 3364 5332 con-

121 5369 329 5426 στασίαν
355 5371 435 5444 τῷ
463 5371 564 5443 υίῷ
594 5373 693 5443 τῆς
726 5373 956 5440 ἀνομίας
976 5417 990 5443 ,
1019 5375 1079 5440 ὃς
1107 5375 1311 5449 τολμᾷν
1341 5378 1561 5434 ἀπειλεῖ
1585 5382 1676 5439 κα).

1806 5385 1996 5440 inuata
2025 5383 2096 5439 ad
2178 5384 2361 5448 patres
2389 5382 2607 5432 nostros
2633 5383 2807 5442 usque
2837 5365 3186 5428 successione
3207 5379 3360 5423 acce-

182 5533 196 5563 '
227 5533 285 5586 F.
313 5533 480 5604 παρά.
558 5535 578 5564 ²
614 5532 674 5587 F.
699 5533 760 5586 τὸ
791 5535 885 5588 καὶ
911 5534 1023 5593 τόν.
1102 5536 1121 5567 ³
1142 5537 1202 5592 F.
1228 5537 1526 5610 ὴράσθητε,
1574 5541 1670 5599 sed

1805 5558 1903 5599 'um
1965 5543 2217 5600 sincerus
2273 5543 2366 5600 hic
2393 5540 2570 5600 locus.

183 5689 655 5772 (lti)_‘_320ég09z
699 5691 786 5757 είς
824 5691 1002 5772 τοῦτο
1058 5693 1126 5747 τὸ
1166 5688 1348 5772 εἶδος.
1390 5691 1522 5772 Hoc
1562 5702 1646 5750 est

1806 5699 2073 5768 formula,
2127 5697 2577 5772 profcssioneque
2641 5696 2762 5754 ﬁdei
2813 5693 3135 5754 nominatim
3207 5690 3368 5764 ρέα.

123 5761 253 5823 Quod
277 5759 345 5818 ab
363 5760 636 5820 Melicis
661 5769 1029 5835 oppugnatur,
1057 5759 1384 5823 mentionem
1417 5764 1676 5834 adjicere.
