3822 6348
425 274 529 334 ιοπ
1808 273 1865 337 S.
1909 277 1934 336 E

2193 278 2245 339 [ll
3580 295 3702 349 608

424 396 630 471 pimus,
666 397 817 453 velut
858 389 1252 469 patrimonium
1284 402 1447 470 tueri,
1479 417 1545 458 ac
1573 403 1887 470 defendere,
1920 422 1933 453 ι

2215 406 2304 458 τὸν
2340 405 2469 458 ναὸν
2494 415 2590 459 του
2621 406 2758 460 Θεου
2802 406 3025 461 καθίσαι
3062 407 3166 481 ήδη
3190 447 3204 475 ,
3233 407 3303 464 δι’
3338 408 3532 468 ἑαυτὸν
3555 428 3706 485 προ-

428 490 635 559 pudore
671 489 850 546 aﬂ'ecti
891 491 959 544 ad
999 491 1278 548 meliorem
1305 504 1540 550 mentem
1573 511 1633 550 se
1674 496 1937 552 conferan

1132 508 1278 548 orem
1305 504 1540 550 mentem
1573 511 1633 550 se
1674 496 2001 562 conferant;
2107 496 2641 567 παρασκευάζοντες.

427 584 512 637 vel
554 584 600 639 si
647 583 701 637 in
740 584 1090 657 improbitate
1126 590 1438 670 persistant,
1477 588 1546 643 ab
1582 588 1831 646 Ecclesia
1873 591 2324 663 proscribautur;
2385 602 2575 664 utpote
2629 596 2722 666 qui
2790 597 3096 668 iniquitatis
3155 598 3292 663 tilio,
3362 599 3457 670 qui
3493 598 3575 656 vel
3628 600 3703 656 in

429 677 522 735 Dei
549 680 750 750 templo
782 680 967 736 sedem
1002 697 1157 745 suam
1183 684 1296 754 jam
1328 666 1477 739 nunc
1514 700 1573 741 se
1609 686 2005 745 collocaturum
2039 688 2282 742 minatur
2308 688 2349 751 ι,
2377 688 2741 745 defectionem
2774 706 2872 762 per
2886 666 3024 748 sese
3043 666 3390 762 comparent.

493 770 662 843 848
696 769 785 826 ιιι.
830 772 999 845 Igitur
1039 773 1172 829 ﬁdes
1216 783 1406 831 nostra
1458 775 1523 831 ad
1564 776 1776 833 Patrem
1812 786 1865 833 et
1911 776 2002 833 Fi-

2189 779 2251 833 F'.
2305 780 2369 833 Ἠ
2398 781 2580 845 πίστις
2607 781 2762 853 ἡμῶν
2786 784 2866 847 είς
2890 780 3111 856 Πατέρα
3135 783 3230 841 καὶ
3255 782 3385 845 Υίὸν
3411 783 3505 839 καὶ
3531 783 3698 851 ἅγιον

428 861 584 926 lium,
620 872 674 917 et
711 862 979 933 Spiritum
1018 873 1267 921 sanctum
1300 865 1556 924 refertur.
1594 866 1686 924 Sic
1717 870 1861 926 enim
1894 867 1936 923 D

2187 869 2331 941 εῦμα
2378 872 2447 942 (6)
2503 874 2673 928 ἐστιν.
2707 872 2862 935 Οὕτω
2902 874 3012 945 γὰρ
3045 874 3291 933 ἐδίδασκε
3323 877 3450 940 τοὺς
3490 873 3694 930 ἑαυτοῦ

428 953 610 1008 minus
640 962 827 1009 noster
865 953 1025 1010 Jesus
1060 957 1311 1015 Christus
1343 958 1645 1029 discipulos
1682 976 1814 1019 suos
1846 961 1937 1018 ins

2188 960 2358 1033 θητὰς
2398 965 2427 1017 6
2469 962 2666 1036 Κύριος
2714 964 2871 1036 ἡμῶν
2934 965 3141 1036 Ἰησοῦς
3197 967 3431 1039 Χριστὸς
3480 966 3692 1027 είπιίινο

427 1043 573 1097 luit:
616 1041 837 1108 Euntes,
885 1045 1093 1114 inquit,
1138 1046 1316 1105 docete
1358 1063 1534 1102 omnes
1584 1058 1780 1120 gentes,
1831 1052 1929 1119 bap

2185 1056 2501 1123 psvﬂértec
2520 1059 2937 1127 μαθητεύσατε
2982 1057 3183 1113 πάντα
3239 1059 3314 1119 τὰ
3359 1059 3541 1127 ἔθνη,
3567 1060 3694 1124 ,βα-

425 1146 607 1190 zantes
653 1154 739 1191 eos
780 1138 835 1190 in
882 1140 1091 1192 nomine
1132 1137 1347 1203 Patris,
1388 1149 1439 1192 et
1481 1137 1637 1205 Filii,
1671 1149 1722 1193 et
1768 1138 1932 1209 Spirit

2183 1146 2408 1215 [ζον-τες
2432 1149 2653 1216 αὐτοὺς
2684 1152 2771 1218 εἰς
2815 1151 2883 1206 τὸ
2913 1150 3099 1221 ὄνομα
3134 1149 3239 1204 τοῦ
3278 1152 3534 1223 Πατρὸς.
3580 1153 3692 1209 καὶ

424 1230 659 1283 sancti”.
703 1229 883 1296 Quare
924 1231 1017 1301 qui
1068 1232 1123 1286 in
1160 1231 1302 1285 hanc
1349 1229 1471 1286 ﬁdei
1524 1230 1757 1285 formam
1806 1232 1933 1287 itera

2181 1240 2213 1295 ὗ
2258 1242 2428 1309 Υίοῦ,
2457 1243 2555 1297 καί
2598 1243 2703 1299 τοῦ
2741 1244 2914 1316 ἁγίου
2958 1248 3326 1318 Πνεύματος.
3374 1246 3588 1301 υὺκοῦν
3633 1249 3690 1302 οἱ

425 1320 593 1390 geniti
644 1337 865 1388 sumus,
920 1324 1203 1385 nominum
1254 1323 1523 1394 ejusmodi
1581 1324 1831 1382 notiones
1873 1340 1930 1380 re

2188 1334 2541 1406 ιγεννώμενοι
2573 1338 2653 1400 είς
2682 1336 2888 1409 ταύτην
2908 1339 3006 1408 τὴν
3035 1340 3239 1399 πίστιν,
3274 1337 3517 1402 εὐσεϐῶς
3547 1341 3697 1393 νοεῖν

423 1413 576 1481 giose
607 1412 871 1469 debemus
928 1414 1197 1486 accipere.
1245 1412 1435 1486 Neque
1472 1414 1618 1469 enim
1669 1415 1845 1470 dixit:
1895 1415 1932 1469 Ε

2186 1443 2205 1489 ;
2251 1428 2314 1479 ὲκ
2361 1426 2462 1481 τῶν
2513 1428 2790 1499 ὀνομάτων
2843 1431 3048 1494 ἑννοίας
3095 1430 3402 1502 ὀφείλομεν.
3450 1430 3529 1485 οὐ
3578 1430 3695 1501 γὰρ

427 1505 691 1573 ptizantes
748 1523 835 1561 eos
891 1507 946 1561 in
999 1508 1118 1576 ejus
1152 1506 1372 1561 nomine
1401 1507 1494 1577 qui
1551 1506 1735 1563 carnis
1785 1522 1936 1577 expet

2183 1530 2258 1568 τε·
2285 1516 2675 1586 Βαπτίζοντες
2699 1520 2921 1586 αὐτοὺς
2941 1523 3020 1585 είς
3044 1521 3103 1574 τὸ
3128 1522 3297 1592 ὄνομα
3321 1520 3415 1578 τοῦ
3442 1522 3692 1592 ἀσάρκου

425 1611 649 1651 carnem
693 1598 907 1665 induit;
950 1614 1128 1669 neque
1178 1600 1505 1656 immortalis
1548 1608 1602 1655 et
1638 1606 1873 1655 mortem
1910 1614 1934 1654 e

2181 1609 2206 1662 ni.
2233 1608 2626 1680 σαρκωθέντος,
2648 1612 2683 1683 ἢ
2710 1612 2803 1666 τοῦ
2824 1612 3092 1669 ἀθανάτου
3118 1615 3211 1667 καὶ
3234 1614 3465 1668 Θανάτου
3489 1616 3690 1685 πεῖραν

425 1688 600 1755 perti;
627 1704 800 1758 neque
826 1689 1050 1761 ingeniti
1072 1700 1122 1745 et
1148 1691 1349 1762 geniti;
1376 1692 1471 1748 sed
1494 1693 1548 1746 in
1566 1692 1777 1746 nomine
1793 1689 1928 1745 Patr

2180 1699 2381 1765 δόντος,
2412 1702 2445 1773 ἢ
2475 1702 2570 1757 τοῦ
2604 1681 2900 1775 ἀνεννήτου
2932 1706 3025 1759 καὶ
3052 1704 3334 1776 γεννητοῦ,
3360 1704 3477 1759 ἀλλ’
3504 1681 3601 1775 sle
3620 1706 3689 1758 τὸ

424 1786 471 1831 et
510 1777 662 1845 Filii,
690 1790 741 1835 et
774 1780 1006 1852 Spiritus
1041 1785 1232 1850 sancti,
1270 1792 1326 1840 ut
1353 1786 1747 1857 appellationes
1781 1794 1933 1839 natur

2182 1789 2215 1846 ὗ
2242 1793 2493 1859 Πατρός,
2526 1793 2627 1847 καί
2658 1794 2766 1850 τοῦ
2822 1795 2959 1850 Υίοῦ
2979 1837 2995 1863 ,
3027 1798 3127 1851 καὶ
3158 1796 3264 1853 τοῦ
3301 1796 3474 1866 ἁγίου
3502 1798 3691 1851 Ili-cti-

425 1868 572 1926 libus
613 1888 678 1927 ex
729 1872 893 1930 rebus
942 1876 1245 1931 translatas
1284 1875 1600 1941 audientes,
1645 1874 1866 1932 Patrem
1920 1893 1934 1931 ε

2181 1899 2312 1948 ιτος,
2341 1882 2427 1937 ἵνα
2468 1884 2746 1956 ὀνομάτων
2774 1887 3209 1959 προσακούοντες
3246 1887 3354 1943 ἀπὸ
3387 1887 3497 1941 τῶν
3529 1904 3690 1957 φυσι-

425 1962 625 2019 similis
654 1973 863 2019 naturae
901 1966 1231 2037 principium
1268 1967 1679 2039 intelligamus;
1713 1967 1933 2039 itidemq

2184 1992 2242 2036 ιν,
2274 1972 2354 2045 [ἐν
2383 1971 2487 2048 οἷς]
2517 1977 2607 2029 τὸν
2635 1977 2855 2050 Πατέρα
2884 1978 3053 2032 αἴτιον
3079 1979 3269 2050 ὁμοίας
3304 1978 3467 2035 αὐτοῦ
3496 1978 3693 2043 οὐσίας

424 2053 551 2110 Filii
596 2072 793 2112 nomen
844 2058 1150 2125 audientes,
1199 2058 1396 2115 Filium
1446 2061 1567 2131 ejus
1615 2058 1817 2123 Patris.
1847 2061 1933 2131 cuj

2183 2064 2397 2135 ροῶμεν,
2436 2067 2531 2121 καὶ
2557 2067 2617 2122 τὸ
2654 2069 2823 2140 ὄνομα
2848 2069 2941 2123 τοῦ
2988 2068 3119 2123 Υίοῦ
3148 2069 3474 2134 ἀκούοντες,
3502 2070 3692 2141 ὅμοιον

426 2145 603 2203 Filius
634 2159 741 2215 est,
775 2150 1011 2229 similem
1045 2165 1169 2205 esse
1206 2151 1534 2221 cogitemus.
1579 2149 1872 2206 Credimus
1904 2152 1935 2222 ii

2181 2156 2391 2228 ῆσωμεν
2432 2159 2523 2213 τὸν
2558 2160 2686 2213 Υίὸν
2734 2160 2827 2214 τοῦ
2868 2161 3116 2232 Πατρδς,
3166 2155 3229 2214 οῦ
3261 2163 3409 2215 ἐστιν
3466 2164 3494 2217 6
3536 2162 3690 2226 Υἱός.

426 2249 520 2293 tur
553 2240 608 2294 in
655 2237 908 2305 Patrem,
950 2248 1005 2295 et
1039 2238 1240 2295 Filium
1264 2281 1279 2306 ,
1315 2248 1370 2295 et
1410 2240 1677 2311 Spiritum
1718 2250 1935 2297 sanetur

2185 2247 2554 2319 πιστεύσαμεν
2590 2245 2685 2303 οὖν
2727 2250 2808 2313 είς
2854 2251 3094 2322 Πατέρα,
3124 2252 3218 2304 καὶ
3234 2251 3381 2317 Υίὸν,
3406 2251 3502 2305 καὶ
3532 2251 3694 2318 ἅγιον

428 2344 540 2384 non
590 2331 645 2384 in
680 2337 983 2386 creatorem
1008 2370 1023 2393 ,
1066 2339 1121 2387 et
1165 2338 1496 2387 creaturam.
1544 2333 1706 2388 Aliud
1740 2332 1884 2387 enim
1924 2350 1937 2387 ι

2184 2333 2355 2403 νεῦμα,
2384 2334 2482 2388 οὐκ
2509 2336 2589 2399 είς
2615 2336 2838 2407 κτίστην
2864 2338 2958 2391 καὶ
2984 2340 3209 2410 κτίσμα.
3243 2340 3404 2393 Ἀλλο
3427 2339 3539 2410 γάρ
3570 2342 3693 2393 ἐστι

427 2431 647 2478 creator
685 2432 739 2479 et
774 2431 1048 2486 creatm‘a,
1094 2423 1242 2478 aliud
1295 2421 1455 2479 Pater
1502 2432 1555 2480 et
1600 2423 1789 2480 Filius.
1830 2423 1913 2480 Ob

2184 2425 2336 2496 ίστης
2358 2425 2450 2481 καὶ
2488 2427 2723 2497 κτίσμα,
2760 2428 2888 2482 ἄλλο
2930 2429 3123 2500 Πατὴρ
3170 2429 3265 2486 καὶ
3303 2431 3334 2483 6
3363 2430 3524 2494 Υἱός·
3552 2429 3693 2484 διότι

429 2522 726 2586 utrumque
772 2514 998 2571 notione
1045 2516 1164 2587 ipsa
1213 2522 1525 2586 separatum
1564 2526 1666 2571 est.
1712 2513 1846 2570 Nam
1882 2531 1938 2571 cc

2185 2515 2437 2589 χὼρισται
2491 2518 2696 2573 τούτων
2764 2518 3024 2592 ἑκάτερον
3078 2523 3144 2592 τῇ
3194 2520 3393 2592 ἐννοίᾳ.
3443 2520 3518 2575 Τὸ
3578 2519 3694 2593 γὰρ

426 2614 741 2661 creaturam
775 2606 922 2672 dico,
967 2607 1208 2679 priorem
1238 2621 1360 2662 esse
1397 2615 1701 2662 creatorem
1732 2605 1935 2678 signiﬂt

2183 2608 2314 2677 ίσμα
2347 2607 2542 2676 λέγων,
2570 2608 2787 2681 πρῶτον
2830 2609 3054 2683 κτίστην
3085 2611 3248 2682 φημί.
3283 2610 3395 2666 Καὶ
3428 2607 3655 2676 τδ,Υίδς
3677 2654 3692 2677 ,

427 2699 495 2752 At
530 2695 652 2751 Filii
701 2712 805 2752 vox
852 2712 920 2753 ex
965 2697 1132 2754 rebus
1174 2705 1438 2768 usurpata
1490 2698 1792 2768 corporeis.
1835 2706 1889 2752 et

2234 2699 2342 2754 ἀπὸ
2379 2700 2706 2772 σωματικῶν
2750 2702 3319 2775 προσλαμϐανόμενον,
3359 2703 3456 2759 καὶ
3495 2703 3591 2758 διὰ
3621 2703 3694 2757 τὰ

428 2788 810 2851 aﬂ'ectionibus
841 2791 968 2853 illis,
995 2806 1059 2845 ac
1076 2790 1357 2862 proﬂuviis
1380 2790 1649 2847 seminum
1664 2806 1784 2862 qum
1805 2789 1861 2845 in
1883 2804 1937 2845 cc

2185 2791 2259 2862 ιθη
2302 2792 2397 2845 καὶ
2437 2792 2536 2857 τὰς
2575 2794 2878 2866 ἀπορροίας
2920 2795 3030 2849 τῶν
3076 2794 3400 2866 σωματικῶν
3431 2795 3694 2868 πατέρων

428 2884 615 2955 poreis
653 2885 906 2954 patribus
957 2883 1197 2955 ﬁliisque
1231 2890 1555 2949 cernuntur,
1595 2892 1826 2954 purgata
1871 2899 1937 2955 qu

2183 2883 2205 2936 ’ί
2233 2883 2361 2937 υίῶν
2396 2884 2651 2957 καθαρῶς
2692 2888 2771 2950 είς
2802 2886 2902 2958 τὴν
2932 2886 3025 2940 τοῦ
3050 2885 3110 2952 ἐξ
3135 2886 3430 2959 ἀσωμάτου
3470 2886 3692 2958 Πατρὸς

428 2976 746 3041 dammodo,
802 2991 868 3031 ac
916 2974 1179 3031 defaecata
1228 2981 1466 3030 mentem
1515 2983 1757 3031 nostram
1810 2974 1866 3029 in
1898 2989 1932 3028 u

2187 2976 2404 3046 ωμάτου
2450 2974 2584 3029 Υίοῦ
2624 2975 2856 3048 ὓπαρξιν
2887 2976 3101 3049 ίστησιν
3132 2976 3360 3031 ἔννοιαν.
3396 2976 3499 3031 Διά
3528 2974 3696 3029 τοῦτο

430 3068 745 3138 incorporei
787 3065 909 3121 Filii
946 3066 1015 3121 ab
1068 3066 1396 3134 incorporeo
1434 3064 1596 3121 Patre
1646 3064 1935 3137 productio

2185 3067 2332 3140 ἱτὴν
2370 3066 2463 3121 τοῦ
2496 3068 2795 3137 κτίσματος
2845 3068 2953 3123 ἀπὸ
2995 3068 3306 3139 σωματικοῦ
3345 3067 3694 3140 παρέπλεξεν

429 3160 639 3232 deligit.
693 3160 1040 3230 QuaprOpter
1073 3166 1340 3214 creaturae
1375 3173 1595 3229 quoque
1643 3174 1711 3213 ex
1745 3172 1811 3213 eo
1860 3172 1938 3226 qu

2181 3174 2339 3211 νοιαν.
2381 3158 2491 3213 Καὶ
2518 3159 2704 3232 ἐπειδὴ
2732 3159 2792 3213 τὸ
2824 3160 3030 3230 κτίσμα
3057 3160 3085 3212 ὃ
3115 3161 3257 3213 ποιεῖ
3285 3158 3305 3190 ³
3338 3158 3463 3211 Υίδν
3501 3157 3690 3229 μόνον,

430 3264 756 3319 corporeum
797 3256 902 3312 est,
951 3247 1274 3302 translatam
1319 3247 1599 3302 notiOnem
1653 3243 1902 3315 illigavit.

2186 3246 2218 3300 ὺ
2240 3247 2332 3301 τοῦ
2364 3248 2581 3303 κτίστου
2612 3248 2820 3303 καὶτοῦ
2850 3248 3148 3319 κτίσματος
3178 3246 3357 3301 λαϐὼν
3384 3245 3447 3299 τὸ
3480 3244 3695 3309 ἀπαθὲς

431 3341 696 3413 quoniam
746 3348 1014 3413 creatura}
1054 3340 1203 3395 nuda
1249 3339 1392 3393 ratio
1430 3334 1628 3390 Filium
1669 3335 1940 3389 constitue

2177 3338 2206 3392 ῦ
2227 3338 2523 3403 κτίζοντος,
2546 3340 2622 3404 ὡς
2640 3340 2776 3413 πρὸς
2789 3341 2850 3393 τὸ
2872 3342 3099 3411 κτίσμα,
3126 3338 3332 3392 καὶτοῦ
3360 3338 3686 3409 κτίσματος,

432 3435 643 3505 nequit,
671 3449 703 3489 a
733 3441 982 3489 creatore
1008 3440 1062 3488 et
1085 3438 1337 3489 creatura
1365 3428 1611 3501 quaadam
1643 3442 1934 3483 secernens

2203 3429 2264 3494 ἐξ
2291 3428 2534 3493 ἀπαθοῦς
2560 3429 2655 3484 τοῦ
2702 3430 2978 3495 κτίζοντος
3007 3428 3317 3501 ὑφεστῶτος
3346 3428 3546 3495 πάγιον
3574 3427 3694 3480 κτί-

431 3534 679 3582 creatore
709 3525 995 3589 nimirum,
1029 3525 1074 3580 si
1100 3522 1167 3578 ad
1202 3530 1509 3579 creaturam
1554 3519 1844 3583 referatur,
1879 3532 1940 3588 pa

2177 3540 2246 3585 .w,
2280 3521 2530 3576 ἐϐούλετο
2552 3521 2574 3552 ⁵
2599 3520 2807 3577 τελείαν
2836 3523 2899 3575 ὲκ
2945 3521 3039 3576 τοῦ
3088 3518 3398 3591 σωματικοῦ
3476 3520 3686 3592 πατρὸς

433 3618 606 3674 siouis
652 3629 931 3688 expertem
983 3623 1220 3681 statum;
1255 3629 1285 3668 a
1332 3622 1584 3669 creatura
1624 3627 1755 3667 vero
1793 3611 1942 3666 tirmu

2178 3613 2217 3668 t‘t
2267 3615 2478 3683 υίου,ὲκ
2509 3612 2822 3684 σωματικοῦ
2859 3613 3075 3667 κτίστου
3104 3614 3198 3665 καὶ
3226 3611 3546 3681 κτίσματος,
3572 3610 3687 3679 ,τὴν

435 3707 719 3781 quiddam,
748 3714 803 3763 et
855 3706 1115 3769 solidum,
1167 3706 1314 3776 quod
1358 3704 1426 3760 ab
1469 3712 1693 3777 experte
1736 3704 1944 3774 passior

2189 3705 2245 3776 pi.
2291 3706 2504 3776 Πατρδς
2546 3706 2641 3757 καὶ
2678 3704 2812 3759 Υίοῦ
2865 3703 3120 3777 καθαρῶς
3168 3703 3315 3775 ἡμᾶς
3367 3699 3691 3755 ἐπαίδευσεν

436 3806 687 3853 creatore
725 3796 1033 3868 profectum
1073 3806 1180 3863 est,
1211 3804 1323 3852 tam
1376 3811 1407 3850 a
1440 3810 1707 3866 corporeo
1754 3793 1918 3849 Patre

2180 3812 2341 3850 νοιαν.
2381 3796 2815 3869 Ἀφαιρουμένου
2855 3797 2964 3868 γὰρ
2994 3795 3101 3850 ἀπὸ
3143 3794 3237 3848 τοῦ
3268 3794 3569 3863 κτίσματος
3597 3788 3689 3844 τοῦ

435 3887 594 3952 Filio,
613 3903 777 3959 quam
809 3904 840 3943 a
869 3898 1118 3945 creatore
1145 3898 1201 3946 et
1226 3895 1502 3951 creatura,
1525 3885 1820 3956 perfectam
1850 3885 1944 3939 nol

2208 3885 2404 3950 ἔξωθεν
2432 3886 2740 3956 ὑφεστῶτος
2763 3888 2856 3941 καὶ
2888 3889 2981 3943 τοῦ
3008 3885 3214 3949 ὑλικοῦ,
3240 3887 3334 3939 καὶ
3358 3883 3468 3937 τῶν
3492 3881 3687 3946 ἄλλων,

436 3995 500 4035 ac
527 3979 798 4035 sinceram
827 3979 895 4036 de
920 3979 1084 4037 Patre
1112 3977 1362 4049 Filioque
1387 3977 1639 4034 notitiam
1670 3975 1939 4032 informav

2180 3994 2219 4031 α
2246 3979 2375 4048 περὶ
2403 3978 2425 4010 ⁵
2471 3977 2785 4049 σωματικοῦ
2812 3978 3108 4050 κτίσματος
3141 3978 3202 4032 τδ
3229 3976 3401 4047 ὄνομα
3427 3974 3689 4045 περιέχειν

436 4070 650 4126 Etenim
695 4072 744 4128 si
792 4087 824 4127 a
856 4079 1111 4128 creatura
1158 4078 1340 4127 certas
1385 4069 1678 4143 qualitates
1718 4067 1945 4124 exemeri

2179 4067 2260 4139 ivq
2289 4068 2399 4123 ἀπὸ
2423 4067 2519 4123 τοῦ
2564 4068 2864 4139 κτίσματος
2894 4068 3044 4140 μένει
3072 4069 3106 4138 ἡ
3134 4065 3374 4137 ἀπαθὴς,
3401 4064 3568 4136 φημὶ,
3595 4058 3688 4115 τοῦ

437 4161 609 4229 velut,
646 4161 793 4232 quod
827 4170 983 4217 extra
1024 4168 1331 4218 creatorem
1381 4158 1672 4222 subsistat,
1699 4156 1846 4230 quod
1884 4171 1946 4212 cu

2183 4160 2437 4231 ίσματος,
2461 4160 2557 4214 καὶ
2582 4160 2766 4214 τελεία
2796 4158 2889 4214 τοῦ
2917 4158 3258 4230 κτιζομένου,
3284 4158 3377 4211 καὶ
3396 4156 3456 4211 ὃν
3480 4156 3503 4188 ⁸
3528 4152 3692 4227 11606-

437 4253 666 4309 materia
709 4260 963 4310 concreta
1010 4253 1102 4317 sit,
1145 4252 1362 4324 aliaque
1405 4250 1461 4307 id
1506 4266 1702 4324 genus,
1732 4264 1854 4321 quae
1883 4262 1946 4304 co

2115 4251 2240 4305 λετο
2271 4253 2300 4304 6
2331 4252 2530 4317 κτίζων
2560 4250 2840 4317 κτίζεσθαι
2869 4250 2933 4304 τὸ
2963 4250 3299 4322 κτιζόμενον,
3330 4249 3530 4303 ἒννοια.

438 4360 615 4415 porca:
658 4351 925 4401 creaturae
961 4345 1252 4416 appellatio
1279 4343 1547 4408 continet,
1592 4343 1707 4398 sola
1747 4341 2007 4412 deinceps
2057 4342 2331 4414 supererit
2381 4357 2412 4396 a
2452 4342 2709 4412 passione
2750 4351 2960 4399 remota
2998 4341 3350 4414 perfectaque
3401 4344 3687 4404 creatura,

437 4436 667 4505 ejusque
699 4451 860 4506 quem
894 4445 1111 4493 creator
1139 4436 1421 4509 procreari
1449 4434 1704 4498 voluerit,
1733 4433 1906 4488 notio.
2048 4499 2061 4509 '

511 4529 567 4584 Si
603 4531 768 4601 igitur
794 4546 824 4584 a
864 4538 1112 4585 creatore
1151 4536 1206 4584 et
1236 4536 1490 4584 creatura
1537 4526 1841 4597 segregatis
1886 4524 2015 4580 reli-

2188 4518 2251 4570 Ei
2277 4510 2368 4571 οῦν
2395 4518 2502 4571 ἀπὸ
2526 4518 2620 4573 τοῦ
2644 4519 2863 4573 κτίστου
2887 4518 2981 4573 καὶ
3005 4516 3100 4572 τοῦ
3134 4517 3432 4590 κτίσματος
3458 4518 3530 4575 τά
3559 4521 3688 4577 ἄλλα

440 4622 594 4692 quis,
638 4622 859 4676 unicam
919 4621 1066 4675 illam
1122 4619 1401 4679 notionem
1458 4615 1794 4686 deligamus,
1831 4629 1937 4686 qua

2176 4608 2283 4662 Ξιλιν
2326 4608 2676 4672 ἐκϐάλλοντες
2697 4648 2712 4673 ,
2744 4608 2846 4679 τὴν
2892 4606 2953 4672 ἐξ
2981 4606 3227 4671 ἀπαθοῦς
3252 4606 3348 4661 τοῦ
3377 4608 3685 4675 κτίζοντος,

442 4710 721 4783 passionis
753 4718 975 4781 experte
1004 4708 1379 4780 perfectoque,
1421 4723 1487 4763 ac
1526 4707 1710 4763 stabili
1748 4713 1951 4761 creator

2179 4700 2213 4751 ιὶ
2242 4699 2447 4753 τελείου
2478 4715 2537 4752 τε
2556 4739 2572 4765 ,
2606 4699 2804 4768 παγίου
2830 4737 2845 4765 ,
2882 4699 2978 4752 καὶ
3004 4693 3116 4753 οἷον
3141 4697 3395 4753 ἐϐούλετο
3437 4695 3579 4753 εἶναι
3627 4700 3688 4754 τὸ

442 4810 497 4857 et
542 4798 809 4870 ejusmodi
856 4798 1131 4871 denique,
1177 4797 1487 4868 cujusmodi
1538 4805 1847 4852 creaturam
1897 4811 1951 4850 es

2179 4789 2325 4860 τῐσμα
2344 4828 2360 4854 ,
2414 4789 2582 4861 μόνην
2640 4789 3060 4861 λαμϐανομένην
3110 4788 3341 4856 ἔννοιαν,
3397 4790 3688 4846 ἀκόλουθόν

442 4892 638 4955 voluit,
672 4890 971 4947 derivatam
1003 4890 1152 4946 illam
1187 4889 1554 4961 concipimus.
1591 4888 1761 4965 849
1787 4904 1951 4945 conse

2175 4898 2276 4935 mv
2291 4879 2399 4935 ἀπὸ
2424 4879 2519 4934 τοῦ
2548 4881 2763 4953 Πατρδς
2790 4882 2885 4935 καὶ
2910 4878 3005 4933 τοῦ
3028 4879 3160 4933 Υίοῦ
3180 4880 3481 4951 ὀνομάτων,
3503 4883 3684 4957 ἐπειδὴ

444 4993 664 5039 taneum
703 4990 808 5047 est,
835 4992 894 5038 ut
930 4998 997 5037 ex
1025 4981 1207 5037 Patris
1230 4980 1465 5054 Filiique
1495 4982 1745 5049 vocibus,
1775 4981 1953 5052 quand

2173 4974 2356 5028 άλιστα
2382 4977 2461 5038 είς
2485 4974 2703 5048 Πατέρα
2735 4975 2831 5028 καὶ
2855 4973 2982 5026 Υίὸν
3009 4972 3287 5027 πιστεύειν
3313 4974 3682 5048 ἐδιδάχθημεν.

445 5072 664 5143 quidem
691 5073 747 5128 in
773 5071 1015 5141 Patrem,
1048 5088 1113 5128 ac
1144 5071 1343 5127 Filium
1374 5073 1600 5128 credere
1636 5073 1907 5143 praecipue
1933 5072 1954 5126 ὀ

2180 5067 2264 5121 ίαν
2300 5064 2391 5123 οῦν
2420 5086 2538 5123 τινα
2570 5066 2807 5131 εὐσεϐῶς
2838 5066 3131 5139 λαμϐάνειν
3174 5068 3322 5139 ἡμᾶς
3346 5066 3557 5123 ἔννοιαν
3590 5070 3682 5124 δεῖ.

444 5165 703 5229 dicimus,
734 5164 1006 5230 eamdem,
1044 5173 1103 5221 ut
1137 5166 1257 5235 pios
1290 5179 1354 5219 ac
1387 5165 1676 5235 religiosos
1714 5164 1889 5228 decet,
1922 5179 2021 5218 no-

406 5252 409 5255 ’
445 5255 622 5308 titiam
651 5254 995 5308 hauriamus.

514 5343 599 5399 ιν.
644 5344 1006 5410 Quamobrem
1040 5347 1085 5400 si
1115 5346 1168 5400 in
1203 5360 1264 5401 re
1293 5347 1590 5417 proposita,
1623 5348 1674 5401 in
1709 5345 1870 5402 Patre
1897 5346 2015 5400 dis-

2194 5341 2266 5395 A'.
2307 5340 2397 5392 Διδ
2433 5339 2527 5397 καὶ
2564 5338 2657 5390 ἐπὶ
2690 5336 2863 5404 τούτῳ
2903 5332 3298 5403 ὲκϐαλλομένου
3337 5330 3430 5385 τοῦ
3463 5332 3607 5386 κατὰ
3631 5332 3686 5385 τὸ

444 5448 754 5502 cernamus,
803 5435 856 5489 id
899 5436 1045 5506 quod
1095 5437 1372 5492 adltazrere
1418 5437 1576 5501 solet,
1621 5445 1678 5491 ut
1716 5452 1837 5491 cum
1883 5453 1951 5506 qu

2176 5433 2331 5497 άθος,
2368 5432 2400 5501 ἢ
2445 5428 2756 5502 ἀπορροὴν,
2798 5428 2890 5480 τὸν
2937 5427 3158 5497 Πατέρα
3205 5426 3416 5497 πατέρα
3456 5423 3685 5478 νοεῖσθαι

498 5610 822 5738 ἑηίΠηδεε.
853 5630 913 5679 ιι,
953 5613 1007 5668 4.
1082 5616 1103 5649 ⁸
1137 5614 1327 5669 Matth.
1362 5631 1555 5682 xxvm,
1602 5616 1684 5671 19.
1766 5616 1785 5645 ³
1819 5612 1880 5668 Ρ,
1915 5614 2007 5667 οὐ.

547 5719 563 5735 ι
594 5697 718 5734 θεον.
1880 5708 1887 5713 ι

2234 5609 2257 5640 ⁸
2285 5606 2344 5664 F.
2383 5609 2473 5662 καὶ
2507 5601 2617 5662 οἷον
2649 5607 2917 5670 ἐϐούλετο,
2975 5612 3033 5658 ιιι
3060 5603 3224 5657 intra.
3302 5606 3322 5636 ⁵
3355 5602 3416 5658 ιε’.
3456 5604 3676 5679 ὅσαπερ.

449 5681 469 5713 .
498 5680 563 5735 lc.
594 5674 718 5734 Οἷθνο
902 5674 909 5679 ν
1539 5674 1553 5682 ⁷
1880 5708 1887 5713 ’
