3798 6212
161 293 251 352 ιω
762 290 1132 349 ADVERSUS
1171 266 1515 350 IIEHESES
1545 293 1674 351 LIB.
1716 298 1805 355 Ill.
1846 296 2011 354 TOM.
2056 296 2183 351 1.-
2222 296 2493 353 IUERES.
2537 298 2769 356 LXXIII.

3283 310 3385 369 ΗΟ

156 413 243 473 τοῦ
268 410 409 477 Υίοῦ,
438 412 532 466 καὶ⁵
550 410 644 466 τὸν
669 410 802 466 Υῐδν
837 411 911 484 μὴ
949 413 1338 485 σπερματικῶς
1364 414 1688 489 κατασεσλη.

1831 417 1933 472 lam
1964 416 2268 481 affectione,
2311 414 2689 488 proﬂuvioque
2737 415 2862 473 Filii
2918 430 3071 486 pater
3116 422 3387 498 intelliga-

88 572 95 581 ι
158 509 302 579 μόνον
340 510 670 576 σωματικοῖς
715 502 932 574 φύσεως
964 503 1298 559 τελειοῦσθαι
1324 546 1339 572 ,
1388 505 1483 561 καὶ
1520 523 1703 560 κινου-

155 600 320 672 μένοις
338 597 425 653 ἀεὶ
450 597 590 670 πρὸς
615 595 785 669 αὔξην
816 596 913 651 καὶ
959 595 1167 668 φθορὰν
1188 638 1204 662 ,
1231 596 1307 661 ὡς
1327 598 1397 651 τὰ
1416 599 1701 669 σωματικά

151 694 279 762 ἔχειν
320 692 445 755 τοὺς
483 691 867 762 χαρακτῆρας,
909 689 1044 761 μόνη
1075 690 1563 763 παραληφθήσεται
1611 692 1700 746 ἐν-

150 800 255 837 νοια
283 782 372 836 τοῦ
402 782 611 853 ὁμοίου.
649 782 738 845 Ὦς
761 781 870 853 γὰρ
899 780 1009 835 ἀπὸ
1040 780 1136 836 τοῦ
1176 782 1503 853 κτίσματος,
1538 783 1702 838 πάλιν

148 874 383 947 ἐροῦμεν,
416 874 633 928 πάντων
670 872 1105 944 ἐκϐεϐλημένων,
1139 873 1463 945 παρελήφθη
1497 876 1531 944 ἡ
1557 875 1701 930 ἀπα-

148 967 233 1038 θὴς
270 966 365 1036 μὲν
390 965 486 1019 τοῦ
532 964 835 1030 κτίζοντος,
869 963 1049 1018 τελεία
1072 1005 1087 1028 ,
1118 965 1213 1016 καὶ
1258 964 1375 1017 οἵαν
1414 964 1696 1034 ἠϐούλετο,
1737 998 1752 1031 ι

144 1060 229 1113 καὶ
277 1058 310 1127 ἡ
359 1057 532 1126 παγία
566 1056 661 1110 τοῦ
713 1056 1011 1125 κτίσματος
1045 1070 1061 1087 ⁸
1116 1053 1259 1109 οὕτω
1307 1054 1403 1108 καὶ¹
1454 1055 1548 1109 ἐπὶ
1600 1056 1696 1109 τοῦ

146 1149 336 1219 Πατρὸς
366 1148 463 1203 καὶ
517 1146 684 1212 Υίοῦ,
742 1144 1155 1217 ἐκῦεϐλημένων
1202 1145 1311 1201 τῶν
1366 1146 1698 1218 σωματικῶν

143 1242 374 1304 πάντων,
411 1239 902 1312 παραληφθήσεται
952 1241 1087 1311 μόνη
1121 1242 1155 1310 ή
1205 1240 1393 1309 ὁμοίου
1432 1239 1528 1293 καὶ
1575 1240 1695 1294 κατ’

139 1334 309 1387 οὐσίαν
334 1330 474 1397 ζώου
492 1332 890 1404 γενεσιουργία.
919 1330 1139 1402 Ἐπειδὴ
1164 1332 1273 1395 πᾶς
1298 1330 1477 1403 πατὴρ
1503 1330 1696 1401 ὁμοίας

137 1424 309 1487 οὐσίας
343 1423 509 1478 αὐτοῦ
541 1426 739 1476 νοεῖται
766 1424 969 1494 πατήρ.
999 1422 1064 1475 El
1096 1421 1155 1476 δέ
1187 1421 1326 1491 μετὰ
1353 1422 1461 1475 τῶν
1492 1421 1697 1475 λοιπῶν

140 1513 375 1566 ἁπάντων
401 1551 416 1576 ,
452 1512 517 1565 ἐκ
546 1529 606 1564 τε
659 1510 756 1565 τοῦ
811 1510 1019 1583 πατρὸς
1050 1511 1144 1564 καὶ
1191 1509 1310 1563 υἱοῦ
1368 1509 1696 1580 σωματικῶν

136 1605 399 1676 ὀνομάτων
428 1603 842 1675 ἐκϐαλλομένων
870 1602 1087 1657 ἐννοιῶν
1105 1642 1122 1665 ,
1164 1600 1574 1656 συνεκϐάλλοιτο
1601 1601 1697 1655 καὶ

133 1700 163 1767 ἡ
199 1697 350 1768 ὁμοία
383 1697 504 1751 κατ’
547 1696 733 1749 οὐσίαν
767 1694 906 1760 ζὼου
949 1694 1164 1766 Πατρὸς
1213 1694 1529 1767 παρέχουσα
1560 1696 1696 1766 ἡμῖν

1803 516 1925 575 tur;
1960 516 2015 562 et
2044 504 2242 561 Filium
2274 505 2425 560 nullo
2462 509 2674 563 semine
2718 518 3073 581 propagatum
3109 518 3387 588 concipia-

1762 664 1768 669 ν
1802 612 1925 652 mus
1968 597 2187 665 animo;
2222 612 2401 668 neque
2428 597 2722 667 ejusmodi,
2758 608 2818 653 ut
2850 604 3129 671 corporeis
3176 616 3385 665 naturze

1798 689 2015 745 viribus
2048 689 2349 754 adolescat,
2389 698 2444 746 et
2495 688 2565 745 ad
2614 691 3032 758 incrementum,
3078 700 3357 769 corruptio

1799 792 2037 850 nemque
2070 778 2311 834 vicissim
2343 785 2609 843 transeat,
2634 794 2756 850 quae
2783 789 2914 835 sunt
2936 785 3169 853 propriae
3198 803 3382 845 rerum

1799 883 2188 940 corporearum
2241 878 2385 925 nota:
2426 887 2443 925 :
2490 869 2595 933 his,
2648 870 2894 941 inquam,
2947 874 3383 949 circumscriptis

1797 960 2075 1028 omnibus,
2110 960 2245 1015 nihil
2286 969 2487 1031 praeter
2520 962 2718 1019 similis
2763 964 3043 1019 notionem
3074 965 3380 1027 habebitur.

1799 1049 1872 1108 Ut
1898 1052 2045 1108 enim
2088 1067 2214 1107 cum
2252 1067 2282 1106 a
2312 1061 2565 1108 creatura
2609 1054 2757 1125 (nam
2791 1054 2844 1109 id
2881 1054 3062 1112 denuo
3116 1068 3385 1131 repetenv

1797 1142 1929 1199 dum
1972 1144 2077 1214 est)
2110 1145 2447 1201 exclusimus
2487 1147 2693 1212 omnia,
2729 1163 2899 1202 unum
2948 1150 3083 1206 illud
3139 1156 3383 1226 sumpsi-

1796 1251 1954 1290 mus:
1988 1236 2044 1290 in
2073 1237 2340 1305 creatore}
2356 1234 2573 1307 quidem
2606 1245 2811 1293 statum
2836 1239 3127 1309 quemdam
3172 1246 3383 1315 passio-

1795 1328 1883 1384 nis
1910 1338 2219 1399 expertem;
2255 1328 2310 1383 in
2338 1339 2590 1385 creatura
2628 1345 2760 1385 vero
2804 1331 3125 1401 perfectam,
3161 1344 3215 1391 et
3244 1353 3382 1407 qua-

1796 1418 1900 1475 lem
1933 1418 2186 1473 conditor
2211 1418 2406 1484 voluit,
2440 1434 2506 1475 ac
2534 1421 2767 1476 solidam
2796 1431 3006 1479 natura:
3034 1426 3377 1496 qualitatem:

1757 1532 1774 1548 ο
1809 1509 1891 1563 sic
1925 1508 1979 1563 in
2034 1508 2251 1565 Patrem
2290 1516 2345 1565 et
2388 1509 2611 1576 Filium,
2658 1516 2939 1583 corporeis
2976 1518 3233 1573 omnibus
3266 1534 3386 1574 am-

1796 1600 2023 1671 putatis,
2067 1603 2231 1658 unica
2282 1601 2500 1665 similis,
2524 1602 2667 1674 quod
2717 1605 2784 1659 ad
2817 1607 3114 1662 essentiam
3163 1610 3380 1676 attinet,

1796 1691 2052 1747 animalis
2084 1692 2369 1761 generatio
2411 1692 2765 1749 transfertur.
2800 1694 2964 1752 Pater
2997 1698 3142 1751 enim
3180 1700 3266 1754 sui
3301 1700 3377 1753 si-

132 1766 295 1854 νοεῖν,
341 1788 529 1842 οὐκέτι
567 1788 721 1842 ἔσται
760 1789 951 1860 Πατὴρ
1001 1789 1096 1841 καὶ
1123 1786 1252 1850 Υἱὸς
1286 1766 1688 1856 πιστευόμενος,

1831 1782 1943 1837 tilis
1996 1783 2322 1840 substantiae
2388 1790 2541 1856 pater
2574 1799 2606 1838 a
2651 1786 2811 1841 nobis
2845 1788 3189 1860 intelligitur.
3225 1791 3381 1858 Quod

132 1874 254 1927 ἀλλὰ
303 1874 530 1945 κτίστης
584 1875 680 1928 καὶ
733 1876 941 1945 κτίσμα
966 1915 981 1942 ,
1031 1875 1125 1929 καὶ
1164 1872 1396 1945 περιττὰ
1431 1874 1693 1946 ὀνόματα,

132 1965 286 2036 μηδὲν
306 1966 440 2038 παρ’
473 1967 681 2021 ἐαυτῶν
713 1968 1096 2040 είσφερόμενα.

1789 1875 1839 1930 si
1865 1889 1970 1928 una
2012 1889 2141 1931 cum
2180 1876 2397 1931 caeteris
2447 1876 2705 1933 omnibus
2763 1879 3103 1948 notionibus,
3150 1899 3272 1953 qua:
3313 1898 3382 1939 cx

1800 1965 1972 2033 patris
2005 1971 2062 2019 et
2122 1963 2215 2019 ﬁlii
2261 1965 2579 2023 nominibus
2609 1983 3000 2037 corporearum
3040 1987 3225 2026 rerum
3252 1989 3383 2043 pro-

129 2058 253 2129 priis
285 2059 620 2129 cogitatione
650 2060 1043 2131 praedicuntur,
1091 2068 1304 2117 naturae
1340 2074 1562 2132 quoque
1593 2056 1849 2112 animalis
1887 2071 2011 2111 cum
2070 2056 2231 2111 Patre
2293 2057 2596 2113 similitudo
2644 2061 2887 2128 tollatur,
2944 2078 2975 2118 e
3019 2079 3127 2133 qua
3170 2064 3375 2120 intelli-

130 2149 274 2220 gendi
323 2151 593 2207 rationem
637 2167 855 2209 omnem
890 2152 1166 2221 ducimus,
1192 2152 1409 2209 Patrem
1456 2150 1694 2222 amplius
1722 2149 1958 2209 nullum.
1992 2154 2088 2201 aut
2119 2145 2317 2201 Filium
2348 2164 2472 2205 esse
2512 2149 2831 2207 credemus:
2898 2153 2994 2210 sed
3049 2163 3378 2227 creatorem,

127 2259 185 2301 ac
220 2255 549 2315 ereattram,
586 2256 641 2305 et
691 2264 1098 2320 supervacanea
1143 2249 1393 2321 quaedam
1436 2249 1685 2313 nomina,
1718 2258 1842 2318 qua:
1869 2243 2009 2300 nihil
2040 2259 2137 2315 per
2166 2245 2350 2315 seipsa
2386 2245 2696 2303 conferant.

187 2365 291 2419 Καὶ
318 2363 475 2419 ἔσται
508 2364 683 2430 οὕτως
709 2365 933 2439 κτίστης
971 2367 1071 2439 μέν
1098 2366 1175 2433 ὡς
1204 2367 1356 2435 Θεὸς,
1390 2368 1508 2422 κατ’
1535 2365 1690 2421 οὐδὲν

125 2458 247 2521 ὅλως
273 2459 486 2532 Πατήρ.
519 2458 642 2513 ’Ότι
666 2458 776 2531 γὰρ
802 2460 902 2513 οὐκ
939 2461 1218 2532 ἐνεργείας
1259 2460 1477 2530 λέγεται
1500 2459 1689 2532 Πατὴρ

124 2548 150 2600 ὁ
177 2548 394 2621 Πατὴρ,
431 2548 548 2602 ἀλλ’
588 2550 780 2621 ὁμοίας
829 2549 1005 2621 ἐαυτῷ
1037 2551 1226 2615 οὐσίας
1257 2551 1356 2624 τῆς
1408 2549 1551 2605 κατὰ
1587 2550 1688 2622 τὴν

124 2641 315 2695 τοιάνδε
342 2642 624 2715 ἐνέργειαν
652 2642 994 2715 ὑποστάσης,
1028 2643 1187 2715 δῆλον
1214 2645 1283 2699 ἐκ
1312 2642 1421 2699 τῶν
1443 2644 1688 2716 φυσικῶν

125 2733 415 2806 καθέστηκε
466 2734 759 2807 λογισμῶν.
794 2736 1002 2801 Πολλὰς
1038 2736 1150 2809 γάρ
1178 2736 1456 2809 ἐνεργείας
1490 2737 1629 2808 ἔχων
1657 2739 1688 2795 ὁ

122 2825 258 2893 Θεδς,
289 2828 427 2901 ἄλλῃ
461 2827 559 2899 μὲν
584 2827 832 2901 ἐνεργείᾳ
854 2829 1077 2901 κτίστης
1107 2832 1326 2895 νοεῖται,
1357 2830 1493 2884 καθὸ
1523 2830 1688 2902 ούρα-

122 2918 201 2971 νοῦ
230 2919 323 2973 καὶ
349 2920 479 2989 γῆς,
512 2919 605 2972 καὶ
644 2920 860 2973 πάντων
890 2919 999 2973 τῶν
1027 2922 1084 2974 ἐν
1120 2921 1330 2987 τούτοις
1354 2939 1369 2953 ·
1412 2922 1550 2976 ἀλλὰ
1586 2922 1683 2976 καὶ

120 3010 214 3064 τῶν
245 3011 498 3082 ἀοράτων
529 3010 751 3084 κτίστης
781 3012 916 3067 ἐστί.
947 3013 1138 3087 Πατὴρ
1159 3013 1215 3067 δὲ
1242 3015 1580 3086 Μονογενοῦς
1606 3016 1683 3072 ὣν

120 3101 205 3172 οὐχ
249 3100 323 3165 ὡς
350 3102 615 3175 κτίστης,
660 3103 775 3157 ἀλλ’
809 3103 885 3169 ὡς
940 3105 1122 3178 πατὴρ
1159 3108 1427 3179 γεννήσας
1459 3111 1679 3164 νοεῖται.

1864 2361 1943 2418 Ita
1976 2361 2067 2418 tlet
2099 2369 2158 2417 ut
2202 2361 2346 2419 Deus
2380 2372 2600 2420 creator
2627 2364 2721 2432 sit,
2767 2381 2870 2422 nec
2920 2367 3031 2422 ulla
3066 2376 3251 2426 tamen
3292 2387 3382 2428 ra-

1794 2455 1945 2515 tione
1979 2454 2050 2510 sit
2080 2453 2261 2511 Pater.
2295 2454 2451 2520 Quod
2481 2456 2628 2511 enim
2672 2455 2834 2514 Pater
2857 2475 2966 2514 non
2999 2459 3174 2531 ipsius
3209 2464 3382 2519 actio-

1793 2547 1901 2614 nis,
1934 2548 2030 2604 sed
2064 2556 2277 2603 naturae
2316 2547 2606 2617 cujusdam
2652 2548 2875 2615 similis,
2921 2567 3044 2623 quae
3088 2568 3187 2625 per
3232 2554 3379 2612 illam

1793 2636 2067 2694 actionem
2101 2639 2343 2704 exsistit,
2378 2638 2541 2695 Pater
2573 2641 2899 2711 appelletur,
2930 2644 3212 2703 naturales
3247 2647 3382 2720 ipsa:

1796 2729 2041 2785 rationes
2106 2729 2387 2786 evidenter
2436 2731 2756 2788 ostendunt.
2810 2730 2948 2788 Nam
3008 2748 3134 2790 cum
3206 2742 3380 2798 multa

1791 2840 1961 2896 penes
1991 2822 2161 2881 Deum
2190 2825 2470 2881 actionum
2519 2841 2720 2898 genera
2765 2829 2897 2893 sint,
2935 2828 3039 2883 alia
3073 2838 3159 2886 est
3208 2833 3376 2899 actio,

1789 2932 1897 2989 qua
1927 2927 2231 2973 creatorem
2271 2917 2652 2989 intelligimus,
2691 2927 2964 2990 quatenus
3012 2921 3139 2976 cmli
3177 2929 3373 2980 terrae-

1788 3027 1917 3083 que.
1950 3017 2006 3067 ct
2038 3026 2159 3080 quae
2202 3010 2288 3067 his
2334 3011 2691 3068 continentur
2736 3013 3005 3079 omnium,
3052 3030 3266 3071 necnon
3316 3024 3374 3071 et

1788 3117 1980 3157 eorum
2018 3118 2142 3173 quae
2172 3101 2346 3158 videri
2388 3111 2689 3173 nequeunt,
2722 3114 2942 3160 creator
2969 3114 3074 3161 est.
3111 3105 3378 3164 Eumdem

119 3191 245 3244 Εὶδέ
290 3192 380 3246 διὰ
432 3192 533 3265 τὴν
585 3194 839 3250 ὑπόνοιαν
870 3196 971 3267 τὴν
1006 3174 1135 3270 περὶ
1171 3174 1684 3271 Ῠτουςτσωματικοὺς

1831 3208 1918 3249 ero
1947 3194 2097 3249 unici
2120 3192 2243 3249 Filii
2281 3204 2563 3265 parentem
2613 3210 2727 3250 non
2761 3203 3021 3267 tanquam
3050 3206 3374 3264 creatorem,

118 3282 341 3354 πατέρας
368 3301 431 3337 τε
465 3285 560 3338 καὶ
584 3286 753 3354 υἱοὺς,
784 3287 893 3341 τῶν
917 3287 1105 3341 παθῶν
1132 3289 1318 3355 δεδιὼς
1352 3292 1425 3363 μή
1454 3310 1508 3347 τι
1530 3293 1683 3371 πάθῃ

116 3375 303 3444 γεννῶν
334 3378 365 3429 ὁ
410 3376 703 3449 ἀσώματος
726 3420 743 3444 ,
774 3381 824 3433 εί
860 3380 936 3453 μὴ
961 3381 1150 3446 ἀτελὲς
1188 3384 1273 3455 εἴη
1302 3384 1362 3440 τὸ
1402 3384 1679 3458 γεννώμε·

116 3482 212 3531 νον,
241 3469 333 3535 καὶ
381 3470 487 3524 ὅσα
532 3470 816 3541 συμϐαίνει
847 3473 975 3545 περὶ¹
999 3473 1091 3527 τὸν
1124 3475 1437 3545 σωματικὸν
1466 3476 1681 3548 πατέρα

114 3574 165 3610 τε
191 3562 280 3613 καὶ
320 3562 440 3617 υἱὸν
468 3562 883 3634 εὐλαϐούμενος,
916 3565 1171 3635 ἀφέλοιτο
1203 3567 1303 3639 τὴν
1335 3568 1563 3639 γνησίαν
1587 3568 1681 3627 ἐπὶ

115 3651 307 3724 Πατρὸς
339 3657 438 3708 καί¹
492 3654 623 3708 Υίοῦ
662 3655 869 3711 ἔννοιαν
896 3698 913 3724 ,
966 3659 1147 3713 ὁποῖον
1197 3657 1264 3713 ἂν
1300 3658 1448 3728 λέγοι
1494 3660 1680 3733 ἕτερον

113 3746 331 3818 minim,
365 3749 468 3802 καὶ
495 3748 751 3803 οὐδέποτε
780 3750 897 3821 ἐρεῖ
931 3749 1024 3804 τὸν
1052 3751 1180 3805 Υίὺν
1208 3750 1357 3809 Υίόν.
1409 3752 1534 3805 Εἴτε
1571 3752 1681 3822 γάρ

1782 3284 1878 3340 sed
1926 3294 2189 3356 tanquam
2241 3293 2475 3355 patrem,
2532 3287 2627 3357 qui
2666 3288 2879 3358 genuit,
2924 3304 3050 3344 esse
3090 3291 3378 3360 cognosci-

1782 3391 1927 3432 mus.
1959 3374 2162 3433 Verum
2195 3378 2244 3435 si
2291 3385 2518 3449 propter
2546 3378 2719 3446 illam,
2748 3394 2913 3451 quam
2962 3389 3147 3436 mente
3186 3382 3379 3441 conci-

1782 3471 1985 3539 pimus,
2048 3471 2331 3540 corporeis
2387 3472 2439 3525 in
2468 3468 2719 3542 patribus
2788 3486 2855 3529 ac
2906 3467 3035 3528 ﬁliis
3105 3473 3378 3529 conditio-

1779 3574 1905 3613 nem
1962 3559 2316 3629 passionibus
2367 3558 2686 3623 obnoxiam,
2719 3569 2976 3615 vereatur
3034 3559 3258 3630 aliquis,
3304 3575 3376 3617 ne

1782 3650 1829 3707 si
1862 3651 2114 3722 corporis
2139 3666 2336 3721 expers
2375 3650 2518 3707 Deus
2545 3665 2809 3722 generare
2850 3649 3089 3719 dicatur,
3120 3651 3376 3723 quaedam

1780 3742 1831 3801 ei
1864 3742 2138 3797 tribuatur
2166 3741 2404 3807 ail‘ectio,
2440 3750 2536 3798 aut
2564 3743 2766 3813 ipsum,
2799 3741 2947 3815 quod
2969 3744 3236 3815 gignitur,
3272 3745 3377 3801 im-

1782 3832 2087 3905 perfectum
2146 3841 2474 3899 censeatur,
2517 3847 2581 3887 ac
2631 3840 2830 3888 caetera
2872 3833 2940 3889 id
2994 3850 3201 3906 genus,
3252 3849 3378 3907 qua

119 3839 318 3907 μεγέθει
352 3839 764 3911 ὑπερϐάλλοντα
788 3840 965 3910 λέγοι,
1010 3841 1087 3907 ὡς
1135 3842 1364 3915 οὐρανὸν
1411 3844 1604 3914 ὅρους,
1643 3843 1679 3915 ἢ

1786 3936 2054 3995 corporeo
2098 3922 2245 3990 patri
2298 3921 2522 3993 filioque
2550 3922 2903 3990 conveniunt,
2932 3925 2979 3979 si
3012 3925 3090 3990 id,
3124 3926 3373 3996 inquam,

114 3929 318 3999 βουνοῦ,
353 3930 455 3985 τοῦ
503 3932 611 3987 τῶν
636 3933 957 4005 ποιημάτων
985 3934 1174 4003 γένους
1207 3934 1370 3989 αὐτὸν
1390 3974 1404 4000 ,
1436 3934 1538 3990 κᾶν
1586 3952 1682 4007 με·

112 4021 247 4086 γέθει
300 4022 659 4094 ὑπερϐάλλων
702 4026 908 4088 νοοῖτο,
963 4022 1199 4091 ἐλέγξειο
1249 4023 1360 4077 εἴτε
1411 4023 1571 4095 χρείᾳ
1604 4024 1681 4088 ὡς

113 4112 311 4184 πρῶτον
335 4114 505 4168 αὐτὸν
532 4113 811 4183 γεγονότα,
848 4114 956 4167 εἴτε
994 4116 1074 4178 είς
1100 4113 1198 4185 τὴν
1227 4113 1399 4169 ἄλλων
1423 4114 1682 4186 δημιουρ-

114 4202 225 4268 γίαν
269 4204 697 4276 ύπουργήσαντα
722 4245 737 4271 ,
782 4200 907 4256 οὔτε
938 4203 1098 4258 αὐτὸν
1127 4203 1298 4267 οὕτως
1328 4203 1433 4269 ἔξω
1461 4206 1680 4275 ποιήσει

111 4291 203 4364 τῆς
227 4294 333 4348 τῶν
366 4295 694 4367 ποιημάτων
722 4295 950 4359 ἐννοίας.
992 4295 1079 4359 Ὠς
1115 4295 1226 4367 γὰρ
1256 4295 1406 4349 ούδέν
1437 4294 1680 4367 διαφέρει

112 4388 164 4440 τὸ
202 4392 264 4460 τῇ
301 4388 482 4443 λα6ίδι
530 4390 595 4443 ἐκ
623 4388 717 4441 τοῦ
751 4388 1135 4461 θυσιαστηρίου
1184 4388 1277 4441 τὸν
1324 4387 1569 4459 ἄνθρακα
1604 4387 1679 4459 μὴ

113 4479 233 4552 αὐτῇ
254 4483 319 4554 τῇ
350 4482 501 4554 χειρὶ
518 4480 911 4552 λαμᾶάνεσθαι,
936 4482 1029 4535 καὶ
1053 4480 1144 4534 διὰ
1168 4477 1373 4553 ταύτης
1399 4480 1432 4550 ἡ
1458 4478 1682 4549 χαλκευ-

1831 4489 1918 4537 uo,
1961 4475 2049 4529 vel
2078 4475 2219 4533 colle
2266 4476 2447 4548 majus
2485 4485 2598 4546 est,
2628 4478 2695 4533 ad
2725 4493 2953 4549 operum
3004 4481 3377 4541 nihilominus

112 4542 233 4644 τικη
258 4574 273 4603 ⁸
429 4542 750 4626 ἐπελαύνειν
782 4572 873 4626 τὸν
897 4542 1115 4643 σίδηρον
1141 4588 1155 4604 ο
1194 4542 1492 4643 εσταὶήγὰῇ
1513 4570 1608 4625 καὶ
1643 4571 1677 4642 ἡ

1831 4565 2175 4631 mditionem,
2210 4542 2592 4638 quantumvis
2617 4542 2998 4641 magnitudine
3039 4574 3377 4634 antecelleru

112 4663 284 4733 λασὶς,
318 4667 420 4720 καὶ
462 4666 492 4718 ὁ
543 4664 632 4719 διὰ
676 4667 879 4737 ταύτης
927 4664 1283 4736 ἐλαυνόμενος
1317 4663 1536 4736 σίδηρος
1583 4660 1678 4716 τοῦ

1831 4659 1929 4724 :lit,
1959 4659 2211 4715 eumdem
2246 4661 2401 4716 illum
2427 4660 2671 4731 abjiciet.
2708 4661 2838 4718 Sive
2862 4679 2967 4721 usu
3010 4672 3066 4722 et
3098 4666 3373 4738 obsequio

112 4756 284 4823 γένους
338 4758 454 4813 τῶν
513 4759 835 4829 ποιημάτων
867 4774 882 4789 ο
921 4756 1095 4821 οὕτως
1147 4756 1301 4811 οὐδὲν
1325 4756 1515 4811 διοίσει
1567 4755 1679 4812 τῶν

1831 4762 2044 4809 raestare
2073 4753 2288 4811 caeteris
2308 4753 2461 4821 velit,
2494 4754 2642 4825 quod
2680 4755 2890 4827 reliqua
2910 4757 3095 4813 omnia
3142 4773 3372 4828 praeces-

114 4851 418 4923 ποιημάτων
454 4851 484 4903 ὁ
509 4850 579 4903 δι’
610 4845 671 4904 οὗ
698 4850 767 4903 τὰ
799 4848 1006 4915 πάντα,
1046 4850 1094 4901 εί
1127 4848 1201 4920 μὴ
1232 4847 1378 4902 ἐστιν
1405 4848 1531 4911 Υἱός
1555 4865 1570 4881 ο
1603 4848 1681 4913 ὡς

1831 4842 1943 4907 arit,
1998 4852 2054 4899 et
2108 4844 2177 4899 ad
2225 4859 2415 4900 eorum
2462 4845 2882 4916 productionem
2939 4863 3161 4918 operam
3210 4864 3373 4907 suam

112 4942 142 5011 ἠ
186 4945 386 5015 φυσικὴ
436 4941 620 4996 ἔννοια
676 4941 989 4997 ὑποϐάλλει.
1047 4943 1299 5017 Ποιηθεὶς
1351 4942 1409 4997 δέ
1462 4942 1680 5014 πρῶτος

1831 4930 2103 4996 ontulerit,
2140 4930 2315 4987 nihilo
2357 4941 2537 4987 tamen
2569 4934 2744 5006 magis
2776 4935 2846 4990 ab
2876 4935 3221 5006 opificiorum
3264 4953 3368 4993 no-

113 5033 247 5089 ἔσται
282 5036 395 5089 τῶν
445 5038 765 5107 ποιημάτων
789 5075 805 5100 ,
855 5035 952 5089 καὶ
1002 5035 1233 5106 ὄργανον
1278 5035 1562 5106 γινόμενος
1597 5034 1677 5106 τῷ

1831 5036 1934 5075 one
1968 5020 2289 5076 vindicabit.
2330 5020 2397 5076 Ut
2415 5022 2563 5077 enim
2599 5024 2737 5078 nihil
2766 5024 3018 5090 interest,
3044 5025 3093 5082 si
3138 5027 3367 5099 forcipeII

116 5130 293 5199 ποιητῇ
316 5167 332 5192 ,
359 5128 430 5181 δι’
459 5122 519 5183 οὗ
554 5127 623 5180 τὰ
649 5127 826 5180 πάντα
852 5127 881 5179 ὁ
923 5127 1150 5198 κτίστης
1188 5125 1498 5198 ἐργάζεται.

1831 5126 1893 5166 οη
1926 5127 2091 5167 manu
2123 5112 2264 5184 ipsa,
2296 5115 2465 5170 carbo
2488 5116 2559 5171 de
2588 5115 2747 5170 altari
2777 5117 3048 5187 capiatur,
3072 5133 3184 5188 quo
3209 5118 3371 5177 illius

114 5212 362 5275 beneﬁcio
408 5219 626 5276 fabrilis
677 5202 773 5275 ars
816 5217 1050 5275 ferream
1101 5218 1360 5273 laminam
1415 5220 1669 5288 inducat;
1730 5229 2015 5293 propterea
2062 5222 2205 5293 quod
2272 5230 2381 5277 tam
2438 5222 2673 5295 forceps,
2706 5238 2870 5295 quam
2920 5223 3151 5293 ferrum,
3214 5228 3366 5297 quod

117 5324 198 5376 per
224 5312 370 5368 illam
405 5314 652 5377 ducitur,
706 5312 851 5369 inter
902 5328 1067 5384 opera
1125 5322 1458 5374 censentur:
1489 5317 1568 5374 ita
1612 5313 1750 5370 nihil
1794 5330 1822 5368 a
1869 5315 2149 5384 productis
2178 5315 2458 5386 operibus,
2520 5316 2633 5382 ille,
2683 5331 2781 5388 per
2827 5331 2990 5387 quem
3046 5314 3191 5371 facta
3235 5326 3368 5375 sunt

117 5405 282 5458 omnia
339 5405 580 5471 diiferet,
648 5405 756 5461 nisi
792 5404 965 5463 Filius
1011 5408 1102 5474 sit,
1142 5407 1603 5478 quemadmodum
1663 5409 1933 5465 naturalis
1990 5410 2135 5465 ratio
2195 5410 2509 5481 persuadet.
2557 5409 2701 5477 Quin
2747 5410 2926 5470 factus
2970 5410 3090 5484 ipse
3125 5410 3363 5482 primum

118 5498 206 5553 erit
257 5502 507 5557 omnium
554 5516 712 5572 opus,
746 5516 809 5558 ac
867 5503 1350 5577 velut/conditoris
1391 5505 1840 5570 instrumentum,
1884 5520 1980 5575 per
2007 5504 2153 5575 quod
2184 5505 2440 5562 universa
2486 5505 2760 5562 moliatur.

1780 4022 2055 4081 metuens,
2094 4029 2414 4085 germanam
2454 4013 2634 4073 Patris
2682 4031 2747 4072 ac
2797 4014 2925 4072 Filii
2966 4019 3244 4075 notionem
3273 4034 3375 4076 au-

1779 4105 1939 4170 ferat,
1970 4121 2036 4162 eo
2068 4107 2287 4162 demum
2317 4108 2619 4174 relabetur,
2660 4109 2824 4164 talem
2872 4116 2935 4163 ut
2977 4107 3177 4165 Filium
3217 4125 3377 4168 asse-

1780 4206 1885 4260 rat,
1910 4199 2095 4269 qualia
2124 4207 2255 4255 sunt
2292 4198 2512 4270 Opiﬁcia
2545 4200 2778 4272 reliqua,
2812 4214 2913 4256 nec
2952 4200 3111 4256 illum
3144 4202 3379 4259 omnino

1780 4286 1980 4343 Filium
2038 4289 2294 4360 appellet.
2345 4288 2512 4361 850
2561 4289 2776 4347 Etenim
2826 4292 2944 4349 sive
2996 4294 3373 4366 magnitudine

1780 4396 2045 4452 superare
2075 4382 2297 4449 dixerit,
2322 4382 2788 4454 quemadmodum
2826 4387 3026 4444 cmlum
3053 4396 3241 4446 monte
3270 4389 3381 4446 ali-

180 5717 192 5745 '
223 5716 281 5771 F.
318 5722 366 5773 ei
389 5719 549 5787 χαλκ.
