3798 6212
442 272 540 327 ιιι

1844 279 1901 336 S.
1942 278 2311 342 EPIPHANIL

3592 281 3692 340 ΜΞ

513 388 577 444 ν.
630 388 819 462 Ncque
850 406 980 447 vero
1009 408 1075 449 ex
1108 392 1175 449 iis
1199 395 1293 465 qui
1325 396 1485 466 vulgo
1518 396 1613 452 lilii
1645 398 2015 463 nominantur,

2193 401 2267 453 E’.
2299 398 2411 455 Καὶ
2439 400 2538 454 οὐκ
2561 399 2626 454 ἄν
2645 418 2727 465 τις
2763 402 3042 471 σοφίσαιτο
3069 398 3170 471 τὴν
3190 398 3283 454 τοῦ
3319 398 3463 463 ἰδίως
3484 400 3691 470 nam

439 482 664 554 proprie
698 482 831 537 dicti
868 482 1069 552 Patris,
1102 496 1194 541 aut
1235 486 1357 543 Filii
1390 490 1655 544 rationem
1685 490 2022 548 cavillatorie

438 572 599 628 debet
630 574 872 630 eludere.
904 575 1036 629 Nam
1066 577 1267 647 alioqui
1304 579 1488 648 plures
1519 588 1681 635 erunt
1726 579 1822 635 Dei
1872 580 1965 635 lilii
2000 600 2015 636 :

442 669 591 725 velut
626 680 749 719 cum
780 666 913 721 dicit
946 685 958 720 :
995 665 1168 722 Filios
1199 671 1373 739 genui,
1398 680 1447 724 et
1475 670 1733 737 exaltavi,
1774 672 1876 739 ipsi
1899 688 2018 726 vero

438 766 743 824 spreverunt
769 774 847 813 me
870 761 908 812 ¹.
937 758 1101 815 Item:
1126 759 1314 814 Nonne
1337 760 1500 815 Pater
1527 779 1661 817 unus
1690 771 1768 818 est
1787 764 2019 817 omnium

438 858 665 904 vestrum
696 850 757 904 ’ί
798 851 973 905 Item:
1009 851 1281 921 Quotquot
1330 864 1632 923 receperunt
1681 871 1823 919 eum,
1874 854 2018 909 dedit

434 944 510 997 eis
538 952 847 1011 potestatem
884 944 1025 1013 ﬁlios
1066 944 1165 998 Dei
1213 945 1329 1014 ﬁeri
1351 961 1371 1009 ;
1399 947 1490 1015 qui
1518 964 1620 1000 non
1653 962 1719 1000 ex
1748 947 2019 1001 voluntate

436 1036 650 1101 carnis,
697 1052 859 1105 neque
904 1051 969 1090 ea:
1015 1038 1282 1103 voluntate
1318 1038 1451 1101 viri,
1499 1037 1589 1090 sed
1628 1053 1693 1091 ea:
1746 1037 1854 1092 Deo
1903 1039 2017 1093 nati

434 1134 557 1181 sunt
587 1125 775 1192 ’.Quid
802 1126 947 1196 quod
966 1134 1019 1181 et
1046 1126 1307 1183 inanimis
1346 1143 1564 1198 quoque
1589 1129 1752 1183 rebus
1780 1128 2016 1199 idipsum

434 1217 731 1273 tribuitur?
760 1217 863 1285 Qui
892 1218 1090 1289 genuit,
1122 1220 1321 1289 inquit,
1361 1220 1535 1275 stillas
1566 1221 1702 1274 roris
1739 1220 1777 1275 ⁸.
1822 1220 1897 1275 Ειι
1932 1222 2016 1277 his

433 1312 578 1366 enim
628 1310 885 1365 omnibus
928 1318 988 1364 ut
1047 1309 1343 1380 plurimum
1400 1310 1453 1364 id
1500 1309 1788 1375 eﬂicietur,
1838 1320 1897 1365 ut
1950 1327 2018 1366 ex

433 1402 711 1458 communi
736 1401 827 1457 illa
873 1402 1273 1472 signiﬁcatione
1323 1401 1416 1457 Dei
1462 1401 1633 1458 Filius
1675 1404 1825 1459 nullo
1858 1403 2018 1461 modo

433 1495 507 1549 sit
573 1491 721 1549 ﬁlius
765 1494 902 1561 ,‘uti
954 1508 1053 1549 nec
1105 1494 1194 1547 illa
1243 1494 1361 1565 ipsa
1397 1500 1570 1550 sunt:
1608 1495 1701 1550 sed
1752 1510 1890 1564 opus
1946 1496 2017 1551 sit

433 1585 529 1640 Dei
570 1586 838 1640 duntaxat
884 1601 1101 1641 reorum
1159 1586 1363 1650 instar,
1421 1601 1486 1640 ac
1554 1585 1723 1642 solius
1781 1587 2018 1657 appella-

433 1674 600 1729 tionis
644 1676 939 1745 particeps.
996 1673 1239 1729 Ecclesia
1267 1690 1429 1744 porro
1463 1674 1628 1730 Deum
1687 1676 1860 1731 credit
1906 1691 2013 1729 non

433 1760 595 1814 modo
661 1769 971 1816 creatarum
1044 1776 1223 1817 rerum
1294 1778 1417 1818 esse
1491 1763 1827 1819 conditorem
1889 1763 2016 1835 (hoc

428 1853 576 1908 enim
629 1851 822 1919 Judaei,
875 1852 1159 1924 Graecique
1213 1854 1417 1923 pariter
1479 1855 1845 1927 agnoscunt),
1920 1856 2013 1912 sed

429 1953 485 2000 et
521 1944 667 1999 unici
699 1941 823 1998 Filii
852 1942 1090 2008 Patrem,
1117 1943 1209 2013 qui
1236 1959 1345 1998 non
1376 1945 1552 2000 solum
1585 1946 2005 2016 procreatricem

434 2037 709 2091 actionem
765 2034 987 2101 habeat,
1025 2045 1246 2106 propter
1285 2052 1451 2107 quam
1503 2045 1719 2093 creator
1763 2039 2020 2110 intelligi-

430 2138 543 2193 tur,
601 2128 698 2186 sed
750 2136 805 2183 et
839 2130 1058 2200 proprie
1113 2129 1385 2199 uniceque
1436 2129 1754 2201 generandi,
1806 2146 1874 2186 ex
1911 2148 2017 2204 qua

429 2222 582 2277 unici
632 2219 755 2276 Filii
805 2220 1025 2278 Patrem
1073 2237 1199 2279 esse
1248 2224 1655 2295 cognoscimus.
1712 2223 1826 2281 Hoc
1871 2227 2019 2282 enim

430 2314 621 2369 beatus
653 2328 755 2369 nos
801 2312 1002 2370 Paulus
1036 2314 1120 2371 his
1159 2315 1340 2371 verbis
1369 2316 1630 2371 edocuit:
1668 2316 1863 2388 Hujus,
1930 2319 2017 2372 in-

430 2405 585 2475 quit,
632 2405 831 2476 gratia,
879 2406 1033 2474 ﬂecto
1060 2421 1230 2477 genua
1280 2423 1395 2461 mea
1446 2407 1516 2462 ad
1559 2407 1795 2475 Patrem,
1841 2427 1874 2464 a
1917 2427 2018 2478 quo

430 2494 603 2551 omnis
650 2497 941 2567 paternitas
981 2498 1038 2551 in
1080 2498 1230 2563 caelo,
1271 2507 1322 2552 et
1361 2497 1414 2553 in
1445 2508 1584 2554 terra
1639 2502 1943 2555 nominatur
1970 2502 2014 2556 ³.

432 2589 505 2646 Ut
553 2589 697 2646 enim
754 2597 937 2661 patres
988 2590 1066 2644 illi
1118 2589 1174 2644 in
1224 2598 1371 2645 terra
1420 2592 1777 2647 nominantur
1819 2594 1910 2664 qui
1951 2594 2019 2650 ad

431 2697 549 2738 suae
582 2688 792 2737 naturae
823 2681 1235 2737 similitudinem
1265 2699 1560 2754 expressos
1612 2684 1814 2741 habent
1853 2685 2016 2754 ﬁlios,

430 2774 514 2832 sic
550 2774 603 2829 in
636 2773 777 2829 caelo
810 2773 972 2828 Pater
1011 2773 1100 2829 ille
1130 2772 1352 2836 dicitur,
1383 2789 1413 2828 a
1444 2789 1555 2845 quo
1585 2774 1788 2831 terreni
1815 2785 2017 2846 patres,

427 2864 524 2940 qui
582 2873 793 2920 naturae
854 2864 1215 2934 productores
1281 2874 1446 2929 sunt,
1508 2875 1810 2931 vocantur,
1872 2867 2019 2938 quod

431 2959 657 3014 omnino
692 2957 759 3012 ad
803 2964 1012 3013 natura:
1047 2970 1161 3014 suae
1196 2956 1609 3013 similitudinem
1658 2957 1903 3028 genitum
1951 2972 2019 3012 ex

430 3060 497 3102 ea
537 3063 659 3104 sese
706 3045 904 3102 Filium
950 3047 1134 3104 habet.
1183 3048 1343 3119 851
1394 3048 1580 3119 Neque
1614 3055 1791 3119 potest
1829 3063 2018 3103 eorum
2046 3084 2089 3143 α

434 3139 668 3195 ﬁliorum
703 3140 876 3205 notio,
904 3140 998 3210 qui
1040 3140 1308 3197 abusione
1352 3142 1589 3212 quadam
1626 3143 1799 3207 vocis,
1836 3150 1890 3198 et
1922 3143 2021 3198 ho-

434 3244 724 3301 monymos
757 3229 1039 3296 dicuntur,
1088 3229 1156 3285 ad
1189 3230 1409 3285 unicum
1443 3230 1539 3288 Dei
1570 3228 1767 3286 Filium
1798 3246 2019 3287 accom-

434 3320 669 3377 modari.
701 3319 1175 3388 Quemadmodum
1221 3322 1380 3393 pyxis
1415 3337 1478 3379 ea
1511 3324 1730 3395 proprie
1770 3332 2017 3392 vocatur,

435 3428 559 3483 qua:
607 3429 672 3470 ex
720 3412 868 3469 buxo
919 3411 1187 3469 fabricata
1237 3420 1354 3481 est;
1403 3421 1458 3470 et
1515 3423 1696 3471 tamen
1742 3416 2021 3472 communi

434 3502 667 3574 quadam
701 3504 987 3562 abusione.
1013 3504 1163 3562 vocis
1198 3504 1326 3561 hinc
1369 3506 1439 3560 ad
1491 3507 1700 3579 reliqua
1744 3508 1799 3563 id
1848 3525 2022 3581 genus

436 3610 570 3650 vasa
603 3593 959 3660 transfertur,
1001 3612 1125 3667 quae
1156 3610 1221 3652 ex
1250 3596 1494 3667 plumbo,
1543 3613 1671 3665 acre,
1705 3599 1877 3655 aliave
1907 3614 2023 3654 ma-

438 3684 578 3739 teria
605 3682 750 3739 facta
779 3688 931 3742 sunt.
959 3684 1231 3751 Quocirca
1258 3699 1367 3739 non
1402 3686 1631 3756 perinde
1657 3686 1714 3741 in
1763 3687 1855 3744 Dei
1884 3688 2024 3746 Filio

436 3776 818 3847 accipiendum
850 3775 986 3831 illud
1017 3782 1121 3842 est,
1162 3782 1222 3831 ut
1255 3791 1382 3832 cum
1417 3776 1660 3833 dicitur:
1698 3780 1805 3847 Qui
1844 3784 2023 3851 genuit

436 3866 612 3923 stillas
671 3870 833 3933 roris,
870 3868 1015 3940 quod
1085 3869 1308 3925 minime
1343 3870 1413 3925 ad
1454 3872 1821 3929 substantiam
1848 3877 2022 3947 ipsam

435 3961 676 4031 pertinet
707 3978 720 4015 :
757 3960 961 4033 quippe
996 3976 1094 4033 per
1127 3962 1359 4018 abusum
1402 3965 1553 4021 vocis
1588 3965 1692 4022 hoc
1740 3969 1861 4023 loco
1898 3986 2027 4040 par-

435 4060 526 4111 tus
561 4070 624 4110 ac
652 4057 1026 4126 generationis
1056 4072 1255 4113 nomen
1292 4057 1359 4113 ad
1389 4057 1643 4114 ellectum
1682 4075 1819 4130 opus
1845 4070 2027 4120 trans-

435 4146 629 4203 fertur.
658 4145 843 4218 Neque
859 4155 917 4202 ut
948 4149 1001 4203 in
1030 4148 1137 4205 illis
1166 4148 1378 4205 verbis:
1402 4146 1576 4205 Filios
1600 4152 1778 4220 genui,
1794 4160 1844 4206 et
1868 4153 2020 4207 exal-

2121 490 2334 546 καὶτοῦ
2372 491 2516 555 ίδίως
2564 492 2694 545 Υίοῦ
2725 491 2935 546 ἔννοιαν
2966 494 3031 545 ὲκ
3067 491 3178 545 τῶν
3216 491 3535 559 κοινοτέρων
3565 490 3693 543 υἱῶν

2120 583 2426 654 λεγομένων
2463 601 2475 612 ·
2526 584 2650 637 ἐπεὶ
2702 582 2877 647 οὕτως
2927 584 3113 638 πολλοὶ
3166 582 3379 636 ἔσονται
3442 583 3548 635 υἱοὶ
3604 580 3691 634 τοῦ

2120 674 2284 728 Θεοῦ·
2318 676 2447 728 ὅταν
2479 670 2614 746 λέίῃ
2637 691 2650 706 ο
2710 674 2879 740 Υίοὺς
2919 673 3254 744 ἐγέννησα,
3298 673 3396 726 καὶ
3435 672 3654 740 ὕψωσα

2118 764 2388 818 αὐτοὶ·δέ
2419 782 2496 834 με
2545 765 2852 833 ἠθέτησαν
2875 782 2889 795 ·
2929 766 3023 819 καὶ
3060 764 3155 829 τὸ,
3187 764 3335 833 Οὐχὶ
3369 764 3575 833 Πατὴρ
3610 758 3689 828 ει(

2118 855 2359 909 πάντων
2394 854 2597 925 ὐμῶν;
2630 856 2747 921 καὶ,
2782 857 2949 910 Ὅσοι
2979 856 3200 910 ἔλαϐον
3230 854 3438 918 αὐτὸν,
3471 855 3691 908 ἔδωκεν

2118 943 2321 1009 αὐτοῖς
2345 943 2636 1007 ἐξουσίαν
2663 944 2847 998 τέκνα
2876 944 3023 999 Θεοῦ
3050 944 3326 1012 γενέσθαι
3347 960 3361 973 ·
3406 942 3463 997 ot
3492 945 3605 997 οὐκ
3630 944 3693 996 ἐκ

2118 1031 2449 1102 θελήματος
2496 1032 2758 1101 σαρκὸς,
2811 1033 2975 1104 φησὶν
3000 1072 3016 1099 ,
3055 1032 3198 1087 οὐδὲ
3244 1034 3314 1088 ἐκ
3366 1033 3695 1102 θελήματος

2120 1121 2338 1189 ἀνδρὸς
2362 1164 2377 1189 ,
2429 1123 2568 1177 ἀλλ’
2617 1124 2687 1177 ἐκ
2746 1123 2894 1178 Θεοῦ
2936 1123 3371 1194 ἐγεννήθησαν.
3413 1125 3527 1178 Καὶ
3565 1125 3694 1194 πρὸς

2116 1212 2328 1276 τούτοις
2361 1214 2489 1284 περὶ
2515 1212 2737 1284 ἀψύχων
2760 1253 2774 1278 ,
2818 1213 2895 1278 ὡς
2935 1214 2988 1266 '0
3016 1213 3269 1279 τετοκὼς
3307 1214 3541 1279 βόλους
3567 1214 3692 1283 δρό-

2118 1318 2233 1357 σου
2269 1304 2404 1375 (47).
2454 1305 2578 1358 ‘Erct
2623 1304 2732 1377 γὰρ
2776 1305 2939 1359 πλέον
2976 1305 3065 1359 διὰ
3100 1306 3323 1361 τούτων⁴
3355 1324 3694 1362 κατασκευα-

2118 1394 2372 1466 σθήσεται
2423 1395 2531 1450 ἀπὸ
2577 1396 2678 1467 τῆς
2728 1397 2910 1468 κοινῆς
2941 1397 2962 1428 ⁸
3000 1398 3060 1451 τὸ
3104 1398 3178 1469 μὴ
3216 1393 3355 1452 εἶναι
3404 1399 3508 1468 μὲν
3539 1397 3693 1452 αὐτὸν

2121 1482 2237 1536 υἱὸν
2269 1526 2284 1551 ,
2323 1486 2400 1551 ὡς
2449 1487 2571 1540 οὐδὲ
2618 1485 2827 1552 ταῦτα,
2861 1488 3071 1559 ποίημα
3121 1490 3179 1543 δὲ
3216 1490 3347 1544 ὄντα
3384 1490 3461 1553 ὡς
3505 1489 3693 1555 ταῦτα,

2118 1577 2364 1648 κλήσεως
2394 1577 2524 1631 Υἱοῦ
2561 1578 2728 1650 μόνης
2761 1580 3031 1651 μετέχειν.
3076 1581 3138 1634 Ἡ
3173 1580 3230 1634 δὲ
3271 1581 3572 1651 Ἐκκλησία
3608 1598 3695 1635 πε-

2120 1669 2429 1735 πίστευκεν,
2465 1671 2547 1724 ὅτι
2593 1671 2724 1735 Θεὸς
2750 1673 2810 1725 οὐ
2850 1673 3010 1743 μόνον
3064 1672 3181 1725 ἐστὶ
3211 1674 3440 1743 κτίστης
3469 1676 3696 1744 κτισμάο

2119 1777 2226 1812 των
2268 1758 2446 1830 (τοῦτο
2484 1761 2592 1833 γὰρ
2656 1761 2895 1816 Ἰουδαῖοί
2924 1778 2981 1814 τε
3011 1764 3106 1816 καὶ
3139 1761 3397 1834 Ἕλληνες
3442 1762 3690 1817 ἐπίστανο

2114 1850 2266 1921 ται),
2305 1850 2422 1904 ἀλλ’
2464 1852 2546 1905 ὅτι
2590 1852 2684 1906 καὶ
2713 1854 2901 1925 Πατήρ
2926 1856 3049 1908 ἐστι
3093 1852 3470 1923 Μονογενοῦς,
3512 1855 3574 1908 οὐ
3607 1858 3695 1924 μό-

2116 1958 2205 1996 νον
2253 1942 2351 2014 τὴν
2381 1944 2664 2016 κτιστικὴν
2695 1944 2835 2015 ἔχων
2874 1946 3155 2017 ἐνέργειαν
3176 1986 3194 2013 ,
3240 1947 3331 2015 ἀφ’
3361 1940 3431 2018 ἧς
3479 1947 3699 2017 κτίστης

2117 2037 2354 2101 νοεῖται,
2388 2034 2524 2090 ἀλλὰ
2569 2036 2663 2089 καὶ
2706 2036 2851 2100 ίδίως
2883 2037 2977 2091 κει)⁵
3015 2037 3317 2108 μονογενῶς
3354 2040 3698 2110 γεννητικὴν,

2117 2127 2238 2182 καθ’
2274 2128 2341 2200 ἣν
2369 2129 2562 2199 Πατὴρ
2595 2127 2937 2198 Μονογενοῦς
2973 2131 3105 2199 ἡμῖν
3137 2130 3358 2184 νοεῖται.
3386 2129 3564 2182 Τοῦτο
3595 2129 3700 2199 ,γὰρ

2118 2218 2389 2274 παιδεύων
2429 2221 2576 2292 ἡμᾶς
2631 2221 2659 2273 ὀ
2711 2220 2980 2292 μακάριος
3038 2218 3251 2284 Παῦλος
3284 2219 3521 2292 γράφει·
3561 2219 3699 2275 Τού-

2116 2331 2223 2370 του
2244 2315 2355 2385 γὰρ
2386 2314 2582 2384 χάριν,
2612 2313 2857 2383 κάμπτω
2901 2311 2975 2366 τὰ
3009 2312 3232 2383 γόνατά
3265 2330 3386 2382 μου
3411 2312 3572 2381 πρὸς
3608 2313 3703 2365 τάν

2117 2408 2379 2477 Πατέρα,
2408 2406 2478 2470 ἐξ
2514 2398 2587 2462 οὗ
2626 2404 2796 2461 πᾶσα
2833 2403 3051 2474 πατριὰ
3096 2405 3167 2459 ἐν
3203 2403 3440 2474 οὐρανῷ
3479 2405 3581 2458 καί
3610 2404 3701 2457 ἐπι

2118 2498 2232 2570 γῆς
2258 2497 2597 2568 ὀνομάζεται
2611 2498 2654 2563 ⁷,
2673 2496 2795 2551 καθ’
2821 2497 3113 2568 ὁμοιότητα
3135 2494 3244 2549 τῶν
3262 2494 3482 2550 οἰκείων
3510 2494 3704 2548 οὐσιῶν

2127 2591 2253 2654 τοὺς
2292 2590 2439 2654 υἱοὺς
2477 2589 2709 2660 ἔχοντες.
2763 2588 2921 2643 Οὒτω
2964 2588 3059 2642 καὶ
3106 2586 3299 2659 Πατὴρ
3339 2588 3397 2641 ὲν
3456 2587 3704 2658 οὐρανοῖς

2118 2680 2464 2753 ὀνομάζεταιι
2499 2680 2592 2750 ἀφ’
2612 2672 2673 2735 οὗ
2696 2681 2745 2733 oi
2774 2680 3013 2750 πατέρες
3035 2680 3084 2732 oi
3110 2679 3203 2732 ἐπὶ
3229 2680 3332 2750 γῆς
3363 2677 3489 2731 κατ’
3520 2678 3705 2731 οὐσίαν

2119 2771 2519 2844 ὠνομάσθησαν
2545 2812 2561 2837 ,
2608 2770 2732 2825 καθ’
2785 2771 3081 2842 ὁμοιότητα
3119 2771 3237 2841 τῆς,
3268 2769 3467 2823 ἑαυτοῦ
3521 2769 3706 2831 οὐσίας

2120 2866 2340 2929 πάντως
2370 2864 2461 2917 τὸν
2491 2863 2549 2931 ἐξ
2583 2861 2747 2917 αὐτοῦ
2796 2863 2935 2934 ἔχων
2967 2862 3371 2933 γεγεννημένον
3410 2861 3571 2917 Υίόν.
3602 2862 3707 2913 Καὶ

2120 2957 2181 3011 οὐ
2209 2956 2434 3010 δύναται
2466 2957 2499 3027 ἡ
2525 2956 2617 3008 ἐπὶ
2648 2954 2758 3009 τῶν
2790 2953 3246 3027 καταχρηστικῶς
3271 2953 3366 3005 καὶ
3398 2952 3707 3024 ὁμωνύμως

2120 3046 2425 3119 λεγομένων
2485 3046 2618 3100 υἱῶν
2682 3046 2859 3103 ἔννοια
2918 3045 2996 3117 τῷ
3069 3044 3364 3114 Μονογενεῖ
3423 3044 3703 3115 ἁρμόζειν.

2124 3139 2338 3209 ’Ὠσπερ
2362 3136 2471 3210 γὰρ
2505 3136 2696 3204 πυξίον
2728 3136 2826 3208 μὲν
2859 3136 3079 3205 λέγεται
3105 3136 3310 3207 κυρίως
3344 3135 3404 3188 τὸ
3428 3136 3499 3188 ὲκ
3522 3134 3707 3199 πυξίου

2122 3227 2653 3299 κατεσκευασμένον,
2693 3227 3001 3299 κοινότερον
3037 3228 3094 3282 δὲ
3126 3226 3220 3281 καὶ
3253 3225 3707 3297 καταχρηστικῶς

2121 3322 2218 3378 ἀπ’
2246 3322 2452 3376 ἐκείνου
2487 3320 2676 3389 πυξίον
2712 3321 2806 3374 καὶ
2838 3320 2897 3373 τδ
2936 3321 3001 3374 ὲκ
3045 3319 3297 3393 μολίϐδου
3318 3358 3331 3383 ,
3357 3319 3456 3373 καὶ
3485 3315 3705 3389 χαλκοῦ,

2123 3413 2217 3467 καὶ
2243 3413 2408 3485 ἄλλης
2435 3412 2581 3476 τινὸς
2621 3410 2754 3484 ὕλης
2784 3411 3026 3481 γεγονός.
3061 3410 3199 3464 Οὔτε
3226 3406 3320 3463 οὖν
3351 3408 3428 3468 ὡς
3470 3409 3527 3462 '0
3554 3426 3706 3463 τετοο

2123 3506 2241 3573 κὼς
2269 3507 2503 3572 ,βόλους
2539 3504 2765 3573 δρόσου
2789 3546 2804 3570 ,
2850 3503 3127 3557 τουτέστιν
3175 3500 3453 3567 οὐσιωδῶς
3477 3519 3493 3532 ο
3543 3517 3707 3555 κατα-

2123 3597 2438 3671 χρηστικῶς
2483 3597 2593 3670 γὰρ
2622 3595 2857 3652 ἐνταῦθα
2904 3596 2998 3650 ἐπὶ
3035 3595 3127 3649 τοῦ
3176 3595 3485 3666 ποιήματος
3518 3592 3583 3646 τὸ
3620 3592 3705 3645 τοῦ

2124 3690 2284 3751 τόκου
2324 3690 2692 3762 παρείληπται
2718 3704 2732 3720 ⁶
2768 3687 2891 3742 οὔτε
2937 3687 3014 3751 ὡς
3044 3687 3105 3741 τὸ
3125 3728 3139 3753 ,
3181 3687 3354 3753 Υίοὺς
3384 3686 3703 3756 ἐγέννησα.

2125 3780 2225 3835 καὶ
2259 3779 2512 3850 ὕψωσεν
2569 3780 2662 3835 καὶ
2696 3779 2929 3835 ἐνταῦθα
2975 3779 3085 3852 γὰρ
3120 3776 3585 3849 καταχρηστικῶς
3610 3777 3707 3829 ἀπὸ

2124 3874 2227 3944 τῆς
2274 3872 2487 3937 εὐνοίας
2540 3872 2635 3927 καὶ
2687 3872 2858 3944 τιμῆς
2905 3871 3395 3944 προσωνόμασταισ
3453 3869 3584 3922 οὐτε
3632 3868 3704 3931 τὸ,

2129 3964 2395 4021 Ἔδωκεν
2423 3964 2630 4031 αὐτοῖς
2669 3962 2961 4030 ἐξουσίαν
2997 3963 3181 4017 τέκνα
3212 3962 3362 4017 Θεοῦ
3396 3961 3705 4031 γενέσθαιο

2128 4057 2220 4112 καὶ
2256 4055 2415 4110 τοῦτο
2457 4057 2566 4128 γὰρ
2610 4055 2709 4128 τῆς
2759 4057 2878 4109 κατ’
2929 4054 3133 4125 ἀρετὴν
3184 4052 3280 4107 καὶ
3328 4052 3571 4123 μίμησιν
3615 4048 3707 4115 ti;

2129 4149 2400 4218 ποιήσεως
2430 4147 2715 4219 εἴληπταιο
2751 4146 2925 4209 οὕτως
2958 4147 2987 4199 ὁ
3010 4144 3323 4216 Μονογενὴς
3351 4142 3702 4213 νοηθήσεται·

437 4239 563 4294 tari.
598 4237 733 4293 Nam
764 4247 818 4295 et
850 4240 954 4295 hoc
988 4240 1042 4295 in
1070 4240 1193 4295 loco
1217 4240 1445 4312 perinde
1478 4242 1744 4299 abusione
1772 4243 1925 4301 vocis
1956 4244 2015 4300 ad

2127 4240 2261 4296 ἀλλὰ
2297 4239 2533 4311 κυρίως,
2577 4238 2653 4303 ὡς
2679 4236 2839 4310 μόνος
2872 4241 2936 4291 ὲκ
2979 4236 3138 4309 μόνου
3166 4236 3353 4307 ὅμοιος
3379 4235 3506 4287 κατ’
3529 4232 3705 4285 οὐσίαν

435 4324 891 4396 benevolentiam,
925 4336 979 4386 et
1012 4331 1274 4387 honorem
1318 4332 1741 4403 significandum
1777 4336 2015 4390 vocabu-

2129 4333 2193 4386 ἐκ
2231 4329 2325 4385 τοῦ
2370 4329 2618 4401 Πατρὸς,
2667 4322 2840 4401 οὗπερ
2885 4327 2981 4382 καὶ
3024 4326 3316 4398 ὠνομάσθη
3367 4324 3465 4378 καὶ
3517 4319 3703 4391 ἐνοήθη

436 4421 550 4477 lum
580 4420 711 4476 illud
748 4422 1058 4477 adhibetur.
1088 4421 1277 4494 Neque
1327 4432 1385 4478 ut
1418 4424 1472 4479 in
1516 4424 1620 4480 hoc
1666 4426 1788 4482 loco
1818 4444 1831 4481 :
1862 4426 2015 4483 Dedit

2128 4425 2256 4488 Υἱὸς
2289 4421 2593 4492 γεννηθείς.

436 4515 511 4568 eis
536 4521 843 4582 potestatem
874 4515 1013 4583 ﬁlios
1061 4514 1160 4568 Dei
1208 4516 1347 4584 ﬁeri,
1396 4515 1541 4585 quod
1581 4516 1798 4587 quidem
1852 4518 1919 4574 ad
1960 4528 2227 4577 creaturae
2291 4516 2573 4578 virtutem,
2620 4522 2674 4569 et
2718 4512 3010 4584 quamdam
3056 4510 3151 4568 Dei
3208 4510 3576 4565 imitationem
3626 4523 3706 4562 re-

439 4600 569 4661 ferri
601 4606 877 4661 convenit.
904 4605 1019 4660 Non
1051 4606 1264 4671 eodem,
1290 4607 1538 4677 inquam,
1572 4608 1734 4663 modo
1763 4608 1830 4663 de
1861 4612 2023 4666 unico
2058 4612 2153 4669 Dei
2184 4607 2323 4664 Filio
2367 4605 2796 4662 existimandum
2834 4604 2994 4660 nobis
3017 4608 3136 4671 est;
3185 4602 3279 4659 sed
3336 4600 3565 4673 praprie
3621 4595 3705 4649 Fi-

438 4697 569 4752 lium
610 4711 735 4752 esse
763 4694 994 4765 dictum,
1035 4702 1221 4766 utpote
1253 4697 1348 4766 qui
1396 4699 1548 4754 solus
1579 4716 1644 4755 ex
1675 4702 1793 4757 solo
1835 4702 2017 4770 Patre,
2048 4706 2336 4775 eidemque
2367 4710 2563 4756 natura
2600 4698 2798 4756 similis
2828 4698 2900 4755 sit
2956 4698 3197 4770 genitus,
3250 4697 3413 4766 cujus
3460 4705 3517 4749 et
3567 4692 3707 4750 dicae

436 4794 551 4854 tur,
599 4794 653 4843 et
691 4788 1029 4859 intelligatur
1063 4803 1186 4843 esse
1220 4787 1413 4845 Filius.

511 4910 527 4941 ⁸
564 4908 821 4981 Isarae.
898 4906 1174 4981 "Malach.
1206 4924 1267 4981 ιι,
1303 4909 1389 4981 170.
1467 4910 1668 4968 3.loan.
1694 4914 1941 4981 1,12,13.

2124 4913 2171 4969 pb
2198 4926 2427 4979 xxxvtu,
2455 4910 2548 4966 28.
2626 4910 2646 4941 ⁵
2676 4907 2876 4981 Ephes.
2913 4922 2996 4974 ιιι,
3032 4906 3086 4962 4.
3166 4905 3187 4936 ⁵
3213 4903 3375 4959 Deest
3407 4905 3549 4961 forte
3584 4906 3703 4973 κλή-

439 4997 597 5045 σεως.
674 4980 694 5009 ⁷
723 4978 884 5034 Deest
909 4976 1143 5033 fortasse
1169 4978 1397 5050 aliquid.

508 5096 620 5164 (47)
672 5094 767 5166 Ὡς
794 5095 828 5148 d
876 5092 1133 5166 τετοκὼς
1173 5095 1409 5161 βόλους
1454 5097 1701 5164 δρόσου.
1754 5099 2015 5166 Quaedam

436 5164 767 5237 exemplaria
809 5180 907 5235 pro
940 5164 1127 5236 βόλους
1166 5180 1449 5235 perperam
1485 5167 1688 5237 βώλους
1734 5164 2015 5237 ειξὶιιιιοιιι,

437 5261 543 5315 hoc
594 5267 679 5315 est
711 5256 914 5329 glebas.
967 5256 1103 5313 Nam
1158 5255 1424 5315 Hebraice
1453 5262 1717 5333 scriptum
1754 5272 1839 5320 est
1895 5247 2019 5326 953s;

434 5337 518 5411 ‘71:
581 5352 759 5422 stillas
817 5352 975 5407 roris.
1022 5350 1183 5422 Apud
1235 5351 1644 5408 Nazianzenum
1726 5363 1869 5409 orat.
1950 5357 2019 5411 54

440 5421 1137 5497 circa‘flnem,__int_erpres
1175 5422 1352 5497 glebas
1390 5425 1574 5497 vertit,
1622 5426 1777 5497 quasi
1812 5426 2020 5497 βώλους

440 5492 793 5564 exscripserit
820 5490 1219 5564 Nazianzenus.
1258 5493 1421 5564 Atqui
1451 5510 1560 5550 non
1588 5490 1749 5551 modo
1778 5490 1832 5551 in
1864 5490 2022 5552 excué

443 5560 671 5638 gis,_sed
724 5562 887 5617 etiam
916 5563 1004 5638 in
1040 5560 1414 5620 vetustissimo
1455 5565 1597 5638 βας.
1638 5566 1843 5638 βόλους
1878 5567 2019 5638 apud

443 5629 850 5707 Nazianzqnou
913 5631 1116 5707 βώλους
1178 5642 1378 5707 exstat.
1444 5629 1740 5705 Gregorius
1798 5629 2023 5707 Mag’nus

444 5701 543 5759 lib.
582 5717 707 5757 ut:
764 5700 960 5758 Horat.
999 5703 1085 5774 15,
1134 5703 1313 5761 stellas
1361 5706 1495 5761 roris
1540 5700 1735 5777 lcgisse
1786 5700 2020 5779 vidétur,

2129 5096 2277 5170 quod
2307 5095 2767 5170 mendosnmest.
2795 5093 2997 5170 Contra
3026 5091 3225 5170 Egech.
3267 5106 3403 5170 xv",
3434 5091 3526 5154 i0,
3556 5090 3702 5170 gata;

2128 5163 2270 5239 apud
2320 5166 2483 5239 LXX
2520 5167 2814 5239 scribitur,
2880 5165 2970 5239 ubi
3034 5163 3203 5239 βῶλος
3229 5163 3703 5239 substituendum:

2130 5233 2226 5293 aint
2281 5238 2359 5307 τῷ
2410 5236 2548 5307 βόλῳ
2602 5238 2701 5307 τῆς
2734 5234 3000 5357 ἀνατολῖὶς
3036 5233 3230 5314 αὐτῆς
3259 5233 3709 5314 ¹ξηραινθήαετιιν

2132 5310 2351 5357 Hieron-
2385 5324 2449 5357 ex
2499 5306 2665 5357 LXX.
2707 5322 2825 5357 cum
2867 5310 2948 5357 ale
2984 5322 3016 5357 a
3047 5320 3296 5357 aermims
3344 5320 3428 5357 sui
3471 5312 3704 5356 arescet:

2132 5303 2351 5364 Hieroni.
2385 5303 2449 5363 ex
2499 5303 2667 5370 LXX,
2707 5322 2825 5360 cum
2867 5303 3016 5375 gleba
3047 5305 3296 5375 germinis
3344 5303 3429 5357 sui
3468 5312 3704 5375 arescet:

2129 5378 2275 5449 quod
2317 5387 2372 5433 et
2407 5377 2795 5449 Theodoretus‘
2832 5373 3096 5449 agnoscit.
3150 5373 3373 5428 Rectius
3419 5373 3589 5449 editio
3619 5387 3706 5449 no.

2130 5441 2268 5515 stra,
2313 5450 2367 5501 in
2389 5450 2527 5519 areis
2574 5445 2821 5519 germinis
2853 5441 2938 5519 sui
2990 5453 3189 5519 arescet
3218 5459 3249 5519 :_
3274 5459 3397 5519 nam
3448 5441 3703 5498 Πεϋηὶιέ

2129 5528 2220 5592 est,
2242 5514 2523 5592 ὴλτπνηὶιι
2555 5514 2639 5592 est
2674 5533 2819 5592 area.
2856 5514 3322 5592 Atqui_ar_t_iculus
3355 5514 3470 5583 ipse
3491 5526 3701 5592 mascu-

2134 5588 2225 5645 lini
2276 5582 2515 5659 generis,
2547 5588 2641 5659 qui
2685 5588 2848 5644 etiam
2886 5582 3495 5659 _apud_Il_leodoretum

2134 5651 2448 5730 ρτιεῐῑέἱιιιιο,
2515 5651 2653 5733 an,»
2702 5651 2993 5730 scripsisse
3050 5654 3187 5712 LXX
3243 5651 3574 5726 Interpretes
3625 5651 3703 5705 de-

2132 5738 2426 5788 monstrat.
