  <div class='ocr_page' id='page_1' title='image "/cluster/home/n/w/nwhite01/storage/ocr_20150623/42/hvd.32044011752995/206.png"; bbox 0 0 3798 6212; ppageno 0'>
   <div class='ocr_carea' id='block_1_1' title="bbox 111 335 1611 402">
    <p class='ocr_par' dir='ltr' id='par_1_1' title="bbox 111 335 1604 402">
     <span class='ocr_line' id='line_1_1' title="bbox 111 335 1604 402; baseline -0.003 -1"><span class='ocrx_word' id='word_1_1' title='bbox 111 341 202 402; x_wconf 71' lang='grc'><strong>415</strong></span> <span class='ocrx_word' id='word_1_2' title='bbox 681 335 1051 395; x_wconf 77' lang='lat' dir='ltr'><strong>ADVERSUS</strong></span> <span class='ocrx_word' id='word_1_3' title='bbox 1093 337 1436 396; x_wconf 70' lang='lat' dir='ltr'><strong>[LERESES</strong></span> <span class='ocrx_word' id='word_1_4' title='bbox 1475 337 1604 396; x_wconf 83' lang='lat' dir='ltr'><strong>LIB.</strong></span> 
     </span>
    </p>
   </div>
   <div class='ocr_carea' id='block_1_2' title="bbox 1838 335 3338 402">
    <p class='ocr_par' dir='ltr' id='par_1_2' title="bbox 1838 341 3338 400">
     <span class='ocr_line' id='line_1_2' title="bbox 1838 341 3338 400; baseline -0.001 0"><span class='ocrx_word' id='word_1_5' title='bbox 1838 342 1950 400; x_wconf 79' lang='grc' dir='ltr'><strong>ΟΜ.</strong></span> <span class='ocrx_word' id='word_1_6' title='bbox 1993 345 2036 399; x_wconf 88' lang='grc'>1.</span> <span class='ocrx_word' id='word_1_7' title='bbox 2075 373 2146 386; x_wconf 89' lang='grc'><strong><em>-</em></strong></span> <span class='ocrx_word' id='word_1_8' title='bbox 2184 341 2461 400; x_wconf 63' lang='grc' dir='ltr'>Ηιῑιιεε.</span> <span class='ocrx_word' id='word_1_9' title='bbox 2490 343 2722 400; x_wconf 75' lang='lat' dir='ltr'><strong>LXXIII.</strong></span> <span class='ocrx_word' id='word_1_10' title='bbox 3237 343 3338 399; x_wconf 73' lang='grc' dir='ltr'><strong>ιιι</strong></span> 
     </span>
    </p>
   </div>
   <div class='ocr_carea' id='block_1_3' title="bbox 171 455 1671 534">
    <p class='ocr_par' dir='ltr' id='par_1_3' title="bbox 171 455 1656 532">
     <span class='ocr_line' id='line_1_3' title="bbox 171 455 1656 532; baseline 0 -20"><span class='ocrx_word' id='word_1_11' title='bbox 171 464 253 530; x_wconf 73' lang='grc' dir='ltr'>ς’.</span> <span class='ocrx_word' id='word_1_12' title='bbox 299 457 361 513; x_wconf 79' lang='lat' dir='ltr'><strong>El</strong></span> <span class='ocrx_word' id='word_1_13' title='bbox 405 455 463 512; x_wconf 85' lang='grc' dir='ltr'>δὲ</span> <span class='ocrx_word' id='word_1_14' title='bbox 497 455 586 512; x_wconf 82' lang='grc' dir='ltr'>διὰ</span> <span class='ocrx_word' id='word_1_15' title='bbox 632 456 693 510; x_wconf 80' lang='grc' dir='ltr'><strong>τὸ</strong></span> <span class='ocrx_word' id='word_1_16' title='bbox 727 456 985 512; x_wconf 82' lang='grc' dir='ltr'>ἀδύνατον</span> <span class='ocrx_word' id='word_1_17' title='bbox 1032 460 1140 514; x_wconf 89' lang='grc' dir='ltr'><strong>τῶν</strong></span> <span class='ocrx_word' id='word_1_18' title='bbox 1183 458 1458 530; x_wconf 83' lang='grc' dir='ltr'><strong>λογισμῶν</strong></span> <span class='ocrx_word' id='word_1_19' title='bbox 1503 457 1521 491; x_wconf 90' lang='grc'>¹</span> <span class='ocrx_word' id='word_1_20' title='bbox 1581 460 1656 532; x_wconf 81' lang='grc' dir='ltr'><strong>μὴ</strong></span> 
     </span>
    </p>
   </div>
   <div class='ocr_carea' id='block_1_4' title="bbox 1839 455 3339 534">
    <p class='ocr_par' dir='ltr' id='par_1_4' title="bbox 1839 459 3339 534">
     <span class='ocr_line' id='line_1_4' title="bbox 1839 459 3339 534; baseline -0.005 -15"><span class='ocrx_word' id='word_1_21' title='bbox 1839 463 1921 519; x_wconf 85' lang='lat' dir='ltr'><strong>Vl.</strong></span> <span class='ocrx_word' id='word_1_22' title='bbox 1965 461 2085 518; x_wconf 81' lang='lat' dir='ltr'><strong>Jam</strong></span> <span class='ocrx_word' id='word_1_23' title='bbox 2117 463 2164 519; x_wconf 88' lang='lat' dir='ltr'><strong>si</strong></span> <span class='ocrx_word' id='word_1_24' title='bbox 2190 471 2478 534; x_wconf 78' lang='lat' dir='ltr'><strong>propterea</strong></span> <span class='ocrx_word' id='word_1_25' title='bbox 2503 460 2651 530; x_wconf 90' lang='lat' dir='ltr'><strong>quod</strong></span> <span class='ocrx_word' id='word_1_26' title='bbox 2678 474 2746 515; x_wconf 88' lang='lat' dir='ltr'><strong>eo</strong></span> <span class='ocrx_word' id='word_1_27' title='bbox 2775 467 3062 531; x_wconf 86' lang='lat' dir='ltr'><strong>penetrare</strong></span> <span class='ocrx_word' id='word_1_28' title='bbox 3103 459 3339 512; x_wconf 80' lang='lat' dir='ltr'><strong>humana</strong></span> 
     </span>
    </p>
   </div>
   <div class='ocr_carea' id='block_1_5' title="bbox 109 544 1609 624">
    <p class='ocr_par' dir='ltr' id='par_1_5' title="bbox 109 544 1609 622">
     <span class='ocr_line' id='line_1_5' title="bbox 109 544 1609 622; baseline -0.001 -16"><span class='ocrx_word' id='word_1_29' title='bbox 109 548 262 622; x_wconf 74' lang='grc' dir='ltr'>εχοιτό</span> <span class='ocrx_word' id='word_1_30' title='bbox 317 565 398 611; x_wconf 91' lang='grc' dir='ltr'><strong>τις</strong></span> <span class='ocrx_word' id='word_1_31' title='bbox 438 547 529 600; x_wconf 83' lang='grc' dir='ltr'><strong>τὸν</strong></span> <span class='ocrx_word' id='word_1_32' title='bbox 567 544 826 618; x_wconf 80' lang='grc' dir='ltr'>λογισμὸν</span> <span class='ocrx_word' id='word_1_33' title='bbox 871 545 1069 616; x_wconf 81' lang='grc' dir='ltr'><strong>γνώσει</strong></span> <span class='ocrx_word' id='word_1_34' title='bbox 1107 547 1280 614; x_wconf 75' lang='grc' dir='ltr'>οὕτως</span> <span class='ocrx_word' id='word_1_35' title='bbox 1302 549 1520 621; x_wconf 78' lang='grc' dir='ltr'><strong>νοηθείη</strong></span> <span class='ocrx_word' id='word_1_36' title='bbox 1549 551 1609 604; x_wconf 72' lang='lat' dir='ltr'><strong>II:</strong></span> 
     </span>
    </p>
   </div>
   <div class='ocr_carea' id='block_1_6' title="bbox 1838 544 3338 624">
    <p class='ocr_par' dir='ltr' id='par_1_6' title="bbox 1838 545 3338 624">
     <span class='ocr_line' id='line_1_6' title="bbox 1838 545 3338 624; baseline -0.004 -18"><span class='ocrx_word' id='word_1_37' title='bbox 1838 552 1905 607; x_wconf 55' lang='lat' dir='ltr'><strong>.io</strong></span> <span class='ocrx_word' id='word_1_38' title='bbox 1935 562 2191 624; x_wconf 77' lang='lat' dir='ltr'><strong>nequeat,</strong></span> <span class='ocrx_word' id='word_1_39' title='bbox 2239 567 2360 608; x_wconf 89' lang='lat' dir='ltr'><strong>eam</strong></span> <span class='ocrx_word' id='word_1_40' title='bbox 2401 552 2457 606; x_wconf 93' lang='lat' dir='ltr'><strong>in</strong></span> <span class='ocrx_word' id='word_1_41' title='bbox 2495 564 2618 607; x_wconf 89' lang='lat' dir='ltr'><strong>sese</strong></span> <span class='ocrx_word' id='word_1_42' title='bbox 2658 549 3028 619; x_wconf 71' lang='lat' dir='ltr'><strong>cognitionem</strong></span> <span class='ocrx_word' id='word_1_43' title='bbox 3076 545 3338 602; x_wconf 74' lang='lat' dir='ltr'><strong>informet</strong></span> 
     </span>
    </p>
   </div>
   <div class='ocr_carea' id='block_1_7' title="bbox 92 635 1592 715">
    <p class='ocr_par' dir='ltr' id='par_1_7' title="bbox 92 635 1592 714">
     <span class='ocr_line' id='line_1_7' title="bbox 92 635 1592 714; baseline 0.002 -22"><span class='ocrx_word' id='word_1_44' title='bbox 92 643 229 714; x_wconf 52' lang='lat' dir='ltr'><strong>,eiyp,</strong></span> <span class='ocrx_word' id='word_1_45' title='bbox 257 637 424 704; x_wconf 81' lang='grc' dir='ltr'>πάθος</span> <span class='ocrx_word' id='word_1_46' title='bbox 449 681 465 706; x_wconf 87' lang='grc'><strong>,</strong></span> <span class='ocrx_word' id='word_1_47' title='bbox 497 638 530 709; x_wconf 79' lang='grc' dir='ltr'>ἦ</span> <span class='ocrx_word' id='word_1_48' title='bbox 566 639 856 710; x_wconf 78' lang='grc' dir='ltr'>μερισμὸν,</span> <span class='ocrx_word' id='word_1_49' title='bbox 893 635 926 710; x_wconf 79' lang='grc' dir='ltr'>ἢ</span> <span class='ocrx_word' id='word_1_50' title='bbox 966 639 1268 712; x_wconf 78' lang='grc' dir='ltr'>ἀπόρροιαν</span> <span class='ocrx_word' id='word_1_51' title='bbox 1296 641 1592 712; x_wconf 82' lang='grc' dir='ltr'>ὐπομένοντ</span> 
     </span>
    </p>
   </div>
   <div class='ocr_carea' id='block_1_8' title="bbox 1839 635 3339 715">
    <p class='ocr_par' dir='ltr' id='par_1_8' title="bbox 1839 639 3339 714">
     <span class='ocr_line' id='line_1_8' title="bbox 1839 639 3339 714; baseline -0.006 -15"><span class='ocrx_word' id='word_1_52' title='bbox 1839 644 2055 714; x_wconf 87' lang='lat' dir='ltr'><strong>ispiam,</strong></span> <span class='ocrx_word' id='word_1_53' title='bbox 2097 652 2157 698; x_wconf 94' lang='lat' dir='ltr'><strong>ut</strong></span> <span class='ocrx_word' id='word_1_54' title='bbox 2190 643 2522 714; x_wconf 82' lang='lat' dir='ltr'><strong>passionem,</strong></span> <span class='ocrx_word' id='word_1_55' title='bbox 2566 649 2666 694; x_wconf 94' lang='lat' dir='ltr'><strong>aut</strong></span> <span class='ocrx_word' id='word_1_56' title='bbox 2693 639 3042 702; x_wconf 85' lang='lat' dir='ltr'><strong>divisionem,</strong></span> <span class='ocrx_word' id='word_1_57' title='bbox 3074 646 3172 691; x_wconf 91' lang='lat' dir='ltr'><strong>aut</strong></span> <span class='ocrx_word' id='word_1_58' title='bbox 3215 651 3339 706; x_wconf 59' lang='lat' dir='ltr'><strong>pro-</strong></span> 
     </span>
    </p>
   </div>
   <div class='ocr_carea' id='block_1_9' title="bbox 106 723 1606 804">
    <p class='ocr_par' dir='ltr' id='par_1_9' title="bbox 106 723 1606 804">
     <span class='ocr_line' id='line_1_9' title="bbox 106 723 1606 804; baseline -0.001 -16"><span class='ocrx_word' id='word_1_59' title='bbox 106 733 187 789; x_wconf 88' lang='grc' dir='ltr'><strong>τοῦ</strong></span> <span class='ocrx_word' id='word_1_60' title='bbox 233 723 470 804; x_wconf 66' lang='grc' dir='ltr'>Πατρός,</span> <span class='ocrx_word' id='word_1_61' title='bbox 505 731 600 784; x_wconf 76' lang='grc' dir='ltr'>καὶ</span> <span class='ocrx_word' id='word_1_62' title='bbox 629 731 1026 802; x_wconf 80' lang='grc' dir='ltr'><strong>παρωσάμενος</strong></span> <span class='ocrx_word' id='word_1_63' title='bbox 1067 733 1168 804; x_wconf 82' lang='grc' dir='ltr'>τὴν</span> <span class='ocrx_word' id='word_1_64' title='bbox 1203 733 1418 798; x_wconf 87' lang='grc' dir='ltr'>πίστιν,</span> <span class='ocrx_word' id='word_1_65' title='bbox 1476 733 1508 804; x_wconf 86' lang='grc' dir='ltr'>ἧ</span> <span class='ocrx_word' id='word_1_66' title='bbox 1557 735 1606 800; x_wconf 74' lang='grc' dir='ltr'>ὐς</span> 
     </span>
    </p>
   </div>
   <div class='ocr_carea' id='block_1_10' title="bbox 1840 723 3340 804">
    <p class='ocr_par' dir='ltr' id='par_1_10' title="bbox 1840 727 3340 804">
     <span class='ocr_line' id='line_1_10' title="bbox 1840 727 3340 804; baseline -0.004 -16"><span class='ocrx_word' id='word_1_67' title='bbox 1840 735 1982 788; x_wconf 88' lang='lat' dir='ltr'><strong>vium</strong></span> <span class='ocrx_word' id='word_1_68' title='bbox 2027 733 2234 804; x_wconf 90' lang='lat' dir='ltr'><strong>aliquid</strong></span> <span class='ocrx_word' id='word_1_69' title='bbox 2282 732 2432 787; x_wconf 86' lang='lat' dir='ltr'><strong>Patri</strong></span> <span class='ocrx_word' id='word_1_70' title='bbox 2483 729 2836 786; x_wconf 88' lang='lat' dir='ltr'><strong>tribuendum</strong></span> <span class='ocrx_word' id='word_1_71' title='bbox 2883 735 3056 798; x_wconf 91' lang='lat' dir='ltr'><strong>putet,</strong></span> <span class='ocrx_word' id='word_1_72' title='bbox 3110 727 3158 782; x_wconf 89' lang='lat' dir='ltr'><strong>si</strong></span> <span class='ocrx_word' id='word_1_73' title='bbox 3210 742 3340 782; x_wconf 87' lang='lat' dir='ltr'><strong>con-</strong></span> 
     </span>
    </p>
   </div>
   <div class='ocr_carea' id='block_1_11' title="bbox 111 817 1611 896">
    <p class='ocr_par' dir='ltr' id='par_1_11' title="bbox 111 820 1611 894">
     <span class='ocr_line' id='line_1_11' title="bbox 111 820 1611 894; baseline -0.001 -16"><span class='ocrx_word' id='word_1_74' title='bbox 111 825 269 894; x_wconf 86' lang='grc' dir='ltr'>ίστησι</span> <span class='ocrx_word' id='word_1_75' title='bbox 299 823 318 854; x_wconf 80' lang='lat'><strong>’</strong></span> <span class='ocrx_word' id='word_1_76' title='bbox 348 821 445 892; x_wconf 83' lang='grc' dir='ltr'>τὴν</span> <span class='ocrx_word' id='word_1_77' title='bbox 473 820 670 892; x_wconf 76' lang='grc' dir='ltr'>εὐσεϐῆ</span> <span class='ocrx_word' id='word_1_78' title='bbox 707 821 836 891; x_wconf 74' lang='grc' dir='ltr'>περὶ</span> <span class='ocrx_word' id='word_1_79' title='bbox 874 820 1086 893; x_wconf 83' lang='grc' dir='ltr'>Πατρδς</span> <span class='ocrx_word' id='word_1_80' title='bbox 1131 823 1227 874; x_wconf 72' lang='grc' dir='ltr'><strong>καὶ</strong></span> <span class='ocrx_word' id='word_1_81' title='bbox 1253 821 1383 875; x_wconf 80' lang='grc' dir='ltr'>Υἱοῦ</span> <span class='ocrx_word' id='word_1_82' title='bbox 1428 823 1611 876; x_wconf 62' lang='grc' dir='ltr'>ἔννοιαι</span> 
     </span>
    </p>
   </div>
   <div class='ocr_carea' id='block_1_12' title="bbox 1839 817 3339 896">
    <p class='ocr_par' dir='ltr' id='par_1_12' title="bbox 1839 817 3339 896">
     <span class='ocr_line' id='line_1_12' title="bbox 1839 817 3339 896; baseline -0.003 -16"><span class='ocrx_word' id='word_1_83' title='bbox 1839 834 1963 896; x_wconf 91' lang='lat' dir='ltr'><strong>npta</strong></span> <span class='ocrx_word' id='word_1_84' title='bbox 1995 825 2121 881; x_wconf 81' lang='lat' dir='ltr'><strong>ﬁdei</strong></span> <span class='ocrx_word' id='word_1_85' title='bbox 2160 825 2372 896; x_wconf 84' lang='lat' dir='ltr'><strong>regula,</strong></span> <span class='ocrx_word' id='word_1_86' title='bbox 2403 839 2525 896; x_wconf 66' lang='lat' dir='ltr'><strong>qua!</strong></span> <span class='ocrx_word' id='word_1_87' title='bbox 2559 824 2648 893; x_wconf 92' lang='lat' dir='ltr'><strong>pie</strong></span> <span class='ocrx_word' id='word_1_88' title='bbox 2679 823 2746 879; x_wconf 90' lang='lat' dir='ltr'><strong>de</strong></span> <span class='ocrx_word' id='word_1_89' title='bbox 2774 821 2936 876; x_wconf 84' lang='lat' dir='ltr'><strong>Patre</strong></span> <span class='ocrx_word' id='word_1_90' title='bbox 2972 835 3037 874; x_wconf 92' lang='lat' dir='ltr'><strong>ac</strong></span> <span class='ocrx_word' id='word_1_91' title='bbox 3078 817 3219 874; x_wconf 85' lang='lat' dir='ltr'><strong>Filio</strong></span> <span class='ocrx_word' id='word_1_92' title='bbox 3248 835 3339 875; x_wconf 86' lang='lat' dir='ltr'><strong>co-</strong></span> 
     </span>
    </p>
   </div>
   <div class='ocr_carea' id='block_1_13' title="bbox 106 911 1606 988">
    <p class='ocr_par' dir='ltr' id='par_1_13' title="bbox 106 912 1606 986">
     <span class='ocr_line' id='line_1_13' title="bbox 106 912 1606 986; baseline 0 -18"><span class='ocrx_word' id='word_1_93' title='bbox 106 915 375 985; x_wconf 83' lang='grc' dir='ltr'>λογισμοὺς</span> <span class='ocrx_word' id='word_1_94' title='bbox 425 913 680 983; x_wconf 87' lang='grc' dir='ltr'>ἀπαιτοίη</span> <span class='ocrx_word' id='word_1_95' title='bbox 709 952 723 977; x_wconf 94' lang='grc'><strong>,</strong></span> <span class='ocrx_word' id='word_1_96' title='bbox 773 912 1102 983; x_wconf 83' lang='grc' dir='ltr'><strong>ἀπαιτητέον</strong></span> <span class='ocrx_word' id='word_1_97' title='bbox 1133 913 1296 967; x_wconf 82' lang='grc' dir='ltr'>αὐτὸν</span> <span class='ocrx_word' id='word_1_98' title='bbox 1342 913 1606 986; x_wconf 76' lang='grc' dir='ltr'>λογισμοῦ</span> 
     </span>
    </p>
   </div>
   <div class='ocr_carea' id='block_1_14' title="bbox 1840 911 3340 988">
    <p class='ocr_par' dir='ltr' id='par_1_14' title="bbox 1840 911 3340 984">
     <span class='ocr_line' id='line_1_14' title="bbox 1840 911 3340 984; baseline -0.003 -13"><span class='ocrx_word' id='word_1_99' title='bbox 1840 925 1914 982; x_wconf 88' lang='lat' dir='ltr'><strong>at,</strong></span> <span class='ocrx_word' id='word_1_100' title='bbox 1950 916 2216 972; x_wconf 88' lang='lat' dir='ltr'><strong>rationem</strong></span> <span class='ocrx_word' id='word_1_101' title='bbox 2247 932 2276 970; x_wconf 91' lang='lat' dir='ltr'><strong>a</strong></span> <span class='ocrx_word' id='word_1_102' title='bbox 2315 916 2476 971; x_wconf 87' lang='lat' dir='ltr'><strong>nobis</strong></span> <span class='ocrx_word' id='word_1_103' title='bbox 2523 916 2725 984; x_wconf 83' lang='lat' dir='ltr'><strong>exigat,</strong></span> <span class='ocrx_word' id='word_1_104' title='bbox 2760 911 3006 968; x_wconf 83' lang='lat' dir='ltr'><strong>vicissim</strong></span> <span class='ocrx_word' id='word_1_105' title='bbox 3049 911 3118 965; x_wconf 88' lang='lat' dir='ltr'><strong>ab</strong></span> <span class='ocrx_word' id='word_1_106' title='bbox 3158 926 3224 966; x_wconf 94' lang='lat' dir='ltr'><strong>eo</strong></span> <span class='ocrx_word' id='word_1_107' title='bbox 3254 927 3340 966; x_wconf 86' lang='lat' dir='ltr'><strong>re-</strong></span> 
     </span>
    </p>
   </div>
   <div class='ocr_carea' id='block_1_15' title="bbox 104 1000 1604 1079">
    <p class='ocr_par' dir='ltr' id='par_1_15' title="bbox 104 1001 1604 1077">
     <span class='ocr_line' id='line_1_15' title="bbox 104 1001 1604 1077; baseline 0.001 -19"><span class='ocrx_word' id='word_1_108' title='bbox 104 1001 262 1069; x_wconf 84' lang='grc' dir='ltr'>πῶς’ό</span> <span class='ocrx_word' id='word_1_109' title='bbox 286 1003 415 1066; x_wconf 77' lang='grc' dir='ltr'>Θεὸς</span> <span class='ocrx_word' id='word_1_110' title='bbox 440 1001 798 1073; x_wconf 67' lang='grc' dir='ltr'>σταυροῦταιι</span> <span class='ocrx_word' id='word_1_111' title='bbox 832 1001 926 1058; x_wconf 74' lang='grc' dir='ltr'><strong>καὶ</strong></span> <span class='ocrx_word' id='word_1_112' title='bbox 973 1002 1090 1067; x_wconf 90' lang='grc' dir='ltr'><strong>πῶς</strong></span> <span class='ocrx_word' id='word_1_113' title='bbox 1123 1003 1184 1057; x_wconf 83' lang='grc' dir='ltr'><strong>τὸ</strong></span> <span class='ocrx_word' id='word_1_114' title='bbox 1217 1006 1526 1077; x_wconf 84' lang='grc' dir='ltr'>μωρότερον</span> <span class='ocrx_word' id='word_1_115' title='bbox 1559 1023 1604 1059; x_wconf 79' lang='grc' dir='ltr'><strong>τι</strong></span> 
     </span>
    </p>
   </div>
   <div class='ocr_carea' id='block_1_16' title="bbox 1841 1000 3341 1079">
    <p class='ocr_par' dir='ltr' id='par_1_16' title="bbox 1841 1000 3341 1076">
     <span class='ocr_line' id='line_1_16' title="bbox 1841 1000 3341 1076; baseline -0.005 -13"><span class='ocrx_word' id='word_1_116' title='bbox 1841 1006 2032 1063; x_wconf 72' lang='lat' dir='ltr'><strong>scenda</strong></span> <span class='ocrx_word' id='word_1_117' title='bbox 2064 1006 2206 1060; x_wconf 83' lang='lat' dir='ltr'><strong>ratio</strong></span> <span class='ocrx_word' id='word_1_118' title='bbox 2236 1014 2341 1072; x_wconf 87' lang='lat' dir='ltr'><strong>est,</strong></span> <span class='ocrx_word' id='word_1_119' title='bbox 2391 1006 2671 1076; x_wconf 90' lang='lat' dir='ltr'><strong>quomodo</strong></span> <span class='ocrx_word' id='word_1_120' title='bbox 2707 1003 2763 1059; x_wconf 94' lang='lat' dir='ltr'><strong>in</strong></span> <span class='ocrx_word' id='word_1_121' title='bbox 2808 1017 2973 1058; x_wconf 90' lang='lat' dir='ltr'><strong>cruce</strong></span> <span class='ocrx_word' id='word_1_122' title='bbox 3005 1000 3231 1057; x_wconf 79' lang='lat' dir='ltr'><strong>suﬂixus</strong></span> <span class='ocrx_word' id='word_1_123' title='bbox 3271 1003 3341 1057; x_wconf 92' lang='lat' dir='ltr'><strong>sit</strong></span> 
     </span>
    </p>
   </div>
   <div class='ocr_carea' id='block_1_17' title="bbox 101 1093 1601 1170">
    <p class='ocr_par' dir='ltr' id='par_1_17' title="bbox 101 1095 1601 1170">
     <span class='ocr_line' id='line_1_17' title="bbox 101 1095 1601 1170; baseline 0.001 -18"><span class='ocrx_word' id='word_1_124' title='bbox 101 1095 432 1166; x_wconf 80' lang='grc' dir='ltr'>εὐαγγελικοῦ</span> <span class='ocrx_word' id='word_1_125' title='bbox 483 1095 834 1167; x_wconf 80' lang='grc' dir='ltr'><strong>κηρύγματος</strong></span> <span class='ocrx_word' id='word_1_126' title='bbox 873 1095 960 1150; x_wconf 84' lang='grc' dir='ltr'><strong>διὰ</strong></span> <span class='ocrx_word' id='word_1_127' title='bbox 989 1096 1052 1150; x_wconf 81' lang='grc' dir='ltr'><strong>τὸ</strong></span> <span class='ocrx_word' id='word_1_128' title='bbox 1083 1097 1464 1168; x_wconf 89' lang='grc' dir='ltr'>ἀσυλλόγιστον</span> <span class='ocrx_word' id='word_1_129' title='bbox 1504 1117 1601 1170; x_wconf 66' lang='grc' dir='ltr'><strong>παι</strong></span> 
     </span>
    </p>
   </div>
   <div class='ocr_carea' id='block_1_18' title="bbox 1841 1093 3341 1170">
    <p class='ocr_par' dir='ltr' id='par_1_18' title="bbox 1841 1093 3341 1168">
     <span class='ocr_line' id='line_1_18' title="bbox 1841 1093 3341 1168; baseline -0.005 -14"><span class='ocrx_word' id='word_1_130' title='bbox 1841 1115 1923 1154; x_wconf 92' lang='lat' dir='ltr'><strong>us.</strong></span> <span class='ocrx_word' id='word_1_131' title='bbox 1963 1096 2101 1151; x_wconf 92' lang='lat' dir='ltr'><strong>Tum</strong></span> <span class='ocrx_word' id='word_1_132' title='bbox 2130 1113 2239 1168; x_wconf 89' lang='lat' dir='ltr'><strong>quo</strong></span> <span class='ocrx_word' id='word_1_133' title='bbox 2268 1104 2429 1168; x_wconf 88' lang='lat' dir='ltr'><strong>pacto</strong></span> <span class='ocrx_word' id='word_1_134' title='bbox 2467 1095 2769 1166; x_wconf 82' lang='lat' dir='ltr'><strong>evangelici</strong></span> <span class='ocrx_word' id='word_1_135' title='bbox 2799 1093 3056 1164; x_wconf 76' lang='lat' dir='ltr'><strong>praeconii</strong></span> <span class='ocrx_word' id='word_1_136' title='bbox 3087 1093 3341 1160; x_wconf 88' lang='lat' dir='ltr'><strong>stultitia,</strong></span> 
     </span>
    </p>
   </div>
   <div class='ocr_carea' id='block_1_19' title="bbox 99 1183 1599 1262">
    <p class='ocr_par' dir='ltr' id='par_1_19' title="bbox 99 1183 1599 1262">
     <span class='ocr_line' id='line_1_19' title="bbox 99 1183 1599 1262; baseline -0.001 -18"><span class='ocrx_word' id='word_1_137' title='bbox 99 1191 196 1252; x_wconf 78' lang='grc' dir='ltr'>τοῖς</span> <span class='ocrx_word' id='word_1_138' title='bbox 223 1186 467 1242; x_wconf 86' lang='grc' dir='ltr'>δοκοῦσιν</span> <span class='ocrx_word' id='word_1_139' title='bbox 506 1183 648 1241; x_wconf 76' lang='grc' dir='ltr'>εῖναι</span> <span class='ocrx_word' id='word_1_140' title='bbox 693 1187 789 1242; x_wconf 86' lang='grc' dir='ltr'><strong>τοῦ</strong></span> <span class='ocrx_word' id='word_1_141' title='bbox 839 1188 1044 1260; x_wconf 80' lang='grc' dir='ltr'>κόσμου</span> <span class='ocrx_word' id='word_1_142' title='bbox 1083 1192 1268 1259; x_wconf 83' lang='grc' dir='ltr'>σοφοῖς</span> <span class='ocrx_word' id='word_1_143' title='bbox 1291 1231 1307 1258; x_wconf 91' lang='grc'><strong>,</strong></span> <span class='ocrx_word' id='word_1_144' title='bbox 1345 1187 1599 1262; x_wconf 73' lang='grc' dir='ltr'>σοφώτερ</span> 
     </span>
    </p>
   </div>
   <div class='ocr_carea' id='block_1_20' title="bbox 1842 1183 3342 1262">
    <p class='ocr_par' dir='ltr' id='par_1_20' title="bbox 1842 1183 3342 1254">
     <span class='ocr_line' id='line_1_20' title="bbox 1842 1183 3342 1254; baseline -0.003 -10"><span class='ocrx_word' id='word_1_145' title='bbox 1842 1204 1877 1244; x_wconf 72' lang='lat' dir='ltr'><strong>e</strong></span> <span class='ocrx_word' id='word_1_146' title='bbox 1909 1188 2063 1244; x_wconf 87' lang='lat' dir='ltr'><strong>rudis</strong></span> <span class='ocrx_word' id='word_1_147' title='bbox 2107 1203 2172 1244; x_wconf 92' lang='lat' dir='ltr'><strong>ac</strong></span> <span class='ocrx_word' id='word_1_148' title='bbox 2205 1188 2353 1242; x_wconf 89' lang='lat' dir='ltr'><strong>nulla</strong></span> <span class='ocrx_word' id='word_1_149' title='bbox 2387 1185 2806 1241; x_wconf 88' lang='lat' dir='ltr'><strong>ratiocinatione</strong></span> <span class='ocrx_word' id='word_1_150' title='bbox 2844 1184 2972 1239; x_wconf 79' lang='lat' dir='ltr'><strong>nixa</strong></span> <span class='ocrx_word' id='word_1_151' title='bbox 3033 1183 3178 1254; x_wconf 88' lang='lat' dir='ltr'><strong>apud</strong></span> <span class='ocrx_word' id='word_1_152' title='bbox 3217 1185 3342 1239; x_wconf 87' lang='lat' dir='ltr'><strong>illos</strong></span> 
     </span>
    </p>
   </div>
   <div class='ocr_carea' id='block_1_21' title="bbox 97 1275 1597 1353">
    <p class='ocr_par' dir='ltr' id='par_1_21' title="bbox 97 1277 1597 1353">
     <span class='ocr_line' id='line_1_21' title="bbox 97 1277 1597 1353; baseline 0 -18"><span class='ocrx_word' id='word_1_153' title='bbox 97 1277 380 1351; x_wconf 84' lang='grc' dir='ltr'>ἀνθρώποις</span> <span class='ocrx_word' id='word_1_154' title='bbox 406 1279 428 1311; x_wconf 83' lang='grc'>³</span> <span class='ocrx_word' id='word_1_155' title='bbox 455 1279 635 1346; x_wconf 75' lang='grc' dir='ltr'>ἐστὶν,</span> <span class='ocrx_word' id='word_1_156' title='bbox 663 1278 759 1343; x_wconf 88' lang='grc' dir='ltr'><strong>οὒς</strong></span> <span class='ocrx_word' id='word_1_157' title='bbox 793 1279 914 1334; x_wconf 79' lang='grc' dir='ltr'>οὐδὲ</span> <span class='ocrx_word' id='word_1_158' title='bbox 945 1279 1103 1350; x_wconf 85' lang='grc' dir='ltr'>λόγου</span> <span class='ocrx_word' id='word_1_159' title='bbox 1133 1279 1276 1344; x_wconf 80' lang='grc' dir='ltr'>ἀξιοῖ</span> <span class='ocrx_word' id='word_1_160' title='bbox 1310 1282 1340 1334; x_wconf 85' lang='grc' dir='ltr'><strong>ό</strong></span> <span class='ocrx_word' id='word_1_161' title='bbox 1385 1281 1597 1353; x_wconf 80' lang='grc' dir='ltr'>μακάρι</span> 
     </span>
    </p>
   </div>
   <div class='ocr_carea' id='block_1_22' title="bbox 1840 1275 3340 1353">
    <p class='ocr_par' dir='ltr' id='par_1_22' title="bbox 1840 1275 3340 1350">
     <span class='ocr_line' id='line_1_22' title="bbox 1840 1275 3340 1350; baseline -0.003 -16"><span class='ocrx_word' id='word_1_162' title='bbox 1840 1287 2036 1344; x_wconf 77' lang='lat' dir='ltr'><strong>isetur,</strong></span> <span class='ocrx_word' id='word_1_163' title='bbox 2067 1279 2159 1350; x_wconf 85' lang='lat' dir='ltr'><strong>qui</strong></span> <span class='ocrx_word' id='word_1_164' title='bbox 2199 1279 2254 1333; x_wconf 93' lang='lat' dir='ltr'><strong>in</strong></span> <span class='ocrx_word' id='word_1_165' title='bbox 2303 1279 2407 1332; x_wconf 90' lang='lat' dir='ltr'><strong>boc</strong></span> <span class='ocrx_word' id='word_1_166' title='bbox 2443 1277 2647 1331; x_wconf 87' lang='lat' dir='ltr'><strong>mundo</strong></span> <span class='ocrx_word' id='word_1_167' title='bbox 2682 1277 2959 1347; x_wconf 89' lang='lat' dir='ltr'><strong>sapientes</strong></span> <span class='ocrx_word' id='word_1_168' title='bbox 2992 1292 3115 1332; x_wconf 91' lang='lat' dir='ltr'><strong>csse</strong></span> <span class='ocrx_word' id='word_1_169' title='bbox 3151 1275 3340 1330; x_wconf 89' lang='lat' dir='ltr'><strong>viden-</strong></span> 
     </span>
    </p>
   </div>
   <div class='ocr_carea' id='block_1_23' title="bbox 98 1366 1598 1443">
    <p class='ocr_par' dir='ltr' id='par_1_23' title="bbox 98 1369 1598 1443">
     <span class='ocr_line' id='line_1_23' title="bbox 98 1369 1598 1443; baseline -0.001 -17"><span class='ocrx_word' id='word_1_170' title='bbox 98 1370 310 1434; x_wconf 77' lang='grc' dir='ltr'><strong>Παῦλος·</strong></span> <span class='ocrx_word' id='word_1_171' title='bbox 350 1369 484 1423; x_wconf 85' lang='grc' dir='ltr'><strong>διότι</strong></span> <span class='ocrx_word' id='word_1_172' title='bbox 514 1369 591 1440; x_wconf 86' lang='grc' dir='ltr'>τῷ</span> <span class='ocrx_word' id='word_1_173' title='bbox 628 1369 1000 1442; x_wconf 78' lang='grc' dir='ltr'>ἀσυλλογίστῳ</span> <span class='ocrx_word' id='word_1_174' title='bbox 1039 1370 1140 1442; x_wconf 83' lang='grc' dir='ltr'><strong>τῆς</strong></span> <span class='ocrx_word' id='word_1_175' title='bbox 1177 1371 1461 1442; x_wconf 82' lang='grc' dir='ltr'>δυνάμεως</span> <span class='ocrx_word' id='word_1_176' title='bbox 1510 1374 1598 1443; x_wconf 80' lang='grc' dir='ltr'><strong>ὲμι</strong></span> 
     </span>
    </p>
   </div>
   <div class='ocr_carea' id='block_1_24' title="bbox 1841 1366 3341 1443">
    <p class='ocr_par' dir='ltr' id='par_1_24' title="bbox 1841 1366 3341 1439">
     <span class='ocr_line' id='line_1_24' title="bbox 1841 1366 3341 1439; baseline -0.003 -14"><span class='ocrx_word' id='word_1_177' title='bbox 1841 1386 1867 1435; x_wconf 81' lang='grc'>’,</span> <span class='ocrx_word' id='word_1_178' title='bbox 1907 1369 2208 1439; x_wconf 89' lang='lat' dir='ltr'><strong>sapientior</strong></span> <span class='ocrx_word' id='word_1_179' title='bbox 2244 1369 2316 1426; x_wconf 90' lang='lat' dir='ltr'><strong>sit</strong></span> <span class='ocrx_word' id='word_1_180' title='bbox 2347 1368 2684 1424; x_wconf 88' lang='lat' dir='ltr'><strong>hominibus.</strong></span> <span class='ocrx_word' id='word_1_181' title='bbox 2733 1366 2882 1435; x_wconf 92' lang='lat' dir='ltr'><strong>Quos</strong></span> <span class='ocrx_word' id='word_1_182' title='bbox 2911 1368 3075 1423; x_wconf 90' lang='lat' dir='ltr'><strong>etiam</strong></span> <span class='ocrx_word' id='word_1_183' title='bbox 3106 1368 3257 1421; x_wconf 91' lang='lat' dir='ltr'><strong>nullo</strong></span> <span class='ocrx_word' id='word_1_184' title='bbox 3288 1367 3341 1421; x_wconf 90' lang='lat' dir='ltr'><strong>in</strong></span> 
     </span>
    </p>
   </div>
   <div class='ocr_carea' id='block_1_25' title="bbox 99 1459 1599 1534">
    <p class='ocr_par' dir='ltr' id='par_1_25' title="bbox 99 1459 1599 1534">
     <span class='ocr_line' id='line_1_25' title="bbox 99 1459 1599 1534; baseline 0.003 -22"><span class='ocrx_word' id='word_1_185' title='bbox 99 1475 208 1531; x_wconf 84' lang='grc' dir='ltr'>ρανε</span> <span class='ocrx_word' id='word_1_186' title='bbox 234 1459 330 1532; x_wconf 83' lang='grc' dir='ltr'><strong>τὴν</strong></span> <span class='ocrx_word' id='word_1_187' title='bbox 364 1460 556 1528; x_wconf 78' lang='grc' dir='ltr'>σοφίαν</span> <span class='ocrx_word' id='word_1_188' title='bbox 586 1459 696 1512; x_wconf 90' lang='grc' dir='ltr'><strong>τῶν</strong></span> <span class='ocrx_word' id='word_1_189' title='bbox 730 1459 1138 1530; x_wconf 79' lang='grc' dir='ltr'>συλλογίζεσθαι</span> <span class='ocrx_word' id='word_1_190' title='bbox 1176 1460 1513 1534; x_wconf 82' lang='grc' dir='ltr'>δυναμένων.</span> <span class='ocrx_word' id='word_1_191' title='bbox 1560 1462 1599 1516; x_wconf 86' lang='grc' dir='ltr'>Ε</span> 
     </span>
    </p>
   </div>
   <div class='ocr_carea' id='block_1_26' title="bbox 1841 1459 3341 1534">
    <p class='ocr_par' dir='ltr' id='par_1_26' title="bbox 1847 1459 3341 1532">
     <span class='ocr_line' id='line_1_26' title="bbox 1847 1459 3341 1532; baseline -0.003 -16"><span class='ocrx_word' id='word_1_192' title='bbox 1847 1477 1880 1516; x_wconf 94' lang='lat' dir='ltr'><strong>o</strong></span> <span class='ocrx_word' id='word_1_193' title='bbox 1919 1462 2072 1518; x_wconf 89' lang='lat' dir='ltr'><strong>ducit</strong></span> <span class='ocrx_word' id='word_1_194' title='bbox 2127 1461 2444 1532; x_wconf 85' lang='lat' dir='ltr'><strong>Apostolus,</strong></span> <span class='ocrx_word' id='word_1_195' title='bbox 2479 1461 2573 1532; x_wconf 88' lang='lat' dir='ltr'><strong>qui</strong></span> <span class='ocrx_word' id='word_1_196' title='bbox 2622 1459 2826 1516; x_wconf 88' lang='lat' dir='ltr'><strong>virtute</strong></span> <span class='ocrx_word' id='word_1_197' title='bbox 2881 1473 2946 1514; x_wconf 91' lang='lat' dir='ltr'><strong>ac</strong></span> <span class='ocrx_word' id='word_1_198' title='bbox 2995 1460 3240 1530; x_wconf 84' lang='lat' dir='ltr'><strong>potentia</strong></span> <span class='ocrx_word' id='word_1_199' title='bbox 3275 1460 3341 1512; x_wconf 91' lang='lat' dir='ltr'><strong>ab</strong></span> 
     </span>
    </p>
   </div>
   <div class='ocr_carea' id='block_1_27' title="bbox 95 1547 1595 1626">
    <p class='ocr_par' dir='ltr' id='par_1_27' title="bbox 95 1547 1595 1624">
     <span class='ocr_line' id='line_1_27' title="bbox 95 1547 1595 1624; baseline 0.001 -20"><span class='ocrx_word' id='word_1_200' title='bbox 95 1567 212 1624; x_wconf 78' lang='grc' dir='ltr'>ρηκε</span> <span class='ocrx_word' id='word_1_201' title='bbox 240 1549 346 1623; x_wconf 84' lang='grc' dir='ltr'>γάρ</span> <span class='ocrx_word' id='word_1_202' title='bbox 369 1568 384 1582; x_wconf 89' lang='grc'><strong>·</strong></span> <span class='ocrx_word' id='word_1_203' title='bbox 415 1547 640 1606; x_wconf 74' lang='grc' dir='ltr'>Ἦλθον</span> <span class='ocrx_word' id='word_1_204' title='bbox 671 1553 1099 1621; x_wconf 75' lang='grc' dir='ltr'>καταγγέλλων</span> <span class='ocrx_word' id='word_1_205' title='bbox 1135 1552 1279 1622; x_wconf 79' lang='grc' dir='ltr'><strong>ὑμῖν</strong></span> <span class='ocrx_word' id='word_1_206' title='bbox 1309 1553 1375 1608; x_wconf 90' lang='grc' dir='ltr'>τὸ</span> <span class='ocrx_word' id='word_1_207' title='bbox 1414 1568 1595 1622; x_wconf 69' lang='grc' dir='ltr'>μυστι</span> 
     </span>
    </p>
   </div>
   <div class='ocr_carea' id='block_1_28' title="bbox 1841 1547 3341 1626">
    <p class='ocr_par' dir='ltr' id='par_1_28' title="bbox 1847 1551 3341 1626">
     <span class='ocr_line' id='line_1_28' title="bbox 1847 1551 3341 1626; baseline -0.003 -18"><span class='ocrx_word' id='word_1_208' title='bbox 1847 1555 1902 1609; x_wconf 91' lang='lat' dir='ltr'><strong>ni</strong></span> <span class='ocrx_word' id='word_1_209' title='bbox 1961 1552 2407 1626; x_wconf 79' lang='lat' dir='ltr'><strong>syllogismorum</strong></span> <span class='ocrx_word' id='word_1_210' title='bbox 2474 1552 2652 1608; x_wconf 88' lang='lat' dir='ltr'><strong>aliena</strong></span> <span class='ocrx_word' id='word_1_211' title='bbox 2702 1551 2864 1617; x_wconf 79' lang='lat' dir='ltr'><strong>fuco,</strong></span> <span class='ocrx_word' id='word_1_212' title='bbox 2927 1551 3341 1606; x_wconf 88' lang='lat' dir='ltr'><strong>dialecticorum</strong></span> 
     </span>
    </p>
   </div>
   <div class='ocr_carea' id='block_1_29' title="bbox 86 1642 1586 1717">
    <p class='ocr_par' dir='ltr' id='par_1_29' title="bbox 86 1642 1586 1716">
     <span class='ocr_line' id='line_1_29' title="bbox 86 1642 1586 1716; baseline 0.002 -20"><span class='ocrx_word' id='word_1_213' title='bbox 86 1660 207 1714; x_wconf 76' lang='lat' dir='ltr'><strong>pm-</strong></span> <span class='ocrx_word' id='word_1_214' title='bbox 239 1642 342 1698; x_wconf 89' lang='grc' dir='ltr'><strong>τοῦ</strong></span> <span class='ocrx_word' id='word_1_215' title='bbox 389 1643 546 1697; x_wconf 85' lang='grc' dir='ltr'>Θεοῦ</span> <span class='ocrx_word' id='word_1_216' title='bbox 575 1683 592 1710; x_wconf 95' lang='grc'><strong>,</strong></span> <span class='ocrx_word' id='word_1_217' title='bbox 639 1643 752 1698; x_wconf 83' lang='grc' dir='ltr'><strong>οὐκ</strong></span> <span class='ocrx_word' id='word_1_218' title='bbox 805 1642 876 1697; x_wconf 85' lang='grc' dir='ltr'><strong>ἐν</strong></span> <span class='ocrx_word' id='word_1_219' title='bbox 910 1643 1098 1712; x_wconf 75' lang='grc' dir='ltr'>σοφίᾳ</span> <span class='ocrx_word' id='word_1_220' title='bbox 1132 1645 1320 1715; x_wconf 73' lang='grc' dir='ltr'>λόγου</span> <span class='ocrx_word' id='word_1_221' title='bbox 1347 1684 1362 1710; x_wconf 93' lang='grc'><strong>,</strong></span> <span class='ocrx_word' id='word_1_222' title='bbox 1417 1644 1518 1699; x_wconf 81' lang='grc' dir='ltr'><strong>ἵνα</strong></span> <span class='ocrx_word' id='word_1_223' title='bbox 1562 1665 1586 1716; x_wconf 66' lang='grc' dir='ltr'><em>ι</em></span> 
     </span>
    </p>
   </div>
   <div class='ocr_carea' id='block_1_30' title="bbox 1839 1642 3339 1717">
    <p class='ocr_par' dir='ltr' id='par_1_30' title="bbox 1839 1642 3339 1717">
     <span class='ocr_line' id='line_1_30' title="bbox 1839 1642 3339 1717; baseline -0.003 -17"><span class='ocrx_word' id='word_1_224' title='bbox 1839 1647 2003 1702; x_wconf 80' lang='grc' dir='ltr'>ιηίυιη</span> <span class='ocrx_word' id='word_1_225' title='bbox 2051 1645 2377 1717; x_wconf 87' lang='lat' dir='ltr'><strong>sapientiam</strong></span> <span class='ocrx_word' id='word_1_226' title='bbox 2421 1643 2672 1700; x_wconf 69' lang='lat' dir='ltr'><strong>stultitim</strong></span> <span class='ocrx_word' id='word_1_227' title='bbox 2720 1643 3019 1700; x_wconf 80' lang='lat' dir='ltr'><strong>damnavit.</strong></span> <span class='ocrx_word' id='word_1_228' title='bbox 3068 1642 3160 1698; x_wconf 88' lang='lat' dir='ltr'><strong>Sic</strong></span> <span class='ocrx_word' id='word_1_229' title='bbox 3195 1642 3339 1698; x_wconf 89' lang='lat' dir='ltr'><strong>enim</strong></span> 
     </span>
    </p>
   </div>
   <div class='ocr_carea' id='block_1_31' title="bbox 93 1731 1593 1810">
    <p class='ocr_par' dir='ltr' id='par_1_31' title="bbox 93 1731 1588 1806">
     <span class='ocr_line' id='line_1_31' title="bbox 93 1731 1588 1806; baseline 0 -16"><span class='ocrx_word' id='word_1_230' title='bbox 93 1733 300 1804; x_wconf 76' lang='grc' dir='ltr'>κενωθῆ</span> <span class='ocrx_word' id='word_1_231' title='bbox 325 1736 360 1790; x_wconf 84' lang='grc' dir='ltr'><em>ὁ</em></span> <span class='ocrx_word' id='word_1_232' title='bbox 386 1734 652 1805; x_wconf 82' lang='grc' dir='ltr'>σταυρὸς</span> <span class='ocrx_word' id='word_1_233' title='bbox 693 1733 802 1790; x_wconf 88' lang='grc' dir='ltr'><strong>τοῦ</strong></span> <span class='ocrx_word' id='word_1_234' title='bbox 837 1735 1116 1804; x_wconf 85' lang='grc' dir='ltr'>Χριστοῦ.</span> <span class='ocrx_word' id='word_1_235' title='bbox 1172 1735 1231 1790; x_wconf 85' lang='grc'><strong>⁸0</strong></span> <span class='ocrx_word' id='word_1_236' title='bbox 1263 1731 1355 1790; x_wconf 79' lang='grc' dir='ltr'><strong>οὖν</strong></span> <span class='ocrx_word' id='word_1_237' title='bbox 1383 1737 1440 1790; x_wconf 76' lang='grc' dir='ltr'>ἐν</span> <span class='ocrx_word' id='word_1_238' title='bbox 1487 1753 1588 1806; x_wconf 89' lang='grc' dir='ltr'><strong>σοφ</strong></span> 
     </span>
    </p>
   </div>
   <div class='ocr_carea' id='block_1_32' title="bbox 1876 1731 3376 1810">
    <p class='ocr_par' dir='ltr' id='par_1_32' title="bbox 1876 1733 3376 1808">
     <span class='ocr_line' id='line_1_32' title="bbox 1876 1733 3376 1808; baseline -0.005 -16"><span class='ocrx_word' id='word_1_239' title='bbox 1876 1737 2036 1792; x_wconf 70' lang='grc' dir='ltr'>ιίιυιιε</span> <span class='ocrx_word' id='word_1_240' title='bbox 2085 1736 2212 1792; x_wconf 87' lang='lat' dir='ltr'><strong>Veni</strong></span> <span class='ocrx_word' id='word_1_241' title='bbox 2247 1737 2558 1808; x_wconf 86' lang='lat' dir='ltr'><strong>mysterium</strong></span> <span class='ocrx_word' id='word_1_242' title='bbox 2601 1735 2701 1789; x_wconf 81' lang='lat' dir='ltr'><strong>Dei</strong></span> <span class='ocrx_word' id='word_1_243' title='bbox 2745 1733 2887 1790; x_wconf 82' lang='lat' dir='ltr'><strong>vobis</strong></span> <span class='ocrx_word' id='word_1_244' title='bbox 2933 1735 3208 1802; x_wconf 84' lang='lat' dir='ltr'><strong>nuntians,</strong></span> <span class='ocrx_word' id='word_1_245' title='bbox 3239 1749 3376 1797; x_wconf 38' lang='lat' dir='ltr'><strong>non.</strong></span> 
     </span>
    </p>
   </div>
   <div class='ocr_carea' id='block_1_33' title="bbox 91 1797 1591 1900">
    <p class='ocr_par' dir='ltr' id='par_1_33' title="bbox 91 1797 1591 1900">
     <span class='ocr_line' id='line_1_33' title="bbox 91 1797 1591 1900; baseline 0 -18"><span class='ocrx_word' id='word_1_246' title='bbox 91 1827 230 1899; x_wconf 82' lang='grc' dir='ltr'>λόγου</span> <span class='ocrx_word' id='word_1_247' title='bbox 265 1797 643 1882; x_wconf 31' lang='grc' dir='ltr'>*ἀπαιτῶν-τὸν</span> <span class='ocrx_word' id='word_1_248' title='bbox 665 1797 965 1900; x_wconf 66' lang='grc' dir='ltr'>μυστήριον</span> <span class='ocrx_word' id='word_1_249' title='bbox 989 1865 1004 1893; x_wconf 93' lang='grc'><strong>,</strong></span> <span class='ocrx_word' id='word_1_250' title='bbox 1041 1825 1180 1898; x_wconf 82' lang='grc' dir='ltr'>μετά</span> <span class='ocrx_word' id='word_1_251' title='bbox 1216 1827 1318 1898; x_wconf 80' lang='grc' dir='ltr'>τῆς</span> <span class='ocrx_word' id='word_1_252' title='bbox 1349 1797 1591 1900; x_wconf 78' lang='grc' dir='ltr'>μωρανθέ</span> 
     </span>
    </p>
   </div>
   <div class='ocr_carea' id='block_1_34' title="bbox 1839 1797 3339 1900">
    <p class='ocr_par' dir='ltr' id='par_1_34' title="bbox 1839 1827 3339 1898">
     <span class='ocr_line' id='line_1_34' title="bbox 1839 1827 3339 1898; baseline -0.004 -16"><span class='ocrx_word' id='word_1_253' title='bbox 1839 1846 1871 1882; x_wconf 73' lang='grc' dir='ltr'>τι</span> <span class='ocrx_word' id='word_1_254' title='bbox 1927 1827 2191 1898; x_wconf 74' lang='lat' dir='ltr'><strong>sapientia</strong></span> <span class='ocrx_word' id='word_1_255' title='bbox 2251 1827 2545 1891; x_wconf 80' lang='lat' dir='ltr'><strong>sermonis,</strong></span> <span class='ocrx_word' id='word_1_256' title='bbox 2606 1835 2664 1879; x_wconf 85' lang='lat' dir='ltr'><strong>ut</strong></span> <span class='ocrx_word' id='word_1_257' title='bbox 2721 1843 2828 1881; x_wconf 82' lang='lat' dir='ltr'><strong>non</strong></span> <span class='ocrx_word' id='word_1_258' title='bbox 2883 1834 3162 1880; x_wconf 84' lang='lat' dir='ltr'><strong>evacuetur</strong></span> <span class='ocrx_word' id='word_1_259' title='bbox 3211 1840 3339 1878; x_wconf 66' lang='lat' dir='ltr'><strong>cru:</strong></span> 
     </span>
    </p>
   </div>
   <div class='ocr_carea' id='block_1_35' title="bbox 93 1916 1593 1992">
    <p class='ocr_par' dir='ltr' id='par_1_35' title="bbox 93 1917 1593 1992">
     <span class='ocr_line' id='line_1_35' title="bbox 93 1917 1593 1992; baseline 0.001 -18"><span class='ocrx_word' id='word_1_260' title='bbox 93 1937 177 1992; x_wconf 82' lang='grc' dir='ltr'><strong>σης</strong></span> <span class='ocrx_word' id='word_1_261' title='bbox 203 1919 393 1990; x_wconf 80' lang='grc' dir='ltr'>σοφίας</span> <span class='ocrx_word' id='word_1_262' title='bbox 425 1918 566 1991; x_wconf 77' lang='grc' dir='ltr'>ἔχων</span> <span class='ocrx_word' id='word_1_263' title='bbox 596 1917 658 1972; x_wconf 78' lang='grc' dir='ltr'>τὸ</span> <span class='ocrx_word' id='word_1_264' title='bbox 689 1918 854 1991; x_wconf 83' lang='grc' dir='ltr'>μέρος</span> <span class='ocrx_word' id='word_1_265' title='bbox 881 1958 898 1984; x_wconf 93' lang='grc'><strong>,</strong></span> <span class='ocrx_word' id='word_1_266' title='bbox 928 1918 1228 1973; x_wconf 84' lang='grc' dir='ltr'>ἀπιστείτω</span> <span class='ocrx_word' id='word_1_267' title='bbox 1267 1919 1290 1952; x_wconf 68' lang='grc'>⁸</span> <span class='ocrx_word' id='word_1_268' title='bbox 1335 1919 1414 1992; x_wconf 82' lang='grc' dir='ltr'>τῷ</span> <span class='ocrx_word' id='word_1_269' title='bbox 1446 1938 1593 1992; x_wconf 72' lang='grc' dir='ltr'>μυστι</span> 
     </span>
    </p>
   </div>
   <div class='ocr_carea' id='block_1_36' title="bbox 1835 1916 3335 1992">
    <p class='ocr_par' dir='ltr' id='par_1_36' title="bbox 1835 1916 3335 1988">
     <span class='ocr_line' id='line_1_36' title="bbox 1835 1916 3335 1988; baseline -0.001 -16"><span class='ocrx_word' id='word_1_270' title='bbox 1835 1919 1955 1974; x_wconf 83' lang='lat' dir='ltr'><strong>risti</strong></span> <span class='ocrx_word' id='word_1_271' title='bbox 1991 1919 2036 1975; x_wconf 85' lang='grc'>⁸.</span> <span class='ocrx_word' id='word_1_272' title='bbox 2073 1917 2441 1986; x_wconf 85' lang='lat' dir='ltr'><strong>Quamobrem</strong></span> <span class='ocrx_word' id='word_1_273' title='bbox 2488 1917 2581 1988; x_wconf 90' lang='lat' dir='ltr'><strong>qui</strong></span> <span class='ocrx_word' id='word_1_274' title='bbox 2621 1916 2895 1973; x_wconf 90' lang='lat' dir='ltr'><strong>sermonis</strong></span> <span class='ocrx_word' id='word_1_275' title='bbox 2935 1916 3206 1988; x_wconf 88' lang='lat' dir='ltr'><strong>sapientia</strong></span> <span class='ocrx_word' id='word_1_276' title='bbox 3238 1916 3335 1975; x_wconf 75' lang='lat' dir='ltr'><strong>ire.</strong></span> 
     </span>
    </p>
   </div>
   <div class='ocr_carea' id='block_1_37' title="bbox 94 2007 1594 2083">
    <p class='ocr_par' dir='ltr' id='par_1_37' title="bbox 94 2010 1571 2083">
     <span class='ocr_line' id='line_1_37' title="bbox 94 2010 1571 2083; baseline 0.001 -18"><span class='ocrx_word' id='word_1_277' title='bbox 94 2013 199 2083; x_wconf 83' lang='grc' dir='ltr'>ρίῳ,</span> <span class='ocrx_word' id='word_1_278' title='bbox 243 2012 324 2066; x_wconf 77' lang='grc' dir='ltr'>ὅτε</span> <span class='ocrx_word' id='word_1_279' title='bbox 379 2010 482 2065; x_wconf 79' lang='grc' dir='ltr'><strong>κᾶν</strong></span> <span class='ocrx_word' id='word_1_280' title='bbox 518 2011 722 2075; x_wconf 75' lang='grc' dir='ltr'>ἐκεῖνος</span> <span class='ocrx_word' id='word_1_281' title='bbox 758 2011 1067 2064; x_wconf 86' lang='grc' dir='ltr'>ἀπιστεῖται</span> <span class='ocrx_word' id='word_1_282' title='bbox 1110 2012 1170 2064; x_wconf 81' lang='grc' dir='ltr'>ὲν</span> <span class='ocrx_word' id='word_1_283' title='bbox 1198 2011 1361 2083; x_wconf 75' lang='grc' dir='ltr'>σοφίᾳ</span> <span class='ocrx_word' id='word_1_284' title='bbox 1411 2011 1571 2082; x_wconf 87' lang='grc' dir='ltr'>λόγου</span> 
     </span>
    </p>
   </div>
   <div class='ocr_carea' id='block_1_38' title="bbox 1841 2007 3341 2083">
    <p class='ocr_par' dir='ltr' id='par_1_38' title="bbox 1841 2007 3341 2080">
     <span class='ocr_line' id='line_1_38' title="bbox 1841 2007 3341 2080; baseline -0.001 -16"><span class='ocrx_word' id='word_1_285' title='bbox 1841 2046 1842 2057; x_wconf 57' lang='grc' dir='ltr'><strong>η</strong></span> <span class='ocrx_word' id='word_1_286' title='bbox 1871 2009 2117 2080; x_wconf 89' lang='lat' dir='ltr'><strong>mysterii</strong></span> <span class='ocrx_word' id='word_1_287' title='bbox 2148 2009 2296 2066; x_wconf 92' lang='lat' dir='ltr'><strong>illius</strong></span> <span class='ocrx_word' id='word_1_288' title='bbox 2339 2009 2606 2064; x_wconf 89' lang='lat' dir='ltr'><strong>rationem</strong></span> <span class='ocrx_word' id='word_1_289' title='bbox 2637 2008 2878 2079; x_wconf 89' lang='lat' dir='ltr'><strong>postulat</strong></span> <span class='ocrx_word' id='word_1_290' title='bbox 2910 2015 2964 2064; x_wconf 89' lang='lat' dir='ltr'><strong>et</strong></span> <span class='ocrx_word' id='word_1_291' title='bbox 2998 2007 3066 2062; x_wconf 88' lang='lat' dir='ltr'><strong>ad</strong></span> <span class='ocrx_word' id='word_1_292' title='bbox 3100 2007 3341 2066; x_wconf 77' lang='lat' dir='ltr'><strong>stultitia‘</strong></span> 
     </span>
    </p>
   </div>
   <div class='ocr_carea' id='block_1_39' title="bbox 90 2099 1590 2181">
    <p class='ocr_par' dir='ltr' id='par_1_39' title="bbox 90 2106 1590 2181">
     <span class='ocr_line' id='line_1_39' title="bbox 90 2106 1590 2181; baseline 0.003 -21"><span class='ocrx_word' id='word_1_293' title='bbox 90 2106 311 2171; x_wconf 83' lang='grc' dir='ltr'>Παῦλος,</span> <span class='ocrx_word' id='word_1_294' title='bbox 343 2107 436 2162; x_wconf 80' lang='grc' dir='ltr'><strong>ἵνα</strong></span> <span class='ocrx_word' id='word_1_295' title='bbox 467 2107 543 2178; x_wconf 83' lang='grc' dir='ltr'>μὴ</span> <span class='ocrx_word' id='word_1_296' title='bbox 583 2106 794 2178; x_wconf 79' lang='grc' dir='ltr'>κενωθῇ</span> <span class='ocrx_word' id='word_1_297' title='bbox 836 2108 866 2160; x_wconf 85' lang='grc' dir='ltr'><strong>ό</strong></span> <span class='ocrx_word' id='word_1_298' title='bbox 893 2106 1126 2179; x_wconf 74' lang='grc' dir='ltr'>σταυρὸς</span> <span class='ocrx_word' id='word_1_299' title='bbox 1164 2106 1258 2161; x_wconf 87' lang='grc' dir='ltr'><strong>τοῦ</strong></span> <span class='ocrx_word' id='word_1_300' title='bbox 1297 2109 1554 2181; x_wconf 81' lang='grc' dir='ltr'>Χριστοῦ.</span> <span class='ocrx_word' id='word_1_301' title='bbox 1587 2109 1590 2163; x_wconf 76' lang='grc' dir='ltr'><strong>ξ</strong></span> 
     </span>
    </p>
   </div>
   <div class='ocr_carea' id='block_1_40' title="bbox 1841 2099 3341 2181">
    <p class='ocr_par' dir='ltr' id='par_1_40' title="bbox 1841 2099 3341 2173">
     <span class='ocr_line' id='line_1_40' title="bbox 1841 2099 3341 2173; baseline 0 -17"><span class='ocrx_word' id='word_1_302' title='bbox 1841 2102 2059 2156; x_wconf 80' lang='lat' dir='ltr'><strong>ivictam</strong></span> <span class='ocrx_word' id='word_1_303' title='bbox 2089 2101 2237 2155; x_wconf 91' lang='lat' dir='ltr'><strong>illam</strong></span> <span class='ocrx_word' id='word_1_304' title='bbox 2269 2099 2593 2171; x_wconf 88' lang='lat' dir='ltr'><strong>sapientiam</strong></span> <span class='ocrx_word' id='word_1_305' title='bbox 2625 2099 2905 2171; x_wconf 88' lang='lat' dir='ltr'><strong>ascriptus</strong></span> <span class='ocrx_word' id='word_1_306' title='bbox 2936 2108 3042 2166; x_wconf 91' lang='lat' dir='ltr'><strong>est,</strong></span> <span class='ocrx_word' id='word_1_307' title='bbox 3079 2101 3341 2173; x_wconf 87' lang='lat' dir='ltr'><strong>mysterio</strong></span> 
     </span>
    </p>
   </div>
   <div class='ocr_carea' id='block_1_41' title="bbox 89 2191 1589 2273">
    <p class='ocr_par' dir='ltr' id='par_1_41' title="bbox 89 2199 1589 2273">
     <span class='ocr_line' id='line_1_41' title="bbox 89 2199 1589 2273; baseline 0.001 -20"><span class='ocrx_word' id='word_1_308' title='bbox 89 2200 136 2254; x_wconf 82' lang='grc' dir='ltr'>δὲ</span> <span class='ocrx_word' id='word_1_309' title='bbox 158 2201 208 2252; x_wconf 81' lang='grc' dir='ltr'><strong>έν</strong></span> <span class='ocrx_word' id='word_1_310' title='bbox 235 2199 444 2263; x_wconf 78' lang='grc' dir='ltr'>τούτοις</span> <span class='ocrx_word' id='word_1_311' title='bbox 470 2199 845 2271; x_wconf 83' lang='grc' dir='ltr'>ἀποκρίνεται,</span> <span class='ocrx_word' id='word_1_312' title='bbox 877 2199 977 2253; x_wconf 83' lang='grc' dir='ltr'><strong>οὐκ</strong></span> <span class='ocrx_word' id='word_1_313' title='bbox 1005 2199 1064 2254; x_wconf 86' lang='grc' dir='ltr'><strong>έν</strong></span> <span class='ocrx_word' id='word_1_314' title='bbox 1101 2199 1263 2273; x_wconf 80' lang='grc' dir='ltr'>σοφίᾳ</span> <span class='ocrx_word' id='word_1_315' title='bbox 1297 2199 1483 2270; x_wconf 89' lang='grc' dir='ltr'>λόγου,</span> <span class='ocrx_word' id='word_1_316' title='bbox 1512 2201 1589 2256; x_wconf 79' lang='grc' dir='ltr'>ἀλ]</span> 
     </span>
    </p>
   </div>
   <div class='ocr_carea' id='block_1_42' title="bbox 1839 2191 3339 2273">
    <p class='ocr_par' dir='ltr' id='par_1_42' title="bbox 1839 2191 3339 2264">
     <span class='ocr_line' id='line_1_42' title="bbox 1839 2191 3339 2264; baseline 0.001 -17"><span class='ocrx_word' id='word_1_317' title='bbox 1839 2208 1915 2251; x_wconf 79' lang='lat' dir='ltr'><strong>em</strong></span> <span class='ocrx_word' id='word_1_318' title='bbox 1948 2193 2194 2262; x_wconf 82' lang='lat' dir='ltr'><strong>abroget.</strong></span> <span class='ocrx_word' id='word_1_319' title='bbox 2230 2191 2684 2264; x_wconf 84' lang='lat' dir='ltr'><strong>Quandoquidem</strong></span> <span class='ocrx_word' id='word_1_320' title='bbox 2713 2191 2920 2249; x_wconf 89' lang='lat' dir='ltr'><strong>Paulus</strong></span> <span class='ocrx_word' id='word_1_321' title='bbox 2955 2193 3226 2249; x_wconf 85' lang='lat' dir='ltr'><strong>sermonis</strong></span> <span class='ocrx_word' id='word_1_322' title='bbox 3252 2208 3339 2250; x_wconf 82' lang='lat' dir='ltr'><strong>sa-</strong></span> 
     </span>
    </p>
   </div>
   <div class='ocr_carea' id='block_1_43' title="bbox 92 2282 1592 2366">
    <p class='ocr_par' dir='ltr' id='par_1_43' title="bbox 92 2291 1592 2363">
     <span class='ocr_line' id='line_1_43' title="bbox 92 2291 1592 2363; baseline 0.001 -17"><span class='ocrx_word' id='word_1_323' title='bbox 92 2292 280 2363; x_wconf 83' lang='grc' dir='ltr'>μωρίαν</span> <span class='ocrx_word' id='word_1_324' title='bbox 307 2293 492 2346; x_wconf 79' lang='grc' dir='ltr'>πᾶσαν</span> <span class='ocrx_word' id='word_1_325' title='bbox 523 2291 938 2363; x_wconf 83' lang='grc' dir='ltr'>συλλογιστικὴν</span> <span class='ocrx_word' id='word_1_326' title='bbox 969 2293 1162 2362; x_wconf 82' lang='grc' dir='ltr'>σοφίαν</span> <span class='ocrx_word' id='word_1_327' title='bbox 1187 2293 1412 2363; x_wconf 77' lang='grc' dir='ltr'>ἐλέγξας</span> <span class='ocrx_word' id='word_1_328' title='bbox 1443 2292 1532 2348; x_wconf 82' lang='grc' dir='ltr'><strong>διὰ</strong></span> <span class='ocrx_word' id='word_1_329' title='bbox 1553 2295 1592 2348; x_wconf 66' lang='lat' dir='ltr'><strong>&#39;rT</strong></span> 
     </span>
    </p>
   </div>
   <div class='ocr_carea' id='block_1_44' title="bbox 1827 2282 3327 2366">
    <p class='ocr_par' dir='ltr' id='par_1_44' title="bbox 1827 2282 3327 2350">
     <span class='ocr_line' id='line_1_44' title="bbox 1827 2282 3327 2350; baseline 0 -11"><span class='ocrx_word' id='word_1_330' title='bbox 1827 2284 1973 2339; x_wconf 67' lang='lat' dir='ltr'><strong>:ntiaa</strong></span> <span class='ocrx_word' id='word_1_331' title='bbox 2005 2282 2216 2340; x_wconf 88' lang='lat' dir='ltr'><strong>dilIisus</strong></span> <span class='ocrx_word' id='word_1_332' title='bbox 2259 2293 2367 2350; x_wconf 89' lang='lat' dir='ltr'><strong>est,</strong></span> <span class='ocrx_word' id='word_1_333' title='bbox 2403 2292 2462 2339; x_wconf 88' lang='lat' dir='ltr'><strong>ut</strong></span> <span class='ocrx_word' id='word_1_334' title='bbox 2502 2301 2570 2340; x_wconf 87' lang='lat' dir='ltr'><strong>ne</strong></span> <span class='ocrx_word' id='word_1_335' title='bbox 2598 2283 2805 2340; x_wconf 89' lang='lat' dir='ltr'><strong>Christi</strong></span> <span class='ocrx_word' id='word_1_336' title='bbox 2843 2301 2979 2342; x_wconf 78' lang='lat' dir='ltr'><strong>crux</strong></span> <span class='ocrx_word' id='word_1_337' title='bbox 3015 2299 3189 2340; x_wconf 82' lang='lat' dir='ltr'><strong>vacua</strong></span> <span class='ocrx_word' id='word_1_338' title='bbox 3219 2285 3327 2342; x_wconf 85' lang='lat' dir='ltr'><strong>red-</strong></span> 
     </span>
    </p>
   </div>
   <div class='ocr_carea' id='block_1_45' title="bbox 87 2375 1587 2457">
    <p class='ocr_par' dir='ltr' id='par_1_45' title="bbox 87 2383 1587 2457">
     <span class='ocr_line' id='line_1_45' title="bbox 87 2383 1587 2457; baseline -0.003 -16"><span class='ocrx_word' id='word_1_339' title='bbox 87 2386 446 2456; x_wconf 80' lang='grc' dir='ltr'>ἀσυλλογίστου</span> <span class='ocrx_word' id='word_1_340' title='bbox 473 2386 756 2456; x_wconf 83' lang='grc' dir='ltr'>δυνάμεως</span> <span class='ocrx_word' id='word_1_341' title='bbox 778 2423 792 2449; x_wconf 92' lang='grc'><strong>,</strong></span> <span class='ocrx_word' id='word_1_342' title='bbox 841 2383 940 2456; x_wconf 77' lang='grc' dir='ltr'><strong>τὴν</strong></span> <span class='ocrx_word' id='word_1_343' title='bbox 969 2385 1156 2442; x_wconf 88' lang='grc' dir='ltr'>πίστιν</span> <span class='ocrx_word' id='word_1_344' title='bbox 1187 2385 1354 2457; x_wconf 86' lang='grc' dir='ltr'>μόνην</span> <span class='ocrx_word' id='word_1_345' title='bbox 1380 2385 1587 2457; x_wconf 60' lang='grc' dir='ltr'>λαμὸάκ</span> 
     </span>
    </p>
   </div>
   <div class='ocr_carea' id='block_1_46' title="bbox 1842 2375 3342 2457">
    <p class='ocr_par' dir='ltr' id='par_1_46' title="bbox 1842 2375 3342 2449">
     <span class='ocr_line' id='line_1_46' title="bbox 1842 2375 3342 2449; baseline 0 -17"><span class='ocrx_word' id='word_1_346' title='bbox 1842 2384 1996 2434; x_wconf 63' lang='grc' dir='ltr'>εμπ.</span> <span class='ocrx_word' id='word_1_347' title='bbox 2027 2375 2187 2442; x_wconf 86' lang='lat' dir='ltr'><strong>Quod</strong></span> <span class='ocrx_word' id='word_1_348' title='bbox 2227 2376 2276 2448; x_wconf 81' lang='lat' dir='ltr'><strong>si</strong></span> <span class='ocrx_word' id='word_1_349' title='bbox 2311 2376 2517 2449; x_wconf 91' lang='lat' dir='ltr'><strong>aliquid</strong></span> <span class='ocrx_word' id='word_1_350' title='bbox 2562 2392 2626 2433; x_wconf 88' lang='lat' dir='ltr'><strong>ea</strong></span> <span class='ocrx_word' id='word_1_351' title='bbox 2673 2377 2742 2434; x_wconf 91' lang='lat' dir='ltr'><strong>de</strong></span> <span class='ocrx_word' id='word_1_352' title='bbox 2786 2393 2846 2434; x_wconf 87' lang='lat' dir='ltr'><strong>re</strong></span> <span class='ocrx_word' id='word_1_353' title='bbox 2887 2377 3199 2448; x_wconf 78' lang='lat' dir='ltr'><strong>respondet,</strong></span> <span class='ocrx_word' id='word_1_354' title='bbox 3233 2393 3342 2434; x_wconf 90' lang='lat' dir='ltr'><strong>non</strong></span> 
     </span>
    </p>
   </div>
   <div class='ocr_carea' id='block_1_47' title="bbox 89 2465 1589 2550">
    <p class='ocr_par' dir='ltr' id='par_1_47' title="bbox 89 2476 1586 2550">
     <span class='ocr_line' id='line_1_47' title="bbox 89 2476 1586 2550; baseline -0.001 -18"><span class='ocrx_word' id='word_1_355' title='bbox 89 2479 204 2550; x_wconf 81' lang='grc' dir='ltr'>πρὸς</span> <span class='ocrx_word' id='word_1_356' title='bbox 245 2477 522 2549; x_wconf 72' lang='grc' dir='ltr'>σωτηρίαν</span> <span class='ocrx_word' id='word_1_357' title='bbox 561 2476 672 2532; x_wconf 85' lang='grc' dir='ltr'><strong>τῶν</strong></span> <span class='ocrx_word' id='word_1_358' title='bbox 719 2476 781 2530; x_wconf 77' lang='grc' dir='ltr'><strong>τὸ</strong></span> <span class='ocrx_word' id='word_1_359' title='bbox 825 2476 1090 2548; x_wconf 83' lang='grc' dir='ltr'>κήρυγμα</span> <span class='ocrx_word' id='word_1_360' title='bbox 1137 2476 1464 2548; x_wconf 83' lang='grc' dir='ltr'>δεχομένων.</span> <span class='ocrx_word' id='word_1_361' title='bbox 1513 2479 1586 2531; x_wconf 91' lang='grc' dir='ltr'>Οὐ</span> 
     </span>
    </p>
   </div>
   <div class='ocr_carea' id='block_1_48' title="bbox 1839 2465 3339 2550">
    <p class='ocr_par' dir='ltr' id='par_1_48' title="bbox 1839 2467 3339 2541">
     <span class='ocr_line' id='line_1_48' title="bbox 1839 2467 3339 2541; baseline 0 -18"><span class='ocrx_word' id='word_1_362' title='bbox 1839 2483 1902 2523; x_wconf 80' lang='lat' dir='ltr'><strong>ex</strong></span> <span class='ocrx_word' id='word_1_363' title='bbox 1948 2469 2056 2524; x_wconf 88' lang='lat' dir='ltr'><strong>ista</strong></span> <span class='ocrx_word' id='word_1_364' title='bbox 2090 2469 2365 2524; x_wconf 87' lang='lat' dir='ltr'><strong>sermonis</strong></span> <span class='ocrx_word' id='word_1_365' title='bbox 2394 2467 2662 2538; x_wconf 85' lang='lat' dir='ltr'><strong>sapientia</strong></span> <span class='ocrx_word' id='word_1_366' title='bbox 2709 2467 2862 2534; x_wconf 80' lang='lat' dir='ltr'><strong>facit,</strong></span> <span class='ocrx_word' id='word_1_367' title='bbox 2895 2468 2992 2526; x_wconf 87' lang='lat' dir='ltr'><strong>sed</strong></span> <span class='ocrx_word' id='word_1_368' title='bbox 3024 2469 3075 2525; x_wconf 83' lang='lat' dir='ltr'><strong>vi</strong></span> <span class='ocrx_word' id='word_1_369' title='bbox 3101 2469 3339 2541; x_wconf 79' lang='lat' dir='ltr'><strong>quadam</strong></span> 
     </span>
    </p>
   </div>
   <div class='ocr_carea' id='block_1_49' title="bbox 87 2558 1587 2639">
    <p class='ocr_par' dir='ltr' id='par_1_49' title="bbox 87 2564 1587 2639">
     <span class='ocr_line' id='line_1_49' title="bbox 87 2564 1587 2639; baseline -0.001 -18"><span class='ocrx_word' id='word_1_370' title='bbox 87 2565 419 2639; x_wconf 77' lang='grc' dir='ltr'>ἀποκρίνεται</span> <span class='ocrx_word' id='word_1_371' title='bbox 453 2565 572 2630; x_wconf 87' lang='grc' dir='ltr'><strong>πῶς</strong></span> <span class='ocrx_word' id='word_1_372' title='bbox 615 2565 646 2618; x_wconf 81' lang='grc' dir='ltr'>ὁ</span> <span class='ocrx_word' id='word_1_373' title='bbox 691 2565 880 2638; x_wconf 79' lang='grc' dir='ltr'>Πατὴρ</span> <span class='ocrx_word' id='word_1_374' title='bbox 908 2564 1137 2629; x_wconf 83' lang='grc' dir='ltr'>ἀπαθῶς</span> <span class='ocrx_word' id='word_1_375' title='bbox 1167 2567 1332 2637; x_wconf 78' lang='grc' dir='ltr'>γεννᾷ</span> <span class='ocrx_word' id='word_1_376' title='bbox 1361 2565 1454 2620; x_wconf 84' lang='grc' dir='ltr'><strong>τὸν</strong></span> <span class='ocrx_word' id='word_1_377' title='bbox 1493 2566 1587 2620; x_wconf 75' lang='grc' dir='ltr'><strong>Υἱὸ</strong></span> 
     </span>
    </p>
   </div>
   <div class='ocr_carea' id='block_1_50' title="bbox 1842 2558 3342 2639">
    <p class='ocr_par' dir='ltr' id='par_1_50' title="bbox 1842 2558 3342 2632">
     <span class='ocr_line' id='line_1_50' title="bbox 1842 2558 3342 2632; baseline 0.001 -19"><span class='ocrx_word' id='word_1_378' title='bbox 1842 2558 2193 2616; x_wconf 88' lang='lat' dir='ltr'><strong>iocinationis</strong></span> <span class='ocrx_word' id='word_1_379' title='bbox 2248 2567 2474 2630; x_wconf 82' lang='lat' dir='ltr'><strong>experte</strong></span> <span class='ocrx_word' id='word_1_380' title='bbox 2526 2561 2870 2617; x_wconf 87' lang='lat' dir='ltr'><strong>dialecticam</strong></span> <span class='ocrx_word' id='word_1_381' title='bbox 2903 2561 3069 2632; x_wconf 75' lang='lat'><strong>852</strong></span> <span class='ocrx_word' id='word_1_382' title='bbox 3126 2576 3342 2618; x_wconf 89' lang='lat' dir='ltr'><strong>omnem</strong></span> 
     </span>
    </p>
   </div>
   <div class='ocr_carea' id='block_1_51' title="bbox 89 2651 1589 2730">
    <p class='ocr_par' dir='ltr' id='par_1_51' title="bbox 89 2657 1588 2730">
     <span class='ocr_line' id='line_1_51' title="bbox 89 2657 1588 2730; baseline 0 -18"><span class='ocrx_word' id='word_1_383' title='bbox 89 2659 162 2712; x_wconf 82' lang='grc' dir='ltr'><strong>ίνα</strong></span> <span class='ocrx_word' id='word_1_384' title='bbox 190 2659 259 2730; x_wconf 79' lang='grc' dir='ltr'><strong>μὴ</strong></span> <span class='ocrx_word' id='word_1_385' title='bbox 284 2657 499 2730; x_wconf 83' lang='grc' dir='ltr'>κενωθῇ</span> <span class='ocrx_word' id='word_1_386' title='bbox 522 2657 582 2711; x_wconf 80' lang='grc' dir='ltr'>τὸ</span> <span class='ocrx_word' id='word_1_387' title='bbox 610 2658 911 2729; x_wconf 84' lang='grc' dir='ltr'>μυστήριον</span> <span class='ocrx_word' id='word_1_388' title='bbox 933 2657 1034 2728; x_wconf 85' lang='grc' dir='ltr'><strong>τῆς</strong></span> <span class='ocrx_word' id='word_1_389' title='bbox 1063 2658 1129 2710; x_wconf 84' lang='grc' dir='ltr'>ὲκ</span> <span class='ocrx_word' id='word_1_390' title='bbox 1167 2657 1381 2729; x_wconf 83' lang='grc' dir='ltr'>Πατρὸς</span> <span class='ocrx_word' id='word_1_391' title='bbox 1400 2657 1588 2729; x_wconf 81' lang='grc' dir='ltr'>υίότητ</span> 
     </span>
    </p>
   </div>
   <div class='ocr_carea' id='block_1_52' title="bbox 1841 2651 3341 2730">
    <p class='ocr_par' dir='ltr' id='par_1_52' title="bbox 1841 2651 3341 2725">
     <span class='ocr_line' id='line_1_52' title="bbox 1841 2651 3341 2725; baseline 0.001 -20"><span class='ocrx_word' id='word_1_392' title='bbox 1841 2651 2005 2706; x_wconf 75' lang='lat' dir='ltr'><strong>&#39;itiam</strong></span> <span class='ocrx_word' id='word_1_393' title='bbox 2064 2651 2388 2710; x_wconf 88' lang='lat' dir='ltr'><strong>stoliditatis</strong></span> <span class='ocrx_word' id='word_1_394' title='bbox 2437 2653 2798 2718; x_wconf 73' lang='lat' dir='ltr'><strong>cenvincens,</strong></span> <span class='ocrx_word' id='word_1_395' title='bbox 2855 2654 2926 2708; x_wconf 88' lang='lat' dir='ltr'><strong>ad</strong></span> <span class='ocrx_word' id='word_1_396' title='bbox 2973 2670 3187 2720; x_wconf 89' lang='lat' dir='ltr'><strong>eorum,</strong></span> <span class='ocrx_word' id='word_1_397' title='bbox 3249 2653 3341 2725; x_wconf 90' lang='lat' dir='ltr'><strong>qui</strong></span> 
     </span>
    </p>
   </div>
   <div class='ocr_carea' id='block_1_53' title="bbox 86 2743 1586 2819">
    <p class='ocr_par' dir='ltr' id='par_1_53' title="bbox 86 2743 1586 2819">
     <span class='ocr_line' id='line_1_53' title="bbox 86 2743 1586 2819; baseline 0 -21"><span class='ocrx_word' id='word_1_398' title='bbox 86 2744 164 2798; x_wconf 79' lang='grc' dir='ltr'><strong>τοῦ</strong></span> <span class='ocrx_word' id='word_1_399' title='bbox 203 2743 560 2814; x_wconf 82' lang='grc' dir='ltr'>Μονογενοῦς.</span> <span class='ocrx_word' id='word_1_400' title='bbox 626 2744 786 2798; x_wconf 82' lang='grc' dir='ltr'>’Δλλά</span> <span class='ocrx_word' id='word_1_401' title='bbox 837 2745 1259 2817; x_wconf 82' lang='grc' dir='ltr'>μωραινομένην</span> <span class='ocrx_word' id='word_1_402' title='bbox 1296 2747 1396 2819; x_wconf 83' lang='grc' dir='ltr'><strong>τὴν</strong></span> <span class='ocrx_word' id='word_1_403' title='bbox 1455 2748 1586 2817; x_wconf 51' lang='lat' dir='ltr'><strong>copit</strong></span> 
     </span>
    </p>
   </div>
   <div class='ocr_carea' id='block_1_54' title="bbox 1845 2743 3345 2819">
    <p class='ocr_par' dir='ltr' id='par_1_54' title="bbox 1845 2743 3345 2815">
     <span class='ocr_line' id='line_1_54' title="bbox 1845 2743 3345 2815; baseline 0.003 -19"><span class='ocrx_word' id='word_1_404' title='bbox 1845 2743 2126 2815; x_wconf 26' lang='lat' dir='ltr'><strong>.ngelicum</strong></span> <span class='ocrx_word' id='word_1_405' title='bbox 2173 2745 2513 2815; x_wconf 68' lang='lat' dir='ltr'><strong>praeconium</strong></span> <span class='ocrx_word' id='word_1_406' title='bbox 2545 2745 2870 2809; x_wconf 88' lang='lat' dir='ltr'><strong>admittunt,</strong></span> <span class='ocrx_word' id='word_1_407' title='bbox 2917 2747 3153 2802; x_wconf 89' lang='lat' dir='ltr'><strong>salutem</strong></span> <span class='ocrx_word' id='word_1_408' title='bbox 3207 2745 3345 2800; x_wconf 84' lang='lat' dir='ltr'><strong>nihil</strong></span> 
     </span>
    </p>
   </div>
   <div class='ocr_carea' id='block_1_55' title="bbox 87 2834 1587 2908">
    <p class='ocr_par' dir='ltr' id='par_1_55' title="bbox 87 2835 1587 2908">
     <span class='ocr_line' id='line_1_55' title="bbox 87 2835 1587 2908; baseline 0.001 -18"><span class='ocrx_word' id='word_1_409' title='bbox 87 2837 177 2891; x_wconf 81' lang='grc' dir='ltr'><strong>τῶν</strong></span> <span class='ocrx_word' id='word_1_410' title='bbox 213 2837 448 2890; x_wconf 86' lang='grc' dir='ltr'>συνετῶν</span> <span class='ocrx_word' id='word_1_411' title='bbox 483 2835 666 2907; x_wconf 84' lang='grc' dir='ltr'>(καθά</span> <span class='ocrx_word' id='word_1_412' title='bbox 709 2836 1059 2908; x_wconf 79' lang='grc' dir='ltr'>γέγραπταιο</span> <span class='ocrx_word' id='word_1_413' title='bbox 1093 2837 1221 2891; x_wconf 86' lang='grc' dir='ltr'>Ποῦ</span> <span class='ocrx_word' id='word_1_414' title='bbox 1270 2837 1465 2907; x_wconf 69' lang='grc' dir='ltr'>σοφὸς</span> <span class='ocrx_word' id='word_1_415' title='bbox 1488 2877 1503 2902; x_wconf 93' lang='grc'><strong>,</strong></span> <span class='ocrx_word' id='word_1_416' title='bbox 1530 2851 1587 2892; x_wconf 70' lang='grc' dir='ltr'>πε</span> 
     </span>
    </p>
   </div>
   <div class='ocr_carea' id='block_1_56' title="bbox 1844 2834 3344 2908">
    <p class='ocr_par' dir='ltr' id='par_1_56' title="bbox 1844 2834 3344 2908">
     <span class='ocr_line' id='line_1_56' title="bbox 1844 2834 3344 2908; baseline 0.002 -19"><span class='ocrx_word' id='word_1_417' title='bbox 1844 2842 1953 2890; x_wconf 80' lang='lat' dir='ltr'><strong>eter</strong></span> <span class='ocrx_word' id='word_1_418' title='bbox 1993 2834 2152 2892; x_wconf 83' lang='lat' dir='ltr'><strong>ﬁdem</strong></span> <span class='ocrx_word' id='word_1_419' title='bbox 2193 2835 2565 2892; x_wconf 80' lang='lat' dir='ltr'><strong>adhibendum</strong></span> <span class='ocrx_word' id='word_1_420' title='bbox 2605 2845 2781 2908; x_wconf 91' lang='lat' dir='ltr'><strong>putat.</strong></span> <span class='ocrx_word' id='word_1_421' title='bbox 2815 2836 3002 2907; x_wconf 85' lang='lat' dir='ltr'><strong>Neque</strong></span> <span class='ocrx_word' id='word_1_422' title='bbox 3040 2853 3172 2894; x_wconf 86' lang='lat' dir='ltr'><strong>vero</strong></span> <span class='ocrx_word' id='word_1_423' title='bbox 3203 2853 3344 2908; x_wconf 82' lang='lat' dir='ltr'><strong>quac-</strong></span> 
     </span>
    </p>
   </div>
   <div class='ocr_carea' id='block_1_57' title="bbox 85 2926 1585 3002">
    <p class='ocr_par' dir='ltr' id='par_1_57' title="bbox 85 2927 1585 3000">
     <span class='ocr_line' id='line_1_57' title="bbox 85 2927 1585 3000; baseline -0.001 -16"><span class='ocrx_word' id='word_1_424' title='bbox 85 2929 452 3000; x_wconf 69' lang='grc' dir='ltr'>ψαμματεὺς,</span> <span class='ocrx_word' id='word_1_425' title='bbox 487 2927 606 2984; x_wconf 81' lang='grc' dir='ltr'><strong>ποῦ</strong></span> <span class='ocrx_word' id='word_1_426' title='bbox 639 2927 978 2997; x_wconf 68' lang='grc' dir='ltr'>συζῆτητὴς</span> <span class='ocrx_word' id='word_1_427' title='bbox 1002 2927 1108 2982; x_wconf 88' lang='grc' dir='ltr'><strong>τοῦ</strong></span> <span class='ocrx_word' id='word_1_428' title='bbox 1135 2927 1352 2996; x_wconf 79' lang='grc' dir='ltr'>αίῶνος</span> <span class='ocrx_word' id='word_1_429' title='bbox 1378 2930 1585 2984; x_wconf 86' lang='grc' dir='ltr'>τούτου</span> 
     </span>
    </p>
   </div>
   <div class='ocr_carea' id='block_1_58' title="bbox 1843 2926 3343 3002">
    <p class='ocr_par' dir='ltr' id='par_1_58' title="bbox 1843 2926 3343 3000">
     <span class='ocr_line' id='line_1_58' title="bbox 1843 2926 3343 3000; baseline 0.001 -19"><span class='ocrx_word' id='word_1_430' title='bbox 1843 2926 1915 2981; x_wconf 73' lang='lat' dir='ltr'><strong>ini</strong></span> <span class='ocrx_word' id='word_1_431' title='bbox 1966 2927 2046 2981; x_wconf 93' lang='lat' dir='ltr'><strong>illi</strong></span> <span class='ocrx_word' id='word_1_432' title='bbox 2082 2927 2403 2998; x_wconf 88' lang='lat' dir='ltr'><strong>respondet,</strong></span> <span class='ocrx_word' id='word_1_433' title='bbox 2453 2944 2692 2999; x_wconf 89' lang='lat' dir='ltr'><strong>quonam</strong></span> <span class='ocrx_word' id='word_1_434' title='bbox 2739 2938 2902 3000; x_wconf 87' lang='lat' dir='ltr'><strong>paeto</strong></span> <span class='ocrx_word' id='word_1_435' title='bbox 2936 2929 3135 2984; x_wconf 91' lang='lat' dir='ltr'><strong>Filium</strong></span> <span class='ocrx_word' id='word_1_436' title='bbox 3182 2929 3343 2985; x_wconf 83' lang='lat' dir='ltr'><strong>Pater</strong></span> 
     </span>
    </p>
   </div>
   <div class='ocr_carea' id='block_1_59' title="bbox 87 3019 1587 3094">
    <p class='ocr_par' dir='ltr' id='par_1_59' title="bbox 87 3020 1587 3094">
     <span class='ocr_line' id='line_1_59' title="bbox 87 3020 1587 3094; baseline 0.001 -20"><span class='ocrx_word' id='word_1_437' title='bbox 87 3021 326 3093; x_wconf 75' lang='grc' dir='ltr'>ἐλέγχων,</span> <span class='ocrx_word' id='word_1_438' title='bbox 360 3022 467 3076; x_wconf 85' lang='grc' dir='ltr'><strong>οὐκ</strong></span> <span class='ocrx_word' id='word_1_439' title='bbox 514 3023 573 3074; x_wconf 85' lang='grc' dir='ltr'>ὲν</span> <span class='ocrx_word' id='word_1_440' title='bbox 603 3020 766 3093; x_wconf 81' lang='grc' dir='ltr'>σοφίᾳ</span> <span class='ocrx_word' id='word_1_441' title='bbox 788 3020 948 3090; x_wconf 87' lang='grc' dir='ltr'>λόγου</span> <span class='ocrx_word' id='word_1_442' title='bbox 968 3061 983 3088; x_wconf 94' lang='grc'><strong>,</strong></span> <span class='ocrx_word' id='word_1_443' title='bbox 1019 3021 1106 3074; x_wconf 84' lang='grc' dir='ltr'>ἵνα</span> <span class='ocrx_word' id='word_1_444' title='bbox 1149 3021 1225 3094; x_wconf 82' lang='grc' dir='ltr'><strong>μὴ</strong></span> <span class='ocrx_word' id='word_1_445' title='bbox 1254 3021 1342 3074; x_wconf 89' lang='grc' dir='ltr'><strong>διά</strong></span> <span class='ocrx_word' id='word_1_446' title='bbox 1379 3022 1448 3076; x_wconf 80' lang='grc' dir='ltr'>τὰ</span> <span class='ocrx_word' id='word_1_447' title='bbox 1475 3022 1587 3076; x_wconf 83' lang='grc' dir='ltr'>ὲκλ</span> 
     </span>
    </p>
   </div>
   <div class='ocr_carea' id='block_1_60' title="bbox 1839 3019 3339 3094">
    <p class='ocr_par' dir='ltr' id='par_1_60' title="bbox 1839 3019 3339 3094">
     <span class='ocr_line' id='line_1_60' title="bbox 1839 3019 3339 3094; baseline 0.004 -22"><span class='ocrx_word' id='word_1_448' title='bbox 1839 3033 1889 3072; x_wconf 78' lang='lat' dir='ltr'><strong>ra</strong></span> <span class='ocrx_word' id='word_1_449' title='bbox 1919 3019 2232 3090; x_wconf 91' lang='lat' dir='ltr'><strong>passionem</strong></span> <span class='ocrx_word' id='word_1_450' title='bbox 2267 3022 2476 3092; x_wconf 87' lang='lat' dir='ltr'><strong>gignat,</strong></span> <span class='ocrx_word' id='word_1_451' title='bbox 2504 3036 2573 3076; x_wconf 92' lang='lat' dir='ltr'><strong>ne</strong></span> <span class='ocrx_word' id='word_1_452' title='bbox 2599 3021 2956 3092; x_wconf 87' lang='lat' dir='ltr'><strong>proprietatis</strong></span> <span class='ocrx_word' id='word_1_453' title='bbox 2994 3021 3144 3091; x_wconf 85' lang='lat' dir='ltr'><strong>Filii,</strong></span> <span class='ocrx_word' id='word_1_454' title='bbox 3176 3038 3339 3094; x_wconf 90' lang='lat' dir='ltr'><strong>quam</strong></span> 
     </span>
    </p>
   </div>
   <div class='ocr_carea' id='block_1_61' title="bbox 86 3104 1586 3209">
    <p class='ocr_par' dir='ltr' id='par_1_61' title="bbox 86 3111 1583 3185">
     <span class='ocr_line' id='line_1_61' title="bbox 86 3111 1583 3185; baseline 0.001 -19"><span class='ocrx_word' id='word_1_455' title='bbox 86 3112 271 3183; x_wconf 84' lang='grc' dir='ltr'>γισμῶν</span> <span class='ocrx_word' id='word_1_456' title='bbox 290 3113 706 3178; x_wconf 83' lang='grc' dir='ltr'>ὑποπτευόμενα</span> <span class='ocrx_word' id='word_1_457' title='bbox 729 3111 973 3183; x_wconf 81' lang='grc' dir='ltr'>κενωθῇ,</span> <span class='ocrx_word' id='word_1_458' title='bbox 999 3113 1163 3184; x_wconf 74' lang='grc' dir='ltr'>φημὶ,</span> <span class='ocrx_word' id='word_1_459' title='bbox 1188 3113 1416 3185; x_wconf 79' lang='grc' dir='ltr'>εὐσεϐὴς</span> <span class='ocrx_word' id='word_1_460' title='bbox 1443 3113 1583 3170; x_wconf 78' lang='grc' dir='ltr'>ἐννοι</span> 
     </span>
    </p>
   </div>
   <div class='ocr_carea' id='block_1_62' title="bbox 1840 3104 3340 3209">
    <p class='ocr_par' dir='ltr' id='par_1_62' title="bbox 1842 3107 3340 3183">
     <span class='ocr_line' id='line_1_62' title="bbox 1842 3107 3340 3183; baseline 0.007 -22"><span class='ocrx_word' id='word_1_461' title='bbox 1842 3107 2080 3179; x_wconf 87' lang='lat' dir='ltr'><strong>igenitus</strong></span> <span class='ocrx_word' id='word_1_462' title='bbox 2131 3125 2164 3164; x_wconf 91' lang='lat' dir='ltr'><strong>a</strong></span> <span class='ocrx_word' id='word_1_463' title='bbox 2203 3109 2369 3167; x_wconf 89' lang='lat' dir='ltr'><strong>Patre</strong></span> <span class='ocrx_word' id='word_1_464' title='bbox 2414 3112 2604 3179; x_wconf 89' lang='lat' dir='ltr'><strong>trabit,</strong></span> <span class='ocrx_word' id='word_1_465' title='bbox 2637 3113 2964 3183; x_wconf 85' lang='lat' dir='ltr'><strong>mysterium</strong></span> <span class='ocrx_word' id='word_1_466' title='bbox 3016 3115 3180 3172; x_wconf 90' lang='lat' dir='ltr'><strong>inane</strong></span> <span class='ocrx_word' id='word_1_467' title='bbox 3213 3115 3340 3172; x_wconf 92' lang='lat' dir='ltr'><strong>red-</strong></span> 
     </span>
    </p>
   </div>
   <div class='ocr_carea' id='block_1_63' title="bbox 85 3200 1585 3282">
    <p class='ocr_par' dir='ltr' id='par_1_63' title="bbox 85 3202 1584 3278">
     <span class='ocr_line' id='line_1_63' title="bbox 85 3202 1584 3278; baseline 0.002 -22"><span class='ocrx_word' id='word_1_468' title='bbox 85 3205 246 3276; x_wconf 73' lang='grc' dir='ltr'>ήπερὶ</span> <span class='ocrx_word' id='word_1_469' title='bbox 268 3205 484 3278; x_wconf 83' lang='grc' dir='ltr'>Πατρδς</span> <span class='ocrx_word' id='word_1_470' title='bbox 518 3206 615 3259; x_wconf 81' lang='grc' dir='ltr'>καὶ</span> <span class='ocrx_word' id='word_1_471' title='bbox 644 3202 774 3258; x_wconf 88' lang='grc' dir='ltr'>Υἱοῦ</span> <span class='ocrx_word' id='word_1_472' title='bbox 799 3219 812 3232; x_wconf 90' lang='grc'>·</span> <span class='ocrx_word' id='word_1_473' title='bbox 848 3203 963 3258; x_wconf 88' lang='grc' dir='ltr'>ἀλλ’</span> <span class='ocrx_word' id='word_1_474' title='bbox 991 3204 1221 3269; x_wconf 84' lang='grc' dir='ltr'>ἀπαθῶς</span> <span class='ocrx_word' id='word_1_475' title='bbox 1254 3205 1475 3278; x_wconf 84' lang='grc' dir='ltr'>Πατέρα</span> <span class='ocrx_word' id='word_1_476' title='bbox 1500 3247 1515 3272; x_wconf 87' lang='grc'><strong>,</strong></span> <span class='ocrx_word' id='word_1_477' title='bbox 1550 3223 1584 3259; x_wconf 90' lang='grc' dir='ltr'><strong>κ</strong></span> 
     </span>
    </p>
   </div>
   <div class='ocr_carea' id='block_1_64' title="bbox 1840 3200 3340 3282">
    <p class='ocr_par' dir='ltr' id='par_1_64' title="bbox 1840 3204 3340 3282">
     <span class='ocr_line' id='line_1_64' title="bbox 1840 3204 3340 3282; baseline 0.006 -28"><span class='ocrx_word' id='word_1_478' title='bbox 1840 3217 1916 3256; x_wconf 58' lang='lat' dir='ltr'><strong>,ur</strong></span> <span class='ocrx_word' id='word_1_479' title='bbox 1950 3220 1964 3256; x_wconf 90' lang='lat'><strong>:</strong></span> <span class='ocrx_word' id='word_1_480' title='bbox 1999 3219 2191 3260; x_wconf 88' lang='lat' dir='ltr'><strong>verum</strong></span> <span class='ocrx_word' id='word_1_481' title='bbox 2242 3204 2594 3282; x_wconf 86' lang='lat' dir='ltr'><strong>prudentium</strong></span> <span class='ocrx_word' id='word_1_482' title='bbox 2643 3204 2928 3260; x_wconf 87' lang='lat' dir='ltr'><strong>hominum</strong></span> <span class='ocrx_word' id='word_1_483' title='bbox 2979 3209 3202 3262; x_wconf 89' lang='lat' dir='ltr'><strong>stultam</strong></span> <span class='ocrx_word' id='word_1_484' title='bbox 3249 3223 3340 3265; x_wconf 88' lang='lat' dir='ltr'><strong>sa-</strong></span> 
     </span>
    </p>
   </div>
   <div class='ocr_carea' id='block_1_65' title="bbox 85 3294 1585 3369">
    <p class='ocr_par' dir='ltr' id='par_1_65' title="bbox 85 3295 1581 3368">
     <span class='ocr_line' id='line_1_65' title="bbox 85 3295 1581 3368; baseline 0 -18"><span class='ocrx_word' id='word_1_485' title='bbox 85 3295 192 3350; x_wconf 80' lang='grc' dir='ltr'>Υίὺν</span> <span class='ocrx_word' id='word_1_486' title='bbox 215 3336 231 3361; x_wconf 96' lang='grc'><strong>,</strong></span> <span class='ocrx_word' id='word_1_487' title='bbox 286 3298 508 3368; x_wconf 82' lang='grc' dir='ltr'>Πατέρα</span> <span class='ocrx_word' id='word_1_488' title='bbox 575 3297 674 3368; x_wconf 79' lang='grc' dir='ltr'><strong>μὲν</strong></span> <span class='ocrx_word' id='word_1_489' title='bbox 734 3295 794 3363; x_wconf 80' lang='grc' dir='ltr'>ἐξ</span> <span class='ocrx_word' id='word_1_490' title='bbox 843 3295 1038 3350; x_wconf 79' lang='grc' dir='ltr'>ἑαυτοῦ</span> <span class='ocrx_word' id='word_1_491' title='bbox 1097 3296 1466 3367; x_wconf 84' lang='grc' dir='ltr'>γεγεννηκότα</span> <span class='ocrx_word' id='word_1_492' title='bbox 1516 3297 1581 3351; x_wconf 81' lang='grc' dir='ltr'>ἄν</span> 
     </span>
    </p>
   </div>
   <div class='ocr_carea' id='block_1_66' title="bbox 1842 3294 3342 3369">
    <p class='ocr_par' dir='ltr' id='par_1_66' title="bbox 1844 3295 3342 3369">
     <span class='ocr_line' id='line_1_66' title="bbox 1844 3295 3342 3369; baseline 0.004 -21"><span class='ocrx_word' id='word_1_493' title='bbox 1844 3295 2010 3350; x_wconf 90' lang='lat' dir='ltr'><strong>ntiam</strong></span> <span class='ocrx_word' id='word_1_494' title='bbox 2051 3295 2140 3366; x_wconf 90' lang='lat' dir='ltr'><strong>(de</strong></span> <span class='ocrx_word' id='word_1_495' title='bbox 2177 3311 2284 3368; x_wconf 91' lang='lat' dir='ltr'><strong>qua</strong></span> <span class='ocrx_word' id='word_1_496' title='bbox 2325 3298 2598 3369; x_wconf 88' lang='lat' dir='ltr'><strong>scriptum</strong></span> <span class='ocrx_word' id='word_1_497' title='bbox 2635 3305 2766 3354; x_wconf 90' lang='lat' dir='ltr'><strong>est:</strong></span> <span class='ocrx_word' id='word_1_498' title='bbox 2807 3295 2908 3352; x_wconf 86' lang='lat' dir='ltr'><strong>Ubi</strong></span> <span class='ocrx_word' id='word_1_499' title='bbox 2948 3301 3202 3368; x_wconf 75' lang='lat' dir='ltr'><strong>sapiens?</strong></span> <span class='ocrx_word' id='word_1_500' title='bbox 3251 3301 3342 3355; x_wconf 82' lang='lat' dir='ltr'><strong>ubi</strong></span> 
     </span>
    </p>
   </div>
   <div class='ocr_carea' id='block_1_67' title="bbox 85 3385 1585 3463">
    <p class='ocr_par' dir='ltr' id='par_1_67' title="bbox 85 3388 1584 3460">
     <span class='ocr_line' id='line_1_67' title="bbox 85 3388 1584 3460; baseline 0.002 -19"><span class='ocrx_word' id='word_1_501' title='bbox 85 3390 352 3460; x_wconf 71' lang='grc' dir='ltr'>ἀπορροίας</span> <span class='ocrx_word' id='word_1_502' title='bbox 376 3391 477 3444; x_wconf 74' lang='grc' dir='ltr'>καὶ</span> <span class='ocrx_word' id='word_1_503' title='bbox 506 3389 712 3452; x_wconf 82' lang='grc' dir='ltr'>πάθους</span> <span class='ocrx_word' id='word_1_504' title='bbox 741 3389 834 3442; x_wconf 83' lang='grc' dir='ltr'><strong>τὸν</strong></span> <span class='ocrx_word' id='word_1_505' title='bbox 863 3388 1022 3452; x_wconf 82' lang='grc' dir='ltr'>Υἱὸν,</span> <span class='ocrx_word' id='word_1_506' title='bbox 1052 3388 1179 3442; x_wconf 83' lang='grc' dir='ltr'>Υίὸν</span> <span class='ocrx_word' id='word_1_507' title='bbox 1207 3389 1264 3442; x_wconf 86' lang='grc' dir='ltr'>δὲ</span> <span class='ocrx_word' id='word_1_508' title='bbox 1287 3389 1473 3459; x_wconf 84' lang='grc' dir='ltr'>ὅμοιον</span> <span class='ocrx_word' id='word_1_509' title='bbox 1491 3429 1506 3455; x_wconf 93' lang='grc'><strong>,</strong></span> <span class='ocrx_word' id='word_1_510' title='bbox 1549 3407 1584 3444; x_wconf 89' lang='grc' dir='ltr'><strong>κ</strong></span> 
     </span>
    </p>
   </div>
   <div class='ocr_carea' id='block_1_68' title="bbox 1841 3385 3341 3463">
    <p class='ocr_par' dir='ltr' id='par_1_68' title="bbox 1841 3385 3341 3463">
     <span class='ocr_line' id='line_1_68' title="bbox 1841 3385 3341 3463; baseline 0.007 -25"><span class='ocrx_word' id='word_1_511' title='bbox 1841 3385 1965 3442; x_wconf 72' lang='lat' dir='ltr'><strong>iba.’</strong></span> <span class='ocrx_word' id='word_1_512' title='bbox 1989 3388 2077 3440; x_wconf 79' lang='lat' dir='ltr'><strong>ubi</strong></span> <span class='ocrx_word' id='word_1_513' title='bbox 2103 3387 2429 3458; x_wconf 79' lang='lat' dir='ltr'><strong>conquisitor</strong></span> <span class='ocrx_word' id='word_1_514' title='bbox 2459 3389 2642 3444; x_wconf 60' lang='grc' dir='ltr'>δαίσαίὶ</span> <span class='ocrx_word' id='word_1_515' title='bbox 2671 3389 2828 3458; x_wconf 75' lang='lat' dir='ltr'><strong><em>hujus</em></strong></span> <span class='ocrx_word' id='word_1_516' title='bbox 2860 3391 2939 3462; x_wconf 81' lang='lat'><strong>’?)</strong></span> <span class='ocrx_word' id='word_1_517' title='bbox 2973 3391 3341 3463; x_wconf 86' lang='lat' dir='ltr'><strong>redarguens,</strong></span> 
     </span>
    </p>
   </div>
   <div class='ocr_carea' id='block_1_69' title="bbox 85 3477 1585 3551">
    <p class='ocr_par' dir='ltr' id='par_1_69' title="bbox 85 3479 1585 3551">
     <span class='ocr_line' id='line_1_69' title="bbox 85 3479 1585 3551; baseline -0.002 -15"><span class='ocrx_word' id='word_1_518' title='bbox 85 3482 181 3536; x_wconf 80' lang='grc' dir='ltr'>κατ’</span> <span class='ocrx_word' id='word_1_519' title='bbox 218 3481 400 3536; x_wconf 88' lang='grc' dir='ltr'>οὐσίαν</span> <span class='ocrx_word' id='word_1_520' title='bbox 434 3483 499 3535; x_wconf 82' lang='grc' dir='ltr'>ὲκ</span> <span class='ocrx_word' id='word_1_521' title='bbox 521 3480 614 3535; x_wconf 90' lang='grc' dir='ltr'><strong>τοῦ</strong></span> <span class='ocrx_word' id='word_1_522' title='bbox 640 3479 887 3551; x_wconf 81' lang='grc' dir='ltr'>Πατρὸς,</span> <span class='ocrx_word' id='word_1_523' title='bbox 913 3479 1117 3534; x_wconf 89' lang='grc' dir='ltr'>τέλειον</span> <span class='ocrx_word' id='word_1_524' title='bbox 1157 3481 1222 3532; x_wconf 80' lang='grc' dir='ltr'>ἐκ</span> <span class='ocrx_word' id='word_1_525' title='bbox 1250 3480 1456 3537; x_wconf 85' lang='grc' dir='ltr'>τελείου</span> <span class='ocrx_word' id='word_1_526' title='bbox 1485 3521 1500 3544; x_wconf 98' lang='grc'><strong>,</strong></span> <span class='ocrx_word' id='word_1_527' title='bbox 1549 3499 1585 3551; x_wconf 87' lang='grc' dir='ltr'><strong>μ</strong></span> 
     </span>
    </p>
   </div>
   <div class='ocr_carea' id='block_1_70' title="bbox 1842 3477 3342 3551">
    <p class='ocr_par' dir='ltr' id='par_1_70' title="bbox 1842 3478 3342 3551">
     <span class='ocr_line' id='line_1_70' title="bbox 1842 3478 3342 3551; baseline 0.006 -20"><span class='ocrx_word' id='word_1_528' title='bbox 1842 3478 1958 3532; x_wconf 90' lang='lat' dir='ltr'><strong>lam</strong></span> <span class='ocrx_word' id='word_1_529' title='bbox 1996 3478 2086 3534; x_wconf 91' lang='lat' dir='ltr'><strong>bic</strong></span> <span class='ocrx_word' id='word_1_530' title='bbox 2136 3480 2467 3551; x_wconf 88' lang='lat' dir='ltr'><strong>sapientiam</strong></span> <span class='ocrx_word' id='word_1_531' title='bbox 2506 3483 2780 3538; x_wconf 79' lang='lat' dir='ltr'><strong>sermonis</strong></span> <span class='ocrx_word' id='word_1_532' title='bbox 2823 3485 3223 3548; x_wconf 88' lang='lat' dir='ltr'><strong>accommodat,</strong></span> <span class='ocrx_word' id='word_1_533' title='bbox 3273 3501 3342 3540; x_wconf 91' lang='lat' dir='ltr'><strong>ne</strong></span> 
     </span>
    </p>
   </div>
   <div class='ocr_carea' id='block_1_71' title="bbox 84 3571 1584 3647">
    <p class='ocr_par' dir='ltr' id='par_1_71' title="bbox 84 3572 1584 3646">
     <span class='ocr_line' id='line_1_71' title="bbox 84 3572 1584 3646; baseline -0.001 -19"><span class='ocrx_word' id='word_1_534' title='bbox 84 3575 248 3646; x_wconf 83' lang='grc' dir='ltr'>νογενῆ</span> <span class='ocrx_word' id='word_1_535' title='bbox 294 3573 627 3638; x_wconf 76' lang='grc' dir='ltr'>ὑποστάντα,</span> <span class='ocrx_word' id='word_1_536' title='bbox 663 3574 777 3636; x_wconf 88' lang='grc' dir='ltr'>τοῖς</span> <span class='ocrx_word' id='word_1_537' title='bbox 835 3575 1080 3638; x_wconf 83' lang='grc' dir='ltr'>πιστοῖς,</span> <span class='ocrx_word' id='word_1_538' title='bbox 1129 3572 1164 3645; x_wconf 73' lang='grc' dir='ltr'>ἢ</span> <span class='ocrx_word' id='word_1_539' title='bbox 1225 3574 1584 3645; x_wconf 60' lang='grc' dir='ltr'>ὲποπτευόμει</span> 
     </span>
    </p>
   </div>
   <div class='ocr_carea' id='block_1_72' title="bbox 1841 3571 3341 3647">
    <p class='ocr_par' dir='ltr' id='par_1_72' title="bbox 1841 3571 3341 3647">
     <span class='ocr_line' id='line_1_72' title="bbox 1841 3571 3341 3647; baseline 0.007 -24"><span class='ocrx_word' id='word_1_540' title='bbox 1841 3571 1958 3626; x_wconf 90' lang='lat' dir='ltr'><strong>utis</strong></span> <span class='ocrx_word' id='word_1_541' title='bbox 2018 3572 2152 3628; x_wconf 89' lang='lat' dir='ltr'><strong>iisce</strong></span> <span class='ocrx_word' id='word_1_542' title='bbox 2204 3573 2485 3628; x_wconf 86' lang='lat' dir='ltr'><strong>rationum</strong></span> <span class='ocrx_word' id='word_1_543' title='bbox 2541 3573 2881 3645; x_wconf 89' lang='lat' dir='ltr'><strong>conjecturis</strong></span> <span class='ocrx_word' id='word_1_544' title='bbox 2933 3577 3226 3647; x_wconf 87' lang='lat' dir='ltr'><strong>religiosus</strong></span> <span class='ocrx_word' id='word_1_545' title='bbox 3276 3577 3341 3634; x_wconf 88' lang='lat' dir='ltr'><strong>de</strong></span> 
     </span>
    </p>
   </div>
   <div class='ocr_carea' id='block_1_73' title="bbox 85 3660 1585 3745">
    <p class='ocr_par' dir='ltr' id='par_1_73' title="bbox 85 3663 1585 3745">
     <span class='ocr_line' id='line_1_73' title="bbox 85 3663 1585 3745; baseline -0.001 -26"><span class='ocrx_word' id='word_1_546' title='bbox 85 3665 460 3736; x_wconf 83' lang='grc' dir='ltr'>ἀσυλλογίστως</span> <span class='ocrx_word' id='word_1_547' title='bbox 508 3663 752 3745; x_wconf 72' lang='grc' dir='ltr'>κηρύξει.</span> <span class='ocrx_word' id='word_1_548' title='bbox 797 3665 918 3721; x_wconf 90' lang='grc' dir='ltr'>Τῶν</span> <span class='ocrx_word' id='word_1_549' title='bbox 957 3664 1067 3737; x_wconf 85' lang='grc' dir='ltr'><strong>γάρ</strong></span> <span class='ocrx_word' id='word_1_550' title='bbox 1097 3666 1316 3720; x_wconf 85' lang='grc' dir='ltr'>ἀτόπων</span> <span class='ocrx_word' id='word_1_551' title='bbox 1342 3667 1527 3732; x_wconf 81' lang='grc' dir='ltr'>ἐστὶν,</span> <span class='ocrx_word' id='word_1_552' title='bbox 1578 3668 1585 3718; x_wconf 79' lang='lat' dir='ltr'><strong>i</strong></span> 
     </span>
    </p>
   </div>
   <div class='ocr_carea' id='block_1_74' title="bbox 1840 3660 3340 3745">
    <p class='ocr_par' dir='ltr' id='par_1_74' title="bbox 1840 3663 3340 3738">
     <span class='ocr_line' id='line_1_74' title="bbox 1840 3663 3340 3738; baseline 0.008 -24"><span class='ocrx_word' id='word_1_553' title='bbox 1840 3679 1908 3718; x_wconf 89' lang='lat' dir='ltr'><strong>.re</strong></span> <span class='ocrx_word' id='word_1_554' title='bbox 1938 3663 2182 3734; x_wconf 82' lang='lat' dir='ltr'><strong>Filioque</strong></span> <span class='ocrx_word' id='word_1_555' title='bbox 2213 3679 2414 3721; x_wconf 91' lang='lat' dir='ltr'><strong>sensus</strong></span> <span class='ocrx_word' id='word_1_556' title='bbox 2446 3665 2628 3720; x_wconf 87' lang='lat' dir='ltr'><strong>inanis</strong></span> <span class='ocrx_word' id='word_1_557' title='bbox 2667 3667 2759 3721; x_wconf 85' lang='lat' dir='ltr'><strong>liat</strong></span> <span class='ocrx_word' id='word_1_558' title='bbox 2789 3685 2803 3721; x_wconf 86' lang='lat'><strong>:</strong></span> <span class='ocrx_word' id='word_1_559' title='bbox 2832 3669 2964 3738; x_wconf 92' lang='lat' dir='ltr'><strong>quin</strong></span> <span class='ocrx_word' id='word_1_560' title='bbox 2994 3675 3057 3723; x_wconf 90' lang='lat' dir='ltr'><strong>ut</strong></span> <span class='ocrx_word' id='word_1_561' title='bbox 3089 3667 3160 3724; x_wconf 86' lang='lat' dir='ltr'><strong>ab</strong></span> <span class='ocrx_word' id='word_1_562' title='bbox 3188 3676 3340 3726; x_wconf 85' lang='lat' dir='ltr'><strong>utro-</strong></span> 
     </span>
    </p>
   </div>
   <div class='ocr_carea' id='block_1_75' title="bbox 85 3755 1585 3828">
    <p class='ocr_par' dir='ltr' id='par_1_75' title="bbox 85 3757 1585 3828">
     <span class='ocr_line' id='line_1_75' title="bbox 85 3757 1585 3828; baseline -0.001 -17"><span class='ocrx_word' id='word_1_563' title='bbox 85 3758 224 3827; x_wconf 83' lang='grc' dir='ltr'>σοφοῦ</span> <span class='ocrx_word' id='word_1_564' title='bbox 249 3758 383 3813; x_wconf 86' lang='grc' dir='ltr'>Θεοῦ</span> <span class='ocrx_word' id='word_1_565' title='bbox 407 3758 602 3828; x_wconf 80' lang='grc' dir='ltr'>σοφίαν</span> <span class='ocrx_word' id='word_1_566' title='bbox 626 3757 1000 3828; x_wconf 80' lang='grc' dir='ltr'>ὐφισταμένην</span> <span class='ocrx_word' id='word_1_567' title='bbox 1031 3757 1321 3824; x_wconf 82' lang='grc' dir='ltr'>ἀκούοντα,</span> <span class='ocrx_word' id='word_1_568' title='bbox 1356 3757 1433 3822; x_wconf 81' lang='grc' dir='ltr'><strong>ὡς</strong></span> <span class='ocrx_word' id='word_1_569' title='bbox 1460 3758 1585 3826; x_wconf 78' lang='grc' dir='ltr'>σοφί</span> 
     </span>
    </p>
   </div>
   <div class='ocr_carea' id='block_1_76' title="bbox 1841 3755 3341 3828">
    <p class='ocr_par' dir='ltr' id='par_1_76' title="bbox 1841 3755 3341 3828">
     <span class='ocr_line' id='line_1_76' title="bbox 1841 3755 3341 3828; baseline 0.003 -19"><span class='ocrx_word' id='word_1_570' title='bbox 1841 3769 1854 3809; x_wconf 67' lang='lat'><strong>3</strong></span> <span class='ocrx_word' id='word_1_571' title='bbox 1883 3755 2200 3824; x_wconf 88' lang='lat' dir='ltr'><strong>passionem</strong></span> <span class='ocrx_word' id='word_1_572' title='bbox 2231 3756 2532 3812; x_wconf 80' lang='lat' dir='ltr'><strong>excludens</strong></span> <span class='ocrx_word' id='word_1_573' title='bbox 2561 3771 2803 3824; x_wconf 90' lang='lat' dir='ltr'><strong>omnem,</strong></span> <span class='ocrx_word' id='word_1_574' title='bbox 2840 3756 3060 3813; x_wconf 89' lang='lat' dir='ltr'><strong>Patrem</strong></span> <span class='ocrx_word' id='word_1_575' title='bbox 3099 3772 3130 3812; x_wconf 91' lang='lat' dir='ltr'><strong>a</strong></span> <span class='ocrx_word' id='word_1_576' title='bbox 3160 3759 3341 3828; x_wconf 90' lang='lat' dir='ltr'><strong>seipso</strong></span> 
     </span>
    </p>
   </div>
   <div class='ocr_carea' id='block_1_77' title="bbox 83 3839 1583 3926">
    <p class='ocr_par' dir='ltr' id='par_1_77' title="bbox 83 3839 1579 3926">
     <span class='ocr_line' id='line_1_77' title="bbox 83 3839 1579 3926; baseline -0.003 -18"><span class='ocrx_word' id='word_1_577' title='bbox 83 3850 172 3908; x_wconf 81' lang='grc' dir='ltr'>οἶδε</span> <span class='ocrx_word' id='word_1_578' title='bbox 204 3855 298 3926; x_wconf 85' lang='grc' dir='ltr'>τῆς</span> <span class='ocrx_word' id='word_1_579' title='bbox 351 3853 412 3920; x_wconf 74' lang='grc' dir='ltr'><strong>ἐξ</strong></span> <span class='ocrx_word' id='word_1_580' title='bbox 477 3851 671 3907; x_wconf 77' lang='grc' dir='ltr'>ἑαυτοῦ</span> <span class='ocrx_word' id='word_1_581' title='bbox 726 3839 1081 3924; x_wconf 86' lang='grc' dir='ltr'>γεννηθείσης</span> <span class='ocrx_word' id='word_1_582' title='bbox 1140 3851 1334 3919; x_wconf 86' lang='grc' dir='ltr'>σοφίας</span> <span class='ocrx_word' id='word_1_583' title='bbox 1387 3850 1579 3920; x_wconf 89' lang='grc' dir='ltr'>γενέσθ</span> 
     </span>
    </p>
   </div>
   <div class='ocr_carea' id='block_1_78' title="bbox 1840 3839 3340 3926">
    <p class='ocr_par' dir='ltr' id='par_1_78' title="bbox 1840 3845 3340 3922">
     <span class='ocr_line' id='line_1_78' title="bbox 1840 3845 3340 3922; baseline 0.004 -23"><span class='ocrx_word' id='word_1_584' title='bbox 1840 3862 1883 3899; x_wconf 78' lang='lat' dir='ltr'><strong>&#39;a</strong></span> <span class='ocrx_word' id='word_1_585' title='bbox 1920 3845 2270 3916; x_wconf 83' lang='lat' dir='ltr'><strong>proﬂuvium,</strong></span> <span class='ocrx_word' id='word_1_586' title='bbox 2313 3855 2410 3902; x_wconf 92' lang='lat' dir='ltr'><strong>aut</strong></span> <span class='ocrx_word' id='word_1_587' title='bbox 2470 3847 2816 3904; x_wconf 79' lang='lat' dir='ltr'><strong>aﬂ&#39;ectionem</strong></span> <span class='ocrx_word' id='word_1_588' title='bbox 2860 3850 3099 3922; x_wconf 90' lang='lat' dir='ltr'><strong>aliquam</strong></span> <span class='ocrx_word' id='word_1_589' title='bbox 3143 3849 3340 3905; x_wconf 88' lang='lat' dir='ltr'><strong>Filium</strong></span> 
     </span>
    </p>
   </div>
   <div class='ocr_carea' id='block_1_79' title="bbox 83 3939 1583 4016">
    <p class='ocr_par' dir='ltr' id='par_1_79' title="bbox 83 3941 1583 4016">
     <span class='ocr_line' id='line_1_79' title="bbox 83 3941 1583 4016; baseline -0.001 -18"><span class='ocrx_word' id='word_1_590' title='bbox 83 3944 246 4016; x_wconf 74' lang='grc' dir='ltr'>Πατὴρ</span> <span class='ocrx_word' id='word_1_591' title='bbox 267 3985 282 4009; x_wconf 97' lang='grc'><strong>,</strong></span> <span class='ocrx_word' id='word_1_592' title='bbox 319 3944 494 4008; x_wconf 82' lang='grc' dir='ltr'>πάθος</span> <span class='ocrx_word' id='word_1_593' title='bbox 517 3945 716 3997; x_wconf 81' lang='grc' dir='ltr'>ἐννοεῖν</span> <span class='ocrx_word' id='word_1_594' title='bbox 748 3942 877 4013; x_wconf 73' lang='grc' dir='ltr'>περὶ</span> <span class='ocrx_word' id='word_1_595' title='bbox 912 3942 1011 4014; x_wconf 76' lang='grc' dir='ltr'>τὴν</span> <span class='ocrx_word' id='word_1_596' title='bbox 1053 3941 1244 4012; x_wconf 85' lang='grc' dir='ltr'>σοφίαν</span> <span class='ocrx_word' id='word_1_597' title='bbox 1280 3941 1583 4012; x_wconf 71' lang='grc' dir='ltr'>ὑφίστασθε</span> 
     </span>
    </p>
   </div>
   <div class='ocr_carea' id='block_1_80' title="bbox 1840 3939 3340 4016">
    <p class='ocr_par' dir='ltr' id='par_1_80' title="bbox 1840 3939 3340 4013">
     <span class='ocr_line' id='line_1_80' title="bbox 1840 3939 3340 4013; baseline 0.004 -22"><span class='ocrx_word' id='word_1_598' title='bbox 1840 3939 2002 3994; x_wconf 72' lang='lat' dir='ltr'><strong>luisse</strong></span> <span class='ocrx_word' id='word_1_599' title='bbox 2036 3939 2287 3996; x_wconf 81' lang='lat' dir='ltr'><strong>ﬁdelibus</strong></span> <span class='ocrx_word' id='word_1_600' title='bbox 2314 3939 2580 3996; x_wconf 89' lang='lat' dir='ltr'><strong>declaret.</strong></span> <span class='ocrx_word' id='word_1_601' title='bbox 2624 3939 2689 3994; x_wconf 90' lang='lat' dir='ltr'><strong>Et</strong></span> <span class='ocrx_word' id='word_1_602' title='bbox 2715 3956 2840 3996; x_wconf 90' lang='lat' dir='ltr'><strong>eum</strong></span> <span class='ocrx_word' id='word_1_603' title='bbox 2871 3941 3089 4013; x_wconf 91' lang='lat' dir='ltr'><strong>quidem</strong></span> <span class='ocrx_word' id='word_1_604' title='bbox 3120 3941 3340 4004; x_wconf 81' lang='lat' dir='ltr'><strong>Filium.</strong></span> 
     </span>
    </p>
   </div>
   <div class='ocr_carea' id='block_1_81' title="bbox 83 4029 1583 4105">
    <p class='ocr_par' dir='ltr' id='par_1_81' title="bbox 83 4031 1583 4105">
     <span class='ocr_line' id='line_1_81' title="bbox 83 4031 1583 4105; baseline 0.001 -19"><span class='ocrx_word' id='word_1_605' title='bbox 83 4036 121 4086; x_wconf 82' lang='grc' dir='ltr'><strong>εί</strong></span> <span class='ocrx_word' id='word_1_606' title='bbox 148 4034 312 4105; x_wconf 83' lang='grc' dir='ltr'>μέλλοι</span> <span class='ocrx_word' id='word_1_607' title='bbox 345 4033 406 4100; x_wconf 72' lang='grc' dir='ltr'><strong>ἐξ</strong></span> <span class='ocrx_word' id='word_1_608' title='bbox 433 4033 598 4088; x_wconf 86' lang='grc' dir='ltr'>αὐτοῦ</span> <span class='ocrx_word' id='word_1_609' title='bbox 625 4031 746 4087; x_wconf 85' lang='grc' dir='ltr'>κατ’</span> <span class='ocrx_word' id='word_1_610' title='bbox 770 4033 962 4089; x_wconf 85' lang='grc' dir='ltr'>οὐσίαν</span> <span class='ocrx_word' id='word_1_611' title='bbox 987 4033 1147 4104; x_wconf 83' lang='grc' dir='ltr'>ὁμοία</span> <span class='ocrx_word' id='word_1_612' title='bbox 1171 4033 1250 4104; x_wconf 83' lang='grc' dir='ltr'>τῷ</span> <span class='ocrx_word' id='word_1_613' title='bbox 1289 4033 1438 4105; x_wconf 84' lang='grc' dir='ltr'>σοφῷ</span> <span class='ocrx_word' id='word_1_614' title='bbox 1465 4035 1497 4105; x_wconf 84' lang='grc' dir='ltr'>ἡ</span> <span class='ocrx_word' id='word_1_615' title='bbox 1549 4051 1583 4087; x_wconf 60' lang='grc' dir='ltr'><strong>ση</strong></span> 
     </span>
    </p>
   </div>
   <div class='ocr_carea' id='block_1_82' title="bbox 1840 4029 3340 4105">
    <p class='ocr_par' dir='ltr' id='par_1_82' title="bbox 1870 4029 3340 4094">
     <span class='ocr_line' id='line_1_82' title="bbox 1870 4029 3340 4094; baseline 0.005 -11"><span class='ocrx_word' id='word_1_616' title='bbox 1870 4029 2022 4084; x_wconf 86' lang='lat' dir='ltr'><strong>Patri</strong></span> <span class='ocrx_word' id='word_1_617' title='bbox 2054 4030 2272 4094; x_wconf 89' lang='lat' dir='ltr'><strong>similis,</strong></span> <span class='ocrx_word' id='word_1_618' title='bbox 2313 4040 2367 4086; x_wconf 90' lang='lat' dir='ltr'><strong>et</strong></span> <span class='ocrx_word' id='word_1_619' title='bbox 2397 4032 2468 4088; x_wconf 90' lang='lat' dir='ltr'><strong>ab</strong></span> <span class='ocrx_word' id='word_1_620' title='bbox 2494 4032 2688 4088; x_wconf 90' lang='lat' dir='ltr'><strong>eodem</strong></span> <span class='ocrx_word' id='word_1_621' title='bbox 2732 4033 3038 4089; x_wconf 90' lang='lat' dir='ltr'><strong>secundum</strong></span> <span class='ocrx_word' id='word_1_622' title='bbox 3074 4035 3340 4090; x_wconf 84' lang='lat' dir='ltr'><strong>substan-</strong></span> 
     </span>
    </p>
   </div>
   <div class='ocr_carea' id='block_1_83' title="bbox 84 4122 1584 4197">
    <p class='ocr_par' dir='ltr' id='par_1_83' title="bbox 84 4122 1584 4197">
     <span class='ocr_line' id='line_1_83' title="bbox 84 4122 1584 4197; baseline 0 -19"><span class='ocrx_word' id='word_1_623' title='bbox 84 4126 164 4194; x_wconf 83' lang='grc' dir='ltr'><strong>φία</strong></span> <span class='ocrx_word' id='word_1_624' title='bbox 185 4125 527 4197; x_wconf 82' lang='grc' dir='ltr'>ὑφίστασθαι.</span> <span class='ocrx_word' id='word_1_625' title='bbox 559 4126 621 4179; x_wconf 84' lang='grc' dir='ltr'><strong>Εἰ</strong></span> <span class='ocrx_word' id='word_1_626' title='bbox 655 4122 765 4196; x_wconf 79' lang='grc' dir='ltr'>γὰρ</span> <span class='ocrx_word' id='word_1_627' title='bbox 805 4125 940 4194; x_wconf 82' lang='grc' dir='ltr'>μήτε</span> <span class='ocrx_word' id='word_1_628' title='bbox 979 4125 1009 4178; x_wconf 87' lang='grc' dir='ltr'>ὁ</span> <span class='ocrx_word' id='word_1_629' title='bbox 1035 4125 1196 4194; x_wconf 86' lang='grc' dir='ltr'>σοφὸς</span> <span class='ocrx_word' id='word_1_630' title='bbox 1221 4124 1356 4189; x_wconf 78' lang='grc' dir='ltr'>Θεὸς</span> <span class='ocrx_word' id='word_1_631' title='bbox 1383 4124 1584 4196; x_wconf 63' lang='grc' dir='ltr'>μεθέξει</span> 
     </span>
    </p>
   </div>
   <div class='ocr_carea' id='block_1_84' title="bbox 1839 4122 3339 4197">
    <p class='ocr_par' dir='ltr' id='par_1_84' title="bbox 1839 4122 3339 4197">
     <span class='ocr_line' id='line_1_84' title="bbox 1839 4122 3339 4197; baseline 0.005 -22"><span class='ocrx_word' id='word_1_632' title='bbox 1839 4137 1878 4175; x_wconf 83' lang='lat' dir='ltr'><strong>m</strong></span> <span class='ocrx_word' id='word_1_633' title='bbox 1905 4122 2147 4192; x_wconf 85' lang='lat' dir='ltr'><strong>genitus,</strong></span> <span class='ocrx_word' id='word_1_634' title='bbox 2180 4122 2459 4193; x_wconf 81' lang='lat' dir='ltr'><strong>perfectus</strong></span> <span class='ocrx_word' id='word_1_635' title='bbox 2495 4140 2527 4180; x_wconf 93' lang='lat' dir='ltr'><strong>e</strong></span> <span class='ocrx_word' id='word_1_636' title='bbox 2557 4123 2826 4194; x_wconf 79' lang='lat' dir='ltr'><strong>perfecto,</strong></span> <span class='ocrx_word' id='word_1_637' title='bbox 2865 4126 3172 4197; x_wconf 90' lang='lat' dir='ltr'><strong>unicusque</strong></span> <span class='ocrx_word' id='word_1_638' title='bbox 3203 4127 3339 4182; x_wconf 85' lang='lat' dir='ltr'><strong>sub-</strong></span> 
     </span>
    </p>
   </div>
   <div class='ocr_carea' id='block_1_85' title="bbox 86 4214 1586 4288">
    <p class='ocr_par' dir='ltr' id='par_1_85' title="bbox 86 4216 1583 4288">
     <span class='ocr_line' id='line_1_85' title="bbox 86 4216 1583 4288; baseline 0.001 -20"><span class='ocrx_word' id='word_1_639' title='bbox 86 4216 249 4286; x_wconf 84' lang='grc' dir='ltr'>σοφίας</span> <span class='ocrx_word' id='word_1_640' title='bbox 290 4217 563 4280; x_wconf 86' lang='grc' dir='ltr'>συνθέτως</span> <span class='ocrx_word' id='word_1_641' title='bbox 590 4216 752 4286; x_wconf 79' lang='grc' dir='ltr'>σοφὸς</span> <span class='ocrx_word' id='word_1_642' title='bbox 785 4219 920 4288; x_wconf 85' lang='grc' dir='ltr'>ἡμῖν</span> <span class='ocrx_word' id='word_1_643' title='bbox 967 4219 1190 4281; x_wconf 91' lang='grc' dir='ltr'>νοεῖται,</span> <span class='ocrx_word' id='word_1_644' title='bbox 1249 4217 1366 4270; x_wconf 84' lang='grc' dir='ltr'>ἀλλ’</span> <span class='ocrx_word' id='word_1_645' title='bbox 1414 4217 1583 4270; x_wconf 83' lang='grc' dir='ltr'>ἀσυνθ</span> 
     </span>
    </p>
   </div>
   <div class='ocr_carea' id='block_1_86' title="bbox 1839 4214 3339 4288">
    <p class='ocr_par' dir='ltr' id='par_1_86' title="bbox 1839 4216 3339 4287">
     <span class='ocr_line' id='line_1_86' title="bbox 1839 4216 3339 4287; baseline 0.005 -21"><span class='ocrx_word' id='word_1_646' title='bbox 1839 4221 1941 4281; x_wconf 90' lang='lat' dir='ltr'><strong>.at;</strong></span> <span class='ocrx_word' id='word_1_647' title='bbox 1992 4221 2163 4286; x_wconf 88' lang='lat' dir='ltr'><strong>utque</strong></span> <span class='ocrx_word' id='word_1_648' title='bbox 2214 4216 2322 4271; x_wconf 86' lang='lat' dir='ltr'><strong>hoc</strong></span> <span class='ocrx_word' id='word_1_649' title='bbox 2362 4218 2686 4287; x_wconf 86' lang='lat' dir='ltr'><strong>mysterium</strong></span> <span class='ocrx_word' id='word_1_650' title='bbox 2723 4216 2846 4272; x_wconf 88' lang='lat' dir='ltr'><strong>sine</strong></span> <span class='ocrx_word' id='word_1_651' title='bbox 2897 4217 3339 4274; x_wconf 87' lang='lat' dir='ltr'><strong>ratiocinationis</strong></span> 
     </span>
    </p>
   </div>
   <div class='ocr_carea' id='block_1_87' title="bbox 83 4304 1583 4380">
    <p class='ocr_par' dir='ltr' id='par_1_87' title="bbox 83 4309 1580 4380">
     <span class='ocr_line' id='line_1_87' title="bbox 83 4309 1580 4380; baseline 0 -17"><span class='ocrx_word' id='word_1_652' title='bbox 83 4327 172 4376; x_wconf 83' lang='grc' dir='ltr'><strong>τως</strong></span> <span class='ocrx_word' id='word_1_653' title='bbox 192 4311 346 4375; x_wconf 88' lang='grc' dir='ltr'>αὐτός</span> <span class='ocrx_word' id='word_1_654' title='bbox 386 4313 506 4364; x_wconf 85' lang='grc' dir='ltr'>ὲστι</span> <span class='ocrx_word' id='word_1_655' title='bbox 537 4310 730 4380; x_wconf 80' lang='grc' dir='ltr'>σοφὸς,</span> <span class='ocrx_word' id='word_1_656' title='bbox 788 4309 974 4373; x_wconf 84' lang='grc' dir='ltr'>οὐσίας</span> <span class='ocrx_word' id='word_1_657' title='bbox 998 4310 1018 4341; x_wconf 83' lang='grc'>⁸</span> <span class='ocrx_word' id='word_1_658' title='bbox 1057 4310 1196 4375; x_wconf 75' lang='grc' dir='ltr'>ἐστὶ,</span> <span class='ocrx_word' id='word_1_659' title='bbox 1235 4310 1373 4380; x_wconf 87' lang='grc' dir='ltr'>μήτε</span> <span class='ocrx_word' id='word_1_660' title='bbox 1412 4311 1446 4380; x_wconf 83' lang='grc' dir='ltr'>ὴ</span> <span class='ocrx_word' id='word_1_661' title='bbox 1479 4327 1580 4378; x_wconf 91' lang='grc' dir='ltr'><strong>σοφ</strong></span> 
     </span>
    </p>
   </div>
   <div class='ocr_carea' id='block_1_88' title="bbox 1837 4304 3337 4380">
    <p class='ocr_par' dir='ltr' id='par_1_88' title="bbox 1837 4305 3337 4380">
     <span class='ocr_line' id='line_1_88' title="bbox 1837 4305 3337 4380; baseline 0.005 -23"><span class='ocrx_word' id='word_1_662' title='bbox 1837 4305 2090 4361; x_wconf 85' lang='lat' dir='ltr'><strong>miniculo</strong></span> <span class='ocrx_word' id='word_1_663' title='bbox 2128 4307 2244 4363; x_wconf 90' lang='lat' dir='ltr'><strong>sola</strong></span> <span class='ocrx_word' id='word_1_664' title='bbox 2297 4310 2578 4378; x_wconf 84' lang='lat' dir='ltr'><strong>cognitum</strong></span> <span class='ocrx_word' id='word_1_665' title='bbox 2627 4309 3090 4380; x_wconf 82' lang='lat' dir='ltr'><strong>contemplatione</strong></span> <span class='ocrx_word' id='word_1_666' title='bbox 3135 4310 3337 4380; x_wconf 67' lang='lat' dir='ltr'><strong>praedi-</strong></span> 
     </span>
    </p>
   </div>
   <div class='ocr_carea' id='block_1_89' title="bbox 86 4394 1586 4472">
    <p class='ocr_par' dir='ltr' id='par_1_89' title="bbox 86 4399 1586 4472">
     <span class='ocr_line' id='line_1_89' title="bbox 86 4399 1586 4472; baseline 0 -19"><span class='ocrx_word' id='word_1_667' title='bbox 86 4400 209 4454; x_wconf 70' lang='grc' dir='ltr'>ἐστὶν</span> <span class='ocrx_word' id='word_1_668' title='bbox 242 4404 270 4456; x_wconf 89' lang='grc' dir='ltr'><strong>ό</strong></span> <span class='ocrx_word' id='word_1_669' title='bbox 297 4402 464 4465; x_wconf 78' lang='grc' dir='ltr'>Υἱὸς,</span> <span class='ocrx_word' id='word_1_670' title='bbox 518 4399 644 4472; x_wconf 76' lang='grc' dir='ltr'>ἑξῆς</span> <span class='ocrx_word' id='word_1_671' title='bbox 689 4401 916 4454; x_wconf 89' lang='grc' dir='ltr'>νοεῖται·</span> <span class='ocrx_word' id='word_1_672' title='bbox 945 4399 1082 4454; x_wconf 78' lang='grc' dir='ltr'>ἀλλὰ</span> <span class='ocrx_word' id='word_1_673' title='bbox 1132 4401 1165 4469; x_wconf 76' lang='grc' dir='ltr'>ἡ</span> <span class='ocrx_word' id='word_1_674' title='bbox 1217 4400 1380 4468; x_wconf 87' lang='grc' dir='ltr'>σοφία</span> <span class='ocrx_word' id='word_1_675' title='bbox 1408 4399 1586 4464; x_wconf 80' lang='grc' dir='ltr'>οὐσίας</span> 
     </span>
    </p>
   </div>
   <div class='ocr_carea' id='block_1_90' title="bbox 1837 4394 3337 4472">
    <p class='ocr_par' dir='ltr' id='par_1_90' title="bbox 1842 4394 3337 4471">
     <span class='ocr_line' id='line_1_90' title="bbox 1842 4394 3337 4471; baseline 0.005 -23"><span class='ocrx_word' id='word_1_676' title='bbox 1842 4434 1854 4448; x_wconf 93' lang='grc'><strong>.</strong></span> <span class='ocrx_word' id='word_1_677' title='bbox 1893 4394 1992 4451; x_wconf 90' lang='lat' dir='ltr'><strong>Est</strong></span> <span class='ocrx_word' id='word_1_678' title='bbox 2025 4398 2174 4452; x_wconf 91' lang='lat' dir='ltr'><strong>enim</strong></span> <span class='ocrx_word' id='word_1_679' title='bbox 2221 4398 2516 4454; x_wconf 89' lang='lat' dir='ltr'><strong>admodum</strong></span> <span class='ocrx_word' id='word_1_680' title='bbox 2548 4399 2843 4455; x_wconf 89' lang='lat' dir='ltr'><strong>ridiculum</strong></span> <span class='ocrx_word' id='word_1_681' title='bbox 2874 4416 3022 4466; x_wconf 83' lang='lat' dir='ltr'><strong>eum,</strong></span> <span class='ocrx_word' id='word_1_682' title='bbox 3061 4400 3155 4471; x_wconf 88' lang='lat' dir='ltr'><strong>qui</strong></span> <span class='ocrx_word' id='word_1_683' title='bbox 3187 4418 3217 4456; x_wconf 88' lang='lat' dir='ltr'><strong>a</strong></span> <span class='ocrx_word' id='word_1_684' title='bbox 3247 4417 3337 4456; x_wconf 89' lang='lat' dir='ltr'><strong>sa-</strong></span> 
     </span>
    </p>
   </div>
   <div class='ocr_carea' id='block_1_91' title="bbox 88 4488 1588 4563">
    <p class='ocr_par' dir='ltr' id='par_1_91' title="bbox 88 4488 1580 4560">
     <span class='ocr_line' id='line_1_91' title="bbox 88 4488 1580 4560; baseline 0.001 -18"><span class='ocrx_word' id='word_1_685' title='bbox 88 4490 213 4545; x_wconf 74' lang='grc' dir='ltr'>ἐστὶν</span> <span class='ocrx_word' id='word_1_686' title='bbox 260 4491 369 4546; x_wconf 79' lang='grc' dir='ltr'><strong>ἀπὸ</strong></span> <span class='ocrx_word' id='word_1_687' title='bbox 423 4490 591 4560; x_wconf 88' lang='grc' dir='ltr'>σοφοῦ</span> <span class='ocrx_word' id='word_1_688' title='bbox 639 4489 828 4553; x_wconf 89' lang='grc' dir='ltr'>οὐσίας</span> <span class='ocrx_word' id='word_1_689' title='bbox 857 4527 872 4553; x_wconf 95' lang='grc'><strong>,</strong></span> <span class='ocrx_word' id='word_1_690' title='bbox 920 4490 950 4543; x_wconf 84' lang='grc' dir='ltr'><strong>ὅ</strong></span> <span class='ocrx_word' id='word_1_691' title='bbox 998 4491 1115 4543; x_wconf 79' lang='grc' dir='ltr'>ἐστι</span> <span class='ocrx_word' id='word_1_692' title='bbox 1149 4488 1312 4559; x_wconf 81' lang='grc' dir='ltr'>σοφία</span> <span class='ocrx_word' id='word_1_693' title='bbox 1339 4528 1355 4552; x_wconf 95' lang='grc'><strong>,</strong></span> <span class='ocrx_word' id='word_1_694' title='bbox 1421 4489 1580 4543; x_wconf 88' lang='grc' dir='ltr'>οὐσία</span> 
     </span>
    </p>
   </div>
   <div class='ocr_carea' id='block_1_92' title="bbox 1837 4488 3337 4563">
    <p class='ocr_par' dir='ltr' id='par_1_92' title="bbox 1839 4488 3337 4563">
     <span class='ocr_line' id='line_1_92' title="bbox 1839 4488 3337 4563; baseline 0.005 -21"><span class='ocrx_word' id='word_1_695' title='bbox 1839 4489 1918 4544; x_wconf 85' lang='lat' dir='ltr'><strong>uti</strong></span> <span class='ocrx_word' id='word_1_696' title='bbox 1960 4488 2074 4546; x_wconf 90' lang='lat' dir='ltr'><strong>Deo</strong></span> <span class='ocrx_word' id='word_1_697' title='bbox 2113 4491 2442 4563; x_wconf 87' lang='lat' dir='ltr'><strong>sapientiam</strong></span> <span class='ocrx_word' id='word_1_698' title='bbox 2478 4493 2632 4550; x_wconf 91' lang='lat' dir='ltr'><strong>audit</strong></span> <span class='ocrx_word' id='word_1_699' title='bbox 2675 4493 2964 4558; x_wconf 81' lang='lat' dir='ltr'><strong>exsistere,</strong></span> <span class='ocrx_word' id='word_1_700' title='bbox 3015 4509 3115 4563; x_wconf 89' lang='lat' dir='ltr'><strong>pro</strong></span> <span class='ocrx_word' id='word_1_701' title='bbox 3164 4509 3231 4549; x_wconf 92' lang='lat' dir='ltr'><strong>eo</strong></span> <span class='ocrx_word' id='word_1_702' title='bbox 3273 4510 3337 4549; x_wconf 89' lang='lat' dir='ltr'><strong>ac</strong></span> 
     </span>
    </p>
   </div>
   <div class='ocr_carea' id='block_1_93' title="bbox 89 4579 1589 4657">
    <p class='ocr_par' dir='ltr' id='par_1_93' title="bbox 89 4579 1589 4654">
     <span class='ocr_line' id='line_1_93' title="bbox 89 4579 1589 4654; baseline -0.002 -18"><span class='ocrx_word' id='word_1_703' title='bbox 89 4581 192 4647; x_wconf 76' lang='grc' dir='ltr'><strong>Υἱὸς</strong></span> <span class='ocrx_word' id='word_1_704' title='bbox 223 4583 494 4650; x_wconf 77' lang='grc' dir='ltr'>ὑποστὰς,</span> <span class='ocrx_word' id='word_1_705' title='bbox 521 4582 684 4654; x_wconf 86' lang='grc' dir='ltr'>ὁμοία</span> <span class='ocrx_word' id='word_1_706' title='bbox 729 4581 882 4635; x_wconf 75' lang='grc' dir='ltr'>ἔσται</span> <span class='ocrx_word' id='word_1_707' title='bbox 913 4581 1010 4635; x_wconf 77' lang='grc' dir='ltr'><strong>καὶ</strong></span> <span class='ocrx_word' id='word_1_708' title='bbox 1055 4582 1176 4634; x_wconf 79' lang='grc' dir='ltr'>κατ’</span> <span class='ocrx_word' id='word_1_709' title='bbox 1205 4580 1394 4634; x_wconf 87' lang='grc' dir='ltr'>οὐσίαν</span> <span class='ocrx_word' id='word_1_710' title='bbox 1413 4579 1509 4634; x_wconf 87' lang='grc' dir='ltr'><strong>τοῦ</strong></span> <span class='ocrx_word' id='word_1_711' title='bbox 1549 4597 1589 4634; x_wconf 77' lang='grc' dir='ltr'><strong>σι</strong></span> 
     </span>
    </p>
   </div>
   <div class='ocr_carea' id='block_1_94' title="bbox 1835 4579 3335 4657">
    <p class='ocr_par' dir='ltr' id='par_1_94' title="bbox 1835 4583 3335 4657">
     <span class='ocr_line' id='line_1_94' title="bbox 1835 4583 3335 4657; baseline 0.003 -20"><span class='ocrx_word' id='word_1_712' title='bbox 1835 4583 2026 4638; x_wconf 73' lang='lat' dir='ltr'><strong>lienter</strong></span> <span class='ocrx_word' id='word_1_713' title='bbox 2062 4599 2185 4640; x_wconf 90' lang='lat' dir='ltr'><strong>sese</strong></span> <span class='ocrx_word' id='word_1_714' title='bbox 2228 4586 2382 4641; x_wconf 89' lang='lat' dir='ltr'><strong>novit</strong></span> <span class='ocrx_word' id='word_1_715' title='bbox 2412 4587 2608 4657; x_wconf 77' lang='lat' dir='ltr'><strong>genit:e</strong></span> <span class='ocrx_word' id='word_1_716' title='bbox 2645 4601 2674 4640; x_wconf 90' lang='lat' dir='ltr'><strong>a</strong></span> <span class='ocrx_word' id='word_1_717' title='bbox 2715 4601 2776 4643; x_wconf 90' lang='lat' dir='ltr'><strong>se</strong></span> <span class='ocrx_word' id='word_1_718' title='bbox 2805 4587 3087 4657; x_wconf 76' lang='lat' dir='ltr'><strong>sapientiae</strong></span> <span class='ocrx_word' id='word_1_719' title='bbox 3121 4585 3335 4642; x_wconf 87' lang='lat' dir='ltr'><strong>Patrem</strong></span> 
     </span>
    </p>
   </div>
   <div class='ocr_carea' id='block_1_95' title="bbox 85 4665 1585 4750">
    <p class='ocr_par' dir='ltr' id='par_1_95' title="bbox 85 4665 1448 4748">
     <span class='ocr_line' id='line_1_95' title="bbox 85 4665 1448 4748; baseline -0.001 -19"><span class='ocrx_word' id='word_1_720' title='bbox 85 4675 168 4744; x_wconf 74' lang='grc' dir='ltr'><strong>φοῦ</strong></span> <span class='ocrx_word' id='word_1_721' title='bbox 193 4676 439 4748; x_wconf 81' lang='grc' dir='ltr'>Πατρὺς,</span> <span class='ocrx_word' id='word_1_722' title='bbox 468 4675 562 4744; x_wconf 81' lang='grc' dir='ltr'>ἀφ’</span> <span class='ocrx_word' id='word_1_723' title='bbox 591 4665 763 4745; x_wconf 71' lang='grc' dir='ltr'>οὗπερ</span> <span class='ocrx_word' id='word_1_724' title='bbox 802 4672 1012 4744; x_wconf 78' lang='grc' dir='ltr'>ὑπέστη</span> <span class='ocrx_word' id='word_1_725' title='bbox 1045 4672 1208 4742; x_wconf 89' lang='grc' dir='ltr'>σοφία</span> <span class='ocrx_word' id='word_1_726' title='bbox 1237 4673 1266 4725; x_wconf 84' lang='grc' dir='ltr'>ὁ</span> <span class='ocrx_word' id='word_1_727' title='bbox 1298 4672 1448 4737; x_wconf 66' lang='lat' dir='ltr'><strong>nec.</strong></span> 
     </span>
    </p>
   </div>
   <div class='ocr_carea' id='block_1_96' title="bbox 1835 4665 3335 4750">
    <p class='ocr_par' dir='ltr' id='par_1_96' title="bbox 1840 4677 3335 4750">
     <span class='ocr_line' id='line_1_96' title="bbox 1840 4677 3335 4750; baseline 0.003 -19"><span class='ocrx_word' id='word_1_728' title='bbox 1840 4690 1904 4740; x_wconf 89' lang='lat' dir='ltr'><strong>e,</strong></span> <span class='ocrx_word' id='word_1_729' title='bbox 1956 4677 2126 4732; x_wconf 87' lang='lat' dir='ltr'><strong>ullam</strong></span> <span class='ocrx_word' id='word_1_730' title='bbox 2179 4677 2271 4732; x_wconf 86' lang='lat' dir='ltr'><strong>isti</strong></span> <span class='ocrx_word' id='word_1_731' title='bbox 2329 4679 2616 4750; x_wconf 65' lang='lat' dir='ltr'><strong>sapientiae</strong></span> <span class='ocrx_word' id='word_1_732' title='bbox 2674 4679 2989 4750; x_wconf 88' lang='lat' dir='ltr'><strong>passionem</strong></span> <span class='ocrx_word' id='word_1_733' title='bbox 3040 4680 3335 4744; x_wconf 87' lang='lat' dir='ltr'><strong>ascribere,</strong></span> 
     </span>
    </p>
   </div>
   <div class='ocr_carea' id='block_1_97' title="bbox 82 4765 3336 4842">
    <p class='ocr_par' dir='ltr' id='par_1_97' title="bbox 82 4765 3336 4842">
     <span class='ocr_line' id='line_1_97' title="bbox 82 4765 3336 4842; baseline 0.002 -22"><span class='ocrx_word' id='word_1_734' title='bbox 82 4780 172 4836; x_wconf 89' lang='lat' dir='ltr'><strong>quo</strong></span> <span class='ocrx_word' id='word_1_735' title='bbox 208 4767 272 4824; x_wconf 87' lang='lat' dir='ltr'><strong>ab</strong></span> <span class='ocrx_word' id='word_1_736' title='bbox 317 4768 416 4823; x_wconf 92' lang='lat' dir='ltr'><strong>illo</strong></span> <span class='ocrx_word' id='word_1_737' title='bbox 454 4765 756 4823; x_wconf 89' lang='lat' dir='ltr'><strong>secundum</strong></span> <span class='ocrx_word' id='word_1_738' title='bbox 807 4765 1104 4822; x_wconf 77' lang='lat' dir='ltr'><strong>essentiam</strong></span> <span class='ocrx_word' id='word_1_739' title='bbox 1152 4765 1382 4835; x_wconf 88' lang='lat' dir='ltr'><strong>sapienti</strong></span> <span class='ocrx_word' id='word_1_740' title='bbox 1439 4765 1636 4822; x_wconf 90' lang='lat' dir='ltr'><strong>similis</strong></span> <span class='ocrx_word' id='word_1_741' title='bbox 1672 4769 1941 4838; x_wconf 87' lang='lat' dir='ltr'><strong>sapientia</strong></span> <span class='ocrx_word' id='word_1_742' title='bbox 1977 4769 2265 4826; x_wconf 88' lang='lat' dir='ltr'><strong>subsistat.</strong></span> <span class='ocrx_word' id='word_1_743' title='bbox 2305 4769 2442 4825; x_wconf 83' lang='lat' dir='ltr'><strong>Nam</strong></span> <span class='ocrx_word' id='word_1_744' title='bbox 2503 4779 2565 4826; x_wconf 93' lang='lat' dir='ltr'><strong>ut</strong></span> <span class='ocrx_word' id='word_1_745' title='bbox 2603 4771 2830 4842; x_wconf 87' lang='lat' dir='ltr'><strong>sapiens</strong></span> <span class='ocrx_word' id='word_1_746' title='bbox 2878 4771 3023 4828; x_wconf 89' lang='lat' dir='ltr'><strong>Deus</strong></span> <span class='ocrx_word' id='word_1_747' title='bbox 3086 4789 3195 4827; x_wconf 91' lang='lat' dir='ltr'><strong>non</strong></span> <span class='ocrx_word' id='word_1_748' title='bbox 3245 4790 3336 4827; x_wconf 82' lang='lat' dir='ltr'><strong>sa-</strong></span> 
     </span>
    </p>
   </div>
   <div class='ocr_carea' id='block_1_98' title="bbox 82 4857 3335 4935">
    <p class='ocr_par' dir='ltr' id='par_1_98' title="bbox 82 4857 3335 4935">
     <span class='ocr_line' id='line_1_98' title="bbox 82 4857 3335 4935; baseline 0.002 -24"><span class='ocrx_word' id='word_1_749' title='bbox 82 4857 274 4926; x_wconf 85' lang='lat' dir='ltr'><strong>pientia,</strong></span> <span class='ocrx_word' id='word_1_750' title='bbox 302 4860 458 4916; x_wconf 81' lang='lat' dir='ltr'><strong>velut</strong></span> <span class='ocrx_word' id='word_1_751' title='bbox 484 4857 776 4914; x_wconf 75' lang='lat' dir='ltr'><strong>aﬂ&#39;eclione</strong></span> <span class='ocrx_word' id='word_1_752' title='bbox 831 4857 1036 4929; x_wconf 89' lang='lat' dir='ltr'><strong>aliqua,</strong></span> <span class='ocrx_word' id='word_1_753' title='bbox 1093 4857 1378 4928; x_wconf 85' lang='lat' dir='ltr'><strong>praeditus,</strong></span> <span class='ocrx_word' id='word_1_754' title='bbox 1443 4868 1537 4914; x_wconf 89' lang='lat' dir='ltr'><strong>aut</strong></span> <span class='ocrx_word' id='word_1_755' title='bbox 1609 4861 2014 4931; x_wconf 88' lang='lat' dir='ltr'><strong>compositione</strong></span> <span class='ocrx_word' id='word_1_756' title='bbox 2071 4863 2184 4916; x_wconf 88' lang='lat' dir='ltr'><strong>ulla</strong></span> <span class='ocrx_word' id='word_1_757' title='bbox 2236 4863 2458 4934; x_wconf 89' lang='lat' dir='ltr'><strong>sapiens</strong></span> <span class='ocrx_word' id='word_1_758' title='bbox 2508 4879 2540 4918; x_wconf 90' lang='lat' dir='ltr'><strong>a</strong></span> <span class='ocrx_word' id='word_1_759' title='bbox 2597 4863 2759 4920; x_wconf 90' lang='lat' dir='ltr'><strong>nobis</strong></span> <span class='ocrx_word' id='word_1_760' title='bbox 2820 4865 3180 4935; x_wconf 73' lang='lat' dir='ltr'><strong>intelligitur;</strong></span> <span class='ocrx_word' id='word_1_761' title='bbox 3238 4863 3335 4920; x_wconf 89' lang='lat' dir='ltr'><strong>sed</strong></span> 
     </span>
    </p>
   </div>
   <div class='ocr_carea' id='block_1_99' title="bbox 83 4949 3332 5028">
    <p class='ocr_par' dir='ltr' id='par_1_99' title="bbox 83 4949 3332 5028">
     <span class='ocr_line' id='line_1_99' title="bbox 83 4949 3332 5028; baseline 0.002 -26"><span class='ocrx_word' id='word_1_762' title='bbox 83 4949 458 5020; x_wconf 83' lang='lat' dir='ltr'><strong>simplicissima</strong></span> <span class='ocrx_word' id='word_1_763' title='bbox 491 4951 726 5015; x_wconf 85' lang='lat' dir='ltr'><strong>ratione,</strong></span> <span class='ocrx_word' id='word_1_764' title='bbox 781 4957 836 5006; x_wconf 91' lang='lat' dir='ltr'><strong>et</strong></span> <span class='ocrx_word' id='word_1_765' title='bbox 873 4951 1115 5007; x_wconf 89' lang='lat' dir='ltr'><strong>essentia</strong></span> <span class='ocrx_word' id='word_1_766' title='bbox 1155 4966 1256 5007; x_wconf 89' lang='lat' dir='ltr'><strong>sua</strong></span> <span class='ocrx_word' id='word_1_767' title='bbox 1301 4953 1422 5008; x_wconf 91' lang='lat' dir='ltr'><strong>sine</strong></span> <span class='ocrx_word' id='word_1_768' title='bbox 1469 4955 1874 5024; x_wconf 90' lang='lat' dir='ltr'><strong>compositione</strong></span> <span class='ocrx_word' id='word_1_769' title='bbox 1921 4957 2144 5027; x_wconf 82' lang='lat' dir='ltr'><strong>sapiens</strong></span> <span class='ocrx_word' id='word_1_770' title='bbox 2177 4964 2309 5013; x_wconf 89' lang='lat' dir='ltr'><strong>est:</strong></span> <span class='ocrx_word' id='word_1_771' title='bbox 2364 4957 2441 5011; x_wconf 90' lang='lat' dir='ltr'><strong>ita</strong></span> <span class='ocrx_word' id='word_1_772' title='bbox 2494 4973 2674 5028; x_wconf 87' lang='lat' dir='ltr'><strong>neque</strong></span> <span class='ocrx_word' id='word_1_773' title='bbox 2740 4951 3032 5028; x_wconf 72' lang='lat' dir='ltr'><strong>sapientia,</strong></span> <span class='ocrx_word' id='word_1_774' title='bbox 3082 4957 3180 5028; x_wconf 89' lang='lat' dir='ltr'><strong>qui</strong></span> <span class='ocrx_word' id='word_1_775' title='bbox 3237 4957 3332 5012; x_wconf 81' lang='lat' dir='ltr'><strong>Fi-</strong></span> 
     </span>
    </p>
   </div>
   <div class='ocr_carea' id='block_1_100' title="bbox 85 5042 3332 5132">
    <p class='ocr_par' dir='ltr' id='par_1_100' title="bbox 85 5042 3332 5132">
     <span class='ocr_line' id='line_1_100' title="bbox 85 5042 3332 5132; baseline 0.003 -36"><span class='ocrx_word' id='word_1_776' title='bbox 85 5042 168 5102; x_wconf 86' lang='lat' dir='ltr'><strong>lius</strong></span> <span class='ocrx_word' id='word_1_777' title='bbox 210 5061 328 5104; x_wconf 87' lang='lat' dir='ltr'><strong>esse</strong></span> <span class='ocrx_word' id='word_1_778' title='bbox 370 5047 598 5111; x_wconf 90' lang='lat' dir='ltr'><strong>dicitur,</strong></span> <span class='ocrx_word' id='word_1_779' title='bbox 651 5045 867 5104; x_wconf 79' lang='lat' dir='ltr'><strong>affectio</strong></span> <span class='ocrx_word' id='word_1_780' title='bbox 916 5047 1160 5118; x_wconf 90' lang='lat' dir='ltr'><strong>putanda</strong></span> <span class='ocrx_word' id='word_1_781' title='bbox 1207 5054 1326 5116; x_wconf 88' lang='lat' dir='ltr'><strong>est;</strong></span> <span class='ocrx_word' id='word_1_782' title='bbox 1383 5048 1482 5105; x_wconf 90' lang='lat' dir='ltr'><strong>sed</strong></span> <span class='ocrx_word' id='word_1_783' title='bbox 1573 5049 1842 5120; x_wconf 89' lang='lat' dir='ltr'><strong>sapientia</strong></span> <span class='ocrx_word' id='word_1_784' title='bbox 1902 5051 2141 5132; x_wconf 72' lang='lat' dir='ltr'><strong>ipsamet</strong></span> <span class='ocrx_word' id='word_1_785' title='bbox 2203 5053 2515 5108; x_wconf 86' lang='lat' dir='ltr'><strong>substantia</strong></span> <span class='ocrx_word' id='word_1_786' title='bbox 2567 5061 2696 5116; x_wconf 89' lang='lat' dir='ltr'><strong>est,</strong></span> <span class='ocrx_word' id='word_1_787' title='bbox 2739 5053 2810 5107; x_wconf 91' lang='lat' dir='ltr'><strong>ab</strong></span> <span class='ocrx_word' id='word_1_788' title='bbox 2862 5051 3030 5120; x_wconf 84' lang='lat' dir='ltr'><strong>ejus,</strong></span> <span class='ocrx_word' id='word_1_789' title='bbox 3083 5051 3178 5121; x_wconf 91' lang='lat' dir='ltr'><strong>qui</strong></span> <span class='ocrx_word' id='word_1_790' title='bbox 3239 5065 3332 5106; x_wconf 91' lang='lat' dir='ltr'><strong>sa-</strong></span> 
     </span>
    </p>
   </div>
   <div class='ocr_carea' id='block_1_101' title="bbox 85 5138 3330 5218">
    <p class='ocr_par' dir='ltr' id='par_1_101' title="bbox 85 5138 3330 5218">
     <span class='ocr_line' id='line_1_101' title="bbox 85 5138 3330 5218; baseline 0.003 -27"><span class='ocrx_word' id='word_1_791' title='bbox 85 5138 211 5205; x_wconf 85' lang='lat' dir='ltr'><strong>piens</strong></span> <span class='ocrx_word' id='word_1_792' title='bbox 236 5152 338 5209; x_wconf 90' lang='lat' dir='ltr'><strong>est,</strong></span> <span class='ocrx_word' id='word_1_793' title='bbox 394 5143 708 5200; x_wconf 86' lang='lat' dir='ltr'><strong>substantia</strong></span> <span class='ocrx_word' id='word_1_794' title='bbox 759 5143 1048 5214; x_wconf 90' lang='lat' dir='ltr'><strong>producta.</strong></span> <span class='ocrx_word' id='word_1_795' title='bbox 1110 5143 1244 5210; x_wconf 72' lang='lat' dir='ltr'><strong>Quae</strong></span> <span class='ocrx_word' id='word_1_796' title='bbox 1319 5143 1544 5215; x_wconf 88' lang='lat' dir='ltr'><strong>quidem</strong></span> <span class='ocrx_word' id='word_1_797' title='bbox 1600 5145 1870 5216; x_wconf 88' lang='lat' dir='ltr'><strong>sapientia</strong></span> <span class='ocrx_word' id='word_1_798' title='bbox 1905 5146 2215 5202; x_wconf 85' lang='lat' dir='ltr'><strong>substantia</strong></span> <span class='ocrx_word' id='word_1_799' title='bbox 2297 5148 2419 5218; x_wconf 89' lang='lat' dir='ltr'><strong>ipsa</strong></span> <span class='ocrx_word' id='word_1_800' title='bbox 2473 5157 2594 5211; x_wconf 88' lang='lat' dir='ltr'><strong>est;</strong></span> <span class='ocrx_word' id='word_1_801' title='bbox 2654 5147 2761 5202; x_wconf 89' lang='lat' dir='ltr'><strong>hoc</strong></span> <span class='ocrx_word' id='word_1_802' title='bbox 2849 5153 2936 5202; x_wconf 89' lang='lat' dir='ltr'><strong>est</strong></span> <span class='ocrx_word' id='word_1_803' title='bbox 3015 5145 3330 5202; x_wconf 84' lang='lat' dir='ltr'><strong>subsistens</strong></span> 
     </span>
    </p>
   </div>
   <div class='ocr_carea' id='block_1_102' title="bbox 85 5226 2640 5309">
    <p class='ocr_par' dir='ltr' id='par_1_102' title="bbox 85 5226 2640 5309">
     <span class='ocr_line' id='line_1_102' title="bbox 85 5226 2640 5309; baseline 0.004 -26"><span class='ocrx_word' id='word_1_804' title='bbox 85 5226 245 5301; x_wconf 76' lang='lat' dir='ltr'><strong>Filius,</strong></span> <span class='ocrx_word' id='word_1_805' title='bbox 266 5236 566 5306; x_wconf 88' lang='lat' dir='ltr'><strong>eademque</strong></span> <span class='ocrx_word' id='word_1_806' title='bbox 595 5236 862 5306; x_wconf 89' lang='lat' dir='ltr'><strong>sapientis</strong></span> <span class='ocrx_word' id='word_1_807' title='bbox 898 5236 1082 5294; x_wconf 88' lang='lat' dir='ltr'><strong>Patris</strong></span> <span class='ocrx_word' id='word_1_808' title='bbox 1120 5239 1429 5294; x_wconf 89' lang='lat' dir='ltr'><strong>substantia</strong></span> <span class='ocrx_word' id='word_1_809' title='bbox 1464 5237 1662 5294; x_wconf 90' lang='lat' dir='ltr'><strong>similis</strong></span> <span class='ocrx_word' id='word_1_810' title='bbox 1691 5253 1723 5293; x_wconf 90' lang='lat' dir='ltr'><strong>a</strong></span> <span class='ocrx_word' id='word_1_811' title='bbox 1753 5254 1863 5309; x_wconf 90' lang='lat' dir='ltr'><strong>quo</strong></span> <span class='ocrx_word' id='word_1_812' title='bbox 1890 5239 2159 5308; x_wconf 88' lang='lat' dir='ltr'><strong>sapientia</strong></span> <span class='ocrx_word' id='word_1_813' title='bbox 2197 5238 2373 5296; x_wconf 81' lang='lat' dir='ltr'><strong>Filius</strong></span> <span class='ocrx_word' id='word_1_814' title='bbox 2399 5241 2640 5296; x_wconf 82' lang='lat' dir='ltr'><strong>exsistit.</strong></span> 
     </span>
    </p>
   </div>
   <div class='ocr_carea' id='block_1_103' title="bbox 139 5326 1639 5405">
    <p class='ocr_par' dir='ltr' id='par_1_103' title="bbox 139 5326 1635 5404">
     <span class='ocr_line' id='line_1_103' title="bbox 139 5326 1635 5404; baseline 0.005 -26"><span class='ocrx_word' id='word_1_815' title='bbox 139 5326 306 5382; x_wconf 83' lang='grc' dir='ltr'><strong>Ζ’.Διό</strong></span> <span class='ocrx_word' id='word_1_816' title='bbox 341 5331 437 5385; x_wconf 79' lang='grc' dir='ltr'>καὶ</span> <span class='ocrx_word' id='word_1_817' title='bbox 465 5328 674 5395; x_wconf 74' lang='grc' dir='ltr'>εἰωθὼς</span> <span class='ocrx_word' id='word_1_818' title='bbox 709 5333 738 5385; x_wconf 83' lang='grc' dir='ltr'><strong>ὁ</strong></span> <span class='ocrx_word' id='word_1_819' title='bbox 787 5332 1056 5404; x_wconf 83' lang='grc' dir='ltr'>μακάριος</span> <span class='ocrx_word' id='word_1_820' title='bbox 1093 5331 1306 5395; x_wconf 85' lang='grc' dir='ltr'>Παῦλος</span> <span class='ocrx_word' id='word_1_821' title='bbox 1344 5330 1527 5395; x_wconf 85' lang='grc' dir='ltr'>καλῶς</span> <span class='ocrx_word' id='word_1_822' title='bbox 1565 5330 1635 5385; x_wconf 77' lang='grc' dir='ltr'>τὰ</span> 
     </span>
    </p>
   </div>
   <div class='ocr_carea' id='block_1_104' title="bbox 1831 5326 3331 5405">
    <p class='ocr_par' dir='ltr' id='par_1_104' title="bbox 1831 5329 3331 5405">
     <span class='ocr_line' id='line_1_104' title="bbox 1831 5329 3331 5405; baseline 0.003 -25"><span class='ocrx_word' id='word_1_823' title='bbox 1831 5329 1925 5384; x_wconf 67' lang='grc' dir='ltr'>ιιι.</span> <span class='ocrx_word' id='word_1_824' title='bbox 1968 5330 2337 5397; x_wconf 89' lang='lat' dir='ltr'><strong>Quamobrem</strong></span> <span class='ocrx_word' id='word_1_825' title='bbox 2367 5333 2652 5402; x_wconf 85' lang='lat' dir='ltr'><strong>apostolus</strong></span> <span class='ocrx_word' id='word_1_826' title='bbox 2699 5334 2925 5400; x_wconf 87' lang='lat' dir='ltr'><strong>Paulus,</strong></span> <span class='ocrx_word' id='word_1_827' title='bbox 2955 5333 3073 5405; x_wconf 88' lang='lat' dir='ltr'><strong>qui,</strong></span> <span class='ocrx_word' id='word_1_828' title='bbox 3104 5339 3166 5388; x_wconf 89' lang='lat' dir='ltr'><strong>ut</strong></span> <span class='ocrx_word' id='word_1_829' title='bbox 3213 5344 3331 5386; x_wconf 87' lang='lat' dir='ltr'><strong>erat</strong></span> 
     </span>
    </p>
   </div>
   <div class='ocr_carea' id='block_1_105' title="bbox 93 5412 1593 5494">
    <p class='ocr_par' dir='ltr' id='par_1_105' title="bbox 93 5412 1593 5492">
     <span class='ocr_line' id='line_1_105' title="bbox 93 5412 1593 5492; baseline 0.004 -25"><span class='ocrx_word' id='word_1_830' title='bbox 93 5412 326 5487; x_wconf 82' lang='grc' dir='ltr'>Ἐδραίων</span> <span class='ocrx_word' id='word_1_831' title='bbox 358 5420 794 5492; x_wconf 80' lang='grc' dir='ltr'>πεπαιδευμένος</span> <span class='ocrx_word' id='word_1_832' title='bbox 831 5421 940 5474; x_wconf 84' lang='grc' dir='ltr'><strong>ἀπὸ</strong></span> <span class='ocrx_word' id='word_1_833' title='bbox 972 5420 1068 5475; x_wconf 87' lang='grc' dir='ltr'><strong>τοῦ</strong></span> <span class='ocrx_word' id='word_1_834' title='bbox 1111 5419 1276 5475; x_wconf 88' lang='grc' dir='ltr'>αὐτοῦ</span> <span class='ocrx_word' id='word_1_835' title='bbox 1314 5420 1593 5492; x_wconf 78' lang='grc' dir='ltr'>Πνεύματε</span> 
     </span>
    </p>
   </div>
   <div class='ocr_carea' id='block_1_106' title="bbox 1829 5412 3329 5494">
    <p class='ocr_par' dir='ltr' id='par_1_106' title="bbox 1829 5422 3329 5494">
     <span class='ocr_line' id='line_1_106' title="bbox 1829 5422 3329 5494; baseline -0.001 -16"><span class='ocrx_word' id='word_1_836' title='bbox 1829 5423 2020 5478; x_wconf 70' lang='lat' dir='ltr'><strong>braicze</strong></span> <span class='ocrx_word' id='word_1_837' title='bbox 2047 5422 2244 5487; x_wconf 60' lang='lat' dir='ltr'><strong>linquas</strong></span> <span class='ocrx_word' id='word_1_838' title='bbox 2279 5423 2670 5494; x_wconf 80' lang='lat' dir='ltr'><strong>peritissimus,</strong></span> <span class='ocrx_word' id='word_1_839' title='bbox 2707 5441 2834 5480; x_wconf 91' lang='lat' dir='ltr'><strong>cum</strong></span> <span class='ocrx_word' id='word_1_840' title='bbox 2868 5441 2933 5482; x_wconf 77' lang='lat' dir='ltr'><strong>ex</strong></span> <span class='ocrx_word' id='word_1_841' title='bbox 2963 5425 3155 5482; x_wconf 90' lang='lat' dir='ltr'><strong>eodem</strong></span> <span class='ocrx_word' id='word_1_842' title='bbox 3203 5423 3329 5494; x_wconf 83' lang='lat' dir='ltr'><strong>Spi-</strong></span> 
     </span>
    </p>
   </div>
   <div class='ocr_carea' id='block_1_107' title="bbox 85 5504 1585 5586">
    <p class='ocr_par' dir='ltr' id='par_1_107' title="bbox 85 5504 1585 5584">
     <span class='ocr_line' id='line_1_107' title="bbox 85 5504 1585 5584; baseline 0.005 -28"><span class='ocrx_word' id='word_1_843' title='bbox 85 5504 158 5558; x_wconf 79' lang='grc' dir='ltr'><strong>τοῦ</strong></span> <span class='ocrx_word' id='word_1_844' title='bbox 174 5508 226 5561; x_wconf 65' lang='grc' dir='ltr'>ἂν</span> <span class='ocrx_word' id='word_1_845' title='bbox 243 5510 450 5582; x_wconf 81' lang='grc' dir='ltr'>Παλαιᾷ</span> <span class='ocrx_word' id='word_1_846' title='bbox 475 5511 569 5566; x_wconf 59' lang='grc' dir='ltr'><strong>καὶ⁸</strong></span> <span class='ocrx_word' id='word_1_847' title='bbox 588 5512 765 5583; x_wconf 76' lang='grc' dir='ltr'>Καινῇ</span> <span class='ocrx_word' id='word_1_848' title='bbox 792 5511 1034 5584; x_wconf 81' lang='grc' dir='ltr'>Διαθήκῃ</span> <span class='ocrx_word' id='word_1_849' title='bbox 1059 5511 1392 5584; x_wconf 83' lang='grc' dir='ltr'>λαλήσαντος</span> <span class='ocrx_word' id='word_1_850' title='bbox 1413 5511 1511 5578; x_wconf 83' lang='grc' dir='ltr'>τὰς</span> <span class='ocrx_word' id='word_1_851' title='bbox 1529 5511 1585 5566; x_wconf 66' lang='lat' dir='ltr'><strong>at</strong></span> 
     </span>
    </p>
   </div>
   <div class='ocr_carea' id='block_1_108' title="bbox 1823 5504 3323 5586">
    <p class='ocr_par' dir='ltr' id='par_1_108' title="bbox 1823 5513 3323 5586">
     <span class='ocr_line' id='line_1_108' title="bbox 1823 5513 3323 5586; baseline 0.001 -18"><span class='ocrx_word' id='word_1_852' title='bbox 1823 5531 1869 5580; x_wconf 88' lang='lat' dir='ltr'><strong>ll,</strong></span> <span class='ocrx_word' id='word_1_853' title='bbox 1904 5515 2000 5586; x_wconf 91' lang='lat' dir='ltr'><strong>qui</strong></span> <span class='ocrx_word' id='word_1_854' title='bbox 2054 5520 2108 5570; x_wconf 85' lang='lat' dir='ltr'><strong>in</strong></span> <span class='ocrx_word' id='word_1_855' title='bbox 2161 5513 2356 5571; x_wconf 84' lang='lat' dir='ltr'><strong>Vetere</strong></span> <span class='ocrx_word' id='word_1_856' title='bbox 2404 5530 2469 5572; x_wconf 86' lang='lat' dir='ltr'><strong>ac</strong></span> <span class='ocrx_word' id='word_1_857' title='bbox 2513 5517 2667 5572; x_wconf 77' lang='lat' dir='ltr'><strong>Novo</strong></span> <span class='ocrx_word' id='word_1_858' title='bbox 2711 5517 3061 5574; x_wconf 86' lang='lat' dir='ltr'><strong>Testamento</strong></span> <span class='ocrx_word' id='word_1_859' title='bbox 3105 5517 3323 5572; x_wconf 83' lang='lat' dir='ltr'><strong>locutus</strong></span> 
     </span>
    </p>
   </div>
   <div class='ocr_carea' id='block_1_109' title="bbox 143 5617 1643 5703">
    <p class='ocr_par' dir='ltr' id='par_1_109' title="bbox 143 5617 1643 5703">
     <span class='ocr_line' id='line_1_109' title="bbox 143 5617 1643 5703; baseline 0.025 -32"><span class='ocrx_word' id='word_1_860' title='bbox 143 5617 261 5703; x_wconf 51' lang='lat' dir='ltr'><strong>17p.</strong></span> <span class='ocrx_word' id='word_1_861' title='bbox 281 5623 862 5703; x_wconf 59' lang='lat' dir='ltr'><strong>&gt;.9ylxav._00rryplus</strong></span> <span class='ocrx_word' id='word_1_862' title='bbox 894 5627 981 5703; x_wconf 82' lang='lat' dir='ltr'><strong>hic</strong></span> <span class='ocrx_word' id='word_1_863' title='bbox 1009 5627 1184 5703; x_wconf 78' lang='lat' dir='ltr'><strong>locus.</strong></span> <span class='ocrx_word' id='word_1_864' title='bbox 1263 5627 1375 5703; x_wconf 76' lang='lat' dir='ltr'><strong>’_F-</strong></span> <span class='ocrx_word' id='word_1_865' title='bbox 1399 5629 1444 5703; x_wconf 21' lang='grc' dir='ltr'><strong>κῆ</strong></span> <span class='ocrx_word' id='word_1_866' title='bbox 1473 5627 1643 5703; x_wconf 53' lang='lat' dir='ltr'><strong>iam“</strong></span> 
     </span>
    </p>
   </div>
   <div class='ocr_carea' id='block_1_110' title="bbox 1814 5617 3314 5703">
    <p class='ocr_par' dir='ltr' id='par_1_110' title="bbox 1829 5619 3314 5703">
     <span class='ocr_line' id='line_1_110' title="bbox 1829 5619 3314 5703; baseline 0.003 -21"><span class='ocrx_word' id='word_1_867' title='bbox 1829 5629 1850 5660; x_wconf 92' lang='grc'><em>³</em></span> <span class='ocrx_word' id='word_1_868' title='bbox 1873 5629 2000 5703; x_wconf 77' lang='lat' dir='ltr'><strong>Cor.</strong></span> <span class='ocrx_word' id='word_1_869' title='bbox 2043 5629 2374 5700; x_wconf 69' lang='grc' dir='ltr'>ἀνθρώπω).</span> <span class='ocrx_word' id='word_1_870' title='bbox 2454 5619 2476 5665; x_wconf 66' lang='grc'>⁸</span> <span class='ocrx_word' id='word_1_871' title='bbox 2501 5649 2594 5703; x_wconf 74' lang='grc' dir='ltr'><strong>γρ.</strong></span> <span class='ocrx_word' id='word_1_872' title='bbox 2630 5635 2852 5689; x_wconf 84' lang='grc' dir='ltr'>ἀπιστεῖ</span> <span class='ocrx_word' id='word_1_873' title='bbox 2868 5631 2968 5703; x_wconf 80' lang='grc' dir='ltr'><strong>τῷ.</strong></span> <span class='ocrx_word' id='word_1_874' title='bbox 2994 5701 3006 5703; x_wconf 26' lang='grc' dir='ltr'><strong>Α</strong></span> <span class='ocrx_word' id='word_1_875' title='bbox 3044 5633 3066 5664; x_wconf 83' lang='grc'><strong><em>⁸</em></strong></span> <span class='ocrx_word' id='word_1_876' title='bbox 3094 5629 3155 5686; x_wconf 80' lang='lat' dir='ltr'><strong>F.</strong></span> <span class='ocrx_word' id='word_1_877' title='bbox 3179 5631 3314 5703; x_wconf 62' lang='grc' dir='ltr'>ἕξει.</span> 
     </span>
    </p>
   </div>
   <div class='ocr_carea' id='block_1_111' title="bbox 89 5686 3320 5820">
    <p class='ocr_par' dir='ltr' id='par_1_111' title="bbox 89 5686 3320 5820">
     <span class='ocr_line' id='line_1_111' title="bbox 89 5686 3320 5820; baseline 0.001 -68"><span class='ocrx_word' id='word_1_878' title='bbox 427 5697 602 5770; x_wconf 74' lang='grc' dir='ltr'>οὐσία,</span> <span class='ocrx_word' id='word_1_879' title='bbox 666 5686 808 5752; x_wconf 69' lang='grc' dir='ltr'>οὕτω</span> <span class='ocrx_word' id='word_1_880' title='bbox 869 5699 1008 5770; x_wconf 84' lang='grc' dir='ltr'>μήτε</span> <span class='ocrx_word' id='word_1_881' title='bbox 1089 5702 1122 5771; x_wconf 80' lang='grc' dir='ltr'>ἡ</span> <span class='ocrx_word' id='word_1_882' title='bbox 1182 5697 1343 5772; x_wconf 85' lang='grc' dir='ltr'>σοφία</span> <span class='ocrx_word' id='word_1_883' title='bbox 1389 5686 1538 5756; x_wconf 56' lang='lat' dir='ltr'><strong>ccio»?</strong></span> <span class='ocrx_word' id='word_1_884' title='bbox 1599 5701 1629 5754; x_wconf 82' lang='grc' dir='ltr'><strong>ό</strong></span> <span class='ocrx_word' id='word_1_885' title='bbox 1662 5686 1836 5765; x_wconf 72' lang='grc' dir='ltr'>Ὺίδς,</span> <span class='ocrx_word' id='word_1_886' title='bbox 1899 5701 2010 5768; x_wconf 67' lang='grc' dir='ltr'>ἕξις</span> <span class='ocrx_word' id='word_1_887' title='bbox 2069 5686 2292 5758; x_wconf 69' lang='grc' dir='ltr'>νοεῖται.</span> <span class='ocrx_word' id='word_1_888' title='bbox 2396 5705 2414 5736; x_wconf 89' lang='grc'><strong>⁷</strong></span> <span class='ocrx_word' id='word_1_889' title='bbox 2470 5686 2792 5763; x_wconf 35' lang='grc' dir='ltr'><strong>ἰδ”.ί</strong></span> <span class='ocrx_word' id='word_1_890' title='bbox 2840 5687 2928 5786; x_wconf 47' lang='grc' dir='ltr'><strong>’,ί</strong></span> <span class='ocrx_word' id='word_1_891' title='bbox 2957 5686 3105 5763; x_wconf 15' lang='lat' dir='ltr'><strong>rCor.</strong></span> <span class='ocrx_word' id='word_1_892' title='bbox 3147 5717 3188 5771; x_wconf 87' lang='lat' dir='ltr'><strong>l,</strong></span> <span class='ocrx_word' id='word_1_893' title='bbox 3222 5686 3320 5756; x_wconf 57' lang='lat'><strong>&#39;17.</strong></span> 
     </span>
    </p>
   </div>
   <div class='ocr_carea' id='block_1_112' title="bbox 227 5801 378 5829">
    <p class='ocr_par' dir='ltr' id='par_1_112' title="bbox 227 5801 378 5829">
     <span class='ocr_line' id='line_1_112' title="bbox 227 5801 378 5829; baseline 0.013 -9"><span class='ocrx_word' id='word_1_894' title='bbox 227 5801 264 5829; x_wconf 65' lang='grc' dir='ltr'><strong><em>ὀ</em></strong></span> <span class='ocrx_word' id='word_1_895' title='bbox 294 5801 378 5822; x_wconf 67' lang='grc' dir='ltr'><strong>ειν·</strong></span> 
     </span>
    </p>
   </div>
  </div>
