3798 6212
482 272 586 325 415

1867 280 1924 338 S.
1961 280 2294 336 EPlPllANll

3614 274 3712 331 HG

468 387 577 444 est,
595 380 782 430 eadem
805 373 1025 428 haurire
1048 386 1208 426 sensa
1227 372 1603 427 consucvisset
1622 368 1838 424 duobus
1860 387 1889 423 e
1912 370 2048 440 psal-

2148 396 2237 461 πὰς
2261 398 2441 452 ἕλκειν
2471 394 2700 458 ἑννοίας.
2731 393 2921 465 ὥσπερ
2950 390 3059 446 ἀπὸ
3084 390 3192 445 τῶν
3217 389 3309 445 δύο
3329 389 3591 460 ψαλμῶν,
3613 389 3710 444 ἀπὸ

467 474 597 535 mis,
618 469 687 521 ab
712 482 778 521 eo
797 465 1047 520 videlicet
1068 465 1121 519 in
1144 480 1256 535 quo
1274 464 1492 520 canitur
1515 481 1528 517 :
1548 463 1766 517 Judicia
1789 473 1879 516 tua
1904 466 2060 533 abys-

466 578 558 615 sus
594 559 760 612 multa
785 560 799 590 '
824 571 839 621 ;
863 568 914 612 et
938 558 1005 613 ab
1030 557 1158 623 alio,
1185 558 1236 611 in
1260 571 1370 626 quo
1390 556 1652 624 scriptum
1685 564 1770 611 est
1797 574 1809 609 :
1847 554 2059 610 Semita:

469 665 575 709 tua
598 656 652 708 in
673 654 825 724 aquis
848 653 1047 719 multis,
1066 662 1113 707 et
1139 653 1358 722 vestigia
1376 660 1468 705 tua
1487 666 1589 705 non
1612 660 1988 720 cognoscentur
2003 652 2022 682 '
2042 667 2057 715 ;

470 746 617 800 illam
641 746 708 800 de
744 744 1072 814 Deijudiciis
1098 744 1424 800 sententiam
1454 743 1734 813 paululum
1759 744 2060 799 immutatis

466 839 796 911 quibusdam
830 838 1125 894 transtulit.
1165 837 1301 893 Nam
1342 852 1440 908 pro
1478 837 1547 893 iis
1573 836 1753 893 verbis
1782 856 1795 892 :
1823 836 2059 908 Abyssus

467 931 658 993 multa,
681 930 930 1000 scripsit:
954 928 998 986 ο
1023 931 1248 984 altitudo
1279 926 1756 985 divitiaram'lPro
1783 929 1867 985 his
1889 944 2015 984 vero
2043 947 2058 985 :

469 1023 686 1079 Semitce
708 1032 815 1077 tua:
837 1024 889 1076 in
917 1023 1066 1093 aquis
1087 1021 1303 1087 multis;
1326 1032 1375 1077 et
1399 1023 1616 1093 vestigia
1636 1031 1727 1076 tua
1754 1038 1856 1076 non
1876 1038 2063 1092 cogno-

463 1124 677 1170 scentur
688 1130 709 1179 ;
721 1115 939 1184 scripsit
956 1133 970 1171 :
988 1113 1385 1185 Investigabiles
1402 1130 1419 1178 ;
1436 1130 1534 1185 pro
1550 1115 1635 1169 bis
1652 1123 1831 1170 autem
1850 1116 2056 1172 verbis:

464 1208 681 1263 Iudicia
707 1217 799 1262 tua
838 1208 1057 1279 abgssus
1091 1208 1258 1262 multa
1279 1251 1294 1276 ,
1318 1209 1602 1264 substituit
1618 1208 1782 1280 853
1804 1210 1939 1277 haec,
1961 1209 2059 1264 In-

464 1302 777 1357 scrutabilia
790 1303 1004 1372 judicia
1026 1303 1141 1371 ejus
1158 1303 1199 1358 ‘.
1218 1304 1301 1357 Ad
1324 1304 1575 1358 eumdem
1601 1304 1821 1358 modum
1846 1319 1969 1360 cum
1993 1304 2062 1359 ab

466 1396 583 1467 ipsa
610 1394 890 1466 Sapientia
915 1404 1157 1451 mutuam
1184 1394 1379 1466 ipsius,
1405 1410 1469 1450 ac
1498 1392 1676 1450 Patris
1709 1410 1831 1449 cum
1860 1394 2062 1452 infimis

466 1487 617 1542 hisce
654 1487 1120 1557 comparationem
1167 1486 1653 1555 habitudinemque
1694 1484 2060 1554 cognovisset,

466 1580 741 1650 propriam
766 1578 967 1643 Patris,
994 1594 1059 1633 ac
1082 1577 1227 1642 Filii,
1255 1584 1307 1632 et
1334 1593 1522 1633 eorum
1544 1593 1666 1648 quae
1691 1592 1787 1648 per
1805 1576 2002 1632 Filium
2031 1592 2063 1632 a

2143 490 2237 544 τοῦ
2262 506 2321 542 τε
2342 488 2588 555 λέγοντος
2607 503 2619 516 ο
2669 487 2744 541 Τὰ
2769 483 3019 555 κρίματά
3051 500 3168 538 σου
3198 482 3462 548 ἄϐυσσος
3484 482 3710 548 πολλὴ,

2144 581 2238 634 καὶ
2268 579 2375 633 ἀπὸ
2409 577 2537 641 τοῦ,
2578 578 2648 630 Αἱ
2694 577 2878 644 τρίόοι
2915 589 3032 628 σου
3089 575 3157 627 ἐν
3196 573 3373 627 ὕδασι
3428 570 3701 636 πολλοῖς·

2145 672 2243 727 καὶ
2274 672 2346 726 τὰ
2375 670 2515 741 ἴχνη
2549 686 2666 723 σου
2692 670 2764 721 οὐ
2803 665 3278 738 τνωσθήσονται,
3313 664 3403 717 τὸν
3436 663 3569 734 περὶ
3599 679 3705 731 κρι-

2148 764 2331 835 μάτων
2370 760 2464 815 τοῦ
2496 757 2630 815 Θεοῦ
2674 758 2830 827 λόγον
2881 756 3199 827 μετέϐαλεν.
3246 756 3389 810 ’Δντὶ
3445 754 3550 825 μὲν
3601 752 3707 819 τοῦ,

2148 856 2456 919 Ἀϐυσσος
2481 850 2681 918 πολλὴ
2698 890 2713 913 ,
2737 849 2818 912 τὸ,
2847 844 2917 901 Ὦ
2948 846 3141 915 ,βάθος
3167 847 3470 901 πλούτουέ
3506 846 3633 898 ἀντὶ
3660 844 3708 898 δὲ

2144 946 2238 1002 τοῦ
2262 986 2277 1011 ,
2329 948 2398 1000 At
2426 944 2609 1013 τρίόοι
2653 957 2769 995 σου
2823 940 2893 993 ἐν
2940 937 3120 992 ὕδασι
3172 935 3423 1003 πολλοῖς
3444 952 3459 965 ·
3489 935 3595 991 καὶ
3648 936 3712 989 τὰ

2147 1036 2286 1106 ἴχνη
2318 1049 2434 1088 σου
2461 1034 2533 1089 οὺ
2564 1028 3041 1102 γνωσθήσονται,
3067 1028 3151 1090 τὸ,
3202 1025 3706 1096 Ἀνεξιχνίαστοι·

2146 1132 2267 1187 ἀντὶ
2302 1130 2360 1183 δὲ
2409 1127 2503 1182 τοῦ
2528 1167 2543 1193 ,
2588 1127 2665 1181 Τὰ
2708 1121 2961 1195 κρίματα
2996 1138 3113 1178 σου
3163 1119 3433 1184 ἄϐυσσος
3486 1114 3710 1181 πολλὴ.

2144 1221 2244 1288 τὸ,
2289 1218 2749 1286 Ἀνεξερεύνητα
2796 1215 2867 1268 τὰ
2913 1209 3165 1281 κρίματά
3213 1225 3351 1265 σου.
3404 1207 3569 1261 οὕτω
3628 1208 3713 1258 καὶ

2146 1311 2276 1384 παρ’
2316 1309 2483 1380 αὐτῆς
2527 1307 2629 1377 τῆς
2667 1304 2867 1373 Σοφίας
2901 1302 3001 1374 τὴν
3045 1303 3174 1373 περὶ
3224 1298 3424 1368 ἑαυτῆς
3474 1296 3574 1350 καὶ
3628 1293 3711 1347 τοῦ

2144 1402 2395 1473 Πατρὸς,
2450 1398 2541 1453 καὶ
2580 1396 2680 1467 τὴν
2730 1394 2865 1465 πρὸς
2904 1393 3031 1447 τάδε
3078 1390 3344 1462 γενόμενα
3383 1388 3573 1457 σχέσιν
3623 1401 3708 1455 μσ-

2146 1490 2289 1556 Θὼν,
2342 1491 2400 1542 ἐν
2456 1490 2570 1551 τοῖς
2615 1483 2808 1540 ἑαυτοῦ
2863 1485 2995 1557 ἡμῖν
3038 1481 3137 1553 τὴν
3176 1480 3304 1551 περὶ
3362 1477 3586 1547 Πατρὸς
3632 1476 3715 1527 καὶ

2145 1581 2312 1649 Υἱοῦ,
2343 1580 2567 1636 καὶτῶν
2604 1581 2669 1635 ἐκ
2697 1577 2911 1648 Πατρὸς
2954 1575 3023 1628 δι’
3058 1572 3189 1629 Υἱοῦ
3226 1570 3533 1642 γεγονότων
3582 1584 3712 1637 stap-

468 1672 629 1728 Patre
661 1671 923 1743 producta
957 1680 1108 1736 sunt,
1144 1672 1422 1726 notionem
1461 1671 1577 1726 suis
1622 1671 1677 1725 in
1718 1670 1939 1740 scriptis
1968 1685 2048 1725 ex-

2149 1674 2359 1747 ίστησιν
2412 1671 2641 1728 ἔννοιαν.
2683 1668 2795 1739 Τῆς
2830 1667 2941 1738 γὰρ
2975 1664 3171 1733 Σοφίας
3223 1661 3526 1732 εἰπούσηςο
3583 1658 3717 1726 ἐγὼ

464 1764 682 1835 pressit.
710 1760 846 1815 Nam
885 1776 1010 1816 cum
1052 1759 1328 1829 Sapientia
1357 1760 1587 1815 dixisset
1617 1773 1632 1814 :
1661 1759 1773 1831 Ego
1799 1759 2048 1829 sapientis

2148 1767 2187 1835 ἠ
2239 1743 2427 1836 σοφία
2479 1759 2916 1830 κατεσκήνωσα
2963 1754 3209 1823 ,ϐουλὴν
3237 1794 3251 1817 ,
3301 1754 3399 1807 καὶ
3454 1751 3525 1805 τὰ
3578 1751 3712 1820 ἑξῆς,

463 1854 644 1908 habito
672 1855 727 1907 in
761 1854 978 1908 consilio
1000 1854 1041 1920 ³,
1061 1861 1189 1917 etc.,
1218 1862 1333 1907 tum
1374 1852 1440 1907 ad
1478 1869 1597 1908 eam
1627 1852 2060 1923 procreationem

464 1945 1130 2016 administrationemque,
1166 1962 1287 2016 qua:
1330 1946 1723 2001 interveniente
1748 1945 1929 2002 Verbo
1972 1945 2053 2011 ﬁt,

462 2038 818 2105 descendens,
840 2055 962 2094 cum
988 2038 1058 2091 ita
1086 2038 1456 2107 subjunxissct
1483 2038 1620 2092 :Per
1642 2054 1722 2092 me
1748 2047 2058 2108 reges,etc.,

477 2128 605 2179 item
638 2124 766 2177 illud
803 2142 817 2176 :
858 2122 919 2176 Si
951 2122 1256 2175 nuntiavero
1288 2124 1451 2185 vobis,
1489 2137 1603 2190 quia
1625 2137 1717 2190 per
1758 2138 1839 2177 me
1878 2124 2051 2194 ﬁunt;

476 2211 890 2266 commemorabo
930 2227 1046 2281 qua:
1085 2228 1116 2264 a
1148 2211 1342 2265 seculo
1371 2218 1493 2264 sunt
1530 2214 1911 2281 percensenda;
1951 2213 2048 2272 de-

475 2301 643 2357 inde:
682 2302 938 2355 Dominus
965 2300 1161 2354 creavit
1204 2316 1284 2353 me
1331 2301 1541 2353 initium
1585 2302 1790 2355 viarum
1830 2319 2051 2357 suarum

474 2395 528 2446 in
562 2410 719 2462 opera
775 2394 941 2461 ipsius
970 2406 989 2445 :
1024 2400 1144 2445 ante
1177 2390 1431 2446 saeculum
1485 2391 1729 2461 fundavit
1780 2408 1895 2459 me;
1929 2403 2049 2449 ante

475 2487 651 2539 omnia
699 2486 876 2556 genuit
932 2499 1059 2539 me:
1098 2499 1222 2538 cum
1279 2483 1414 2547 haec,
1470 2484 1715 2554 inquam,
1773 2483 2050 2555 Sapientia

471 2578 726 2643 dixisset,
759 2577 1053 2647 Apostolus
1099 2591 1196 2646 pro
1239 2591 1304 2632 eo
1351 2576 1497 2646 quod
1536 2583 1643 2640 est,
1682 2577 1913 2643 initium,
1954 2592 2052 2647 po-

473 2669 603 2730 suit,
639 2669 881 2736 primus;
914 2684 1034 2740 pro,
1060 2668 1237 2739 genuit
1265 2684 1364 2732 me,
1391 2668 1633 2739 genitus;
1682 2683 1782 2739 pro
1812 2674 1927 2724 toto
1956 2668 2050 2723 illo

469 2764 736 2825 membro,
787 2759 999 2815 Creavit
1039 2776 1119 2814 me
1159 2760 1368 2814 initium
1422 2759 1626 2813 viarum
1672 2775 1929 2825 suarum;
1972 2767 2046 2827 et,

467 2851 643 2920 genuit
683 2868 782 2918 me,
821 2850 925 2907 ista
973 2851 1233 2915 subtexit,
1268 2848 1665 2921 Primogenitus
1696 2851 1864 2903 omnis
1897 2866 2048 2904 erea-

469 2948 684 3008 turw';
729 2957 829 3013 pro
882 2942 1006 3009 hoc,
1052 2940 1323 2996 Fundavit
1375 2957 1477 3007 me,
1513 2940 1758 3011 scripsit,
1816 2939 1884 2994 In
1934 2942 2048 3009 ipso

469 3043 651 3087 creata
671 3043 792 3087 sunt
822 3034 1019 3088 omnia.
1041 3034 1254 3089 Rursus
1282 3045 1381 3104 pro
1406 3032 1531 3096 hoc,
1557 3047 1650 3100 per
1672 3045 1786 3095 me;
1812 3031 2047 3101 Aposto-

2146 1858 2242 1913 καὶ
2274 1856 2588 1929 μεταϐάσης
2616 1854 2695 1917 εἰς
2722 1852 2814 1905 τὸν
2839 1850 2906 1903 δι’
2933 1844 2993 1905 οὗ
3028 1848 3226 1917 Λόγοψ
3258 1847 3449 1919 εἴρηκε
3478 1844 3614 1914 γὰρ,
3647 1842 3715 1895 Δι’

2144 1949 2290 2021 ἐμοῦ
2320 1947 2601 2016 βασιλεῖς
2630 1964 2643 1976 ·
2677 1945 2771 2000 καὶ
2810 1944 2891 2008 τὸ,
2944 1941 3086 1997 Ἐὰν
3121 1939 3454 2010 dammam
3486 1934 3633 2006 ὑμῖν
3656 1934 3715 1987 τό

2145 2043 2220 2098 δι’
2253 2042 2396 2112 ἐμοῦ
2417 2083 2431 2107 ,
2460 2040 2859 2112 μνημονεύσω
2891 2036 2963 2090 τὰ
2990 2036 3090 2090 ἀπ’
3122 2032 3337 2096 αἰῶνος
3363 2028 3709 2099 ἀριθμῆσαν

2147 2133 2243 2189 καὶ
2269 2132 2557 2203 εἰπούσηςο
2598 2129 2819 2198 Κύριος
2856 2125 3059 2181 ἐκτισέ
3088 2141 3163 2195 με
3193 2122 3391 2191 ἀρχὴν
3434 2118 3597 2173 ὁδῶν
3625 2120 3714 2171 αὐ-

2146 2223 2253 2279 τοῦ
2277 2225 2363 2290 εἷς
2396 2222 2537 2291 ἔργα
2562 2219 2746 2274 αὐτοῦ
2773 2234 2788 2249 ο
2827 2218 2940 2285 πρὸ
2982 2216 3086 2271 τοῦ
3112 2215 3326 2278 αἰῶνος
3365 2208 3717 2280 ἐθεμελίωσέ

2141 2330 2219 2383 με
2242 2330 2256 2344 ·
2288 2314 2402 2382 πρὸ
2431 2311 2499 2365 δὲ
2525 2310 2766 2364 πάντων
2796 2307 2977 2379 γεννᾷ
3012 2325 3090 2376 με
3112 2322 3125 2334 ο
3162 2304 3281 2359 ἀντὶ
3309 2303 3409 2374 μὲν
3439 2300 3539 2354 τοῦ
3570 2339 3585 2361 ,
3630 2300 3718 2366 dp-

2147 2404 2288 2475 χὴν,
2318 2403 2506 2457 ἐλαϐεν
2534 2405 2562 2456 ὁ
2607 2401 2927 2464 Ἀπόστολος
2957 2400 3038 2463 τὸ,
3074 2397 3304 2467 πρῶτος
3328 2413 3341 2425 ·
3374 2395 3497 2448 ἀντὶ
3519 2392 3579 2445 δὲ
3614 2390 3715 2451 τοῦ,

2147 2493 2331 2559 rer-r5
2359 2512 2463 2559 ue,
2503 2494 2596 2556 τὸ,
2634 2495 2808 2557 τόκος
2830 2508 2843 2521 ·
2885 2491 3007 2544 ἀντὶ
3042 2489 3099 2542 δὲ
3136 2484 3230 2540 τοῦ
3268 2486 3388 2539 ὅλου
3424 2481 3564 2553 ὁμοῦ
3590 2522 3605 2546 ,
3647 2480 3715 2542 τὸ,

2141 2585 2502 2654 Ἕκτισέτμε
2531 2581 2729 2653 ἀρχὴν
2753 2580 2906 2636 ὁδῶν
2936 2580 3121 2635 αὐτοῦ
3143 2597 3156 2609 ·
3190 2578 3283 2631 καὶ
3314 2574 3499 2646 γεννᾷ
3518 2591 3618 2643 με.
3648 2572 3714 2633 τὸ,

2148 2674 2520 2740 πρωτότοκος
2567 2673 2770 2741 πάσης
2802 2672 3052 2738 κτίσεως
3080 2688 3093 2701 σ
3135 2670 3255 2723 ἀντὶ
3305 2668 3361 2722 δὲ
3392 2666 3491 2720 τοῦ
3517 2706 3533 2731 ,
3578 2666 3719 2719 Ἐθε-

2142 2761 2436 2831 μελίωσε,
2466 2763 2527 2815 τὸ
2550 2802 2565 2827 ,
2610 2764 2713 2817 Ἐν
2751 2760 2911 2826 αὐτῷ
2940 2761 3185 2826 ἐκτίσθη
3224 2759 3296 2812 τὰ
3333 2756 3568 2811 πάντα*
3613 2753 3718 2807 ἀντὶ

2146 2850 2203 2905 δὲ
2236 2850 2360 2916 τοῦ,
2392 2852 2467 2907 δι’
2494 2851 2659 2923 ἐμοῦ,
2701 2856 2778 2907 Τὰ
2804 2853 2903 2906 ἀπ’
2931 2852 3169 2916 αἰῶνος,
3200 2851 3319 2904 sits
3354 2850 3581 2918 θρόνοι,
3614 2845 3720 2899 εἶτε

2148 2944 2510 3011 κυριότητες,
2544 2943 2665 2998 εἴτε
2692 2943 2890 3015 ἀρχαὶ,
2930 2943 3052 2997 εἴτε
3076 2942 3351 3005 ἐξουσίαι
3371 2980 3387 3007 ,
3426 2938 3503 2994 τὰ
3533 2936 3720 2991 πάντα

2148 3032 2223 3087 δι’
2244 3036 2452 3104 αὑτοῦ,
2480 3036 2577 3089 καὶ
2599 3038 2687 3104 εις
2715 3035 2903 3091 αὑτὸν
2930 3036 3216 3090 ἔκτισται.

468 3124 577 3192 ius,
608 3140 725 3195 quia
770 3142 804 3180 a
861 3126 1056 3180 seculo
1102 3135 1247 3193 sunt,
1292 3128 1399 3181 sive
1441 3126 1642 3190 throni,
1694 3126 1800 3181 sive
1847 3124 2266 3195 dominationes,
2341 3131 2446 3185 sive
2502 3132 2856 3202 principatus,
2900 3131 3005 3187 sive
3047 3137 3357 3201 potestates,
3414 3124 3597 3179 omnia
3639 3137 3717 3189 pa

468 3217 662 3285 ipsum,
694 3224 745 3271 et
776 3217 831 3271 in
862 3216 1034 3287 ipsum
1066 3226 1245 3271 creata
1268 3228 1415 3273 sunt.

538 3303 729 3375 Itaque
788 3319 913 3359 cum
962 3304 1210 3376 Apostoli
1257 3305 1527 3360 sententia
1572 3319 1697 3360 cum
1751 3304 2044 3378 Sapientiae

2216 3301 2443 3356 Πάντων
2474 3297 2568 3357 οὖν
2592 3301 2728 3374 πρὸς
2775 3301 2922 3372 λέξιν
2970 3302 3327 3370 ἐξισαζόντων
3356 3304 3715 3359 ἀποστολιών

469 3410 603 3451 voce
659 3394 727 3451 ad
796 3395 1022 3452 verbum
1089 3403 1393 3467 congruat,
1447 3397 1595 3452 velut
1655 3397 1867 3451 initium
1920 3413 2044 3452 cum

467 3486 661 3555 primo,
694 3493 748 3541 et
778 3487 953 3557 genuit
977 3501 1101 3543 cum
1129 3487 1505 3557 primogenitus
1527 3495 1614 3551 ;et
1638 3487 1806 3552 istud,
1832 3487 2043 3543 Creavit

469 3595 551 3633 me
571 3580 783 3634 initium
811 3582 1017 3635 viarum
1041 3594 1263 3634 suarum
1288 3579 1343 3634 in
1368 3594 1527 3649 opera
1551 3580 1737 3649 ipsius,
1764 3593 1887 3632 cum
1918 3578 2045 3643 hoc,

469 3669 860 3740 Primogenitus
883 3671 1051 3726 omnis
1073 3679 1330 3725 creatura:
1354 3687 1369 3737 ;
1423 3670 1551 3726 item
1570 3686 1668 3741 pro
1681 3670 1921 3739 fundavit
1945 3686 2045 3737 me,

468 3760 586 3814 haec
617 3760 781 3815 verba
814 3759 1111 3815 substituta
1147 3760 1278 3821 sint,
1311 3759 1367 3812 in
1399 3759 1512 3827 ipso
1547 3770 1728 3813 creata
1761 3768 1919 3823 sunt;
1952 3774 2050 3829 pro

472 3851 575 3905 hoc
608 3866 737 3906 vero
761 3891 775 3916 ,
817 3867 910 3921 per
937 3867 1049 3917 me,
1087 3851 1231 3907 istud
1254 3889 1270 3915 ,
1301 3866 1393 3920 per
1441 3851 1651 3920 ipsum,
1699 3850 2048 3906 manifestum

466 3950 555 3997 est
600 3943 847 4014 imaginis
882 3958 1079 3999 nomen
1112 3943 1252 3998 citra
1308 3942 1622 4014 passionem
1676 3944 1968 4013 usurpari;
1997 3950 2053 3998 et

470 4048 570 4104 pro
604 4033 736 4088 iisce
769 4033 968 4098 verbis,
1004 4032 1117 4104 Ego
1148 4033 1436 4102 sapientia,
1469 4032 1707 4102 positum
1737 4032 1930 4089 fuisse.
1973 4033 2051 4088 Ac

470 4125 698 4194 proinde
727 4125 871 4181 sicut
903 4125 1175 4197 sapientia
1204 4126 1472 4197 sapientis
1503 4123 1679 4182 Filius
1701 4168 1715 4193 ,
1746 4125 2053 4183 substantia

470 4217 788 4273 substantiae
815 4226 900 4273 est
934 4235 949 4272 :
990 4217 1074 4273 sic
1106 4218 1402 4289 imaginem
1445 4216 1768 4274 substantia:
1817 4234 1940 4274 esse
1978 4219 2054 4273 si-

469 4311 673 4367 milem.
706 4309 787 4365 Ex
818 4326 929 4381 quo
955 4312 1176 4382 quidem
1211 4312 1393 4383 imago
1430 4310 1550 4378 Dei,
1582 4311 1676 4382 qui
1717 4310 1889 4367 videri
1919 4326 2052 4368 ocu-

470 4402 538 4456 lis
572 4417 682 4456 non
723 4410 939 4472 potest,
984 4403 1089 4457 hoc
1134 4411 1220 4459 est
1248 4402 1445 4466 Filius,
1481 4403 1820 4474 intelligitur.
1857 4400 1934 4456 lta
1964 4402 2047 4456 di-

468 4494 681 4548 ctiones
717 4507 908 4548 omnes
936 4493 1003 4547 ad
1036 4495 1301 4549 amussim
1339 4494 1735 4563 respondentes
1765 4493 2047 4549 habemus.

472 4583 543 4640 ‘Ut
581 4593 710 4654 puta
741 4598 841 4655 pro
878 4584 1136 4652 sapiente.
1170 4584 1339 4652 Deus;
1381 4600 1479 4656 pro
1508 4585 1803 4651 sapientia,
1835 4585 2047 4655 imago;

2147 3393 2226 3458 ὡς
2253 3393 2322 3447 τὰ
2344 3393 2496 3466 παρὰ
2523 3397 2622 3467 τῆς
2646 3395 2864 3465 Σοφεας,
2888 3396 3132 3450 τουτέστι
3156 3395 3248 3450 τοῦ
3272 3413 3330 3449 τε
3358 3396 3564 3467 ἀρχὴν
3596 3400 3715 3470 πρὸς

2145 3486 2208 3537 τὸ
2243 3485 2493 3554 πρῶτος,
2546 3486 2639 3539 καὶ
2678 3485 2773 3539 τοῦ
2830 3484 3050 3557 τεννᾷ⁸
3077 3489 3471 3556 πρωτότοκος,
3526 3490 3713 3554 καὶτὸ,

2152 3577 2388 3632 Ἕκτισέ
2405 3594 2483 3648 με
2506 3576 2705 3647 ἀρχὴν
2740 3576 2897 3632 ὁδῶν
2941 3578 3150 3643 αὑτοῦ,
3196 3581 3286 3646 εἰς
3330 3578 3483 3649 ἔργα
3523 3582 3713 3647 αὐτοῦ,

2150 3669 2287 3741 πρὸς
2320 3668 2400 3734 τὸ,
2433 3671 2814 3739 Πρωτότοκος
2848 3668 3052 3736 πάσης
3078 3671 3326 3737 κτίσεως
3345 3685 3359 3700 ·
3392 3672 3519 3725 ἀντὶ
3543 3672 3597 3726 δὲ
3617 3670 3712 3735 τοῦ,

2161 3760 2545 3830 Ἐθεμελίωσέ
2574 3779 2673 3831 με,
2706 3761 2786 3826 τὸ,
2833 3762 2930 3815 Ἐν
2981 3760 3141 3827 αὐτῷ
3184 3762 3453 3830 ἐκτίσθη·
3508 3764 3626 3816 ἀντὶ
3666 3764 3713 3816 a

2148 3852 2264 3914 τοῦ,
2298 3851 2374 3905 δι’
2395 3852 2562 3920 ἐμοῦ,
2602 3853 2678 3916 ὡς
2710 3852 2848 3923 πρὸς
2880 3850 2961 3916 τὸ,
2984 3850 3060 3904 δι’
3087 3852 3275 3906 αὐτοῦ
3296 3867 3307 3879 ·
3348 3854 3608 3924 φανερὸν,
3636 3856 3713 3907 καὶ

2150 3945 2187 4011 ἠ
2220 3944 2399 3999 εἰκὼν
2426 3947 2526 4000 οὐκ
2567 3947 2626 3997 ὲν
2660 3944 2844 4011 πάθει,
2885 3945 3001 3998 ἀλλ’
3031 3945 3153 3998 ἀντὶ
3195 3944 3312 4010 τοῦ,
3360 3946 3514 4013 Ἐγὼ
3550 3948 3587 4012 ἠ
3626 3963 3712 3999 σοι

2148 4036 2278 4106 gata,
2312 4037 2695 4109 παρείληπται.
2742 4036 2852 4089 Καὶ
2882 4036 2958 4099 ὡς
2988 4038 3021 4107 ἡ
3056 4036 3215 4104 σοφία
3254 4035 3349 4089 τοῦ
3383 4035 3554 4105 σοῖὶοῦ
3582 4036 3707 4097 Υἱὸς,

2149 4127 2308 4180 οὐσία
2341 4127 2547 4193 οὐσίας,
2603 4127 2776 4191 οὕτως
2806 4128 2839 4198 ἡ
2871 4125 3034 4179 εἰκὼν
3079 4126 3266 4189 οὐσίας
3292 4126 3451 4197 ὁμοία
3483 4128 3614 4180 ἐστι.
3639 4128 3710 4179 Διὸ

2151 4221 2245 4274 καὶ
2270 4217 2434 4272 εἰκὼν
2459 4218 2654 4290 ἐνοήθη
2685 4217 2778 4271 τοῦ
2825 4217 2959 4271 Θεοῦ
2990 4218 3244 4287 ἀοράτου,
3290 4217 3349 4280 ὃς
3398 4218 3553 4271 ἐστιν
3586 4218 3708 4279 Υἱός.

2150 4312 2259 4365 Καὶ
2299 4309 2495 4381 ἔχομεν
2542 4308 2899 4377 ὲξισαζούσας
2946 4308 3045 4372 τὰς
3091 4308 3265 4374 λέξεις
3328 4308 3547 4372 πάσας·
3613 4307 3711 4361 ἀντὶ

2153 4398 2252 4469 μὲν
2297 4398 2391 4451 τοῦ
2424 4399 2642 4467 σοφοῦ,
2681 4396 2743 4451 τὸ
2772 4401 2934 4465 Θεός’
2966 4397 3085 4450 ἀντὶ
3119 4397 3175 4450 δὲ
3213 4398 3325 4466 τῆς
3371 4400 3613 4467 σοφίας,
3644 4400 3709 4456 τὸ.

2150 4487 2327 4543 εἰκών
2347 4505 2362 4518 ·
2386 4489 2507 4543 ἀντὶ
2526 4488 2584 4541 δὲ
2607 4488 2700 4541 τοῦ
2731 4488 2910 4558 ἀρχὴ,
2938 4486 3168 4555 πρῶτος
3190 4502 3204 4516 ·
3242 4489 3362 4541 ἀντὶ
3393 4489 3448 4541 δὲ
3478 4489 3574 4540 τοῦ
3604 4504 3711 4557 γεν-

2152 4577 2249 4646 νᾷ,
2279 4579 2359 4644 τὸ,
2420 4581 2624 4644 τόκος’
2656 4579 2776 4632 ἀντὶ
2815 4579 2872 4632 δὲ
2906 4579 3073 4641 ὅλου,
3110 4579 3259 4648 ὁμοῦ
3287 4596 3467 4649 φαμεν
3488 4596 3501 4611 ·
3540 4580 3648 4633 ἀντὶ
3664 4578 3711 4630 ὁὶ

460 4685 560 4740 pro
597 4668 773 4732 initio,
814 4667 1056 4735 primus;
1109 4679 1208 4733 pro
1258 4665 1456 4733 genuit,
1488 4665 1731 4733 genitus;
1780 4676 1879 4732 pro
1918 4672 2048 4734 toto,

2151 4671 2269 4736 τοῦ,
2317 4671 2533 4741 Ἀρχὴν·
2562 4669 2718 4726 ὁδῶν
2744 4670 2931 4724 αὐτοῦ
2985 4671 3191 4725 ἐκτισέ
3215 4688 3294 4741 με
3321 4673 3410 4736 εις
3439 4672 3586 4741 ἔργα
3624 4671 3711 4724 οὐ·

466 4776 613 4824 una;
659 4773 759 4829 pro
794 4766 909 4813 toto
954 4756 1046 4812 illo
1086 4756 1354 4819 membro,
1378 4755 1649 4821 videlicet,
1679 4754 1907 4809 Initium
1946 4757 2063 4810 via-

467 4868 587 4906 rum
615 4866 835 4905 suarum
869 4850 1062 4903 creavit
1093 4865 1173 4903 me
1209 4849 1262 4902 in
1299 4865 1457 4919 opera
1486 4865 1606 4910 sua,
1639 4857 1693 4903 et
1727 4849 1907 4919 genuit
1941 4864 2059 4914 me;

466 4945 861 5017 Primogenitus
887 4945 1057 4999 omnis
1084 4954 1361 4998 creatum.
1391 4942 1522 4997 Item
1548 4958 1646 5011 pro
1681 4941 1927 5012 fundavit
1955 4958 2055 5010 me,

461 5036 530 5092 In
555 5038 669 5107 ipso
698 5048 882 5094 creata
907 5047 1073 5101 sunt;
1098 5046 1153 5092 et
1176 5054 1274 5108 pro
1295 5054 1386 5107 per
1417 5055 1517 5105 me,
1548 5038 1741 5093 Omnia
1765 5053 1857 5108 per
1884 5039 2059 5107 ipsum

461 5138 514 5183 et
543 5131 598 5184 in
622 5132 818 5200 ipsum.
852 5128 932 5185 Ex
955 5130 1157 5201 quibus
1186 5130 1396 5201 liquido
1420 5138 1637 5185 constat
1662 5148 1676 5185 :
1704 5145 1802 5185 eos
1835 5129 1931 5199 qui
1964 5128 2059 5184 Dei

468 5239 575 5278 non
627 5224 977 5295 aspectabilis
1022 5223 1312 5294 imaginem
1365 5236 1487 5279 esse
1541 5221 1741 5278 Filium
1792 5222 2053 5293 audiunt,

464 5327 519 5372 et
540 5318 911 5382 nihilominus
950 5318 1115 5386 huius
1167 5334 1294 5374 cum
1324 5316 1484 5374 Patre
1522 5317 1932 5375 similitudinem
1963 5333 2060 5374 ca-

465 5408 721 5466 lumniari
764 5420 875 5467 tam
910 5412 1251 5483 impudenter
1294 5426 1403 5466 non
1436 5410 1709 5480 dubitant,
1735 5410 1944 5467 erroris
1990 5408 2060 5464 ab

564 5594 576 5622 ¹
610 5590 754 5645 Ρδιιι.
780 5609 943 5652 xxxv,
980 5589 1030 5644 7.
1105 5592 1124 5621 ’
1150 5589 1293 5643 Psal.
1317 5603 1501 5659 LXXVI,
1534 5590 1625 5646 20.
1707 5588 1725 5620 ³
1754 5585 1915 5644 Rom.
1948 5602 2023 5651 Il,

2218 5585 2238 5619 ⁸
2260 5585 2391 5644 ibid.
2464 5585 2482 5618 ι
2503 5583 2667 5644 Prov.
2697 5600 2816 5653 vm,
2851 5582 2916 5638 12
2934 5597 3053 5653 sqq.

492 5650 511 5680 ⁷
533 5660 593 5717 Ι·’.
626 5662 717 5717 τοῦ
740 5663 881 5743 ἕκτη
930 5650 949 5695 ⁸
990 5660 1049 5717 F.
1086 5660 1223 5727 πρὸς
1248 5659 1328 5714 τό.

2154 4760 2282 4826 τοῦ,
2340 4761 2436 4814 καὶ
2462 4759 2649 4829 γεννᾷ
2692 4776 2791 4829 με,
2840 4758 2921 4823 τὸ,
2954 4760 3332 4827 Πρωτότοκος
3359 4758 3572 4827 πάσης
3609 4760 3710 4811 κεί·

2154 4867 2307 4918 σεως
2331 4864 2347 4879 ·
2384 4850 2507 4904 ἀντὶ
2536 4850 2593 4902 δὲ
2637 4848 2751 4911 τοῦ,
2792 4847 3181 4917 Ἐθεμελίωσέ
3204 4865 3299 4916 με,
3328 4851 3409 4913 τὸ,
3447 4849 3555 4903 Ἐν
3576 4844 3712 4910 αὐτῷ

2153 4944 2400 5012 ἐκτίσθη
2425 4960 2441 4975 ’
2470 4941 2591 4995 ἀντὶ
2642 4941 2699 4993 δὲ
2724 4939 2839 5004 τοῦ,
2876 4940 2949 4994 δι’
2978 4939 3146 5009 ἐμοῦ,
3179 4937 3256 4993 Τὰ
3284 4939 3483 4993 πάντα
3527 4940 3599 4994 δι’
3624 4942 3710 4992 av-

2152 5036 2261 5091 τοῦ
2293 5035 2395 5089 καὶ
2424 5036 2511 5100 εὶς
2534 5033 2741 5087 αὐτόν.
2791 5030 3049 5101 Φανερδν,
3082 5028 3158 5093 ὡς
3206 5029 3392 5082 εἰκόνα
3441 5030 3713 5088 ἀκούοντας

2153 5127 2245 5181 τὸν
2263 5123 2394 5181 Υἱὸν
2424 5125 2516 5179 τοῦ
2543 5123 2679 5179 Θεοῦ
2708 5120 2801 5176 τοῦ
2821 5121 3052 5193 ἀοράτου
3081 5120 3174 5174 καὶ
3196 5120 3367 5183 οὕτως
3391 5121 3617 5183 ἀναιδῶς
3638 5136 3707 5171 σο-

2151 5218 2402 5289 φίζεσθαι
2461 5216 2561 5288 τὴν
2610 5216 2730 5270 κατ’
2765 5214 2956 5268 οὐσίαν
2996 5213 3289 5284 ὁμοιότητα
3314 5212 3410 5266 τοῦ
3437 5214 3571 5267 1⁸ῐοῦ
3599 5212 3712 5283 πρὸς

2150 5313 2373 5384 Πατέρα
2404 5311 2817 5382 ἐπιχειροῦντας
2851 5312 2965 5373 τοῖς
3016 5310 3182 5363 πᾶσιν
3237 5307 3450 5377 ἐλέγχει
3491 5322 3702 5376 «ngam.

2150 5404 2373 5471 σόντας·
2432 5404 2493 5459 οὐ
2522 5402 2733 5468 Παῦλός
2768 5419 2835 5472 γε
2894 5401 3073 5472 μόνος,
3108 5398 3243 5453 ἀλλά
3274 5399 3366 5452 καὶ
3415 5398 3523 5468 πρὸ
3548 5395 3709 5450 τούτου

3131 5580 3151 5609 ⁶
3177 5578 3394 5635 Coloss.
3443 5590 3483 5641 ι,
3524 5577 3581 5631 ιῦ
3610 5586 3705 5644 μη·
