3798 6212
84 262 176 317 ιιτ
698 255 1067 315 ADVERSUS
1106 258 1448 315 HIERESES
1487 259 1584 314 LII!

1833 264 1952 321 OM.
1991 266 2029 321 1.
2069 297 2139 308 --
2178 267 2453 325 IIIERES.
2492 271 2724 331 ωιχιη.
3226 282 3330 337 bl!

93 377 353 449 Ἰωάννης,
400 376 429 431 6
454 375 571 441 υίὸς
632 377 801 457 όντως
838 376 1084 450 βροντῆς,
1112 379 1178 449 τῇ
1224 378 1399 449 οἰκείᾳ
1430 378 1593 450 μεγαὶ

1831 385 2027 438 ιοειοίο
2044 385 2301 440 convinci
2327 403 2341 440 :
2370 401 2683 457 quanquam
2716 403 2822 443 non
2854 391 2973 447 illos
3003 393 3178 448 solum
3206 401 3331 451 red~

80 468 262 540 φωνίᾳ,
292 470 461 541 ὅσπερ
492 467 556 523 ἐκ
587 452 746 523 τινων
779 468 1018 540 νεφελῶν
1046 468 1153 523 τῶν
1189 470 1290 541 τῆς
1316 469 1517 540 Σοφίας
1551 487 1580 524 α

1827 473 1931 543 guit
1978 474 2291 545 Apostolus,
2327 452 2421 530 sed
2460 483 2514 531 et
2538 452 2686 532 ante
2728 479 3044 549 Apostolum
3087 481 3327 541 Joannes

80 561 362 629 νιγμάτων,
413 560 511 633 τὴν
553 562 749 634 εὐσεϐῆ
781 564 912 637 ἡμῖν
960 561 1169 615 ἔννοιαν
1191 560 1287 615 τοῦ
1341 561 1471 616 Υίοῦ
1500 579 1580 616 καί

1823 562 1917 637 58
1949 566 2039 621 ille
2076 582 2204 625 vere
2236 567 2461 621 tonitrui
2499 568 2667 625 ﬁlius;
2704 569 2811 636 Qui
2843 574 3037 642 grandi
3069 575 3162 630 illa
3200 591 3323 642 sua,

78 652 157 704 τὸν
180 651 359 721 ὅμοιον
381 651 581 723 τρόπον
612 652 832 726 ἀνῆκεν.

1822 654 2166 726 irissimaque
2207 669 2339 710 voce
2371 669 2404 712 e
2451 655 2744 727 Sapientiae
2785 661 2932 714 velut
2966 661 3322 726 adumbratis,

79 742 400 798 etobscuris
420 743 751 808 involucris,
797 745 957 816 quasi
1003 745 1331 816 quihusdam
1384 759 1416 800 e
1467 743 1730 815 nubibus,
1760 745 1909 818 piam
1964 745 2034 802 de
2092 743 2234 805 Filio
2281 747 2611 803 sententiam
2671 749 2740 805 ad
2798 752 3051 807 eumdem
3101 754 3323 808 modum

77 834 259 887 emisit.

138 922 215 979 H'.
238 923 380 997 Ὅρα
413 925 541 997 γὰρ,
572 924 654 980 ὅτι
692 945 787 983 και
815 928 978 994 αὐτὸς
1008 928 1043 986 ἃ
1072 929 1320 1006 ἐδιδάχθη,
1349 933 1500 1003 παρὰ
1535 931 1637 1003 τῆς

1825 921 1953 981 Vill.
1993 923 2382 982 Animadverte
2410 926 2556 983 enim
2582 934 2664 992 ut,
2706 943 2827 999 qua:
2855 942 2884 983 a
2921 928 3198 1001 Sapientia
3236 935 3325 990 di-

72 1011 272 1083 Σοφίας,
320 1017 493 1073 ταῦτα
549 1021 607 1071 ὲν
657 1020 735 1092 τῷ
766 1023 896 1093 παρ’
928 1022 1094 1076 αὐτοῦ
1143 1022 1471 1095 κηρυχθέντι
1505 1025 1572 1095 in:

1820 1016 1897 1082 :it,
1936 1018 1995 1073 in
2028 1018 2323 1088 Evangelia
2350 1036 2452 1075 suo
2481 1022 2640 1077 nobis
2667 1024 3000 1092 exposuerit.
3039 1024 3171 1079 Nam
3197 1041 3320 1082 cum

76 1106 378 1180 Εὑαγγελίῳ
404 1095 773 1182 παραδέδωκε.
804 1112 917 1183 Τῆς
964 1112 1074 1185 γὰρ
1102 1115 1301 1184 Σοφίας
1339 1114 1576 1187 εἰπούσης

1820 1109 2021 1179 pientia
2055 1111 2285 1167 dixisset
2319 1129 2331 1164 :
2376 1112 2588 1167 Creavit
2635 1130 2716 1168 me
2761 1116 3079 1186 principium
3116 1120 3320 1172 uiarum

79 1199 387 1269 Ἕκτισέμε
402 1201 598 1270 ἀρχὴν
614 1201 770 1256 ὁδῶν
783 1204 989 1269 αὑτοῦ,
1003 1204 1086 1270 τὸ,
1106 1204 1176 1260 ἐν
1194 1206 1377 1277 ἀρχῇ,
1400 1205 1579 1271 ὲξὲθετ

1818 1215 1992 1265 arum,
2051 1198 2291 1257 Joannes
2352 1203 2606 1272 principii
2657 1219 2845 1259 vocem
2907 1208 3214 1274 expressit:
3253 1207 3318 1264 In

76 1290 245 1353 εἰπὼν,
288 1290 391 1343 Ἢν
423 1288 581 1360 ἀρχῇ
606 1287 687 1362 ἦν
723 1295 756 1346 ό
784 1292 971 1364 Λόγος
993 1310 1007 1325 ο
1046 1294 1164 1349 ἀντὶ
1200 1296 1257 1352 δὲ
1271 1294 1385 1360 τοῦ,
1403 1291 1576 1351 Ἕκτιε

1818 1291 2014 1357 'ncipio,
2049 1289 2247 1361 inquit,
2277 1301 2392 1346 erat
2421 1293 2645 1348 Verbum
2669 1296 2689 1325 ⁵
2713 1312 2727 1361 ;
2759 1310 2857 1365 pro
2886 1311 2951 1351 eo
2980 1314 3125 1365 vero,
3152 1301 3318 1357 Crea-

69 1398 152 1449 με,
182 1383 286 1434 Καὶ
322 1382 467 1448 Θεὸς
496 1378 606 1453 ἦν’
639 1384 725 1436 ἵνα
762 1384 835 1455 μὴ
869 1385 961 1439 τὸν
993 1387 1051 1441 ἐν
1087 1388 1357 1460 προφορᾷ,
1388 1387 1522 1442 ἀλλὰ
1544 1407 1569 1441 τ

1841 1397 1952 1445 me,
1979 1381 2215 1451 subjecit
2244 1383 2413 1448 istud,
2443 1382 2510 1440 Et
2554 1385 2697 1441 Deus
2730 1398 2868 1442 eral.
2899 1386 2976 1443 Ne
3005 1390 3314 1447 istiusmodi

74 1473 123 1526 ἰν
153 1473 448 1527 ὑποστάσει
490 1476 664 1546 παγίᾳ
712 1476 898 1546 ἀπαθῆ
936 1478 1001 1531 ἐκ
1054 1479 1268 1550 Πατρός
1309 1476 1439 1532 Θεὸν
1463 1478 1574 1548 Λόγ

1820 1473 2013 1539 rbnm,
2066 1474 2213 1545 quod
2265 1476 2569 1547 prolatione
2602 1486 2857 1543 constat,
2904 1493 3091 1533 verum
3145 1480 3317 1537 solide

73 1563 371 1634 νοήσωμεν·
432 1566 553 1618 ἀντὶ
603 1565 661 1620 δὲ
713 1565 830 1630 τοῦ,
892 1568 1118 1637 Ἡμὴν¹
1174 1569 1512 1640 παράῠτῷ,
1552 1588 1573 1623 τ

1815 1562 2068 1629 bsistens,
2105 1579 2169 1619 ac
2198 1567 2479 1635 passionis
2506 1583 2723 1637 expers,
2772 1577 2824 1624 et
2864 1585 2895 1623 a
2937 1569 3096 1626 Patre
3125 1587 3315 1642 proce-

73 1654 205 1720 πρὸς
243 1654 394 1707 Θεόν
418 1669 433 1684 ·
466 1654 585 1707 ἀντὶ
609 1655 665 1707 δὲ
694 1655 809 1718 τοῦ,
838 1655 912 1709 δι’
932 1656 1096 1726 ἐμοῦ,
1122 1656 1200 1723 τὸ,
1233 1657 1358 1731 [ἀπ’
1396 1657 1573 1714 αἰῶνο

1813 1671 1871 1709 ns
1902 1655 2137 1712 Verbum
2186 1656 2354 1711 Deum
2400 1666 2586 1713 mente
2615 1660 3053 1730 conciperemus.
3086 1662 3207 1718 Jam
3248 1665 3313 1718 il-

72 1742 166 1813 εἰη]
201 1742 407 1797 Πάντα
444 1743 520 1797 δι’
542 1745 731 1799 αὑτοῦ
760 1744 1031 1815 ἐγένετο·
1072 1747 1169 1801 καὶ
1225 1746 1402 1816 χωρὶς
1446 1750 1572 1802 “Ott

1811 1742 1998 1809 ,Eram
2028 1747 2169 1815 apud
2202 1746 2380 1811 illum,
2408 1749 2511 1803 ista
2554 1753 2907 1818 respondent,
2945 1753 3082 1820 apud
3115 1753 3311 1819 Deum;

71 1833 286 1903 hers-to
323 1832 469 1888 οὐδὲ
494 1834 596 1889 ἐν·
655 1834 775 1889 ἀντὶ
799 1835 858 1890 δὲ
880 1836 996 1903 τοῦ,
1071 1837 1443 1908 ὲίεμελίωσε,
1485 1838 1567 1905 τὸ,

1812 1836 1857 1891 is
1887 1852 2033 1901 vero,
2062 1854 2153 1905 per
2179 1856 2279 1901 me,
2308 1838 2445 1903 haec,
2472 1839 2536 1892 ab
2568 1844 3000 1907 wterno;0mnia
3023 1859 3115 1913 per
3139 1846 3312 1915 ipsum

73 1924 317 1995 τέτονεν.
362 1926 467 1980 Ἐν
498 1926 658 1994 αὐτῷ
692 1926 803 1997 ζωὴ
845 1924 954 2000 ἦν’
1002 1921 1046 1996 ᾧ
1074 1931 1186 1982 ἴσον
1222 1930 1303 1997 τὸ,
1342 1931 1446 1985 Ἔι·
1471 1932 1573 1985 αὐτ

1811 1936 1882 1981 :ta
1922 1940 2080 1994 sunt,
2115 1941 2163 1984 et
2207 1932 2320 1985 sine
2353 1933 2463 2001 ipso
2503 1931 2703 2001 factum
2736 1943 2811 1988 est
2853 1935 3019 2000 nihil;
3071 1952 3169 2007 pro
3211 1938 3311 1993 hac

71 2017 298 2098 extitre?)
340 2017 413 2071 τὰ
452 2014 649 2072 πάντα
671 2033 683 2048 ·
739 2019 861 2072 ἀντὶ
907 2018 966 2071 δὲ
1000 2017 1116 2083 τοῦ,
1161 2018 1214 2071 Ὀ
1252 2020 1443 2089 Λόγος
1474 2021 1571 2088 σὰι

1810 2034 1868 2074 ce
1905 2020 2184 2088 fundavit,
2211 2022 2379 2087 istud,
2409 2025 2546 2094 quod
2586 2026 2788 2092 factum
2821 2035 2917 2081 est.
2949 2027 3015 2081 In
3056 2029 3168 2098 ipso
3202 2032 3310 2086 vita

72 2088 307 2175 ἐγένετο,
358 2105 421 2160 Ἡ
440 2107 627 2176 σοφία
645 2106 1032 2177 ᾠκοδόμησεν
1055 2107 1240 2177 ἑαυτῇ
1276 2106 1443 2163 οἶκον
1464 2126 1477 2140 ·
1510 2111 1572 2165 ἀν

1804 2118 1866 2167 ιι.
1888 2110 1990 2167 Cui
2019 2113 2198 2169 simile
2226 2123 2310 2170 est
2334 2088 2487 2180 illud,
2505 2088 2716 2186 ln'ipso
2746 2125 2927 2172 creata
2953 2088 3086 2174 sunt.
3102 2124 3304 2177 omnia.

74 2198 121 2250 δὲ
146 2197 247 2259 τοῦ,
282 2200 473 2268 Ἡμην
502 2198 638 2267 παρ’
658 2198 817 2265 αὐτῷ
839 2200 1195 2270 ἁρμόζουσα,
1222 2200 1303 2267 τὸ,
1338 2204 1420 2256 Οὐ
1446 2201 1574 2257 δύνι

1814 2219 1865 2257 m
1898 2202 1985 2258 his
2010 2204 2211 2268 verbis,
2237 2200 2307 2257 Et
2335 2203 2557 2260 Verbum
2586 2222 2711 2261 caro
2747 2208 2952 2277 factum
2981 2220 3081 2275 est,
3112 2210 3201 2265 illa
3226 2228 3310 2266 re-

75 2303 157 2343 ται
214 2293 247 2345 6
294 2290 427 2356 Υίὸς
476 2288 671 2343 ποιεῖν
714 2288 817 2359 ἀφ’
840 2289 1059 2345 ἑαυτοῦ
1086 2290 1286 2355 οὐδὲν,
1324 2290 1433 2346 ἐὰν
1452 2292 1538 2362 μή

1808 2293 2000 2351 audent
2029 2313 2040 2348 :
2073 2293 2348 2364 Sapientia
2384 2297 2671 2367 azdiﬁcam't
2710 2299 2812 2354 sibi
2858 2300 3134 2358 domum‘.
3177 2300 3308 2359 Item

70 2380 251 2446 βλέπῃ
282 2379 394 2434 τὸν
436 2381 667 2450 Πατέρα
695 2382 1011 2437 ποιοῦντα·
1059 2382 1098 2449 4
1130 2383 1242 2453 γὰρ
1280 2382 1357 2438 ἂν
1398 2384 1570 2439 ἐκεῖνα

1809 2399 1833 2438 ο
1858 2384 2131 2451 bis,Erum
2165 2384 2305 2453 apud
2334 2388 2507 2455 ipsum
2536 2404 2847 2458 componens
2867 2390 2911 2452 ⁷,
2936 2388 3179 2448 Joannes
3205 2391 3309 2447 ista

72 2468 217 2537 ποιῇ,
246 2470 436 2525 ταῦτα
463 2473 562 2526 καί
580 2477 612 2526 ό
638 2476 680 2526 Υ
678 2474 767 2540 ἰὸς
799 2474 1009 2543 ὁμοίως
1037 2474 1196 2529 ποιεῖ
1216 2493 1230 2507 '
1258 2475 1335 2539 ὡς
1358 2476 1500 2548 ἔχειν
1530 2477 1572 2530 τέ

1807 2477 1981 2548 ripsit,
2009 2475 2134 2531 Non
2159 2488 2328 2546 potest
2354 2478 2531 2535 Filius
2555 2498 2588 2535 a
2611 2482 2778 2551 seipse
2800 2481 2977 2551 facere
2997 2484 3307 2555 quidquam.

72 2564 150 2615 ini
180 2563 445 2634 πόματος
477 2564 571 2618 δύο
609 2566 703 2619 καὶ
728 2566 895 2638 τριῶν
937 2567 1264 2640 μαρτύρων⁹
1306 2570 1386 2633 εἰς
1420 2569 1572 2623 ἀπόδε

1816 2570 1833 2623 i
1871 2569 2010 2639 quod
2045 2568 2233 2623 viderit
2272 2569 2492 2625 Patrem
2533 2573 2837 2640 facientem.
2885 2572 3019 2640 Quae
3047 2574 3189 2629 enim
3221 2574 3310 2630 ille

73 2655 140 2719 ξιν
168 2655 258 2726 τῆς
284 2658 405 2709 κατ’
434 2656 624 2711 οὐσίαν
677 2659 815 2729 πρὸς
843 2658 1060 2731 Πατέρα
1102 2658 1197 2713 τοῦ
1232 2659 1359 2713 Υἰοῦ
1382 2661 1573 2732 όμοιότη

1810 2660 1891 2723 πει,
1942 2658 2124 2713 eadem
2178 2668 2228 2714 et
2276 2658 2452 2715 Filius
2501 2662 2749 2717 similiter
2793 2663 2985 2733 facit'.
3033 2663 3310 2724 Habemus

72 2761 167 2807 τος.
204 2745 258 2799 '0
288 2747 389 2817 μὲν
416 2746 525 2818 γὰρ
553 2746 647 2801 τοῦ
671 2748 834 2818 σοφοῦ
856 2748 955 2821 τὴν
982 2750 1172 2820 σοφίαν
1198 2749 1323 2804 Υἱόν
1342 2766 1356 2781 ·
1396 2753 1424 2805 6
1453 2751 1509 2805 δὲ
1529 2769 1572 2805 τι

1812 2761 1893 2805 tur
1937 2765 2002 2806 ex
2052 2764 2151 2806 ore
2180 2751 2416 2807 duorum
2452 2755 2539 2807 vel
2574 2754 2740 2809 trium
2789 2756 3013 2811 testium
3059 2753 3184 2812 Filii
3225 2772 3312 2814 sov-

72 2833 188 2888 Gt‘oﬁ
217 2835 305 2890 τὸν
334 2837 510 2904 Λόγον
546 2838 806 2912 μονογενῆ
838 2839 1002 2893 Θεόψ
1037 2840 1066 2901 6
1121 2839 1178 2894 δὲ
1209 2840 1305 2894 τοῦ
1352 2839 1487 2894 Θεοῦ
1536 2842 1572 2895 τί

1808 2844 1965 2898 udum
2008 2852 2261 2898 naturam
2312 2846 2726 2902 similitudinem
2773 2860 2900 2903 cum
2947 2847 3113 2905 Patre
3152 2863 3308 2905 com-

73 2924 202 2990 Υἰὸν,
228 2928 411 2981 εἰκόνα
443 2931 628 3000 φησιν.
682 2930 767 2995 Ὠς
797 2931 888 2985 τὸν
916 2931 1050 2985 Θεοῦ
1071 2932 1263 3002 Λόγον,
1294 2932 1389 2987 καὶ
1413 2932 1509 3005 τὴν
1534 2950 1573 2987 σε

1799 2935 2028 2990 obatam.
2054 2932 2206 2991 Unus
2227 2938 2427 3007 quippe
2458 2937 2782 3009 sapientiam
2813 2940 3080 3010 sapientis
3100 2938 3299 2997 Filium

75 3020 203 3087 φίαν,
227 3020 318 3075 καὶ
346 3023 451 3093 τὴν
490 3023 674 3077 εἰκόνα
703 3023 888 3094 ὅμοιον
921 3026 986 3082 ὲκ
1034 3026 1271 3091 πάντων,
1321 3025 1464 3080 καθὰ
1491 3043 1575 3098 πρε

1805 3025 2019 3091 ndicat;
2070 3026 2209 3081 alter
2256 3027 2350 3082 Dei
2396 3026 2637 3083 Verbum
2686 3029 3031 3099 unigenitum
3090 3032 3305 3099 Deum;

75 3110 282 3183 ιίρηται,
310 3113 409 3166 καὶ
464 3114 584 3168 κατ’
612 3112 796 3167 οὐσίαν
827 3114 954 3168 Υἰὸν
1002 3114 1097 3168 τοῦ
1120 3115 1255 3169 Θεοῦ
1289 3116 1382 3169 καί
1411 3116 1575 3187 Πατρί

1814 3115 1924 3171 tius
1954 3115 2049 3172 Dei
2088 3115 2284 3172 Filium
2320 3119 2610 3187 imaginem
2645 3119 2897 3175 aﬂirmat.
2942 3121 3094 3178 Adeo
3126 3129 3185 3177 ut
3214 3122 3309 3177 Dei

74 3205 165 3266 τοῖς
203 3205 333 3256 πᾶσι
384 3203 775 3277 κηρύττεσθαι.
806 3205 928 3258 Ἔτι
963 3205 1019 3258 δὲ
1061 3205 1259 3277 μᾶλλον
1296 3206 1372 3269 ὡς
1395 3206 1487 3260 τδν
1517 3206 1574 3260 Θι

1806 3207 1997 3273 γὺιιηι,
2025 3216 2074 3263 et
2108 3211 2402 3278 sapientia,
2451 3217 2506 3264 et
2554 3211 2728 3279 imago
2758 3225 2927 3266 unum
2963 3226 3209 3282 prorsus,
3250 3219 3306 3266 ut

77 3294 164 3362 μᾶν
197 3293 340 3364 ἡμᾶς
360 3297 430 3366 τῇ
467 3292 712 3367 ψηλαφίᾳ
745 3295 846 3367 τῆς
880 3296 1161 3367 ἐνεργείας
1188 3298 1211 3329 ³
1253 3300 1356 3369 τῆς
1383 3297 1502 3351 κατ’
1539 3313 1577 3350 οι

1779 3305 1888 3354 utea
1926 3299 2134 3355 dictum
2167 3310 2274 3366 est,
2320 3301 2573 3371 idemque
2602 3301 2951 3370 signiﬁcent;
2981 3316 3045 3357 ac
3077 3302 3172 3358 Dei
3204 3302 3279 3358 Pa

75 3386 178 3438 σίαν
203 3387 518 3458 ὁμοιότητος
544 3390 573 3441 6
608 3387 743 3442 Θεοῦ
767 3387 939 3456 Λόγος
971 3390 1238 3460 προσάγει
1273 3388 1448 3458 λέγων
1467 3406 1482 3422 υ
1530 3388 1575 3445 ἰ

1805 3408 1940 3463 sque
1970 3393 2272 3449 secundum
2311 3395 2606 3449 essentiam
2639 3393 2814 3449 Filius
2847 3395 3214 3451 communiter
3237 3396 3305 3450 ab

74 3478 303 3550 δηατὴρ
344 3482 475 3549 ἔχει
521 3480 676 3551 ζωὴν
721 3482 792 3535 ἐν
828 3479 1038 3547 ἐαυτῷ,
1067 3481 1220 3535 οὕτω
1256 3483 1355 3535 καί
1386 3480 1467 3548 τῷ
1517 3485 1574 3536 Υἰ

1806 3484 1983 3540 mibus
2017 3492 2382 3541 asseveretnr.
2428 3485 2629 3540 Praeter
2667 3488 2782 3542 haec
2829 3502 2960 3542 vero
2999 3486 3168 3542 divini
3207 3503 3306 3543 nos

74 3569 267 3627 δέδωκε
315 3572 473 3642 ζωὴν
503 3574 669 3643 ἔχειν
698 3574 770 3626 ἐν
793 3572 1005 3638 ἐαυτῷ.
1060 3573 1123 3626 Εἰ
1154 3571 1264 3645 γὰρ
1312 3573 1393 3636 τὸ,
1460 3574 1557 3639 Ὠς

1807 3581 2000 3635 'tnonis
2032 3581 2337 3635 auctoritas
2371 3581 2439 3635 ad
2478 3580 2626 3634 illam
2667 3581 2921 3637 essentia:
2951 3580 3096 3636 velut
3129 3582 3307 3635 mani-

75 3666 250 3735 Πατὴρ
273 3667 421 3736 ἔχει,
454 3668 551 3738 οὐχ
602 3667 679 3731 ὡς
706 3668 765 3721 ὲν
792 3666 936 3738 ἄλλῳ
967 3668 1169 3720 νοεῖται
1193 3682 1208 3699 ο
1250 3666 1313 3719 οὑ
1347 3666 1457 3739 γὰρ
1501 3667 1575 3720 ἆλί

1806 3687 1832 3726 s
1862 3670 2311 3741 contrectandam
2357 3670 2770 3725 similitudinem
2793 3711 2809 3733 ,
2836 3668 3060 3726 Thomte
3108 3671 3303 3733 instar,

76 3758 160 3825 μέν
186 3759 329 3812 ἐστιν
352 3762 380 3813 6
410 3760 622 3832 Πατὴρ,
661 3758 788 3814 ἄλλο
812 3759 870 3813 δὲ
897 3760 931 3831 ὴ
958 3758 1123 3831 ζωὴή
1166 3760 1225 3813 ὲν
1252 3758 1421 3830 αὐτῷ,
1450 3759 1536 3812 ἵνα
1564 3777 1576 3792 ·

1804 3762 1972 3827 ducit,
2004 3778 2129 3816 cum
2160 3762 2234 3817 ita
2263 3763 2508 3833 loquitur
2534 3781 2546 3816 :
2582 3760 2731 3817 Sicut
2762 3761 2930 3816 Pater
2962 3761 3115 3817 habet
3147 3764 3304 3817 vitam

78 3848 158 3916 μὲν
191 3848 328 3920 ἔχον,
352 3850 418 3903 τὸ
438 3850 495 3904 δὲ
526 3851 781 3922 ἐχόμενον
804 3850 993 3922 νοῆται
1017 3867 1032 3881 ’
1062 3850 1176 3905 ἀλλ’
1202 3850 1364 3915 αὐτὸς
1398 3850 1578 3907 ἀσυνθι

1820 3868 2012 3923 serpso,
2038 3854 2113 3907 ita
2142 3861 2191 3907 et
2214 3851 2359 3907 Filio
2387 3852 2534 3906 dedit
2562 3851 2728 3906 vitam
2758 3851 2949 3907 habere
2982 3853 3036 3905 in
3064 3854 3240 3921 seipse
3261 3856 3302 3908 '.

73 3952 163 4003 τως
184 3941 292 3996 ἐστὶ
321 3942 439 4014 ζωὴ
465 3943 494 3995 6
520 3941 730 4013 Πατὴρ,
785 3943 881 3995 καὶ
904 3940 981 4006 ὡς
1001 3940 1113 4012 ἔχει
1141 3941 1322 4005 αὐτὸς,
1361 3941 1503 3995 οὓτω
1534 3941 1573 3994 δι

1805 3945 1941 4000 enlm
1971 3945 2017 4001 si
2065 3945 2179 4001 haec
2203 3945 2392 4010 verba,
2415 3940 2562 4000 Sicut
2594 3941 2758 3998 Pater
2808 3943 2963 3997 habet
2990 3983 3004 4004 .
3044 3943 3125 3999 sic
3156 3945 3305 3999 acci-

76 4036 191 4089 δωκε
226 4036 316 4089 καὶ
334 4036 416 4107 τῷ
448 4033 584 4105 Υἰῷ,
617 4032 861 4105 δηλονότι
887 4033 1195 4097 ἀσυνθέτως
1236 4033 1313 4098 ὡς
1346 4035 1375 4087 6
1403 4033 1576 4105 Πατήε

1807 4046 1972 4105 Intur,
2019 4045 2080 4091 ut
2130 4051 2238 4093 non
2277 4036 2343 4091 ad
2388 4037 2537 4093 aliud
2575 4037 2837 4109 quiddam
2872 4037 3202 4102 referantur,
3244 4054 3307 4092 ac

77 4128 300 4198 φανερὸν,
332 4127 417 4180 ὅτι
454 4125 626 4190 οὕτως
659 4124 817 4195 ἔχων,
852 4125 974 4178 ἐπεὶ
1018 4123 1093 4197 μὴ
1141 4123 1452 4194 ἀγεννήτως
1491 4124 1577 4195 ἔχε

1802 4144 2026 4186 tersum.
2060 4127 2247 4199 Neque
2285 4129 2433 4182 enim
2468 4129 2615 4183 aliud
2651 4137 2736 4185 est
2760 4126 2946 4194 Pater,
2986 4129 3134 4184 aliud
3166 4129 3302 4192 vita,

80 4218 191 4289 μηδὲ
220 4218 485 4281 συνθέτως
515 4216 650 4288 ἔχει,
687 4216 887 4287 ὁμοίως
932 4214 1109 4269 πάντα
1133 4216 1254 4269 κατ’
1280 4215 1489 4282 οὐσίαν,
1531 4232 1580 4269 κε

1804 4235 1848 4274 ω
1878 4228 1964 4275 est
1989 4218 2046 4273 in
2076 4218 2215 4288 ipso,
2249 4219 2408 4289 quasi
2433 4219 2582 4274 aliud
2624 4219 2696 4274 sit
2721 4219 2867 4289 quod
2899 4219 3126 4283 habeat,
3156 4220 3304 4276 aliud

78 4310 375 4374 ὰσυνθέτως,
405 4309 482 4373 ὡς
510 4310 539 4361 6
591 4308 778 4379 Πατήρ
800 4324 816 4339 ο
867 4307 1025 4378 δήλου
1054 4306 1226 4372 ὄντος,
1251 4306 1334 4360 ὅτι
1364 4307 1427 4360 τὺ
1443 4307 1578 4378 ὅμου

1804 4312 1873 4367 od
1920 4310 2115 4371 haberi
2154 4311 2392 4375 dicatur,
2439 4311 2534 4366 sed
2566 4312 2683 4382 ipse
2723 4312 2844 4367 sine
2891 4311 3000 4366 ulla
3033 4311 3304 4381 composi-

76 4401 299 4455 οὐδέποτε
323 4401 521 4456 ταυτὸν
551 4397 689 4454 εἶναι
721 4399 942 4454 δύναται
967 4392 1028 4454 οὗ
1054 4400 1202 4452 ἐστιν
1232 4400 1436 4470 ὅμοιον,
1455 4399 1477 4431 ⁵
1493 4400 1576 4454 ἀπε

1805 4416 1878 4458 ne
1902 4400 2015 4457 vita
2041 4408 2129 4457 est
2161 4400 2354 4456 Pater:
2388 4415 2554 4471 porro
2585 4401 2730 4459 sicut
2777 4403 2939 4459 habet
2970 4404 3105 4474 ipse,
3137 4404 3218 4460 sic
3252 4411 3305 4460 et

77 4493 213 4560 δειξιν
257 4494 372 4557 τοῦ.
412 4497 470 4549 ὲν
498 4492 804 4565 ὁμοιώματι
852 4490 1154 4565 ἀνθρώπων
1198 4464 1489 4563 γενόμενον
1532 4493 1577 4547 τί

1805 4493 1871 4547 lio
1922 4490 2154 4556 dederit,
2190 4464 2448 4548 nimirum
2480 4492 2620 4549 citra
2651 4464 3127 4566 compositionem,
3157 4505 3217 4552 ut
3250 4503 3305 4554 et

81 4584 185 4639 Υίὸν
229 4587 322 4641 τοῦ
369 4585 529 4649 Θεοῦ,
564 4584 851 4657 ἄνθρωπον
896 4584 997 4654 μὲν
1039 4584 1316 4654 γενέσθαι,
1383 4584 1458 4656 μὴ
1484 4601 1581 4639 κατ

1805 4592 1909 4641 ter.
1941 4584 2290 4642 Manifestum
2321 4594 2430 4651 est,
2454 4601 2578 4642 cum
2612 4587 2689 4642 ita
2713 4588 2859 4642 illam
2892 4589 3087 4645 haheat
3109 4588 3302 4654 Filius.

81 4679 231 4733 πάντα
280 4680 338 4735 δὲ
359 4678 557 4734 ταυτὸν
585 4677 833 4748 γενέσθαι
868 4676 1140 4749 ἀνθρώπῳ
1157 4693 1172 4708 °
1202 4677 1295 4730 καί
1318 4675 1581 4748 ὁμοιώμα·

1803 4694 1829 4733 c
1862 4686 2124 4749 tanquam
2156 4678 2432 4750 ingenitus
2474 4678 2673 4735 habeat
2697 4720 2713 4746 ,
2741 4679 2997 4737 eamdem
3028 4683 3303 4753 composi-

82 4769 251 4840 σαρκὸς
297 4770 574 4842 ἁμαρτίας
638 4767 951 4839 γενόμενον,
1009 4765 1263 4836 γενέσθαι
1292 4767 1391 4838 μὲν
1435 4767 1492 4819 ἑν
1512 4769 1582 4819 toi

1800 4770 1894 4826 lnis
1926 4770 2091 4825 modo
2122 4785 2231 4825 non
2263 4770 2495 4840 habere;
2527 4786 2593 4829 ac
2637 4770 2913 4828 simillime
2944 4772 3000 4827 in
3025 4774 3300 4839 omnibus,

83 4861 247 4915 πάθεσι
299 4865 411 4927 τοῖς
441 4860 636 4925 αἰτίοις
692 4860 790 4930 τῆς
813 4860 873 4913 ὲν
930 4858 1092 4930 σαρκὶ
1149 4857 1444 4931 ἁμαρτίας,
1503 4864 1583 4912 πει

1804 4860 1890 4932 55
1913 4862 2059 4932 quod
2102 4862 2169 4916 ad
2197 4864 2494 4919 essentiam
2516 4863 2736 4929 attinet,
2763 4878 2826 4919 ac
2852 4862 3034 4928 Pater,
3056 4864 3304 4935 citraque

82 4971 159 5027 νης
203 4955 392 5026 φαμὲν,
455 4954 551 5008 καὶ
599 4950 780 5022 δίψης,
829 4950 922 5003 καὶ
975 4949 1083 5004 τῶν
1132 4948 1356 5014 λοιπῶν,
1404 4948 1480 5021 μὴ
1530 4965 1582 5017 γε

1800 4953 2201 5023 mpositionem.
2250 4951 2362 5009 Nec
2400 4954 2548 5010 enim
2586 4961 2672 5011 est
2702 4955 3034 5020 obscurum,
3068 4956 3123 5010 id
3155 4956 3300 5027 quod

82 5042 237 5099 νίσθαι
300 5045 357 5099 δὲ
424 5046 483 5098 ὲν
542 5042 832 5112 ταυτότητι
889 5041 989 5112 τῆς
1053 5040 1255 5112 σαρκὸς
1325 5041 1582 5111 ἁμαρτίας

1800 5046 1907 5101 nile
1936 5052 2041 5108 est,
2071 5044 2214 5100 idem
2266 5048 2489 5117 penitus
2522 5062 2648 5103 cum
2687 5062 2774 5114 eo,
2807 5048 2968 5118 cujus
2992 5048 3171 5103 simile
3196 5056 3300 5113 est,

84 5134 220 5187 Ὥστε
241 5135 466 5189 mia-1:6
496 5133 606 5189 τῶν
651 5132 1019 5187 ἁποστολικῶν
1052 5130 1368 5204 μαρτυριῶν
1406 5132 1502 5185 καὶ
1524 5132 1584 5202 τὴ

1803 5150 1853 5192 se
1879 5151 1987 5191 non
2017 5148 2197 5205 posse.
2224 5134 2397 5206 Cujus
2420 5137 2499 5193 rei
2520 5145 2844 5209 argumento
2873 5137 2966 5203 sit,
2990 5138 3133 5207 quod
3160 5137 3303 5192 idem

84 5228 180 5279 κατ’
200 5226 378 5280 οὐσίαν
405 5226 701 5297 ὁμοιότητα
728 5224 823 5278 τοῦ
856 5222 987 5278 Tia-3
1019 5224 1155 5295 πρὸς
1178 5222 1402 5296 Πατέρα
1428 5241 1498 5296 κη
1507 5223 1584 5297 ρύε

1804 5244 1824 5285 3
1847 5227 2026 5284 factus
2053 5229 2117 5282 ad
2148 5227 2430 5282 hominum
2457 5228 2876 5284 similitudinem
2907 5227 3003 5282 Dei
3030 5226 3304 5291 Filius,“-

85 5316 255 5374 τεσθαι.
1730 5329 1817 5377 cet
1843 5322 2007 5380 homo
2035 5322 2219 5383 fuerit,
2247 5337 2357 5376 non
2396 5330 2579 5375 tamen
2609 5319 2752 5375 idem
2785 5335 2909 5375 cum
2949 5319 3172 5375 homine
3210 5334 3303 5390 pc-

86 5410 208 5465 nitus
233 5410 407 5467 fuerit.
432 5411 509 5467 Ae
537 5408 753 5465 tametsi
785 5414 1041 5478 suscepta
1072 5407 1257 5463 camis
1289 5404 1500 5477 peccati
1534 5408 1891 5468 similitudine
1921 5411 1964 5443 "
2028 5411 2383 5481 passionihus
2440 5410 2570 5477 illis,
2605 5424 2634 5464 a
2697 5411 2901 5481 quibus
2934 5411 3119 5467 carnis
3175 5425 3305 5478 pec-

136 5603 149 5633 ¹
180 5611 453 5689 51!)!”ng
496 5619 515 5647 ’
546 5614 612 5689 ΡΔ
635 5612 977 5689 μαρτυρίαν,
1046 5609 1225 5689 ’βοτη
1249 5611 1557 5689 ἐναργείας..
1635 5629 1636 5633 ‘

1800 5617 1863 5689 ist
1891 5613 1969 5675 εἰς
2001 5613 2167 5672 ἁπόδ.
2236 5609 2443 5668 'Joan.
2498 5624 2536 5677 ι,
2594 5611 2614 5665 i
2678 5624 2801 5679 sqq.
2876 5607 3084 5665 “Prov.
3117 5625 3193 5677 ix,
3247 5608 3300 5666 i.

91 5680 250 5739 Ῥίον.
277 5680 389 5751 ἧτίιί,
427 5687 512 5741 50.
595 5680 798 5741 “dmin.
829 5680 882 5748 ν,
919 5683 983 5737 i9
1079 5680 1360 5736 'ihid.?.6.
1438 5683 1481 5713 ¹⁰
1509 5682 1589 5737 lio

378 5735 389 5751 ,
427 5687 512 5741 50.
595 5680 798 5741 “dmin.
829 5680 882 5748 ν,
919 5683 983 5737 i9
1079 5680 1360 5736 'ihid.?.6.
1438 5683 1481 5713 ¹⁰
1509 5682 1666 5737 liom.
1694 5697 1810 5749 \‘ltl,
1836 5683 1868 5736 5
