3798 6212
487 238 592 295 ιιο

1876 219 1935 278 S.
1975 217 2073 275 ΕΡ]

2182 215 2317 272 AN'J
3630 210 3716 268 42ιὲ

485 366 669 413 catum
713 352 1107 424 proﬁciscitur,
1159 347 1434 408 obnoxius
1483 344 1631 403 esset
1676 362 1689 397 ς
1747 342 2058 414 cujusmodi
2100 346 2229 396 sunt
2256 338 2447 405 fames,
2478 349 2543 392 ac
2572 334 2715 398 sitis,
2758 340 3083 424 caeterazque
3107 330 3162 387 id
3193 343 3414 424 genus:
3456 328 3593 424 idem
3618 337 3709 424 la.-

488 462 641 514 men,
677 415 824 514 quod
870 440 939 497 ad
981 415 1168 497 carnis
1198 446 1485 511 peccatum
1529 435 1790 507 pertinet,
1820 447 1934 487 non
1974 429 2097 487 fuit.
2134 426 2507 494 Quamobrem
2557 438 2627 480 ex
2670 422 2994 494 apostolicis
3052 421 3188 483 iisce
3235 416 3568 475 testimoniis
3618 415 3717 472 Filii

487 538 787 598 secundum
832 534 1128 591 essentiam
1171 547 1297 587 cum
1346 530 1512 585 Patre
1565 525 1868 584 similitudo
1906 521 2213 592 colligitur.

559 625 652 682 ιχ.
713 626 786 682 Ut
829 626 976 681 enim
1026 623 1311 677 hominum
1364 618 1458 675 ille
1501 617 1703 675 similis
1749 614 1969 678 factus,
2003 618 2057 668 et

2229 607 2308 662 Θ’.
2349 606 2438 670 Ὧς
2462 612 2571 675 γὰρ
2622 605 2683 660 ἐν
2721 603 3027 675 ὁμοιώματι
3082 599 3391 675 ἀνθρώπων
3438 596 3717 668 γενόμενος,

488 718 651 773 homo
675 726 812 780 erat,
842 726 897 771 et
925 729 1035 769 non
1065 712 1120 768 in
1149 710 1405 767 omnibus
1431 719 1550 765 erat
1580 723 1597 762 :
1628 708 1796 763 homo
1820 704 2063 776 quidem,

487 818 759 881 quatenus
787 821 1010 862 carnem
1066 804 1308 872 suscepit
1340 800 1602 865 hominis,
1634 797 1893 869 quoniam
1934 795 2066 849 Ver-

488 901 611 955 bum
636 916 765 953 caro
793 898 997 967 factum
1029 905 1107 952 est
1128 896 1168 949 ί.
1198 893 1343 949 Idem
1373 898 1555 947 autem
1591 890 1754 944 homo
1780 903 1891 943 non
1926 891 2066 950 erat,

488 1000 758 1062 quatenus
787 998 1109 1045 caterorum
1160 1001 1312 1041 more
1362 993 1527 1039 natus
1578 998 1691 1037 non
1722 980 1926 1043 fuerat,
1964 977 2070 1032 hoc

493 1090 580 1138 est
607 1097 639 1136 e
665 1081 809 1135 virili
842 1089 965 1136 satu
987 1119 1001 1143 ,
1035 1086 1088 1135 et
1118 1079 1407 1147 utriusque
1459 1072 1849 1143 conjunctione
1881 1083 2065 1123 sexus.

491 1172 563 1227 Ita
595 1169 802 1236 Filius,
851 1170 942 1240 qui
979 1169 1176 1223 saecula
1215 1168 1510 1221 antecessit
1539 1163 1744 1228 omnia,
1789 1161 1933 1215 Deus
1962 1167 2066 1225 est,

490 1272 760 1335 quatenus
791 1262 887 1314 Dei
917 1259 1126 1326 Filius;
1157 1256 1386 1330 perinde
1418 1265 1581 1325 atque
1611 1254 1774 1308 homo
1801 1260 1907 1318 est,
1932 1265 2069 1320 qua-

491 1368 650 1410 tenus
697 1352 934 1407 hominis
977 1349 1182 1416 Filius;
1220 1348 1312 1403 sed
1360 1362 1472 1402 non
1529 1344 1670 1400 idem
1717 1349 1801 1396 est
1847 1342 2071 1395 omnino

492 1460 618 1501 cum
649 1442 759 1497 Deo
789 1442 969 1507 Patre,
994 1455 1023 1495 a
1063 1454 1174 1510 quo
1202 1438 1418 1509 genitus
1450 1443 1535 1491 est
1561 1451 1574 1487 :
1611 1431 2070 1504 quemadmodum

493 1552 604 1591 non
639 1535 776 1589 idem
807 1541 890 1588 est
921 1547 1047 1587 eum
1073 1531 1312 1593 homine,
1333 1534 1605 1598 quatenus
1632 1526 1751 1579 sine
1779 1522 1924 1578 virili
1950 1528 2072 1576 satu

498 1636 606 1689 est,
647 1638 712 1679 ac
740 1624 1016 1693 voluptate
1068 1627 1422 1691 propagatus.
1459 1615 1602 1671 ldem
1652 1613 1834 1669 carnis
1863 1611 2074 1684 peccati

493 1715 908 1773 similitudinem
954 1711 1232 1780 habuit};
1268 1708 1708 1779 quandoquidem
1740 1707 1958 1771 famem,
1995 1705 2073 1761 si-

490 1816 590 1873 tim
662 1821 725 1861 ac
764 1820 1016 1863 somnum
1053 1805 1108 1859 in
1143 1817 1309 1859 carne
1343 1801 1595 1857 toleravit
1627 1819 1640 1854 :
1698 1801 1900 1870 quibus
1947 1798 2076 1853 alie-

499 1896 773 1951 ctionibus
803 1896 871 1952 ad
902 1894 1239 1966 peccandum
1287 1907 1521 1964 corpora
1560 1891 1931 1946 concitantur.
1972 1888 2074 1945 Ve-

500 2002 620 2041 rum
668 1985 797 2040 licet
845 1984 1032 2040 carnis
1065 1983 1383 2039 affectiones
1425 1979 1698 2051 ejusmodi
1752 1981 2071 2047 sustineret,

495 2077 718 2133 minime
757 2085 939 2131 tamen
974 2076 1043 2130 ab
1095 2075 1163 2131 iis
1191 2075 1257 2129 ad
1297 2073 1631 2143 peccandum
1660 2071 1930 2142 impulsus
1968 2078 2072 2127 est.

497 2165 700 2222 Eodem
734 2165 898 2221 modo
947 2164 1121 2220 Filius
1152 2180 1181 2219 a
1211 2163 1372 2219 Patre
1399 2164 1639 2235 genitus,
1674 2178 1739 2219 ac
1771 2162 1867 2218 Dei
1902 2162 2076 2219 forma

496 2257 761 2328 praeditus
784 2299 799 2325 ,
828 2258 1164 2328 aequalisque
1192 2256 1323 2325 Deo,
1369 2256 1671 2314 divinit’atis
1712 2258 2077 2330 proprietates

499 2349 712 2416 habuit,
739 2356 927 2420 utpote
946 2348 1195 2420 corporis
1218 2349 1518 2405 secundum
1540 2351 1838 2406 essentiam
1860 2365 2075 2420 expers,

500 2457 565 2497 ac
592 2441 1062 2513 Patridivinitate
1109 2443 1257 2513 ipsa,
1289 2454 1345 2498 et
1374 2444 1698 2514 incorporea
1741 2442 2075 2509 conditione,

501 2540 556 2587 et
602 2534 817 2589 actione
846 2533 1041 2601 similis
1074 2552 1088 2588 :
1122 2533 1348 2604 perinde
1381 2548 1449 2589 ac
1488 2533 1684 2589 similis
1716 2540 1835 2589 erat
1862 2534 2077 2603 carnis,

501 2632 770 2694 quatenus
802 2639 933 2680 caro
965 2624 1094 2683 fuit.
1147 2632 1203 2679 et
1236 2625 1420 2682 carnis
1465 2625 1752 2695 passiones
1791 2626 2077 2696 suscepit;
2120 2628 2127 2633 ’

502 2730 611 2770 non
645 2724 825 2771 tamen
871 2717 1015 2771 idem
1064 2724 1150 2773 est
1189 2717 1449 2786 omnino,
1482 2717 1743 2788 quoniam
1792 2732 1901 2788 qua
1934 2717 2080 2776 Deus

498 2818 603 2877 est,
631 2824 741 2863 non
773 2808 949 2863 forma
981 2807 1077 2866 Dei
1107 2819 1213 2879 est,
1242 2810 1339 2866 sed
1362 2809 1507 2866 Deus
1531 2829 1547 2878 ;
1576 2827 1677 2868 nec
1698 2814 1924 2884 aequalis
1946 2813 2079 2881 Deo,

501 2899 598 2955 sed
638 2897 813 2965 Deus;
844 2915 1023 2970 neque
1052 2900 1371 2971 principalis
1401 2908 1461 2956 ut
1495 2900 1678 2957 Pater.
1714 2901 2082 2970 Quemadmm

500 2989 629 3044 dum
656 2990 803 3061 quod
841 2991 907 3046 ad
948 2992 1371 3063 propensionem
1422 2992 1477 3048 in
1512 3000 1793 3064 peccatum
1824 2995 2079 3067 pertinet,

499 3077 665 3134 homo
712 3096 822 3135 non
873 3089 996 3146 est,
1036 3081 1133 3137 sed
1170 3084 1386 3137 actione
1426 3082 1635 3138 homini
1683 3085 1904 3140 similis.
1948 3086 2081 3152 Qua:

498 3171 640 3226 enim
686 3171 816 3241 facit
858 3171 1040 3237 Pater,
1075 3174 1258 3229 eadem
1300 3174 1432 3244 facit
1459 3185 1509 3230 et
1543 3175 1722 3231 Filius
1740 3178 1784 3233 ³.
1820 3177 1960 3251 Ergo
1990 3179 2081 3234 hic

504 3264 947 3354 absquepeccati
982 3266 1238 3321 illecebra
1267 3268 1521 3324 similiter
1540 3276 1704 3340 atque
1735 3270 1771 3325 ii
1796 3271 1892 3340 qui
1914 3285 2079 3328 carne
2105 3295 2148 3354 ο

503 3353 713 3422 praediti
741 3362 889 3417 sunt,
914 3353 1269 3413 incitabatur.
1298 3356 1614 3412 Absurdum
1639 3365 1723 3413 est
1750 3359 1899 3414 'enim
1922 3359 2078 3415 illum

504 3444 575 3500 ab
603 3446 838 3501 naturali
866 3452 1014 3503 statu
1044 3447 1113 3502 ad
1139 3446 1308 3520 856
1330 3464 1454 3504 eum
1484 3449 1578 3520 qui
1608 3458 1806 3521 praeter
1830 3462 2078 3508 naturam

504 3545 612 3603 est,
664 3552 808 3619 esse.
828 3538 1152 3609 perductum
1200 3558 1214 3594 :
1255 3540 1359 3595 hoc
1409 3550 1493 3596 est
1538 3541 1710 3596 lilium
1762 3543 1998 3600 hominis
2046 3558 2080 3600 e

503 3626 615 3683 Deo
646 3626 886 3697 factum,
927 3629 995 3684 iis
1024 3645 1259 3701 quorum
1305 3631 1576 3687 naturalis
1604 3639 1689 3687 est
1730 3633 1834 3689 iste
1877 3641 2077 3702 status,

502 3721 870 3788 naturalibus,
905 3721 1159 3791 inquam,
1194 3723 1509 3780 hominibus
1536 3725 1592 3778 in
1620 3740 1685 3781 eo
1712 3726 1858 3797 quod
1881 3735 2079 3797 praeter

505 3819 756 3863 naturam
785 3824 939 3865 suam
972 3810 1225 3875 habebat,
1254 3812 1487 3868 similem
1515 3812 1719 3882 fuisse;
1752 3817 1806 3869 in
1832 3831 1898 3872 eo
1926 3832 2076 3885 vero,

503 3899 649 3968 quod
693 3900 797 3970 ipsi
837 3901 1083 3956 naturale
1119 3910 1223 3963 est,
1265 3904 1532 3957 naturalis
1573 3905 1723 3961 illum
1757 3906 1936 3963 Patris
1966 3924 2079 3964 non

509 4003 631 4043 esse
663 3989 897 4046 similem
918 4029 932 4055 ,
965 4004 1089 4044 cum
1120 3990 1387 4062 originem
1420 3989 1561 4048 Deus
1602 4007 1632 4047 a
1679 3992 1789 4049 Deo
1828 3994 2075 4052 traxerit.

503 4078 641 4133 Illud
674 4094 801 4134 vero
823 4080 983 4149 plane
1019 4088 1239 4136 constat
1270 4097 1282 4134 :
1315 4079 1419 4147 Qui
1452 4081 1683 4138 similem
1714 4084 1955 4139 essentia
1980 4085 2080 4139 Pa-

502 4171 573 4225 tri
614 4168 807 4225 Filium
844 4179 1076 4242 negant,
1116 4187 1187 4227 ne
1244 4172 1413 4228 lilium
1448 4173 1665 4244 quidem
1697 4174 1851 4232 illum
1892 4176 2076 4244 fateri,

501 4260 597 4316 sed
630 4271 935 4317 creaturam
966 4263 1262 4331 duntaxat;
1304 4263 1520 4321 Patrem
1550 4282 1679 4322 vero
1702 4283 1808 4323 non
1837 4279 2075 4341 patrem,

502 4351 596 4407 sed
630 4360 955 4408 creatorem.
991 4354 1202 4425 Quippe
1234 4354 1609 4412 similitudinis
1641 4358 1758 4429 ipsa
1787 4363 1938 4416 notio
1967 4377 2077 4419 non

501 4458 569 4498 eo
596 4442 793 4499 Filium
824 4444 1078 4512 adducit,
1122 4452 1181 4500 ut
1209 4446 1356 4502 idem
1383 4449 1609 4505 omnino
1639 4465 1765 4505 cum
1790 4450 1952 4510 Patre
1980 4453 2074 4520 sit,

504 4536 598 4591 sed
622 4546 681 4591 ut
709 4536 883 4592 eidem
917 4539 989 4593 sit
1020 4541 1260 4596 essentia
1289 4542 1507 4608 similis,
1538 4552 1592 4600 et
1625 4550 1684 4598 ut
1707 4545 1775 4600 ab
1808 4546 1929 4616 ipso
1953 4563 2081 4618 pro-

2169 699 2265 755 καὶ
2310 698 2600 771 ἄνθρωπος
2652 691 2743 768 ἦν,
2795 695 2891 751 καὶ
2939 696 3000 749 οὐ
3029 694 3174 749 κατά
3223 693 3405 747 πάντα
3433 689 3718 761 ἄνθρωπος·

2168 790 2454 862 ἄνθρωπος
2480 790 2578 859 μὲν
2608 788 2687 860 τῷ
2721 788 2813 841 καὶ
2856 787 3037 858 σάρκα
3065 784 3352 841 ἀναλαϐεῖν
3382 784 3719 855 ἀνθρωπίνην,

2168 882 2359 954 ἐπειδὴ
2397 885 2429 935 ό
2458 883 2650 950 Λόγος
2702 878 2860 948 σὰρξ
2907 878 3181 948 ἐγένετο·
3214 876 3315 929 οὐκ
3351 874 3628 946 ἅνθρωπος
3678 876 3722 927 δὲ

2168 969 2257 1046 ἦν,
2288 975 2410 1027 ἐπεὶ
2435 973 2533 1043 οὐχ
2562 971 2764 1043 ὁμοίως
2792 970 3098 1041 ἀνθρώποις
3132 968 3395 1038 ἐγεννήθη
3415 983 3431 998 ι
3458 966 3517 1019 οὗ
3555 967 3653 1036 γὰρ
3674 967 3723 1017 ὲκ

2173 1065 2380 1134 σπορᾶς
2426 1063 2521 1116 καὶ
2572 1061 2949 1131 συνδυασμοῦ’
3001 1058 3144 1114 οὕτω
3198 1058 3291 1111 καὶ
3338 1060 3367 1111 ὁ
3398 1057 3505 1129 πρὸ
3544 1058 3723 1111 αἰώνων

2171 1154 2298 1217 Υἱὸς
2331 1152 2462 1216 Θεὸς
2496 1152 2615 1223 μὲν,
2656 1151 2793 1206 καθὸ
2822 1151 2952 1214 Υἱὸς
2990 1148 3148 1213 Θεοῦ,
3181 1148 3256 1211 ὡς
3286 1148 3589 1220 ἄνθρωπκ,
3616 1150 3724 1202 καθὸ

2171 1245 2299 1310 Υἱὸς
2338 1244 2625 1316 ἀνθρώπου
2650 1259 2665 1274 °
2694 1246 2754 1297 οὐ
2784 1245 2977 1299 ταυτὸν
3005 1245 3063 1298 δὲ
3102 1245 3181 1316 τῷ
3208 1243 3327 1315 Θεῷ
3352 1243 3445 1295 καὶ
3476 1242 3643 1313 Πατρὶ
3665 1245 3723 1313 τῷ

2171 1341 2511 1411 γεννήσαντι,
2551 1339 2627 1404 ὡς
2681 1340 2741 1393 οὐ
2770 1340 2964 1393 ταυτὸν
2992 1339 3069 1410 τῷ
3117 1340 3410 1411 ἀνθρώπῳ,
3447 1339 3582 1392 καθὸ
3624 1340 3725 1392 ἄνευ

2172 1431 2475 1503 ἀπορροίας
2501 1432 2597 1484 καὶ
2640 1432 2867 1496 πάθους,
2930 1432 3066 1485 καθὸ
3102 1431 3229 1486 ἄνευ
3274 1432 3484 1502 σπορᾶς
3513 1430 3604 1483 καὶ
3633 1430 3726 1499 ἠδο-

2173 1523 2289 1593 νῆς.
2328 1523 2436 1575 Καὶ
2462 1524 2519 1576 ἐν
2545 1522 2851 1593 ὁμοιώματι
2890 1524 3093 1594 σαρκὸς
3132 1522 3437 1594 ἁμαρτίας·
3473 1522 3605 1575 καθὸ
3632 1525 3725 1574 πεῖ-

2174 1614 2272 1668 νάν
2302 1632 2359 1668 τε
2394 1615 2487 1668 καὶ
2514 1614 2697 1685 δίψαν,
2732 1618 2827 1670 καὶ
2862 1616 3025 1670 ὕπνον
3054 1616 3112 1669 ἐν
3131 1618 3197 1687 τῇ
3235 1616 3398 1688 σαρκὶ
3430 1614 3722 1685 ὑπέμεινεν·

2174 1706 2235 1770 ἐξ
2272 1700 2347 1760 ὧν
2386 1706 2576 1761 παθῶν
2633 1706 3068 1779 ἀμαρτητικῶνδ
3127 1710 3357 1761 κινεῖται
3391 1706 3462 1759 τὰ
3510 1705 3725 1779 σώματα.

2187 1799 2505 1869 Ὺπομένων
2530 1799 2586 1854 δὲ
2634 1800 2702 1853 τὰ
2741 1800 2940 1872 σαρκὸς
2968 1800 3344 1872 προειρημένα
3376 1798 3547 1867 πάθη,
3573 1799 3661 1852 οὐκ
3682 1798 3726 1862 ἐξ

2176 1891 2354 1944 αὐτῶν
2383 1892 2773 1963 ἀμαρτητικῶς
2800 1894 3050 1947 ἐκινεῖτο.
3087 1890 3244 1945 Οὕτω
3286 1891 3536 1967 καὶνΥίὸς
3567 1890 3636 1944 ὢν
3657 1892 3725 1943 τοῦ

2175 1986 2310 2041 Θεοῦ
2344 1987 2440 2042 καὶ
2486 1990 2543 2043 ἐν
2578 1991 2757 2061 μορφῇ
2790 1989 3051 2060 ὑπάρχων
3083 1987 3239 2054 Θεοῦ,
3275 1988 3368 2043 καί
3401 1989 3492 2041 ίσα
3521 1987 3595 2039 ὢν
3638 1985 3729 2055 Θεῷ

2175 2078 2245 2133 τὰ
2278 2079 2377 2151 μὲν
2437 2079 2703 2151 ἰδιώματα
2760 2076 2873 2151 εἶχε
2927 2080 3025 2151 τῆς
3072 2065 3353 2152 ¹θεότητος,
3419 2082 3544 2133 κατ’
3576 2080 3730 2132 οὐσίαν

2174 2170 2466 2241 ἀσώματος
2492 2170 2588 2238 ὢν,
2623 2172 2720 2226 καὶ
2757 2173 2941 2244 ὅμοιος
2977 2172 3055 2244 τῷ
3083 2173 3261 2245 Πατρὶ
3314 2172 3459 2226 κατά
3495 2172 3593 2243 τὴν
3642 2171 3732 2224 θεό-

2176 2282 2316 2335 τητα
2352 2265 2447 2318 καὶ
2472 2265 2892 2336 ἀσωματότητα,
2942 2265 3165 2329 καὶτὰς
3214 2266 3519 2337 ἐνεργείας,
3574 2264 3729 2333 ὥσπερ

2175 2352 2377 2422 ὁμοίως
2429 2355 2493 2425 τῇ
2549 2355 2713 2426 σαρκὶ
2742 2354 2821 2425 τῷ
2861 2355 2997 2426 σὰρξ
3028 2351 3191 2418 εἶναι,
3246 2356 3339 2409 καὶ
3378 2355 3529 2426 πάθη
3562 2356 3732 2426 σαρκὸς

2179 2445 2469 2517 ὑπομένειν
2488 2464 2502 2477 ο
2532 2446 2606 2518 μὴ
2641 2446 2824 2518 μέντοι
2855 2450 2946 2502 τὸν
2972 2448 3133 2503 α’ὐτὸν
3169 2444 3329 2513 εἶναι,
3354 2448 3492 2501 καθὸ
3515 2448 3641 2511 Θεὸς
3658 2448 3734 2513 ὢν,

2178 2533 2301 2588 οὔτε
2334 2538 2514 2606 μορφή
2550 2537 2667 2590 ἐστι
2713 2536 2807 2590 τοῦ
2843 2537 3000 2602 Θεοῦ,
3051 2537 3189 2592 ἀλλά
3240 2537 3376 2592 Θεοῦ
3401 2538 3421 2569 ⁸
3446 2554 3460 2568 ⁸
3502 2539 3623 2594 οὔτε
3665 2537 3733 2589 ἴσα

2179 2624 2298 2677 ἐστὶ
2325 2623 2404 2695 τῷ
2425 2624 2565 2696 Θεῷ,
2600 2624 2737 2678 ἀλλὰ
2775 2625 2893 2696 Θεῷ
2910 2641 2927 2658 ·
2981 2624 3104 2679 οῦτε
3129 2624 3459 2688 αὑθεντικῶς
3491 2623 3568 2687 ὡς
3594 2624 3622 2676 ὁ
3646 2626 3733 2677 lla-

2179 2717 2304 2788 τήρ.
2335 2716 2545 2788 ’Ὠσπερ
2576 2716 2684 2789 γὰρ
2724 2717 2821 2787 οὐχ
2883 2716 3274 2789 ἀμαρτητικῶς
3314 2716 3619 2788 ἄνθρωπος,
3645 2714 3734 2767 ἀλλ’

2179 2807 2379 2878 ὁμοίως
2407 2808 2657 2881 ἐνεργείᾳ
2686 2808 2761 2873 ὡς
2794 2808 3101 2880 ἄνθρωπος.
3133 2809 3312 2878 Ἅπερ
3362 2808 3472 2879 γὰρ
3501 2807 3578 2862 ἂν
3597 2810 3627 2861 ό
3645 2810 3735 2859 Πα-

2180 2897 2290 2968 τὴρ
2313 2898 2478 2968 ποιῇ,
2509 2900 2697 2957 ταῦτα
2719 2900 2818 2954 καὶ
2857 2903 2891 2955 ό
2927 2900 3061 2968 Υἱὸς
3090 2902 3305 2970 ὁμοίως
3339 2899 3519 2955 ποιεῖ.
3555 2900 3736 2967 Ὥσπερ

2180 2987 2273 3047 οῦν
2311 2991 2544 3047 ἐνταῦθα
2597 2992 2695 3063 οὐχ
2719 2992 3131 3064 ἀμαρτητικῶς,
3165 2992 3284 3046 ἀλλ’
3316 2992 3545 3062 ὁμοίως,
3571 2994 3671 3055 τοῖς
3691 2990 3735 3041 ἐν

2184 3086 2347 3158 σαρκὶ
2371 3087 2601 3140 ἐκινεῖτο
2620 3101 2633 3114 ’
2663 3085 2773 3140 τῶν
2828 3084 2940 3157 γὰρ
2966 3084 3180 3139 ἀτόπων
3206 3084 3350 3138 ἐστὶν
3389 3083 3501 3137 ἀπὸ
3541 3082 3634 3154 μὲν
3659 3081 3732 3134 τοῦ

2182 3178 2325 3234 κατὰ
2353 3179 2514 3250 φύσιν
2538 3179 2713 3233 ἐλθεῖν
2743 3178 2904 3232 αὑτὸν
2930 3179 3009 3241 είς
3035 3177 3096 3231 τὸ
3115 3177 3265 3248 παρὰ
3285 3177 3469 3246 φύσιν,
3494 3176 3736 3229 τουτέστιν

2181 3272 2290 3325 ἀπὸ
2319 3270 2455 3325 Θεοῦ
2504 3273 2797 3342 γενόμενον
2833 3270 2961 3327 Υίὸν
3011 3269 3322 3342 ἀνθρώπου,
3373 3269 3561 3340 ὅμοιον
3600 3260 3737 3335 ’γενέ-

2186 3359 2307 3413 σθαι
2341 3363 2453 3425 τοῖς
2472 3360 2613 3415 κατὰ
2643 3360 2826 3429 φύσιν,
2861 3359 3105 3415 τουτέστι
3123 3360 3235 3422 τοῖς
3269 3356 3428 3428 φύσει
3461 3355 3736 3429 ἀνθρώποις

2183 3454 2242 3506 ἐν
2273 3452 2352 3523 τῷ
2380 3451 2575 3506 ἐαυτοῦ
2606 3452 2758 3524 παρὰ
2790 3452 2950 3522 φύσιν
2969 3468 2983 3482 ο
3013 3454 3070 3506 ἐν
3092 3451 3149 3506 δὲ
3171 3449 3249 3522 τῷ
3277 3450 3420 3503 κατὰ
3453 3448 3613 3518 φύσιν
3640 3449 3733 3499 ἐπιν-

2182 3544 2278 3599 τοῦ
2305 3545 2397 3599 καὶ⁸
2423 3541 2561 3600 εἶναι
2585 3546 2768 3616 ὅμοιον
2797 3544 2989 3599 ἐαυτὸν
3026 3543 3105 3615 τῷ
3140 3531 3283 3597 κατὰ
3308 3541 3471 3611 φύσιν
3503 3541 3666 3611 [kept
3687 3540 3737 3591 ἐκ

2183 3632 2319 3688 Θεοῦ
2346 3633 2475 3688 Θεὸν
2500 3633 2845 3706 γεννηθέντα.
2902 3634 3012 3688 Καὶ
3036 3632 3288 3703 φανερὸν,
3342 3632 3426 3685 ὅτι
3454 3631 3509 3683 οἱ
3545 3628 3615 3700 μὴ
3640 3629 3733 3680 κατ’

2183 3725 2368 3780 οὐσίαν
2392 3725 2641 3795 λέγοντες
2671 3725 2854 3796 ὅμοιον
2880 3722 2958 3795 τῷ
2987 3722 3164 3796 Πατρὶ
3196 3722 3287 3775 τὸν
3314 3721 3446 3775 Υίὸν
3487 3720 3606 3774 οὔτε
3644 3720 3731 3770 νίὲν

2184 3819 2456 3889 λέγουσιν,
2490 3818 2625 3873 ἀλλὰ
2653 3817 2860 3889 κτίσμα
2907 3817 3091 3888 μόνον,
3121 3815 3244 3870 οὕτε
3273 3815 3366 3869 τὸν
3402 3813 3619 3886 Πατέρα
3644 3829 3730 3867 7:1-

2183 3908 2339 3981 τέρα,
2358 3909 2494 3963 ἀλλὰ
2520 3909 2743 3980 κτίστην
2763 3925 2776 3938 ⁶
2809 3908 2909 3979 τῆς
2954 3906 3139 3978 ὁμοίου
3180 3906 3391 3969 ἐννοίας
3420 3906 3523 3959 οὐκ
3553 3904 3635 3956 ἐπὶ
3658 3901 3732 3969 τὴν

2183 4001 2485 4072 ταυτότητα
2507 3999 2601 4054 τοῦ
2642 4000 2854 4072 Πατρὸς
2894 3998 3133 4070 ἀγούσης
3174 3998 3266 4051 τὸν
3318 3998 3474 4063 Υίὸν,
3514 3997 3619 4051 ἀλλ’
3662 3993 3732 4045 ἐπὶ

2184 4094 2282 4167 τὴν
2306 4093 2426 4149 κατ’
2470 4093 2658 4147 οὐσίαν
2691 4092 2984 4164 ὁμοιότητα
3017 4093 3113 4146 καὶ
3153 4091 3469 4163 ἀπόρρητον
3511 4089 3568 4157 ἐξ
3598 4084 3729 4140 αὐτοὲ

2184 4186 2414 4251 ἀπαθῶς
2448 4186 2802 4257 γησιόςητα.
2846 4185 2933 4249 Ὠς
2972 4184 3101 4257 γὰρ,
3133 4184 3296 4238 πάλιν
3324 4182 3455 4254 ἐρῶ,
3486 4184 3544 4235 ἐν
3570 4177 3730 4250 ὁμοιώ-

2189 4296 2319 4351 ματι
2348 4277 2673 4351 ἀνθρώπων,
2704 4279 2796 4332 καὶ⁵
2831 4278 2889 4331 ἐν
2915 4276 3221 4348 ὁμοιώματι
3252 4276 3455 4348 σαρκὸς
3495 4271 3729 4349 ἁμαρτίας

2186 4374 2286 4426 οὐκ
2340 4373 2433 4426 ἐπὶ
2480 4372 2578 4444 τὴν
2620 4371 2925 4442 ταυτότητα
2955 4371 3120 4442 ἤγετο
3161 4368 3255 4423 τοῦ
3298 4367 3611 4439 ἀνθρώπου,

2186 4464 2279 4517 ἐπὶ
2307 4463 2404 4535 τὴν
2431 4463 2530 4533 τῆς
2571 4463 2771 4534 σαρκὸς
2828 4463 3015 4527 οὐσίας
3058 4462 3353 4533 ὁμοιότητα
3393 4462 3483 4515 διὰ
3522 4460 3588 4513 τὰ
3612 4460 3729 4526 sapt;

2191 4556 2359 4627 μένοι·
2392 4555 2565 4619 οὕτως
2612 4554 2732 4608 οὐδὲ
2779 4554 2808 4606 ὁ
2831 4554 2979 4619 Υἱὸς,
3010 4554 3195 4625 ὅμοιος
3242 4557 3361 4607 κατ’
3392 4554 3582 4607 οὐσίαν
3610 4547 3729 4619 γενό-

503 4628 703 4684 cedens
734 4643 990 4683 arcanam
1018 4631 1309 4701 quamdam
1360 4647 1483 4688 cum
1530 4634 1622 4692 ille
1659 4638 2073 4706 germanitatem

2184 4665 2342 4720 μενος
2370 4645 2448 4718 τῷ
2474 4646 2793 4717 γεννήσαντι
2822 4646 3016 4716 Πατρὶ,
3044 4647 3122 4710 είς
3167 4645 3470 4719 ταυτότητα
3503 4644 3623 4711 ἄξει
3658 4638 3729 4692 τοῦ

505 4721 749 4776 obtineat
782 4737 795 4773 :
833 4736 983 4787 nam,
1016 4730 1075 4776 ut
1118 4724 1261 4779 idem
1294 4722 1474 4780 denuo
1506 4734 1748 4797 repetam
1770 4768 1786 4792 ,
1814 4721 2077 4799 quemad-

504 4811 725 4867 modum
752 4828 878 4869 cum
911 4813 1152 4870 hominis
1202 4829 1266 4869 ac
1292 4815 1475 4872 carnis
1504 4819 1717 4888 peccati
1757 4819 2074 4878 similitudi-

2183 4737 2397 4808 Πατρὸς
2456 4738 2556 4807 τὴν
2609 4734 2803 4790 ἑαυτοῦ
2856 4736 3078 4805 οὐσίαν,
3130 4736 3246 4792 ἀλλ’
3298 4738 3393 4790 ἐπὶ
3422 4736 3523 4807 τὴν
3578 4732 3729 4804 ὁμοιό-

502 4922 626 4961 ηθιη
674 4918 903 4979 μηνίει,
935 4926 1045 4965 ηοη
1073 4925 1137 4967 e0
1177 4910 1446 4968 άθάιιοιυε
1482 4921 1588 4977 εει.
1624 4914 1768 4971 idem
1804 4924 1865 4970 nt
1924 4933 2049 4974 cum
2119 4922 2340 4981 homine
2404 4939 2635 4994 prorsus
2665 4923 2826 4991 foret,
2874 4923 2971 4981 sed
3015 4931 3076 4980 ut
3122 4931 3333 4979 naturae
3398 4923 3579 4978 carnis
3612 4928 3731 4974 esset

502 5000 719 5069 similis,
748 5012 805 5057 ut
831 5019 898 5058 ex
929 5003 994 5061 iis
1014 5020 1135 5076 quae
1167 5006 1430 5063 hactenus
1452 5007 1596 5064 dicta
1623 5018 1773 5076 sunt,
1797 5023 2054 5083 apparet:
2086 4994 2278 5074 eodem
2317 5020 2482 5076 modo
2509 5019 2683 5075 Filius
2712 5019 2884 5087 Patri,
2919 5036 2949 5074 a
2991 5036 3101 5091 quo
3130 5019 3348 5090 genitus
3406 5028 3515 5085 est,
3573 5030 3729 5073 essen-

503 5096 577 5148 tia
614 5096 810 5156 similis
854 5114 1010 5155 suam
1050 5100 1197 5154 illam
1226 5102 1521 5158 essentiam
1563 5120 1673 5160 non
1706 5108 1772 5162 ad
1814 5108 2152 5168 identitatem
2183 5130 2307 5169 eum
2344 5116 2526 5182 Patre,
2555 5116 2649 5173 sed
2681 5117 2746 5172 ad
2783 5118 3195 5173 similitudinem
3230 5116 3515 5187 perducet.

578 5191 640 5247 Χ.
681 5192 885 5260 Quodsi
934 5198 1059 5266 quis
1091 5197 1279 5252 mundi
1325 5201 1605 5270 sapientiae
1630 5203 1869 5270 deditus,
1909 5223 2073 5277 quam

501 5281 646 5339 Deus
677 5287 923 5343 stultitiae
953 5290 1213 5356 convicit,
1261 5293 1681 5363 sapientissimae
1709 5296 1882 5352 divini
1923 5301 2074 5355 verbi

575 5393 796 5464 idean.
845 5413 886 5464 ι,
924 5399 1008 5454 14.

505 5462 638 5516 ἀλλὰ
671 5464 809 5536 Θεῷ.

521 5650 538 5658 δ
565 5582 688 5667 μδ)
726 5587 835 5639 Καὶ
876 5588 932 5642 et
964 5607 1052 5657 τις
1081 5609 1155 5667 τῃ
1188 5598 1765 5667 σοφίᾳεδσξίμιιιηιυτ
1799 5617 1827 5656 a

507 5661 897 5717 iniarianorum
926 5661 1134 5732 synodo
1166 5661 1357 5721 recitat
1396 5661 1651 5725 Hilarius.

2254 5216 2311 5269 l’.
2344 5217 2452 5270 Kal.
2474 5218 2628 5281 εἴτις
2652 5220 2717 5289 τῇ
2749 5218 2912 5288 σοφίᾳ
2941 5216 3053 5287 (48)
3083 5215 3176 5269 τοῦ
3222 5215 3429 5284 κόσμου
3460 5210 3727 5285 προσέχων,

2188 5305 2248 5375 ἣν
2279 5308 2559 5379 ἐμώρανεν
2583 5313 2613 5364 ὁ
2641 5310 2794 5375 Θεὸς,
2826 5309 2900 5381 μὴ
2931 5308 3187 5381 προσέχοι
3209 5307 3285 5378 τῷ
3314 5309 3371 5360 ὲν
3406 5308 3568 5377 σοφίᾳ

1120 5404 1140 5433 ¹
1176 5400 1337 5458 Rom.
1394 5419 1511 5473 vui,
1562 5406 1618 5461 5.
1693 5408 1714 5439 ³
1774 5406 1927 5463 loan.
1969 5427 2021 5477 ν,
2062 5413 2073 5465 l

2226 5417 2247 5447 ⁵
2277 5417 2337 5473 F.
2378 5421 2795 5494 ἁμαρτητικῶς.
2877 5422 2899 5452 ⁸
2951 5420 3013 5476 C.
3050 5420 3209 5475 ’ἀλλὰ
3261 5420 3398 5484 Θεός
3420 5426 3475 5475 et
3514 5431 3627 5472 mea
3652 5429 3726 5481 pm

1835 5603 2259 5679 nathe'matismi,
2291 5616 2571 5685 paululum
2613 5618 2681 5673 ab
2724 5617 2792 5673 iis
2833 5616 3052 5685 diversi,
3105 5631 3243 5688 quos
3303 5632 3371 5672 ex
3428 5617 3607 5671 eadem
3650 5608 3724 5661 5ο-
