3798 6212
133 256 227 316 m
687 257 1061 318 sovsnsus
1099 259 1444 320 ωεῐιεεεε
1473 261 1604 321 us.
1649 263 1739 322 Ill.
1783 263 1949 324 ron.
1992 270 2107 326 l.—
2143 269 2424 331 uanas.
2457 273 2692 336 Lxxnt.
3274 255 3382 341 ista

127 369 454 442 κηρύγματι,
505 369 601 424 καὶ
640 369 778 441 μετά
827 357 1063 436 πίστεως
1111 374 1211 446 τὴν
1241 375 1556 448 ὁμοιότητα,
1607 394 1674 431 κα

1804 378 2176 447 ρτωάἱεοῑῑοιιὶ
2207 382 2345 438 nihil
2379 383 2670 442 admodum
2695 387 2924 454 tribuat,
2951 405 3128 463 neque
3157 408 3226 449 ex
3256 394 3381 452 ﬁdei

127 466 240 518 κατ’
267 464 450 517 οὐσίαν
501 463 594 519 τοῦ
627 463 758 518 Υίοῦ
803 465 942 538 πρὸς
988 466 1207 540 Πατέρα
1247 467 1558 541 ὁμολογοίη,
1617 470 1674 529 ὼς

1802 472 2122 543 praescripto
2151 473 2386 530 similem
2423 479 2663 532 essentia
2717 476 2866 535 Patri
2900 479 3099 539 Filium
3132 499 3257 541 esse
3300 487 3379 543 fa.

123 554 478 626 ψευδωνύμως
527 554 703 624 λέγων
749 555 841 610 τὸν
880 557 1098 630 Πατέρα
1147 559 1242 614 καὶ
1287 560 1382 614 τὸν
1417 561 1564 629 Υίὸν,
1596 564 1674 616 κα

1802 569 2007 627 teatur,
2051 573 2239 634 utpote
2262 566 2355 636 qui
2388 565 2528 624 falso
2556 566 2773 624 Patrem
2800 579 2855 626 et
2891 569 3088 629 Filium
3120 577 3377 646 appellet,

128 648 254 717 μήτε
276 645 494 716 Πατέρα
525 645 699 715 λέγων
722 647 961 720 ἀληθῶς,
1013 651 1151 721 μήτε
1204 649 1353 716 Υίὸν,
1397 652 1535 707 ἀλλά
1571 654 1693 710 κτίε

125 753 250 807 στην
276 737 372 790 καὶ
404 737 630 807 κτίσμα,
672 738 766 792 καὶ
815 739 1136 793 κοινοποιῶν
1181 741 1281 813 τὴν
1332 741 1426 796 τοῦ
1480 743 1692 814 Πατρὸς

125 825 333 882 καὶτοῦ
370 827 499 881 Υίοῦ
531 827 741 883 ἔννοιαν
792 830 886 883 ἐπὶ
932 831 1040 886 τῶν
1091 831 1296 887 λοιπῶν
1347 837 1688 907 ποιημάτων,

125 920 210 972 καὶ
258 917 576 987 σοφίζεσθαι
637 919 804 974 θέλων
855 921 910 974 εί
933 940 1020 987 τις
1065 925 1244 996 χρεία,
1279 925 1355 991 ὡς
1382 927 1444 980 τὸ
1473 928 1691 999 πρῶτον

127 1007 436 1078 ποιημάτων
462 1009 528 1061 δι’
561 1010 748 1073 αὐτοῦ,
808 1012 916 1065 εῐτε
950 1012 1222 1085 ὑπερϐολῇ
1270 1013 1362 1068 τοῦ
1401 1017 1687 1087 μεγέθους,

124 1102 212 1156 καὶ
240 1101 382 1155 κατά
424 1102 592 1174 μηδὲν
635 1103 912 1174 ὁμολογῶν
959 1106 1060 1176 τὴν
1113 1106 1571 1181 ὲκκλησιαστικὴν
1599 1109 1690 1162 πί-

126 1207 230 1246 στιν
257 1190 355 1262 τὴν
381 1192 460 1254 είς
487 1192 710 1264 Πατέρα
731 1211 791 1248 τε
821 1195 914 1248 καὶ
962 1195 1114 1263 Υίὸν,
1145 1197 1222 1260 ὡς
1253 1197 1384 1268 παρ’
1417 1198 1444 1251 ὃ
1464 1199 1689 1269 εὐηγγε-

121 1282 328 1336 λίσαντο
359 1284 506 1353 ἡμᾶς
551 1285 600 1336 οἱ
648 1286 932 1340 ἀπόστολοι
957 1286 1128 1342 θέλων
1173 1288 1673 1357 εὐαγγελίσασθαι·

122 1374 360 1444 ἀνάθεμα
399 1374 559 1430 ἔστω.
629 1376 761 1440 Kal,
811 1377 953 1432 κατά
1003 1379 1095 1431 τὸν
1153 1379 1423 1452 μακάριον
1453 1380 1686 1445 Παῦλον,

131 1467 573 1538 προειρήκαμεν,
593 1467 690 1522 καὶ
714 1468 1043 1537 ἆρτιπάλιν
1054 1474 1214 1543 λέγω
1266 1470 1284 1501 ⁸
1315 1470 1685 1542 ἀνειληφότες,

122 1556 206 1607 καὶ
233 1553 336 1627 [τὸ]
390 1558 704 1625 ἀναγκαίως
732 1559 934 1629 φαμέν.
974 1560 1044 1613 Et
1087 1578 1171 1624 τις
1206 1561 1299 1616 τὸν
1333 1563 1497 1634 σοφὸν
1527 1565 1688 1635 μόνον

1799 654 1981 724 reipsa
2011 670 2141 712 vero
2169 671 2348 728 neque
2385 667 2596 725 patrem
2635 677 2814 734 neque
2871 663 3065 732 ﬁlium,
3103 668 3200 724 sed
3223 685 3370 725 crea-

1799 755 1980 801 turam
2022 763 2085 802 ac
2113 758 2447 821 creatorem,
2485 767 2550 808 ac
2607 753 2730 810 Filii
2777 756 3064 829 Patrisque
3095 762 3377 818 notionem

1798 851 1923 891 cum
1974 838 2199 910 reliquis
2231 842 2489 910 operibus
2527 847 2926 910 communicet.
2963 858 3017 905 et
3054 853 3267 921 quoties
3312 869 3375 909 ea

1797 923 1865 981 de
1899 941 1958 981 re
1999 929 2200 998 agitur,
2232 933 2568 990 calumniose
2597 937 2917 1008 mentiatur,
2959 941 3194 1011 primum
3244 945 3375 1001 illud

1797 1032 1934 1086 opus
1959 1031 2024 1073 ac
2047 1021 2382 1091 praeciputun
2415 1040 2560 1091 esse,
2589 1028 2736 1097 quod
2772 1030 2842 1084 ab
2881 1031 3006 1101 ipso
3039 1032 3243 1090 factum
3267 1046 3371 1104 est,

1796 1116 1886 1162 aut
1929 1110 2306 1180 magnitudine
2337 1116 2670 1173 antecellens
2701 1133 2717 1171 :
2751 1133 2817 1174 ac
2847 1121 3080 1193 denique
3115 1127 3364 1182 ecclesia-

1797 1199 1994 1254 sticam
2045 1202 2101 1256 in
2149 1202 2369 1260 Patrem
2419 1204 2730 1279 Filiumque
2773 1211 2973 1280 ﬁdem,
3022 1231 3131 1270 non
3181 1219 3373 1274 eodem

1793 1291 1957 1346 modo
2003 1292 2347 1362 proﬁteatur,
2377 1311 2487 1366 quo
2521 1297 2670 1354 illam
2721 1301 2885 1358 nobis
2936 1307 3165 1374 apostoli
3213 1315 3374 1364 antea

1792 1382 2160 1453 tradiderunt,
2187 1388 2479 1444 anathema
2507 1392 2600 1448 sit.
2633 1392 2706 1448 Et
2732 1395 2870 1450 illud
2895 1406 3072 1462 antea,
3099 1409 3158 1454 ut
3188 1401 3365 1472 loqui-

1795 1484 1884 1530 tur
1927 1477 2224 1546 Apostolus
2244 1520 2258 1546 ,
2288 1482 2633 1543 prwdiximus
2658 1502 2677 1541 :
2709 1496 2759 1540 et
2800 1504 2938 1543 nunc
2971 1490 3141 1546 denuo
3183 1495 3356 1568 repeti-

1795 1584 1912 1621 mus
1935 1569 1977 1634 ³,
2008 1585 2072 1626 ac
2102 1575 2420 1629 necessario
2447 1591 2878 1636 commonemus.
2913 1580 2968 1637 Si
2999 1584 3126 1654 quis
3155 1588 3362 1656 sapien-

120 1643 315 1699 ἀκούων
361 1647 602 1716 Πατέρα,
661 1649 756 1702 καὶ
815 1648 1004 1718 σοφίαν
1048 1650 1141 1704 τὸν
1179 1655 1439 1725 μονογενῆ
1497 1654 1674 1708 τούτοι

1796 1664 1904 1711 tem
1937 1659 2115 1714 solum
2148 1663 2383 1720 audiens
2415 1656 2654 1734 Patrem,
2692 1679 2745 1726 et
2773 1674 2993 1728 unicum
3024 1676 3145 1745 ejus
3170 1675 3368 1733 Filium

119 1733 253 1801 Υἱὸν,
280 1737 478 1790 ταυτὸν
503 1733 641 1791 εἶναι
667 1737 814 1808 λέγοι
853 1741 951 1812 τὴν
998 1741 1190 1812 σοφίαν
1230 1743 1308 1815 τῷ
1341 1744 1488 1816 μόνῳ
1511 1745 1674 1817 σοφῷ,

1793 1748 2149 1817 sapientiam,
2191 1752 2333 1809 hanc
2383 1772 2548 1812 unum
2610 1758 2864 1832 idemque
2909 1733 3172 1822 cum'ille
3223 1767 3370 1824 dicat

119 1829 342 1902 ἀναιρῶν
368 1832 434 1885 τὸ
449 1827 587 1886 εἶναι
617 1832 767 1899 Υἱὸν,
799 1834 1045 1904 ἀνάθεμα
1072 1835 1230 1891 ἔστω.
1255 1837 1366 1891 Kal
1399 1838 1453 1891 εί
1478 1856 1562 1902 τις
1593 1839 1685 1893 τὸν

118 1921 266 1990 σοφὸν
291 1922 508 1976 ἀκούων
534 1924 774 1996 Πατέρα,
826 1926 922 1978 καὶ
959 1927 1150 1996 σοφίαν
1199 1928 1293 1982 τὸν
1348 1928 1477 1984 Υίὸν
1519 1930 1683 1984 αὐτοῦ

117 2015 351 2084 ἀνόμοιον
378 2013 580 2082 λέγων,
615 2016 710 2069 καὶ
740 2019 863 2070 κατ’
885 2017 1073 2072 οὐσίαν
1112 2018 1212 2090 τὴν
1237 2020 1430 2090 σοφίαν
1466 2022 1560 2076 τοῦ
1591 2040 1683 2076 σο-

118 2107 208 2173 φοῦ
233 2106 388 2173 Θεοῦ,
441 2106 518 2171 ὡς
559 2107 633 2180 μὴ
679 2107 854 2179 λέγων
901 2110 994 2164 τὸν
1023 2111 1186 2182 σοφὸν
1206 2113 1306 2184 τῆς
1331 2115 1523 2183 σοφίας
1549 2115 1683 2187 ἀλη-

118 2195 212 2260 θῶς
269 2197 511 2269 πατέρα,
555 2198 808 2271 ἀνάθεμα
844 2200 1006 2255 ἔστω.
1047 2200 1154 2257 Kal
1191 2203 1248 2257 εἴ
1297 2221 1383 2269 τις
1414 2205 1506 2259 τὸν
1547 2205 1682 2260 Θεὸν

116 2287 236 2341 νοῶν
263 2289 348 2342 τὸν
377 2289 621 2362 Πατέρα,
661 2290 837 2345 τὸνοδὲ
869 2295 928 2346 ὲν
959 2294 1100 2366 ἀρχῇ
1137 2295 1310 2363 Λόγον
1333 2313 1393 2350 τε
1425 2297 1520 2352 καὶ
1548 2297 1681 2352 Θεὸν

116 2377 283 2434 τοῦτον
311 2379 463 2448 λέγοι
491 2383 629 2453 πρὸς
655 2381 745 2436 τὸν
774 2382 906 2436 Θεὸν
937 2385 1108 2453 Λόγον
1139 2402 1198 2439 τε
1231 2388 1326 2441 καὶ
1366 2388 1500 2442 Θεὸν
1532 2389 1680 2460 αὐτῷ

115 2471 181 2540 τῷ
204 2471 315 2542 Θεῷ
337 2471 419 2543 τῷ
462 2473 600 2545 πρὸς
641 2473 699 2526 ὃν
728 2474 900 2542 Λόγος
932 2491 990 2528 τε
1025 2476 1155 2540 Θεὸς
1177 2479 1220 2543 ⁸,
1282 2479 1358 2543 ὡς
1399 2479 1474 2552 μὴ
1507 2481 1680 2550 λέγων

116 2561 308 2634 άληθῶς
352 2565 490 2628 υἱὸν,
525 2564 772 2636 ἀνάθεμα
823 2565 982 2620 ἔστω.
1038 2569 1149 2622 Kal
1179 2569 1235 2621 εἴ
1262 2587 1346 2633 τις
1387 2571 1478 2624 τὸν
1519 2589 1680 2643 μονο-

116 2657 230 2724 γενῆ
250 2655 378 2709 Θεὸν
403 2656 580 2726 Λόγον
629 2657 756 2711 Υἱὸν
801 2658 1014 2713 ἀκούων
1050 2660 1144 2714 τοῦ
1180 2661 1337 2729 Θεοῦ,
1398 2665 1535 2736 πρὸς
1559 2666 1618 2720 ὃν
1651 2668 1680 2720 ό

116 2748 265 2817 Λόγος
286 2765 341 2802 τε
373 2750 472 2802 καὶ
491 2749 625 2814 Θεὸς
674 2751 928 2823 ἀνόμοιον
966 2753 1137 2824 λέγοι,
1199 2756 1293 2810 καὶ
1343 2758 1462 2811 κατ’
1491 2759 1677 2813 οὐσίαν

115 2842 194 2894 τὸν
213 2843 338 2896 Θεὸν
366 2843 542 2913 Λόγον
566 2843 658 2897 τοῦ
698 2845 932 2918 Πατρὸς,
984 2848 1076 2902 τὸν
1109 2848 1262 2915 Θεὸν,
1292 2849 1387 2903 τοῦ
1419 2850 1554 2904 Θεοῦ
1584 2828 1706 2906 καί

118 2933 328 3005 Πατρὸς,
368 2935 510 3007 πρὸς
559 2935 618 2991 ὃν
649 2939 677 2990 ὁ
713 2939 1007 3010 μονογενὴς
1059 2940 1118 2995 ὲν
1148 2941 1289 3013 ἀρχῇ
1320 2938 1388 3014 ἦν
1413 2942 1546 3007 Θεὸς
1575 2944 1676 2998 Λό-

119 3041 217 3093 γος,
243 3026 314 3090 ὡς
342 3027 417 3098 μὴ
438 3027 617 3096 λέγων
647 3027 863 3100 ἀληθῶς
909 3030 1059 3097 Υξὸν,
1095 3031 1342 3103 ἀνάθεμα
1371 3031 1528 3087 ἔστω.
1565 3034 1675 3088 Καὶ

1791 1852 1936 1904 esse,
1989 1855 2054 1894 ac
2097 1839 2222 1896 Filii
2260 1847 2647 1915 proprietatem
2676 1859 2918 1917 evertat,
2955 1854 3243 1910 anathema
3274 1859 3365 1912 sit.

1791 1927 1923 1984 ltern
1958 1931 2004 1986 si
2032 1933 2158 2001 quis
2200 1935 2500 2004 sapientem
2542 1940 2772 1998 audiens
2808 1941 3056 2013 Patrem,
3087 1956 3141 2002 et
3169 1946 3368 2004 Filium

1790 2019 1911 2088 ejus
1949 2023 2270 2092 sapientiam
2315 2027 2622 2095 nominari,
2662 2031 2804 2086 hanc
2839 2035 3012 2104 ipsam
3043 2039 3378 2108 sapientiam

1789 2113 2056 2183 sapientis
2098 2113 2279 2172 Patris
2312 2121 2550 2175 essentia
2590 2121 2911 2181 dissimilem
2943 2127 3206 2197 allirmet,
3246 2141 3366 2187 tan-

1790 2219 1952 2274 quam
1994 2208 2294 2277 sapientem
2331 2225 2455 2266 vere
2501 2213 2782 2283 sapientia!
2825 2229 3041 2286 patrem
3098 2236 3223 2279 esse
3269 2239 3368 2279 ne—

1788 2311 1952 2366 gans,
1996 2299 2284 2354 anathema
2341 2301 2431 2356 sit.
2480 2300 2536 2356 Si
2573 2303 2700 2374 quis
2751 2305 2920 2361 Deum
2965 2324 3088 2366 esse
3144 2311 3375 2368 Patrem.

1789 2401 2116 2458 agnoscens,
2165 2405 2291 2445 eum
2329 2391 2494 2463 857
2527 2408 2655 2452 vero
2704 2396 2886 2467 quiin
2938 2401 3208 2473 principio
3259 2403 3366 2459 fuit

1788 2477 2026 2535 Verbum
2055 2495 2120 2536 ac
2149 2481 2318 2548 Deus,
2345 2484 2493 2540 hunc
2520 2485 2663 2542 idem
2693 2503 2816 2546 esse
2836 2492 3054 2560 penitus
3079 2509 3204 2550 cum
3228 2495 3362 2562 Deo,

1787 2572 1927 2641 apud
1957 2589 2119 2643 quem
2159 2573 2392 2631 Verbum
2416 2615 2431 2639 .
2473 2592 2539 2633 ac
2568 2577 2711 2635 Deus
2742 2591 2858 2647 est,
2889 2587 3211 2654 constituat,
3239 2596 3365 2643 tan-

1783 2677 1946 2733 quam
1979 2680 2106 2722 vere
2155 2665 2325 2721 ﬁlium
2354 2683 2463 2724 non
2494 2684 2817 2740 agnoscens,
2845 2676 3134 2732 anathema
3163 2679 3253 2735 sit.
3301 2682 3362 2737 Si

1783 2757 1910 2824 quis
1937 2755 2276 2826 unigenitum
2308 2756 2477 2814 Deum
2507 2773 2572 2814 ac
2599 2759 2839 2816 Verbum
2879 2761 3076 2820 Filium
3116 2766 3213 2824 Dei
3252 2786 3364 2824 no.-

1783 2846 1980 2900 minari
2022 2847 2284 2912 audiens,
2317 2849 2460 2918 apud
2502 2866 2667 2921 quem
2712 2851 2952 2909 Verbum
2986 2871 3050 2912 ac
3081 2857 3224 2916 Deus
3253 2875 3359 2927 est,

1783 2939 1929 2993 hunc
1958 2939 2136 3009 ipsum
2169 2939 2336 2995 Deum
2357 2980 2374 3006 ,
2416 2956 2481 2996 ac
2519 2941 2700 3000 Patris
2723 2943 2959 3001 Verbum
2982 2987 2998 3012 ,
3029 2947 3124 3004 Dei
3166 2965 3230 3005 ac
3255 2950 3361 3007 Pa.

1785 3031 1904 3096 tris,
1940 3033 2082 3102 apud
2109 3047 2270 3102 quem
2313 3030 2640 3106 Unigenitus
2671 3036 2725 3091 in
2761 3039 3033 3110 principio
3061 3041 3204 3098 Deus
3237 3053 3358 3100 erat

118 3116 162 3171 εί
182 3133 258 3180 τις
283 3096 466 3174 εἰκόνα
494 3119 707 3174 ἀκούων
736 3096 834 3174 τὸν
887 3121 1018 3175 Υίὸν
1047 3096 1143 3176 τοῦ
1191 3096 1326 3177 Θεοῦ
1375 3124 1469 3178 τοῦ
1509 3126 1674 3197 ἀορά-

1793 3096 2037 3185 Verbum,
2068 3096 2389 3181 dissimilem
2421 3096 2670 3192 anirtnet,
2701 3096 2962 3199 tanquam
2997 3147 3124 3188 vere
3160 3133 3357 3192 Filium

118 3209 580 3279 του,ταυτὸνλέγοι
613 3210 710 3283 τὴν
736 3212 922 3266 είκὸνα
952 3212 1032 3284 τῷ
1060 3214 1180 3286 Θεῷ
1214 3215 1292 3286 τῷ
1324 3217 1561 3289 ἀοράτῳ,
1599 3217 1676 3282 ὡς

121 3299 183 3372 μὴ
203 3301 474 3371 ὁμολογῶν
525 3302 741 3374 ἀληθῶς
793 3304 943 3371 Υίὸν,
969 3299 1220 3377 ἀνάθεμα
1275 3308 1436 3364 ἔστω.
1471 3310 1579 3363 Kal
1625 3309 1680 3362 εί

116 3409 187 3456 τις
213 3393 386 3448 είκόνα
413 3394 630 3449 ἀκούων
676 3395 767 3450 τὸν
831 3401 1096 3471 μονογενῆ
1139 3401 1267 3454 Υίὸν
1293 3401 1388 3454 τοῦ
1439 3402 1672 3474 ἀοράτου

115 3481 231 3536 Θεοῦ
261 3483 512 3555 ἀνόμοιον
563 3485 708 3555 λέγοι
747 3487 841 3541 καὶ
897 3490 1019 3544 κατ’
1073 3490 1260 3545 οὐσίαν
1287 3492 1379 3546 τὸν
1413 3493 1562 3560 Υίὸν,
1597 3496 1674 3547 εί-

115 3573 229 3628 κόνα
253 3575 376 3629 ὅντα
417 3575 514 3630 τοῦ
543 3577 677 3631 Θεοῦ
723 3577 820 3632 τοῦ
849 3579 1103 3652 ἀοράτου,
1135 3574 1196 3636 οὗ
1231 3583 1393 3638 εἰκὼν
1432 3586 1526 3638 καὶ
1553 3587 1672 3639 κατ’

115 3664 274 3720 οὐσίαν
298 3671 521 3733 νοεῖται,
545 3669 620 3732 ὡς
650 3670 869 3742 ἀληθῶς
921 3673 998 3743 μὴ
1032 3672 1207 3742 λέγων
1256 3677 1392 3741 υἱὸν,
1425 3676 1672 3748 ἀνάθεμα

115 3755 252 3810 ἔστω.
277 3759 385 3810 Kal
413 3757 468 3826 el’
492 3777 578 3824 τις
605 3760 819 3815 ἀκούων
850 3762 946 3816 τοῦ
983 3765 1101 3818 υίοῦ
1127 3764 1374 3835 λέγοντος
1398 3783 1413 3798 ’
1446 3769 1672 3838 ’Ὠσπερ

115 3845 209 3912 τὰρ
233 3851 264 3900 ό
309 3849 518 3919 Πατὴρ
556 3851 682 3920 ἔχει
727 3851 882 3922 ζωὴν
910 3855 980 3908 ἐν
1007 3856 1218 3922 ἐαυτῷ,
1255 3859 1407 3913 οὕτω
1450 3861 1550 3915 καὶ
1589 3861 1671 3927 τῷ

121 3935 214 4001 Υἱῷ
259 3938 475 3994 δέδωκε
510 3942 663 4012 ζωὴν
689 3944 856 4014 ἔχειν
915 3949 986 4001 ἐν
1026 3949 1238 4015 ἐαυτῷ,
1282 3953 1476 4006 ταυτὸν
1521 3953 1668 4023 λέγοι

114 4026 190 4078 τὸν
217 4029 469 4100 εἰληφότα
499 4033 651 4106 παρά
669 4035 765 4088 τοῦ
801 4037 1015 4108 Πατρὸς
1039 4039 1138 4110 τὴν
1167 4041 1332 4112 ζωὴν,
1366 4043 1460 4096 καὶ
1483 4044 1668 4114 ὁμολο-

114 4118 286 4184 γοῦντα
316 4123 394 4187 τὸ,
426 4125 602 4195 Κάγὼ
628 4124 700 4187 ζῶ
719 4127 815 4180 διὰ
844 4128 951 4183 τὸν
979 4130 1230 4198 Πατέρα,
1281 4133 1360 4204 τῷ
1389 4135 1662 4198 δεδωκότι,

115 4211 332 4283 ἀνάθεμα
358 4215 519 4271 ἔστω.
553 4219 662 4272 Καὶ
689 4220 744 4272 ετ
780 4239 864 4285 τις
915 4223 1130 4277 ἀκούων
1167 4225 1228 4277 τό
1250 4241 1262 4253 ·
1297 4226 1525 4296 Ὥσπερ
1555 4230 1666 4297 γὰρ

115 4303 142 4353 ό
162 4300 344 4373 Πατὴρ
369 4305 528 4376 ζωὴν
575 4309 701 4378 ἔχει
730 4311 802 4364 ἐν
832 4313 1045 4380 ἐαυτῷ,
1100 4315 1256 4369 οὕτω
1289 4318 1387 4370 καί
1439 4318 1520 4384 τῷ
1555 4319 1666 4386 Υὶῷ

1777 3215 2002 3270 minime
2028 3216 2320 3283 conﬁtens,
2345 3219 2632 3275 anathema
2666 3221 2754 3276 sit.
2783 3221 2839 3276 Si
2865 3225 2994 3294 quis
3013 3223 3212 3282 Filium
3234 3227 3355 3294 Dei,

1776 3305 2060 3376 quivideri
2085 3323 2193 3363 non
2227 3316 2428 3378 potest,
2460 3309 2754 3382 imaginem
2785 3312 3040 3381 audiens,
3064 3316 3208 3372 idem
3231 3334 3357 3376 esse

1774 3413 1897 3452 cum
1927 3415 2036 3453 non
2069 3401 2392 3472 aspectabili
2427 3400 2536 3457 Deo
2563 3403 2711 3458 dicat
2741 3403 3056 3475 imaginem,
3089 3415 3353 3480 tanquam

1773 3506 1900 3544 vere
1965 3490 2138 3546 tilium
2187 3493 2412 3549 minime
2457 3493 2775 3564 professus,
2818 3498 3108 3555 anathema
3156 3501 3251 3556 sit.
3293 3500 3352 3557 Si

1774 3579 1896 3647 quis
1931 3579 2268 3649 unigenitum
2308 3579 2507 3636 Filium
2551 3583 2842 3653 imaginem
2877 3583 3009 3651 Dei,
3045 3587 3139 3658 qui
3178 3587 3352 3645 videri

1773 3687 1882 3725 non
1923 3680 2138 3741 potest,
2173 3675 2436 3745 appellari
2472 3675 2724 3742 audiens,
2755 3677 3081 3734 dissimilem
3112 3696 3237 3739 esse
3265 3683 3352 3738 din-

1769 3772 1859 3819 cat
1892 3767 2129 3820 essentia
2162 3764 2383 3832 Filium,
2418 3783 2482 3823 ac
2512 3767 2604 3824 Dei
2636 3785 2744 3824 non
2780 3772 3130 3841 aspectabilis
3158 3775 3353 3847 imagi-

1771 3867 1895 3906 nem
1925 3852 2046 3922 ejus
2080 3854 2240 3921 cnjus
2265 3856 2506 3910 essentia
2533 3857 2830 3927 imaginem
2874 3859 3056 3928 ipsum
3095 3860 3355 3934 intelligi-

1770 3957 1912 4009 mus,
1947 3945 2092 3999 velut
2123 3944 2322 4001 Filium
2363 3963 2486 4003 esse
2513 3963 2624 4004 non
2654 3963 2779 4005 vere
2809 3951 3096 4020 proﬁtens,
3128 3956 3352 4010 anathe-

1769 4043 1860 4082 ma
1907 4034 1997 4089 sit.
2047 4032 2180 4087 ltem
2224 4035 2270 4090 si
2325 4036 2449 4105 quis
2491 4034 2764 4092 dicentem
2816 4035 3014 4093 Filium
3061 4041 3348 4102 audiens:

1771 4129 2227 4196 Quemadmodum
2263 4127 2429 4183 Pater
2467 4127 2620 4182 habet
2656 4129 2818 4182 vitam
2849 4131 2905 4184 in
2955 4132 3159 4201 seipse,
3194 4134 3272 4188 sic
3298 4142 3350 4187 et

1769 4217 1915 4273 Filio
1946 4219 2092 4273 dedit
2118 4221 2280 4272 vitam
2313 4218 2504 4272 habere
2545 4219 2598 4272 in
2627 4220 2798 4287 seipse
2814 4219 2858 4286 ⁸,
2893 4235 3017 4275 eum
3049 4222 3141 4290 qui
3174 4221 3342 4277 vitam

1769 4310 1972 4381 accipit
1997 4324 2028 4364 a
2059 4310 2241 4372 Patre.
2265 4319 2319 4365 et
2344 4310 2477 4364 illud
2505 4311 2776 4388 dicentem
2810 4329 2824 4366 :
2856 4309 2927 4364 Et
2951 4328 3042 4381 ego
3071 4313 3184 4367 vivo
3219 4329 3345 4382 pre-

116 4391 274 4451 ἔδωκε
296 4398 447 4468 ζωὴν
474 4399 642 4470 ἔχειν
690 4403 762 4456 ἐν
784 4403 976 4470 ἑαυτῷ
999 4421 1012 4434 ·
1063 4407 1317 4478 ἀνόμοιον
1353 4410 1500 4478 λέγοι
1543 4413 1664 4464 κατ’

1793 4412 1884 4458 »τεν
1908 4402 2127 4457 Patrem
2148 4404 2192 4467 ⁸,
2225 4403 2367 4457 idem
2391 4417 2517 4456 cum
2547 4402 2672 4457 vitae
2705 4402 2896 4458 datore
2919 4418 3041 4459 esse
3069 4403 3344 4471 defendat,

116 4483 274 4540 οὐσίαν
292 4487 379 4542 τὸν
411 4489 542 4544 Υίόν
571 4490 650 4562 τῷ
688 4492 883 4565 Πατρὶ,
911 4493 1436 4568 διαμαρτυρόμενος,
1462 4502 1544 4553 ὃτι
1571 4501 1664 4555 οῦ-

115 4587 204 4636 τως
227 4575 331 4647 ἔχει
353 4578 437 4644 ⁸ὼς
473 4581 720 4654 εἴρηκεν,
753 4584 1004 4658 ἀνάθεμα
1057 4587 1218 4644 ἔστω.
1258 4591 1496 4663 Φανερὸν
1533 4595 1663 4666 γὰρ,

115 4663 199 4730 ὅτι,
218 4669 306 4742 τῆς
333 4671 479 4744 ζωῆς
501 4675 603 4744 τῆς
630 4677 689 4729 ὲν
723 4675 800 4746 τῷ
823 4679 997 4750 llath
1026 4681 1323 4754 νοουμένης
1362 4686 1550 4750 οὐσίας
1576 4663 1666 4758 ση-

119 4763 435 4849 μαινομένης,
489 4767 586 4818 καὶ
616 4767 715 4837 τῆς
746 4768 893 4840 ζωῆς
933 4770 1030 4841 τῆς
1076 4772 1170 4826 τοῦ
1189 4774 1530 4844 Μονογενοῦς
1561 4780 1663 4849 τῆς

115 4846 167 4901 ἐκ
191 4850 274 4905 τοῦ
309 4854 518 4926 Πατρὸς
561 4859 966 4931 γεγεννημένης
1009 4862 1200 4928 οὐσίας
1231 4869 1548 4940 νοουμένης,
1575 4846 1655 4937 τὸ,

116 4941 290 5011 οὕτως,
321 4947 417 5019 τὴν
445 4949 740 5021 ὁμοιότητα
771 4953 870 5023 τῆς
905 4953 1096 5018 οὐσίας
1143 4957 1276 5027 πρὸς
1324 4961 1510 5015 οὐσίαν
1561 4982 1658 5038 ση-

121 5031 268 5103 μαίνει
290 5036 554 5111 (ἀνάθεμα
586 5040 782 5118 ἔστω).

171 5291 258 5388 ψ.
293 5297 396 5388 Kal
421 5299 478 5352 εῐ
499 5317 585 5364 τις
607 5301 689 5367 τὸ,
724 5303 968 5361 Ἕκτισέ
991 5326 1090 5378 με,
1112 5311 1207 5364 καὶ
1225 5312 1307 5376 τὸ,
1341 5315 1526 5384 γεννᾷ
1549 5335 1646 5388 με,

118 5385 222 5484 tta-9‘
251 5386 404 5484 αὐτοῦ
441 5391 674 5484 ἀκούων,
717 5395 796 5461 τὸ,
839 5398 1021 5468 γεννᾷ
1049 5419 1148 5471 με,
1187 5405 1262 5478 μὴ
1301 5409 1394 5461 ἐπὶ
1417 5409 1514 5462 τοῦ
1547 5385 1648 5467 αὐ·-

121 5479 192 5526 toi
221 5479 302 5531 καὶ
343 5482 460 5535 κατ’
496 5484 684 5540 οὐσίαν
733 5489 921 5555 ὲννοοτ,
970 5491 1108 5547 ἀλλά
1138 5497 1334 5552 ταυτὸν
1373 5499 1519 5570 λέγοι
1564 5504 1644 5572 τὸ,

1767 4495 2060 4550 anathema
2099 4496 2191 4552 sit.
2240 4493 2298 4549 Si
2345 4494 2471 4565 quis
2512 4494 2658 4551 istud
2687 4495 2962 4550 audiens:
3001 4492 3150 4550 Sicut
3181 4496 3349 4550 Pater

1769 4588 1930 4643 vitam
1958 4588 2114 4643 habet
2146 4591 2202 4642 in
2231 4588 2402 4657 seipse
2421 4629 2436 4654 ,
2490 4589 2567 4642 sic
2593 4587 2744 4642 Filio
2773 4587 2918 4643 dedit
2948 4588 3112 4642 vitam
3157 4589 3348 4644 habere

1764 4683 1821 4736 in
1855 4684 2024 4752 seipse
2045 4723 2060 4748 ,
2119 4681 2444 4737 dissimilem
2476 4682 2718 4738 essentia
2765 4680 2911 4736 Patri
2943 4680 3145 4736 Filium
3194 4698 3347 4739 asse-

1766 4780 1936 4837 veret,
1957 4781 2032 4838 et,
2057 4773 2134 4826 ita
2155 4772 2234 4826 uti
2264 4771 2422 4837 dicit,
2448 4771 2651 4827 habere
2684 4787 2744 4827 se
2768 4778 3020 4836 testetur,
3053 4772 3346 4828 anathema

1765 4864 1856 4919 sit.
1893 4860 2244 4918 Manifestum
2283 4862 2432 4916 enim
2471 4867 2577 4925 est,
2608 4875 2734 4915 cum
2763 4861 2874 4914 vita
2903 4875 3068 4930 quam
3105 4860 3162 4914 in
3185 4859 3346 4915 Patre

1764 4957 2138 5028 intelligimus,
2171 4956 2412 5011 essentia
2459 4955 2560 5019 sit,
2595 4942 2810 5010 necnon
2838 4961 2894 5008 et
2925 4951 3198 5024 Unigeniti
3231 4955 3344 5008 vita

1763 5064 1887 5121 qua:
1917 5065 1948 5104 a
1978 5047 2140 5104 Patre
2169 5049 2350 5119 genita
2379 5053 2485 5112 est,
2517 5047 2856 5117 intelligatur
2879 5045 3144 5109 essentia,
3170 5045 3343 5116 parti-

1762 5141 1943 5196 culam
1975 5140 2141 5204 hanc,
2168 5140 2267 5204 sic,
2315 5138 2574 5194 essentiae
2601 5153 2726 5192 cum
2751 5138 2994 5193 essentia
3023 5137 3344 5193 similitudi-

1761 5247 1886 5288 nem
1926 5232 2189 5287 indicare.

1825 5323 1919 5378 Xl.
1941 5323 1998 5378 Si
2021 5325 2143 5394 quis
2159 5325 2262 5380 ista
2282 5323 2551 5379 dicentem
2570 5324 2718 5378 illum
2744 5323 3006 5380 audiens:
3027 5323 3239 5380 Creauit
3259 5342 3340 5379 me

1753 5426 1806 5472 et
1824 5417 2003 5488 genuit
2030 5432 2132 5482 me,
2161 5418 2336 5486 genuit
2357 5433 2436 5469 me
2459 5430 2566 5477 non
2588 5417 2654 5470 ad
2681 5417 2932 5472 eumdem
2960 5423 3014 5472 et
3036 5417 3338 5472 secundum

1751 5509 2046 5565 essentiam
2067 5510 2336 5580 pertinere
2354 5516 2504 5578 putet
2527 5528 2539 5564 :
2561 5510 2652 5566 sed
2677 5511 2816 5567 idem
2833 5525 2956 5568 esse
2979 5512 3145 5581 dicat,
3163 5514 3338 5584 genui:

173 5624 192 5658 ⁸
214 5625 268 5688 F.
303 5631 541 5696 λένοαιν.
617 5640 786 5700 'Cor.
819 5647 911 5700 καὶ
940 5645 1089 5713 Θεός.
1170 5652 1190 5682 ⁸
1215 5651 1391 5710 Calat.
1426 5673 1462 5725 ι,
1499 5659 1556 5715 t9
1652 5661 1674 5694 ⁸

1793 5678 1868 5720 ιη.
1896 5681 1947 5734 γ,
1979 5664 2066 5719 26.
2143 5665 2162 5696 "
2195 5664 2352 5720 Jean.
2388 5681 2459 5734 vr,
2492 5664 2577 5720 57.
