3798 6212
416 241 523 302 I25

1826 230 1882 287 S.
1931 229 2272 288 EPIPHANII

3573 235 3676 289 ιρι

418 370 521 422 me,
547 366 625 418 et,
658 349 850 407 crearit
884 365 984 416 me,
1016 356 1279 420 tanquam
1315 345 1516 405 Fllium
1560 346 1682 405 sine
1729 347 1837 403 ulla
1868 363 1999 420 pas-

2116 350 2286 421 Γεννᾷ
2329 366 2428 421 με,
2462 348 2562 422 τῷ,
2612 347 2816 404 ἔκτισέ
2841 365 2939 420 με,
2988 350 3066 415 ὡς
3097 350 3173 423 μὴ
3204 350 3380 421 λέγων
3415 350 3508 405 τὸν
3550 350 3677 407 Tib»

417 446 576 503 sione
611 442 913 515 perfectum
968 457 1037 497 ex
1077 424 1307 499 duobus'
1350 441 1461 497 illis
1495 440 1779 496 vocabulis
1827 441 2001 497 conli-

413 550 558 602 tcns,
596 536 791 591 creavit
820 549 920 599 me,
948 540 1024 597 et,
1048 534 1230 603 genuit
1265 549 1366 597 me,
1399 532 1494 589 sed
1523 539 1837 587 creaturam
1864 529 2001 587 dun-

412 635 716 689 taxatmon
738 625 934 679 Filium
958 622 1253 685 aﬂirmans.
1286 623 1597 693 cuiusmodi
1652 623 1803 693 pium
1836 623 1999 680 nobis

412 733 478 772 es
510 716 725 770 duabus
754 715 865 769 illis
913 714 1141 769 vocibus
1170 729 1396 769 sensum
1433 712 1716 785 Sapientia
1747 715 1996 778 tradidit,

413 808 702 860 anathema
724 805 817 859 sit.
853 804 909 858 Si
945 805 1090 875 quis,
1114 802 1253 859 Filio
1276 819 1434 859 suam
1459 820 1582 861 cum
1614 804 1777 862 Patre
1810 822 2002 863 secun-

412 896 541 952 dum
573 898 873 952 essentiam
900 896 1311 951 similitudinem
1348 897 1509 953 nobis
1532 898 1620 955 bis
1644 900 1827 955 verbis
1852 900 2000 954 indi-

413 997 616 1044 canle:
652 988 804 1042 Sicut
858 989 999 1042 enim
1032 988 1193 1042 Pater
1219 989 1382 1042 vitam
1418 988 1573 1055 habet
1610 991 1664 1045 in
1704 991 1894 1059 seipse,
1922 993 1999 1046 sic

411 1088 460 1135 et
484 1078 629 1133 Filio
648 1079 794 1134 dedit
821 1082 982 1133 vitam
1007 1079 1197 1134 habere
1226 1068 1509 1149 in‘seipso;
1532 1097 1652 1137 eam
1688 1098 1819 1139 vero
1845 1083 2001 1138 simi-

411 1174 858 1244 litudinem,fquaa
880 1175 936 1228 in
954 1175 1169 1228 actione
1194 1175 1395 1244 posita,
1428 1175 1514 1231 his
1541 1176 1721 1233 verbis
1736 1177 1996 1235 docente:

413 1268 750 1339 Quaenam
794 1269 934 1322 enim
979 1265 1144 1320 Pater
1176 1266 1330 1334 facit,
1384 1283 1446 1319 ea
1468 1277 1516 1320 et
1548 1265 1726 1321 Filius
1755 1269 2002 1323 similiter

412 1362 549 1432 facit
580 1361 622 1427 ί,
682 1361 855 1417 solam
897 1360 1039 1413 hanc
1087 1358 1324 1413 actionis
1366 1357 1538 1429 858
1585 1359 2000 1415 similitudinem

411 1452 738 1517 concedens,
769 1451 1015 1516 alteram,
1039 1464 1160 1520 quae
1186 1448 1253 1502 ad
1273 1451 1571 1504 essentiam
1601 1458 2003 1521 spectat,qua3-

411 1558 520 1614 que
549 1542 882 1613 praecipuum
937 1540 1057 1595 ﬁdei
1095 1548 1299 1594 nostra;
1334 1547 1497 1608 caput
1546 1549 1651 1604 est,
1685 1540 1821 1595 Filio
1866 1542 2000 1596 sub-

409 1635 613 1699 trahat,
640 1644 901 1705 tanquam
934 1643 1137 1688 aeterna
1162 1633 1291 1695 vita,
1330 1648 1451 1703 qua:
1490 1633 1545 1687 in
1574 1631 1754 1689 Patris
1778 1650 1842 1689 ac
1876 1633 1997 1688 Filii

410 1726 727 1797 cognitione
751 1725 1027 1787 consistit,
1053 1725 1292 1794 seipsum
1317 1726 1561 1795 privans,
1590 1726 1881 1781 anathema
1903 1728 1997 1783 sit.

412 1816 470 1875 Si
505 1818 630 1889 quis
668 1818 722 1871 in
745 1815 963 1871 Patrem
993 1830 1057 1871 ac
1097 1814 1293 1870 Filium
1318 1815 1542 1871 credere
1566 1831 1687 1872 sese
1715 1817 1997 1887 promens,

411 1908 628 1964 Patrem
662 1924 770 1963 non
800 1908 998 1963 similis
1026 1923 1151 1962 cum
1205 1905 1345 1961 Filio
1372 1908 1628 1963 essentise
1680 1907 1827 1962 dicat
1852 1923 1996 1976 esse,

411 2002 507 2059 sed
537 2003 791 2067 actionis,
843 2008 1100 2070 tanquam
1128 1998 1390 2072 profanas
1430 2014 1629 2054 vocum
1675 2000 1946 2056 novitates
1978 2003 1998 2033 ³

410 2093 479 2148 de
505 2088 628 2147 Filii
660 2092 753 2148 Dei
796 2093 1037 2148 essentia
1070 2091 1432 2162 pronuntiare
1484 2107 1675 2157 ausus,
1725 2100 1781 2147 et
1813 2108 1999 2148 veram

411 2182 534 2239 Filii
575 2185 960 2256 proprietatem
1013 2191 1285 2247 evertens,
1322 2182 1615 2237 anathema
1650 2183 1743 2240 sit.
1780 2181 1839 2238 Si
1873 2184 1999 2255 quis

419 2280 591 2335 lilium
652 2277 883 2332 similem
908 2276 1152 2332 essentia
1186 2276 1332 2331 illius
1355 2275 1686 2346 intelligens,
1715 2275 1877 2345 cujus
1938 2277 2021 2333 llr

413 2370 520 2426 lius
555 2368 892 2440 intelligitur,
920 2368 1004 2423 vel
1030 2368 1171 2423 idem
1203 2382 1432 2439 prorsus
1465 2382 1590 2422 cum
1610 2368 1775 2423 Patre
1800 2365 2001 2424 Filium

411 2475 535 2517 esse
558 2460 722 2520 dicat.
758 2459 841 2515 vel
871 2456 1051 2513 Patris
1080 2468 1312 2529 partem,
1344 2458 1430 2514 vel
1464 2456 1735 2529 proﬂuvio
1760 2459 2001 2530 quodam

412 2568 479 2609 ac
506 2554 783 2625 passione.
810 2564 1204 2622 corporeorum
1228 2551 1404 2606 instar
1444 2550 1709 2618 ﬁliorum,
1746 2550 2003 2622 incorpo-

414 2661 566 2702 reum
591 2644 661 2698 ab
688 2644 1017 2715 incorporeo
1040 2641 1204 2699 Patre
1234 2642 1508 2713 prodiisse
1534 2640 1732 2698 Filium
1761 2651 1999 2711 asserat,

413 2739 703 2794 anathema
731 2736 826 2793 sit.
852 2734 911 2791 Si
934 2735 1082 2807 quis,
1116 2743 1404 2806 propterea
1437 2735 1586 2805 quod
1628 2750 1809 2807 neque
1837 2734 2004 2791 Pater

415 2830 612 2894 Filius.
646 2844 827 2900 neque
852 2826 1027 2884 Filius
1052 2844 1179 2885 esse
1192 2827 1355 2886 Pater
1381 2829 1718 2902 intelligatur
1736 2846 1999 2902 unquam,

413 2923 646 2979 alterum
679 2936 711 2975 a
742 2922 903 2977 Patre
949 2919 1149 2976 Filium
1182 2935 1308 2977 esse
1327 2920 1540 2987 dicens,
1582 2937 1650 2979 co
1680 2923 1829 2994 quod
1862 2926 2004 2982 alter

415 3013 488 3113 sit
516 3012 675 3113 Pater
699 3028 764 3067 ac
792 3012 988 3113 Filius,
1016 3020 1077 3113 ut
1098 3011 1309 3113 dictum
1336 3020 1426 3113 est
1453 3026 1466 3062 :
1517 3013 1672 3113 Alia:
1700 3024 1781 3070 est
1812 3018 1900 3086 qui
1928 3025 2004 3073 te-
2034 3054 2079 3113 α

415 3105 725 3158 stimonium
757 3101 988 3173 perhibet
1041 3101 1106 3156 de
1162 3102 1332 3168 me';
1387 3102 1566 3158 item:
1625 3102 2005 3160 Testimonium

416 3195 647 3264 perhibet
672 3194 762 3265 qui
787 3195 930 3247 misit
961 3210 1042 3248 me
1070 3194 1232 3248 Pater
1263 3194 1321 3248 δι
1365 3195 1411 3250 si
1438 3194 1844 3266 quis,inquam,
1878 3212 2005 3268 pro.

420 3296 539 3359 pter
570 3286 716 3358 piam
750 3285 897 3340 illam
927 3301 1050 3355 qua:
1085 3286 1140 3340 in
1174 3284 1422 3342 Ecclesia
1456 3288 1771 3359 concipitur
1809 3304 2004 3360 perso-

420 3394 614 3433 narum
648 3375 828 3433 Patris
857 3391 921 3432 ac
945 3374 1066 3431 Filii
1097 3378 1504 3449 proprietatem,
1527 3380 1734 3435 veritus
1762 3396 1831 3436 ne
1862 3382 2004 3437 idem

418 3469 642 3524 omnino
670 3483 797 3523 cum
837 3466 1000 3524 Patre
1033 3466 1207 3525 Filius
1260 3469 1595 3541 intelligatur
1624 3509 1639 3535 ,
1677 3470 2004 3529 dissimilem

419 3562 656 3617 essentia
707 3559 886 3616 Patris
923 3575 1048 3616 esse
1081 3558 1280 3615 Filium
1333 3560 1501 3627 dicat,
1562 3564 1855 3619 anathema
1910 3565 2003 3619 sit.

422 3651 480 3707 Si
516 3652 641 3723 quis
670 3649 890 3705 Patrem
927 3651 1193 3721 unigeniti
1240 3651 1367 3707 Filii
1412 3654 1468 3707 in
1504 3662 1746 3724 tempore
1791 3662 2006 3724 patrem

422 3743 591 3799 fuisse
616 3744 723 3798 sibi
754 3742 1098 3814 persuadeat,
1135 3758 1315 3814 neque
1340 3750 1465 3799 ante
1488 3750 1706 3813 tempus
1728 3758 2007 3807 omne,rac

421 3849 590 3905 supra
617 3834 911 3889 humanam
962 3849 1184 3891 omnem
1211 3835 1629 3905 cogitationem,
1665 3836 2003 3905 unigenitum

422 3928 620 3983 Filium
654 3942 684 3982 a
717 3926 877 3983 Patre
903 3928 1024 3983 sine
1055 3927 1166 3982 ulla
1205 3928 1461 3999 passione
1492 3928 1681 3985 credat
1730 3943 1854 3984 esse
1878 3943 2005 3998 pro-

421 4022 671 4086 ductum,
731 4029 994 4091 tanquam
1052 4022 1417 4093 apostolicum
1467 4023 1666 4093 dogma
1730 4030 2005 4093 transgre-

420 4114 600 4179 diens,
631 4114 774 4185 quod
797 4129 828 4167 a
846 4112 1026 4177 Patre,
1040 4112 1291 4185 Filioque
1315 4116 1579 4186 temporis
1595 4116 1831 4185 spatium
1848 4133 2008 4174 omne

421 4206 602 4276 rejicit
632 4222 645 4260 ι
680 4205 784 4261 hoc
817 4219 949 4261 vero
986 4221 1091 4262 nos
1134 4206 1368 4262 ﬁdeliter
1405 4206 1599 4263 edocet
1634 4226 1649 4263 :
1701 4208 1768 4264 In
1806 4211 2008 4280 princi-

420 4295 508 4364 pio
559 4301 677 4349 erat
724 4290 973 4358 Verbum,
1022 4302 1071 4347 et
1135 4290 1357 4348 Verbum
1384 4302 1500 4347 erat
1532 4294 1675 4362 apud
1718 4294 1910 4360 Deum,
1958 4305 2008 4352 et

423 4384 564 4441 Deus
584 4396 700 4439 erat
740 4382 967 4439 Verbum
999 4386 1061 4441 ἰ
1092 4385 1382 4441 anathema
1416 4387 1510 4442 sit.
1543 4386 1601 4442 Si
1634 4389 1760 4459 quis
1795 4387 2007 4444 Patrem
2041 4414 2086 4471 ι)

424 4475 730 4546 unigenito,
752 4489 915 4544 quem
954 4475 1238 4544 produxit,
1295 4474 1437 4531 Filio
1474 4485 1723 4549 tempore
1763 4480 2009 4536 anterio-

428 4582 543 4621 rem
572 4581 697 4622 esse
720 4567 897 4631 dicat;
927 4565 1125 4621 Filium
1154 4580 1287 4622 vero
1331 4568 1499 4623 Patre
1524 4568 1800 4638 iuniorem
1829 4586 1844 4624 :
1877 4586 2010 4625 ana-

426 4658 610 4715 thema
658 4656 751 4712 sit.
807 4654 866 4710 8i
921 4657 1050 4727 quis
1076 4657 1344 4726 temporis
1398 4666 1675 4728 expertem
1741 4659 2009 4731 unigeniti

426 4749 632 4804 Christi
661 4762 693 4801 a
730 4746 893 4803 Patre
930 4749 1305 4818 procedentis,
1333 4748 1670 4820 hypostasim
1700 4751 1767 4805 ad
1809 4752 2013 4823 ingeni-

430 4850 538 4895 tam
566 4837 663 4894 Dei
695 4837 995 4893 essentiam
1021 4835 1242 4900 referat,
1270 4844 1530 4907 tanquam
1551 4838 1885 4909 Υίοπάτορα,
1911 4838 2012 4894 hoc

426 4937 512 4984 est
562 4927 937 4998 Fitiopatrem,
989 4927 1291 4998 appellans,
1325 4928 1613 4983 anathema
1674 4930 1763 4986 sit.
1801 4928 1856 4983 Si
1888 4931 2013 4999 quis

428 5023 544 5077 sols
571 5030 843 5092 potestate
872 5019 1090 5077 Patrem
1119 5020 1391 5093 unigeniti
1425 5019 1573 5085 Filii,
1605 5037 1713 5077 non
1745 5030 2014 5092 potestate

430 5115 615 5180 simul,
634 5122 690 5171 et
718 5115 957 5171 essentia
992 5129 1119 5170 esse
1146 5114 1393 5179 deﬁrniat,
1421 5122 1682 5188 tanquam
1714 5116 1884 5171 solam
1912 5130 2012 5185 p0-

428 5214 682 5263 testatem
728 5222 1028 5278 usurpans,
1082 5216 1137 5261 et
1168 5222 1514 5261 communem
1548 5209 1598 5263 ei
1640 5224 1765 5262 cum
1795 5210 2012 5265 czeteris

429 5298 688 5367 operibus
716 5298 1087 5353 conditionem
1117 5299 1389 5361 tribuens,
1423 5313 1599 5369 neque
1623 5314 1942 5369 germanum
1980 5314 2009 5351 a

503 5456 518 5485 ⁸
548 5452 705 5510 Joan.
746 5473 795 5519 ν,
834 5456 915 5510 l9.

506 5611 618 5682 (49)
660 5613 766 5664 Kal
802 5612 858 5665 ει
902 5629 991 5676 τις
1019 5612 1271 5677 ἐξουσίᾳ
1299 5612 1409 5682 καὶ
1450 5613 1651 5677 οὐσίᾳ.
1694 5611 2013 5665 Postremus

436 5681 525 5738 hic
573 5683 1055 5740 anatlu-matismus
1090 5682 1231 5753 apud
1269 5681 1531 5735 Hilarium
1570 5699 1675 5736 non
1707 5690 2006 5751 comparet,

2100 442 2190 497 τὸν
2214 442 2439 506 ἀπαθῶς
2458 441 2662 497 τέλειον
2678 444 2742 496 ἐκ
2762 442 2871 496 τῶν
2889 441 2984 496 δύο
3009 443 3311 514 ὀνομάτων,
3341 443 3459 510 τοῦ,
3482 442 3679 501 ἐκτισέ

2096 551 2195 606 με,
2226 535 2319 588 καὶ
2341 534 2459 599 τοῦ,
2482 532 2670 605 γεννᾷ
2691 551 2790 604 με,
2822 534 3030 606 κτίσμα
3059 534 3221 605 μόνον
3258 535 3559 606 ὁμολογῶν,
3588 540 3680 590 καὶ

2105 627 2304 699 μηκέτι
2358 627 2492 693 υἱὸν,
2523 625 2599 691 ὡς
2642 626 3025 699 παραδέδωκεν
3063 628 3097 699 ἡ
3139 627 3308 697 Σοφία
3355 628 3423 682 ἐκ
3454 628 3564 681 τῶν
3590 628 3679 682 δύο

2100 718 2343 782 εὐσεϐῶς
2371 719 2472 789 τὴν
2502 718 2709 772 ἐννοιαν
2730 735 2741 747 ·
2772 718 3019 789 ἀνάθεμα
3048 719 3207 773 εστω.
3236 721 3347 773 Καὶ
3376 720 3429 772 ετ
3458 738 3559 784 τις,
3589 722 3680 774 τοῦ

2102 810 2234 864 Υίοῦ
2264 810 2365 883 τὴν
2401 812 2499 881 μὲν
2552 811 2673 864 κατ’
2707 811 2896 864 οὐσίαν
2934 810 3070 885 πρὸς
3104 810 3194 863 τὸν
3224 810 3423 864 ἐαυτοῦ
3468 810 3682 881 Πατέρα

2100 902 2391 975 ὁμοιότητα
2408 904 2542 974 ἡμῖν
2568 902 3045 966 ἀποκαλύπτοντας
3070 902 3137 955 δι’
3164 896 3240 956 ὧν
3262 918 3396 974 φησι
3412 918 3428 933 ο
3462 903 3683 972 Ὥσπερ

2100 994 2211 1063 γὰρ
2241 996 2274 1047 d
2304 993 2507 1062 Πατὴρ
2552 992 2705 1060 ζωὴν
2747 992 2871 1062 ἕχει
2902 993 2975 1047 ἐν
2998 992 3208 1059 ἐαυτῷ,
3236 994 3427 1060 οὕτως
3456 992 3557 1047 καὶ
3606 992 3684 1059 τῷ

2110 1084 2222 1149 Υίῷ
2278 1084 2463 1138 ἔδωκε
2511 1082 2663 1152 ζωὴν
2705 1084 2871 1154 ἔχειν
2913 1084 2984 1137 ἐν
3032 1082 3223 1150 ἐαυτῷ
3249 1100 3262 1112 ·
3307 1085 3411 1155 τὴν
3459 1082 3519 1136 δὲ
3567 1085 3684 1137 κατ’

2102 1175 2382 1247 ἐνέργειαν
2411 1175 2477 1228 δι’
2532 1168 2608 1229 ὧν
2662 1175 2940 1230 παιδεύει⁶
3002 1177 3062 1231 Ἀ
3112 1176 3220 1246 γὰρ
3267 1176 3347 1229 ἂν
3403 1178 3438 1229 d
3484 1175 3687 1244 Πατὴρ

2103 1268 2267 1338 ποιῇ,
2302 1269 2490 1323 ταῦτα
2518 1269 2613 1323 καί
2659 1272 2693 1323 ό
2742 1269 2873 1334 Υίός
2904 1269 3119 1338 ὁμοίως
3161 1269 3344 1322 ποιεῖ’
3388 1269 3564 1339 μόνην
3589 1270 3689 1339 τὴν

2103 1362 2224 1415 κατ’
2276 1359 2560 1431 ἐνέργειαν
2598 1360 2892 1431 ὁμοιότητα
2938 1358 3187 1429 διδούσης
3219 1372 3341 1413 κατ’
3389 1359 3601 1421 οὐσίαν,
3648 1360 3687 1429 ἥ

2102 1453 2218 1505 ἐστι
2251 1451 2310 1505 τὸ
2338 1451 2876 1520 κεφαλαιωδέπατον
2918 1450 3075 1522 ήμῶν
3108 1451 3207 1521 τῆς
3242 1450 3505 1514 πίστεως,
3558 1452 3689 1503 ἀπο-

2106 1541 2319 1613 στεροίη
2352 1541 2449 1595 τοῦ
2484 1541 2637 1603 Υἱοῦ,
2664 1541 2741 1605 ὡς
2770 1541 2961 1595 ἐαυτὸν
2992 1540 3309 1612 ἀποστερῶν
3337 1542 3439 1608 τῆς
3469 1544 3527 1594 ἐν
3553 1540 3691 1608 γνὼ-

2105 1650 2186 1686 σει
2220 1633 2434 1705 Πατρδς
2463 1634 2557 1687 καὶ
2598 1633 2730 1686 Υἱοῦ
2766 1634 2985 1688 αἰωνίου
3022 1631 3199 1703 ζωῆς·
3239 1631 3497 1702 ἀνάθεμα
3532 1632 3688 1686 ἔστω.

2106 1725 2217 1779 Kal
2248 1725 2303 1777 εί
2335 1742 2437 1789 τις,
2471 1727 2550 1787 εἰς
2583 1724 2800 1795 Πατέρα
2836 1724 2933 1777 καὶ
2962 1723 3090 1777 Υίδν
3120 1722 3400 1777 πιστεύειν
3424 1720 3693 1789 ἐπαγγελ-

2105 1817 2353 1888 λόμενος,
2385 1817 2478 1869 τὸν
2522 1814 2743 1887 Πατέρα
2779 1814 2854 1886 μὴ
2886 1814 3075 1877 οὐσίας
3106 1813 3299 1885 ὁμοίας
3346 1812 3516 1865 αὐτοῦ
3547 1812 3691 1879 λέγοι

2108 1907 2347 1978 Πατέρα,
2395 1905 2531 1960 ἀλλὰ
2578 1905 2879 1977 ἐνεργείας,
2910 1904 2986 1968 ὡς
3028 1904 3287 1977 βεῦήλους
3326 1904 3691 1973 καινοφωνίας

2106 2000 2249 2055 κατά
2275 1986 2375 2071 τῆς
2404 1999 2594 2062 οὐσίας
2617 1997 2710 2052 τοῦ
2745 1996 2877 2050 Υίοῦ
2914 1996 3009 2050 τοῦ
3037 1996 3174 2051 Θεοῦ
3201 1996 3539 2066 φθέγγεσθαι
3573 1993 3695 2046 τολ-

2110 2088 2250 2159 μῶν,
2282 2088 2374 2142 καὶ
2408 2088 2650 2159 ἀναιρῶν
2694 2086 2757 2140 τὸ
2797 2081 2937 2140 εἶναι
2964 2084 3181 2157 άληθῶς
3243 2087 3389 2139 υἱόνο
3443 2084 3695 2154 ἀνάθεμα

2106 2180 2265 2234 ἐστω.
2300 2180 2410 2234 Kal
2443 2180 2497 2233 εί
2518 2196 2604 2243 τ.ς
2631 2179 2763 2233 Υιὸν
2786 2179 2970 2250 ὅμοιον
2999 2181 3118 2232 κατ’
3144 2178 3332 2231 οὐσίαν
3365 2178 3505 2231 νοῶν
3551 2178 3694 2231 aut-

2106 2289 2220 2335 νου,
2251 2266 2311 2326 οὗ
2340 2271 2437 2325 xal
2466 2272 2667 2325 νοεῖται
2707 2270 2843 2335 υίὸς,
2882 2270 2917 2342 ἢ
2965 2269 3161 2323 ταυτὸν
3207 2268 3358 2337 λέγοι
3403 2270 3487 2340 τῷ
3523 2270 3697 2341 Πατρὶ

2106 2362 2199 2417 τὸν
2238 2362 2449 2433 Υίὸν,ἧ
2503 2363 2668 2433 μέρος
2706 2362 2800 2415 τοῦ
2848 2361 3080 2433 Πατρδς,
3116 2362 3150 2432 ἢ
3200 2362 3344 2415 κατὰ
3392 2362 3698 2434 ἀπόρροιαν

2108 2455 2204 2509 καὶ
2250 2454 2389 2507 κατὰ
2426 2454 2619 2520 πάθος,
2653 2453 2730 2517 ὼς
2771 2454 3122 2524 σωματικούς
3168 2454 3339 2519 υἱοὺς,
3368 2452 3463 2505 τὸν
3497 2454 3564 2506 ἐκ
3604 2450 3698 2506 τοῦ

2107 2547 2403 2618 ἀσωμάτου
2443 2547 2655 2618 Πατρὸς
2695 2545 2985 2617 ἀσώματον
3035 2538 3162 2601 Υίδν
3201 2547 3536 2611 ὑποστάντα,
3565 2545 3699 2600 ἀνά-

2108 2637 2253 2710 θεμα
2283 2638 2444 2692 ἐστω.
2480 2640 2591 2693 Kal
2631 2638 2684 2692 εῐ
2712 2656 2795 2703 τις
2827 2637 2918 2693 διά
2966 2639 3031 2692 τὸ
3073 2638 3166 2693 τὸν
3212 2640 3434 2711 Πατέρα
3486 2640 3698 2710 μήποτε

2109 2731 2242 2787 Υίὸν
2288 2729 2546 2793 νοεῖσθαι,
2594 2730 2689 2784 καὶ
2748 2730 2840 2784 τὸν
2895 2730 3022 2785 Υίδν
3059 2732 3270 2804 μήποτε
3306 2732 3533 2804 Πατέρα
3565 2734 3701 2785 νοεῖ-

2111 2822 2259 2888 σθαι,
2289 2823 2478 2894 ἐτερον
2509 2820 2683 2891 λέγων
2715 2820 2805 2875 τὸν
2848 2822 2976 2876 Υίὸν
3012 2823 3164 2895 παρά
3199 2822 3288 2876 τὸν
3314 2824 3565 2895 Πατέρα,
3616 2823 3704 2878 διὰ

2108 2916 2172 2970 τὸ
2199 2915 2290 2969 τὸν
2340 2914 2564 2986 Πατέρα
2605 2913 2793 2985 ἐτερον
2846 2907 3010 2978 εἶναι,
3055 2915 3151 2969 καὶ
3192 2913 3282 2968 τὸν
3315 2913 3469 2975 Υίὸν,
3519 2914 3703 2977 καθὼς

2110 3009 2359 3080 εἴρηται·
2412 3006 2630 3072 Ἄλλος
2680 3005 2856 3060 ἐστίν
2888 3008 2921 3059 ό
2966 3005 3281 3078 μαρτυρῶν
3330 3006 3468 3075 περὶ
3518 3004 3699 3075 ἐμοῦ·

2112 3101 2230 3167 καὶ,
2252 3100 2555 3169 Μαρτυρεῖ
2583 3098 2714 3171 γὰρ,
2770 3102 2957 3172 φησιν,
2991 3102 3025 3154 ό
3070 3100 3312 3169 πέμψας
3344 3116 3423 3169 με
3458 3100 3698 3166 Πατήρε

2109 3190 2200 3245 διὰ
2226 3190 2430 3261 ταύτην
2474 3188 2572 3260 τὴν
2601 3189 2801 3260 εὐσεϐῆ
2840 3192 2899 3245 ἐν
2942 3193 3009 3262 τῇ
3054 3190 3354 3262 Ἐκκλησία
3396 3192 3703 3262 νοουμένην

2116 3283 2357 3353 ἰδιότητα
2384 3281 2494 3334 τῶν
2524 3280 2854 3352 προσώπων,
2897 3280 3109 3353 Πατρδς
3156 3282 3252 3352 μὲν
3290 3281 3387 3335 xal
3431 3282 3594 3345 Υίοῦ,
3623 3284 3703 3334 δεο

2111 3374 2261 3439 διὼς,
2316 3375 2526 3446 μήποτε
2590 3374 2786 3428 ταυτὸν
2834 3373 2999 3445 νοηθῇ
3036 3374 3163 3438 Υἱὸς
3199 3375 3396 3445 Πατρὶ,
3446 3375 3702 3445 ἀνόμοιον

2112 3465 2260 3535 λέγοι
2293 3469 2412 3519 κατ’
2440 3465 2627 3520 οὐσίαν
2652 3463 2741 3520 τὸν
2768 3464 2896 3518 Υἱὸν
2924 3465 3002 3536 τῷ
3035 3466 3226 3538 Πατρὶ,
3257 3465 3514 3536 ἀνάθεμα
3542 3467 3699 3519 ἐστω.

2114 3560 2223 3613 Καὶ
2270 3559 2433 3623 εἴτις
2478 3561 2536 3611 ἐν
2575 3558 2751 3629 χρόνῳ
2780 3558 2871 3612 τὸν
2918 3558 3141 3629 Πατέρα
3185 3560 3403 3631 πατέρα
3452 3564 3571 3614 νοοῖ
3610 3560 3699 3612 τοῦ

2116 3649 2439 3721 μονογενοῦς
2469 3649 2623 3715 Υίοῦ,
2673 3650 2770 3703 καὶ
2807 3649 2881 3721 μὴ
2917 3650 3057 3721 ὐπὲρ
3089 3651 3333 3721 χρόνους,
3366 3652 3464 3704 καὶ
3516 3652 3660 3705 κατᾶ
3683 3653 3700 3681 ⁸

2114 3742 2294 3807 πάσας
2344 3741 2695 3814 ἀνθρωπίνας
2742 3742 2953 3806 ἐννοίας
3007 3742 3254 3796 πιστεύει
3297 3742 3387 3796 τὸν
3433 3745 3699 3814 μονογενῆ

2115 3834 2243 3888 Υίὸν
2297 3834 2364 3888 ἐκ
2410 3833 2505 3887 τοῦ
2538 3833 2751 3905 Πατρὸς
2800 3833 3027 3898 ἀπαθῶς
3055 3828 3375 3905 ὑφεστάναι,
3405 3836 3487 3898 ὡς
3524 3853 3697 3906 παρα-

2116 3925 2320 3980 ϐαίνων
2350 3925 2413 3979 τὸ
2459 3925 2817 3981 ἀποστολικὸν
2864 3926 3146 3998 κήρυγμα,
3175 3925 3398 3996 χρόνους
3437 3926 3545 3995 μὲν
3578 3926 3699 3998 περὶ

2114 4019 2327 4090 Πατρὸς
2377 4019 2472 4072 καὶ
2524 4018 2653 4072 Υίοῦ
2705 4019 3125 4091 παρωσάμενον,
3177 4017 3385 4081 πιστῶς
3438 4018 3500 4072 δὲ
3559 4021 3698 4087 ἡμᾶς

2116 4109 2411 4165 παιδεῦσαν
2440 4110 2527 4164 τό·
2572 4112 2677 4164 Ἐν
2711 4108 2869 4179 ἀρχῇ
2899 4106 2978 4179 ἦν
3003 4112 3036 4163 ὀ
3062 4109 3273 4178 Λόγος,
3304 4109 3402 4163 καί
3436 4113 3473 4163 ό
3514 4110 3698 4177 Λόγος

2114 4203 2197 4272 ἦν
2227 4201 2378 4269 πρὸς
2406 4201 2513 4255 τὸν
2542 4201 2710 4265 Θεὸν,
2737 4201 2832 4253 καί
2860 4197 3100 4271 Θεὸςῆν
3126 4204 3161 4255 ὁ
3193 4203 3413 4271 Λόγος,
3451 4201 3698 4271 ἀνάθεμα

2116 4294 2276 4349 ἔστω.
2331 4294 2439 4346 Kal
2479 4294 2534 4346 ετ
2572 4310 2657 4357 τις
2696 4293 2787 4347 τὸν
2835 4293 3056 4366 Πατέρα
3104 4292 3483 4365 πρεσϐύτερον
3531 4294 3698 4365 χρόνῳ

2114 4386 2264 4455 λέγοι
2306 4385 2401 4439 τοῦ
2435 4384 2495 4451 ἐξ
2541 4385 2737 4441 ἐαυτοῦ
2768 4384 3090 4457 μονογενοῦς
3136 4385 3299 4439 Υἱοῦο
3353 4384 3698 4458 νεώτερονδῦ

2115 4480 2293 4552 χρόνῳ
2321 4480 2414 4534 τὸν
2444 4480 2575 4534 Υίδν
2604 4478 2701 4533 τοῦ
2733 4479 2967 4552 Πατρὺς,
2999 4479 3250 4549 ἀνάθεμα
3284 4478 3447 4536 ἔστω.
3504 4479 3615 4531 Kal
3654 4479 3699 4529 εί

2115 4588 2200 4635 τις
2231 4571 2294 4625 τὸ
2323 4572 2551 4644 ἄχρονον
2582 4570 2683 4640 τῆς
2720 4570 2813 4625 τοῦ
2856 4570 3178 4641 μονογενοῦς
3209 4569 3451 4641 Χριστοῦ
3488 4572 3557 4623 ἐκ
3598 4570 3697 4622 Πα-

2116 4661 2244 4733 τρὸς
2309 4662 2659 4725 ὑποστάσεως
2720 4661 2813 4715 ἐπὶ
2868 4661 2969 4731 τὴν
3033 4660 3330 4729 ἀγέννητον
3387 4658 3489 4711 τοῦ
3571 4655 3696 4709 Θειῦ

2117 4752 2307 4807 οὐσίαν
2365 4753 2669 4825 ἀναφέροι,
2700 4751 2776 4816 ὡς
2830 4752 3129 4824 υίοπάτορα
3184 4750 3393 4819 λέγων,
3454 4748 3697 4817 ἀνάθεμα

2120 4843 2279 4896 ἔστω.
2312 4842 2427 4897 Kal
2461 4841 2621 4906 εἴτις
2654 4839 2871 4913 ἐξουσίᾳ
2900 4841 3036 4912 μόνῃ
3066 4840 3156 4893 τὸν
3184 4838 3403 4908 Πατέρα
3431 4835 3587 4905 λέγοι
3610 4834 3695 4887 τοῦ

2122 4934 2444 5007 μονογενοῦς
2491 4934 2645 5001 Υἱοῦ,
2688 4936 2783 4988 καὶ
2835 4934 2910 5004 μὴ
2950 4932 3169 5002 ἐξουσίᾳ
3223 4928 3360 5001 ὁμοῦ
3416 4930 3519 4982 καὶ
3549 4929 3698 4997 οὐσίᾳ

2118 5027 2334 5099 Πατρὸς
2384 5026 2707 5097 μονογενοῦς
2760 5025 2911 5091 Υίοῦ,
2961 5025 3036 5088 ὡς
3089 5024 3258 5095 μόνην
3302 5021 3401 5093 τὴν
3454 5020 3697 5086 ἐξουσίαν

2117 5118 2431 5189 λαμϐάνων,
2459 5118 2553 5173 καὶ
2579 5115 2895 5171 κοινοποιῶν
2916 5115 3078 5168 αὐτὸν
3106 5115 3242 5185 πρὸς
3263 5112 3328 5165 τά
3354 5111 3525 5165 λοιπᾶ
3552 5111 3696 5178 ποιή-

2122 5227 2287 5279 ματα,
2322 5210 2417 5264 καὶ
2448 5210 2508 5263 οὐ
2539 5209 2713 5277 λέγων
2735 5207 2948 5278 άληθῶς
2976 5208 3040 5259 ἐκ
3063 5204 3275 5276 Πατρὸς
3302 5204 3534 5274 γνήσιον
3555 5203 3695 5261 Tib»,

2118 5298 2367 5371 ἀνάθεμα
2420 5299 2580 5353 ἐστω.
2634 5300 2742 5354 Kal
2792 5300 2843 5351 εί
2864 5315 2946 5361 τις
2990 5296 3209 5365 ἐξουσίᾳ
3240 5295 3335 5349 καὶ
3382 5294 3548 5363 οὐσίᾳ
3592 5292 3693 5361 (ὅθ)

989 5457 1009 5485 ⁸
1035 5455 1209 5509 l'l‘im.
1244 5470 1323 5522 vI,
1366 5454 1448 5507 10.
1522 5454 1541 5484 ⁸
1572 5452 1731 5507 Joan.
1764 5470 1814 5517 v,
1853 5453 1943 5506 52.

2116 5468 2236 5507 uan.
2281 5468 2401 5517 vm,
2426 5451 2519 5508 28.
2595 5455 2615 5485 ⁸
2646 5449 2805 5507 Joan.
2840 5451 2957 5518 1,1.
3032 5451 3052 5483 ⁸
3081 5450 3141 5505 F.
3173 5449 3343 5520 παρά.

2121 5612 2213 5679 qui
2256 5612 2373 5665 sine
2395 5611 2564 5665 dubio
2588 5612 2876 5665 hatrelicus
2902 5618 3007 5671 est,
3038 5616 3311 5680 quatenus
3339 5608 3687 5662 consubstan-

2121 5684 2302 5735 tialem
2332 5700 2452 5738 esse
2481 5684 2625 5735 l‘atri
2658 5681 2851 5735 Filium
2884 5687 3041 5744 negat
3074 5700 3086 5734 :
3122 5682 3221 5733 hoc
3251 5692 3331 5733 cst
3360 5696 3543 5749 neque
3574 5680 3687 5746 ὀμο-
