3798 6212
532 331 638 388 (ιτ

1943 329 2002 387 S.
2060 326 2402 382 EPII’HANII

3678 333 3777 389 H8

533 442 730 509 Veteri,
762 444 845 499 vel
891 443 1040 499 Novo
1062 443 1411 501 Testamento
1438 452 1622 517 aperte
1659 444 1947 513 reperitur,
1998 443 2092 497 sed

2214 439 2343 512 λαιᾷ
2383 439 2478 493 καὶ
2508 438 2683 509 Καινῇ
2717 442 2779 494 οὑ
2820 432 2993 495 κείτὰι
3020 441 3232 513 Γραφῆ,
3251 443 3415 507 όνοῦς
3430 442 3487 496 δὲ
3512 444 3775 516 πανταχοῦ

529 537 674 607 quod
718 552 783 593 eo
832 536 1192 608 signiﬁcatur,
1247 540 1449 609 passim
1506 553 1825 607 expressum
1869 536 2100 606 legitur:

527 630 585 684 in
606 629 799 701 primis
828 629 884 685 in
915 646 980 684 eo
1010 630 1148 694 loco,
1185 630 1237 683 in
1263 644 1370 699 quo
1408 629 1550 684 Deus
1582 629 1817 701 Moysem
1856 630 2103 693 mittens,

527 722 609 777 sic
636 722 684 776 ei
734 722 951 776 locutus
980 732 1062 776 est
1094 741 1105 774 :
1153 719 1242 775 Sic
1280 721 1418 775 dices
1449 722 1579 790 [iliis
1599 720 1811 774 Israel:
1837 720 1941 786 Qui
1963 731 2040 774 est
2065 722 2102 784 ¹,

527 821 636 866 etc.
670 810 826 877 Quod
874 812 941 865 de
972 811 1131 867 Patre
1183 812 1481 880 praesertim
1514 811 1733 875 dicitur,
1792 812 1883 881 qui
1918 811 2108 865 ordine

526 901 738 971 primus
799 902 1139 971 intelligitur,
1174 918 1211 954 a
1240 918 1341 971 quo
1369 904 1539 955 omnis
1568 902 1864 968 paternitas
1901 902 1953 954 in
1980 900 2106 955 coelo

525 993 649 1045 etin
679 1000 820 1046 terra
870 993 1176 1046 nominatur
1212 992 1251 1043 ².
1292 990 1394 1056 Qui
1426 1008 1603 1061 neque
1634 992 1702 1046 ab
1759 992 1871 1046 ullo
1918 999 2021 1056 est,
2056 1000 2108 1047 et

527 1082 595 1137 iis
622 1096 743 1151 quae
774 1089 920 1145 sunt,
955 1096 1119 1133 causa
1156 1088 1238 1135 est
1274 1078 1491 1135 ut‘sint.
1545 1081 1746 1136 Verum
1788 1098 1911 1136 cum
1938 1090 1991 1136 ct
2017 1080 2105 1134 Fi-

526 1175 632 1230 lius
665 1175 736 1229 sit
761 1173 1053 1237 exsistens,
1084 1180 1136 1226 et
1168 1172 1300 1226 illud
1331 1172 1433 1227 sibi
1460 1175 1926 1228 communicatum
1952 1188 2107 1227 acce-

527 1265 686 1335 perit,
740 1264 945 1319 Paulus
997 1262 1390 1319 Samosatenus
1441 1273 1494 1319 et
1552 1266 1846 1320 Marcellus
1899 1265 1967 1318 al)
2017 1264 2105 1317 illa

524 1354 753 1412 Joannis
798 1356 1087 1418 sententia,
1125 1371 1231 1426 qua
1260 1357 1524 1427 scriptum
1556 1364 1638 1411 est
1670 1376 1681 1410 :
1728 1355 1796 1410 In
1847 1357 2107 1425 principio

524 1458 639 1500 erat
701 1445 922 1500 Verbum
960 1445 1009 1509 ⁸,
1060 1454 1195 1513 etc.,
1243 1447 1449 1511 erroris
1482 1448 1825 1501 occasionem
1861 1447 2105 1516 arripue-

526 1548 673 1601 runt,
703 1548 760 1591 ut
791 1536 883 1591 Dei
914 1536 1107 1590 Filium
1143 1550 1271 1592 vere
1299 1550 1421 1593 esse
1473 1535 1671 1590 Filium
1709 1538 1917 1592 nollent
1941 1552 2108 1607 agno-

525 1640 700 1681 scere.
740 1624 846 1682 Sed
877 1643 943 1679 ex
993 1627 1109 1695 ipsa
1151 1623 1306 1679 Verbi
1351 1626 1714 1696 appellatione
1768 1640 1978 1689 ansam,
2023 1628 2100 1679 uti

522 1718 781 1781 diximus,
806 1718 1153 1787 arripientes,
1206 1715 1403 1770 Filium
1436 1715 1529 1771 Dei
1581 1717 1925 1783 vocabulum,
1957 1717 2102 1788 quod

522 1810 591 1865 ab
621 1824 715 1863 ore
746 1807 1011 1878 procedit,
1056 1823 1117 1861 ac
1142 1822 1329 1862 vocem
1365 1808 1639 1863 nominari
1675 1810 1980 1864 voluerunt.
2020 1808 2103 1865 Ob

522 1899 577 1954 id
609 1898 801 1955 Patres
828 1900 925 1964 illi,
945 1900 1037 1969 qui
1062 1897 1290 1953 Paulum
1316 1897 1732 1954 Samosatenum
1749 1899 2098 1965 damnarunt,

522 1993 592 2047 ob
626 1993 786 2047 talem
816 1992 1423 2063 interrogatiunculam,
1457 2000 1515 2044 ut
1544 1992 1741 2045 Filium
1793 1991 2099 2048 subsisten-

522 2093 653 2150 tem,
683 2093 735 2140 et
758 2086 1137 2150 exsistentem,
1169 2092 1222 2139 et
1268 2098 1393 2138 eum
1424 2083 1518 2153 qui
1549 2092 1654 2149 est,
1709 2099 1829 2140 esse
1876 2086 2103 2140 demon-

522 2187 779 2241 strarent,
828 2194 937 2233 non
1008 2184 1189 2232 autem
1228 2176 1556 2231 vocabulum
1598 2176 1857 2246 aliquod,
1905 2176 2099 2231 Filium

521 2270 886 2328 substantiam
921 2276 979 2323 ut
1014 2274 1271 2323 vocarent
1301 2267 1526 2321 adducti
1585 2274 1715 2323 sunt
1759 2284 1771 2318 :
1817 2282 1923 2338 qua
1973 2270 2103 2324 sub-

521 2362 737 2418 stantia:
778 2360 1141 2431 appellatione
1194 2360 1246 2414 id
1303 2359 1448 2429 quod
1487 2374 1583 2429 per
1614 2359 1852 2429 seipsum
1884 2360 2103 2415 exsistit

521 2451 589 2505 ab
614 2466 679 2506 eo
720 2450 865 2520 quod
904 2464 998 2518 per
1050 2464 1109 2503 se
1156 2462 1265 2504 non
1319 2449 1537 2504 exsistit
1569 2449 1754 2519 aliquo
1784 2450 2103 2507 discrimine

523 2555 856 2614 separarent.
888 2542 1096 2597 Etenim
1136 2542 1461 2597 vocabulum
1494 2555 1591 2609 per
1628 2555 1749 2596 sese
1780 2556 1889 2595 non
1920 2542 2101 2597 subsi-

522 2636 638 2698 stit,
686 2650 788 2689 nec
840 2649 959 2688 esse
1020 2631 1113 2687 Dei
1168 2631 1339 2687 Filius
1398 2638 1597 2701 potest.
1657 2630 1875 2700 Alioqui
1911 2632 2099 2701 plures

519 2731 681 2776 erunt
710 2725 811 2777 hoc
840 2722 1002 2775 modo
1036 2721 1128 2775 filii
1169 2720 1282 2776 Dei.
1305 2719 1439 2774 Nam
1476 2719 1641 2775 Pater
1660 2721 1827 2775 multa
1858 2723 2100 2776 omnium

520 2812 869 2868 confessione
916 2810 1056 2865 Filio
1095 2811 1313 2865 locutus
1358 2817 1462 2875 est,
1499 2819 1557 2866 ut
1586 2825 1712 2865 cum
1740 2810 1880 2865 dixit
1917 2830 1928 2864 :
1974 2810 2101 2864 Fiat

522 2904 949 2973 ﬁrmamentum;
985 2900 1148 2956 Fiant
1196 2902 1520 2964 luminaria;
1552 2901 1825 2955 Producat
1880 2910 2017 2955 terra
2050 2903 2095 2967 ’⁵,

520 3003 626 3049 etc.
682 2994 811 3048 Item
850 3008 863 3044 :
924 2990 1212 3046 Faciamus
1256 2992 1519 3047 hominem
1563 2993 1607 3045 ⁵.
1667 2990 1854 3061 Itaque
1902 2990 2097 3045 Filium

2207 528 2429 599 φέρεται
2451 545 2463 557 ’
2499 530 2593 583 καὶ
2618 530 2834 601 πρῶτον
2855 533 2947 601 ἀφ’
2975 526 3052 586 ὧν
3074 536 3102 585 6
3132 533 3264 597 Θεὸς
3291 535 3521 605 πέμπων
3548 537 3775 590 Μωῦσέςι

2207 623 2427 695 εἴρηκεν
2446 639 2458 652 ·
2487 624 2685 691 Οὕτως
2708 624 2863 694 ἐρεῖς
2882 629 3005 693 τοῖς
3022 610 3171 693 υἱοῖς
3199 628 3444 695 Ἰσραήλ
3464 647 3475 657 ·
3512 631 3569 683 '0
3588 630 3694 694 ὢν,
3710 630 3776 692 ὡς

2206 715 2297 767 ἐπὶ
2309 714 2401 767 τοῦ
2419 713 2649 785 πρώτως
2664 718 2950 787 νοουμένου
2968 719 3202 787 Πατρὸς.
3220 720 3289 783 ἐξ
3305 715 3373 774 οὗ
3393 719 3557 774 πᾶσα
3572 726 3775 789 πατριὰ

2206 806 2277 860 ἐν
2315 807 2551 875 οὐρανῷ
2601 808 2698 862 καὶ
2756 808 2856 861 ἐπὶ
2888 809 3002 877 γῆς
3045 810 3406 878 ὀνομάζεται.
3458 812 3486 863 6
3535 813 3672 882 μήτε
3722 814 3775 863 ἐκ

2206 914 2349 962 τινος
2380 898 2479 964 ὢν,
2514 902 2607 952 καὶ
2638 902 2750 962 τοῖς
2806 896 2955 953 οὖσιν
2999 900 3170 963 αἴτιος
3200 900 3299 956 ὧν.
3347 886 3563 974 Ἐπειδῆ
3589 903 3649 954 δὲ
3694 908 3775 956 καὶ

2209 990 2335 1054 Υῑός
2384 993 2532 1045 ἐστιν
2558 994 2585 1045 6
2630 991 2724 1057 ὢν,
2779 992 2937 1045 ἔλαὸε
2970 993 3025 1046 δὲ
3073 994 3181 1046 ἀπὸ
3221 992 3316 1045 τοῦ
3346 993 3486 1047 κατὰ
3538 994 3775 1063 Ἰωάννῃ-ι

2208 1084 2539 1151 Εὑαγγελίου
2570 1084 2795 1152 λέγοντα
2821 1124 2834 1147 ,
2890 1085 2944 1135 Ἐ
2950 1102 2985 1137 ν
3012 1084 3171 1154 ἀρχῇ
3208 1082 3284 1155 ἦν
3311 1089 3343 1140 ό
3372 1087 3581 1162 Λόγος,
3628 1089 3773 1157 (ig-Mr

2211 1172 2315 1243 μὴν
2350 1172 2786 1243 εὑρατοηΠαῦλος
2833 1176 2861 1225 6
2906 1175 3253 1243 Σαμοσατεὺς
3298 1176 3390 1228 καί
3444 1174 3771 1245 Μάρκεὶᾶινις,

2207 1264 2387 1317 οὑκέτι
2419 1261 2662 1327 οέλοντες
2713 1264 2891 1333 λέγειν
2923 1266 3012 1317 τὸν
3044 1265 3169 1317 Υἰὸν
3198 1265 3291 1318 τοῦ
3316 1265 3450 1318 Θεοῦ
3494 1267 3627 1319 Υἱδν
3658 1268 3773 1336 ἀλη-

2209 1354 2336 1417 Θῶς,
2371 1354 2504 1407 ἀλλά
2531 1355 2638 1406 ἀπὸ
2670 1354 2762 1407 τοῦ
2799 1358 2988 1423 Λόγος
3015 1356 3277 1426 ὀνόματος
3309 1358 3563 1429 ἀφορμὴν
3601 1360 3771 1412 λαϐόν-

2207 1457 2318 1506 τεςν
2352 1443 2515 1512 φημι,
2544 1445 2608 1495 ὲκ
2644 1446 2907 1515 στόματος
2939 1447 3087 1515 ῥῆμα
3115 1448 3208 1498 καὶ⁵
3236 1447 3452 1517 φθέγμα
3482 1448 3769 1518 ἠϐουλήθη-

2210 1551 2308 1587 σαν
2359 1537 2531 1588 εἰπεῖν
2585 1538 2677 1589 τὸν
2730 1538 2856 1589 Υἱὸν
2906 1537 2999 1589 τοῦ
3054 1536 3209 1599 Θεοῦ,
3262 1539 3687 1609 ἡναγκάσθησαν
3731 1544 3769 1591 ηε

2209 1626 2467 1697 Πατέρες,
2503 1628 2553 1679 οἱ
2592 1628 2873 1698 κρίναντες
2920 1628 3131 1680 Παῦλον
3164 1629 3253 1680 τὸν
3304 1629 3649 1698 Σαμοσατέα,
3696 1632 3769 1681 ἐπὶ

2207 1715 2284 1785 τῷ
2328 1716 2553 1787 τοιούτῳ
2611 1716 2924 1787 ὲρωτισμῷ,
2983 1719 3066 1770 ἵνα
3118 1716 3381 1782 δείξωσιν,
3437 1721 3518 1771 ὅτι
3572 1722 3601 1772 6
3663 1720 3767 1780 Υἱὸς

2137 1789 2176 1843 Β
2208 1806 2501 1860 ὑπόστασιν
2555 1807 2688 1878 ἔχει,
2740 1809 2835 1862 καὶ
2882 1808 3141 1879 ὑπάρχων
3185 1811 3323 1873 ἐστὶ,
3379 1812 3472 1863 καὶ
3499 1811 3577 1862 ὢν
3618 1812 3764 1873 ἐστίν,

2202 1896 2322 1965 οὑχ).
2354 1897 2411 1949 δὲ
2440 1898 2594 1969 ῥῆμά
2634 1900 2800 1965 ἐστιν,
2834 1900 3023 1952 οὐσίαν
3057 1901 3229 1951 εἰπεῖν
3265 1902 3356 1952 καὶ
3385 1901 3477 1953 τὸν
3505 1902 3657 1966 Υἱὸν,
3686 1904 3765 1971 τὴν

2203 1985 2467 2057 διαφορὰν
2498 1987 2593 2041 τοῦ
2632 2006 2691 2041 τε
2746 1990 2865 2043 καθ’
2900 1991 3092 2043 ἑαυτὸν
3142 1991 3491 2061 ἀνυπάρκτου
3543 1994 3639 2045 καὶ
3688 1993 3763 2043 τοῦ

2206 2074 2538 2145 ὑπάρχοντος
2575 2077 2651 2147 τῷ
2699 2078 2797 2149 τῆς
2849 2080 3036 2143 οὐσίας
3088 2082 3310 2151 ὀνόματι
3363 2084 3761 2145 ἐπιδεικνύντες.

2205 2164 2278 2217 Τὸ
2312 2166 2411 2235 μὲν
2453 2166 2561 2239 γὰρ
2590 2169 2740 2239 ῥῆμα
2776 2169 2896 2223 καθ’
2928 2174 3090 2225 ἑαυτὸ
3132 2174 3478 2246 ἀνύπαρκτόν
3509 2178 3625 2227 ἐστι
3649 2192 3660 2203 ·
3687 2178 3763 2227 καὶ

2204 2257 2263 2308 οὑ
2293 2256 2515 2311 δύναται
2562 2256 2701 2312 εἶναι
2733 2260 2860 2324 Υἱὸς
2905 2262 3061 2327 Θεοῦ,
3119 2266 3239 2317 ἐπεὶ
3286 2265 3469 2318 πολλοί
3516 2284 3581 2335 γε
3614 2267 3763 2328 οὕτως

2204 2346 2417 2403 ἔσονται
2460 2350 2565 2404 υἱοὶ
2603 2351 2757 2405 Θεοῦ.
2796 2354 2973 2407 Πολλά
3006 2356 3115 2426 γὰρ
3144 2358 3171 2408 6
3209 2358 3399 2429 Πατὴρ
3443 2358 3764 2427 ὁμολογεῖται

2204 2438 2377 2495 λαλῶν
2426 2442 2505 2513 τῷ
2553 2444 2687 2514 Υῑῴ,
2720 2444 2849 2499 ὅταν
2890 2444 3054 2516 λέγῃ·
3091 2448 3407 2515 Γενηθήτω
3458 2452 3757 2517 στερέωμα,

2207 2535 2257 2585 Γ
2258 2535 2651 2603 ενηθήτωσαν
2668 2537 2981 2609 φωστῆρες
3000 2554 3016 2569 °
3043 2537 3414 2610 Ἐαξταγέτω
3432 2538 3471 2603 ἠ
3518 2538 3601 2607 γῆ
3619 2556 3633 2567 ·
3666 2544 3759 2593 καὶ·

2202 2619 2551 2690 Ποιήσωμεν
2606 2623 2940 2692 ἄνθρωπον.
2999 2627 3164 2679 Ὥστε
3216 2630 3246 2681 6
3298 2629 3492 2700 Πατὴρ
3548 2631 3624 2702 τῷ
3670 2631 3755 2700 fit}

2202 2709 2371 2765 λαλεῖ.
2413 2714 2522 2768 Καὶ
2545 2716 2593 2767 οἱ
2626 2715 2724 2786 μὲν
2752 2716 2897 2785 λόγοι
2933 2716 3027 2770 τοῦ
3058 2717 3195 2771 Θεοῦ
3221 2718 3313 2782 οὓς
3339 2718 3493 2773 λαλεὶ
3532 2722 3612 2791 τῷ
3646 2721 3754 2789 Υἱῷ,

2201 2802 2301 2854 οὑκ
2330 2804 2466 2857 εἰσιν
2505 2805 2643 2858 uioi‘
2676 2806 2705 2857 6
2737 2806 2793 2859 δὲ
2841 2808 2983 2874 Υἱὸς,
3017 2810 3152 2881 πρὸς
3193 2811 3253 2862 ὃν
3299 2811 3453 2864 λαλεῖ
3496 2815 3526 2866 6
3574 2814 3751 2882 Πατὴρ,

2206 2894 2344 2963 μετά
2382 2894 2496 2949 τῶν
2528 2896 2703 2952 ἄλλων
2728 2898 2965 2962 εὐσεϐῶς
3002 2901 3242 2954 καλεῖται
3283 2903 3467 2973 ἄρτος,
3522 2905 3613 2958 καὶ
3644 2906 3753 2972 Qui.

2202 2983 2294 3036 καὶ
2325 2984 2639 3051 ἀνάστασις,
2696 2987 2777 3041 ἔτι
2842 2990 2935 3042 καὶ
2970 2990 3139 3058 Λόγος
3195 2992 3552 3062 ὁνομάζεταιο
3597 2994 3753 3058 ἐπειεῇ

520 3085 683 3141 Pater
717 3085 1033 3153 alloquitur.
1060 3082 1233 3138 Porro
1276 3084 1353 3137 illi
1402 3082 1507 3153 ipsi
1560 3097 1864 3146 sermones,
1901 3083 2095 3152 quibus

2207 3075 2477 3146 ἑρμηνεύς
2521 3079 2637 3131 ἐστι
2663 3078 2772 3132 τῶν
2794 3078 2889 3132 τοῦ
2928 3080 3063 3134 Θεοῦ
3107 3082 3482 3153 βουλημάτων.
3537 3085 3647 3137 Ἵνα
3696 3088 3752 3153 μὴ

524 3176 593 3230 ad
641 3174 837 3228 Filium
886 3173 1044 3227 Pater
1077 3177 1267 3238 utitur,
1303 3172 1398 3227 ﬁlii
1453 3188 1561 3228 non
1614 3181 1763 3229 sunt.
1820 3174 1891 3229 At
1914 3173 2101 3241 Filius,

523 3278 688 3334 quem
718 3262 880 3317 Pater
914 3262 1229 3332 alloquitur,
1255 3261 1399 3317 inter
1419 3269 1645 3317 caeteras
1684 3258 2102 3331 appellationes,

527 3356 705 3426 panis,
750 3355 883 3419 vita,
919 3354 1251 3410 resurrectio
1299 3367 1363 3408 ac
1388 3352 1625 3423 denique
1651 3350 1888 3409 Verbum
1943 3353 2107 3408 etiam

526 3446 751 3510 dicitur,
779 3446 1010 3519 ecquod
1045 3446 1136 3501 Dei
1171 3446 1243 3501 sit
1288 3445 1589 3501 voluntatis
1630 3445 1920 3515 interpres.
1942 3445 2109 3517 860

525 3537 795 3605 Quocirca
821 3552 888 3590 ne
913 3534 1150 3591 haeretici
1190 3535 1505 3590 rudioribus
1531 3534 1874 3603 imponentes
1910 3532 2107 3587 Filium

525 3626 668 3682 idem
702 3640 825 3682 esse
852 3640 975 3679 cum
1020 3626 1104 3680 his
1127 3625 1329 3689 verbis,
1362 3639 1482 3693 quae
1529 3623 1693 3678 Pater
1737 3624 1952 3679 locutus
1981 3632 2064 3678 est
2090 3664 2105 3689 ,

524 3724 835 3780 censerent,
862 3715 928 3769 ad
950 3713 1042 3770 Dei
1079 3713 1197 3768 Filii
1227 3714 1612 3769 declarandum
1660 3714 1730 3767 ab
1767 3713 1919 3767 hisce
1948 3728 2109 3768 voca-

524 3807 691 3871 bulis,
722 3822 843 3877 quae
867 3806 1081 3861 locutus
1101 3813 1188 3861 est
1210 3805 1390 3870 Pater,
1410 3806 1729 3869 discrimen,
1753 3804 1950 3861 Filium
1978 3805 2109 3862 sub-

528 3898 789 3953 stantiam
821 3897 1081 3967 appellari
1115 3903 1367 3966 oportere
1392 3896 1787 3963 decreverunt;
1842 3903 2005 3966 atque
2034 3897 2109 3949 ita

526 3989 827 4045 discrimen
856 3987 991 4042 illud
1022 3988 1455 4050 constituerunt,
1491 3997 1549 4042 ut
1593 3995 1647 4041 et
1700 3986 1840 4042 Deus
1866 3986 1936 4041 sit
1964 3987 2109 4041 exsi-

528 4088 703 4144 stens,
733 4079 983 4135 et'verba
1038 4079 1128 4133 illa
1156 4094 1278 4149 qua:
1311 4076 1689 4149 pronuntiavit
1740 4077 1905 4139 Deus,
1936 4077 2106 4132 casti-

527 4173 666 4228 tisse
705 4171 982 4236 dicantur,
1015 4170 1111 4226 sed
1160 4185 1503 4241 nequaquam
1539 4170 1879 4231 substantiae,
1915 4183 2105 4223 verum

525 4260 919 4332 pronuntiandi
938 4259 1185 4316 actiones
1204 4275 1328 4316 esse
1344 4269 1698 4316 censeantur:
1721 4266 1776 4312 at
1801 4257 1970 4312 Filius
1982 4272 2107 4311 cum

524 4348 767 4407 Verbum
797 4352 892 4417 sit,
924 4367 1033 4407 non
1073 4353 1217 4407 actio
1248 4351 1495 4422 quadam
1550 4351 1827 4421 loquendi,
1878 4348 1993 4414 sed,
2023 4358 2108 4403 ut-

526 4450 654 4512 pote
686 4440 879 4505 Filius,
911 4441 1218 4497 substantia
1253 4442 1348 4495 sit.
1386 4440 1520 4496 Nam
1546 4442 1592 4496 si
1625 4440 1786 4495 Pater
1807 4454 1930 4494 esse
1958 4439 2095 4493 dicas

2215 4437 2527 4507 γεννῆσθαι,
2562 4441 2655 4495 καὶ
2683 4442 2900 4498 ἀκούειν
2942 4447 3035 4499 τοῦ
3079 4449 3311 4521 Πατρὸς,
3356 4453 3455 4505 καὶ
3501 4454 3670 4520 ὑπουρῖ

533 4541 643 4597 tur,
671 4540 877 4589 etesse
904 4533 1126 4601 perinde
1185 4531 1392 4599 Filius;
1444 4548 1568 4588 esse
1612 4548 1741 4587 vero
1787 4542 2043 4600 tanquam
2077 4546 2107 4583 ιι

532 4620 646 4677 Deo
683 4623 903 4692 proprie
935 4637 999 4676 ac
1028 4637 1285 4693 germane
1315 4630 1375 4676 ut
1420 4624 1492 4677 sit
1537 4624 1833 4692 accipiens,
1870 4621 2107 4675 Verbum

534 4714 707 4773 Filius
736 4731 880 4783 esse,
920 4732 1026 4772 non
1061 4725 1120 4771 ut
1146 4727 1342 4772 caetera
1388 4732 1510 4787 qua:
1539 4732 1567 4770 a
1619 4717 1731 4773 Deo
1761 4717 2107 4788 pronuntiata
2143 4724 2289 4778 sunt,
2322 4716 2661 4788 intelligitur.
2697 4720 2820 4777 Haac
2844 4725 2986 4778 enim
3015 4726 3070 4780 in
3098 4742 3162 4781 eo
3212 4731 3307 4799 qui
3365 4731 3599 4801 loquitur
3646 4744 3689 4782 es

535 4812 668 4867 illud
688 4827 849 4868 suum
880 4812 1105 4876 habent,
1138 4812 1271 4866 illud
1300 4827 1430 4867 vero
1454 4813 1510 4867 in
1531 4827 1597 4868 eo
1630 4828 1751 4868 esse
1803 4827 1961 4867 suum
2016 4808 2253 4880 positum
2309 4809 2490 4875 habet,
2549 4816 2691 4883 quod
2751 4832 2779 4870 a
2844 4816 3007 4874 Patre
3056 4822 3273 4891 genitus
3326 4824 3437 4889 sit;
3501 4837 3550 4878 et
3602 4818 3707 4877 eidd

534 4903 807 4958 auscultet
872 4916 939 4955 ac
999 4902 1294 4959 ministret.
1346 4902 1499 4959 Hane
1552 4905 1719 4976 igitur
1768 4904 2091 4976 hypostasin
2162 4898 2349 4956 Patres
2396 4904 2754 4963 substantiam
2794 4920 3100 4975 voearunt._

592 4994 728 5051 XIII.
757 4994 1117 5065 Quapropter
1146 4993 1342 5049 Filium
1374 4995 1520 5049 Patri
1568 4996 1799 5051 similem
1852 4998 1903 5051 in
1931 4994 2110 5050 omni-

519 5091 622 5145 bus
654 5087 1029 5159 intelligimus,
1061 5093 1117 5141 et
1145 5087 1339 5141 haeresi
1372 5087 1447 5141 illi
1481 5102 1601 5158 qua:
1630 5088 1892 5145 adversus
1916 5088 2115 5145 Eccle-

518 5242 679 5317 mulm
709 5241 1055 5317 subscribere
1085 5242 1159 5317 ab
1204 5242 1785 5317 imperatorecoactus
1820 5252 1924 5311 est,
1972 5262 2091 5317 quae

520 5311 712 5366 Filium
747 5326 841 5381 per
869 5313 1050 5366 omnia
1085 5311 1262 5367 Patris
1283 5311 1409 5367 esse
1439 5313 1669 5369 similem
1702 5311 2005 5381 asserebat,
2035 5325 2092 5370 nt

518 5397 582 5435 ex
634 5398 691 5455 n.-
740 5381 811 5432 22
856 5383 1150 5455 constabit,
1189 5383 1449 5455 ad_quem
1490 5385 1779 5455 nonnulla,
1814 5402 1935 5455 qua:
1985 5387 2091 5441 huc

519 5451 811 5523 pertinent,
852 5451 1221 5523 conferemus.
1263 5450 1443 5514 Vides,
1487 5454 1675 5518 lector,
1731 5450 1917 5523 quanti
1976 5472 2092 5511 mo-

522 5520 682 5573 menti
717 5534 824 5585 res,
859 5529 968 5575 tam
1002 5520 1105 5577 levi
1133 5538 1200 5576 ex
1239 5523 1621 5579 observatione
1650 5520 1944 5581 con-secuta
1995 5527 2089 5592 sit,

590 5697 610 5734 ί
638 5695 812 5755 Exod.
854 5716 937 5765 tu,
974 5702 1055 5756 II.
1136 5704 1153 5732 ¹
1194 5702 1389 5771 Ephcs.
1437 5719 1515 5767 Ill,
1551 5703 1634 5758 I5.
1715 5702 1914 5759 ’Joan.
1946 5720 1983 5771 I,
2024 5706 2071 5761 I.

2149 5706 2169 5737 ⁴
2199 5705 2334 5762 Gen.
2371 5723 2409 5771 ι,
2436 5706 2488 5773 6,
2518 5707 2603 5772 I4,
2642 5708 2722 5762 II.

2206 3165 2322 3231 οὖν,
2366 3168 2683 3234 ἀπατῶντες
2702 3173 2829 3235 τοὺς
2858 3172 3277 3246 ἁπλουστέρους,
3318 3176 3408 3229 τὸν
3432 3177 3567 3230 Υἱδν
3592 3176 3752 3228 ταυτὸν

2206 3256 2435 3326 λέγωσιν
2496 3262 2546 3314 οἱ
2600 3264 2862 3333 αἰρετικοὶ
2921 3267 3033 3328 τοῖς
3082 3265 3260 3334 λόγοις
3320 3272 3432 3332 τοῖς
3486 3270 3633 3340 παρά
3680 3268 3751 3319 τοὺ

2206 3346 2341 3400 Θεοῦ
2374 3348 2740 3421 λαλουμένοις,
2776 3354 2835 3406 τὸ
2863 3354 3116 3426 διάφορον
3139 3357 3234 3410 τοῦ
3263 3358 3393 3411 Υἱοῦ
3417 3359 3518 3412 τοῦ
3552 3360 3675 3413 Θεοῦ
3696 3359 3751 3417 ὥς

2208 3436 2342 3507 πρὸς
2377 3438 2447 3490 τὰ
2474 3441 2694 3510 ῥήματα
2722 3442 2817 3495 τοῦ
2860 3443 2993 3497 Θεοῦ
3025 3445 3436 3511 ὑποδεικνύντες
3470 3451 3521 3501 οἱ
3546 3450 3749 3518 Πατέρες

2208 3528 2299 3581 τὸν
2334 3529 2483 3596 Υἱὸν,
2539 3532 2702 3601 φημὶ,
2737 3534 2925 3587 οὐσίαν
2962 3535 3263 3590 ἐκάλεσαν·
3310 3538 3489 3601 οὑτως
3539 3540 3630 3609 τὴν
3657 3540 3767 3609 διαοη

2210 3622 2380 3691 φορὰν
2417 3624 2809 3694 παριστῶντες,
2845 3627 2926 3680 ὅτι
2956 3628 2984 3676 6
3018 3628 3148 3691 Θεὸς
3180 3629 3256 3681 ὢν
3281 3630 3454 3693 ἐστιν,
3496 3632 3588 3682 καὶ
3620 3631 3705 3682 oi;

2209 3728 2316 3779 τοι,
2367 3712 2461 3776 οὒς
2507 3714 2676 3779 λαλεῖ,
2722 3716 2909 3783 ὄντες·
2950 3719 3065 3773 ἀλλ’
3116 3720 3215 3772 οὑκ
3265 3722 3449 3774 οὑσίαι
3496 3722 3589 3775 τοῦ
3622 3720 3729 3772 Θεοῦ

2208 3802 2457 3856 λεκτικαὶ
2503 3804 2559 3857 δὲ
2600 3805 2890 3877 ἐνέργειαι.
2938 3809 2997 3861 Ὁ
3040 3810 3096 3863 δὲ
3151 3811 3278 3875 Υἱὸς
3324 3815 3502 3881 Λόγος
3531 3816 3622 3877 ὢν,
3653 3816 3693 3865 oi

2212 3892 2461 3963 ἐνέργεια
2509 3895 2728 3969 λεκτική
2760 3900 2875 3952 ἐστι
2903 3901 2996 3954 τοῦ
3031 3902 3187 3966 Θεοῦ,
3218 3904 3333 3957 ἀλλ’
3365 3906 3499 3969 Υἱὸς
3531 3906 3601 3958 ὢν
3625 3906 3719 3957 eisi:

2211 3986 2376 4038 ἐστίν.
2418 3987 2481 4039 Εἰ
2508 3986 2618 4058 γὰρ
2650 3990 2679 4042 6
2719 3990 2909 4061 Πατὴρ
2948 3991 3044 4057 ὢν,
3078 3996 3171 4047 καὶ
3200 3995 3325 4058 Υἱὸς
3353 3996 3432 4048 ὢν
3452 4014 3467 4027 ⁸
3507 3998 3580 4050 ὢν
3602 3998 3650 4048 δὲ
3674 3998 3713 4047 οἱ

2211 4091 2318 4138 τως
2345 4076 2375 4127 ὁ
2416 4076 2563 4141 Υἱὸς,
2594 4078 2671 4141 ὡς
2697 4081 2761 4132 ἐκ
2808 4082 2900 4134 τοῦ
2932 4082 3066 4135 Θεοῦ
3097 4084 3235 4155 ἔχων
3266 4088 3510 4157 γνησίως
3540 4088 3597 4140 τὸ
3619 4084 3710 4139 εἴη

2213 4164 2383 4231 Λόγος
2433 4167 2754 4239 νοηθήσεται
2805 4173 2833 4224 6
2885 4171 3033 4238 Υἱὸς,
3081 4178 3179 4247 οὑχ
3211 4178 3288 4239 ὡς
3316 4180 3366 4231 οἱ
3406 4180 3575 4247 λόγοι,
3602 4182 3644 4231 οἱ

2209 4254 2344 4309 Θεοῦ
2378 4258 2715 4331 λαλούμενοι.
2753 4264 2982 4319 Ἐκεῖνοι
3016 4268 3123 4337 γὰρ
3184 4269 3242 4321 τὸ
3286 4265 3430 4323 εἶναι
3476 4275 3531 4325 ὲν
3571 4272 3639 4340 τῷ
3674 4272 3683 4319 ὶ

2209 4345 2389 4401 λοῦντι
2422 4348 2667 4419 ἔχουσιν
2698 4354 2727 4405 6
2762 4354 2818 4407 δὲ
2845 4355 2905 4408 τὸ
2939 4351 3077 4410 εἶναι
3110 4359 3187 4429 τῷ
3217 4360 3279 4412 ὲκ
3312 4361 3411 4413 τοῦ
3452 4364 3645 4432 Πατρὶς
3674 4378 3690 4426 7

3693 3654 3705 3677 ι

3693 3649 3763 3920 ᾖ

3710 3920 3755 4197 ᾗ

3672 4211 3747 4655 ξ

3658 4744 3689 4782 ξς

3658 4671 3733 5055 ,3

3658 5055 3722 5352 Δ

3658 5138 3662 5147 ›

3658 5340 3664 5352 ι

3658 5352 3712 6101 γ

2215 4529 2295 4599 τῷ
2337 4532 2512 4603 Πατρὶ
2554 4533 2684 4602 ἔχει.
2741 4538 2954 4610 Ταύτην
2996 4537 3087 4595 οὑν
3134 4542 3233 4613 τὴν
3266 4545 3564 4600 ὑπόστασιν
3596 4546 3687 4597 οὑτὲ

2217 4618 2481 4673 ἐκάλεσαν
2513 4624 2563 4674 οὶ
2598 4625 2737 4677 Πατέ
2747 4644 2853 4696 ρες.

2291 4992 2387 5051 ΙΓ’.
2434 4996 2654 5066 Ὅμοιον
2686 4994 2779 5052 οὖν
2805 5000 3030 5072 νοοῦμεν
3051 5004 3141 5055 τὸν
3165 5004 3292 5057 Υἱὸν
3320 5006 3400 5077 τῷ
3431 5008 3612 5076 Πατρῖ,
3634 5023 3657 5053 κ

2222 5092 2399 5145 πάντα
2459 5092 2752 5162 μαχόμενοι
2797 5094 2889 5146 καὶ
2941 5095 3074 5165 πρὸς
3122 5096 3221 5165 τὴν
3278 5096 3663 5167 νῦνὲπιφυςμέ

2200 5258 2259 5322 ut
2316 5248 2711 5322 bgereticorum
2750 5248 3085 5319 disputatio,
3136 5266 3258 5319 quae
3313 5267 3583 5322 perperam
3627 5250 3655 5302 E

2199 5319 2387 5388 plianii
2418 5333 2539 5373 sese
2568 5318 2787 5373 nomine
2834 5318 2889 5373 et
2938 5318 3264 5376 auctoritate
3293 5318 3605 5379 venditabat,
3626 5334 3665 5373 ta

2199 5389 2531 5460 demglongo‘
2577 5388 2861 5443 intervallo
2894 5392 3130 5460 cognita,
3185 5406 3249 5445 ac
3300 5394 3417 5447 suis
3462 5394 3667 5447 auctoril.

2200 5458 2444 5525 reddita,
2509 5457 2692 5512 fucum
2751 5457 3045 5515 lectoribus
3106 5462 3286 5516 facere
3344 5466 3479 5518 tanti
3535 5462 3653 5517 nomi

2199 5530 2378 5597 specie
2420 5544 2483 5582 ac
2521 5528 2871 5587 simulatione
2905 5530 3147 5586 desierit.

2804 5710 2823 5740 ⁸
2855 5708 2981 5762 ibid.
3018 5708 3104 5762 26.
