  <div class='ocr_page' id='page_1' title='image "/cluster/home/n/w/nwhite01/storage/ocr_20150623/42/hvd.32044011752995/216.png"; bbox 0 0 3798 6212; ppageno 0'>
   <div class='ocr_carea' id='block_1_1' title="bbox 69 243 3262 314">
    <p class='ocr_par' dir='ltr' id='par_1_1' title="bbox 69 243 3262 314">
     <span class='ocr_line' id='line_1_1' title="bbox 69 243 3262 314; baseline 0.003 -18"><span class='ocrx_word' id='word_1_1' title='bbox 69 255 149 314; x_wconf 59' lang='lat'><strong>433</strong></span> <span class='ocrx_word' id='word_1_2' title='bbox 626 243 999 302; x_wconf 72' lang='lat' dir='ltr'><strong>ADVERSUS</strong></span> <span class='ocrx_word' id='word_1_3' title='bbox 1038 244 1380 303; x_wconf 65' lang='lat' dir='ltr'><strong>llA‘IllESES</strong></span> <span class='ocrx_word' id='word_1_4' title='bbox 1418 247 1548 303; x_wconf 87' lang='lat' dir='ltr'><strong>LIB.</strong></span> <span class='ocrx_word' id='word_1_5' title='bbox 1589 247 1680 305; x_wconf 79' lang='lat' dir='ltr'><strong>Ill.</strong></span> <span class='ocrx_word' id='word_1_6' title='bbox 1721 248 1888 306; x_wconf 84' lang='lat' dir='ltr'><strong>TOM.</strong></span> <span class='ocrx_word' id='word_1_7' title='bbox 1922 249 1960 304; x_wconf 93' lang='lat' dir='ltr'><strong>l.</strong></span> <span class='ocrx_word' id='word_1_8' title='bbox 1999 280 2064 289; x_wconf 89' lang='lat'>—</span> <span class='ocrx_word' id='word_1_9' title='bbox 2106 249 2381 306; x_wconf 70' lang='lat' dir='ltr'><strong>HAZBES.</strong></span> <span class='ocrx_word' id='word_1_10' title='bbox 2426 250 2654 306; x_wconf 71' lang='lat' dir='ltr'><strong>LXXIII.</strong></span> <span class='ocrx_word' id='word_1_11' title='bbox 3156 248 3262 307; x_wconf 65' lang='lat'><strong>454</strong></span> 
     </span>
    </p>
   </div>
   <div class='ocr_carea' id='block_1_2' title="bbox 68 364 1604 442">
    <p class='ocr_par' dir='ltr' id='par_1_2' title="bbox 68 364 1577 442">
     <span class='ocr_line' id='line_1_2' title="bbox 68 364 1577 442; baseline -0.005 -15"><span class='ocrx_word' id='word_1_12' title='bbox 68 377 138 434; x_wconf 68' lang='lat' dir='ltr'><strong>ml</strong></span> <span class='ocrx_word' id='word_1_13' title='bbox 155 366 461 442; x_wconf 75' lang='grc' dir='ltr'><strong>ὑπαρχούσας</strong></span> <span class='ocrx_word' id='word_1_14' title='bbox 486 365 846 435; x_wconf 77' lang='grc' dir='ltr'>γνωρίσωσιν.</span> <span class='ocrx_word' id='word_1_15' title='bbox 871 366 935 418; x_wconf 86' lang='lat' dir='ltr'><strong>El</strong></span> <span class='ocrx_word' id='word_1_16' title='bbox 951 365 1058 436; x_wconf 82' lang='grc' dir='ltr'><strong>γάρ</strong></span> <span class='ocrx_word' id='word_1_17' title='bbox 1077 364 1291 435; x_wconf 87' lang='grc' dir='ltr'>πνεῦμα</span> <span class='ocrx_word' id='word_1_18' title='bbox 1309 366 1338 418; x_wconf 99' lang='lat'><strong>6</strong></span> <span class='ocrx_word' id='word_1_19' title='bbox 1366 365 1577 437; x_wconf 83' lang='grc' dir='ltr'>Πατὴρ,</span> 
     </span>
    </p>
   </div>
   <div class='ocr_carea' id='block_1_3' title="bbox 1753 364 3260 442">
    <p class='ocr_par' dir='ltr' id='par_1_3' title="bbox 1753 364 3260 434">
     <span class='ocr_line' id='line_1_3' title="bbox 1753 364 3260 434; baseline -0.001 -15"><span class='ocrx_word' id='word_1_20' title='bbox 1753 373 1832 422; x_wconf 85' lang='lat' dir='ltr'><strong>les</strong></span> <span class='ocrx_word' id='word_1_21' title='bbox 1889 365 2254 422; x_wconf 91' lang='lat' dir='ltr'><strong>subsistentes</strong></span> <span class='ocrx_word' id='word_1_22' title='bbox 2301 364 2740 434; x_wconf 80' lang='lat' dir='ltr'><strong>exsistentesque</strong></span> <span class='ocrx_word' id='word_1_23' title='bbox 2795 365 3084 421; x_wconf 70' lang='lat' dir='ltr'><strong>declarent.</strong></span> <span class='ocrx_word' id='word_1_24' title='bbox 3126 365 3260 418; x_wconf 86' lang='lat' dir='ltr'><strong>Nam</strong></span> 
     </span>
    </p>
   </div>
   <div class='ocr_carea' id='block_1_4' title="bbox 69 451 1604 532">
    <p class='ocr_par' dir='ltr' id='par_1_4' title="bbox 69 451 1576 532">
     <span class='ocr_line' id='line_1_4' title="bbox 69 451 1576 532; baseline -0.002 -23"><span class='ocrx_word' id='word_1_25' title='bbox 69 463 238 532; x_wconf 75' lang='grc' dir='ltr'>πνεῦμα</span> <span class='ocrx_word' id='word_1_26' title='bbox 270 455 403 510; x_wconf 79' lang='grc' dir='ltr'>καὶὸ</span> <span class='ocrx_word' id='word_1_27' title='bbox 433 452 582 516; x_wconf 80' lang='grc' dir='ltr'>Υἱὸς,</span> <span class='ocrx_word' id='word_1_28' title='bbox 649 451 867 524; x_wconf 85' lang='grc' dir='ltr'>πνεῦμα</span> <span class='ocrx_word' id='word_1_29' title='bbox 909 453 1003 506; x_wconf 78' lang='grc' dir='ltr'><strong>καὶ</strong></span> <span class='ocrx_word' id='word_1_30' title='bbox 1048 453 1109 506; x_wconf 84' lang='grc' dir='ltr'><strong>τὸ</strong></span> <span class='ocrx_word' id='word_1_31' title='bbox 1147 453 1300 522; x_wconf 73' lang='grc' dir='ltr'>ἅγιον</span> <span class='ocrx_word' id='word_1_32' title='bbox 1333 453 1576 524; x_wconf 79' lang='grc' dir='ltr'><strong>Πνεῦμα,</strong></span> 
     </span>
    </p>
   </div>
   <div class='ocr_carea' id='block_1_5' title="bbox 1753 451 3263 532">
    <p class='ocr_par' dir='ltr' id='par_1_5' title="bbox 1753 453 3263 528">
     <span class='ocr_line' id='line_1_5' title="bbox 1753 453 3263 528; baseline -0.001 -17"><span class='ocrx_word' id='word_1_33' title='bbox 1753 458 1793 511; x_wconf 84' lang='lat' dir='ltr'><strong>si</strong></span> <span class='ocrx_word' id='word_1_34' title='bbox 1839 457 2067 526; x_wconf 76' lang='lat' dir='ltr'><strong>spiritus</strong></span> <span class='ocrx_word' id='word_1_35' title='bbox 2106 455 2267 511; x_wconf 87' lang='lat' dir='ltr'><strong>Pater</strong></span> <span class='ocrx_word' id='word_1_36' title='bbox 2299 462 2403 521; x_wconf 88' lang='lat' dir='ltr'><strong>est,</strong></span> <span class='ocrx_word' id='word_1_37' title='bbox 2446 461 2500 509; x_wconf 92' lang='lat' dir='ltr'><strong>et</strong></span> <span class='ocrx_word' id='word_1_38' title='bbox 2533 453 2705 512; x_wconf 85' lang='lat' dir='ltr'><strong>Filius</strong></span> <span class='ocrx_word' id='word_1_39' title='bbox 2753 457 3000 528; x_wconf 76' lang='lat' dir='ltr'><strong>spiritus,</strong></span> <span class='ocrx_word' id='word_1_40' title='bbox 3035 466 3090 512; x_wconf 88' lang='lat' dir='ltr'><strong>et</strong></span> <span class='ocrx_word' id='word_1_41' title='bbox 3135 457 3263 526; x_wconf 84' lang='lat' dir='ltr'><strong>Spi-</strong></span> 
     </span>
    </p>
   </div>
   <div class='ocr_carea' id='block_1_6' title="bbox 70 543 1604 618">
    <p class='ocr_par' dir='ltr' id='par_1_6' title="bbox 70 543 1576 614">
     <span class='ocr_line' id='line_1_6' title="bbox 70 543 1576 614; baseline -0.005 -9"><span class='ocrx_word' id='word_1_42' title='bbox 70 558 116 610; x_wconf 89' lang='grc' dir='ltr'><strong>οὑ</strong></span> <span class='ocrx_word' id='word_1_43' title='bbox 137 553 301 605; x_wconf 79' lang='grc' dir='ltr'><strong>νοεῖται</strong></span> <span class='ocrx_word' id='word_1_44' title='bbox 321 545 501 614; x_wconf 81' lang='grc' dir='ltr'>Πατὴρ</span> <span class='ocrx_word' id='word_1_45' title='bbox 525 546 554 597; x_wconf 85' lang='grc' dir='ltr'>ὁ</span> <span class='ocrx_word' id='word_1_46' title='bbox 579 543 725 606; x_wconf 86' lang='grc' dir='ltr'>Υἱός.</span> <span class='ocrx_word' id='word_1_47' title='bbox 744 543 1044 614; x_wconf 84' lang='grc' dir='ltr'>Ὺφέστηκε</span> <span class='ocrx_word' id='word_1_48' title='bbox 1070 543 1125 596; x_wconf 79' lang='grc' dir='ltr'>δὲ</span> <span class='ocrx_word' id='word_1_49' title='bbox 1147 544 1240 598; x_wconf 77' lang='grc' dir='ltr'>καὶ</span> <span class='ocrx_word' id='word_1_50' title='bbox 1259 544 1319 596; x_wconf 78' lang='grc' dir='ltr'>τὸ</span> <span class='ocrx_word' id='word_1_51' title='bbox 1332 543 1576 614; x_wconf 78' lang='grc' dir='ltr'><strong>Πνεῦμα,</strong></span> 
     </span>
    </p>
   </div>
   <div class='ocr_carea' id='block_1_7' title="bbox 1753 543 3270 618">
    <p class='ocr_par' dir='ltr' id='par_1_7' title="bbox 1753 546 3270 618">
     <span class='ocr_line' id='line_1_7' title="bbox 1753 546 3270 618; baseline 0.001 -18"><span class='ocrx_word' id='word_1_52' title='bbox 1753 558 1830 604; x_wconf 74' lang='lat' dir='ltr'><strong>Lus</strong></span> <span class='ocrx_word' id='word_1_53' title='bbox 1862 557 2088 605; x_wconf 91' lang='lat' dir='ltr'><strong>sanctus</strong></span> <span class='ocrx_word' id='word_1_54' title='bbox 2121 547 2235 618; x_wconf 89' lang='lat' dir='ltr'><strong>ipse</strong></span> <span class='ocrx_word' id='word_1_55' title='bbox 2264 547 2514 617; x_wconf 83' lang='lat' dir='ltr'><strong>spiritus,</strong></span> <span class='ocrx_word' id='word_1_56' title='bbox 2542 563 2650 602; x_wconf 90' lang='lat' dir='ltr'><strong>non</strong></span> <span class='ocrx_word' id='word_1_57' title='bbox 2684 556 2862 603; x_wconf 85' lang='lat' dir='ltr'><strong>tamen</strong></span> <span class='ocrx_word' id='word_1_58' title='bbox 2890 546 3101 602; x_wconf 83' lang='lat' dir='ltr'><strong>Patrem</strong></span> <span class='ocrx_word' id='word_1_59' title='bbox 3139 563 3270 602; x_wconf 80' lang='lat' dir='ltr'><strong>esse</strong></span> 
     </span>
    </p>
   </div>
   <div class='ocr_carea' id='block_1_8' title="bbox 68 631 1604 709">
    <p class='ocr_par' dir='ltr' id='par_1_8' title="bbox 68 631 1578 702">
     <span class='ocr_line' id='line_1_8' title="bbox 68 631 1578 702; baseline -0.009 -4"><span class='ocrx_word' id='word_1_60' title='bbox 68 646 89 698; x_wconf 85' lang='grc' dir='ltr'><strong>ὃ</strong></span> <span class='ocrx_word' id='word_1_61' title='bbox 123 643 170 696; x_wconf 90' lang='grc' dir='ltr'><strong>οὑ</strong></span> <span class='ocrx_word' id='word_1_62' title='bbox 197 641 371 692; x_wconf 77' lang='grc' dir='ltr'><strong>νοεῖται</strong></span> <span class='ocrx_word' id='word_1_63' title='bbox 406 633 554 698; x_wconf 76' lang='grc' dir='ltr'>Υἱὸς,</span> <span class='ocrx_word' id='word_1_64' title='bbox 608 632 638 685; x_wconf 84' lang='grc' dir='ltr'><strong>ὃ</strong></span> <span class='ocrx_word' id='word_1_65' title='bbox 696 633 789 686; x_wconf 72' lang='grc' dir='ltr'><strong>καὶ</strong></span> <span class='ocrx_word' id='word_1_66' title='bbox 845 632 945 686; x_wconf 87' lang='grc' dir='ltr'><strong>οὑκ</strong></span> <span class='ocrx_word' id='word_1_67' title='bbox 987 631 1101 686; x_wconf 76' lang='grc' dir='ltr'>ἐστι</span> <span class='ocrx_word' id='word_1_68' title='bbox 1134 631 1216 700; x_wconf 79' lang='grc' dir='ltr'>(τὸ</span> <span class='ocrx_word' id='word_1_69' title='bbox 1251 631 1477 702; x_wconf 81' lang='grc' dir='ltr'><strong>Πνεῦμα</strong></span> <span class='ocrx_word' id='word_1_70' title='bbox 1518 631 1578 684; x_wconf 88' lang='grc' dir='ltr'><strong>οὐ</strong></span> 
     </span>
    </p>
   </div>
   <div class='ocr_carea' id='block_1_9' title="bbox 1753 631 3266 709">
    <p class='ocr_par' dir='ltr' id='par_1_9' title="bbox 1758 637 3266 709">
     <span class='ocr_line' id='line_1_9' title="bbox 1758 637 3266 709; baseline -0.001 -16"><span class='ocrx_word' id='word_1_71' title='bbox 1758 639 1887 694; x_wconf 92' lang='lat' dir='ltr'><strong>lium</strong></span> <span class='ocrx_word' id='word_1_72' title='bbox 1935 639 2276 709; x_wconf 83' lang='lat' dir='ltr'><strong>concipimus</strong></span> <span class='ocrx_word' id='word_1_73' title='bbox 2323 639 2526 694; x_wconf 87' lang='lat' dir='ltr'><strong>animo.</strong></span> <span class='ocrx_word' id='word_1_74' title='bbox 2564 637 2707 705; x_wconf 87' lang='lat' dir='ltr'><strong>Quin</strong></span> <span class='ocrx_word' id='word_1_75' title='bbox 2762 647 2816 694; x_wconf 90' lang='lat' dir='ltr'><strong>et</strong></span> <span class='ocrx_word' id='word_1_76' title='bbox 2864 637 3104 709; x_wconf 84' lang='lat' dir='ltr'><strong>Spiritus</strong></span> <span class='ocrx_word' id='word_1_77' title='bbox 3148 639 3266 707; x_wconf 88' lang='lat' dir='ltr'><strong>ipse</strong></span> 
     </span>
    </p>
   </div>
   <div class='ocr_carea' id='block_1_10' title="bbox 71 722 1604 803">
    <p class='ocr_par' dir='ltr' id='par_1_10' title="bbox 71 722 1578 795">
     <span class='ocr_line' id='line_1_10' title="bbox 71 722 1578 795; baseline -0.007 -9"><span class='ocrx_word' id='word_1_78' title='bbox 71 737 225 787; x_wconf 81' lang='grc' dir='ltr'><strong>νοεῖται</strong></span> <span class='ocrx_word' id='word_1_79' title='bbox 245 727 377 790; x_wconf 78' lang='grc' dir='ltr'>Υἱὸς,</span> <span class='ocrx_word' id='word_1_80' title='bbox 416 724 686 794; x_wconf 79' lang='grc' dir='ltr'><strong>ὑφέστηκε</strong></span> <span class='ocrx_word' id='word_1_81' title='bbox 724 724 781 776; x_wconf 73' lang='grc' dir='ltr'>δὲ</span> <span class='ocrx_word' id='word_1_82' title='bbox 808 723 902 777; x_wconf 71' lang='grc' dir='ltr'>καὶ</span> <span class='ocrx_word' id='word_1_83' title='bbox 934 726 994 776; x_wconf 85' lang='grc' dir='ltr'>τὸ</span> <span class='ocrx_word' id='word_1_84' title='bbox 1041 723 1263 795; x_wconf 81' lang='grc' dir='ltr'>Πνεῦμα</span> <span class='ocrx_word' id='word_1_85' title='bbox 1292 722 1354 776; x_wconf 81' lang='grc' dir='ltr'>τὸ</span> <span class='ocrx_word' id='word_1_86' title='bbox 1382 723 1578 793; x_wconf 79' lang='grc' dir='ltr'>ἆγιον).</span> 
     </span>
    </p>
   </div>
   <div class='ocr_carea' id='block_1_11' title="bbox 1753 722 3265 803">
    <p class='ocr_par' dir='ltr' id='par_1_11' title="bbox 1753 730 3265 803">
     <span class='ocr_line' id='line_1_11' title="bbox 1753 730 3265 803; baseline -0.002 -18"><span class='ocrx_word' id='word_1_87' title='bbox 1753 733 1967 796; x_wconf 58' lang='grc' dir='ltr'>ιῢείεῑὶι,</span> <span class='ocrx_word' id='word_1_88' title='bbox 1999 732 2095 803; x_wconf 86' lang='lat' dir='ltr'><strong>qui</strong></span> <span class='ocrx_word' id='word_1_89' title='bbox 2124 747 2469 802; x_wconf 85' lang='lat' dir='ltr'><strong>nequaquam</strong></span> <span class='ocrx_word' id='word_1_90' title='bbox 2498 730 2671 790; x_wconf 82' lang='lat' dir='ltr'><strong>Filius</strong></span> <span class='ocrx_word' id='word_1_91' title='bbox 2702 731 3044 802; x_wconf 79' lang='lat' dir='ltr'><strong>intelligitur,</strong></span> <span class='ocrx_word' id='word_1_92' title='bbox 3078 730 3265 802; x_wconf 81' lang='lat' dir='ltr'><strong>cujus-</strong></span> 
     </span>
    </p>
   </div>
   <div class='ocr_carea' id='block_1_12' title="bbox 68 813 1604 894">
    <p class='ocr_par' dir='ltr' id='par_1_12' title="bbox 68 813 1580 886">
     <span class='ocr_line' id='line_1_12' title="bbox 68 813 1580 886; baseline -0.008 -7"><span class='ocrx_word' id='word_1_93' title='bbox 68 827 152 880; x_wconf 73' lang='grc' dir='ltr'><strong>Καὶ</strong></span> <span class='ocrx_word' id='word_1_94' title='bbox 193 819 354 875; x_wconf 77' lang='grc' dir='ltr'>οὐκέτι</span> <span class='ocrx_word' id='word_1_95' title='bbox 406 817 466 870; x_wconf 85' lang='grc' dir='ltr'><strong>τδ</strong></span> <span class='ocrx_word' id='word_1_96' title='bbox 523 815 746 886; x_wconf 84' lang='grc' dir='ltr'>Πνεῦμα</span> <span class='ocrx_word' id='word_1_97' title='bbox 797 815 859 869; x_wconf 87' lang='grc' dir='ltr'><strong>τὸ</strong></span> <span class='ocrx_word' id='word_1_98' title='bbox 903 815 1087 884; x_wconf 73' lang='grc' dir='ltr'>ἅγιον,</span> <span class='ocrx_word' id='word_1_99' title='bbox 1119 816 1240 869; x_wconf 79' lang='grc' dir='ltr'>οὐδὲ</span> <span class='ocrx_word' id='word_1_100' title='bbox 1299 817 1329 869; x_wconf 87' lang='lat'><strong>6</strong></span> <span class='ocrx_word' id='word_1_101' title='bbox 1368 813 1580 886; x_wconf 81' lang='grc' dir='ltr'>Πατὴρ,</span> 
     </span>
    </p>
   </div>
   <div class='ocr_carea' id='block_1_13' title="bbox 1753 813 3268 894">
    <p class='ocr_par' dir='ltr' id='par_1_13' title="bbox 1753 822 3268 894">
     <span class='ocr_line' id='line_1_13' title="bbox 1753 822 3268 894; baseline -0.001 -18"><span class='ocrx_word' id='word_1_102' title='bbox 1753 823 1838 878; x_wconf 93' lang='lat' dir='ltr'><strong>odi</strong></span> <span class='ocrx_word' id='word_1_103' title='bbox 1885 839 1995 879; x_wconf 89' lang='lat' dir='ltr'><strong>non</strong></span> <span class='ocrx_word' id='word_1_104' title='bbox 2045 831 2150 887; x_wconf 90' lang='lat' dir='ltr'><strong>est,</strong></span> <span class='ocrx_word' id='word_1_105' title='bbox 2201 822 2297 878; x_wconf 90' lang='lat' dir='ltr'><strong>sed</strong></span> <span class='ocrx_word' id='word_1_106' title='bbox 2337 839 2433 894; x_wconf 88' lang='lat' dir='ltr'><strong>per</strong></span> <span class='ocrx_word' id='word_1_107' title='bbox 2472 823 2714 894; x_wconf 88' lang='lat' dir='ltr'><strong>seipsum</strong></span> <span class='ocrx_word' id='word_1_108' title='bbox 2759 823 2996 893; x_wconf 88' lang='lat' dir='ltr'><strong>Spiritus</strong></span> <span class='ocrx_word' id='word_1_109' title='bbox 3043 829 3268 878; x_wconf 87' lang='lat' dir='ltr'><strong>sanctus</strong></span> 
     </span>
    </p>
   </div>
   <div class='ocr_carea' id='block_1_14' title="bbox 67 903 1604 982">
    <p class='ocr_par' dir='ltr' id='par_1_14' title="bbox 67 903 1583 978">
     <span class='ocr_line' id='line_1_14' title="bbox 67 903 1583 978; baseline -0.008 -7"><span class='ocrx_word' id='word_1_110' title='bbox 67 910 157 972; x_wconf 70' lang='grc' dir='ltr'>οὑδὲ</span> <span class='ocrx_word' id='word_1_111' title='bbox 193 916 218 967; x_wconf 90' lang='lat'><strong>6</strong></span> <span class='ocrx_word' id='word_1_112' title='bbox 263 911 413 974; x_wconf 79' lang='grc' dir='ltr'>Υἱὸς,</span> <span class='ocrx_word' id='word_1_113' title='bbox 453 907 591 962; x_wconf 84' lang='grc' dir='ltr'><strong>ἀλλά</strong></span> <span class='ocrx_word' id='word_1_114' title='bbox 636 908 864 978; x_wconf 78' lang='grc' dir='ltr'>Πνεῦμα</span> <span class='ocrx_word' id='word_1_115' title='bbox 907 907 1062 976; x_wconf 76' lang='grc' dir='ltr'>ἅγιον</span> <span class='ocrx_word' id='word_1_116' title='bbox 1120 903 1461 978; x_wconf 81' lang='grc' dir='ltr'>ὲκ’Πατρὸς,</span> <span class='ocrx_word' id='word_1_117' title='bbox 1516 906 1583 960; x_wconf 87' lang='grc' dir='ltr'>δι’</span> 
     </span>
    </p>
   </div>
   <div class='ocr_carea' id='block_1_15' title="bbox 1753 903 3270 982">
    <p class='ocr_par' dir='ltr' id='par_1_15' title="bbox 1753 909 3270 982">
     <span class='ocr_line' id='line_1_15' title="bbox 1753 909 3270 982; baseline -0.004 -16"><span class='ocrx_word' id='word_1_118' title='bbox 1753 927 1784 966; x_wconf 91' lang='lat' dir='ltr'><strong>e</strong></span> <span class='ocrx_word' id='word_1_119' title='bbox 1833 911 2104 968; x_wconf 84' lang='lat' dir='ltr'><strong>subsistit.</strong></span> <span class='ocrx_word' id='word_1_120' title='bbox 2153 909 2255 966; x_wconf 79' lang='lat' dir='ltr'><strong>llic</strong></span> <span class='ocrx_word' id='word_1_121' title='bbox 2292 911 2440 966; x_wconf 86' lang='lat' dir='ltr'><strong>enim</strong></span> <span class='ocrx_word' id='word_1_122' title='bbox 2489 926 2670 982; x_wconf 85' lang='lat' dir='ltr'><strong>neque</strong></span> <span class='ocrx_word' id='word_1_123' title='bbox 2720 909 2880 966; x_wconf 89' lang='lat' dir='ltr'><strong>Pater</strong></span> <span class='ocrx_word' id='word_1_124' title='bbox 2932 918 3038 975; x_wconf 88' lang='lat' dir='ltr'><strong>est,</strong></span> <span class='ocrx_word' id='word_1_125' title='bbox 3091 923 3270 978; x_wconf 86' lang='lat' dir='ltr'><strong>neque</strong></span> 
     </span>
    </p>
   </div>
   <div class='ocr_carea' id='block_1_16' title="bbox 67 999 1604 1073">
    <p class='ocr_par' dir='ltr' id='par_1_16' title="bbox 67 999 1586 1071">
     <span class='ocr_line' id='line_1_16' title="bbox 67 999 1586 1071; baseline -0.008 -7"><span class='ocrx_word' id='word_1_126' title='bbox 67 1007 169 1064; x_wconf 75' lang='grc' dir='ltr'>Υίοῦ</span> <span class='ocrx_word' id='word_1_127' title='bbox 226 1004 420 1065; x_wconf 82' lang='grc' dir='ltr'><strong>πιστοῖς</strong></span> <span class='ocrx_word' id='word_1_128' title='bbox 471 1000 769 1071; x_wconf 85' lang='grc' dir='ltr'><strong>διδόμενον.</strong></span> <span class='ocrx_word' id='word_1_129' title='bbox 834 1000 1073 1064; x_wconf 74' lang='grc' dir='ltr'>Εἰκότως</span> <span class='ocrx_word' id='word_1_130' title='bbox 1125 999 1433 1069; x_wconf 85' lang='grc' dir='ltr'>ὑφεστῶτος</span> <span class='ocrx_word' id='word_1_131' title='bbox 1491 1001 1586 1054; x_wconf 77' lang='grc' dir='ltr'><strong>καὶ</strong></span> 
     </span>
    </p>
   </div>
   <div class='ocr_carea' id='block_1_17' title="bbox 1753 999 3268 1073">
    <p class='ocr_par' dir='ltr' id='par_1_17' title="bbox 1753 999 3268 1073">
     <span class='ocr_line' id='line_1_17' title="bbox 1753 999 3268 1073; baseline -0.004 -16"><span class='ocrx_word' id='word_1_132' title='bbox 1753 1003 1904 1067; x_wconf 86' lang='lat' dir='ltr'><strong>lius.</strong></span> <span class='ocrx_word' id='word_1_133' title='bbox 1963 1003 2058 1059; x_wconf 87' lang='lat' dir='ltr'><strong>sed</strong></span> <span class='ocrx_word' id='word_1_134' title='bbox 2119 1001 2356 1073; x_wconf 88' lang='lat' dir='ltr'><strong>Spiritus</strong></span> <span class='ocrx_word' id='word_1_135' title='bbox 2410 1011 2655 1069; x_wconf 89' lang='lat' dir='ltr'><strong>sanctus,</strong></span> <span class='ocrx_word' id='word_1_136' title='bbox 2710 1016 2870 1070; x_wconf 87' lang='lat' dir='ltr'><strong>quem</strong></span> <span class='ocrx_word' id='word_1_137' title='bbox 2919 1015 3015 1071; x_wconf 86' lang='lat' dir='ltr'><strong>per</strong></span> <span class='ocrx_word' id='word_1_138' title='bbox 3070 999 3268 1054; x_wconf 89' lang='lat' dir='ltr'><strong>Filium</strong></span> 
     </span>
    </p>
   </div>
   <div class='ocr_carea' id='block_1_18' title="bbox 1693 1093 3274 1168">
    <p class='ocr_par' dir='ltr' id='par_1_18' title="bbox 1693 1093 3274 1168">
     <span class='ocr_line' id='line_1_18' title="bbox 1693 1093 3274 1168; baseline -0.001 -18"><span class='ocrx_word' id='word_1_139' title='bbox 1693 1095 1855 1152; x_wconf 85' lang='lat' dir='ltr'><strong>Pater</strong></span> <span class='ocrx_word' id='word_1_140' title='bbox 1884 1095 2137 1153; x_wconf 73' lang='lat' dir='ltr'><strong>fidelibus</strong></span> <span class='ocrx_word' id='word_1_141' title='bbox 2166 1095 2417 1168; x_wconf 76' lang='lat' dir='ltr'><strong>largitur.</strong></span> <span class='ocrx_word' id='word_1_142' title='bbox 2464 1094 2645 1162; x_wconf 82' lang='lat' dir='ltr'><strong>Quare</strong></span> <span class='ocrx_word' id='word_1_143' title='bbox 2689 1094 2886 1150; x_wconf 90' lang='lat' dir='ltr'><strong>merito</strong></span> <span class='ocrx_word' id='word_1_144' title='bbox 2921 1093 3274 1150; x_wconf 89' lang='lat' dir='ltr'><strong>subsistentis</strong></span> 
     </span>
    </p>
   </div>
   <div class='ocr_carea' id='block_1_19' title="bbox 1694 1172 3276 1258">
    <p class='ocr_par' dir='ltr' id='par_1_19' title="bbox 1694 1172 3276 1258">
     <span class='ocr_line' id='line_1_19' title="bbox 1694 1172 3276 1258; baseline -0.004 -13"><span class='ocrx_word' id='word_1_145' title='bbox 1694 1172 2121 1258; x_wconf 67' lang='lat' dir='ltr'><strong>exsistentisque</strong></span> <span class='ocrx_word' id='word_1_146' title='bbox 2165 1187 2367 1252; x_wconf 90' lang='lat' dir='ltr'><strong>Patris,</strong></span> <span class='ocrx_word' id='word_1_147' title='bbox 2402 1201 2466 1241; x_wconf 87' lang='lat' dir='ltr'><strong>ac</strong></span> <span class='ocrx_word' id='word_1_148' title='bbox 2514 1185 2675 1253; x_wconf 89' lang='lat' dir='ltr'><strong>Filii,</strong></span> <span class='ocrx_word' id='word_1_149' title='bbox 2717 1193 2771 1242; x_wconf 92' lang='lat' dir='ltr'><strong>et</strong></span> <span class='ocrx_word' id='word_1_150' title='bbox 2805 1183 3046 1255; x_wconf 86' lang='lat' dir='ltr'><strong>Spiritus</strong></span> <span class='ocrx_word' id='word_1_151' title='bbox 3092 1184 3276 1240; x_wconf 89' lang='lat' dir='ltr'><strong>sancti</strong></span> 
     </span>
    </p>
   </div>
   <div class='ocr_carea' id='block_1_20' title="bbox 1695 1277 3274 1352">
    <p class='ocr_par' dir='ltr' id='par_1_20' title="bbox 1695 1277 3274 1352">
     <span class='ocr_line' id='line_1_20' title="bbox 1695 1277 3274 1352; baseline -0.004 -16"><span class='ocrx_word' id='word_1_152' title='bbox 1695 1279 2087 1352; x_wconf 80' lang='lat' dir='ltr'><strong>proprietates,</strong></span> <span class='ocrx_word' id='word_1_153' title='bbox 2123 1285 2184 1335; x_wconf 88' lang='lat' dir='ltr'><strong>ut</strong></span> <span class='ocrx_word' id='word_1_154' title='bbox 2233 1277 2504 1342; x_wconf 77' lang='lat' dir='ltr'><strong>diximus,</strong></span> <span class='ocrx_word' id='word_1_155' title='bbox 2552 1277 2974 1334; x_wconf 88' lang='lat' dir='ltr'><strong>subsistentium</strong></span> <span class='ocrx_word' id='word_1_156' title='bbox 3013 1291 3274 1347; x_wconf 86' lang='lat' dir='ltr'><strong>persona-</strong></span> 
     </span>
    </p>
   </div>
   <div class='ocr_carea' id='block_1_21' title="bbox 1696 1368 3278 1443">
    <p class='ocr_par' dir='ltr' id='par_1_21' title="bbox 1696 1368 3278 1443">
     <span class='ocr_line' id='line_1_21' title="bbox 1696 1368 3278 1443; baseline -0.004 -16"><span class='ocrx_word' id='word_1_157' title='bbox 1696 1387 1819 1427; x_wconf 86' lang='lat' dir='ltr'><strong>rum</strong></span> <span class='ocrx_word' id='word_1_158' title='bbox 1858 1371 2186 1443; x_wconf 83' lang='lat' dir='ltr'><strong>hypostases</strong></span> <span class='ocrx_word' id='word_1_159' title='bbox 2217 1368 2526 1426; x_wconf 86' lang='lat' dir='ltr'><strong>Orientales</strong></span> <span class='ocrx_word' id='word_1_160' title='bbox 2571 1368 2878 1432; x_wconf 90' lang='lat' dir='ltr'><strong>nominant,</strong></span> <span class='ocrx_word' id='word_1_161' title='bbox 2914 1383 3024 1423; x_wconf 89' lang='lat' dir='ltr'><strong>non</strong></span> <span class='ocrx_word' id='word_1_162' title='bbox 3068 1375 3128 1422; x_wconf 90' lang='lat' dir='ltr'><strong>ut</strong></span> <span class='ocrx_word' id='word_1_163' title='bbox 3159 1375 3278 1422; x_wconf 86' lang='lat' dir='ltr'><strong>tres</strong></span> 
     </span>
    </p>
   </div>
   <div class='ocr_carea' id='block_1_22' title="bbox 1699 1461 3278 1534">
    <p class='ocr_par' dir='ltr' id='par_1_22' title="bbox 1699 1461 3278 1534">
     <span class='ocr_line' id='line_1_22' title="bbox 1699 1461 3278 1534; baseline -0.003 -16"><span class='ocrx_word' id='word_1_164' title='bbox 1699 1465 1823 1519; x_wconf 87' lang='lat' dir='ltr'><strong>illas</strong></span> <span class='ocrx_word' id='word_1_165' title='bbox 1875 1463 2202 1534; x_wconf 82' lang='lat' dir='ltr'><strong>hypostases</strong></span> <span class='ocrx_word' id='word_1_166' title='bbox 2238 1461 2344 1515; x_wconf 88' lang='lat' dir='ltr'><strong>tria</strong></span> <span class='ocrx_word' id='word_1_167' title='bbox 2393 1461 2684 1532; x_wconf 89' lang='lat' dir='ltr'><strong>principia,</strong></span> <span class='ocrx_word' id='word_1_168' title='bbox 2736 1470 2920 1516; x_wconf 78' lang='lat' dir='ltr'><strong>tresve</strong></span> <span class='ocrx_word' id='word_1_169' title='bbox 2966 1461 3099 1517; x_wconf 90' lang='lat' dir='ltr'><strong>deos</strong></span> <span class='ocrx_word' id='word_1_170' title='bbox 3153 1474 3278 1516; x_wconf 84' lang='lat' dir='ltr'><strong>esse</strong></span> 
     </span>
    </p>
   </div>
   <div class='ocr_carea' id='block_1_23' title="bbox 65 1550 1604 1625">
    <p class='ocr_par' dir='ltr' id='par_1_23' title="bbox 65 1550 1592 1623">
     <span class='ocr_line' id='line_1_23' title="bbox 65 1550 1592 1623; baseline -0.003 -15"><span class='ocrx_word' id='word_1_171' title='bbox 65 1553 200 1616; x_wconf 83' lang='grc' dir='ltr'>θεοὺς.</span> <span class='ocrx_word' id='word_1_172' title='bbox 245 1552 373 1605; x_wconf 84' lang='grc' dir='ltr'>Ἀλλ’</span> <span class='ocrx_word' id='word_1_173' title='bbox 399 1552 522 1604; x_wconf 76' lang='grc' dir='ltr'>οὐδὲ</span> <span class='ocrx_word' id='word_1_174' title='bbox 564 1552 786 1623; x_wconf 80' lang='grc' dir='ltr'><strong>Πατέρα</strong></span> <span class='ocrx_word' id='word_1_175' title='bbox 829 1551 921 1605; x_wconf 80' lang='grc' dir='ltr'><strong>καὶ</strong></span> <span class='ocrx_word' id='word_1_176' title='bbox 952 1551 1076 1604; x_wconf 83' lang='grc' dir='ltr'>Υἱὸν</span> <span class='ocrx_word' id='word_1_177' title='bbox 1111 1551 1202 1604; x_wconf 77' lang='grc' dir='ltr'><strong>δύο</strong></span> <span class='ocrx_word' id='word_1_178' title='bbox 1226 1551 1382 1614; x_wconf 86' lang='grc' dir='ltr'>θεοὺς</span> <span class='ocrx_word' id='word_1_179' title='bbox 1407 1550 1592 1620; x_wconf 84' lang='grc' dir='ltr'>λέγου-</span> 
     </span>
    </p>
   </div>
   <div class='ocr_carea' id='block_1_24' title="bbox 1753 1550 3280 1625">
    <p class='ocr_par' dir='ltr' id='par_1_24' title="bbox 1753 1553 3280 1625">
     <span class='ocr_line' id='line_1_24' title="bbox 1753 1553 3280 1625; baseline -0.001 -15"><span class='ocrx_word' id='word_1_180' title='bbox 1753 1563 1910 1612; x_wconf 81' lang='lat' dir='ltr'><strong>.cant.</strong></span> <span class='ocrx_word' id='word_1_181' title='bbox 1966 1553 2102 1610; x_wconf 80' lang='lat' dir='ltr'><strong>Nam</strong></span> <span class='ocrx_word' id='word_1_182' title='bbox 2155 1568 2249 1610; x_wconf 87' lang='lat' dir='ltr'><strong>eos</strong></span> <span class='ocrx_word' id='word_1_183' title='bbox 2282 1554 2630 1611; x_wconf 84' lang='lat' dir='ltr'><strong>anathemate</strong></span> <span class='ocrx_word' id='word_1_184' title='bbox 2684 1553 2979 1618; x_wconf 84' lang='lat' dir='ltr'><strong>damnant,</strong></span> <span class='ocrx_word' id='word_1_185' title='bbox 3011 1555 3106 1625; x_wconf 91' lang='lat' dir='ltr'><strong>qui</strong></span> <span class='ocrx_word' id='word_1_186' title='bbox 3168 1565 3280 1609; x_wconf 87' lang='lat' dir='ltr'><strong>tres</strong></span> 
     </span>
    </p>
   </div>
   <div class='ocr_carea' id='block_1_25' title="bbox 67 1639 1604 1717">
    <p class='ocr_par' dir='ltr' id='par_1_25' title="bbox 67 1639 1592 1715">
     <span class='ocr_line' id='line_1_25' title="bbox 67 1639 1592 1715; baseline -0.003 -15"><span class='ocrx_word' id='word_1_187' title='bbox 67 1664 146 1700; x_wconf 88' lang='grc' dir='ltr'>σιν.</span> <span class='ocrx_word' id='word_1_188' title='bbox 188 1643 519 1715; x_wconf 81' lang='grc' dir='ltr'>Ὀμολογοῦσι</span> <span class='ocrx_word' id='word_1_189' title='bbox 568 1644 677 1714; x_wconf 83' lang='grc' dir='ltr'><strong>γὰρ</strong></span> <span class='ocrx_word' id='word_1_190' title='bbox 722 1643 848 1714; x_wconf 89' lang='grc' dir='ltr'>μίαν</span> <span class='ocrx_word' id='word_1_191' title='bbox 891 1639 1028 1697; x_wconf 84' lang='grc' dir='ltr'>εἶναι</span> <span class='ocrx_word' id='word_1_192' title='bbox 1054 1643 1302 1714; x_wconf 78' lang='grc' dir='ltr'>Θεότητα,</span> <span class='ocrx_word' id='word_1_193' title='bbox 1363 1643 1592 1714; x_wconf 84' lang='grc' dir='ltr'>ἐμπερι-</span> 
     </span>
    </p>
   </div>
   <div class='ocr_carea' id='block_1_26' title="bbox 1753 1639 3280 1717">
    <p class='ocr_par' dir='ltr' id='par_1_26' title="bbox 1753 1644 3280 1717">
     <span class='ocr_line' id='line_1_26' title="bbox 1753 1644 3280 1717; baseline -0.003 -12"><span class='ocrx_word' id='word_1_194' title='bbox 1753 1663 1834 1705; x_wconf 62' lang='lat' dir='ltr'><strong>sos</strong></span> <span class='ocrx_word' id='word_1_195' title='bbox 1859 1653 2136 1704; x_wconf 88' lang='lat' dir='ltr'><strong>asserunt.</strong></span> <span class='ocrx_word' id='word_1_196' title='bbox 2167 1644 2357 1717; x_wconf 82' lang='lat' dir='ltr'><strong>Neque</strong></span> <span class='ocrx_word' id='word_1_197' title='bbox 2387 1660 2516 1702; x_wconf 88' lang='lat' dir='ltr'><strong>vero</strong></span> <span class='ocrx_word' id='word_1_198' title='bbox 2550 1645 2766 1702; x_wconf 89' lang='lat' dir='ltr'><strong>Patrem</strong></span> <span class='ocrx_word' id='word_1_199' title='bbox 2811 1654 2867 1702; x_wconf 89' lang='lat' dir='ltr'><strong>et</strong></span> <span class='ocrx_word' id='word_1_200' title='bbox 2912 1645 3106 1701; x_wconf 87' lang='lat' dir='ltr'><strong>Filium</strong></span> <span class='ocrx_word' id='word_1_201' title='bbox 3139 1645 3280 1701; x_wconf 88' lang='lat' dir='ltr'><strong>duos</strong></span> 
     </span>
    </p>
   </div>
   <div class='ocr_carea' id='block_1_27' title="bbox 67 1732 1604 1807">
    <p class='ocr_par' dir='ltr' id='par_1_27' title="bbox 67 1732 1598 1807">
     <span class='ocr_line' id='line_1_27' title="bbox 67 1732 1598 1807; baseline -0.004 -17"><span class='ocrx_word' id='word_1_202' title='bbox 67 1739 254 1807; x_wconf 71' lang='grc' dir='ltr'>ἔχουσαν</span> <span class='ocrx_word' id='word_1_203' title='bbox 302 1735 367 1788; x_wconf 82' lang='grc' dir='ltr'>δι’</span> <span class='ocrx_word' id='word_1_204' title='bbox 397 1734 530 1788; x_wconf 82' lang='grc' dir='ltr'>Υίοῦ</span> <span class='ocrx_word' id='word_1_205' title='bbox 556 1735 616 1788; x_wconf 83' lang='grc' dir='ltr'>ὲν</span> <span class='ocrx_word' id='word_1_206' title='bbox 658 1733 937 1804; x_wconf 84' lang='grc' dir='ltr'>Πνεύματι</span> <span class='ocrx_word' id='word_1_207' title='bbox 973 1733 1113 1804; x_wconf 82' lang='grc' dir='ltr'>ἁγίῳ</span> <span class='ocrx_word' id='word_1_208' title='bbox 1136 1733 1206 1786; x_wconf 83' lang='grc' dir='ltr'>τὰ</span> <span class='ocrx_word' id='word_1_209' title='bbox 1235 1732 1435 1797; x_wconf 84' lang='grc' dir='ltr'>πάντα,</span> <span class='ocrx_word' id='word_1_210' title='bbox 1470 1734 1598 1802; x_wconf 86' lang='grc' dir='ltr'>ὁμο-</span> 
     </span>
    </p>
   </div>
   <div class='ocr_carea' id='block_1_28' title="bbox 1753 1732 3282 1807">
    <p class='ocr_par' dir='ltr' id='par_1_28' title="bbox 1753 1736 3282 1795">
     <span class='ocr_line' id='line_1_28' title="bbox 1753 1736 3282 1795; baseline -0.002 -1"><span class='ocrx_word' id='word_1_211' title='bbox 1753 1754 1828 1795; x_wconf 73' lang='grc' dir='ltr'><strong>ιεε</strong></span> <span class='ocrx_word' id='word_1_212' title='bbox 1863 1738 1996 1794; x_wconf 90' lang='lat' dir='ltr'><strong>deos</strong></span> <span class='ocrx_word' id='word_1_213' title='bbox 2039 1738 2248 1793; x_wconf 90' lang='lat' dir='ltr'><strong>dicunt.</strong></span> <span class='ocrx_word' id='word_1_214' title='bbox 2294 1736 2408 1792; x_wconf 85' lang='lat' dir='ltr'><strong>Hoc</strong></span> <span class='ocrx_word' id='word_1_215' title='bbox 2445 1737 2590 1792; x_wconf 90' lang='lat' dir='ltr'><strong>enim</strong></span> <span class='ocrx_word' id='word_1_216' title='bbox 2642 1737 2926 1792; x_wconf 84' lang='lat' dir='ltr'><strong>fatentur:</strong></span> <span class='ocrx_word' id='word_1_217' title='bbox 2968 1752 3132 1792; x_wconf 90' lang='lat' dir='ltr'><strong>unam</strong></span> <span class='ocrx_word' id='word_1_218' title='bbox 3162 1752 3282 1792; x_wconf 90' lang='lat' dir='ltr'><strong>esse</strong></span> 
     </span>
    </p>
   </div>
   <div class='ocr_carea' id='block_1_29' title="bbox 64 1803 1604 1900">
    <p class='ocr_par' dir='ltr' id='par_1_29' title="bbox 64 1803 1597 1897">
     <span class='ocr_line' id='line_1_29' title="bbox 64 1803 1597 1897; baseline -0.002 -18"><span class='ocrx_word' id='word_1_219' title='bbox 64 1803 241 1896; x_wconf 77' lang='grc' dir='ltr'>λογοῦσι</span> <span class='ocrx_word' id='word_1_220' title='bbox 270 1826 393 1897; x_wconf 87' lang='grc' dir='ltr'>μίαν</span> <span class='ocrx_word' id='word_1_221' title='bbox 419 1825 671 1897; x_wconf 85' lang='grc' dir='ltr'>θεότητα,</span> <span class='ocrx_word' id='word_1_222' title='bbox 708 1803 815 1879; x_wconf 68' lang='grc' dir='ltr'><strong>και</strong></span> <span class='ocrx_word' id='word_1_223' title='bbox 846 1826 973 1896; x_wconf 89' lang='grc' dir='ltr'>μίαν</span> <span class='ocrx_word' id='word_1_224' title='bbox 1015 1803 1310 1895; x_wconf 83' lang='grc' dir='ltr'>βασιλείαν,</span> <span class='ocrx_word' id='word_1_225' title='bbox 1341 1824 1432 1877; x_wconf 74' lang='grc' dir='ltr'>καὶ</span> <span class='ocrx_word' id='word_1_226' title='bbox 1468 1822 1597 1894; x_wconf 90' lang='grc' dir='ltr'>μίαν</span> 
     </span>
    </p>
   </div>
   <div class='ocr_carea' id='block_1_30' title="bbox 1753 1803 3281 1900">
    <p class='ocr_par' dir='ltr' id='par_1_30' title="bbox 1753 1825 3281 1900">
     <span class='ocr_line' id='line_1_30' title="bbox 1753 1825 3281 1900; baseline -0.003 -18"><span class='ocrx_word' id='word_1_227' title='bbox 1753 1830 2063 1894; x_wconf 47' lang='grc' dir='ltr'>ηνίηἱιοιεω,</span> <span class='ocrx_word' id='word_1_228' title='bbox 2095 1844 2215 1900; x_wconf 84' lang='lat' dir='ltr'><strong>quae</strong></span> <span class='ocrx_word' id='word_1_229' title='bbox 2245 1843 2342 1898; x_wconf 88' lang='lat' dir='ltr'><strong>per</strong></span> <span class='ocrx_word' id='word_1_230' title='bbox 2366 1825 2567 1882; x_wconf 88' lang='lat' dir='ltr'><strong>Filium</strong></span> <span class='ocrx_word' id='word_1_231' title='bbox 2601 1829 2656 1883; x_wconf 92' lang='lat' dir='ltr'><strong>in</strong></span> <span class='ocrx_word' id='word_1_232' title='bbox 2685 1827 2892 1898; x_wconf 90' lang='lat' dir='ltr'><strong>Spiritu</strong></span> <span class='ocrx_word' id='word_1_233' title='bbox 2923 1836 3114 1883; x_wconf 89' lang='lat' dir='ltr'><strong>sancto</strong></span> <span class='ocrx_word' id='word_1_234' title='bbox 3144 1841 3281 1882; x_wconf 58' lang='lat' dir='ltr'><strong>con.</strong></span> 
     </span>
    </p>
   </div>
   <div class='ocr_carea' id='block_1_31' title="bbox 64 1913 1604 1990">
    <p class='ocr_par' dir='ltr' id='par_1_31' title="bbox 64 1913 1600 1988">
     <span class='ocr_line' id='line_1_31' title="bbox 64 1913 1600 1988; baseline -0.004 -17"><span class='ocrx_word' id='word_1_235' title='bbox 64 1917 224 1988; x_wconf 75' lang='grc' dir='ltr'>ἀρχήν.</span> <span class='ocrx_word' id='word_1_236' title='bbox 255 1915 438 1985; x_wconf 87' lang='grc' dir='ltr'>Ὅμως</span> <span class='ocrx_word' id='word_1_237' title='bbox 468 1914 539 1968; x_wconf 86' lang='grc' dir='ltr'>τὰ</span> <span class='ocrx_word' id='word_1_238' title='bbox 563 1914 827 1987; x_wconf 84' lang='grc' dir='ltr'>πρόσωπα</span> <span class='ocrx_word' id='word_1_239' title='bbox 852 1916 909 1968; x_wconf 79' lang='grc' dir='ltr'>ὲν</span> <span class='ocrx_word' id='word_1_240' title='bbox 932 1915 1052 1978; x_wconf 91' lang='grc' dir='ltr'>ταῖς</span> <span class='ocrx_word' id='word_1_241' title='bbox 1083 1913 1305 1985; x_wconf 75' lang='grc' dir='ltr'><strong>ἰδιότησι</strong></span> <span class='ocrx_word' id='word_1_242' title='bbox 1337 1913 1444 1966; x_wconf 91' lang='grc' dir='ltr'><strong>τῶν</strong></span> <span class='ocrx_word' id='word_1_243' title='bbox 1466 1913 1600 1965; x_wconf 87' lang='grc' dir='ltr'>ὑπο-</span> 
     </span>
    </p>
   </div>
   <div class='ocr_carea' id='block_1_32' title="bbox 1753 1913 3287 1990">
    <p class='ocr_par' dir='ltr' id='par_1_32' title="bbox 1753 1919 3287 1990">
     <span class='ocr_line' id='line_1_32' title="bbox 1753 1919 3287 1990; baseline 0 -16"><span class='ocrx_word' id='word_1_244' title='bbox 1753 1930 1872 1976; x_wconf 88' lang='lat' dir='ltr'><strong>ueat</strong></span> <span class='ocrx_word' id='word_1_245' title='bbox 1900 1919 2155 1976; x_wconf 88' lang='lat' dir='ltr'><strong>universa</strong></span> <span class='ocrx_word' id='word_1_246' title='bbox 2181 1938 2196 1987; x_wconf 87' lang='lat'><strong>;</strong></span> <span class='ocrx_word' id='word_1_247' title='bbox 2227 1934 2414 1984; x_wconf 89' lang='lat' dir='ltr'><strong>unam,</strong></span> <span class='ocrx_word' id='word_1_248' title='bbox 2441 1919 2690 1990; x_wconf 83' lang='lat' dir='ltr'><strong>inquam,</strong></span> <span class='ocrx_word' id='word_1_249' title='bbox 2716 1919 3085 1980; x_wconf 85' lang='lat' dir='ltr'><strong>divinitatem.</strong></span> <span class='ocrx_word' id='word_1_250' title='bbox 3112 1934 3287 1981; x_wconf 80' lang='lat' dir='ltr'><strong>unum</strong></span> 
     </span>
    </p>
   </div>
   <div class='ocr_carea' id='block_1_33' title="bbox 66 2004 1604 2084">
    <p class='ocr_par' dir='ltr' id='par_1_33' title="bbox 66 2004 1600 2077">
     <span class='ocr_line' id='line_1_33' title="bbox 66 2004 1600 2077; baseline -0.004 -15"><span class='ocrx_word' id='word_1_251' title='bbox 66 2009 265 2064; x_wconf 70' lang='grc' dir='ltr'>στάπων</span> <span class='ocrx_word' id='word_1_252' title='bbox 294 2005 532 2070; x_wconf 76' lang='grc' dir='ltr'>εὐσεϐῶς</span> <span class='ocrx_word' id='word_1_253' title='bbox 559 2004 906 2076; x_wconf 73' lang='grc' dir='ltr'><strong>γνωρίζουσι,</strong></span> <span class='ocrx_word' id='word_1_254' title='bbox 931 2006 1023 2061; x_wconf 80' lang='grc' dir='ltr'><strong>τὸν</strong></span> <span class='ocrx_word' id='word_1_255' title='bbox 1055 2005 1274 2077; x_wconf 81' lang='grc' dir='ltr'><strong>Πατέρα</strong></span> <span class='ocrx_word' id='word_1_256' title='bbox 1301 2008 1359 2059; x_wconf 79' lang='grc' dir='ltr'>ἐν</span> <span class='ocrx_word' id='word_1_257' title='bbox 1387 2007 1452 2076; x_wconf 84' lang='grc' dir='ltr'>τῇ</span> <span class='ocrx_word' id='word_1_258' title='bbox 1493 2020 1600 2057; x_wconf 88' lang='grc' dir='ltr'>πα-</span> 
     </span>
    </p>
   </div>
   <div class='ocr_carea' id='block_1_34' title="bbox 1753 2004 3282 2084">
    <p class='ocr_par' dir='ltr' id='par_1_34' title="bbox 1753 2009 3282 2084">
     <span class='ocr_line' id='line_1_34' title="bbox 1753 2009 3282 2084; baseline -0.001 -19"><span class='ocrx_word' id='word_1_259' title='bbox 1753 2027 1930 2084; x_wconf 67' lang='grc' dir='ltr'>ιεηιιηι</span> <span class='ocrx_word' id='word_1_260' title='bbox 1997 2020 2162 2082; x_wconf 88' lang='lat' dir='ltr'><strong>atque</strong></span> <span class='ocrx_word' id='word_1_261' title='bbox 2202 2027 2371 2067; x_wconf 89' lang='lat' dir='ltr'><strong>unum</strong></span> <span class='ocrx_word' id='word_1_262' title='bbox 2419 2011 2711 2082; x_wconf 89' lang='lat' dir='ltr'><strong>imperium</strong></span> <span class='ocrx_word' id='word_1_263' title='bbox 2757 2026 2883 2068; x_wconf 88' lang='lat' dir='ltr'><strong>esse</strong></span> <span class='ocrx_word' id='word_1_264' title='bbox 2932 2009 3282 2066; x_wconf 81' lang='lat' dir='ltr'><strong>conﬁtentur.</strong></span> 
     </span>
    </p>
   </div>
   <div class='ocr_carea' id='block_1_35' title="bbox 66 2094 1604 2173">
    <p class='ocr_par' dir='ltr' id='par_1_35' title="bbox 66 2094 1596 2170">
     <span class='ocr_line' id='line_1_35' title="bbox 66 2094 1596 2170; baseline -0.003 -19"><span class='ocrx_word' id='word_1_265' title='bbox 66 2100 196 2170; x_wconf 77' lang='grc' dir='ltr'>τριχῇ</span> <span class='ocrx_word' id='word_1_266' title='bbox 222 2096 469 2168; x_wconf 80' lang='grc' dir='ltr'>αὑθεντίᾳ</span> <span class='ocrx_word' id='word_1_267' title='bbox 503 2095 791 2165; x_wconf 80' lang='grc' dir='ltr'><strong>ὑφεστῶτα</strong></span> <span class='ocrx_word' id='word_1_268' title='bbox 822 2096 1088 2162; x_wconf 79' lang='grc' dir='ltr'>νοοῦντες,</span> <span class='ocrx_word' id='word_1_269' title='bbox 1129 2097 1222 2150; x_wconf 74' lang='grc' dir='ltr'><strong>καὶ</strong></span> <span class='ocrx_word' id='word_1_270' title='bbox 1247 2097 1337 2150; x_wconf 84' lang='grc' dir='ltr'><strong>τὸν</strong></span> <span class='ocrx_word' id='word_1_271' title='bbox 1367 2095 1495 2148; x_wconf 81' lang='grc' dir='ltr'>Υἱὸν</span> <span class='ocrx_word' id='word_1_272' title='bbox 1537 2094 1596 2147; x_wconf 83' lang='grc' dir='ltr'><strong>οὐ</strong></span> 
     </span>
    </p>
   </div>
   <div class='ocr_carea' id='block_1_36' title="bbox 1753 2094 3284 2173">
    <p class='ocr_par' dir='ltr' id='par_1_36' title="bbox 1753 2101 3284 2173">
     <span class='ocr_line' id='line_1_36' title="bbox 1753 2101 3284 2173; baseline -0.002 -16"><span class='ocrx_word' id='word_1_273' title='bbox 1753 2113 1769 2157; x_wconf 85' lang='grc' dir='ltr'><strong>ι</strong></span> <span class='ocrx_word' id='word_1_274' title='bbox 1811 2101 2168 2158; x_wconf 89' lang='lat' dir='ltr'><strong>nihilominus</strong></span> <span class='ocrx_word' id='word_1_275' title='bbox 2221 2105 2488 2173; x_wconf 83' lang='lat' dir='ltr'><strong>personas</strong></span> <span class='ocrx_word' id='word_1_276' title='bbox 2548 2101 2603 2156; x_wconf 91' lang='lat' dir='ltr'><strong>in</strong></span> <span class='ocrx_word' id='word_1_277' title='bbox 2650 2101 3019 2173; x_wconf 83' lang='lat' dir='ltr'><strong>hypostaseon</strong></span> <span class='ocrx_word' id='word_1_278' title='bbox 3059 2116 3284 2156; x_wconf 86' lang='lat' dir='ltr'><strong>suarum</strong></span> 
     </span>
    </p>
   </div>
   <div class='ocr_carea' id='block_1_37' title="bbox 65 2185 1604 2266">
    <p class='ocr_par' dir='ltr' id='par_1_37' title="bbox 65 2185 1600 2261">
     <span class='ocr_line' id='line_1_37' title="bbox 65 2185 1600 2261; baseline -0.004 -18"><span class='ocrx_word' id='word_1_279' title='bbox 65 2192 198 2261; x_wconf 83' lang='grc' dir='ltr'>μέρος</span> <span class='ocrx_word' id='word_1_280' title='bbox 231 2189 350 2243; x_wconf 73' lang='grc' dir='ltr'>ὅντα</span> <span class='ocrx_word' id='word_1_281' title='bbox 382 2187 478 2242; x_wconf 89' lang='grc' dir='ltr'><strong>τοῦ</strong></span> <span class='ocrx_word' id='word_1_282' title='bbox 528 2187 763 2258; x_wconf 76' lang='grc' dir='ltr'>Πατρὸς,</span> <span class='ocrx_word' id='word_1_283' title='bbox 813 2187 951 2242; x_wconf 86' lang='grc' dir='ltr'><strong>ἀλλά</strong></span> <span class='ocrx_word' id='word_1_284' title='bbox 989 2187 1246 2258; x_wconf 82' lang='grc' dir='ltr'>καθαρῶς</span> <span class='ocrx_word' id='word_1_285' title='bbox 1289 2188 1354 2240; x_wconf 79' lang='grc' dir='ltr'>ὲκ</span> <span class='ocrx_word' id='word_1_286' title='bbox 1386 2185 1600 2258; x_wconf 88' lang='grc' dir='ltr'>Πατρὸς</span> 
     </span>
    </p>
   </div>
   <div class='ocr_carea' id='block_1_38' title="bbox 1753 2185 3288 2266">
    <p class='ocr_par' dir='ltr' id='par_1_38' title="bbox 1753 2193 3288 2266">
     <span class='ocr_line' id='line_1_38' title="bbox 1753 2193 3288 2266; baseline 0.001 -18"><span class='ocrx_word' id='word_1_287' title='bbox 1753 2193 2132 2266; x_wconf 74' lang='lat' dir='ltr'><strong>roprietatibus</strong></span> <span class='ocrx_word' id='word_1_288' title='bbox 2169 2195 2258 2265; x_wconf 90' lang='lat' dir='ltr'><strong>pie</strong></span> <span class='ocrx_word' id='word_1_289' title='bbox 2293 2195 2638 2258; x_wconf 89' lang='lat' dir='ltr'><strong>discernunt,</strong></span> <span class='ocrx_word' id='word_1_290' title='bbox 2681 2193 2903 2250; x_wconf 89' lang='lat' dir='ltr'><strong>Patrem</strong></span> <span class='ocrx_word' id='word_1_291' title='bbox 2947 2193 3202 2249; x_wconf 79' lang='lat' dir='ltr'><strong>videlicet</strong></span> <span class='ocrx_word' id='word_1_292' title='bbox 3231 2193 3288 2249; x_wconf 88' lang='lat' dir='ltr'><strong>in</strong></span> 
     </span>
    </p>
   </div>
   <div class='ocr_carea' id='block_1_39' title="bbox 64 2279 1604 2358">
    <p class='ocr_par' dir='ltr' id='par_1_39' title="bbox 64 2279 1604 2351">
     <span class='ocr_line' id='line_1_39' title="bbox 64 2279 1604 2351; baseline -0.004 -17"><span class='ocrx_word' id='word_1_293' title='bbox 64 2282 228 2335; x_wconf 82' lang='grc' dir='ltr'>τέλειον</span> <span class='ocrx_word' id='word_1_294' title='bbox 261 2280 322 2334; x_wconf 78' lang='grc' dir='ltr'>ὲκ</span> <span class='ocrx_word' id='word_1_295' title='bbox 372 2280 582 2334; x_wconf 71' lang='grc' dir='ltr'>τελείου</span> <span class='ocrx_word' id='word_1_296' title='bbox 606 2279 1002 2351; x_wconf 81' lang='grc' dir='ltr'>γεγεννημένον</span> <span class='ocrx_word' id='word_1_297' title='bbox 1028 2281 1122 2334; x_wconf 72' lang='grc' dir='ltr'><strong>καὶ</strong></span> <span class='ocrx_word' id='word_1_298' title='bbox 1147 2279 1432 2350; x_wconf 76' lang='grc' dir='ltr'>ὑφεστῶτα</span> <span class='ocrx_word' id='word_1_299' title='bbox 1472 2279 1604 2348; x_wconf 79' lang='grc' dir='ltr'>ὁμοο</span> 
     </span>
    </p>
   </div>
   <div class='ocr_carea' id='block_1_40' title="bbox 1753 2279 3289 2358">
    <p class='ocr_par' dir='ltr' id='par_1_40' title="bbox 1753 2284 3289 2357">
     <span class='ocr_line' id='line_1_40' title="bbox 1753 2284 3289 2357; baseline 0 -17"><span class='ocrx_word' id='word_1_300' title='bbox 1753 2295 1932 2342; x_wconf 75' lang='lat' dir='ltr'><strong>aterna</strong></span> <span class='ocrx_word' id='word_1_301' title='bbox 1983 2286 2272 2357; x_wconf 84' lang='lat' dir='ltr'><strong>majestate</strong></span> <span class='ocrx_word' id='word_1_302' title='bbox 2309 2285 2732 2352; x_wconf 89' lang='lat' dir='ltr'><strong>subsistentem;</strong></span> <span class='ocrx_word' id='word_1_303' title='bbox 2769 2284 2968 2340; x_wconf 83' lang='lat' dir='ltr'><strong>Filium</strong></span> <span class='ocrx_word' id='word_1_304' title='bbox 3003 2301 3132 2342; x_wconf 81' lang='lat' dir='ltr'><strong>vero</strong></span> <span class='ocrx_word' id='word_1_305' title='bbox 3177 2301 3289 2340; x_wconf 85' lang='lat' dir='ltr'><strong>non</strong></span> 
     </span>
    </p>
   </div>
   <div class='ocr_carea' id='block_1_41' title="bbox 62 2369 1604 2450">
    <p class='ocr_par' dir='ltr' id='par_1_41' title="bbox 62 2369 1600 2444">
     <span class='ocr_line' id='line_1_41' title="bbox 62 2369 1600 2444; baseline -0.003 -18"><span class='ocrx_word' id='word_1_306' title='bbox 62 2374 326 2442; x_wconf 77' lang='grc' dir='ltr'>λογοῦντες,</span> <span class='ocrx_word' id='word_1_307' title='bbox 362 2373 456 2427; x_wconf 75' lang='grc' dir='ltr'>καὶ</span> <span class='ocrx_word' id='word_1_308' title='bbox 483 2372 546 2426; x_wconf 83' lang='grc' dir='ltr'>τὺ</span> <span class='ocrx_word' id='word_1_309' title='bbox 587 2371 815 2444; x_wconf 87' lang='grc' dir='ltr'>Πνεῦμα</span> <span class='ocrx_word' id='word_1_310' title='bbox 833 2372 892 2424; x_wconf 82' lang='grc' dir='ltr'><strong>τὸ</strong></span> <span class='ocrx_word' id='word_1_311' title='bbox 923 2371 1096 2440; x_wconf 72' lang='grc' dir='ltr'>ἅγιον,</span> <span class='ocrx_word' id='word_1_312' title='bbox 1131 2371 1160 2424; x_wconf 85' lang='grc' dir='ltr'><strong>ὃ</strong></span> <span class='ocrx_word' id='word_1_313' title='bbox 1190 2373 1223 2441; x_wconf 81' lang='grc' dir='ltr'>ὴ</span> <span class='ocrx_word' id='word_1_314' title='bbox 1256 2370 1373 2423; x_wconf 76' lang='grc' dir='ltr'>θεία</span> <span class='ocrx_word' id='word_1_315' title='bbox 1410 2369 1600 2442; x_wconf 80' lang='grc' dir='ltr'>Γραφὴ</span> 
     </span>
    </p>
   </div>
   <div class='ocr_carea' id='block_1_42' title="bbox 1753 2369 3288 2450">
    <p class='ocr_par' dir='ltr' id='par_1_42' title="bbox 1753 2375 3288 2450">
     <span class='ocr_line' id='line_1_42' title="bbox 1753 2375 3288 2450; baseline -0.002 -17"><span class='ocrx_word' id='word_1_316' title='bbox 1753 2385 1914 2434; x_wconf 70' lang='lat' dir='ltr'><strong>artem</strong></span> <span class='ocrx_word' id='word_1_317' title='bbox 1945 2393 2068 2434; x_wconf 88' lang='lat' dir='ltr'><strong>esse</strong></span> <span class='ocrx_word' id='word_1_318' title='bbox 2121 2376 2299 2434; x_wconf 88' lang='lat' dir='ltr'><strong>Patris</strong></span> <span class='ocrx_word' id='word_1_319' title='bbox 2342 2377 2673 2450; x_wconf 73' lang='lat' dir='ltr'><strong>intelligunt,</strong></span> <span class='ocrx_word' id='word_1_320' title='bbox 2711 2377 2806 2434; x_wconf 90' lang='lat' dir='ltr'><strong>sed</strong></span> <span class='ocrx_word' id='word_1_321' title='bbox 2848 2392 2879 2431; x_wconf 89' lang='lat' dir='ltr'><strong>a</strong></span> <span class='ocrx_word' id='word_1_322' title='bbox 2913 2377 3157 2448; x_wconf 80' lang='lat' dir='ltr'><strong>perfecto</strong></span> <span class='ocrx_word' id='word_1_323' title='bbox 3177 2375 3288 2431; x_wconf 84' lang='lat' dir='ltr'><strong>Pa-</strong></span> 
     </span>
    </p>
   </div>
   <div class='ocr_carea' id='block_1_43' title="bbox 64 2461 1604 2541">
    <p class='ocr_par' dir='ltr' id='par_1_43' title="bbox 64 2461 1604 2538">
     <span class='ocr_line' id='line_1_43' title="bbox 64 2461 1604 2538; baseline -0.003 -19"><span class='ocrx_word' id='word_1_324' title='bbox 64 2467 375 2538; x_wconf 78' lang='grc' dir='ltr'>Παράκλητον</span> <span class='ocrx_word' id='word_1_325' title='bbox 396 2465 675 2536; x_wconf 74' lang='grc' dir='ltr'>ὀνομάζει,</span> <span class='ocrx_word' id='word_1_326' title='bbox 703 2465 768 2518; x_wconf 84' lang='grc' dir='ltr'>ὲκ</span> <span class='ocrx_word' id='word_1_327' title='bbox 812 2462 1023 2535; x_wconf 82' lang='grc' dir='ltr'>Πατρὺς</span> <span class='ocrx_word' id='word_1_328' title='bbox 1066 2463 1132 2516; x_wconf 76' lang='grc' dir='ltr'>δι’</span> <span class='ocrx_word' id='word_1_329' title='bbox 1161 2462 1290 2516; x_wconf 83' lang='grc' dir='ltr'>Υἱοῦ</span> <span class='ocrx_word' id='word_1_330' title='bbox 1320 2461 1604 2531; x_wconf 80' lang='grc' dir='ltr'>ὑφεστῶτα</span> 
     </span>
    </p>
   </div>
   <div class='ocr_carea' id='block_1_44' title="bbox 1753 2461 3283 2541">
    <p class='ocr_par' dir='ltr' id='par_1_44' title="bbox 1753 2469 3283 2541">
     <span class='ocr_line' id='line_1_44' title="bbox 1753 2469 3283 2541; baseline -0.002 -15"><span class='ocrx_word' id='word_1_331' title='bbox 1753 2485 1787 2526; x_wconf 55' lang='grc' dir='ltr'><strong>λε</strong></span> <span class='ocrx_word' id='word_1_332' title='bbox 1836 2469 2176 2540; x_wconf 83' lang='lat' dir='ltr'><strong>perfectum,</strong></span> <span class='ocrx_word' id='word_1_333' title='bbox 2225 2470 2471 2541; x_wconf 74' lang='lat' dir='ltr'><strong>genitum</strong></span> <span class='ocrx_word' id='word_1_334' title='bbox 2540 2484 2604 2526; x_wconf 92' lang='lat' dir='ltr'><strong>ac</strong></span> <span class='ocrx_word' id='word_1_335' title='bbox 2655 2469 3050 2526; x_wconf 88' lang='lat' dir='ltr'><strong>subsistentem</strong></span> <span class='ocrx_word' id='word_1_336' title='bbox 3108 2483 3283 2540; x_wconf 80' lang='lat' dir='ltr'><strong>agno-</strong></span> 
     </span>
    </p>
   </div>
   <div class='ocr_carea' id='block_1_45' title="bbox 61 2553 1604 2632">
    <p class='ocr_par' dir='ltr' id='par_1_45' title="bbox 61 2553 1602 2632">
     <span class='ocr_line' id='line_1_45' title="bbox 61 2553 1602 2632; baseline -0.005 -20"><span class='ocrx_word' id='word_1_337' title='bbox 61 2559 392 2632; x_wconf 77' lang='grc' dir='ltr'>γνωρίζοντες.</span> <span class='ocrx_word' id='word_1_338' title='bbox 433 2559 524 2622; x_wconf 81' lang='grc' dir='ltr'>Ὠς</span> <span class='ocrx_word' id='word_1_339' title='bbox 555 2560 584 2612; x_wconf 90' lang='lat'><strong>6</strong></span> <span class='ocrx_word' id='word_1_340' title='bbox 612 2556 968 2629; x_wconf 84' lang='grc' dir='ltr'>Παράκλητος</span> <span class='ocrx_word' id='word_1_341' title='bbox 995 2555 1056 2609; x_wconf 82' lang='grc' dir='ltr'>τὸ</span> <span class='ocrx_word' id='word_1_342' title='bbox 1091 2553 1303 2626; x_wconf 84' lang='grc' dir='ltr'>πνεῦμα</span> <span class='ocrx_word' id='word_1_343' title='bbox 1340 2553 1438 2624; x_wconf 80' lang='grc' dir='ltr'>τῆς</span> <span class='ocrx_word' id='word_1_344' title='bbox 1467 2553 1602 2622; x_wconf 80' lang='grc' dir='ltr'>ἀλη-</span> 
     </span>
    </p>
   </div>
   <div class='ocr_carea' id='block_1_46' title="bbox 1753 2553 3278 2632">
    <p class='ocr_par' dir='ltr' id='par_1_46' title="bbox 1753 2558 3278 2631">
     <span class='ocr_line' id='line_1_46' title="bbox 1753 2558 3278 2631; baseline -0.002 -16"><span class='ocrx_word' id='word_1_345' title='bbox 1753 2567 1889 2615; x_wconf 84' lang='lat' dir='ltr'><strong>:unt.</strong></span> <span class='ocrx_word' id='word_1_346' title='bbox 1930 2559 2008 2615; x_wconf 86' lang='lat' dir='ltr'><strong>Ac</strong></span> <span class='ocrx_word' id='word_1_347' title='bbox 2040 2559 2276 2630; x_wconf 88' lang='lat' dir='ltr'><strong>denique</strong></span> <span class='ocrx_word' id='word_1_348' title='bbox 2323 2558 2584 2630; x_wconf 88' lang='lat' dir='ltr'><strong>Spiritum</strong></span> <span class='ocrx_word' id='word_1_349' title='bbox 2626 2567 2901 2625; x_wconf 85' lang='lat' dir='ltr'><strong>sanctum,</strong></span> <span class='ocrx_word' id='word_1_350' title='bbox 2924 2574 3088 2631; x_wconf 89' lang='lat' dir='ltr'><strong>quem</strong></span> <span class='ocrx_word' id='word_1_351' title='bbox 3119 2558 3278 2614; x_wconf 86' lang='lat' dir='ltr'><strong>Scri-</strong></span> 
     </span>
    </p>
   </div>
   <div class='ocr_carea' id='block_1_47' title="bbox 63 2643 1604 2722">
    <p class='ocr_par' dir='ltr' id='par_1_47' title="bbox 63 2643 1600 2722">
     <span class='ocr_line' id='line_1_47' title="bbox 63 2643 1600 2722; baseline -0.005 -19"><span class='ocrx_word' id='word_1_352' title='bbox 63 2651 186 2714; x_wconf 84' lang='grc' dir='ltr'>Θείας</span> <span class='ocrx_word' id='word_1_353' title='bbox 211 2651 446 2707; x_wconf 81' lang='grc' dir='ltr'>διδάσκει</span> <span class='ocrx_word' id='word_1_354' title='bbox 475 2651 510 2722; x_wconf 76' lang='grc' dir='ltr'><strong>ἡ</strong></span> <span class='ocrx_word' id='word_1_355' title='bbox 520 2651 626 2722; x_wconf 80' lang='grc' dir='ltr'>μᾶς</span> <span class='ocrx_word' id='word_1_356' title='bbox 647 2651 747 2720; x_wconf 84' lang='grc' dir='ltr'>τὴν</span> <span class='ocrx_word' id='word_1_357' title='bbox 768 2647 1045 2719; x_wconf 82' lang='grc' dir='ltr'>ἀλήθειαν,</span> <span class='ocrx_word' id='word_1_358' title='bbox 1072 2647 1195 2717; x_wconf 78' lang='grc' dir='ltr'>ἥτις</span> <span class='ocrx_word' id='word_1_359' title='bbox 1215 2645 1360 2699; x_wconf 75' lang='grc' dir='ltr'>ἐστὶν</span> <span class='ocrx_word' id='word_1_360' title='bbox 1384 2645 1412 2698; x_wconf 88' lang='lat'><strong>6</strong></span> <span class='ocrx_word' id='word_1_361' title='bbox 1450 2643 1600 2707; x_wconf 82' lang='grc' dir='ltr'>Υἱός’</span> 
     </span>
    </p>
   </div>
   <div class='ocr_carea' id='block_1_48' title="bbox 1753 2643 3289 2722">
    <p class='ocr_par' dir='ltr' id='par_1_48' title="bbox 1753 2644 3289 2718">
     <span class='ocr_line' id='line_1_48' title="bbox 1753 2644 3289 2718; baseline -0.001 -17"><span class='ocrx_word' id='word_1_362' title='bbox 1753 2655 1874 2702; x_wconf 89' lang='lat' dir='ltr'><strong>tura</strong></span> <span class='ocrx_word' id='word_1_363' title='bbox 1911 2661 2069 2703; x_wconf 86' lang='lat' dir='ltr'><strong>sacra</strong></span> <span class='ocrx_word' id='word_1_364' title='bbox 2100 2645 2450 2702; x_wconf 89' lang='lat' dir='ltr'><strong>Paracletum</strong></span> <span class='ocrx_word' id='word_1_365' title='bbox 2481 2653 2665 2712; x_wconf 85' lang='lat' dir='ltr'><strong>vocat,</strong></span> <span class='ocrx_word' id='word_1_366' title='bbox 2706 2661 2739 2701; x_wconf 87' lang='lat' dir='ltr'><strong>a</strong></span> <span class='ocrx_word' id='word_1_367' title='bbox 2765 2645 2928 2702; x_wconf 87' lang='lat' dir='ltr'><strong>Patre</strong></span> <span class='ocrx_word' id='word_1_368' title='bbox 2956 2661 3054 2718; x_wconf 90' lang='lat' dir='ltr'><strong>per</strong></span> <span class='ocrx_word' id='word_1_369' title='bbox 3085 2644 3289 2700; x_wconf 83' lang='lat' dir='ltr'><strong>Filium</strong></span> 
     </span>
    </p>
   </div>
   <div class='ocr_carea' id='block_1_49' title="bbox 63 2734 1604 2812">
    <p class='ocr_par' dir='ltr' id='par_1_49' title="bbox 63 2734 1604 2812">
     <span class='ocr_line' id='line_1_49' title="bbox 63 2734 1604 2812; baseline -0.005 -17"><span class='ocrx_word' id='word_1_370' title='bbox 63 2741 239 2807; x_wconf 72' lang='grc' dir='ltr'>Οὐδείς</span> <span class='ocrx_word' id='word_1_371' title='bbox 266 2742 374 2812; x_wconf 84' lang='grc' dir='ltr'>γὰρ</span> <span class='ocrx_word' id='word_1_372' title='bbox 399 2742 587 2810; x_wconf 69' lang='grc' dir='ltr'>λέγει,</span> <span class='ocrx_word' id='word_1_373' title='bbox 615 2740 828 2808; x_wconf 86' lang='grc' dir='ltr'>Κύριος</span> <span class='ocrx_word' id='word_1_374' title='bbox 867 2736 1118 2806; x_wconf 86' lang='grc' dir='ltr'>Ἰησοῦς,</span> <span class='ocrx_word' id='word_1_375' title='bbox 1145 2737 1197 2789; x_wconf 79' lang='lat' dir='ltr'><strong>sl</strong></span> <span class='ocrx_word' id='word_1_376' title='bbox 1218 2734 1304 2804; x_wconf 81' lang='grc' dir='ltr'>μὴ</span> <span class='ocrx_word' id='word_1_377' title='bbox 1333 2735 1403 2787; x_wconf 86' lang='grc' dir='ltr'>ἐν</span> <span class='ocrx_word' id='word_1_378' title='bbox 1422 2735 1604 2788; x_wconf 83' lang='grc' dir='ltr'>Πνεύ-</span> 
     </span>
    </p>
   </div>
   <div class='ocr_carea' id='block_1_50' title="bbox 1753 2734 3292 2812">
    <p class='ocr_par' dir='ltr' id='par_1_50' title="bbox 1753 2735 3292 2803">
     <span class='ocr_line' id='line_1_50' title="bbox 1753 2735 3292 2803; baseline -0.003 -9"><span class='ocrx_word' id='word_1_379' title='bbox 1753 2738 2071 2795; x_wconf 87' lang='lat' dir='ltr'><strong>rodeuntem</strong></span> <span class='ocrx_word' id='word_1_380' title='bbox 2115 2752 2181 2794; x_wconf 90' lang='lat' dir='ltr'><strong>ac</strong></span> <span class='ocrx_word' id='word_1_381' title='bbox 2230 2738 2627 2794; x_wconf 87' lang='lat' dir='ltr'><strong>subsistentem</strong></span> <span class='ocrx_word' id='word_1_382' title='bbox 2681 2737 2973 2794; x_wconf 82' lang='lat' dir='ltr'><strong>deﬁniunt.</strong></span> <span class='ocrx_word' id='word_1_383' title='bbox 3017 2735 3292 2803; x_wconf 87' lang='lat' dir='ltr'><strong>Quemad-</strong></span> 
     </span>
    </p>
   </div>
   <div class='ocr_carea' id='block_1_51' title="bbox 63 2824 1604 2902">
    <p class='ocr_par' dir='ltr' id='par_1_51' title="bbox 63 2824 1604 2902">
     <span class='ocr_line' id='line_1_51' title="bbox 63 2824 1604 2902; baseline -0.005 -18"><span class='ocrx_word' id='word_1_384' title='bbox 63 2850 173 2899; x_wconf 81' lang='grc' dir='ltr'>ματι</span> <span class='ocrx_word' id='word_1_385' title='bbox 201 2834 355 2902; x_wconf 76' lang='grc' dir='ltr'><strong>ἁγιῳ.</strong></span> <span class='ocrx_word' id='word_1_386' title='bbox 403 2830 561 2885; x_wconf 81' lang='grc' dir='ltr'>υῦτω</span> <span class='ocrx_word' id='word_1_387' title='bbox 596 2831 689 2885; x_wconf 73' lang='grc' dir='ltr'><strong>καὶ</strong></span> <span class='ocrx_word' id='word_1_388' title='bbox 729 2832 758 2883; x_wconf 89' lang='lat'><strong>6</strong></span> <span class='ocrx_word' id='word_1_389' title='bbox 799 2829 948 2892; x_wconf 78' lang='grc' dir='ltr'>Υἱὸς,</span> <span class='ocrx_word' id='word_1_390' title='bbox 978 2829 1037 2890; x_wconf 80' lang='grc' dir='ltr'>ὃς</span> <span class='ocrx_word' id='word_1_391' title='bbox 1067 2829 1213 2880; x_wconf 84' lang='grc' dir='ltr'>ἐστιν</span> <span class='ocrx_word' id='word_1_392' title='bbox 1244 2825 1488 2896; x_wconf 76' lang='grc' dir='ltr'>ἀλήθεια,</span> <span class='ocrx_word' id='word_1_393' title='bbox 1517 2824 1604 2878; x_wconf 81' lang='grc' dir='ltr'><strong>τὸν</strong></span> 
     </span>
    </p>
   </div>
   <div class='ocr_carea' id='block_1_52' title="bbox 1753 2824 3291 2902">
    <p class='ocr_par' dir='ltr' id='par_1_52' title="bbox 1753 2828 3291 2900">
     <span class='ocr_line' id='line_1_52' title="bbox 1753 2828 3291 2900; baseline -0.003 -16"><span class='ocrx_word' id='word_1_394' title='bbox 1753 2830 1931 2886; x_wconf 68' lang='lat' dir='ltr'><strong>nodum</strong></span> <span class='ocrx_word' id='word_1_395' title='bbox 1957 2828 2302 2894; x_wconf 90' lang='lat' dir='ltr'><strong>Paracletus,</strong></span> <span class='ocrx_word' id='word_1_396' title='bbox 2330 2829 2423 2886; x_wconf 89' lang='lat' dir='ltr'><strong>ille</strong></span> <span class='ocrx_word' id='word_1_397' title='bbox 2447 2830 2698 2886; x_wconf 87' lang='lat' dir='ltr'><strong>veritatis</strong></span> <span class='ocrx_word' id='word_1_398' title='bbox 2727 2829 2978 2900; x_wconf 85' lang='lat' dir='ltr'><strong>spiritus,</strong></span> <span class='ocrx_word' id='word_1_399' title='bbox 3008 2828 3291 2884; x_wconf 85' lang='lat' dir='ltr'><strong>veritatem</strong></span> 
     </span>
    </p>
   </div>
   <div class='ocr_carea' id='block_1_53' title="bbox 61 2914 1604 2994">
    <p class='ocr_par' dir='ltr' id='par_1_53' title="bbox 61 2914 1604 2994">
     <span class='ocr_line' id='line_1_53' title="bbox 61 2914 1604 2994; baseline -0.008 -16"><span class='ocrx_word' id='word_1_400' title='bbox 61 2925 276 2994; x_wconf 79' lang='grc' dir='ltr'>ἀληθινὸν</span> <span class='ocrx_word' id='word_1_401' title='bbox 331 2925 488 2987; x_wconf 75' lang='grc' dir='ltr'>Θεὸν,</span> <span class='ocrx_word' id='word_1_402' title='bbox 549 2923 642 2976; x_wconf 84' lang='grc' dir='ltr'><strong>τὸν</strong></span> <span class='ocrx_word' id='word_1_403' title='bbox 693 2919 888 2975; x_wconf 80' lang='grc' dir='ltr'>ἑαυτοῦ</span> <span class='ocrx_word' id='word_1_404' title='bbox 940 2918 1160 2990; x_wconf 85' lang='grc' dir='ltr'>Πατέρα</span> <span class='ocrx_word' id='word_1_405' title='bbox 1197 2918 1343 2988; x_wconf 80' lang='grc' dir='ltr'>ἡμᾶς</span> <span class='ocrx_word' id='word_1_406' title='bbox 1371 2914 1604 2978; x_wconf 77' lang='grc' dir='ltr'>εὐσεϐῶς</span> 
     </span>
    </p>
   </div>
   <div class='ocr_carea' id='block_1_54' title="bbox 1753 2914 3294 2994">
    <p class='ocr_par' dir='ltr' id='par_1_54' title="bbox 1753 2916 3294 2990">
     <span class='ocr_line' id='line_1_54' title="bbox 1753 2916 3294 2990; baseline -0.003 -16"><span class='ocrx_word' id='word_1_407' title='bbox 1753 2933 1888 2974; x_wconf 78' lang='lat' dir='ltr'><strong>&gt;sam</strong></span> <span class='ocrx_word' id='word_1_408' title='bbox 1915 2933 2014 2974; x_wconf 92' lang='lat' dir='ltr'><strong>nos</strong></span> <span class='ocrx_word' id='word_1_409' title='bbox 2036 2919 2217 2981; x_wconf 86' lang='lat' dir='ltr'><strong>docet,</strong></span> <span class='ocrx_word' id='word_1_410' title='bbox 2248 2933 2371 2990; x_wconf 62' lang='lat' dir='ltr'><strong>qua:</strong></span> <span class='ocrx_word' id='word_1_411' title='bbox 2412 2926 2498 2974; x_wconf 89' lang='lat' dir='ltr'><strong>est</strong></span> <span class='ocrx_word' id='word_1_412' title='bbox 2527 2917 2701 2975; x_wconf 85' lang='lat' dir='ltr'><strong>Filius</strong></span> <span class='ocrx_word' id='word_1_413' title='bbox 2730 2936 2742 2973; x_wconf 91' lang='lat'>:</span> <span class='ocrx_word' id='word_1_414' title='bbox 2775 2916 2944 2972; x_wconf 84' lang='lat' dir='ltr'><strong>Nemo</strong></span> <span class='ocrx_word' id='word_1_415' title='bbox 2971 2917 3117 2973; x_wconf 90' lang='lat' dir='ltr'><strong>enim</strong></span> <span class='ocrx_word' id='word_1_416' title='bbox 3142 2916 3294 2980; x_wconf 82' lang='lat' dir='ltr'><strong>dicit,</strong></span> 
     </span>
    </p>
   </div>
   <div class='ocr_carea' id='block_1_55' title="bbox 64 3004 1604 3082">
    <p class='ocr_par' dir='ltr' id='par_1_55' title="bbox 64 3006 1602 3082">
     <span class='ocr_line' id='line_1_55' title="bbox 64 3006 1602 3082; baseline -0.005 -14"><span class='ocrx_word' id='word_1_417' title='bbox 64 3017 228 3070; x_wconf 76' lang='grc' dir='ltr'>εἰδέναι</span> <span class='ocrx_word' id='word_1_418' title='bbox 284 3016 508 3081; x_wconf 83' lang='grc' dir='ltr'>διδάξει,</span> <span class='ocrx_word' id='word_1_419' title='bbox 559 3013 739 3079; x_wconf 83' lang='grc' dir='ltr'>καθὼς</span> <span class='ocrx_word' id='word_1_420' title='bbox 772 3013 920 3082; x_wconf 86' lang='grc' dir='ltr'>λέγει</span> <span class='ocrx_word' id='word_1_421' title='bbox 949 3028 963 3042; x_wconf 77' lang='grc'><strong><em>⁸</em></strong></span> <span class='ocrx_word' id='word_1_422' title='bbox 1022 3011 1083 3064; x_wconf 80' lang='lat'><strong>&#39;0</strong></span> <span class='ocrx_word' id='word_1_423' title='bbox 1142 3007 1413 3078; x_wconf 79' lang='grc' dir='ltr'>ἑωρακὼς</span> <span class='ocrx_word' id='word_1_424' title='bbox 1473 3006 1602 3077; x_wconf 83' lang='grc' dir='ltr'>ἐμὲ,</span> 
     </span>
    </p>
   </div>
   <div class='ocr_carea' id='block_1_56' title="bbox 1753 3004 3296 3082">
    <p class='ocr_par' dir='ltr' id='par_1_56' title="bbox 1753 3004 3296 3078">
     <span class='ocr_line' id='line_1_56' title="bbox 1753 3004 3296 3078; baseline -0.003 -14"><span class='ocrx_word' id='word_1_425' title='bbox 1753 3011 1968 3064; x_wconf 74' lang='grc' dir='ltr'>ὀνηὶηιιδ</span> <span class='ocrx_word' id='word_1_426' title='bbox 2004 3008 2184 3074; x_wconf 73' lang='lat' dir='ltr'><strong>Iesus,</strong></span> <span class='ocrx_word' id='word_1_427' title='bbox 2215 3009 2320 3063; x_wconf 91' lang='lat' dir='ltr'><strong>nisi</strong></span> <span class='ocrx_word' id='word_1_428' title='bbox 2359 3009 2415 3062; x_wconf 84' lang='lat' dir='ltr'><strong>in</strong></span> <span class='ocrx_word' id='word_1_429' title='bbox 2455 3007 2663 3078; x_wconf 84' lang='lat' dir='ltr'><strong>Spiritu</strong></span> <span class='ocrx_word' id='word_1_430' title='bbox 2702 3016 2887 3062; x_wconf 89' lang='lat' dir='ltr'><strong>sancto</strong></span> <span class='ocrx_word' id='word_1_431' title='bbox 2913 3007 2951 3061; x_wconf 85' lang='grc'><strong>³.</strong></span> <span class='ocrx_word' id='word_1_432' title='bbox 2990 3005 3084 3062; x_wconf 89' lang='lat' dir='ltr'><strong>Sic</strong></span> <span class='ocrx_word' id='word_1_433' title='bbox 3115 3013 3170 3062; x_wconf 87' lang='lat' dir='ltr'><strong>et</strong></span> <span class='ocrx_word' id='word_1_434' title='bbox 3205 3004 3296 3060; x_wconf 86' lang='lat' dir='ltr'><strong>Fi-</strong></span> 
     </span>
    </p>
   </div>
   <div class='ocr_carea' id='block_1_57' title="bbox 64 3087 1604 3172">
    <p class='ocr_par' dir='ltr' id='par_1_57' title="bbox 64 3087 1604 3172">
     <span class='ocr_line' id='line_1_57' title="bbox 64 3087 1604 3172; baseline -0.007 -13"><span class='ocrx_word' id='word_1_435' title='bbox 64 3103 249 3172; x_wconf 73' lang='grc' dir='ltr'>έώρακε</span> <span class='ocrx_word' id='word_1_436' title='bbox 269 3105 371 3158; x_wconf 74' lang='grc' dir='ltr'><strong>τόν</strong></span> <span class='ocrx_word' id='word_1_437' title='bbox 392 3104 644 3172; x_wconf 80' lang='grc' dir='ltr'>Πατέρα.</span> <span class='ocrx_word' id='word_1_438' title='bbox 675 3100 886 3155; x_wconf 88' lang='grc' dir='ltr'>Οὑκοῦν</span> <span class='ocrx_word' id='word_1_439' title='bbox 923 3101 981 3153; x_wconf 81' lang='grc' dir='ltr'>ἐν</span> <span class='ocrx_word' id='word_1_440' title='bbox 1010 3098 1285 3168; x_wconf 81' lang='grc' dir='ltr'>Πνεύματι</span> <span class='ocrx_word' id='word_1_441' title='bbox 1320 3097 1458 3166; x_wconf 82' lang='grc' dir='ltr'>ἁγίῳ</span> <span class='ocrx_word' id='word_1_442' title='bbox 1480 3087 1604 3149; x_wconf 78' lang='grc' dir='ltr'>Υἰδν</span> 
     </span>
    </p>
   </div>
   <div class='ocr_carea' id='block_1_58' title="bbox 1753 3087 3296 3172">
    <p class='ocr_par' dir='ltr' id='par_1_58' title="bbox 1759 3099 3296 3172">
     <span class='ocr_line' id='line_1_58' title="bbox 1759 3099 3296 3172; baseline -0.003 -17"><span class='ocrx_word' id='word_1_443' title='bbox 1759 3118 1843 3166; x_wconf 91' lang='lat' dir='ltr'><strong>us,</strong></span> <span class='ocrx_word' id='word_1_444' title='bbox 1888 3101 1983 3172; x_wconf 89' lang='lat' dir='ltr'><strong>qui</strong></span> <span class='ocrx_word' id='word_1_445' title='bbox 2011 3101 2216 3157; x_wconf 90' lang='lat' dir='ltr'><strong>veritas</strong></span> <span class='ocrx_word' id='word_1_446' title='bbox 2265 3107 2370 3166; x_wconf 89' lang='lat' dir='ltr'><strong>est,</strong></span> <span class='ocrx_word' id='word_1_447' title='bbox 2424 3099 2596 3155; x_wconf 91' lang='lat' dir='ltr'><strong>Deum</strong></span> <span class='ocrx_word' id='word_1_448' title='bbox 2629 3114 2820 3154; x_wconf 86' lang='lat' dir='ltr'><strong>verum</strong></span> <span class='ocrx_word' id='word_1_449' title='bbox 2869 3099 3086 3153; x_wconf 89' lang='lat' dir='ltr'><strong>Patrem</strong></span> <span class='ocrx_word' id='word_1_450' title='bbox 3132 3111 3296 3152; x_wconf 90' lang='lat' dir='ltr'><strong>suum</strong></span> 
     </span>
    </p>
   </div>
   <div class='ocr_carea' id='block_1_59' title="bbox 66 3186 1604 3267">
    <p class='ocr_par' dir='ltr' id='par_1_59' title="bbox 66 3187 1604 3267">
     <span class='ocr_line' id='line_1_59' title="bbox 66 3187 1604 3267; baseline -0.006 -18"><span class='ocrx_word' id='word_1_451' title='bbox 66 3198 200 3264; x_wconf 78' lang='grc' dir='ltr'>ἀξίως</span> <span class='ocrx_word' id='word_1_452' title='bbox 229 3196 472 3267; x_wconf 84' lang='grc' dir='ltr'>νοοῦμεν,</span> <span class='ocrx_word' id='word_1_453' title='bbox 515 3196 572 3248; x_wconf 85' lang='grc' dir='ltr'>ὲν</span> <span class='ocrx_word' id='word_1_454' title='bbox 608 3194 722 3264; x_wconf 86' lang='grc' dir='ltr'><strong>Υίῷ</strong></span> <span class='ocrx_word' id='word_1_455' title='bbox 741 3193 799 3247; x_wconf 82' lang='grc' dir='ltr'>δὲ</span> <span class='ocrx_word' id='word_1_456' title='bbox 825 3193 1103 3264; x_wconf 88' lang='grc' dir='ltr'>μονογενεῖ</span> <span class='ocrx_word' id='word_1_457' title='bbox 1130 3191 1347 3261; x_wconf 82' lang='grc' dir='ltr'>Πατέρα</span> <span class='ocrx_word' id='word_1_458' title='bbox 1377 3187 1604 3252; x_wconf 77' lang='grc' dir='ltr'>εὐσεϐῶς</span> 
     </span>
    </p>
   </div>
   <div class='ocr_carea' id='block_1_60' title="bbox 1753 3186 3289 3267">
    <p class='ocr_par' dir='ltr' id='par_1_60' title="bbox 1753 3186 3289 3262">
     <span class='ocr_line' id='line_1_60' title="bbox 1753 3186 3289 3262; baseline -0.005 -15"><span class='ocrx_word' id='word_1_459' title='bbox 1753 3207 1834 3248; x_wconf 83' lang='lat' dir='ltr'><strong>sse</strong></span> <span class='ocrx_word' id='word_1_460' title='bbox 1867 3191 1954 3262; x_wconf 90' lang='lat' dir='ltr'><strong>pie</strong></span> <span class='ocrx_word' id='word_1_461' title='bbox 1989 3206 2092 3246; x_wconf 92' lang='lat' dir='ltr'><strong>nos</strong></span> <span class='ocrx_word' id='word_1_462' title='bbox 2141 3190 2382 3254; x_wconf 87' lang='lat' dir='ltr'><strong>edocuit,</strong></span> <span class='ocrx_word' id='word_1_463' title='bbox 2423 3189 2648 3246; x_wconf 90' lang='lat' dir='ltr'><strong>dicens:</strong></span> <span class='ocrx_word' id='word_1_464' title='bbox 2692 3189 2798 3256; x_wconf 82' lang='lat' dir='ltr'><strong>Qui</strong></span> <span class='ocrx_word' id='word_1_465' title='bbox 2843 3187 2979 3242; x_wconf 82' lang='lat' dir='ltr'><strong>videt</strong></span> <span class='ocrx_word' id='word_1_466' title='bbox 3016 3204 3119 3254; x_wconf 90' lang='lat' dir='ltr'><strong>me,</strong></span> <span class='ocrx_word' id='word_1_467' title='bbox 3152 3186 3289 3242; x_wconf 74' lang='lat' dir='ltr'><strong>uidet</strong></span> 
     </span>
    </p>
   </div>
   <div class='ocr_carea' id='block_1_61' title="bbox 68 3279 1604 3357">
    <p class='ocr_par' dir='ltr' id='par_1_61' title="bbox 68 3281 1604 3357">
     <span class='ocr_line' id='line_1_61' title="bbox 68 3281 1604 3357; baseline -0.006 -17"><span class='ocrx_word' id='word_1_468' title='bbox 68 3288 138 3340; x_wconf 78' lang='grc' dir='ltr'><strong>καὶ</strong></span> <span class='ocrx_word' id='word_1_469' title='bbox 165 3287 316 3352; x_wconf 80' lang='grc' dir='ltr'><strong>ἀξίως</strong></span> <span class='ocrx_word' id='word_1_470' title='bbox 337 3287 656 3357; x_wconf 78' lang='grc' dir='ltr'>δοξάζομεν.</span> <span class='ocrx_word' id='word_1_471' title='bbox 691 3286 802 3339; x_wconf 74' lang='grc' dir='ltr'>Καὶ</span> <span class='ocrx_word' id='word_1_472' title='bbox 837 3283 975 3356; x_wconf 82' lang='grc' dir='ltr'>αῦτη</span> <span class='ocrx_word' id='word_1_473' title='bbox 1006 3282 1151 3336; x_wconf 75' lang='grc' dir='ltr'>ἐστὶν</span> <span class='ocrx_word' id='word_1_474' title='bbox 1186 3284 1220 3353; x_wconf 81' lang='grc' dir='ltr'>ἠ</span> <span class='ocrx_word' id='word_1_475' title='bbox 1255 3281 1491 3352; x_wconf 72' lang='grc' dir='ltr'>σφραγὶς</span> <span class='ocrx_word' id='word_1_476' title='bbox 1514 3282 1604 3352; x_wconf 78' lang='grc' dir='ltr'>τῆς</span> 
     </span>
    </p>
   </div>
   <div class='ocr_carea' id='block_1_62' title="bbox 1753 3279 3301 3357">
    <p class='ocr_par' dir='ltr' id='par_1_62' title="bbox 1753 3279 3301 3353">
     <span class='ocr_line' id='line_1_62' title="bbox 1753 3279 3301 3353; baseline -0.003 -15"><span class='ocrx_word' id='word_1_477' title='bbox 1753 3282 2065 3340; x_wconf 69' lang='lat' dir='ltr'><strong>tPatrem‘.</strong></span> <span class='ocrx_word' id='word_1_478' title='bbox 2100 3281 2275 3353; x_wconf 77' lang='lat' dir='ltr'><strong>igitur</strong></span> <span class='ocrx_word' id='word_1_479' title='bbox 2305 3280 2508 3336; x_wconf 88' lang='lat' dir='ltr'><strong>Filium</strong></span> <span class='ocrx_word' id='word_1_480' title='bbox 2545 3281 2600 3335; x_wconf 92' lang='lat' dir='ltr'><strong>in</strong></span> <span class='ocrx_word' id='word_1_481' title='bbox 2623 3279 2833 3352; x_wconf 88' lang='lat' dir='ltr'><strong>Spiritu</strong></span> <span class='ocrx_word' id='word_1_482' title='bbox 2864 3287 3078 3346; x_wconf 87' lang='lat' dir='ltr'><strong>sancto,</strong></span> <span class='ocrx_word' id='word_1_483' title='bbox 3108 3287 3168 3334; x_wconf 90' lang='lat' dir='ltr'><strong>ut</strong></span> <span class='ocrx_word' id='word_1_484' title='bbox 3200 3294 3301 3350; x_wconf 87' lang='lat' dir='ltr'><strong>par</strong></span> 
     </span>
    </p>
   </div>
   <div class='ocr_carea' id='block_1_63' title="bbox 66 3370 1604 3453">
    <p class='ocr_par' dir='ltr' id='par_1_63' title="bbox 66 3373 1604 3453">
     <span class='ocr_line' id='line_1_63' title="bbox 66 3373 1604 3453; baseline -0.005 -22"><span class='ocrx_word' id='word_1_485' title='bbox 66 3381 281 3444; x_wconf 74' lang='grc' dir='ltr'>πίστεως,</span> <span class='ocrx_word' id='word_1_486' title='bbox 332 3383 392 3434; x_wconf 84' lang='grc' dir='ltr'>ὲν</span> <span class='ocrx_word' id='word_1_487' title='bbox 529 3379 780 3450; x_wconf 77' lang='grc' dir='ltr'>σφραγῖδι</span> <span class='ocrx_word' id='word_1_488' title='bbox 834 3375 1197 3447; x_wconf 79' lang='grc' dir='ltr'>βαπτισθῆναι</span> <span class='ocrx_word' id='word_1_489' title='bbox 1239 3373 1604 3444; x_wconf 79' lang='grc' dir='ltr'>προσέταξενέ</span> 
     </span>
    </p>
   </div>
   <div class='ocr_carea' id='block_1_64' title="bbox 1753 3370 3300 3453">
    <p class='ocr_par' dir='ltr' id='par_1_64' title="bbox 1753 3370 3300 3446">
     <span class='ocr_line' id='line_1_64' title="bbox 1753 3370 3300 3446; baseline -0.005 -15"><span class='ocrx_word' id='word_1_490' title='bbox 1753 3384 1821 3440; x_wconf 89' lang='lat' dir='ltr'><strong>st,</strong></span> <span class='ocrx_word' id='word_1_491' title='bbox 1875 3373 2224 3446; x_wconf 82' lang='lat' dir='ltr'><strong>intelligimus</strong></span> <span class='ocrx_word' id='word_1_492' title='bbox 2271 3389 2286 3440; x_wconf 89' lang='lat'>;</span> <span class='ocrx_word' id='word_1_493' title='bbox 2344 3371 2399 3426; x_wconf 91' lang='lat' dir='ltr'><strong>in</strong></span> <span class='ocrx_word' id='word_1_494' title='bbox 2429 3370 2709 3443; x_wconf 77' lang='lat' dir='ltr'><strong>unigenito</strong></span> <span class='ocrx_word' id='word_1_495' title='bbox 2749 3385 2879 3426; x_wconf 87' lang='lat' dir='ltr'><strong>vero</strong></span> <span class='ocrx_word' id='word_1_496' title='bbox 2917 3370 3058 3426; x_wconf 89' lang='lat' dir='ltr'><strong>Filio</strong></span> <span class='ocrx_word' id='word_1_497' title='bbox 3102 3371 3210 3441; x_wconf 90' lang='lat' dir='ltr'><strong>pie,</strong></span> <span class='ocrx_word' id='word_1_498' title='bbox 3241 3378 3300 3424; x_wconf 85' lang='lat' dir='ltr'><strong>et</strong></span> 
     </span>
    </p>
   </div>
   <div class='ocr_carea' id='block_1_65' title="bbox 67 3459 1604 3541">
    <p class='ocr_par' dir='ltr' id='par_1_65' title="bbox 67 3463 1604 3541">
     <span class='ocr_line' id='line_1_65' title="bbox 67 3463 1604 3541; baseline -0.005 -19"><span class='ocrx_word' id='word_1_499' title='bbox 67 3469 222 3541; x_wconf 84' lang='grc' dir='ltr'>Σωτὴρ</span> <span class='ocrx_word' id='word_1_500' title='bbox 253 3471 342 3523; x_wconf 71' lang='grc' dir='ltr'><strong>καὶ</strong></span> <span class='ocrx_word' id='word_1_501' title='bbox 359 3469 568 3540; x_wconf 82' lang='grc' dir='ltr'>Κύριος</span> <span class='ocrx_word' id='word_1_502' title='bbox 607 3466 812 3538; x_wconf 87' lang='grc' dir='ltr'>Ἰησοῦς</span> <span class='ocrx_word' id='word_1_503' title='bbox 841 3465 1092 3537; x_wconf 81' lang='grc' dir='ltr'>Χριστὸς,</span> <span class='ocrx_word' id='word_1_504' title='bbox 1119 3463 1331 3533; x_wconf 84' lang='grc' dir='ltr'>ὁλέγων</span> <span class='ocrx_word' id='word_1_505' title='bbox 1351 3479 1364 3493; x_wconf 70' lang='grc' dir='ltr'><strong>ο</strong></span> <span class='ocrx_word' id='word_1_506' title='bbox 1401 3465 1604 3530; x_wconf 86' lang='grc' dir='ltr'>Πορευ-</span> 
     </span>
    </p>
   </div>
   <div class='ocr_carea' id='block_1_66' title="bbox 1753 3459 3302 3541">
    <p class='ocr_par' dir='ltr' id='par_1_66' title="bbox 1753 3459 3302 3537">
     <span class='ocr_line' id='line_1_66' title="bbox 1753 3459 3302 3537; baseline -0.003 -17"><span class='ocrx_word' id='word_1_507' title='bbox 1753 3474 1780 3520; x_wconf 78' lang='lat' dir='ltr'><strong>It</strong></span> <span class='ocrx_word' id='word_1_508' title='bbox 1823 3481 1924 3537; x_wconf 84' lang='lat' dir='ltr'><strong>par</strong></span> <span class='ocrx_word' id='word_1_509' title='bbox 1959 3475 2064 3529; x_wconf 84' lang='lat' dir='ltr'><strong>est,</strong></span> <span class='ocrx_word' id='word_1_510' title='bbox 2100 3462 2322 3518; x_wconf 84' lang='lat' dir='ltr'><strong>Patrem</strong></span> <span class='ocrx_word' id='word_1_511' title='bbox 2365 3476 2488 3517; x_wconf 91' lang='lat' dir='ltr'><strong>esse</strong></span> <span class='ocrx_word' id='word_1_512' title='bbox 2534 3475 2844 3517; x_wconf 92' lang='lat' dir='ltr'><strong>censemus.</strong></span> <span class='ocrx_word' id='word_1_513' title='bbox 2899 3460 3015 3515; x_wconf 85' lang='lat' dir='ltr'><strong>Hoc</strong></span> <span class='ocrx_word' id='word_1_514' title='bbox 3057 3468 3142 3516; x_wconf 88' lang='lat' dir='ltr'><strong>est</strong></span> <span class='ocrx_word' id='word_1_515' title='bbox 3175 3459 3302 3516; x_wconf 79' lang='lat' dir='ltr'><strong>ﬁdei</strong></span> 
     </span>
    </p>
   </div>
   <div class='ocr_carea' id='block_1_67' title="bbox 65 3550 1604 3632">
    <p class='ocr_par' dir='ltr' id='par_1_67' title="bbox 65 3551 1604 3632">
     <span class='ocr_line' id='line_1_67' title="bbox 65 3551 1604 3632; baseline -0.006 -18"><span class='ocrx_word' id='word_1_516' title='bbox 65 3564 238 3627; x_wconf 82' lang='grc' dir='ltr'>θέντες</span> <span class='ocrx_word' id='word_1_517' title='bbox 263 3562 684 3632; x_wconf 78' lang='grc' dir='ltr'>μαθητεύσατε</span> <span class='ocrx_word' id='word_1_518' title='bbox 708 3557 902 3611; x_wconf 83' lang='grc' dir='ltr'>πάντα</span> <span class='ocrx_word' id='word_1_519' title='bbox 927 3557 996 3610; x_wconf 83' lang='grc' dir='ltr'><strong>τὰ</strong></span> <span class='ocrx_word' id='word_1_520' title='bbox 1020 3555 1164 3623; x_wconf 79' lang='grc' dir='ltr'><strong>ἔθνη</strong></span> <span class='ocrx_word' id='word_1_521' title='bbox 1188 3594 1204 3621; x_wconf 93' lang='grc'><strong>,</strong></span> <span class='ocrx_word' id='word_1_522' title='bbox 1229 3551 1604 3620; x_wconf 78' lang='grc' dir='ltr'><strong>βαπτίζοντες</strong></span> 
     </span>
    </p>
   </div>
   <div class='ocr_carea' id='block_1_68' title="bbox 1753 3550 3305 3632">
    <p class='ocr_par' dir='ltr' id='par_1_68' title="bbox 1754 3550 3305 3628">
     <span class='ocr_line' id='line_1_68' title="bbox 1754 3550 3305 3628; baseline -0.005 -14"><span class='ocrx_word' id='word_1_523' title='bbox 1754 3558 1867 3614; x_wconf 89' lang='lat' dir='ltr'><strong>elut</strong></span> <span class='ocrx_word' id='word_1_524' title='bbox 1913 3557 2186 3628; x_wconf 79' lang='lat' dir='ltr'><strong>sigillum;</strong></span> <span class='ocrx_word' id='word_1_525' title='bbox 2227 3554 2280 3608; x_wconf 91' lang='lat' dir='ltr'><strong>in</strong></span> <span class='ocrx_word' id='word_1_526' title='bbox 2310 3567 2420 3624; x_wconf 90' lang='lat' dir='ltr'><strong>quo</strong></span> <span class='ocrx_word' id='word_1_527' title='bbox 2462 3552 2735 3622; x_wconf 88' lang='lat' dir='ltr'><strong>baptizari</strong></span> <span class='ocrx_word' id='word_1_528' title='bbox 2781 3567 2886 3608; x_wconf 80' lang='lat' dir='ltr'><strong>nos</strong></span> <span class='ocrx_word' id='word_1_529' title='bbox 2947 3550 3198 3606; x_wconf 89' lang='lat' dir='ltr'><strong>Salvator</strong></span> <span class='ocrx_word' id='word_1_530' title='bbox 3237 3564 3305 3606; x_wconf 88' lang='lat' dir='ltr'><strong>ac</strong></span> 
     </span>
    </p>
   </div>
   <div class='ocr_carea' id='block_1_69' title="bbox 65 3641 1604 3719">
    <p class='ocr_par' dir='ltr' id='par_1_69' title="bbox 65 3643 1604 3719">
     <span class='ocr_line' id='line_1_69' title="bbox 65 3643 1604 3719; baseline -0.004 -16"><span class='ocrx_word' id='word_1_531' title='bbox 65 3653 254 3719; x_wconf 80' lang='grc' dir='ltr'>αὐτοὺς</span> <span class='ocrx_word' id='word_1_532' title='bbox 281 3655 368 3719; x_wconf 81' lang='grc' dir='ltr'>εὶς</span> <span class='ocrx_word' id='word_1_533' title='bbox 392 3653 458 3706; x_wconf 80' lang='grc' dir='ltr'>τὸ</span> <span class='ocrx_word' id='word_1_534' title='bbox 502 3652 690 3719; x_wconf 83' lang='grc' dir='ltr'>ὄνομα</span> <span class='ocrx_word' id='word_1_535' title='bbox 728 3648 833 3702; x_wconf 85' lang='grc' dir='ltr'><strong>τοῦ</strong></span> <span class='ocrx_word' id='word_1_536' title='bbox 877 3647 1127 3716; x_wconf 81' lang='grc' dir='ltr'>Ιιατρὸς,</span> <span class='ocrx_word' id='word_1_537' title='bbox 1172 3645 1272 3699; x_wconf 78' lang='grc' dir='ltr'>καὶ</span> <span class='ocrx_word' id='word_1_538' title='bbox 1315 3644 1423 3700; x_wconf 86' lang='grc' dir='ltr'><strong>τοῦ</strong></span> <span class='ocrx_word' id='word_1_539' title='bbox 1457 3643 1604 3711; x_wconf 58' lang='grc' dir='ltr'><strong>ΥίοῢἸ</strong></span> 
     </span>
    </p>
   </div>
   <div class='ocr_carea' id='block_1_70' title="bbox 1753 3641 3301 3719">
    <p class='ocr_par' dir='ltr' id='par_1_70' title="bbox 1753 3641 3301 3712">
     <span class='ocr_line' id='line_1_70' title="bbox 1753 3641 3301 3712; baseline -0.005 -10"><span class='ocrx_word' id='word_1_540' title='bbox 1753 3648 1987 3702; x_wconf 70' lang='lat' dir='ltr'><strong>lominus</strong></span> <span class='ocrx_word' id='word_1_541' title='bbox 2023 3643 2185 3702; x_wconf 72' lang='lat' dir='ltr'><strong>Iesus</strong></span> <span class='ocrx_word' id='word_1_542' title='bbox 2216 3643 2473 3700; x_wconf 85' lang='lat' dir='ltr'><strong>Christus</strong></span> <span class='ocrx_word' id='word_1_543' title='bbox 2501 3642 2802 3712; x_wconf 89' lang='lat' dir='ltr'><strong>aliquando</strong></span> <span class='ocrx_word' id='word_1_544' title='bbox 2838 3641 3029 3712; x_wconf 86' lang='lat' dir='ltr'><strong>jussit,</strong></span> <span class='ocrx_word' id='word_1_545' title='bbox 3061 3641 3146 3697; x_wconf 88' lang='lat' dir='ltr'><strong>his</strong></span> <span class='ocrx_word' id='word_1_546' title='bbox 3176 3657 3301 3696; x_wconf 85' lang='lat' dir='ltr'><strong>ver-</strong></span> 
     </span>
    </p>
   </div>
   <div class='ocr_carea' id='block_1_71' title="bbox 66 3734 1604 3825">
    <p class='ocr_par' dir='ltr' id='par_1_71' title="bbox 66 3744 884 3825">
     <span class='ocr_line' id='line_1_71' title="bbox 66 3744 884 3825; baseline -0.005 -28"><span class='ocrx_word' id='word_1_547' title='bbox 66 3746 144 3798; x_wconf 74' lang='lat' dir='ltr'><strong>zal</strong></span> <span class='ocrx_word' id='word_1_548' title='bbox 171 3745 266 3801; x_wconf 88' lang='grc' dir='ltr'><strong>τοῦ</strong></span> <span class='ocrx_word' id='word_1_549' title='bbox 304 3746 483 3816; x_wconf 81' lang='grc' dir='ltr'>ἁγίου</span> <span class='ocrx_word' id='word_1_550' title='bbox 515 3744 884 3825; x_wconf 60' lang='grc' dir='ltr'>Πηεύματος.</span> 
     </span>
    </p>
   </div>
   <div class='ocr_carea' id='block_1_72' title="bbox 1753 3734 3304 3825">
    <p class='ocr_par' dir='ltr' id='par_1_72' title="bbox 1753 3734 3304 3803">
     <span class='ocr_line' id='line_1_72' title="bbox 1753 3734 3304 3803; baseline -0.003 -10"><span class='ocrx_word' id='word_1_551' title='bbox 1753 3741 1840 3795; x_wconf 46' lang='lat' dir='ltr'><strong>iis:</strong></span> <span class='ocrx_word' id='word_1_552' title='bbox 1876 3738 2074 3792; x_wconf 86' lang='lat' dir='ltr'><strong>Euntes</strong></span> <span class='ocrx_word' id='word_1_553' title='bbox 2115 3737 2294 3792; x_wconf 85' lang='lat' dir='ltr'><strong>docete</strong></span> <span class='ocrx_word' id='word_1_554' title='bbox 2323 3753 2501 3791; x_wconf 83' lang='lat' dir='ltr'><strong>omnes</strong></span> <span class='ocrx_word' id='word_1_555' title='bbox 2541 3744 2738 3799; x_wconf 85' lang='lat' dir='ltr'><strong>qentes,</strong></span> <span class='ocrx_word' id='word_1_556' title='bbox 2774 3734 3103 3803; x_wconf 78' lang='lat' dir='ltr'><strong>baptizantes</strong></span> <span class='ocrx_word' id='word_1_557' title='bbox 3134 3750 3219 3788; x_wconf 83' lang='lat' dir='ltr'><strong>eos</strong></span> <span class='ocrx_word' id='word_1_558' title='bbox 3246 3735 3304 3789; x_wconf 78' lang='lat' dir='ltr'><strong>it:</strong></span> 
     </span>
    </p>
   </div>
   <div class='ocr_carea' id='block_1_73' title="bbox 1722 3826 3044 3896">
    <p class='ocr_par' dir='ltr' id='par_1_73' title="bbox 1722 3826 3044 3896">
     <span class='ocr_line' id='line_1_73' title="bbox 1722 3826 3044 3896; baseline -0.003 -12"><span class='ocrx_word' id='word_1_559' title='bbox 1722 3832 1930 3886; x_wconf 83' lang='lat' dir='ltr'><strong>nomine</strong></span> <span class='ocrx_word' id='word_1_560' title='bbox 1966 3830 2165 3892; x_wconf 83' lang='lat' dir='ltr'><strong>Patris,</strong></span> <span class='ocrx_word' id='word_1_561' title='bbox 2203 3839 2248 3882; x_wconf 87' lang='lat' dir='ltr'><strong>et</strong></span> <span class='ocrx_word' id='word_1_562' title='bbox 2274 3826 2430 3891; x_wconf 85' lang='lat' dir='ltr'><strong>Filii,</strong></span> <span class='ocrx_word' id='word_1_563' title='bbox 2453 3844 2515 3882; x_wconf 89' lang='lat' dir='ltr'><strong>ac</strong></span> <span class='ocrx_word' id='word_1_564' title='bbox 2550 3826 2782 3896; x_wconf 82' lang='lat' dir='ltr'><strong>Spiritus</strong></span> <span class='ocrx_word' id='word_1_565' title='bbox 2810 3826 3044 3881; x_wconf 64' lang='lat' dir='ltr'><strong>sancti“.</strong></span> 
     </span>
    </p>
   </div>
   <div class='ocr_carea' id='block_1_74' title="bbox 1796 3914 3305 3988">
    <p class='ocr_par' dir='ltr' id='par_1_74' title="bbox 1796 3914 3305 3988">
     <span class='ocr_line' id='line_1_74' title="bbox 1796 3914 3305 3988; baseline -0.005 -13"><span class='ocrx_word' id='word_1_566' title='bbox 1796 3920 1964 3975; x_wconf 81' lang='lat' dir='ltr'><strong>XVII.</strong></span> <span class='ocrx_word' id='word_1_567' title='bbox 2012 3920 2283 3976; x_wconf 80' lang='lat' dir='ltr'><strong>Caeterum</strong></span> <span class='ocrx_word' id='word_1_568' title='bbox 2318 3935 2441 3974; x_wconf 92' lang='lat' dir='ltr'><strong>cum</strong></span> <span class='ocrx_word' id='word_1_569' title='bbox 2474 3918 2543 3974; x_wconf 89' lang='lat' dir='ltr'><strong>de</strong></span> <span class='ocrx_word' id='word_1_570' title='bbox 2575 3916 2816 3988; x_wconf 82' lang='lat' dir='ltr'><strong>perfecta</strong></span> <span class='ocrx_word' id='word_1_571' title='bbox 2845 3915 2967 3972; x_wconf 87' lang='lat' dir='ltr'><strong>Filii</strong></span> <span class='ocrx_word' id='word_1_572' title='bbox 2996 3931 3120 3970; x_wconf 90' lang='lat' dir='ltr'><strong>cum</strong></span> <span class='ocrx_word' id='word_1_573' title='bbox 3146 3914 3305 3969; x_wconf 88' lang='lat' dir='ltr'><strong>Patre</strong></span> 
     </span>
    </p>
   </div>
   <div class='ocr_carea' id='block_1_75' title="bbox 1726 4005 3306 4078">
    <p class='ocr_par' dir='ltr' id='par_1_75' title="bbox 1726 4005 3306 4078">
     <span class='ocr_line' id='line_1_75' title="bbox 1726 4005 3306 4078; baseline -0.005 -10"><span class='ocrx_word' id='word_1_574' title='bbox 1726 4012 2090 4069; x_wconf 80' lang='lat' dir='ltr'><strong>similitudine</strong></span> <span class='ocrx_word' id='word_1_575' title='bbox 2129 4011 2237 4065; x_wconf 90' lang='lat' dir='ltr'><strong>alio</strong></span> <span class='ocrx_word' id='word_1_576' title='bbox 2293 4011 2416 4066; x_wconf 89' lang='lat' dir='ltr'><strong>loco</strong></span> <span class='ocrx_word' id='word_1_577' title='bbox 2469 4009 2648 4065; x_wconf 81' lang='lat' dir='ltr'><strong>fusius</strong></span> <span class='ocrx_word' id='word_1_578' title='bbox 2677 4008 3144 4078; x_wconf 87' lang='lat' dir='ltr'><strong>disputaverimus</strong></span> <span class='ocrx_word' id='word_1_579' title='bbox 3167 4047 3180 4070; x_wconf 97' lang='lat'><strong>,</strong></span> <span class='ocrx_word' id='word_1_580' title='bbox 3215 4005 3306 4060; x_wconf 87' lang='lat' dir='ltr'><strong>hic</strong></span> 
     </span>
    </p>
   </div>
   <div class='ocr_carea' id='block_1_76' title="bbox 1727 4094 3292 4175">
    <p class='ocr_par' dir='ltr' id='par_1_76' title="bbox 1727 4094 3292 4175">
     <span class='ocr_line' id='line_1_76' title="bbox 1727 4094 3292 4175; baseline -0.007 -18"><span class='ocrx_word' id='word_1_581' title='bbox 1727 4111 1912 4157; x_wconf 88' lang='lat' dir='ltr'><strong>tamen</strong></span> <span class='ocrx_word' id='word_1_582' title='bbox 1945 4101 2183 4156; x_wconf 89' lang='lat' dir='ltr'><strong>breviter</strong></span> <span class='ocrx_word' id='word_1_583' title='bbox 2210 4100 2506 4154; x_wconf 88' lang='lat' dir='ltr'><strong>observare</strong></span> <span class='ocrx_word' id='word_1_584' title='bbox 2550 4113 2658 4152; x_wconf 90' lang='lat' dir='ltr'><strong>non</strong></span> <span class='ocrx_word' id='word_1_585' title='bbox 2689 4096 2914 4175; x_wconf 72' lang='lat' dir='ltr'><strong>pigebit,</strong></span> <span class='ocrx_word' id='word_1_586' title='bbox 2946 4094 3292 4164; x_wconf 79' lang='lat' dir='ltr'><strong>Apostolum,</strong></span> 
     </span>
    </p>
   </div>
   <div class='ocr_carea' id='block_1_77' title="bbox 68 4179 1604 4264">
    <p class='ocr_par' dir='ltr' id='par_1_77' title="bbox 68 4179 1604 4258">
     <span class='ocr_line' id='line_1_77' title="bbox 68 4179 1604 4258; baseline -0.003 -22"><span class='ocrx_word' id='word_1_587' title='bbox 68 4187 357 4258; x_wconf 77' lang='grc' dir='ltr'>ὀχνήσομεν,</span> <span class='ocrx_word' id='word_1_588' title='bbox 386 4189 472 4240; x_wconf 83' lang='grc' dir='ltr'><strong>ὃτι</strong></span> <span class='ocrx_word' id='word_1_589' title='bbox 493 4187 524 4238; x_wconf 88' lang='grc' dir='ltr'>ὁ</span> <span class='ocrx_word' id='word_1_590' title='bbox 561 4184 900 4246; x_wconf 83' lang='grc' dir='ltr'>’Δπόστολος,</span> <span class='ocrx_word' id='word_1_591' title='bbox 921 4182 1105 4236; x_wconf 83' lang='grc' dir='ltr'>εἰκόνα</span> <span class='ocrx_word' id='word_1_592' title='bbox 1130 4181 1221 4235; x_wconf 90' lang='grc' dir='ltr'><strong>τοῦ</strong></span> <span class='ocrx_word' id='word_1_593' title='bbox 1242 4180 1472 4253; x_wconf 83' lang='grc' dir='ltr'>ἀοράτου</span> <span class='ocrx_word' id='word_1_594' title='bbox 1489 4179 1604 4233; x_wconf 73' lang='grc' dir='ltr'>Θεοί</span> 
     </span>
    </p>
   </div>
   <div class='ocr_carea' id='block_1_78' title="bbox 1753 4179 3308 4264">
    <p class='ocr_par' dir='ltr' id='par_1_78' title="bbox 1753 4182 3308 4264">
     <span class='ocr_line' id='line_1_78' title="bbox 1753 4182 3308 4264; baseline -0.004 -18"><span class='ocrx_word' id='word_1_595' title='bbox 1753 4194 1816 4264; x_wconf 64' lang='lat' dir='ltr'><strong>lui</strong></span> <span class='ocrx_word' id='word_1_596' title='bbox 1835 4190 2001 4264; x_wconf 65' lang='grc'><strong>864</strong></span> <span class='ocrx_word' id='word_1_597' title='bbox 2027 4190 2116 4244; x_wconf 90' lang='lat' dir='ltr'><strong>Dei</strong></span> <span class='ocrx_word' id='word_1_598' title='bbox 2149 4204 2261 4244; x_wconf 91' lang='lat' dir='ltr'><strong>non</strong></span> <span class='ocrx_word' id='word_1_599' title='bbox 2277 4189 2627 4260; x_wconf 87' lang='lat' dir='ltr'><strong>aspectabilis</strong></span> <span class='ocrx_word' id='word_1_600' title='bbox 2657 4186 2948 4258; x_wconf 78' lang='lat' dir='ltr'><strong>imaginem</strong></span> <span class='ocrx_word' id='word_1_601' title='bbox 2971 4182 3166 4239; x_wconf 86' lang='lat' dir='ltr'><strong>Filium</strong></span> <span class='ocrx_word' id='word_1_602' title='bbox 3183 4198 3308 4240; x_wconf 84' lang='lat' dir='ltr'><strong>esse</strong></span> 
     </span>
    </p>
   </div>
   <div class='ocr_carea' id='block_1_79' title="bbox 70 4273 1604 4355">
    <p class='ocr_par' dir='ltr' id='par_1_79' title="bbox 70 4273 1604 4351">
     <span class='ocr_line' id='line_1_79' title="bbox 70 4273 1604 4351; baseline -0.004 -20"><span class='ocrx_word' id='word_1_603' title='bbox 70 4280 140 4331; x_wconf 68' lang='grc' dir='ltr'>τὸν</span> <span class='ocrx_word' id='word_1_604' title='bbox 165 4280 280 4334; x_wconf 83' lang='grc' dir='ltr'>Υἱὸν</span> <span class='ocrx_word' id='word_1_605' title='bbox 318 4279 590 4351; x_wconf 79' lang='grc' dir='ltr'>εἰρηκὼς,</span> <span class='ocrx_word' id='word_1_606' title='bbox 614 4277 707 4332; x_wconf 76' lang='grc' dir='ltr'>καὶ</span> <span class='ocrx_word' id='word_1_607' title='bbox 745 4278 802 4330; x_wconf 83' lang='grc' dir='ltr'>ὲν</span> <span class='ocrx_word' id='word_1_608' title='bbox 831 4275 1008 4346; x_wconf 85' lang='grc' dir='ltr'>τούτῳ</span> <span class='ocrx_word' id='word_1_609' title='bbox 1051 4274 1285 4338; x_wconf 80' lang='grc' dir='ltr'>διδάξας,</span> <span class='ocrx_word' id='word_1_610' title='bbox 1321 4275 1402 4326; x_wconf 84' lang='grc' dir='ltr'>ὃτι</span> <span class='ocrx_word' id='word_1_611' title='bbox 1443 4273 1604 4344; x_wconf 64' lang='grc' dir='ltr'>ὅμοιός</span> 
     </span>
    </p>
   </div>
   <div class='ocr_carea' id='block_1_80' title="bbox 1753 4273 3301 4355">
    <p class='ocr_par' dir='ltr' id='par_1_80' title="bbox 1753 4275 3301 4355">
     <span class='ocr_line' id='line_1_80' title="bbox 1753 4275 3301 4355; baseline -0.006 -15"><span class='ocrx_word' id='word_1_612' title='bbox 1753 4285 1889 4348; x_wconf 81' lang='lat' dir='ltr'><strong>lixit,</strong></span> <span class='ocrx_word' id='word_1_613' title='bbox 1925 4298 2099 4355; x_wconf 91' lang='lat' dir='ltr'><strong>eoque</strong></span> <span class='ocrx_word' id='word_1_614' title='bbox 2123 4281 2286 4337; x_wconf 88' lang='lat' dir='ltr'><strong>modo</strong></span> <span class='ocrx_word' id='word_1_615' title='bbox 2316 4281 2498 4336; x_wconf 89' lang='lat' dir='ltr'><strong>Patris</strong></span> <span class='ocrx_word' id='word_1_616' title='bbox 2526 4296 2651 4337; x_wconf 87' lang='lat' dir='ltr'><strong>esse</strong></span> <span class='ocrx_word' id='word_1_617' title='bbox 2679 4278 2915 4334; x_wconf 89' lang='lat' dir='ltr'><strong>similem</strong></span> <span class='ocrx_word' id='word_1_618' title='bbox 2949 4275 3158 4340; x_wconf 89' lang='lat' dir='ltr'><strong>docuit,</strong></span> <span class='ocrx_word' id='word_1_619' title='bbox 3191 4275 3301 4330; x_wconf 89' lang='lat' dir='ltr'><strong>alio</strong></span> 
     </span>
    </p>
   </div>
   <div class='ocr_carea' id='block_1_81' title="bbox 73 4363 1604 4448">
    <p class='ocr_par' dir='ltr' id='par_1_81' title="bbox 73 4363 1604 4441">
     <span class='ocr_line' id='line_1_81' title="bbox 73 4363 1604 4441; baseline -0.004 -19"><span class='ocrx_word' id='word_1_620' title='bbox 73 4372 190 4423; x_wconf 70' lang='grc' dir='ltr'>ἔστιν</span> <span class='ocrx_word' id='word_1_621' title='bbox 228 4373 256 4424; x_wconf 90' lang='lat'><strong>6</strong></span> <span class='ocrx_word' id='word_1_622' title='bbox 300 4371 432 4434; x_wconf 78' lang='grc' dir='ltr'>Υἱὸς</span> <span class='ocrx_word' id='word_1_623' title='bbox 465 4368 550 4441; x_wconf 79' lang='grc' dir='ltr'>τῷ</span> <span class='ocrx_word' id='word_1_624' title='bbox 593 4367 791 4438; x_wconf 75' lang='grc' dir='ltr'>Πατρὶ,</span> <span class='ocrx_word' id='word_1_625' title='bbox 840 4365 1073 4435; x_wconf 81' lang='grc' dir='ltr'>ἀλλαχοῦ</span> <span class='ocrx_word' id='word_1_626' title='bbox 1102 4363 1221 4428; x_wconf 87' lang='grc' dir='ltr'><strong>πῶς</strong></span> <span class='ocrx_word' id='word_1_627' title='bbox 1252 4365 1333 4418; x_wconf 86' lang='grc' dir='ltr'><strong>δεῖ</strong></span> <span class='ocrx_word' id='word_1_628' title='bbox 1353 4366 1494 4418; x_wconf 85' lang='grc' dir='ltr'>νοεῖν</span> <span class='ocrx_word' id='word_1_629' title='bbox 1534 4363 1604 4416; x_wconf 68' lang='grc' dir='ltr'><strong>τὸε</strong></span> 
     </span>
    </p>
   </div>
   <div class='ocr_carea' id='block_1_82' title="bbox 1753 4363 3306 4448">
    <p class='ocr_par' dir='ltr' id='par_1_82' title="bbox 1753 4365 3306 4447">
     <span class='ocr_line' id='line_1_82' title="bbox 1753 4365 3306 4447; baseline -0.006 -17"><span class='ocrx_word' id='word_1_630' title='bbox 1753 4376 1967 4447; x_wconf 75' lang='lat' dir='ltr'><strong>Iuodam</strong></span> <span class='ocrx_word' id='word_1_631' title='bbox 2025 4375 2081 4429; x_wconf 87' lang='lat' dir='ltr'><strong>in</strong></span> <span class='ocrx_word' id='word_1_632' title='bbox 2129 4373 2253 4428; x_wconf 94' lang='lat' dir='ltr'><strong>loco</strong></span> <span class='ocrx_word' id='word_1_633' title='bbox 2288 4369 2751 4444; x_wconf 85' lang='lat' dir='ltr'><strong>quemadmodum</strong></span> <span class='ocrx_word' id='word_1_634' title='bbox 2803 4366 2876 4424; x_wconf 89' lang='lat' dir='ltr'><strong>sit</strong></span> <span class='ocrx_word' id='word_1_635' title='bbox 2913 4365 3306 4435; x_wconf 77' lang='lat' dir='ltr'><strong>intelligendus</strong></span> 
     </span>
    </p>
   </div>
   <div class='ocr_carea' id='block_1_83' title="bbox 75 4454 1604 4546">
    <p class='ocr_par' dir='ltr' id='par_1_83' title="bbox 75 4456 1600 4534">
     <span class='ocr_line' id='line_1_83' title="bbox 75 4456 1600 4534; baseline -0.005 -20"><span class='ocrx_word' id='word_1_636' title='bbox 75 4463 172 4515; x_wconf 74' lang='grc' dir='ltr'>Υἱὸν</span> <span class='ocrx_word' id='word_1_637' title='bbox 187 4463 522 4534; x_wconf 82' lang='grc' dir='ltr'>παρέδωκεν.</span> <span class='ocrx_word' id='word_1_638' title='bbox 567 4461 655 4513; x_wconf 84' lang='grc' dir='ltr'>Ἐν</span> <span class='ocrx_word' id='word_1_639' title='bbox 669 4459 776 4530; x_wconf 79' lang='grc' dir='ltr'><strong>γὰρ</strong></span> <span class='ocrx_word' id='word_1_640' title='bbox 799 4461 862 4529; x_wconf 80' lang='grc' dir='ltr'>τῇ</span> <span class='ocrx_word' id='word_1_641' title='bbox 884 4459 1020 4530; x_wconf 82' lang='grc' dir='ltr'>πρὸς</span> <span class='ocrx_word' id='word_1_642' title='bbox 1046 4456 1435 4528; x_wconf 80' lang='grc' dir='ltr'>Φιλιππησίους</span> <span class='ocrx_word' id='word_1_643' title='bbox 1479 4456 1600 4508; x_wconf 86' lang='grc' dir='ltr'>Ἐπι</span> 
     </span>
    </p>
   </div>
   <div class='ocr_carea' id='block_1_84' title="bbox 1753 4454 3303 4546">
    <p class='ocr_par' dir='ltr' id='par_1_84' title="bbox 1753 4454 3303 4534">
     <span class='ocr_line' id='line_1_84' title="bbox 1753 4454 3303 4534; baseline -0.007 -16"><span class='ocrx_word' id='word_1_644' title='bbox 1753 4463 1901 4520; x_wconf 60' lang='lat' dir='ltr'><strong>Pilius</strong></span> <span class='ocrx_word' id='word_1_645' title='bbox 1945 4463 2248 4534; x_wconf 89' lang='lat' dir='ltr'><strong>aperuisse.</strong></span> <span class='ocrx_word' id='word_1_646' title='bbox 2303 4461 2438 4517; x_wconf 86' lang='lat' dir='ltr'><strong>Nam</strong></span> <span class='ocrx_word' id='word_1_647' title='bbox 2475 4460 2529 4513; x_wconf 90' lang='lat' dir='ltr'><strong>in</strong></span> <span class='ocrx_word' id='word_1_648' title='bbox 2569 4457 2835 4530; x_wconf 89' lang='lat' dir='ltr'><strong>Epistola,</strong></span> <span class='ocrx_word' id='word_1_649' title='bbox 2869 4471 3034 4526; x_wconf 90' lang='lat' dir='ltr'><strong>quam</strong></span> <span class='ocrx_word' id='word_1_650' title='bbox 3072 4455 3138 4510; x_wconf 91' lang='lat' dir='ltr'><strong>ad</strong></span> <span class='ocrx_word' id='word_1_651' title='bbox 3181 4454 3303 4509; x_wconf 86' lang='lat' dir='ltr'><strong>Phi-</strong></span> 
     </span>
    </p>
   </div>
   <div class='ocr_carea' id='block_1_85' title="bbox 76 4544 1604 4628">
    <p class='ocr_par' dir='ltr' id='par_1_85' title="bbox 76 4547 1604 4628">
     <span class='ocr_line' id='line_1_85' title="bbox 76 4547 1604 4628; baseline -0.004 -21"><span class='ocrx_word' id='word_1_652' title='bbox 76 4556 204 4627; x_wconf 77' lang='grc' dir='ltr'>στολῇ</span> <span class='ocrx_word' id='word_1_653' title='bbox 225 4572 420 4628; x_wconf 75' lang='grc' dir='ltr'>φησιν’</span> <span class='ocrx_word' id='word_1_654' title='bbox 464 4553 679 4619; x_wconf 72' lang='grc' dir='ltr'>ὐς-,ὲν</span> <span class='ocrx_word' id='word_1_655' title='bbox 716 4550 918 4622; x_wconf 69' lang='grc' dir='ltr'>μορφῇ</span> <span class='ocrx_word' id='word_1_656' title='bbox 964 4551 1111 4604; x_wconf 85' lang='grc' dir='ltr'>Θεοῦ</span> <span class='ocrx_word' id='word_1_657' title='bbox 1169 4547 1474 4619; x_wconf 80' lang='grc' dir='ltr'>ὑπάρχων,</span> <span class='ocrx_word' id='word_1_658' title='bbox 1514 4549 1604 4617; x_wconf 65' lang='lat' dir='ltr'><strong>oi);</strong></span> 
     </span>
    </p>
   </div>
   <div class='ocr_carea' id='block_1_86' title="bbox 1753 4544 3308 4628">
    <p class='ocr_par' dir='ltr' id='par_1_86' title="bbox 1760 4544 3308 4624">
     <span class='ocr_line' id='line_1_86' title="bbox 1760 4544 3308 4624; baseline -0.006 -17"><span class='ocrx_word' id='word_1_659' title='bbox 1760 4554 2014 4624; x_wconf 88' lang='lat' dir='ltr'><strong>ippenses</strong></span> <span class='ocrx_word' id='word_1_660' title='bbox 2047 4550 2292 4623; x_wconf 88' lang='lat' dir='ltr'><strong>scripsit,</strong></span> <span class='ocrx_word' id='word_1_661' title='bbox 2321 4551 2396 4604; x_wconf 89' lang='lat' dir='ltr'><strong>ita</strong></span> <span class='ocrx_word' id='word_1_662' title='bbox 2430 4548 2710 4618; x_wconf 88' lang='lat' dir='ltr'><strong>loquitur:</strong></span> <span class='ocrx_word' id='word_1_663' title='bbox 2743 4546 2846 4612; x_wconf 84' lang='lat' dir='ltr'><strong>Qui</strong></span> <span class='ocrx_word' id='word_1_664' title='bbox 2885 4561 3006 4599; x_wconf 82' lang='lat' dir='ltr'><strong>eum</strong></span> <span class='ocrx_word' id='word_1_665' title='bbox 3039 4545 3095 4598; x_wconf 85' lang='lat' dir='ltr'><strong>in</strong></span> <span class='ocrx_word' id='word_1_666' title='bbox 3129 4544 3308 4613; x_wconf 78' lang='lat' dir='ltr'><strong>forma</strong></span> 
     </span>
    </p>
   </div>
   <div class='ocr_carea' id='block_1_87' title="bbox 73 4639 1604 4719">
    <p class='ocr_par' dir='ltr' id='par_1_87' title="bbox 73 4639 1604 4719">
     <span class='ocr_line' id='line_1_87' title="bbox 73 4639 1604 4719; baseline -0.006 -19"><span class='ocrx_word' id='word_1_667' title='bbox 73 4647 350 4719; x_wconf 68' lang='grc' dir='ltr'>ἁρπαγμὸν</span> <span class='ocrx_word' id='word_1_668' title='bbox 387 4646 668 4717; x_wconf 71' lang='grc' dir='ltr'>ἡγήσατο</span> <span class='ocrx_word' id='word_1_669' title='bbox 707 4645 773 4697; x_wconf 83' lang='grc' dir='ltr'>τὸ</span> <span class='ocrx_word' id='word_1_670' title='bbox 821 4639 974 4698; x_wconf 80' lang='grc' dir='ltr'>εἷναι</span> <span class='ocrx_word' id='word_1_671' title='bbox 1004 4643 1109 4696; x_wconf 77' lang='grc' dir='ltr'>ἶσα</span> <span class='ocrx_word' id='word_1_672' title='bbox 1137 4639 1289 4706; x_wconf 84' lang='grc' dir='ltr'><strong>Θεῷ·</strong></span> <span class='ocrx_word' id='word_1_673' title='bbox 1328 4639 1464 4694; x_wconf 75' lang='grc' dir='ltr'><strong>ἀλλ’</strong></span> <span class='ocrx_word' id='word_1_674' title='bbox 1491 4640 1604 4692; x_wconf 58' lang='grc' dir='ltr'><strong>ἐαυι</strong></span> 
     </span>
    </p>
   </div>
   <div class='ocr_carea' id='block_1_88' title="bbox 1753 4639 3307 4719">
    <p class='ocr_par' dir='ltr' id='par_1_88' title="bbox 1753 4639 3307 4710">
     <span class='ocr_line' id='line_1_88' title="bbox 1753 4639 3307 4710; baseline -0.006 -13"><span class='ocrx_word' id='word_1_675' title='bbox 1753 4643 1832 4699; x_wconf 76' lang='lat' dir='ltr'><strong>Dei</strong></span> <span class='ocrx_word' id='word_1_676' title='bbox 1858 4652 2013 4708; x_wconf 82' lang='lat' dir='ltr'><strong>esset,</strong></span> <span class='ocrx_word' id='word_1_677' title='bbox 2043 4659 2146 4697; x_wconf 89' lang='lat' dir='ltr'><strong>non</strong></span> <span class='ocrx_word' id='word_1_678' title='bbox 2173 4643 2416 4710; x_wconf 85' lang='lat' dir='ltr'><strong>rapinam</strong></span> <span class='ocrx_word' id='word_1_679' title='bbox 2465 4639 2758 4694; x_wconf 84' lang='lat' dir='ltr'><strong>arbitratus</strong></span> <span class='ocrx_word' id='word_1_680' title='bbox 2787 4646 2864 4692; x_wconf 87' lang='lat' dir='ltr'><strong>est</strong></span> <span class='ocrx_word' id='word_1_681' title='bbox 2891 4653 3002 4691; x_wconf 88' lang='lat' dir='ltr'><strong>esse</strong></span> <span class='ocrx_word' id='word_1_682' title='bbox 3032 4652 3085 4690; x_wconf 89' lang='lat' dir='ltr'><strong>se</strong></span> <span class='ocrx_word' id='word_1_683' title='bbox 3125 4651 3307 4705; x_wconf 66' lang='lat' dir='ltr'><strong>(equa-</strong></span> 
     </span>
    </p>
   </div>
   <div class='ocr_carea' id='block_1_89' title="bbox 77 4728 1604 4808">
    <p class='ocr_par' dir='ltr' id='par_1_89' title="bbox 77 4729 1604 4808">
     <span class='ocr_line' id='line_1_89' title="bbox 77 4729 1604 4808; baseline -0.005 -18"><span class='ocrx_word' id='word_1_684' title='bbox 77 4740 158 4791; x_wconf 72' lang='grc' dir='ltr'>τὸν</span> <span class='ocrx_word' id='word_1_685' title='bbox 198 4741 479 4806; x_wconf 80' lang='grc' dir='ltr'>ἐκένωσε,</span> <span class='ocrx_word' id='word_1_686' title='bbox 515 4735 760 4808; x_wconf 72' lang='grc' dir='ltr'>μορφὴν</span> <span class='ocrx_word' id='word_1_687' title='bbox 802 4735 1028 4790; x_wconf 81' lang='grc' dir='ltr'>δούλου</span> <span class='ocrx_word' id='word_1_688' title='bbox 1067 4732 1287 4796; x_wconf 77' lang='grc' dir='ltr'>λαϐὼν,</span> <span class='ocrx_word' id='word_1_689' title='bbox 1324 4731 1393 4786; x_wconf 83' lang='grc' dir='ltr'>ἐν</span> <span class='ocrx_word' id='word_1_690' title='bbox 1421 4729 1604 4801; x_wconf 80' lang='grc' dir='ltr'>ὀμοιώ</span> 
     </span>
    </p>
   </div>
   <div class='ocr_carea' id='block_1_90' title="bbox 1753 4728 3311 4808">
    <p class='ocr_par' dir='ltr' id='par_1_90' title="bbox 1753 4728 3311 4803">
     <span class='ocr_line' id='line_1_90' title="bbox 1753 4728 3311 4803; baseline -0.008 -13"><span class='ocrx_word' id='word_1_691' title='bbox 1753 4752 1830 4790; x_wconf 89' lang='lat' dir='ltr'><strong>em</strong></span> <span class='ocrx_word' id='word_1_692' title='bbox 1867 4728 2004 4799; x_wconf 87' lang='lat' dir='ltr'><strong>Deo;</strong></span> <span class='ocrx_word' id='word_1_693' title='bbox 2039 4734 2128 4789; x_wconf 87' lang='lat' dir='ltr'><strong>sed</strong></span> <span class='ocrx_word' id='word_1_694' title='bbox 2162 4734 2499 4803; x_wconf 84' lang='lat' dir='ltr'><strong>semetipsum</strong></span> <span class='ocrx_word' id='word_1_695' title='bbox 2542 4730 2857 4796; x_wconf 75' lang='lat' dir='ltr'><strong>exinanivit,</strong></span> <span class='ocrx_word' id='word_1_696' title='bbox 2908 4729 3138 4798; x_wconf 86' lang='lat' dir='ltr'><strong>formam</strong></span> <span class='ocrx_word' id='word_1_697' title='bbox 3176 4728 3311 4782; x_wconf 83' lang='lat' dir='ltr'><strong>servi</strong></span> 
     </span>
    </p>
   </div>
   <div class='ocr_carea' id='block_1_91' title="bbox 74 4817 1604 4900">
    <p class='ocr_par' dir='ltr' id='par_1_91' title="bbox 74 4821 1602 4900">
     <span class='ocr_line' id='line_1_91' title="bbox 74 4821 1602 4900; baseline -0.005 -17"><span class='ocrx_word' id='word_1_698' title='bbox 74 4849 185 4897; x_wconf 82' lang='grc' dir='ltr'>ματι</span> <span class='ocrx_word' id='word_1_699' title='bbox 237 4830 574 4900; x_wconf 80' lang='grc' dir='ltr'>ἀνθρώπων</span> <span class='ocrx_word' id='word_1_700' title='bbox 621 4830 968 4898; x_wconf 74' lang='grc' dir='ltr'>γενόμενος’</span> <span class='ocrx_word' id='word_1_701' title='bbox 1027 4827 1084 4879; x_wconf 82' lang='grc' dir='ltr'>ὲν</span> <span class='ocrx_word' id='word_1_702' title='bbox 1135 4825 1191 4878; x_wconf 86' lang='grc' dir='ltr'>δὲ</span> <span class='ocrx_word' id='word_1_703' title='bbox 1222 4824 1288 4895; x_wconf 82' lang='grc' dir='ltr'>τῇ</span> <span class='ocrx_word' id='word_1_704' title='bbox 1322 4824 1455 4895; x_wconf 82' lang='grc' dir='ltr'>πρὸς</span> <span class='ocrx_word' id='word_1_705' title='bbox 1494 4821 1602 4876; x_wconf 81' lang='grc' dir='ltr'>Ῥω</span> 
     </span>
    </p>
   </div>
   <div class='ocr_carea' id='block_1_92' title="bbox 1753 4817 3311 4900">
    <p class='ocr_par' dir='ltr' id='par_1_92' title="bbox 1753 4817 3311 4892">
     <span class='ocr_line' id='line_1_92' title="bbox 1753 4817 3311 4892; baseline -0.006 -13"><span class='ocrx_word' id='word_1_706' title='bbox 1753 4826 2024 4892; x_wconf 76' lang='lat' dir='ltr'><strong>Iccipiens,</strong></span> <span class='ocrx_word' id='word_1_707' title='bbox 2071 4824 2126 4878; x_wconf 89' lang='lat' dir='ltr'><strong>in</strong></span> <span class='ocrx_word' id='word_1_708' title='bbox 2160 4823 2561 4879; x_wconf 86' lang='lat' dir='ltr'><strong>similitudinem</strong></span> <span class='ocrx_word' id='word_1_709' title='bbox 2611 4821 2886 4875; x_wconf 79' lang='lat' dir='ltr'><strong>hominum</strong></span> <span class='ocrx_word' id='word_1_710' title='bbox 2939 4820 3112 4889; x_wconf 80' lang='lat' dir='ltr'><strong>factus</strong></span> <span class='ocrx_word' id='word_1_711' title='bbox 3138 4819 3202 4884; x_wconf 81' lang='grc'><strong>⁶;</strong></span> <span class='ocrx_word' id='word_1_712' title='bbox 3241 4817 3311 4871; x_wconf 85' lang='lat' dir='ltr'><strong>ad</strong></span> 
     </span>
    </p>
   </div>
   <div class='ocr_carea' id='block_1_93' title="bbox 81 4908 1604 4992">
    <p class='ocr_par' dir='ltr' id='par_1_93' title="bbox 81 4908 1604 4992">
     <span class='ocr_line' id='line_1_93' title="bbox 81 4908 1604 4992; baseline -0.004 -20"><span class='ocrx_word' id='word_1_713' title='bbox 81 4923 266 4988; x_wconf 80' lang='grc' dir='ltr'>μαίους·</span> <span class='ocrx_word' id='word_1_714' title='bbox 303 4923 373 4977; x_wconf 88' lang='grc' dir='ltr'><em>Τὸ</em></span> <span class='ocrx_word' id='word_1_715' title='bbox 396 4922 518 4992; x_wconf 77' lang='grc' dir='ltr'>γὰρ</span> <span class='ocrx_word' id='word_1_716' title='bbox 541 4913 840 4976; x_wconf 81' lang='grc' dir='ltr'>ἀδύνατον</span> <span class='ocrx_word' id='word_1_717' title='bbox 860 4917 965 4972; x_wconf 85' lang='grc' dir='ltr'><strong>τοῦ</strong></span> <span class='ocrx_word' id='word_1_718' title='bbox 991 4918 1198 4986; x_wconf 85' lang='grc' dir='ltr'>νόμου,</span> <span class='ocrx_word' id='word_1_719' title='bbox 1218 4917 1289 4969; x_wconf 85' lang='grc' dir='ltr'>ἐν</span> <span class='ocrx_word' id='word_1_720' title='bbox 1311 4908 1358 4981; x_wconf 83' lang='grc' dir='ltr'>ᾧ</span> <span class='ocrx_word' id='word_1_721' title='bbox 1386 4913 1604 4982; x_wconf 76' lang='grc' dir='ltr'>ἠσθένε</span> 
     </span>
    </p>
   </div>
   <div class='ocr_carea' id='block_1_94' title="bbox 1753 4908 3307 4992">
    <p class='ocr_par' dir='ltr' id='par_1_94' title="bbox 1753 4911 3307 4978">
     <span class='ocr_line' id='line_1_94' title="bbox 1753 4911 3307 4978; baseline -0.005 -10"><span class='ocrx_word' id='word_1_722' title='bbox 1753 4915 2014 4972; x_wconf 65' lang='grc' dir='ltr'>ὶοῐηοῐιοε</span> <span class='ocrx_word' id='word_1_723' title='bbox 2042 4929 2173 4971; x_wconf 86' lang='lat' dir='ltr'><strong>vero</strong></span> <span class='ocrx_word' id='word_1_724' title='bbox 2217 4914 2509 4970; x_wconf 89' lang='lat' dir='ltr'><strong>scribens:</strong></span> <span class='ocrx_word' id='word_1_725' title='bbox 2545 4912 2701 4978; x_wconf 82' lang='lat' dir='ltr'><strong>Quod</strong></span> <span class='ocrx_word' id='word_1_726' title='bbox 2741 4913 2880 4967; x_wconf 88' lang='lat' dir='ltr'><strong>enim</strong></span> <span class='ocrx_word' id='word_1_727' title='bbox 2899 4920 3017 4967; x_wconf 87' lang='lat' dir='ltr'><strong>erat</strong></span> <span class='ocrx_word' id='word_1_728' title='bbox 3057 4911 3307 4978; x_wconf 73' lang='lat' dir='ltr'><strong>impossi-</strong></span> 
     </span>
    </p>
   </div>
   <div class='ocr_carea' id='block_1_95' title="bbox 79 4999 1604 5084">
    <p class='ocr_par' dir='ltr' id='par_1_95' title="bbox 79 5007 1604 5084">
     <span class='ocr_line' id='line_1_95' title="bbox 79 5007 1604 5084; baseline -0.007 -18"><span class='ocrx_word' id='word_1_729' title='bbox 79 5012 155 5068; x_wconf 79' lang='grc' dir='ltr'>διὰ</span> <span class='ocrx_word' id='word_1_730' title='bbox 169 5013 268 5082; x_wconf 82' lang='grc' dir='ltr'>τῆς</span> <span class='ocrx_word' id='word_1_731' title='bbox 293 5014 554 5084; x_wconf 81' lang='grc' dir='ltr'>σαρκὸς,</span> <span class='ocrx_word' id='word_1_732' title='bbox 582 5015 614 5066; x_wconf 83' lang='grc' dir='ltr'><strong>ό</strong></span> <span class='ocrx_word' id='word_1_733' title='bbox 643 5010 786 5076; x_wconf 83' lang='grc' dir='ltr'><strong>Θεὸς</strong></span> <span class='ocrx_word' id='word_1_734' title='bbox 823 5010 932 5064; x_wconf 81' lang='grc' dir='ltr'>τὸν</span> <span class='ocrx_word' id='word_1_735' title='bbox 962 5008 1179 5062; x_wconf 82' lang='grc' dir='ltr'>ἑαυτοῦ</span> <span class='ocrx_word' id='word_1_736' title='bbox 1221 5007 1359 5060; x_wconf 82' lang='grc' dir='ltr'><strong>Υὶὸν</strong></span> <span class='ocrx_word' id='word_1_737' title='bbox 1388 5007 1604 5074; x_wconf 64' lang='grc' dir='ltr'>πέμψας</span> 
     </span>
    </p>
   </div>
   <div class='ocr_carea' id='block_1_96' title="bbox 1753 4999 3309 5084">
    <p class='ocr_par' dir='ltr' id='par_1_96' title="bbox 1753 4999 3309 5078">
     <span class='ocr_line' id='line_1_96' title="bbox 1753 4999 3309 5078; baseline -0.004 -20"><span class='ocrx_word' id='word_1_738' title='bbox 1753 5007 1835 5062; x_wconf 69' lang='lat' dir='ltr'><strong>vile</strong></span> <span class='ocrx_word' id='word_1_739' title='bbox 1879 5007 2010 5078; x_wconf 85' lang='lat' dir='ltr'><strong>legi,</strong></span> <span class='ocrx_word' id='word_1_740' title='bbox 2057 5009 2115 5061; x_wconf 87' lang='lat' dir='ltr'><strong>in</strong></span> <span class='ocrx_word' id='word_1_741' title='bbox 2165 5023 2268 5077; x_wconf 89' lang='lat' dir='ltr'><strong>quo</strong></span> <span class='ocrx_word' id='word_1_742' title='bbox 2308 5003 2686 5075; x_wconf 82' lang='lat' dir='ltr'><strong>inﬁrmabutur</strong></span> <span class='ocrx_word' id='word_1_743' title='bbox 2739 5018 2830 5072; x_wconf 83' lang='lat' dir='ltr'><strong>per</strong></span> <span class='ocrx_word' id='word_1_744' title='bbox 2884 5017 3119 5064; x_wconf 86' lang='lat' dir='ltr'><strong>carnem,</strong></span> <span class='ocrx_word' id='word_1_745' title='bbox 3171 4999 3309 5054; x_wconf 83' lang='lat' dir='ltr'><strong>Deus</strong></span> 
     </span>
    </p>
   </div>
   <div class='ocr_carea' id='block_1_97' title="bbox 79 5091 1604 5178">
    <p class='ocr_par' dir='ltr' id='par_1_97' title="bbox 79 5099 1600 5178">
     <span class='ocr_line' id='line_1_97' title="bbox 79 5099 1600 5178; baseline -0.006 -19"><span class='ocrx_word' id='word_1_746' title='bbox 79 5108 132 5159; x_wconf 75' lang='grc' dir='ltr'>ἐν</span> <span class='ocrx_word' id='word_1_747' title='bbox 171 5109 476 5178; x_wconf 79' lang='grc' dir='ltr'>ὁμοιώματι</span> <span class='ocrx_word' id='word_1_748' title='bbox 531 5105 778 5174; x_wconf 80' lang='grc' dir='ltr'>σαρκὸς,</span> <span class='ocrx_word' id='word_1_749' title='bbox 833 5102 933 5156; x_wconf 82' lang='grc' dir='ltr'><strong>καὶ</strong></span> <span class='ocrx_word' id='word_1_750' title='bbox 969 5101 1103 5169; x_wconf 78' lang='grc' dir='ltr'>περὶ</span> <span class='ocrx_word' id='word_1_751' title='bbox 1147 5099 1435 5170; x_wconf 77' lang='grc' dir='ltr'>ἁμαρτίας</span> <span class='ocrx_word' id='word_1_752' title='bbox 1490 5114 1600 5152; x_wconf 80' lang='grc' dir='ltr'><strong>κατ</strong></span> 
     </span>
    </p>
   </div>
   <div class='ocr_carea' id='block_1_98' title="bbox 1753 5091 3313 5178">
    <p class='ocr_par' dir='ltr' id='par_1_98' title="bbox 1753 5091 3313 5156">
     <span class='ocr_line' id='line_1_98' title="bbox 1753 5091 3313 5156; baseline -0.004 -5"><span class='ocrx_word' id='word_1_753' title='bbox 1753 5098 1941 5153; x_wconf 80' lang='lat' dir='ltr'><strong>Filium</strong></span> <span class='ocrx_word' id='word_1_754' title='bbox 1973 5115 2127 5151; x_wconf 87' lang='lat' dir='ltr'><strong>suum</strong></span> <span class='ocrx_word' id='word_1_755' title='bbox 2175 5099 2390 5151; x_wconf 86' lang='lat' dir='ltr'><strong>mittens</strong></span> <span class='ocrx_word' id='word_1_756' title='bbox 2437 5097 2492 5150; x_wconf 86' lang='lat' dir='ltr'><strong>in</strong></span> <span class='ocrx_word' id='word_1_757' title='bbox 2535 5093 2884 5150; x_wconf 83' lang='lat' dir='ltr'><strong>similitudine</strong></span> <span class='ocrx_word' id='word_1_758' title='bbox 2924 5093 3122 5156; x_wconf 77' lang='lat' dir='ltr'><strong>carnis,</strong></span> <span class='ocrx_word' id='word_1_759' title='bbox 3166 5091 3313 5144; x_wconf 82' lang='lat' dir='ltr'><strong>etde</strong></span> 
     </span>
    </p>
   </div>
   <div class='ocr_carea' id='block_1_99' title="bbox 1736 5181 3311 5260">
    <p class='ocr_par' dir='ltr' id='par_1_99' title="bbox 1736 5181 3311 5260">
     <span class='ocr_line' id='line_1_99' title="bbox 1736 5181 3311 5260; baseline -0.006 -16"><span class='ocrx_word' id='word_1_760' title='bbox 1736 5201 1946 5260; x_wconf 85' lang='lat' dir='ltr'><strong>peccato</strong></span> <span class='ocrx_word' id='word_1_761' title='bbox 1975 5188 2338 5243; x_wconf 87' lang='lat' dir='ltr'><strong>condemnavit</strong></span> <span class='ocrx_word' id='word_1_762' title='bbox 2365 5193 2635 5257; x_wconf 84' lang='lat' dir='ltr'><strong>peccatum</strong></span> <span class='ocrx_word' id='word_1_763' title='bbox 2666 5186 2722 5239; x_wconf 88' lang='lat' dir='ltr'><strong>in</strong></span> <span class='ocrx_word' id='word_1_764' title='bbox 2756 5199 2912 5238; x_wconf 85' lang='lat' dir='ltr'><strong>carne</strong></span> <span class='ocrx_word' id='word_1_765' title='bbox 2935 5183 2978 5236; x_wconf 90' lang='lat'><strong>&quot;.</strong></span> <span class='ocrx_word' id='word_1_766' title='bbox 3015 5181 3108 5236; x_wconf 89' lang='lat' dir='ltr'><strong>Sic</strong></span> <span class='ocrx_word' id='word_1_767' title='bbox 3143 5181 3311 5249; x_wconf 72' lang='lat' dir='ltr'><strong>igitur</strong></span> 
     </span>
    </p>
   </div>
   <div class='ocr_carea' id='block_1_100' title="bbox 86 5273 1604 5362">
    <p class='ocr_par' dir='ltr' id='par_1_100' title="bbox 86 5283 1604 5362">
     <span class='ocr_line' id='line_1_100' title="bbox 86 5283 1604 5362; baseline -0.005 -19"><span class='ocrx_word' id='word_1_768' title='bbox 86 5292 364 5362; x_wconf 65' lang='lat' dir='ltr'><strong>uti.meth</strong></span> <span class='ocrx_word' id='word_1_769' title='bbox 395 5292 464 5342; x_wconf 79' lang='grc' dir='ltr'>ἐκ</span> <span class='ocrx_word' id='word_1_770' title='bbox 492 5289 604 5341; x_wconf 88' lang='grc' dir='ltr'><strong>τῶν</strong></span> <span class='ocrx_word' id='word_1_771' title='bbox 625 5288 716 5340; x_wconf 88' lang='grc' dir='ltr'><strong>δὺο</strong></span> <span class='ocrx_word' id='word_1_772' title='bbox 739 5283 1068 5340; x_wconf 82' lang='grc' dir='ltr'>Ἐπιστολῶν</span> <span class='ocrx_word' id='word_1_773' title='bbox 1093 5283 1202 5337; x_wconf 80' lang='grc' dir='ltr'>ἀπὸ</span> <span class='ocrx_word' id='word_1_774' title='bbox 1234 5287 1254 5315; x_wconf 82' lang='grc'>¹</span> <span class='ocrx_word' id='word_1_775' title='bbox 1275 5283 1367 5336; x_wconf 87' lang='grc' dir='ltr'><strong>τοῦ</strong></span> <span class='ocrx_word' id='word_1_776' title='bbox 1402 5301 1604 5354; x_wconf 80' lang='grc' dir='ltr'>σωματι</span> 
     </span>
    </p>
   </div>
   <div class='ocr_carea' id='block_1_101' title="bbox 1753 5273 3311 5362">
    <p class='ocr_par' dir='ltr' id='par_1_101' title="bbox 1753 5273 3311 5352">
     <span class='ocr_line' id='line_1_101' title="bbox 1753 5273 3311 5352; baseline -0.005 -17"><span class='ocrx_word' id='word_1_777' title='bbox 1753 5287 1848 5336; x_wconf 74' lang='lat' dir='ltr'><strong>hoc</strong></span> <span class='ocrx_word' id='word_1_778' title='bbox 1887 5281 2093 5352; x_wconf 87' lang='lat' dir='ltr'><strong>duplici</strong></span> <span class='ocrx_word' id='word_1_779' title='bbox 2141 5279 2461 5334; x_wconf 84' lang='lat' dir='ltr'><strong>testimonio</strong></span> <span class='ocrx_word' id='word_1_780' title='bbox 2487 5293 2553 5332; x_wconf 84' lang='lat' dir='ltr'><strong>ex</strong></span> <span class='ocrx_word' id='word_1_781' title='bbox 2599 5275 2866 5330; x_wconf 87' lang='lat' dir='ltr'><strong>ambabus</strong></span> <span class='ocrx_word' id='word_1_782' title='bbox 2912 5273 3173 5344; x_wconf 83' lang='lat' dir='ltr'><strong>Epistolis</strong></span> <span class='ocrx_word' id='word_1_783' title='bbox 3213 5273 3311 5327; x_wconf 55' lang='lat' dir='ltr'><strong>de.</strong></span> 
     </span>
    </p>
   </div>
   <div class='ocr_carea' id='block_1_102' title="bbox 84 5363 1604 5451">
    <p class='ocr_par' dir='ltr' id='par_1_102' title="bbox 84 5375 1604 5451">
     <span class='ocr_line' id='line_1_102' title="bbox 84 5375 1604 5451; baseline -0.003 -19"><span class='ocrx_word' id='word_1_784' title='bbox 84 5381 162 5433; x_wconf 81' lang='grc' dir='ltr'><strong>κοῦ</strong></span> <span class='ocrx_word' id='word_1_785' title='bbox 192 5382 426 5446; x_wconf 79' lang='grc' dir='ltr'>εὑσεόῶς</span> <span class='ocrx_word' id='word_1_786' title='bbox 456 5380 557 5434; x_wconf 67' lang='grc' dir='ltr'>καὶ</span> <span class='ocrx_word' id='word_1_787' title='bbox 585 5381 682 5451; x_wconf 78' lang='grc' dir='ltr'><strong>τὴν</strong></span> <span class='ocrx_word' id='word_1_788' title='bbox 711 5378 841 5450; x_wconf 71' lang='grc' dir='ltr'>περὶ</span> <span class='ocrx_word' id='word_1_789' title='bbox 870 5377 962 5430; x_wconf 87' lang='grc' dir='ltr'><strong>τοῦ</strong></span> <span class='ocrx_word' id='word_1_790' title='bbox 992 5375 1179 5444; x_wconf 81' lang='grc' dir='ltr'>ὁμοίου</span> <span class='ocrx_word' id='word_1_791' title='bbox 1220 5377 1386 5446; x_wconf 74' lang='grc' dir='ltr'>ἡμᾶς,</span> <span class='ocrx_word' id='word_1_792' title='bbox 1413 5377 1508 5430; x_wconf 72' lang='grc' dir='ltr'>καὶ</span> <span class='ocrx_word' id='word_1_793' title='bbox 1538 5378 1604 5429; x_wconf 78' lang='grc' dir='ltr'><strong>ἐπ</strong></span> 
     </span>
    </p>
   </div>
   <div class='ocr_carea' id='block_1_103' title="bbox 1753 5363 3315 5451">
    <p class='ocr_par' dir='ltr' id='par_1_103' title="bbox 1753 5363 3315 5444">
     <span class='ocr_line' id='line_1_103' title="bbox 1753 5363 3315 5444; baseline -0.008 -14"><span class='ocrx_word' id='word_1_794' title='bbox 1753 5381 2012 5444; x_wconf 69' lang='lat' dir='ltr'><strong>prompto,</strong></span> <span class='ocrx_word' id='word_1_795' title='bbox 2049 5372 2117 5426; x_wconf 89' lang='lat' dir='ltr'><strong>ab</strong></span> <span class='ocrx_word' id='word_1_796' title='bbox 2158 5385 2420 5440; x_wconf 86' lang='lat' dir='ltr'><strong>corporea</strong></span> <span class='ocrx_word' id='word_1_797' title='bbox 2463 5379 2657 5423; x_wconf 88' lang='lat' dir='ltr'><strong>natura</strong></span> <span class='ocrx_word' id='word_1_798' title='bbox 2701 5364 3080 5421; x_wconf 90' lang='lat' dir='ltr'><strong>similitudinis</strong></span> <span class='ocrx_word' id='word_1_799' title='bbox 3129 5363 3315 5418; x_wconf 51' lang='lat' dir='ltr'><strong>notio.</strong></span> 
     </span>
    </p>
   </div>
   <div class='ocr_carea' id='block_1_104' title="bbox 86 5454 1604 5546">
    <p class='ocr_par' dir='ltr' id='par_1_104' title="bbox 86 5466 1600 5546">
     <span class='ocr_line' id='line_1_104' title="bbox 86 5466 1600 5546; baseline -0.004 -22"><span class='ocrx_word' id='word_1_800' title='bbox 86 5473 159 5525; x_wconf 80' lang='grc' dir='ltr'><strong>τοῦ</strong></span> <span class='ocrx_word' id='word_1_801' title='bbox 184 5474 473 5546; x_wconf 81' lang='grc' dir='ltr'>ἀσωμάτου</span> <span class='ocrx_word' id='word_1_802' title='bbox 530 5471 741 5541; x_wconf 80' lang='grc' dir='ltr'>Πατρός</span> <span class='ocrx_word' id='word_1_803' title='bbox 797 5487 854 5522; x_wconf 87' lang='grc' dir='ltr'><strong>τε</strong></span> <span class='ocrx_word' id='word_1_804' title='bbox 895 5469 989 5523; x_wconf 68' lang='grc' dir='ltr'>καὶ</span> <span class='ocrx_word' id='word_1_805' title='bbox 1030 5466 1159 5521; x_wconf 83' lang='grc' dir='ltr'>Υἱοῦ</span> <span class='ocrx_word' id='word_1_806' title='bbox 1191 5466 1524 5538; x_wconf 77' lang='grc' dir='ltr'>διδαχθῆναι.</span> <span class='ocrx_word' id='word_1_807' title='bbox 1559 5467 1600 5518; x_wconf 90' lang='grc' dir='ltr'>Τ</span> 
     </span>
    </p>
   </div>
   <div class='ocr_carea' id='block_1_105' title="bbox 1753 5454 3313 5546">
    <p class='ocr_par' dir='ltr' id='par_1_105' title="bbox 1753 5454 3313 5533">
     <span class='ocr_line' id='line_1_105' title="bbox 1753 5454 3313 5533; baseline -0.008 -12"><span class='ocrx_word' id='word_1_808' title='bbox 1753 5482 1864 5522; x_wconf 82' lang='lat' dir='ltr'><strong>aem</strong></span> <span class='ocrx_word' id='word_1_809' title='bbox 1927 5467 1983 5520; x_wconf 90' lang='lat' dir='ltr'><strong>in</strong></span> <span class='ocrx_word' id='word_1_810' title='bbox 2039 5465 2362 5533; x_wconf 89' lang='lat' dir='ltr'><strong>incorporeo</strong></span> <span class='ocrx_word' id='word_1_811' title='bbox 2411 5458 2573 5515; x_wconf 89' lang='lat' dir='ltr'><strong>Patre</strong></span> <span class='ocrx_word' id='word_1_812' title='bbox 2623 5455 2872 5528; x_wconf 85' lang='lat' dir='ltr'><strong>Filioque</strong></span> <span class='ocrx_word' id='word_1_813' title='bbox 2926 5454 3313 5526; x_wconf 81' lang='lat' dir='ltr'><strong>perdiscimus.</strong></span> 
     </span>
    </p>
   </div>
   <div class='ocr_carea' id='block_1_106' title="bbox 1494 5563 3316 5649">
    <p class='ocr_par' dir='ltr' id='par_1_106' title="bbox 1494 5563 3316 5649">
     <span class='ocr_line' id='line_1_106' title="bbox 1494 5563 3316 5649; baseline -0.007 -13"><span class='ocrx_word' id='word_1_814' title='bbox 1494 5583 1513 5614; x_wconf 88' lang='grc'>³</span> <span class='ocrx_word' id='word_1_815' title='bbox 1548 5582 1564 5635; x_wconf 79' lang='grc' dir='ltr'><strong>ι</strong></span> <span class='ocrx_word' id='word_1_816' title='bbox 1600 5579 1725 5636; x_wconf 86' lang='lat' dir='ltr'><strong>Cor.</strong></span> <span class='ocrx_word' id='word_1_817' title='bbox 1786 5596 1885 5646; x_wconf 80' lang='lat' dir='ltr'><strong>xu,</strong></span> <span class='ocrx_word' id='word_1_818' title='bbox 1935 5579 1988 5636; x_wconf 78' lang='lat'><strong>3.</strong></span> <span class='ocrx_word' id='word_1_819' title='bbox 2100 5573 2309 5631; x_wconf 71' lang='lat' dir='ltr'><strong>l’Joan.</strong></span> <span class='ocrx_word' id='word_1_820' title='bbox 2366 5570 2558 5636; x_wconf 76' lang='lat' dir='ltr'><strong>x1v,9.</strong></span> <span class='ocrx_word' id='word_1_821' title='bbox 2659 5569 2905 5649; x_wconf 55' lang='lat' dir='ltr'><strong>fillatth.</strong></span> <span class='ocrx_word' id='word_1_822' title='bbox 2967 5584 3158 5637; x_wconf 73' lang='lat' dir='ltr'><strong>xxvul,</strong></span> <span class='ocrx_word' id='word_1_823' title='bbox 3228 5563 3316 5624; x_wconf 78' lang='lat' dir='ltr'><strong>i9.</strong></span> 
     </span>
    </p>
   </div>
   <div class='ocr_carea' id='block_1_107' title="bbox 68 1091 1587 1170">
    <p class='ocr_par' dir='ltr' id='par_1_107' title="bbox 68 1091 1587 1170">
     <span class='ocr_line' id='line_1_107' title="bbox 68 1091 1587 1170; baseline -0.005 -17"><span class='ocrx_word' id='word_1_824' title='bbox 68 1095 410 1170; x_wconf 78' lang='grc' dir='ltr'>ὑπάρχοντος“,</span> <span class='ocrx_word' id='word_1_825' title='bbox 455 1095 546 1147; x_wconf 77' lang='grc' dir='ltr'>καὶ</span> <span class='ocrx_word' id='word_1_826' title='bbox 588 1093 683 1146; x_wconf 90' lang='grc' dir='ltr'><strong>τοῦ</strong></span> <span class='ocrx_word' id='word_1_827' title='bbox 749 1092 1063 1164; x_wconf 86' lang='grc' dir='ltr'>Πνεύματος</span> <span class='ocrx_word' id='word_1_828' title='bbox 1109 1093 1202 1148; x_wconf 91' lang='grc' dir='ltr'><strong>τοῦ</strong></span> <span class='ocrx_word' id='word_1_829' title='bbox 1253 1092 1438 1161; x_wconf 84' lang='grc' dir='ltr'>ἁγίου,</span> <span class='ocrx_word' id='word_1_830' title='bbox 1487 1091 1587 1155; x_wconf 88' lang='grc' dir='ltr'><strong>τάς</strong></span> 
     </span>
    </p>
   </div>
   <div class='ocr_carea' id='block_1_108' title="bbox 67 1181 1586 1260">
    <p class='ocr_par' dir='ltr' id='par_1_108' title="bbox 67 1181 1586 1260">
     <span class='ocr_line' id='line_1_108' title="bbox 67 1181 1586 1260; baseline -0.005 -16"><span class='ocrx_word' id='word_1_831' title='bbox 67 1190 320 1260; x_wconf 76' lang='grc' dir='ltr'>ἰδιότητας,</span> <span class='ocrx_word' id='word_1_832' title='bbox 372 1184 448 1248; x_wconf 86' lang='grc' dir='ltr'>ὡς</span> <span class='ocrx_word' id='word_1_833' title='bbox 497 1186 939 1258; x_wconf 86' lang='grc' dir='ltr'>προειρήκαμεν,</span> <span class='ocrx_word' id='word_1_834' title='bbox 986 1184 1292 1257; x_wconf 83' lang='grc' dir='ltr'>προσώπων</span> <span class='ocrx_word' id='word_1_835' title='bbox 1340 1181 1586 1253; x_wconf 79' lang='grc' dir='ltr'>ὑφεστώ-</span> 
     </span>
    </p>
   </div>
   <div class='ocr_carea' id='block_1_109' title="bbox 66 1274 1588 1347">
    <p class='ocr_par' dir='ltr' id='par_1_109' title="bbox 66 1274 1588 1347">
     <span class='ocr_line' id='line_1_109' title="bbox 66 1274 1588 1347; baseline -0.005 -12"><span class='ocrx_word' id='word_1_836' title='bbox 66 1299 146 1335; x_wconf 85' lang='grc' dir='ltr'><strong>των</strong></span> <span class='ocrx_word' id='word_1_837' title='bbox 202 1277 509 1340; x_wconf 86' lang='grc' dir='ltr'>ὑποστάσεις</span> <span class='ocrx_word' id='word_1_838' title='bbox 547 1276 899 1347; x_wconf 76' lang='grc' dir='ltr'>ὀνομάζουσιν</span> <span class='ocrx_word' id='word_1_839' title='bbox 979 1277 1030 1328; x_wconf 83' lang='grc' dir='ltr'>οἱ</span> <span class='ocrx_word' id='word_1_840' title='bbox 1094 1274 1428 1340; x_wconf 76' lang='grc' dir='ltr'>ἀνατολικοὶ,</span> <span class='ocrx_word' id='word_1_841' title='bbox 1467 1275 1588 1346; x_wconf 77' lang='grc' dir='ltr'>οὐχὶ</span> 
     </span>
    </p>
   </div>
   <div class='ocr_carea' id='block_1_110' title="bbox 64 1368 1590 1442">
    <p class='ocr_par' dir='ltr' id='par_1_110' title="bbox 64 1368 1590 1442">
     <span class='ocr_line' id='line_1_110' title="bbox 64 1368 1590 1442; baseline -0.004 -15"><span class='ocrx_word' id='word_1_842' title='bbox 64 1373 138 1436; x_wconf 75' lang='grc' dir='ltr'>τὰς</span> <span class='ocrx_word' id='word_1_843' title='bbox 180 1374 312 1442; x_wconf 82' lang='grc' dir='ltr'>τρεῖς</span> <span class='ocrx_word' id='word_1_844' title='bbox 357 1369 700 1435; x_wconf 81' lang='grc' dir='ltr'>ὑποστάσεις,</span> <span class='ocrx_word' id='word_1_845' title='bbox 749 1370 898 1440; x_wconf 86' lang='grc' dir='ltr'>τρεῖς</span> <span class='ocrx_word' id='word_1_846' title='bbox 946 1368 1140 1439; x_wconf 86' lang='grc' dir='ltr'>ἀρχὰς,</span> <span class='ocrx_word' id='word_1_847' title='bbox 1188 1369 1400 1440; x_wconf 87' lang='grc' dir='ltr'>ἢτρεῖς</span> <span class='ocrx_word' id='word_1_848' title='bbox 1437 1368 1590 1432; x_wconf 82' lang='grc' dir='ltr'>θεοὺς</span> 
     </span>
    </p>
   </div>
   <div class='ocr_carea' id='block_1_111' title="bbox 65 1458 1590 1532">
    <p class='ocr_par' dir='ltr' id='par_1_111' title="bbox 65 1458 1590 1532">
     <span class='ocr_line' id='line_1_111' title="bbox 65 1458 1590 1532; baseline -0.004 -15"><span class='ocrx_word' id='word_1_849' title='bbox 65 1465 288 1532; x_wconf 77' lang='grc' dir='ltr'>λέγοντες.</span> <span class='ocrx_word' id='word_1_850' title='bbox 336 1460 818 1532; x_wconf 81' lang='grc' dir='ltr'>Ἀναθεματίζουσι</span> <span class='ocrx_word' id='word_1_851' title='bbox 870 1458 1012 1530; x_wconf 83' lang='grc' dir='ltr'><strong>γάρ,</strong></span> <span class='ocrx_word' id='word_1_852' title='bbox 1061 1459 1114 1513; x_wconf 79' lang='lat' dir='ltr'><strong>sl.’</strong></span> <span class='ocrx_word' id='word_1_853' title='bbox 1146 1477 1229 1523; x_wconf 90' lang='grc' dir='ltr'><strong>τις</strong></span> <span class='ocrx_word' id='word_1_854' title='bbox 1263 1460 1409 1529; x_wconf 83' lang='grc' dir='ltr'>λέγει</span> <span class='ocrx_word' id='word_1_855' title='bbox 1442 1461 1590 1530; x_wconf 88' lang='grc' dir='ltr'>τρεῖς</span> 
     </span>
    </p>
   </div>
   <div class='ocr_carea' id='block_1_112' title="bbox 122 3906 1622 3989">
    <p class='ocr_par' dir='ltr' id='par_1_112' title="bbox 122 3906 1622 3989">
     <span class='ocr_line' id='line_1_112' title="bbox 122 3906 1622 3989; baseline -0.004 -21"><span class='ocrx_word' id='word_1_856' title='bbox 122 3916 206 3969; x_wconf 90' lang='lat' dir='ltr'><strong>lZ&#39;.</strong></span> <span class='ocrx_word' id='word_1_857' title='bbox 234 3915 369 3989; x_wconf 80' lang='grc' dir='ltr'><strong>Περί⁸</strong></span> <span class='ocrx_word' id='word_1_858' title='bbox 391 3914 509 3985; x_wconf 82' lang='grc' dir='ltr'>γὰρ</span> <span class='ocrx_word' id='word_1_859' title='bbox 550 3913 646 3985; x_wconf 82' lang='grc' dir='ltr'><strong>τῆς</strong></span> <span class='ocrx_word' id='word_1_860' title='bbox 683 3910 824 3966; x_wconf 88' lang='grc' dir='ltr'><strong>κατά</strong></span> <span class='ocrx_word' id='word_1_861' title='bbox 866 3910 1043 3965; x_wconf 86' lang='grc' dir='ltr'>πάντα</span> <span class='ocrx_word' id='word_1_862' title='bbox 1083 3906 1176 3962; x_wconf 90' lang='grc' dir='ltr'><strong>τοῦ</strong></span> <span class='ocrx_word' id='word_1_863' title='bbox 1210 3907 1341 3961; x_wconf 83' lang='grc' dir='ltr'>Υίοῦ</span> <span class='ocrx_word' id='word_1_864' title='bbox 1372 3909 1508 3979; x_wconf 77' lang='grc' dir='ltr'>πρὸς</span> <span class='ocrx_word' id='word_1_865' title='bbox 1530 3908 1622 3963; x_wconf 83' lang='grc' dir='ltr'><strong>τδν</strong></span> 
     </span>
    </p>
   </div>
   <div class='ocr_carea' id='block_1_113' title="bbox 71 3999 1619 4079">
    <p class='ocr_par' dir='ltr' id='par_1_113' title="bbox 71 3999 1619 4079">
     <span class='ocr_line' id='line_1_113' title="bbox 71 3999 1619 4079; baseline -0.004 -20"><span class='ocrx_word' id='word_1_866' title='bbox 71 4007 255 4079; x_wconf 80' lang='grc' dir='ltr'>Πατέρα</span> <span class='ocrx_word' id='word_1_867' title='bbox 275 4007 597 4077; x_wconf 79' lang='grc' dir='ltr'>ὁμοιότητος</span> <span class='ocrx_word' id='word_1_868' title='bbox 629 4003 960 4074; x_wconf 79' lang='grc' dir='ltr'>πλατύτερον</span> <span class='ocrx_word' id='word_1_869' title='bbox 987 4001 1083 4072; x_wconf 84' lang='grc' dir='ltr'>μὲν</span> <span class='ocrx_word' id='word_1_870' title='bbox 1113 3999 1346 4070; x_wconf 84' lang='grc' dir='ltr'>ἀλλαχοῦ</span> <span class='ocrx_word' id='word_1_871' title='bbox 1369 3999 1582 4072; x_wconf 82' lang='grc' dir='ltr'>εἴρηται</span> <span class='ocrx_word' id='word_1_872' title='bbox 1605 4016 1619 4031; x_wconf 82' lang='lat'>&#39;</span> 
     </span>
    </p>
   </div>
   <div class='ocr_carea' id='block_1_114' title="bbox 69 4089 1625 4165">
    <p class='ocr_par' dir='ltr' id='par_1_114' title="bbox 69 4089 1625 4165">
     <span class='ocr_line' id='line_1_114' title="bbox 69 4089 1625 4165; baseline -0.004 -17"><span class='ocrx_word' id='word_1_873' title='bbox 69 4096 234 4165; x_wconf 73' lang='grc' dir='ltr'>ὁμοίως</span> <span class='ocrx_word' id='word_1_874' title='bbox 259 4097 314 4150; x_wconf 85' lang='grc' dir='ltr'>δὲ</span> <span class='ocrx_word' id='word_1_875' title='bbox 345 4096 443 4149; x_wconf 72' lang='grc' dir='ltr'>καὶ</span> <span class='ocrx_word' id='word_1_876' title='bbox 475 4093 573 4148; x_wconf 89' lang='grc' dir='ltr'><strong>νῦν</strong></span> <span class='ocrx_word' id='word_1_877' title='bbox 603 4095 658 4146; x_wconf 78' lang='grc' dir='ltr'>ὲν</span> <span class='ocrx_word' id='word_1_878' title='bbox 699 4093 891 4165; x_wconf 85' lang='grc' dir='ltr'>βραχεῖ</span> <span class='ocrx_word' id='word_1_879' title='bbox 935 4089 1497 4162; x_wconf 79' lang='grc' dir='ltr'>παρασημειῶσασϐαι</span> <span class='ocrx_word' id='word_1_880' title='bbox 1525 4089 1625 4142; x_wconf 81' lang='grc' dir='ltr'><strong>οὑκ</strong></span> 
     </span>
    </p>
   </div>
   <div class='ocr_carea' id='block_1_115' title="bbox 81 5190 1637 5269">
    <p class='ocr_par' dir='ltr' id='par_1_115' title="bbox 81 5190 1637 5269">
     <span class='ocr_line' id='line_1_115' title="bbox 81 5190 1637 5269; baseline -0.004 -18"><span class='ocrx_word' id='word_1_881' title='bbox 81 5199 246 5268; x_wconf 77' lang='grc' dir='ltr'>ἐκρινε</span> <span class='ocrx_word' id='word_1_882' title='bbox 271 5201 385 5269; x_wconf 79' lang='grc' dir='ltr'>τὴν</span> <span class='ocrx_word' id='word_1_883' title='bbox 412 5199 715 5268; x_wconf 82' lang='grc' dir='ltr'>ἁμαρτίαν</span> <span class='ocrx_word' id='word_1_884' title='bbox 746 5197 815 5250; x_wconf 83' lang='grc' dir='ltr'>ἐν</span> <span class='ocrx_word' id='word_1_885' title='bbox 838 5195 910 5263; x_wconf 79' lang='grc' dir='ltr'><strong>τῇ</strong></span> <span class='ocrx_word' id='word_1_886' title='bbox 942 5195 1144 5263; x_wconf 77' lang='grc' dir='ltr'>σαρκί.</span> <span class='ocrx_word' id='word_1_887' title='bbox 1180 5193 1265 5257; x_wconf 82' lang='grc' dir='ltr'>Ὠς</span> <span class='ocrx_word' id='word_1_888' title='bbox 1294 5193 1510 5246; x_wconf 82' lang='grc' dir='ltr'>ὲπ¹ιτων</span> <span class='ocrx_word' id='word_1_889' title='bbox 1545 5190 1637 5245; x_wconf 79' lang='grc' dir='ltr'><strong>δύο</strong></span> 
     </span>
    </p>
   </div>
   <div class='ocr_carea' id='block_1_116' title="bbox 143 5580 1388 5658">
    <p class='ocr_par' dir='ltr' id='par_1_116' title="bbox 143 5580 1388 5658">
     <span class='ocr_line' id='line_1_116' title="bbox 143 5580 1388 5658; baseline 0.006 -20"><span class='ocrx_word' id='word_1_890' title='bbox 143 5586 390 5658; x_wconf 64' lang='grc' dir='ltr'>ξΠατρὸς</span> <span class='ocrx_word' id='word_1_891' title='bbox 431 5586 533 5658; x_wconf 63' lang='grc' dir='ltr'><strong>και</strong></span> <span class='ocrx_word' id='word_1_892' title='bbox 582 5583 910 5658; x_wconf 21' lang='grc' dir='ltr'>Υἱοῦᾼιῃιιίο.</span> <span class='ocrx_word' id='word_1_893' title='bbox 989 5581 1006 5612; x_wconf 82' lang='grc'><strong><em>³</em></strong></span> <span class='ocrx_word' id='word_1_894' title='bbox 1040 5580 1233 5658; x_wconf 46' lang='grc' dir='ltr'><strong>Ι⁴’;τὴν</strong></span> <span class='ocrx_word' id='word_1_895' title='bbox 1263 5582 1388 5638; x_wconf 66' lang='grc' dir='ltr'>ἀπόο</span> 
     </span>
    </p>
   </div>
   <div class='ocr_carea' id='block_1_117' title="bbox 92 5652 1146 5730">
    <p class='ocr_par' dir='ltr' id='par_1_117' title="bbox 92 5652 1146 5730">
     <span class='ocr_line' id='line_1_117' title="bbox 92 5652 1146 5730; baseline -0.005 -19"><span class='ocrx_word' id='word_1_896' title='bbox 92 5655 108 5686; x_wconf 75' lang='grc'><strong>⁸</strong></span> <span class='ocrx_word' id='word_1_897' title='bbox 131 5652 342 5730; x_wconf 77' lang='lat' dir='ltr'><strong>Philipp.</strong></span> <span class='ocrx_word' id='word_1_898' title='bbox 390 5673 455 5723; x_wconf 81' lang='grc' dir='ltr'><strong>ιι,</strong></span> <span class='ocrx_word' id='word_1_899' title='bbox 494 5655 554 5723; x_wconf 85' lang='lat'><strong>6,</strong></span> <span class='ocrx_word' id='word_1_900' title='bbox 588 5654 639 5708; x_wconf 90' lang='lat'><strong>7.</strong></span> <span class='ocrx_word' id='word_1_901' title='bbox 718 5656 735 5685; x_wconf 85' lang='grc'><strong>⁷</strong></span> <span class='ocrx_word' id='word_1_902' title='bbox 765 5653 921 5709; x_wconf 77' lang='lat' dir='ltr'><strong>Rom.</strong></span> <span class='ocrx_word' id='word_1_903' title='bbox 953 5667 1069 5721; x_wconf 77' lang='lat' dir='ltr'><strong>vm,</strong></span> <span class='ocrx_word' id='word_1_904' title='bbox 1094 5652 1146 5706; x_wconf 82' lang='lat'><strong>&#39;5.</strong></span> 
     </span>
    </p>
   </div>
   <div class='ocr_carea' id='block_1_118' title="bbox 3424 5617 3462 5652">
    <p class='ocr_par' dir='ltr' id='par_1_118' title="bbox 3424 5617 3462 5652">
     <span class='ocr_line' id='line_1_118' title="bbox 3424 5617 3462 5652; baseline 0 0"><span class='ocrx_word' id='word_1_905' title='bbox 3424 5617 3462 5652; x_wconf 67' lang='grc' dir='ltr'><strong>ο</strong></span> 
     </span>
    </p>
   </div>
  </div>
