3822 6304
345 5663 381 5700 δ

1381 205 1420 210 ---
1431 206 1478 214 νο
1493 206 1498 211 ε

419 297 528 353 ιες
1819 293 1875 350 S.
1923 287 2024 346 EPl

2161 287 2263 346 .Nll
3319 281 3343 311 -’
3609 259 3734 344 430

423 413 710 483 Siquidem
744 411 831 466 illa
871 411 1056 475 verba,
1101 409 1352 465 Formam
1381 413 1516 468 servi
1546 412 1826 481 accipiens,
1864 421 1912 464 et
1947 412 2000 463 in
2030 465 2031 469 η

2161 416 2207 464 ὲν
2239 409 2367 480 γὰρ,
2403 407 2657 477 Μορφὴν
2673 407 2896 462 δούλου
2919 406 3142 462 λαϐὼν.
3175 406 3270 460 καὶ
3287 405 3357 461 ἐν
3375 406 3735 478 ὁμοιώματι

422 503 826 559 similitudinem
855 506 1127 560 hominum
1159 504 1353 573 factus,
1375 519 1596 559 carnem
1635 504 1785 558 illum
1823 519 1854 558 e
1881 501 2004 556 Vir-

2161 502 2435 571 νθρώπων
2461 501 2802 570 γενόμενος,
2835 499 3120 564 δείκνυσιν,
3157 501 3312 553 ὅτιὲκ
3343 501 3445 572 τῆς
3479 501 3730 572 Παρθέ-

424 599 548 669 gine
596 599 903 666 sumpsisse
965 597 1272 651 declarant.
1325 595 1690 661 Quamobrem
1742 596 1836 650 illa
1885 595 2004 666 ipsa

2161 615 2200 648 IU
2244 594 2421 665 σάρκα
2450 592 2729 646 ἀνέλαὸεν.
2772 593 2980 646 Οὐκοῦν
3020 595 3052 664 ἡ
3086 593 3242 663 σὰρξ,
3272 594 3338 664 ἣν
3377 593 3666 648 ἀνέλαϐεν
3700 597 3734 646 6

424 705 576 753 cazo,
620 705 783 758 quam
822 689 910 742 Dei
944 689 1116 743 Filius
1152 688 1350 752 induit,
1384 689 1572 745 eadem
1616 697 1711 748 est,
1746 703 1870 742 cum
1901 703 2006 742 Cte-

2163 687 2240 750 ῑὸς
2272 685 2367 739 τοῦ
2413 685 2570 748 Θεοῦ,
2623 684 2759 756 αὐτὴ
2794 685 2890 755 μὲν
2914 686 3028 737 ἔστι
3057 688 3122 756 τῇ
3157 688 3317 757 σαρκὶ
3350 686 3472 738 τῶν
3490 683 3732 755 ἀνθρὼ-

425 789 670 834 tet-orum
713 779 995 833 hominum
1034 794 1236 834 carne:
1273 779 1341 832 ad
1377 779 1660 833 hominum
1703 793 1834 834 vero
1857 779 2008 833 simi-

2161 799 2248 833 ων.
2297 780 2383 832 Ἐν
2416 777 2722 849 ὁμοιώματι
2755 777 2810 830 δὲ
2843 777 3147 849 ἀνθρώπων
3176 779 3342 840 ἐστὶν,
3377 779 3580 850 ἐπειδὴ
3613 780 3732 833 οὐκ

427 873 712 926 litudincm
746 887 869 925 esse
898 870 1122 934 dicitur,
1161 872 1420 941 quoniam
1448 887 1556 926 non
1588 871 1730 924 virili
1777 880 1896 926 satu
1941 885 2005 924 ac

2161 891 2176 926 ι
2204 873 2414 945 σπορᾶς
2438 874 2512 936 ὡς
2541 871 2837 945 ἀνθρωποι,
2863 871 2981 925 οὐδὲ
3007 873 3070 924 ἐκ
3104 871 3287 942 κοίτης
3319 871 3520 943 ἀνδρὸς
3557 873 3732 940 ἐγενε-

427 965 728 1020 concuhitu
760 963 1044 1018 hominum
1069 978 1224 1018 more
1245 972 1544 1035 prognatus
1573 969 1678 1017 est.
1699 961 1817 1017 Non
1845 977 2006 1016 secus

2161 963 2270 1036 ᾗθη.
2289 965 2376 1028 Ὠς
2410 963 2552 1017 κατά
2575 963 2664 1017 τὸν
2697 963 2878 1032 ὅμοιον
2901 963 3117 1033 τρόπον,
3145 964 3238 1015 καὶ
3272 964 3446 1027 όΥξὸς
3483 964 3730 1032 πνεῦμα

429 1073 492 1109 ae
521 1054 692 1111 Filius
730 1070 854 1110 cum
891 1055 1122 1125 spiritus
1168 1057 1239 1110 sit
1277 1095 1292 1120 ,
1369 1066 1422 1112 et
1477 1056 1700 1123 spiritus
1751 1071 1780 1108 a
1845 1054 2007 1110 Patre

2161 1075 2208 1122 ν,
2242 1057 2336 1112 καὶ
2361 1060 2424 1112 ἐκ
2451 1055 2546 1110 τοῦ
2584 1055 2796 1126 Πατρὸς
2839 1055 3053 1126 πνεῦμα
3087 1054 3386 1128 γεννηθεὶς,
3426 1057 3585 1110 κατὰ
3615 1059 3728 1128 μὲν

429 1149 671 1216 genitus,
716 1155 991 1218 quatenus
1031 1149 1261 1220 spiritus
1291 1165 1319 1202 a
1357 1148 1552 1218 spiritu
1593 1146 1814 1217 prodiit,
1865 1145 2008 1200 idem

2161 1169 2171 1202 ι
2202 1149 2416 1220 πνεῦμα
2436 1151 2500 1202 ἐκ
2533 1147 2841 1218 πνεύματος
2873 1144 3030 1208 εἶναι,
3057 1148 3117 1200 τὸ
3141 1148 3271 1202 αὐτό
3299 1151 3471 1214 ἐστιν,
3511 1147 3731 1220 ὥσπερ

428 1249 513 1294 εει
548 1255 673 1293 cum
725 1241 840 1302 illo,
875 1241 1017 1294 sicut
1044 1248 1322 1310 quatenus
1362 1254 1492 1293 caro
1534 1255 1597 1294 ex
1632 1253 1796 1293 carne
1835 1237 2010 1292 lactus

2161 1241 2219 1311 τὸ)
2247 1240 2386 1294 κατὰ
2410 1241 2470 1294 τὸ
2501 1240 2636 1312 σὰρξ
2675 1241 2739 1292 ὲκ
2771 1239 2972 1310 σαρκὸς
2995 1235 3242 1311 εἷναιτῆς
3270 1241 3492 1310 Μαρίας
3513 1258 3527 1270 ο
3567 1241 3731 1294 κατὰ

431 1339 539 1392 εει,
585 1329 754 1384 Maria
796 1330 1074 1390 videlicet.
1125 1330 1268 1384 idem
1313 1340 1396 1384 est
1431 1347 1554 1384 cum
1607 1345 1793 1385 carne.
1838 1328 2012 1384 Porro

2161 1350 2170 1385 :
2210 1332 2272 1384 τὸ
2321 1333 2448 1387 ἄνευ
2507 1331 2804 1403 ἀπορροίας
2833 1332 2926 1384 καὶ
2958 1330 3161 1394 πάθους
3194 1331 3287 1384 καὶ
3321 1331 3612 1402 μερισμοῦ
3656 1332 3730 1386 ἐκ

431 1427 702 1484 quatenus
735 1418 854 1474 sine
888 1417 1181 1489 proﬂuvio,
1216 1419 1470 1488 passione
1500 1434 1564 1473 ac
1595 1420 1866 1474 divisione
1903 1419 2010 1472 ulla

2161 1423 2207 1478 δῦ
2253 1423 2464 1495 Πατρὸς
2491 1421 2836 1494 γεννηθῆναι,
2878 1421 3062 1490 ὅμοιός
3103 1422 3217 1474 ἐστι
3251 1420 3326 1490 τῷ
3357 1422 3571 1493 Πατρίο
3623 1425 3731 1477 καὶ

433 1523 462 1558 a
497 1507 655 1572 Patre
689 1511 906 1576 genitus
947 1518 1051 1573 est,
1095 1508 1272 1564 Patris
1312 1519 1396 1565 est
1436 1511 1668 1575 similis;
1725 1525 1826 1566 nec
1868 1509 2010 1566 idem

433 1614 557 1652 eum
583 1617 669 1664 eo,
713 1605 792 1656 sic
841 1609 894 1656 et
932 1601 1104 1655 Filius
1151 1602 1454 1656 secundum
1487 1617 1731 1668 carnem,
1762 1603 1831 1656 ad
1861 1604 2014 1657 simi-

436 1691 712 1746 litudinem
747 1693 1016 1747 hominum
1045 1695 1219 1762 factus
1241 1705 1334 1761 est,
1366 1711 1467 1750 nec
1496 1703 1579 1750 est
1613 1693 1756 1750 idem
1791 1697 2012 1750 omnino

434 1795 560 1834 cum
597 1783 841 1838 homine.

507 1870 694 1928 XVIII.
727 1873 895 1944 Igitur
925 1876 980 1931 in
1012 1875 1259 1949 Epistola
1291 1878 1357 1933 ad
1388 1877 1768 1950 Philippenscs
1795 1878 1898 1934 hoc
1923 1879 2016 1934 ille

437 1978 538 2016 nos
569 1962 778 2026 docuit,
811 1967 1089 2036 quomodo
1117 1967 1240 2024 Filii
1273 1969 1587 2040 hypostasis
1627 1968 1806 2025 Patris
1843 1969 2013 2041 hypo-

437 2053 573 2107 stasi
605 2054 678 2108 sit
706 2055 934 2121 similis;
967 2056 1208 2127 Spiritus
1233 2061 1377 2112 enim
1404 2073 1432 2111 a
1456 2057 1619 2112 Patre
1643 2059 2009 2130 progreditur.

438 2143 620 2210 Quare
663 2147 707 2200 si
752 2148 980 2216 spiritus
1034 2150 1312 2206 notionem
1365 2153 1704 2216 consideres,
1747 2153 1888 2209 idem
1931 2166 2016 2210 est

423 2253 564 2312 _cum
619 2239 802 2303 Patre.
841 2242 1069 2312 perinde
1124 2260 1188 2300 ac
1218 2246 1404 2299 carnis
1460 2247 1611 2300 illum
1666 2248 1820 2302 notio
1871 2248 2014 2304 idem

441 2343 568 2381 cum
623 2328 846 2385 homine
889 2332 1198 2389 constituit.
1247 2331 1365 2388 Non
1420 2334 1560 2390 idem
1606 2350 1737 2390 vero
1783 2344 1888 2399 est,
1922 2337 2017 2393 sed

441 2416 636 2473 similis
666 2418 955 2484 duntaxat,
983 2429 1258 2492 quatenus
1293 2424 1524 2494 spiritus
1573 2426 1683 2492 ille,
1711 2427 1803 2498 qui
1845 2423 2016 2484 Filius

443 2519 550 2571 est,
582 2525 688 2564 non
722 2519 805 2566 est
834 2510 1018 2568 Pater.
1052 2511 1122 2568 Et
1157 2514 1247 2568 illa
1273 2530 1424 2578 caro,
1447 2531 1611 2586 quam
1647 2517 1749 2572 sibi
1778 2517 2016 2574 Verbum

442 2601 714 2669 adiunxit,
735 2619 843 2658 non
865 2619 896 2660 e
920 2605 1065 2660 virili
1094 2615 1216 2661 satu
1241 2623 1304 2662 ae
1328 2608 1604 2679 voluptate
1631 2611 2016 2680 proficiscitur,

443 2694 626 2749 sedeo
649 2696 830 2761 modo,
861 2701 954 2767 qui
984 2699 1038 2752 in
1076 2697 1369 2770 Evangelio
1399 2699 1634 2756 traditur
1655 2705 1693 2758 ι.
1731 2701 1824 2758 llis
1861 2705 2022 2775 igitur

445 2785 725 2850 oinnibus,
753 2796 813 2842 ut
860 2797 1020 2846 antea
1060 2790 1269 2846 dictum
1301 2803 1405 2856 est,
1439 2795 1898 2864 quemadmodum
1929 2795 2024 2849 F'i-

451 2873 580 2932 lius.
615 2886 887 2945 quatenus
914 2889 998 2936 est
1035 2895 1100 2935 ac
1131 2881 1388 2937 subsistit
1423 2881 1560 2954 ipse,
1588 2884 1735 2938 Patri
1761 2885 1813 2938 in
1843 2887 2024 2941 omni-

451 2964 551 3018 bus
582 2965 654 3020 sit
690 2967 908 3034 similis,
943 2967 1117 3025 Filius
1149 2985 1249 3026 nos
1288 2970 1527 3026 edocuit.
1555 2972 2024 3036 Quemadmodum

2115 1516 2214 1568 οὐκ
2244 1515 2404 1576 αὐτὸς
2430 1515 2457 1566 6
2485 1511 2626 1566 κατὰ
2653 1513 2829 1584 σάρκα
2856 1511 3006 1574 Υἱὸς,
3035 1511 3103 1564 ἐν
3128 1510 3446 1580 ὁμοιώματι
3473 1514 3724 1582 ἀνθρώ-

2117 1624 2245 1660 πων
2269 1605 2421 1669 ἐστὶ,
2459 1604 2552 1658 καὶ
2577 1604 2676 1658 οὐκ
2704 1603 2835 1656 αὐτὸ
2868 1604 3008 1659 κατά
3038 1603 3214 1656 πάντα
3246 1603 3561 1675 ἄνθρωπος.

2187 1867 2292 1921 lH'.
2333 1867 2540 1922 Οὐκοῦν
2559 1868 2645 1922 διὰ
2672 1868 2772 1940 τῆς
2791 1869 2928 1940 πρὸς
2952 1868 3340 1941 Φιλιππησίους
3378 1871 3728 1944 Ἐπιστολῆς

2115 1961 2351 2028 ἐδίδαξεν
2399 1963 2569 2033 ἡμᾶς,
2623 1961 2742 2026 πῶς
2800 1964 2833 2033 ή
2883 1962 3178 2025 ὑπόστασις
3221 1963 3312 2015 τοῦ
3353 1963 3482 2016 Tia-3
3537 1965 3728 2034 ὁμοία

2117 2054 2232 2106 ἐστὶ
2263 2056 2327 2124 τῇ
2354 2053 2649 2107 ὑποστάσει
2689 2051 2781 2105 τοῦ
2823 2052 3054 2123 Πατρόςο
3105 2052 3319 2123 πνεῦμα
3351 2053 3458 2124 γὰρ
3492 2056 3560 2107 ἐκ
3598 2056 3728 2108 Πα-

2115 2144 2260 2215 τρός.
2295 2145 2402 2197 Καὶ
2459 2143 2600 2196 κατὰ
2649 2143 2747 2214 μὲν
2776 2142 2875 2213 τὴν
2903 2141 2997 2194 τοῦ
3036 2142 3248 2213 Πατρὸς
3280 2142 3301 2173 ⁸
3332 2143 3544 2197 ἔννοιαν
3579 2163 3730 2198 ταυ-

2116 2239 2226 2301 τὸν,
2257 2237 2331 2301 ὡς
2355 2236 2496 2290 κατὰ
2518 2237 2614 2308 τὴν
2643 2237 2744 2306 τῆς
2766 2235 2966 2308 σαρκὸς
2987 2235 3196 2290 ἔννοιαν
3219 2237 3431 2292 ταυτόν.
3465 2239 3543 2291 Οὔ
3575 2256 3727 2294 ταυ-

2117 2331 2208 2384 τὸν
2223 2330 2300 2393 δὲ,
2335 2329 2448 2384 ἀλλ’
2485 2331 2690 2400 ὅμοιον,
2725 2328 2860 2381 διότι
2885 2326 2944 2380 τὸ
2979 2325 3196 2397 πνεῦμα
3234 2329 3262 2382 ὅ
3299 2329 3443 2381 ἐστιν
3473 2332 3503 2383 ό
3538 2329 3723 2398 Υεδς,

2118 2425 2218 2476 οὐκ
2254 2423 2402 2475 ἔστιν
2431 2422 2458 2473 ὀ
2491 2421 2699 2492 Πατήρ.
2732 2419 2841 2472 Καὶ
2864 2420 2897 2490 ἡ
2930 2419 3064 2490 σὰρξ
3079 2419 3148 2489 ῆν
3171 2423 3200 2474 ὁ
3217 2420 3385 2488 Λόγος
3409 2420 3720 2488 ἀνέλαϐεν,

2119 2517 2217 2570 οὐκ
2248 2516 2394 2568 ἔστιν
2445 2516 2510 2567 ἐκ
2544 2513 2856 2584 σπέρματος
2895 2513 2988 2565 καὶ
3015 2512 3238 2582 ἡδονῆςο
3267 2512 3382 2566 ἀλλ’
3411 2514 3598 2579 οὕτως
3638 2515 3724 2581 ὡς

2119 2609 2180 2662 τὸ
2215 2605 2538 2676 Εὑαγγέλιον
2577 2606 2729 2676 ἡμᾶς
2759 2602 2984 2668 ἐδίδαξε.
3005 2604 3104 2657 Διὰ
3138 2605 3322 2682 μὲν
3359 2604 3596 2670 τούτων,
3639 2608 3726 2672 ὡς

2123 2702 2465 2773 προείρηται,
2512 2697 2628 2760 πῶς
2672 2696 2701 2748 6
2743 2696 2870 2760 Υἱὸς
2903 2695 3048 2751 κατὰ
3082 2696 3142 2750 τὸ
3174 2693 3314 2750 εἶναι
3356 2697 3581 2763 ἑαυτοῦ,
3619 2701 3728 2752 καὶ

2124 2795 2266 2848 κατὰ
2311 2792 2372 2846 τὸ
2429 2787 2674 2860 ὑφεστὼς
2715 2782 2853 2841 εἶναι
2892 2787 3106 2853 ἑαυτοῦ,
3161 2789 3348 2858 ὅμοιός
3395 2789 3514 2842 ἐστι
3561 2792 3728 2844 κατὰ

2127 2887 2306 2939 πάντα
2337 2883 2414 2956 τῷ
2466 2881 2663 2952 Ila-:91,
2697 2883 2725 2933 6
2759 2879 2886 2941 Υἱὸς
2938 2879 3249 2932 ἐπαίδευσεν
3277 2883 3421 2952 ἡμᾶς
3447 2897 3468 2909 '
3505 2883 3638 2948 πῶς
3665 2884 3729 2936 δὲ

2126 2979 2309 3050 ὅμοιός
2361 2977 2477 3029 ἐστι
2535 2974 2677 3028 κατὰ
2708 2972 2805 3043 τὴν
2854 2972 3103 3043 βούλησιν
3148 2974 3239 3026 καὶ
3274 2973 3369 3044 τὴν
3401 2973 3729 3044 ἐνέργειαν,

449 3071 582 3110 vero
615 3058 896 3116 voluntate
940 3071 993 3117 et
1024 3063 1242 3118 actione
1288 3065 1657 3136 operibusque
1693 3065 1764 3120 sit
1804 3067 2024 3131 similis,

2161 3071 2226 3124 ιαὶ
2257 3068 2324 3122 τὰ
2350 3067 2718 3138 ἐνεργήματα,
2746 3064 2834 3117 διὰ
2864 3065 2961 3134 τῆς
2988 3067 3121 3135 πρὸς
3155 3065 3475 3135 Ῥωμαίους,
3505 3067 3608 3135 ἀφ’
3647 3061 3733 3120 ὧν

413 3207 417 3211 ,
451 3163 515 3202 ex
553 3148 800 3219 Epistola
821 3153 888 3206 ad
922 3152 1202 3210 Romanos
1236 3155 1554 3217 didicimus,
1587 3157 1680 3211 ubi
1723 3157 1814 3212 ille
1847 3159 1983 3212 dixit
2011 3179 2025 3213 :

451 3236 524 3296 In
569 3241 914 3298 similitudine
955 3245 1118 3316 865
1173 3249 1353 3302 carnis
1407 3249 1609 3316 peccati
1666 3249 2031 3304 condemnavit

450 3338 725 3398 peccatum
749 3333 803 3385 in
833 3336 1051 3390 carne'.
1075 3333 1208 3389 Nam
1241 3337 1330 3390 illa
1367 3354 1516 3405 caro,
1547 3355 1709 3410 quam
1735 3340 1828 3395 Dei
1859 3340 2034 3397 Filius

455 3417 657 3484 induit,
695 3420 823 3475 licet
876 3422 1066 3478 eadem
1121 3433 1269 3480 esset
1324 3441 1449 3480 cum
1497 3442 1665 3484 carne
1704 3431 1936 3499 peccati,
1981 3438 2034 3484 et

454 3512 648 3567 eodem
692 3514 856 3569 modo
913 3514 981 3569 ad
1036 3515 1268 3583 famem,
1331 3520 1478 3574 sitim
1539 3528 1703 3598 atque
1759 3537 2032 3586 somnum,

456 3617 570 3676 quo
623 3603 832 3675 reliqua
865 3620 996 3661 caro
1045 3607 1228 3663 omnis
1277 3609 1668 3678 impelleretur,
1718 3611 1804 3666 his
1852 3619 2035 3664 tamen

459 3696 720 3752 omnibus
744 3713 1092 3767 nequaquam
1125 3698 1193 3754 ad
1225 3710 1448 3770 peccata
1476 3703 1877 3756 concitabatur.
1903 3702 2036 3757 Pro-

462 3799 649 3858 pterea
688 3787 826 3842 dixit
865 3788 1186 3858 Apostolus.
1227 3789 1292 3844 In
1330 3793 1680 3848 similitudine
1709 3796 1888 3848 carnis
1921 3811 2039 3862 pec-

462 3881 604 3946 cati,
655 3877 802 3950 quod
859 3878 1050 3934 eodem
1104 3895 1228 3935 cum
1283 3881 1375 3936 illo
1418 3883 1654 3936 recidit:
1706 3885 2040 3955 Qumcunque

462 3975 604 4027 enim
650 3971 816 4026 Pater
860 3972 1014 4043 facit,
1065 3973 1174 4027 lucc
1218 3983 1268 4027 et
1318 3973 1493 4027 Filius
1542 3974 1789 4029 similiter
1834 3975 1968 4045 facit
1994 3978 2038 4031 ³.

464 4065 600 4120 Nam
635 4063 801 4121 Pater
841 4082 962 4121 cum
1007 4065 1080 4120 sit
1130 4065 1393 4136 spiritus,
1441 4073 1702 4137 tanquam
1751 4067 2039 4138 principali

467 4160 630 4214 modo
663 4157 816 4223 facit,
841 4157 1017 4216 Filius
1041 4172 1170 4213 vero
1193 4158 1284 4228 qui
1311 4168 1364 4214 et
1395 4159 1512 4229 ipse
1537 4161 1766 4230 spiritus
1799 4171 1902 4227 est,
1933 4178 2040 4216 non

465 4251 756 4323 principali
800 4252 985 4317 modo,
1033 4250 1182 4306 velut
1216 4251 1397 4316 Pater,
1446 4252 1542 4308 sed
1589 4254 1841 4308 similiter
1890 4253 2038 4310 facit.

463 4341 736 4410 Quocirca
765 4341 812 4398 si
847 4357 1068 4398 carnem
1097 4344 1355 4415 utrinque
1375 4355 1587 4416 spectes
1607 4388 1620 4412 ,
1647 4345 1786 4400 idem
1809 4358 1892 4401 est
1917 4362 2042 4402 cum

2132 3164 2348 3238 εἴρηκεν
2363 3174 2378 3189 ⁶
2416 3161 2510 3212 Ἐν
2521 3158 2831 3228 ὁμοιώματι
2848 3157 3074 3225 σαρκὸς
3095 3158 3378 3225 ἁμαρτίας
3402 3157 3735 3225 κατέκρινε

2132 3255 2248 3322 τὴν
2267 3251 2558 3323 ἁμαρτίαν
2581 3250 2650 3303 ἐν
2664 3248 2739 3319 τῇ
2759 3250 2959 3319 σαρκί.
3007 3249 3069 3300 Ἦ
3095 3247 3202 3319 γὰρ
3221 3247 3356 3320 αὐτὴ
3386 3249 3522 3318 σὰρξ
3554 3246 3733 3318 οὖσα,

2135 3347 2202 3416 ἢν
2255 3342 2516 3397 ἀνέλαϐεν
2549 3343 2577 3394 6
2607 3340 2733 3403 Υἱὸς
2765 3338 2858 3393 τοῦ
2901 3337 3057 3402 Θεοῦ,
3101 3341 3168 3410 τῇ
3222 3341 3494 3410 ἁμαρτίας
3526 3345 3732 3412 σαρκὶ,

2137 3435 2231 3490 καὶ
2281 3434 2478 3504 ὁμοίιος
2522 3430 2812 3503 κινουμένη
2855 3431 2993 3502 πρὸς
3040 3433 3247 3493 πεῖναν,
3286 3432 3378 3484 καὶ
3405 3431 3590 3498 δίψαν,
3632 3437 3734 3485 καὶ

2139 3529 2326 3589 ὕπνον,
2355 3526 2431 3589 ὼς
2477 3527 2627 3578 πᾶσα
2668 3523 2822 3594 σὰρξ,
2863 3525 2927 3576 ὲκ
2965 3522 3168 3576 τούτων
3192 3524 3584 3594 ἁμαρτητικῶς
3625 3527 3733 3577 οὐκ

2139 3621 2386 3673 ἐκινεῖτο.
2411 3616 2500 3670 Διὸ
2531 3617 2773 3686 εἴρηται·
2795 3615 2897 3668 Ἐν
2919 3613 3233 3683 ὁμοιώματι
3272 3613 3497 3681 σαρκός
3536 3616 3741 3682 ὁμαί-

2139 3711 2290 3774 τίας,
2351 3710 2488 3779 ὅπερ
2539 3706 2721 3777 ὅμοιόν
2750 3706 2865 3757 ἐστι
2899 3703 2975 3774 τῷ
2997 3745 3011 3768 ,
3041 3703 3227 3771 ’Λπερ
3256 3703 3366 3772 γὰρ
3406 3705 3438 3755 ὁ
3490 3705 3734 3772 Πατὴρ,

2141 3797 2455 3854 ταῦτακαὶ
2500 3799 2534 3851 ὁ
2600 3794 2732 3860 Υιὸς
2771 3793 2985 3862 ὁμοίως
3041 3791 3212 3846 ποιεῖ.
3273 3792 3332 3844 '0
3373 3791 3480 3862 γὰρ
3531 3791 3737 3862 Πατὴρ

2103 3889 2362 3961 ,πνεῦμα
2411 3889 2509 3953 ὢν,
2560 3884 2892 3947 αὖθεντικῶς
2944 3886 3106 3937 ποιεῖ.
3145 3884 3207 3952 ῘΟ
3245 3883 3300 3936 δὲ
3357 3881 3734 3954 Υἱὸς,πνεῦμα

2143 3981 2239 4049 ὢν,
2285 3981 2384 4034 οὐκ
2434 3976 2766 4040 αὑθεντικῶς
2829 3977 2991 4038 ποιεῖ,
3051 3973 3127 4038 ὡς
3202 3975 3232 4026 6
3301 3973 3521 4044 Πατὴρ,
3609 3974 3734 4026 ἀλλ’

2143 4074 2364 4146 ὁμοίως.
2417 4069 2624 4124 Οὐκοῦν
2677 4067 2811 4121 καθὸ
2862 4066 2960 4138 μὲν
2991 4065 3128 4136 σὰρξ
3173 4065 3266 4118 καὶ
3315 4063 3470 4136 σὰρξ,
3503 4065 3736 4129 ταυτὸν,

2145 4165 2334 4234 ὥσπερ
2379 4160 2515 4216 καθὸ
2561 4159 2778 4230 πνεῦμα
2821 4158 2915 4212 καὶ
2969 4157 3212 4228 πνεῦμα,
3252 4157 3642 4209 ταυτόν·καθὸ
3677 4158 3734 4210 δὲ

2146 4256 2271 4311 ἄνευ
2299 4253 2524 4322 σπορᾶς,
2556 4250 2616 4303 οὺ
2641 4247 2857 4311 ταυτὸν,
2875 4248 2986 4301 ἀλλ’
3005 4248 3208 4318 ὅμοιον·
3235 4247 3422 4317 ὥσπερ
3446 4246 3577 4300 καθὸ
3597 4246 3736 4300 ἄνευ

2151 4345 2454 4418 ἀπορροίας
2485 4343 2578 4398 καὶ
2612 4341 2818 4405 πάθους
2836 4342 2863 4393 6
2881 4341 3029 4406 Υἱὸς,
3056 4341 3117 4394 οὐ
3146 4340 3357 4406 ταυτὸν,
3379 4339 3492 4392 ἀλλ’
3517 4341 3740 4410 ὅμοιον..

469 4433 783 4490 hominibus
829 4433 1105 4500 Christus,
1168 4453 1328 4506 quem
1364 4435 1655 4492 admodum
1696 4438 1742 4492 si
1792 4438 2031 4516 spiritum

2161 4439 2292 4512 [Καὶ
2311 4435 2445 4491 καθὸ
2471 4435 2570 4506 μὲν
2604 4433 2740 4505 σὰρξ
2767 4433 2868 4486 καὶ
2883 4431 3037 4504 σὰρξ,
3055 4431 3269 4496 ταυτὸν,
3288 4432 3362 4495 ὡς
3397 4431 3531 4484 καθὸ
3560 4433 3738 4486 πνεῦο

469 4528 724 4596 utrinque
745 4535 979 4595 spectes,
997 4528 1138 4582 idem
1175 4535 1258 4582 est
1281 4543 1404 4581 cum
1427 4527 1749 4582 Patre..Jam
1775 4537 2044 4598 quatenus

469 4619 588 4672 sine
615 4617 825 4672 semine
851 4618 1067 4685 genitus
1088 4626 1191 4681 est,
1218 4633 1326 4672 non
1377 4617 1518 4672 idem
1551 4629 1655 4679 est,
1685 4619 1779 4673 sed
1814 4620 2044 4686 similis;

469 4708 700 4778 perinde
749 4717 913 4778 atque
960 4717 1232 4778 quatenus
1285 4708 1405 4764 sine
1467 4708 1735 4779 proﬂuvio
1788 4711 1922 4777 ullo,
1981 4725 2046 4766 ac

468 4801 730 4870 passione
768 4801 1039 4870 processit
1063 4799 1253 4866 Filius,
1298 4817 1407 4856 non
1441 4802 1582 4856 idem
1616 4810 1722 4864 est,
1756 4802 1851 4857 sed
1890 4804 2042 4857 simi-

471 4897 561 4952 lis.
591 4895 870 4963 Quatenus
895 4911 1024 4951 vero
1049 4896 1102 4950 in
1133 4896 1483 4951 similitudine
1511 4905 1586 4950 est
1606 4897 1782 4952 carnis
1823 4899 2044 4966 peccati,

470 5005 582 5044 non
620 4989 762 5045 idem
805 4997 890 5044 est
931 5003 1057 5042 cum
1101 4987 1286 5041 carnis
1323 4987 1804 5052 commotionibus,
1841 4987 1937 5043 sed
1973 4989 2048 5043 si-

471 5083 640 5138 milis.
662 5081 780 5137 Non
821 5081 976 5137 aliter
1005 5087 1169 5152 atque
1189 5080 1332 5136 idem
1361 5081 1453 5151 qui
1487 5081 1872 5138 commotionis
1930 5081 2078 5137 illius
2114 5080 2532 5139 similitudinem
2591 5079 2792 5144 habet,

2160 4550 2236 4604 μα
2252 4532 2347 4585 καὶ
2368 4529 2608 4599 πνεῦμα,
2628 4526 2820 4581 ταυτόν
2909 4527 3042 4580 καθὸ
3068 4527 3122 4580 δὲ
3152 4528 3221 4580 ἐν·
3245 4525 3560 4596 ὁμοιώματι
3583 4542 3737 4596 cap-

2156 4623 2262 4689 κὸς
2305 4622 2613 4690 ἁμαρτίας,
2646 4620 2829 4689 ὅμοιος
2856 4622 2968 4682 τοῖς
3011 4619 3208 4691 σαρκὸς
3236 4621 3518 4690 κινήμασι,
3547 4621 3644 4672 καὶ
3670 4622 3732 4673 οὐ

2153 4713 2370 4768 ταυτόν.
2408 4713 2617 4782 ’Ὠσπερ
2646 4705 2737 4764 οὖν
2786 4711 2843 4784 ὲν
2885 4710 3187 4780 ὁμοιώματι
3227 4712 3490 4781 κινήσεως
3525 4711 3555 4762 6
3579 4712 3733 4776 Υἱὸς,

2151 4804 2520 4876 ὑπουργικῶς,
2548 4805 2642 4856 καὶ
2671 4803 2732 4856 οὐ
2770 4802 2984 4867 ταυτὸν,
3013 4802 3086 4866 ὡς
3115 4805 3142 4855 6
3167 4803 3354 4873 Πατὴρ
3376 4802 3730 4867 αὐθεντικῶς.

2157 4900 2226 4951 "A
2255 4897 2362 4968 γὰρ
2385 4899 2412 4950 6
2444 4896 2632 4966 Πατὴρ
2662 4897 2823 4957 ποιεῖ,
2867 4894 3040 4948 ταῦτα
3079 4895 3173 4948 καὶ
3199 4895 3227 4946 ὁ
3255 4893 3401 4960 Υἱὸς,
3432 4896 3529 4965 οὐχ
3558 4895 3740 4960 οὕτως

2155 4988 2316 5052 αὐτὸς
2345 4990 2503 5052 ποιεῖ,
2533 4986 2646 5040 ἀλλ’
2669 4987 2886 5057 ὁμοίως.

2873 5077 3045 5133 Filius
3104 5078 3540 5135 administrando
3605 5099 3730 5138 cum

473 5176 632 5232 Patre
666 5175 847 5232 facere
891 5175 1116 5241 dicitur,
1147 5191 1258 5231 non
1306 5176 1448 5231 idem
1487 5191 1608 5232 esse
1663 5193 1786 5232 cum
1829 5178 1944 5243 illo,
1999 5186 2093 5232 aut
2150 5177 2438 5250 principali
2498 5176 2661 5232 modo
2724 5175 2920 5231 facere.
2983 5173 3117 5228 Nam
3173 5191 3509 5246 quascunque
3571 5177 3734 5234 Ρειιυι·

475 5267 624 5330 facit,
665 5265 853 5321 eadem
885 5272 938 5319 et
961 5264 1154 5330 Filius,
1191 5281 1302 5320 non
1337 5265 1528 5322 eodem
1561 5275 1740 5322 tamen
1786 5266 1967 5333 modo,
2001 5267 2095 5323 sed
2137 5267 2391 5322 similiter
2423 5265 2574 5320 facit.

548 5358 622 5410 Ex
650 5356 736 5412 his
765 5371 894 5412 vero
922 5357 1177 5412 omnibus
1216 5357 1561 5428 perspicuum
1595 5368 1702 5423 est,
1749 5358 1946 5414 Filium
1993 5359 2050 5414 in

476 5450 729 5506 omnibus
759 5449 937 5507 Patris
960 5467 1083 5508 csse
1111 5451 1364 5518 similem,
1399 5453 1854 5524 quemadmodum
1881 5452 2052 5509 Filius

479 5532 652 5591 Patris
677 5552 798 5594 esse
823 5540 1017 5596 similis
1047 5541 1228 5606 debet,
1262 5558 1292 5596 a
1319 5557 1428 5614 quo
1460 5542 1675 5613 proprie
1701 5553 1786 5598 est
1821 5559 1883 5598 ac
1917 5545 2051 5615 legi-

550 5688 566 5720 '
597 5689 730 5745 Luc.
772 5705 812 5758 ι,
847 5691 935 5746 55.
1012 5696 1031 5725 ¹
1054 5687 1209 5748 Rom.
1246 5710 1363 5763 vni,
1388 5697 1439 5751 3.

2228 5361 2336 5414 Καὶ
2383 5360 2614 5429 φανερὸν
2655 5361 2718 5413 ἐκ
2753 5357 2977 5424 τούτων,
3026 5359 3106 5412 ὅτι
3152 5359 3291 5412 κατὰ
3334 5361 3509 5413 πάντα
3543 5363 3572 5412 6
3609 5364 3734 5428 Υἱὸς

2152 5451 2335 5522 ὅμοιός
2365 5451 2479 5503 ἐστι
2507 5449 2584 5522 τῷ
2608 5449 2803 5520 Πατρὶ,
2834 5449 2908 5513 ὼς
2937 5451 2966 5502 6
2995 5448 3122 5513 Υἱὸς
3148 5449 3319 5519 Πατρ“ι
3342 5447 3399 5514 ἐξ
3420 5451 3583 5505 αὑτοῦ
3609 5472 3708 5524 γνη

2157 5544 2286 5606 σεως
2338 5542 2750 5614 γεγεννημένος.
2800 5540 2920 5594 Τῶν
2959 5539 3066 5614 γὰρ
3109 5540 3323 5594 ἀτόπων
3378 5543 3546 5606 ἐστὶν,
3605 5545 3731 5599 Υἱὸν

1519 5699 1536 5728 ³
1575 5695 1732 5751 Ιίιιιη.
1769 5712 1818 5767 v,
1854 5697 1939 5753 19.
2019 5696 2038 5728 ³
2063 5696 2120 5751 F.
2152 5696 2491 5769 Πνίὺματος.
