3798 6212
107 255 198 316 ιὸἳ

695 253 1064 312 ADVERSUS
1100 255 1440 313 HERESES
1467 256 1596 314 LIB.
1636 259 1670 315 il

1774 259 1928 317 TOM.
1972 259 2376 316 1.-ΗᾹΞῐὶΕ5,
2419 263 2649 318 LXXIII.

3211 258 3323 316 43%

109 374 226 431 Θεοῦ
258 371 410 426 αὑτὸν
446 371 548 442 πρὸ
576 370 786 426 αἰώνων
822 373 1156 444 ὑπάρχοντα,
1199 375 1292 428 καὶ
1320 374 1459 429 κατὰ
1486 373 1648 444 φύσιν

1777 374 1882 434 ime
1901 381 2138 450 genitus.
2175 379 2307 434 illud
2337 381 2478 440 enim
2509 389 2592 436 est
2631 379 2944 442 absurdum,
2980 375 3171 432 Filium
3199 376 3313 444 Dei,

109 473 216 524 ὄντα
244 467 368 549 Θεὸν
399 467 459 519 ὲκ
480 464 614 518 θεοῦ
643 465 736 518 τοῦ
781 466 1016 536 Πατρδς,
1057 467 1145 520 ὅτε
1174 467 1324 538 παρὰ
1355 467 1516 536 φύσιν
1544 468 1642 539 μὲν

1774 470 1838 540 iui
1889 472 2104 528 saeculis
2148 471 2400 527 omnibus
2448 471 2686 527 anterior
2735 481 2850 535 est,
2901 477 2956 524 et
3001 472 3315 526 naturaliter

111 557 277 614 ἑαυτοῦ
310 557 373 609 ὲκ
409 555 624 626 Μαρίας
669 555 890 623 γέγονεν
921 555 1225 628 ἄνθρωπος,
1265 558 1450 627 ὅμοιον
1483 557 1644 612 αὐτὸν

112 648 333 720 γενέσθαι
373 649 483 709 τοῖς
522 647 662 700 κατὰ
700 646 862 715 φύσιν
902 647 1209 718 ἀνθρώποις
1248 648 1306 702 ὲν
1341 648 1420 720 τῷ
1450 649 1644 703 ἑαυτοῦ

112 738 238 809 παρὰ
261 736 430 806 φύσιν.
459 735 617 806 Παρὰ
642 736 801 803 φύσιν
831 735 937 808 γὰρ
967 732 1036 808 ἦν
1089 737 1238 809 αὐτῷ
1264 738 1384 809 Θεῷ
1406 739 1520 793 όντι
1553 757 1648 810 γε·

111 828 272 883 νέσθαι
303 824 600 897 ἄνθρωπον·
652 827 711 876 ὲν
756 825 832 896 τῷ
862 825 1005 879 κατὰ
1032 826 1194 896 φύσιν
1242 827 1300 881 δὲ
1338 827 1530 884 ἑαυτοῦ
1573 828 1649 900 μὴ

111 917 228 975 εἶναι
256 919 410 973 αὐτὸν
444 920 627 990 ὅμοιον
649 918 728 990 τῷ
756 920 932 990 Πατρὶ
960 918 1039 990 τῷ
1076 921 1414 992 γεννήσαντι.
1453 921 1516 974 Εἰ
1541 921 1650 994 γὰρ

111 1016 159 1067 ὲν
181 1011 251 1082 τῷ
275 1009 421 1080 παρὰ
451 1009 612 1078 φύσιν
649 1010 843 1063 ἑαυτοῦ
874 1011 1061 1081 ὅμοιός
1095 1014 1213 1065 ἐστι
1244 1014 1354 1076 τοῖς
1384 1012 1525 1066 κατὰ
1552 1011 1653 1080 φύ-

115 1121 202 1166 σιν,
233 1100 402 1171 πολλῷ
422 1101 582 1154 πλέον
606 1101 790 1173 ὅμοιός
815 1103 958 1155 ἐστιν
981 1104 1038 1156 ὲν
1065 1103 1144 1174 τῷ
1169 1103 1311 1157 κατὰ
1333 1103 1495 1174 φύσιν
1523 1105 1651 1159 ἐαυ-

114 1194 192 1248 τοῦ
218 1193 290 1265 τῷ
319 1192 458 1247 κατὰ
497 1191 658 1263 φύσιν
697 1195 935 1264 γνησίως
974 1193 1136 1248 αὐτὸν
1173 1195 1522 1267 γεγεννηκότι
1550 1196 1656 1250 Πα-

112 1288 204 1359 τρί.
235 1287 387 1338 Ὥστε
415 1285 477 1338 τὸ
514 1286 698 1355 ὅμοιον
737 1283 877 1338 εἶναι
915 1284 1058 1339 κατὰ
1091 1286 1271 1341 πάντα
1301 1286 1392 1340 τὸν
1426 1286 1550 1340 Υἰὸν
1577 1286 1656 1357 τῷ

114 1378 266 1448 Πατρὶ
310 1377 660 1445 προσκεῖσθαι
700 1376 842 1429 κατὰ
887 1376 987 1442 τὰς
1034 1377 1275 1448 Γραφάς.
1325 1378 1548 1449 Ὅμοιος
1589 1377 1657 1430 -δὲ

115 1469 303 1537 ἐνοήθη,
332 1468 406 1530 ὡς
433 1466 669 1531 ἐδίδαξεν
693 1467 840 1537 ἡμᾶς
872 1468 970 1538 τὴν
993 1467 1087 1521 τοῦ
1114 1467 1300 1538 ὁμοίου
1333 1467 1539 1522 ἔννοιαν
1570 1468 1659 1523 διὰ

115 1562 205 1614 τῶν
233 1559 634 1631 προειρημένων
667 1561 697 1613 ό
741 1559 1079 1624 ’Δπόστολος.
1113 1561 1338 1631 ’Ὀμοιος
1375 1559 1483 1632 γάρ
1519 1561 1656 1628 ἐστι,

117 1651 194 1704 καὶ
224 1649 348 1704 καθὸ
379 1649 492 1720 ζωὴ
523 1649 588 1702 ἐκ
619 1649 785 1720 ζωῆς,
817 1649 932 1719 φῶς
970 1651 1034 1704 ὲκ
1064 1651 1262 1721 φωτὸς,
1287 1650 1380 1705 καὶ
1409 1649 1659 1722 ἀληθινὸς

1747 562 1892 620 Deus
1934 580 1965 618 a
2008 563 2120 621 Deo
2150 563 2309 621 Patre
2351 564 2636 635 processit,
2675 578 2797 618 cum
2839 569 3033 632 praeter
3071 572 3318 618 naturam

1748 670 1902 712 suam
1937 656 2100 713 homo
2127 665 2211 712 est
2233 673 2298 713 ex
2329 657 2496 712 Maria
2518 655 2740 727 Virgine
2769 655 2966 719 factus,
2998 656 3051 710 in
3085 671 3149 711 eo
3181 657 3321 724 ipso.

1749 748 1895 818 quod
1943 739 2138 819 praiter
2175 758 2423 804 naturam
2481 748 2730 812 habebat,
2766 749 3094 802 naturalimu
3149 747 3323 800 homi-

1750 855 1880 894 num
1927 841 2160 896 similem
2210 842 2482 897 exstitisse
2528 861 2539 894 :
2597 847 2790 911 printer
2841 846 3090 893 naturam
3145 845 3323 890 autent

1751 940 1870 987 erat
1891 932 1988 997 illi,
2024 934 2117 1004 qui
2149 933 2292 990 Deus
2329 939 2494 996 esset,
2535 940 2595 986 ut
2640 933 2802 987 homo
2839 931 3026 993 ﬁeret;
3077 935 3131 981 at
3174 926 3227 980 in
3262 941 3326 979 co

1752 1022 1898 1093 quod
1925 1023 2026 1093 ipsi
2059 1023 2307 1079 naturale
2329 1030 2435 1088 est,
2465 1038 2575 1078 non
2613 1037 2736 1079 esse
2766 1021 2966 1083 Patris,
3002 1019 3092 1088 qui
3135 1033 3192 1072 se
3232 1031 3326 1086 ge-

1755 1113 1955 1179 nuerit,
1985 1113 2234 1168 similem.
2281 1113 2339 1167 Si
2369 1113 2513 1168 enim
2563 1113 2616 1167 in
2657 1127 2742 1173 eo,
2779 1109 2922 1182 quod
2955 1117 3146 1180 prmter
3178 1119 3329 1161 uatu-

1754 1214 1872 1254 ram
1905 1200 2086 1264 habet,
2121 1215 2309 1256 eorum
2343 1201 2537 1258 similis
2576 1209 2681 1266 est,
2732 1202 2930 1272 quibus
2975 1199 3102 1254 illud
3149 1198 3327 1268 ipsum

1756 1291 2073 1346 naturaliter
2100 1292 2372 1353 convenit.
2409 1293 2578 1349 multo
2618 1292 2789 1362 magis
2819 1293 2871 1346 in
2901 1307 2964 1346 eo
2996 1289 3138 1360 quod
3168 1295 3332 1342 natu-

1757 1381 1871 1436 rale
1901 1389 1955 1436 et
1986 1381 2205 1437 insitum
2244 1381 2422 1445 habet,
2472 1382 2648 1437 Patris
2679 1381 2837 1452 illius
2882 1380 3076 1435 similis
3127 1379 3248 1440 erit,
3299 1393 3328 1430 a

1757 1485 1865 1540 quo
1902 1469 2220 1526 naturaliter
2265 1479 2348 1526 est
2381 1480 2432 1525 et
2464 1469 2702 1539 legitime
2735 1469 2967 1540 genitus.
3038 1465 3175 1520 lliuc
3222 1465 3328 1518 ita-

1760 1576 1864 1630 que
1916 1560 2222 1632 colligimus
2269 1561 2419 1626 illud,
2469 1560 2614 1630 quod
2664 1559 2922 1623 diximus,
2982 1558 3212 1612 similem
3275 1557 3330 1610 iu

1759 1653 2013 1707 omnibus
2037 1667 2158 1708 esse
2185 1651 2362 1708 Patris
2388 1651 2601 1716 Filium,
2633 1666 2697 1706 ex
2729 1665 3012 1704 sacrorum
3044 1648 3330 1702 Librorum

118 1743 166 1808 ἐξ
183 1740 441 1811 ἀληθινοῦ,
468 1740 562 1795 καὶ
595 1743 758 1810 σοφία
780 1743 846 1796 ὲκ
871 1741 1058 1812 σοφοῦ.
1080 1743 1188 1798 Καὶ
1218 1742 1468 1811 καθάπαξ
1496 1741 1656 1816 [ἐστὶ]

1774 1743 2083 1799 iuctoritate
2107 1743 2447 1814 pronuntiari
2487 1744 2711 1813 insuper
2763 1753 3032 1813 oportere.
3065 1740 3330 1810 quemad-

120 1831 242 1886 κατὰ
265 1831 357 1893 τὰς
386 1832 628 1902 Γραφὰς,
671 1835 732 1887 οὐ
775 1833 918 1888 κατὰ
959 1836 1060 1906 τὴν
1108 1834 1387 1909 ἐνέργειαν
1425 1837 1517 1889 καὶ
1561 1834 1659 1906 τὴν

122 1922 347 1992 βούλησίν
379 1924 495 1977 ὲστι
539 1924 696 1994 μόνον
724 1926 928 1996 ὅμοιος,
961 1913 1098 1980 ἀλλὰ
1123 1926 1240 1981 κατ’
1272 1927 1402 1982 αὐτὸ
1431 1927 1492 1980 τὸ
1520 1921 1660 1980 εἶναι

122 2015 199 2079 καὶ
215 2013 521 2083 ὑφεστάναι,
551 2015 645 2068 καὶ
674 2016 940 2086 ὑπάρχειν
968 2018 1150 2088 ὅμοιός
1175 2019 1288 2070 ἐστι
1317 2016 1461 2072 κατὰ
1484 2017 1658 2072 πάντα

121 2102 184 2173 τῷ
206 2105 367 2173 Πατρὶ
395 2102 476 2174 τῷ
509 2106 848 2176 γεννήσαντι,
875 2107 950 2170 ὡς
989 2105 1106 2168 υἱὸς
1147 2105 1330 2176 πατρί.

1766 1839 1983 1891 modum
2016 1838 2209 1893 similis
2242 1837 2513 1892 notionem
2555 1836 2620 1890 iis
2663 1849 2783 1904 qua:
2823 1834 3066 1904 proxime
3096 1844 3332 1886 commc-

1766 1925 2117 1987 iuoravimus,
2149 1924 2303 1979 nobis
2334 1924 2628 1996 Apostolus
2667 1921 2913 1976 tradidit.
2950 1919 3158 1975 Etenim
3183 1917 3336 1974 simi-

1767 2015 1834 2070 lis
1861 2023 1964 2082 est,
1999 2023 2269 2086 quatenus
2297 2017 2404 2071 vita
2439 2032 2506 2072 ex
2547 2015 2678 2082 vita,
2703 2015 2889 2071 lumen
2925 2029 2954 2069 e
2992 2012 3214 2072 lumine,
3247 2022 3338 2063 νει-ε

1768 2122 1860 2160 rus
1884 2121 1946 2160 ex
1974 2122 2123 2174 vero,
2153 2115 2207 2162 et
2229 2107 2491 2178 sapientia
2525 2125 2555 2164 a
2581 2109 2825 2180 sapiente
2849 2104 3112 2179 procedit.
3141 2103 3345 2170 Atquci.

123 2204 171 2250 ut
206 2211 306 2251 uno
345 2197 512 2252 verbo
549 2197 746 2262 dicam,
773 2197 962 2253 iisdem
1014 2212 1044 2252 e
1084 2195 1380 2266 Scripturis
1421 2201 1651 2256 constat,
1689 2207 1797 2247 non
1839 2197 2053 2252 actione
2101 2212 2166 2253 ac
2214 2200 2494 2256 voluntate
2515 2201 2690 2256 solum
2721 2200 2888 2263 illius,
2917 2199 3012 2254 sed
3041 2191 3342 2252 secundum

121 2291 263 2362 863
293 2289 390 2345 hoc
415 2289 593 2360 ipsum
625 2290 770 2359 quod
813 2297 916 2357 est,
967 2299 1022 2344 et
1067 2289 1338 2354 subsistit,
1376 2297 1536 2358 atque
1571 2283 1808 2352 exsistit,
1839 2287 2072 2343 similem
2115 2286 2172 2345 in
2195 2287 2453 2346 omnibus
2471 2285 2891 2358 essePatri,qui
2926 2285 3077 2342 illum
3121 2282 3301 2356 genuit
3323 2313 3340 2340 ι

122 2383 550 2456 quemadmodum
599 2380 736 2450 patri
791 2380 929 2436 ﬁlius
957 2380 1151 2438 similis
1181 2387 1286 2438 est.

182 2477 273 2531 IG’.
327 2475 448 2529 Ἐὰν
495 2476 544 2528 οἱ
590 2474 767 2527 καινοὶ⁸
812 2473 1100 2544 αἱρετικοὶ,
1151 2470 1662 2543 προσδιαλεγόμενοι

128 2570 258 2638 ἡμῖν,
285 2568 577 2638 ἀγέννητον
613 2565 829 2632 λέγουσι
871 2565 966 2618 καὶ
997 2564 1276 2636 γεννητὸν,
1304 2563 1535 2633 ἐροῦμεν
1569 2560 1665 2614 αὐ-

126 2663 235 2722 τοῖς·
272 2659 482 2728 Ἐπειδὴ
519 2657 994 2728 κακουργήσαντες
1036 2655 1096 2709 τὺ
1138 2655 1238 2725 τῆς
1281 2653 1466 2716 οὐσίας
1500 2652 1669 2722 ὄνομα

129 2752 176 2803 ἐν
203 2750 380 2820 χρήσει
409 2752 525 2812 τοῖς
558 2747 833 2817 Πατράσιν
870 2747 1111 2818 ὑπάρχον
1138 2745 1213 2810 ὡς
1235 2745 1479 2815 ἄγραφον
1507 2742 1566 2794 οὐ
1588 2741 1672 2794 δέ-

131 2839 286 2909 χεσθε·
313 2839 427 2896 οὐδὲ
455 2841 619 2910 ἡμεῖς
643 2837 703 2891 τὸ
724 2839 1017 2908 ἀγέννητον
1043 2836 1288 2907 ἄγραφον
1310 2835 1368 2888 ὃν
1392 2832 1671 2904 δεξόμεθα.

1839 2464 1978 2518 XIX.
2013 2463 2167 2532 Quod
2197 2464 2242 2520 si
2273 2461 2396 2518 novi
2431 2463 2506 2517 illi
2555 2458 2790 2516 haeretici
2831 2456 3112 2510 uobiscum
3145 2452 3344 2521 dispu--

1773 2566 1951 2614 tantes
1981 2558 2276 2628 ingenitum
2306 2557 2654 2628 genitumque
2683 2551 2940 2613 dixerint,
2989 2548 3068 2604 sic
3113 2546 3216 2599 illis
3245 2560 3345 2599 oc-

1774 2664 2057 2704 curremus
2084 2668 2096 2702 :
2129 2647 2392 2713 Quoniam
2427 2645 2744 2702 substantize
2781 2656 2997 2705 nomen,
3025 2653 3132 2708 quo
3163 2635 3348 2691 Patres

1779 2742 1863 2796 usi
1895 2748 2042 2802 sunt,
2069 2755 2134 2794 eo
2161 2738 2306 2809 quod
2331 2739 2383 2792 in
2413 2737 2694 2806 Scriptura
2717 2748 2824 2802 non
2849 2738 3045 2792 exstat,
3073 2727 3213 2781 mala
3246 2724 3349 2780 ﬁde

1780 2831 2099 2904 repudiatis,
2135 2845 2308 2901 neque
2343 2843 2442 2883 nos
2469 2825 2688 2898 ingeniti
2721 2821 3061 2882 vocabulum,
3094 2826 3348 2886 tanquam

136 2930 417 3002 Ἀφθαρτον
455 2931 576 3000 μὲν,
613 2931 705 2983 καὶ
733 2929 983 3000 ἀόρατον,
1024 2929 1116 2981 καὶ
1160 2926 1425 2982 ἀθάνατον
1466 2925 1613 2993 λέγει
1648 2926 1670 2976 ό

1783 2923 1985 2992 scripto
2018 2939 2124 2976 non
2157 2935 2494 2991 expressum,
2529 2915 2885 2971 admittimus.
2927 2909 3061 2964 Nam
3103 2910 3354 2962 incorru«

145 2981 468 3083 Ἀπόστολος·⁵
491 2981 743 3072 οὐδέποτε
774 2981 832 3070 δὲ
865 2981 1026 3070 αὐτδν
1065 3016 1359 3085 ἀγέννητον
1397 2981 1670 3085 ὠνόμασεν

1783 2981 1930 3085 ptum
1959 2996 2181 3084 quidem
2225 2981 2278 3066 et
2319 3026 2425 3066 non
2463 3006 2844 3079 aspectabilem
2894 3011 2948 3057 et
2995 2997 3353 3054 immortalem

136 3109 376 3182 ὴΓραφή.
424 3108 639 3162 Ἔπειθ’
673 3109 778 3170 ὅτι.
815 3107 890 3170 ὡς
943 3107 1286 3179 προείρηται,
1325 3107 1353 3159 ό
1389 3105 1670 3175 ἀγέννητος

1783 3114 1940 3161 vocat
1981 3104 2272 3175 Apostolus
2311 3121 2321 3154 :
2371 3099 2666 3170 ingenitum
2711 3109 2839 3151 vero
2887 3104 3154 3161 nusquam
3206 3085 3357 3141 Scri-

136 3177 353 3255 όοδέπόυ’
377 3200 636 3272 σημαίνει
679 3202 776 3270 τὴν
813 3199 909 3254 τοῦ
951 3177 1166 3269 Πατρδς
1211 3197 1436 3251 ἔννοιαν·
1472 3195 1564 3249 καὶ
1601 3196 1670 3248 ὅτι

1785 3205 1940 3268 ptura
1973 3195 2290 3250 nominavit.
2337 3190 2557 3246 Accedit
2602 3188 2745 3259 quod
2787 3182 3080 3254 ingenitus,
3107 3178 3181 3234 uti
3216 3177 3358 3232 dixi-

137 3297 216 3348 τὸν
239 3267 493 3365 γεννητδν
531 3293 676 3356 ἰδίως
703 3267 832 3344 Ῡιδν
865 3267 1092 3344 οῦδέποῦ
1129 3291 1382 3360 σημανεῖ,
1418 3287 1554 3342 ἀλλὰ
1579 3305 1670 3340 κοιε

1787 3303 1940 3349 mus,
1990 3283 2226 3338 nondum
2283 3283 2455 3351 ipsam
2512 3277 2690 3332 Patris
2741 3273 3015 3330 notionem
3068 3267 3358 3339 signiﬁcat,
3414 3293 3416 3296 ν

137 3357 318 3440 νοποιεί
343 3357 481 3457 πρὸς
521 3384 695 3439 πάντα
725 3382 796 3436 τὰ
825 3382 1059 3452 γεννητὰ
1085 3357 1450 3452 τὴν-ἔννοιαν.
1491 3379 1549 3432 '0
1577 3377 1670 3450 γὰρ

1789 3393 1964 3448 neque
2009 3377 2248 3447 genitum
2295 3371 2510 3443 proprie
2564 3368 2761 3423 Filium
2814 3363 3088 3432 exprimit,
3137 3359 3231 3415 sed
3289 3357 3358 3411 ad

138 3474 286 3529 εεπὼν
313 3450 595 3546 γεννητὸν,
626 3475 709 3531 ὅτι
743 3450 846 3545 μὲν.
867 3450 1090 3543 γέγονεν
1118 3450 1416 3543 ἐσήμανεν,
1449 3469 1670 3539 οὐδαμοῖ

1789 3469 1968 3522 omnia
1995 3467 2257 3537 producta
2283 3460 2644 3517 communiter
2674 3457 2924 3529 pertinet.
2962 3452 3095 3506 Nam
3145 3450 3234 3524 qui
3271 3464 3365 3519 gu-
3393 3499 3409 3509 ,

139 3568 186 3621 δὲ
211 3568 265 3620 τὸ
291 3567 475 3632 ἀϊδίως
506 3567 636 3620 Υἱδν
663 3564 952 3636 νοούμενον
987 3561 1356 3635 παρεδήλωσε.
1392 3562 1484 3614 Διὸ
1507 3560 1690 3623 ἁῖδίως

141 3657 421 3721 ἐννοοῦντες
444 3658 575 3730 Υεὸν
595 3655 752 3720 Θεοῦ,
770 3656 832 3708 οὐ
856 3652 1118 3724 δεξόμεθα
1137 3650 1294 3704 τοῦτο
1311 3651 1444 3721 πρὸς
1461 3649 1688 3716 τούτοις,

143 3753 210 3804 ὅτι
231 3750 288 3804 τὸ
307 3750 398 3804 τοῦ
429 3749 644 3821 Πατρὸς
674 3747 770 3802 καὶ
799 3745 929 3800 Υῐοῦ
955 3745 1124 3816 ὄνομα
1150 3744 1248 3814 τὴν
1272 3741 1407 3814 πρός
1428 3759 1481 3794 τι
1511 3739 1692 3810 σχέσιν

147 3841 397 3912 σημαίνει.
423 3839 518 3892 Διὸ
541 3838 645 3892 κᾶν
669 3835 889 3907 Πατέρα
921 3835 1078 3906 μόνον
1099 3834 1472 3905 ὀνομάζωμεν,
1501 3833 1694 3903 ἔχομεν

145 3933 211 4002 τῷ
231 3932 446 4004 ὀνόματι
472 3929 566 3984 τοῦ
589 3928 802 4000 Πατρὸς
829 3925 1345 3997 συνυπακουομένην
1371 3925 1467 3996 τὴν
1490 3923 1696 3978 ἔννοιαν

1793 3560 1963 3614 nilum
1991 3557 2146 3621 dicit,
2186 3553 2514 3624 productum
2556 3548 2813 3617 quiddam
2859 3541 3063 3613 aliquid
3101 3555 3221 3596 esse
3267 3538 3367 3595 de-

1793 3657 2083 3714 monstrat,
2126 3646 2348 3702 minime
2405 3651 2583 3697 tamen
2634 3637 2854 3697 Filium,
2899 3635 2990 3705 qui
3043 3634 3110 3687 ah
3164 3639 3368 3685 :rterno

1795 3743 2093 3814 productus
2139 3736 2496 3807 concipiatur,
2538 3731 2792 3788 ostendit.
2836 3725 3197 3794 Quamobrem
3246 3736 3368 3776 cum

1797 3811 1890 3890 bei
1925 3833 2119 3888 Filium
2168 3831 2237 3886 ab
2272 3837 2475 3883 aeterno
2519 3825 2879 3892 intelligamus
2919 3817 3198 3878 exsistere,
3239 3811 3380 3866 illud.

1801 3927 1976 3996 ipsum
2031 3936 2225 3978 nomen
2282 3927 2540 3990 prmterea
2599 3925 2942 3982 nequaquam
3003 3905 3371 3964 admittimus,

146 3993 227 4077 τέο
248 3993 393 4078 riis.
422 4023 618 4094 Πατὴρ
643 3993 753 4092 γάρ
778 4017 909 4073 rios
940 4019 1130 4089 Πατὴρ
1156 3993 1393 4085 λέγεται.
1423 3993 1541 4069 iiav
1569 4015 1667 4068 Υιδ

1801 3993 2056 4088 quoniam
2089 4013 2264 4068 Patris
2299 4009 2532 4078 Filiiquc
2583 4020 2774 4087 nomen
2821 4001 2886 4055 ad
2938 3997 3081 4053 aliud
3116 3993 3374 4094 quiddam

151 4100 292 4188 μόνον
320 4083 698 4190 ὀνομάσωμεν,
723 4083 938 4185 ’ἔχομεν
974 4083 1312 4180 τὴν-ἒννοιαν
1343 4106 1435 4160 τοῦ
1466 4105 1670 4176 Πατρὸς

1805 4083 2176 4162 habitudinem
2217 4101 2504 4172 significat.
2556 4083 2708 4151 Unde
2761 4093 2886 4146 licet
2944 4090 3155 4143 Patrem
3199 4083 3377 4140 solum

262 4209 368 4271 υἱὸς
394 4173 612 4276 flor:pr
639 4173 878 4272 λέγεται.
910 4173 1133 4271 Ἐχεται
1158 4197 1264 4268 γὰρ
1295 4196 1519 4267 θάτερον
1548 4173 1670 4250 θατέ

1806 4198 2169 4258 nominemus,
2202 4189 2322 4245 Filii
2356 4202 2571 4260 quoque
2600 4184 2878 4240 notionem
2925 4177 3104 4231 Patris
3141 4173 3379 4269 appella-

398 4257 880 4350 -οῦδιακότττεται
915 4292 948 4362 ὴ
980 4257 1182 4360 ἓχέσις,
1231 4257 1392 4338 ζΑλλὰ
1419 4257 1512 4337 ita).
1545 4283 1670 4354 μόνο

1774 4320 1780 4350 ι
1808 4290 1955 4343 tione
1973 4282 2422 4355 comprehensam
2446 4292 2552 4336 una
2580 4270 3012 4352 complectimur.
3042 4263 3202 4317 Pater
3233 4257 3379 4366 enim

155 4345 388 4458 ἑκάτερον
419 4388 712 4457 λεγόμενον
743 4345 1047 4450 συνεισόιγέι
1085 4378 1312 4448 θατέρου
1343 4375 1441 4445 τὴν
1471 4345 1670 4428 ἔννοιαι

1774 4345 1778 4350 γ
1809 4377 1930 4432 Filii
1969 4345 2124 4448 pater
2157 4372 2374 4428 dicitur.
2410 4369 2486 4422 Ac
2519 4365 2646 4420 licet
2692 4348 2866 4418 solum
2909 4355 3252 4458 nominemus

654 4476 834 4547 μόνον,
864 4438 997 4528 ἀλλα
1030 4469 1166 4541 μετὰ
1196 4438 1289 4520 τόῦ
1325 4438 1584 4536 ὀνόματος
1614 4480 1670 4517 κο

1812 4438 1988 4532 lium,-
2012 4464 2191 4519 Patris
2234 4472 2448 4532 quoque
2494 4457 2769 4511 notionem
2817 4463 2924 4504 una
2971 4438 3386 4544 comprehendi-

156 4570 242 4638 τῆς
283 4570 492 4638 φύσεως
535 4532 632 4639 τὴν
654 4532 993 4633 ὀίκειότητα.
1030 4532 1268 4632 ’Πατέρα
1311 4532 1430 4627 γὰρ
1459 4553 1670 4608 νοοῦντε

1814 4575 1956 4622 mus,
2006 4571 2070 4611 eo
2119 4553 2263 4625 quod
2335 4550 2487 4606 ﬁlius
2530 4545 2711 4601 Patris
2761 4556 2883 4598 esse
2934 4537 3101 4592 Filius
3145 4532 3381 4587 dicatur.

156 4633 234 4714 τὸν
267 4633 417 4724 θεὸν,
455 4633 601 4712 Θεοῦ.
632 4656 859 4727 νοοῦμεν
901 4651 1136 4722 Πατέρα·
1179 4651 1273 4706 κα)⁸
1318 4648 1437 4701 Υἱὸν
1465 4643 1670 4698 νοοῦντε

1816 4650 2059 4703 Alterum
2102 4646 2302 4717 quippe
2349 4655 2472 4697 cum
2520 4638 2690 4693 altero
2737 4641 3043 4689 connexum
3076 4633 3179 4686 est,
3211 4635 3390 4727 neque

159 4712 475 4814 Θεοῦξδεὸν
524 4712 773 4818 νοοῦμεν⁸
799 4746 890 4799 τὸν
947 4712 1180 4815 ρηθέντα
1237 4739 1362 4793 Υἱὸν
1406 4736 1565 4802 Θεοῦ,
1618 4752 1670 4789 κε

1819 4748 2040 4796 mutuus
2062 4712 2135 4793 ad
2159 4712 2278 4792 sese
2306 4733 2535 4789 invicem
2565 4732 2846 4798 respectus
2880 4718 3172 4776 dirimitur.
3206 4712 3392 4779 Quare

160 4844 323 4910 ὅμοιον
357 4843 554 4912 ἐκείνῳ
599 4839 742 4893 κατὰ
783 4837 881 4908 τὴν
910 4833 1093 4904 φύσιν,
1121 4825 1182 4886 οῦ
1214 4831 1308 4884 καὶ
1331 4833 1529 4883 νοεῖται
1564 4827 1670 4880 Υῑά

1818 4829 2035 4885 tametsi
2071 4827 2159 4882 vel
2195 4825 2422 4880 alterum
2471 4818 2865 4891 pronuntietur,
2918 4824 3020 4864 una
3058 4813 3113 4862 et
3161 4805 3391 4858 alterum

173 4896 469 5003 ’λγέννητον
508 4896 564 4986 δὲ
595 4932 655 4984 οὐ
695 4896 1192 5000 λέγεται-γεννητοῦ
1229 4924 1549 4994 ἀγέννητον,
1594 4919 1670 4974 οὐί

1817 4918 2188 4990 intelligentiae
2233 4923 2433 4970 nostrae
2473 4911 2728 4982 subiicit;
2781 4919 2882 4961 nec
2913 4902 3058 4957 illius
3091 4896 3252 4996 modo
3295 4905 3393 4992 no.

167 4993 399 5096 γεννητδν
422 5026 720 5096 ἀγεννήτου
745 4993 1023 5093 γεννητόν.
1084 4993 1096 5000 ς
1422 4993 1427 4994 ν

1820 5025 1964 5075 men,
2005 5022 2192 5062 verum
2227 5007 2388 5062 etiam
2422 5017 2530 5057 una
2559 5015 2680 5055 cum
2712 4995 2930 5052 nomine
2967 4997 3175 5045 natura:
3223 4993 3393 5096 ipsius

2930 5086 2942 5096 .
2987 5086 2998 5096 .
3200 5077 3263 5096 η,
3352 5074 3363 5096 ε

167 5071 847 5175 θῧίηίιοιεωιίιεηιοηεινοι.
887 5071 1096 5172 Etenim
1129 5129 1250 5169 cum
1291 5111 1506 5166 Patrem
1535 5108 1718 5163 animo
1754 5104 2095 5176 concipimus
2151 5101 2340 5158 Deum.
2399 5099 2488 5153 Dei
2526 5097 2738 5151 Patrem
2790 5086 3150 5156 concipimus.
3199 5077 3265 5181 Et

171 5167 454 5269 iiiis-{indi};
491 5167 848 5282 magis];
887 5167 1208 5275 asinae.
1237 5167 1243 5168 ί
1271 5201 1640 5272 intelligimus,
1674 5198 1769 5268 qui
1806 5197 1900 5252 Dei
1917 5167 2104 5252 riuus
2151 5195 2470 5266 appellatur,
2505 5189 2706 5259 quique
2756 5183 2904 5237 ίὶιίιιε
2959 5183 3154 5233 nam“
3201 5167 3397 5282 δίἮίξξῗ

173 5321 260 5370 εει,
284 5310 435 5379 cujus
460 5266 778 5378 intelligitur
819 5319 944 5362 esse
1000 5301 1189 5358 Filius.
1238 5299 1307 5353 At
1357 5295 1658 5366 ingenitum
1691 5266 1871 5364 geniti
1929 5304 2266 5362 nequaquam
2319 5283 2614 5356 ingenitum
2659 5278 2879 5339 dicitur,
2931 5281 3106 5338 neque
3157 5266 3398 5334 genitum

175 5404 379 5473 ingeniti
407 5403 673 5474 genitum.

235 5497 311 5549 K’.
354 5495 567 5566 Ἐπειδὴ
609 5492 788 5546 τοίνυν
831 5488 953 5544 οῦτε
997 5486 1094 5558 τὴν
1134 5484 1270 5555 πρὸς
1305 5480 1511 5552 ἄλληλα
1542 5478 1727 5549 σχέσιν

181 5586 278 5658 ιχει
302 5589 367 5641 τὰ
393 5586 484 5643 τοῦ
511 5587 806 5657 ἀγεννήτου
833 5583 926 5638 καὶ
953 5577 1237 5650 γεννητοῦ,
1276 5573 1398 5628 οῦτε
1432 5568 1726 5640 συνεμφαί-

184 5693 252 5738 ut
278 5676 368 5750 τὴν
396 5676 578 5748 φύσιν,
609 5676 901 5732 κοινοποιεῖ
925 5672 980 5726 δὲ
1009 5669 1141 5745 πρὸς
1167 5667 1234 5720 τὰ
1263 5661 1426 5720 λοιπὰ
1449 5661 1724 5732 ποιήματα

1906 5468 2020 5524 XX.
2052 5465 2318 5534 Quocirca
2361 5475 2486 5516 cum
2534 5453 2755 5525 ingeniti
2829 5447 3102 5520 genitique
3132 5439 3400 5497 vocabula
3472 5459 3480 5466 -

1836 5575 2010 5631 neque
2065 5556 2135 5612 ad
2192 5569 2314 5611 sese
2359 5559 2546 5606 mutuo
2598 5543 2932 5631 referantur,
2982 5551 3159 5631 neque
3196 5541 3420 5631 naturai

1837 5621 2286 5729 signiﬁcationem
2337 5641 2647 5729 involvam;
2703 5649 2765 5690 ac
2819 5621 3075 5706 praetcrea
3119 5622 3239 5680 Filii
3277 5635 3418 5698 prox.
