3822 6308
371 263 484 321 439

1791 262 1847 315 S.
1889 259 2230 315 EPIPHANII

3529 259 3638 316 ut!

375 381 658 452 prietatem
695 392 1038 433 communem
1093 393 1215 432 eum
1264 379 1496 442 caeteris,
1542 395 1660 448 quze
1695 380 1956 447 producta

2084 385 2152 436 ςοῦ
2183 380 2311 434 Υἱοῦ
2346 381 2446 449 τὴν
2473 379 2728 448 ίδιότητα·
2755 377 2814 430 οὐ
2839 374 3102 446 δεξόμεθα
3139 373 3238 445 μὲν
3261 373 3349 426 διὰ
3375 373 3476 444 τὴν
3501 374 3639 444 πρὸς

375 481 524 534 sunt,
558 465 811 535 eiiiciant‘,
856 486 925 525 ne
972 471 1038 524 ad
1089 471 1420 539 impietatem
1468 471 1579 524 ullo
1635 472 1956 526 insidiarum

375 561 608 615 artiﬁcio
655 562 1016 626 deducantur,
1040 561 1204 631 867
1256 561 1562 617 istiusmodi
1607 563 1827 616 nomina
1874 579 1958 618 re-

372 657 664 724 jiciemus;
720 641 896 711 Patris
937 670 1066 709 vero
1121 671 1184 709 ac
1220 654 1339 709 Filii
1379 657 1794 726 appellationem
1831 673 1959 712 san-

377 757 463 803 cte
493 764 557 803 ac
601 759 863 820 perpetuo
906 749 1309 816 usurpabinnts.
1365 749 1605 803 Primum
1661 751 1804 820 quod
1860 765 1960 805 nos

376 856 409 895 ε
437 840 729 911 gentilibus
754 842 926 893 vocati
962 839 1015 893 in
1059 841 1354 910 ingenitum
1400 857 1464 894 ac
1505 843 1740 909 genitum
1781 843 1958 912 bapti-

377 933 483 984 z-ati
513 947 620 986 non
665 947 876 995 sumus,
910 933 1005 986 sed
1041 933 1094 985 in
1125 931 1339 986 Patrem
1395 949 1458 986 ac
1501 932 1735 998 Filium;
1766 934 1962 989 deinde

380 1025 523 1095 quod
556 1023 726 1080 Filius
754 1041 1030 1094 nunquam
1080 1025 1292 1081 Patrem
1335 1041 1496 1080 suum
1527 1028 1824 1097 ingenitum
1868 1044 1962 1098 ap-

378 1117 611 1185 pellasse
645 1117 980 1186 reperiatur;
1014 1118 1108 1172 sed
1149 1117 1364 1172 Patrem
1402 1134 1617 1188 semper
1645 1121 1962 1175 nominave-

378 1208 447 1259 rit
479 1206 668 1271 Deum,
701 1208 944 1276 seipsum
974 1223 1102 1262 vero
1132 1207 1222 1263 Dei
1251 1206 1468 1264 Filium.
1498 1211 1708 1275 Quibus
1730 1227 1794 1265 ex
1826 1212 1961 1266 locis

379 1315 550 1368 pauca
595 1301 840 1369 quaedam
897 1301 1219 1355 ascribenda
1265 1313 1414 1357 sunt.
1467 1302 1620 1357 Hunc
1668 1304 1832 1374 igitur
1881 1305 1962 1358 sic.

379 1395 687 1462 loquentem
708 1392 994 1448 audiamus
1014 1412 1025 1447 :
1044 1392 1104 1448 Si
1121 1393 1399 1464 diligeritis
1415 1411 1512 1460 me,
1531 1396 1829 1466 gaudentis
1855 1398 1964 1450 uti-

378 1500 494 1552 que,
516 1485 640 1553 quia
658 1485 790 1538 vada
825 1485 892 1537 ad
931 1483 1149 1538 Patrem
1170 1502 1340 1539 meum
1364 1487 1403 1542 ⁸.
1425 1485 1553 1542 Item
1577 1505 1590 1542 :
1614 1487 1778 1552 Quem
1805 1488 1965 1542 Pater

380 1577 733 1645 sancti/iacvit
751 1587 800 1631 et
825 1579 970 1631 misit
991 1579 1044 1631 in
1079 1578 1353 1643 mundum,
1377 1595 1465 1632 vos
1491 1579 1619 1632 mihi
1644 1580 1959 1645 irascimini,

377 1665 516 1733 quod
531 1665 754 1720 dixerim
779 1683 796 1718 :
819 1664 988 1720 Filius
1008 1667 1102 1721 Dei
1119 1684 1235 1721 sum
1257 1670 1297 1720 '.
1323 1668 1449 1722 Item
1477 1687 1489 1722 :
1524 1667 1631 1738 Ego
1655 1680 1702 1723 et
1736 1687 1768 1723 a
1803 1669 1963 1726 Patre

2059 474 2312 529 ἀσέϐειαν
2339 471 2616 544 μεθοδείαν
2642 470 2712 523 τὰ
2735 470 2993 539 ὀνόματα·
3015 468 3100 520 ἀεὶ
3124 466 3181 517 δὲ
3208 466 3288 535 τῷ
3302 464 3397 518 τοῦ
3425 465 3640 534 Πατρὶς

2061 567 2154 620 καὶ
2177 564 2305 618 Υίοῦ
2337 564 2501 627 ὁσίως
2529 561 2866 633 χρησόμεθα.
2897 557 3122 629 Πρῶτον
3155 557 3252 626 μὲν
3281 551 3374 608 οὖν
3398 555 3480 608 ὅτι
3504 555 3554 606 oi
3579 553 3639 618 ἐξ

2061 655 2230 709 ἐθνῶν
2273 653 2560 723 κληθέντες
2609 653 2709 704 οὐκ
2752 647 3160 717 ἐϐαπτίσθημεν
3207 646 3289 708 εἰς
3344 645 3640 713 ἀγέννητον

2061 749 2155 801 καὶ
2179 746 2458 816 γεννητὸν,
2499 742 2614 796 ἀλλ’
2651 744 2731 804 είς
2775 740 2990 810 Πατέρα
3023 739 3119 792 καὶ
3149 737 3296 791 Υίόψ
3334 737 3528 788 ἔπειτα
3557 736 3642 787 ὅτι

2060 837 2298 908 οὐδαμοῦ
2336 836 2648 907 εὑρίσκεται
2679 834 2708 885 ὁ
2739 832 2866 894 Υἱὸς
2898 830 3136 902 εἰρηκὼς
3176 828 3268 881 τὸν
3308 825 3505 880 ἑαυτοῦ
3536 827 3643 879 [Ια-

2061 932 2196 1002 τέρα
2222 929 2538 998 ἀγέννητον,
2565 925 2702 980 ἀλλὰ
2733 924 2822 978 ἀεὶ
2853 923 3074 992 Πατέρα
3103 918 3339 992 εἰρηκὼς
3367 919 3460 972 τὸν
3481 918 3640 978 Θεὸν,

2060 1020 2157 1074 καὶ
2192 1018 2280 1073 ἀεὶ
2303 1015 2493 1070 ἑαυτὸν
2524 1016 2651 1069 Υἱὸν
2675 1013 2770 1067 τοῦ
2800 1011 2936 1066 θεοῦ
2967 1011 3146 1079 (ὀλίγα
3178 1009 3220 1040 ¹⁰
3251 1023 3646 1078 παρασημειω-

2062 1111 2223 1180 τέον),
2258 1107 2550 1172 ἀκούοντες
2587 1105 2754 1160 αὐτοῦ
2804 1105 3072 1172 λέγοντος·
3117 1104 3185 1156 Et
3231 1098 3502 1169 ἠγαπᾶτέ
3544 1115 3644 1167 με,

2060 1202 2319 1273 ἐχάρητε
2343 1201 2440 1264 ἂν,
2469 1199 2559 1254 ὅτι
2581 1198 2905 1266 πορεύομαι
2935 1195 3086 1264 πρὸς
3110 1193 3216 1247 τὸν
3244 1191 3478 1258 Πατέρα
3501 1206 3645 1258 μου·

2063 1295 2179 1358 καὶ,
2221 1295 2324 1346 ‘Or
2349 1295 2382 1347 ὀ
2415 1290 2620 1359 Πατὴρ
2649 1289 2866 1358 ﬁrmas
2904 1286 3003 1340 καί
3033 1284 3394 1339 ἀπέστειλεν
3425 1285 3517 1347 sic
3539 1279 3651 1332 τόν

2064 1386 2318 1454 κόσμον,
2351 1383 2480 1453 ἐμοὶ
2527 1379 2768 1451 χολᾶτε,
2799 1378 2888 1432 ὅτι
2909 1366 3120 1432 aliter"
3166 1374 3300 1439 Υἱὸς
3325 1371 3475 1427 Θεοῦ
3503 1373 3645 1439 ειμι·

2063 1474 2177 1538 καὶ,
2213 1474 2354 1543 Ἐγὼ
2367 1474 2436 1526 ἐκ
2456 1472 2562 1525 τοῦ
2577 1470 2805 1538 Πατρός
2825 1467 3109 1535 ἐξῆλθον,
3134 1465 3232 1518 καὶ
3254 1463 3398 1530 ἥκω.
3435 1463 3491 1512 Ἐ
3497 1459 3648 1526 £13.1-

2064 1570 2172 1620 θον
2194 1567 2262 1618 ὲκ
2294 1564 2400 1620 τοῦ
2428 1561 2677 1631 Πατρός,
2708 1558 2806 1616 καὶ
2839 1559 3110 1624 ἐλήλυθα
3136 1557 3224 1618 εὶς
3247 1552 3354 1605 τὸν
3386 1552 3647 1618 κόσμον·

2065 1654 2252 1709 πάλιν
2281 1655 2493 1723 ἀφίημι
2541 1652 2648 1705 τὸν
2692 1651 2948 1717 κόσμον,
2995 1645 3094 1700 καὶ
3135 1643 3458 1710 πορεύομαι
3495 1638 3651 1702 ,πρὸς

377 1757 534 1820 exivi,
561 1766 608 1810 et
643 1757 794 1810 vado.
816 1758 1021 1811 Exiria
1041 1757 1288 1818 Patre.et
1319 1761 1430 1812 veni
1474 1759 1526 1812 in
1545 1758 1793 1814 mundum
1819 1776 1836 1813 :
1861 1762 1964 1814 ite-

2084 1749 2174 1802 τὸν
2203 1747 2454 1815 Πατέρα.
2482 1746 2594 1799 Καὶ
2620 1746 2654 1815 ἡ
2679 1741 2936 1814 ὁμολογία
2957 1740 3016 1793 δὲ
3039 1736 3136 1792 τοῦ
3164 1736 3392 1806 Πέτρου·
3418 1733 3504 1786 Σὺ
3534 1728 3654 1820 εξό

379 1865 497 1903 rum
526 1850 764 1918 relinquo
784 1855 1057 1915 mundum,
1084 1861 1134 1905 et
1156 1852 1289 1905 vado
1315 1852 1384 1904 ad
1405 1851 1620 1905 Patrem
1636 1852 1678 1908 ³.
1701 1851 1851 1908 Adde
1870 1851 1969 1908 Pe-

380 1943 447 1997 tri
471 1943 892 1998 confessionem:
920 1942 997 1998 Tu
1023 1961 1077 1999 es
1095 1944 1338 2000 Christus
1368 1943 1544 2000 Filius
1577 1945 1670 2000 Dei
1696 1947 1737 2000 ‘.
1776 1946 1880 2003 Sed
1909 1958 1966 2002 et

380 2033 542 2089 Pater
567 2050 596 2089 e
624 2036 796 2089 cutio:
823 2034 922 2088 Hic
949 2047 1050 2099 est,
1075 2035 1269 2107 inquit,
1297 2035 1472 2092 Filius
1507 2054 1650 2090 mens
1667 2037 1888 2091 dilectus
1921 2039 1963 2092 ⁸.

382 2127 515 2192 Quae
551 2141 674 2180 cum
718 2127 791 2180 ita
827 2128 955 2190 sint,
988 2143 1222 2198 cumque
1261 2139 1315 2183 et
1352 2129 1512 2184 Pater
1543 2127 1687 2190 Filii,
1715 2138 1767 2183 et
1795 2128 1968 2184 Filius

386 2217 450 2272 P2
466 2220 565 2276 tris
603 2219 671 2274 ad
696 2235 818 2274 eum
848 2219 1068 2274 modum
1101 2221 1430 2286 meminerit,
1457 2230 1511 2275 et
1540 2237 1662 2284 nos,
1687 2233 1744 2276 ut
1772 2224 1968 2276 iterum

384 2309 583 2376 dicam,
626 2311 775 2366 hisce
829 2312 1143 2368 nominibus
1194 2312 1468 2382 obsignati
1529 2313 1722 2376 simus,
1777 2313 1970 2368 iisdem

385 2400 495 2457 illis
519 2417 736 2472 semper
759 2413 994 2469 utemur,
1030 2418 1092 2458 ac
1126 2403 1383 2474 profanas
1405 2417 1599 2458 vocum
1631 2404 1900 2460 novitates
1925 2406 1968 2472 ⁸,

383 2508 508 2563 quae
541 2495 898 2565 apostolicam
938 2496 1094 2552 ﬁdem
1125 2505 1462 2566 Oppugnant,
1494 2497 1682 2567 procul
1719 2497 1971 2566 repudia-

383 2585 588 2642 bimus.
621 2585 774 2652 Quod
809 2587 953 2642 enim
999 2603 1029 2641 a
1079 2587 1238 2642 Patre
1272 2588 1476 2642 dictum
1523 2597 1626 2651 est,
1699 2585 1763 2639 In
1797 2587 1973 2655 splen-

383 2678 603 2734 doribus
659 2688 960 2732 sanctorum
1009 2695 1073 2753 e1:
1126 2690 1274 2733 utero
1333 2689 1455 2733 ante
1507 2679 1783 2747 luciferum
1821 2679 1975 2749 genui

387 2781 438 2827 te
471 2770 516 2834 ',
549 2771 859 2826 necessario
890 2780 1212 2841 usurpatum
1252 2778 1356 2836 est,
1387 2781 1438 2826 et
1487 2773 1555 2826 ab
1593 2771 1976 2825 communione

2071 1843 2324 1911 Χριστὸς
2359 1814 2395 1895 δ
2442 1839 2574 1904 Υἱὸς
2612 1814 2718 1892 τεῦ
2757 1834 2928 1889 Θεοῦ.
2975 1833 3144 1887 Καὶὸ
3187 1827 3374 1899 Πατὴρ
3417 1814 3650 1880 ἄνωθξψ

2076 1932 2264 2001 Οὗτός
2282 1933 2454 1988 ἐστιν
2473 1935 2506 1986 ό
2529 1931 2659 1996 Υίός
2677 1943 2796 1998 μου
2815 1929 2848 1980 ό
2870 1923 3198 1994 ἀγαπητός.
3224 1921 3333 1974 Καὶ
3353 1917 3445 1971 διὰ
3465 1915 3657 1974 τοῦτο.

2073 2028 2260 2098 ἐπειδὴ
2307 2025 2477 2090 οὕτως
2521 2023 2617 2077 καὶ
2660 2021 2850 2089 Πατὴρ
2890 2017 3020 2071 Υίοῦ
3065 2016 3360 2086 μέμνηται,
3397 2011 3495 2063 καὶ
3524 2009 3662 2070 Υἱὸς

2073 2122 2286 2194 Πατρὺς
2330 2121 2426 2173 καὶ
2485 2119 2544 2170 ὲν
2594 2117 2806 2177 τούτοις
2855 2115 2965 2175 τοῖς
3011 2110 3238 2180 ὀνόμασι
3289 2103 3476 2174 (πάλιν
3519 2100 3662 2171 ἐρῶ)

2074 2212 2541 2286 ὲσφραγίσθημεν,
2591 2207 2800 2269 τούτοις
2841 2203 2936 2258 καὶ
2973 2202 3059 2257 ἀεὶ
3109 2195 3446 2270 χρησόμεθα,
3497 2194 3661 2286 ’ἀπο-

2075 2282 2520 2379 κροῦόμενοιτὰς
2547 2297 2692 2352 κατὰ
2720 2297 2817 2366 τῆς
2845 2289 3205 2359 ἀποπολικῆς
3232 2287 3472 2379 πίστεως
3489 2282 3662 2379 βεϐη-

2075 2373 2199 2458 λοῦς
2227 2373 2581 2462 διενοφωνίας.
2618 2387 2692 2440 Τὸ
2727 2389 2837 2456 γὰρ
2871 2381 3021 2454 παρὰ
3053 2381 3148 2434 τοῦ
3178 2377 3389 2450 Πατρδς
3428 2373 3664 2445 εἰρημέ-

2077 2505 2186 2554 νον,
2221 2485 2360 2551 Ταῒς
2389 2482 2770 2551 λαμπρότησι
2799 2474 2919 2529 τῶν
2942 2471 3126 2542 ἁγίων
3149 2471 3218 2524 ἐκ
3241 2465 3504 2538 γαστρὸς
3535 2463 3659 2532 πρὸ

2076 2579 2386 2648 ἑωσφόρον
2423 2569 2726 2644 ἑγέννησά
2769 2582 2864 2631 σε,
2912 2563 3223 2634 ἀναγκαίως
3271 2562 3506 2631 cientur
3560 2557 3663 2617 καὶ

2077 2672 2276 2738 ἀπάξει
2307 2670 2406 2740 τῆς
2439 2664 2747 2734 κοινότητος
2785 2662 2885 2732 τῆς
2921 2658 3059 2730 πρὸς
3089 2655 3158 2710 τὰ
3185 2654 3467 2730 ποιήματα
3497 2657 3664 2726 (τοῖς)

2076 2766 2167 2818 τὸν
2198 2763 2325 2816 Υἱὸν
2349 2759 2443 2813 τοῦ
2475 2757 2710 2829 Πατρδς,
2754 2753 2847 2808 καὶ
2876 2751 2966 2805 τὸν
3007 2749 3066 2821 ἐξ
3099 2749 3263 2808 αὺτοῦ
3308 2753 3529 2820 γνήσιον
3562 2749 3662 2801 καὶ

387 2879 511 2919 cum
541 2865 740 2918 creatis
787 2864 951 2919 rebus
1000 2840 1195 2918 Filium
1245 2863 1421 2918 Patris
1469 2863 1739 2918 abducet:
1777 2864 1867 2932 qui
1907 2864 1970 2917 ab

2084 2856 2224 2918 ἰδίως
2245 2848 2643 2924 γεγεννημένον
2659 2847 2788 2905 Υίδν
2813 2849 2901 2903 διὰ
2919 2847 3036 2912 τοῦ,
3065 2845 3216 2899 κατὰ
3238 2844 3353 2910 τὴν
3374 2840 3659 2911 γαστέρα,

385 2959 507 3027 ipso
556 2973 848 3026 germanus
893 2958 1216 3028 proprieque
1266 2956 1483 3026 genitus
1531 2964 1613 3012 est
1663 2954 1867 3023 Filius;
1921 2955 1970 3010 id

2084 2948 2340 3021 ὀνόματος
2377 2944 2739 3008 παιδεύοντος·
2765 2942 2840 3006 ὡς
2865 2939 3065 3011 ὁμοίως
3093 2938 3186 2991 καὶ
3211 2940 3240 2990 ὁ
3262 2937 3408 2998 Υἱὸς,
3440 2935 3663 3028 (supter;

387 3025 534 3121 quod
575 3025 635 3104 et
679 3065 743 3103 ea
793 3025 956 3103 verba
995 3025 1285 3119 praestant,
1312 3063 1376 3101 ex
1426 3058 1592 3101 utero.
1627 3048 1888 3102 Similiter
1924 3055 1970 3103 et

2084 3040 2286 3096 ἔκτισέ
2313 3057 2409 3108 με,
2442 3035 2632 3100 εἰπὼν,
2678 3035 2765 3088 ἵνα
2805 3029 3291 3100 καινοποιουμένην
3324 3025 3488 3080 αὑτοῦ
3521 3026 3665 3095 πρὸς

389 3141 562 3195 Filius
587 3156 711 3194 cutn
746 3139 995 3203 dixisset,
1049 3138 1306 3192 Dominus
1334 3139 1526 3192 creavit
1562 3155 1642 3192 me
1662 3140 1704 3204 ⁸,
1736 3156 1803 3193 ne
1829 3153 1977 3192 com-

392 3244 611 3284 munem
656 3229 780 3298 ejus
836 3244 958 3282 cum
1015 3227 1212 3282 creatis
1264 3229 1429 3282 rebus
1465 3226 1673 3281 caeteris
1723 3236 1975 3280 naturam

391 3351 404 3378 ι
425 3341 516 3381 sse
544 3325 974 3393 suspicarentur,
1006 3324 1320 3378 necessario
1375 3323 1606 3392 subjecit
1635 3341 1646 3376 :
1687 3321 1823 3376 Ante
1867 3337 1980 3375 om-

396 3433 483 3471 nes
511 3415 670 3469 colles
698 3415 874 3485 genuit
915 3430 993 3468 me
1025 3413 1064 3467 ’.
1121 3413 1330 3478 Quibus
1370 3415 1512 3484 piam
1547 3414 1703 3468 nobis
1749 3429 1812 3468 ac
1855 3427 1980 3484 pas-

397 3508 572 3562 sionis
594 3507 773 3562 omnis
801 3515 1077 3576 expertem
1110 3504 1282 3575 ipsius
1311 3521 1376 3560 ex
1407 3503 1566 3560 Patre
1584 3504 1707 3559 Filii
1736 3506 1980 3575 preprie-

397 3607 562 3656 tatem
592 3601 881 3670 expressit.
916 3597 1118 3655 Verum
1161 3600 1328 3654 semel
1375 3598 1645 3653 duntaXat
1687 3598 1867 3664 Pater,
1894 3615 1982 3654 se-

395 3695 612 3762 melque
660 3692 829 3747 Filius
874 3693 945 3748 ob
991 3692 1159 3754 illam,
1190 3707 1353 3762 quam
1402 3692 1663 3754 diximus,
1694 3693 1835 3760 piam
1888 3690 1982 3747 Dei

397 3783 841 3851 germanitatem,
883 3783 1052 3851 geniti
1095 3782 1256 3837 nobis
1303 3781 1628 3836 vocabulum
1675 3781 1984 3836 ediderunt.

397 3875 469 3928 At
523 3874 697 3928 Patris
747 3881 800 3929 et
849 3871 973 3928 Filii
1023 3873 1336 3929 nominibus
1377 3874 1596 3943 plenunt
1647 3882 1731 3927 est
1771 3871 1984 3927 Novum

398 3949 564 4020 omne
596 3965 1030 4021 Testamentum.

470 4056 614 4112 XXI.
653 4056 759 4112 Sed
794 4065 852 4112 ut
890 4056 1121 4127 propriis
1153 4058 1268 4110 suis
1312 4058 1457 4112 notis
1501 4071 1652 4110 novae
1690 4054 1836 4109 illius
1869 4053 1981 4108 Ine-

400 4146 540 4206 résis
582 4151 911 4206 architectos
958 4149 1272 4204 discernere
1323 4148 1620 4218 possimus,
1662 4164 1725 4202 ex
1775 4146 1980 4211 multis,

401 4257 524 4310 quae
551 4242 619 4297 de
655 4242 748 4296 illo
793 4249 1112 4314 argumento
1151 4242 1508 4309 scripserunt,
1534 4253 1725 4310 pauca,
1758 4255 1824 4292 tte
1863 4238 1983 4291 lon-

401 4335 521 4400 gior
543 4333 667 4397 sim,
692 4331 1002 4386 adnotanda
1029 4333 1233 4402 putavi.
1262 4331 1338 4386 Ex
1366 4331 1562 4400 quibus
1585 4329 1851 4384 Catholici
1874 4335 1984 4384 tota

2082 3137 2151 3188 τὰ
2181 3133 2345 3185 λοιπὰ
2386 3129 2661 3198 κτίσματα
2709 3121 3136 3192 ὑποπτεύσωμεν
3187 3119 3284 3190 τὴν
3333 3119 3525 3187 φύσιν,
3556 3119 3662 3171 ὲπ-

2081 3229 2311 3298 ήνεγκεν
2343 3219 2679 3288 ἀναγκαίως⁹
2703 3217 2823 3286 Πρὸ
2853 3215 2920 3269 δὲ
2954 3214 3196 3268 πάντων
3209 3210 3456 3277 ,βουνῶν
3477 3209 3669 3279 γεννᾷ

2075 3335 2172 3386 με,
2211 3313 2408 3383 εὐσεϐῆ
2445 3313 2577 3382 ἡμῖν
2603 3310 2698 3364 καὶ
2727 3306 2910 3377 ἀπαθῆ
2945 3305 3043 3376 τὴν
3073 3307 3138 3358 ὲκ
3163 3303 3300 3357 Θεοῦ
3327 3303 3539 3374 Πατρὸς
3562 3305 3668 3374 τῆς

2087 3407 2334 3478 υίότητος
2369 3403 2536 3457 αὑτοῦ
2571 3403 2778 3456 ἔννοιαν
2809 3397 3099 3470 παριστὰς.
3151 3395 3292 3448 Ἀλλ’
3327 3393 3474 3457 ἅπαξ
3511 3394 3612 3464 μὲν
3637 3391 3670 3444 δ

2087 3499 2278 3569 Πατὴρ
2309 3497 2404 3550 καὶ
2425 3495 2572 3560 ἅπαξ
2603 3497 2631 3548 ὁ
2655 3493 2782 3556 Υίδς
2802 3491 2890 3545 διὰ
2911 3491 3010 3561 τὴν
3032 3487 3438 3561 προειρημένην
3466 3486 3670 3555 εὐσεϐῆ

2087 3589 2417 3658 γνησιότητα
2469 3586 2565 3639 τοῦ
2617 3583 2754 3637 Θεοῦ
2797 3583 2859 3637 τὸ
2912 3581 3168 3652 γεννητὸν
3221 3581 3353 3650 ἡμῖν
3394 3576 3666 3643 ἐξέθεντο·

2090 3682 2238 3733 πᾶσα
2281 3679 2335 3731 δὲ
2375 3681 2408 3751 ἡ
2451 3676 2628 3748 Καινὴ
2671 3676 2910 3746 Διαθήκη
2958 3673 3118 3744 γέμει
3156 3669 3367 3740 Πατρδς
3409 3669 3505 3722 καὶ
3537 3667 3672 3720 Υίοῦ

2086 3771 2386 3842 ὀνομάτων.

2164 4042 2295 4095 KA'.
2337 4040 2453 4093 Ἵνα
2477 4039 2534 4092 δὲ
2555 4036 2662 4090 ἀπὸ
2685 4034 2793 4088 τῶν
2830 4035 2978 4087 ἰδίων
3007 4031 3384 4104 γνωρισθῶσιν
3410 4031 3461 4082 οἱ
3490 4047 3678 4084 καινο-

2094 4133 2387 4206 τομοῦντες
2423 4132 2521 4202 τὴν
2564 4132 2807 4202 αἵρεσιν,
2846 4131 2910 4182 ὲκ
2954 4127 3163 4180 πολλῶν
3190 4124 3299 4178 τῶν
3335 4123 3464 4196 παρ’
3489 4123 3677 4176 αὐτῶν

2095 4230 2174 4292 είς
2217 4226 2315 4296 τὴν
2355 4225 2610 4278 ὑπόθεσιν
2642 4221 3046 4294 γεγραμμένων
3088 4219 3246 4286 ὀλίγα
3278 4217 3367 4270 διὰ
3397 4217 3460 4269 τὸ
3496 4216 3677 4285 μῆκος

2098 4315 2689 4391 παρεσημειωσάμεθα·
2732 4316 2823 4383 ἀφ’
2854 4305 2931 4366 ὧν
2965 4312 3086 4366 ὅλον
3115 4311 3164 4363 oi
3196 4308 3475 4362 καθολικοὶ
3503 4324 3676 4361 κατα-

403 4425 553 4478 illius
578 4424 802 4478 haeresis
820 4432 999 4477 mente
1017 4429 1322 4493 perspecta,
1344 4421 1677 4488 necessario,
1699 4430 1755 4476 ut
1775 4421 1970 4491 Opinor

2102 4410 2364 4482 μαθόντες
2390 4408 2479 4461 τὸν
2512 4406 2636 4462 νοῦν
2665 4407 2763 4477 τῆς
2800 4405 3087 4475 αἱρέσεως,
3131 4400 3465 4470 ἀναγκαίως,
3491 4396 3673 4468 οἶμαι,

403 4512 880 4583 summum
916 4514 1010 4581 qui
1061 4513 1176 4567 inec
1228 4513 1590 4581 scripserint,
1647 4511 1834 4566 eadem
1877 4511 1993 4579 ipsa

401 4604 729 4666 damnasse‘;
765 4607 821 4654 et
849 4601 1080 4668 ipsamet
1127 4601 1382 4672 dogmata
1430 4617 1530 4657 sua
1576 4602 1646 4655 ab
1684 4601 1994 4670 apostolicae

404 4692 528 4747 ﬁdei
561 4692 843 4748 consortio
883 4692 1133 4763 rejicere.
1185 4693 1291 4749 Sed
1339 4699 1394 4748 et
1443 4707 1537 4747 eos
1578 4690 1861 4756 damnare,
1899 4691 1992 4762 qui

404 4782 594 4840 eadem
628 4797 814 4839 secum
844 4783 1081 4838 sentiant
1107 4798 1171 4837 ac
1193 4783 1442 4839 doceant.
1473 4781 1749 4854 Siquidem
1790 4783 1843 4836 in
1880 4783 1995 4837 hate

405 4873 572 4930 verba
618 4873 992 4944 scripserunt:
1025 4893 1045 4926 ι
1078 4875 1210 4929 Nam
1243 4875 1502 4946 praeclara
1555 4873 1763 4928 scilicet
1812 4871 1996 4927 divina

404 4967 571 5023 verba
597 4967 1005 5022 communicare
1037 4968 1318 5023 vobiscum
1342 4982 1503 5036 quam
1531 4965 1856 5020 brevissimo
1887 4979 1997 5018 ser-

405 5073 569 5114 mone
608 5060 892 5114 constitui.
940 5058 1263 5128 Quicunque
1311 5059 1632 5114 substantiae
1680 5055 1994 5112 similitudi-

409 5162 530 5202 nem
568 5164 788 5204 servare
828 5165 952 5204 cum
1002 5149 1161 5206 Patre
1195 5147 1392 5204 Filium
1435 5158 1649 5220 putant,
1698 5163 1729 5202 a
1768 5151 1996 5202 veritate

407 5240 625 5310 longius
656 5242 1002 5307 aberrarunt,
1036 5258 1101 5298 eo
1128 5242 1274 5314 quod
1304 5240 1666 5312 appellatione
1694 5239 1811 5310 ipsa
1840 5239 1995 5309 inge-

411 5332 531 5396 niti,
559 5334 733 5388 simile
755 5334 1056 5390 secundum
1093 5346 1340 5390 naturam
1374 5334 1764 5389 condemnant.
1797 5351 1816 5382 ι
1851 5333 1996 5386 Rur-

411 5435 509 5478 sus
529 5421 604 5475 ita
624 5423 942 5494 disputant:
982 5446 999 5475 ι
1022 5424 1195 5481 Filius
1234 5440 1397 5495 porro
1430 5423 1780 5495 generatione
1819 5422 1998 5478 minor

483 5607 509 5638 ⁸·
533 5605 686 5663 Joan.
723 5624 828 5667 inv,
859 5607 946 5663 9.8.
1025 5610 1044 5638 ’
1072 5605 1229 5662 Joan.
1264 5625 1315 5668 ιι,
1349 5607 1436 5662 56.
1515 5607 1534 5638 ³
1565 5605 1719 5660 Joan.
1754 5620 1859 5661 κνι.
1902 5602 1992 5657 28.

414 5692 490 5733 τι.
515 5679 604 5733 90.
684 5680 701 5707 ⁷
745 5677 886 5731 Psztl.
921 5693 1029 5733 eis.
1056 5679 1107 5729 5.
1183 5680 1202 5709 ⁸
1241 5677 1395 5730 Prov.
1423 5691 1536 5733 νιιι.
1560 5677 1647 5729 2⁸2.
1725 5677 1744 5706 ’
1774 5675 1903 5728 ibid.
1930 5674 1992 5726 ‘25

476 5718 490 5744 ι
520 5713 604 5733 δυο

684 5680 701 5707 ⁷
745 5677 886 5731 Psal.
921 5693 1029 5742 eis,
1056 5679 1107 5729 '5.
1183 5680 1202 5709 ⁸
1241 5677 1395 5730 Prov.
1423 5691 1536 5740 vm,
1560 5677 1647 5729 2‘2.
1725 5677 1744 5706 ’
1774 5675 1903 5728 ibid.
1930 5674 2021 5727 ‘25.

2098 4501 2338 4573 κρινοῦσι
2368 4501 2493 4563 τοὺς
2524 4498 2696 4552 ταῦτα
2728 4497 3044 4568 γράψαντας
3081 4490 3476 4562 ἀναθεματίσαι
3507 4488 3674 4550 αὐτὰ,

2099 4593 2193 4646 καὶ
2228 4592 2423 4653 αὐτοὺς
2458 4591 2526 4644 τὰ
2558 4589 2766 4643 ἑαυτῶν
2793 4587 3041 4641 ἐκϐαλεῖν
3071 4587 3173 4656 τῆς
3195 4581 3555 4650 ἀποστολικῆς
3587 4581 3678 4632 πί-

2099 4701 2285 4748 στεως·
2329 4683 2724 4754 άναθεματίσαι
2771 4681 2828 4734 δὲ
2872 4682 2967 4734 καὶ
3004 4681 3129 4742 τοὺς
3175 4678 3244 4730 τὰ
3292 4675 3431 4729 αὐτὰ
3487 4674 3678 4736 αὐτοῖς

2099 4777 2428 4850 φρονοῦντας
2469 4775 2563 4828 καὶ
2595 4773 2963 4836 διδάσκοντας.
3015 4771 3290 4842 Γράφουσι
3331 4767 3438 4838 γὰρ
3480 4767 3676 4826 αὑταῖς

2095 4871 2304 4939 λέξεσιν
2332 4867 2520 4932 οὕτως·
2555 4886 2572 4918 ι
2606 4867 2679 4920 Τὸ
2701 4866 2808 4938 γὰρ
2837 4862 3157 4936 μεταδοῦναι
3185 4863 3312 4933 ὑμῖν
3330 4860 3439 4913 τῶν
3471 4861 3528 4911 ὲν
3554 4856 3678 4928 Θεῷ

2099 4965 2360 5037 ῥημάτων
2384 4962 2686 5016 καλλίστων
2713 4960 2782 5013 τὰ
2816 4959 3047 5030 μάλιστα
3075 4955 3162 5010 διὰ
3185 4954 3424 5026 βραχέων
3452 4949 3676 5023 προεθυ-

2100 5056 2298 5127 μήθην.
2332 5054 2484 5107 Ὅσοι
2516 5053 2616 5122 τὴν
2653 5052 2774 5105 κατ’
2806 5050 2996 5103 οὐσίαν
3036 5047 3329 5117 ὁμοιότητα
3368 5041 3679 5104 ἀποσώζειν

2092 5148 2181 5200 τὸν
2213 5146 2337 5198 Υἱδν
2376 5145 2454 5215 τῷ
2499 5139 2671 5214 Πατρὶ
2717 5141 3215 5212 ὑπολαμϐάνουσιν,
3263 5137 3367 5203 ἔξω
3408 5136 3507 5207 τῆς
3536 5137 3675 5205 άλη-

2094 5237 2242 5301 θείας
2301 5234 2585 5306 βεϐήκασι,
2647 5233 2737 5286 διὰ
2789 5233 2888 5302 τῆς
2944 5232 3244 5300 ἀγεννήτου
3297 5229 3675 5299 προσηγορίας

2095 5324 2527 5398 κατηγοροῦντες
2567 5324 2660 5377 τοῦ
2691 5324 2879 5393 ὁμοίου
2918 5323 3038 5376 κατ’
3070 5321 3276 5375 οὐσίαν.
3319 5339 3337 5370 ι
3375 5319 3485 5373 Καὶ
3515 5319 3675 5372 πάλιν

2096 5418 2328 5489 ἐροῦσιν·
2368 5435 2386 5467 ι
2436 5415 2493 5468 Ὀ
2514 5415 2569 5468 δὲ
2597 5415 2722 5480 Υἱὸς
2754 5414 2992 5468 ἐλάττων
3022 5411 3286 5482 γενέσεως
3313 5411 3408 5464 καὶ
3437 5409 3554 5464 ἑστι
3579 5408 3674 5464 καὶ

2068 5601 2089 5634 ⁵
2121 5601 2308 5657 Matth.
2341 5617 2451 5665 xvi,
2485 5603 2564 5657 16.
2643 5603 2663 5634 ⁸
2700 5602 2887 5657 Matth.
2912 5616 2992 5663 ιιι,
3021 5599 3086 5654 ΓΙ
3112 5617 3125 5660 ;
3151 5614 3281 5661 xvn,
3317 5597 3369 5652 5.
3447 5595 3669 5650 ‘ITitn.

2103 5673 2146 5705 ιο
2187 5672 2244 5727 F.
2273 5673 2429 5740 ὀλίγα
2471 5674 2525 5724 δὲ
2557 5689 2721 5736 παρα.
2769 5681 2821 5727 ct
2852 5671 3161 5740 parenthesi
3193 5666 3514 5724 includenda
3547 5667 3671 5723 ista.
