  <div class='ocr_page' id='page_1' title='image "/cluster/home/n/w/nwhite01/storage/ocr_20150623/42/hvd.32044011752995/220.png"; bbox 0 0 3798 6212; ppageno 0'>
   <div class='ocr_carea' id='block_1_1' title="bbox 129 247 214 304">
    <p class='ocr_par' dir='ltr' id='par_1_1' title="bbox 129 247 214 304">
     <span class='ocr_line' id='line_1_1' title="bbox 129 247 214 304; baseline -0.012 0"><span class='ocrx_word' id='word_1_1' title='bbox 129 247 214 304; x_wconf 65' lang='grc' dir='ltr'><strong>ιιι</strong></span> 
     </span>
    </p>
   </div>
   <div class='ocr_carea' id='block_1_2' title="bbox 803 248 2786 322">
    <p class='ocr_par' dir='ltr' id='par_1_2' title="bbox 803 248 2786 322">
     <span class='ocr_line' id='line_1_2' title="bbox 803 248 2786 322; baseline 0.011 -20"><span class='ocrx_word' id='word_1_2' title='bbox 803 248 1173 308; x_wconf 77' lang='lat' dir='ltr'><strong>ADVERSUS</strong></span> <span class='ocrx_word' id='word_1_3' title='bbox 1220 253 1561 314; x_wconf 76' lang='lat' dir='ltr'><strong>lUERESES</strong></span> <span class='ocrx_word' id='word_1_4' title='bbox 1586 260 1713 317; x_wconf 86' lang='lat' dir='ltr'><strong>LIB.</strong></span> <span class='ocrx_word' id='word_1_5' title='bbox 1751 261 1840 318; x_wconf 89' lang='lat' dir='ltr'><strong>lll.</strong></span> <span class='ocrx_word' id='word_1_6' title='bbox 1873 261 2043 318; x_wconf 74' lang='lat' dir='ltr'><strong>&#39;l&#39;OM.</strong></span> <span class='ocrx_word' id='word_1_7' title='bbox 2087 264 2126 318; x_wconf 91' lang='grc' dir='ltr'><strong>Ι.</strong></span> <span class='ocrx_word' id='word_1_8' title='bbox 2153 265 2508 322; x_wconf 68' lang='lat' dir='ltr'><strong>——ll}ERES.</strong></span> <span class='ocrx_word' id='word_1_9' title='bbox 2551 268 2786 322; x_wconf 72' lang='lat' dir='ltr'><strong>LXXIII.</strong></span> 
     </span>
    </p>
   </div>
   <div class='ocr_carea' id='block_1_3' title="bbox 3263 265 3371 330">
    <p class='ocr_par' dir='ltr' id='par_1_3' title="bbox 3263 265 3371 330">
     <span class='ocr_line' id='line_1_3' title="bbox 3263 265 3371 330; baseline 0.019 -2"><span class='ocrx_word' id='word_1_10' title='bbox 3263 265 3371 330; x_wconf 62' lang='grc' dir='ltr'><strong>4ξὲ</strong></span> 
     </span>
    </p>
   </div>
   <div class='ocr_carea' id='block_1_4' title="bbox 128 361 1676 450">
    <p class='ocr_par' dir='ltr' id='par_1_4' title="bbox 128 361 1676 447">
     <span class='ocr_line' id='line_1_4' title="bbox 128 361 1676 447; baseline 0.012 -36"><span class='ocrx_word' id='word_1_11' title='bbox 128 361 460 434; x_wconf 67' lang='grc' dir='ltr'><strong>ὁμολόγηται.</strong></span> <span class='ocrx_word' id='word_1_12' title='bbox 509 361 622 416; x_wconf 81' lang='grc' dir='ltr'><strong>Οὐκ</strong></span> <span class='ocrx_word' id='word_1_13' title='bbox 675 362 786 436; x_wconf 77' lang='grc' dir='ltr'><strong>ἄρα</strong></span> <span class='ocrx_word' id='word_1_14' title='bbox 836 365 937 437; x_wconf 85' lang='grc' dir='ltr'><strong>τὴν</strong></span> <span class='ocrx_word' id='word_1_15' title='bbox 984 369 1103 428; x_wconf 82' lang='grc' dir='ltr'><strong>κατ’</strong></span> <span class='ocrx_word' id='word_1_16' title='bbox 1152 372 1342 426; x_wconf 86' lang='grc' dir='ltr'><strong>οὐσίαν</strong></span> <span class='ocrx_word' id='word_1_17' title='bbox 1389 375 1676 447; x_wconf 81' lang='grc' dir='ltr'><strong>ὁμοιότητα</strong></span> 
     </span>
    </p>
   </div>
   <div class='ocr_carea' id='block_1_5' title="bbox 1847 361 3372 450">
    <p class='ocr_par' dir='ltr' id='par_1_5' title="bbox 1847 378 3372 450">
     <span class='ocr_line' id='line_1_5' title="bbox 1847 378 3372 450; baseline 0.005 -18"><span class='ocrx_word' id='word_1_18' title='bbox 1847 387 1886 445; x_wconf 87' lang='lat' dir='ltr'><strong>t,</strong></span> <span class='ocrx_word' id='word_1_19' title='bbox 1916 387 2125 435; x_wconf 80' lang='lat' dir='ltr'><strong>etesse</strong></span> <span class='ocrx_word' id='word_1_20' title='bbox 2154 378 2376 433; x_wconf 89' lang='lat' dir='ltr'><strong>dicitur.</strong></span> <span class='ocrx_word' id='word_1_21' title='bbox 2428 378 2544 432; x_wconf 79' lang='lat' dir='ltr'><strong>Non</strong></span> <span class='ocrx_word' id='word_1_22' title='bbox 2586 381 2752 450; x_wconf 79' lang='lat' dir='ltr'><strong>igitur</strong></span> <span class='ocrx_word' id='word_1_23' title='bbox 2803 390 3012 436; x_wconf 66' lang='lat' dir='ltr'><strong>naturae</strong></span> <span class='ocrx_word' id='word_1_24' title='bbox 3059 383 3372 439; x_wconf 49' lang='lat' dir='ltr'><strong>similitudi.</strong></span> 
     </span>
    </p>
   </div>
   <div class='ocr_carea' id='block_1_6' title="bbox 126 452 1685 538">
    <p class='ocr_par' dir='ltr' id='par_1_6' title="bbox 126 452 1685 538">
     <span class='ocr_line' id='line_1_6' title="bbox 126 452 1685 538; baseline 0.011 -34"><span class='ocrx_word' id='word_1_25' title='bbox 126 452 410 516; x_wconf 74' lang='grc' dir='ltr'><strong>ἱιποσώζειν</strong></span> <span class='ocrx_word' id='word_1_26' title='bbox 435 452 448 482; x_wconf 84' lang='grc'>¹</span> <span class='ocrx_word' id='word_1_27' title='bbox 470 453 616 526; x_wconf 81' lang='grc' dir='ltr'><strong>,πρὸς</strong></span> <span class='ocrx_word' id='word_1_28' title='bbox 640 455 702 507; x_wconf 82' lang='grc' dir='ltr'><strong>τὸ</strong></span> <span class='ocrx_word' id='word_1_29' title='bbox 731 457 1044 529; x_wconf 78' lang='grc' dir='ltr'><strong>ἀγέννητον.</strong></span> <span class='ocrx_word' id='word_1_30' title='bbox 1093 462 1389 528; x_wconf 79' lang='grc' dir='ltr'><strong>Ἀποσώζει</strong></span> <span class='ocrx_word' id='word_1_31' title='bbox 1410 466 1467 520; x_wconf 78' lang='grc' dir='ltr'><strong>δὲ</strong></span> <span class='ocrx_word' id='word_1_32' title='bbox 1491 468 1685 538; x_wconf 84' lang='grc' dir='ltr'><strong>ἀκραι-</strong></span> 
     </span>
    </p>
   </div>
   <div class='ocr_carea' id='block_1_7' title="bbox 124 546 1682 630">
    <p class='ocr_par' dir='ltr' id='par_1_7' title="bbox 124 546 1682 630">
     <span class='ocr_line' id='line_1_7' title="bbox 124 546 1682 630; baseline 0.01 -31"><span class='ocrx_word' id='word_1_33' title='bbox 124 547 212 616; x_wconf 66' lang='grc' dir='ltr'><strong>ρνῆ</strong></span> <span class='ocrx_word' id='word_1_34' title='bbox 239 546 418 616; x_wconf 80' lang='grc' dir='ltr'><strong>φέρων</strong></span> <span class='ocrx_word' id='word_1_35' title='bbox 447 547 504 598; x_wconf 84' lang='grc' dir='ltr'><strong>ὲν</strong></span> <span class='ocrx_word' id='word_1_36' title='bbox 527 550 594 618; x_wconf 79' lang='grc' dir='ltr'><strong>τῇ</strong></span> <span class='ocrx_word' id='word_1_37' title='bbox 628 549 805 622; x_wconf 81' lang='grc' dir='ltr'><strong>οἰκείᾳ</strong></span> <span class='ocrx_word' id='word_1_38' title='bbox 835 551 1130 608; x_wconf 78' lang='grc' dir='ltr'><strong>ὑποστάσει</strong></span> <span class='ocrx_word' id='word_1_39' title='bbox 1149 555 1247 626; x_wconf 83' lang='grc' dir='ltr'><strong>τὴν</strong></span> <span class='ocrx_word' id='word_1_40' title='bbox 1267 557 1362 610; x_wconf 81' lang='grc' dir='ltr'><strong>τοῦ</strong></span> <span class='ocrx_word' id='word_1_41' title='bbox 1392 558 1528 612; x_wconf 79' lang='grc' dir='ltr'><strong>Θεοῦ</strong></span> <span class='ocrx_word' id='word_1_42' title='bbox 1557 560 1682 630; x_wconf 77' lang='grc' dir='ltr'><strong>βού-</strong></span> 
     </span>
    </p>
   </div>
   <div class='ocr_carea' id='block_1_8' title="bbox 122 637 1684 720">
    <p class='ocr_par' dir='ltr' id='par_1_8' title="bbox 122 637 1684 720">
     <span class='ocr_line' id='line_1_8' title="bbox 122 637 1684 720; baseline 0.01 -32"><span class='ocrx_word' id='word_1_43' title='bbox 122 646 279 707; x_wconf 77' lang='grc' dir='ltr'><strong>λησιν.</strong></span> <span class='ocrx_word' id='word_1_44' title='bbox 313 637 522 690; x_wconf 78' lang='grc' dir='ltr'><strong>Οὐκοῦν</strong></span> <span class='ocrx_word' id='word_1_45' title='bbox 557 639 854 711; x_wconf 88' lang='grc' dir='ltr'><strong>ὁμοιότητα</strong></span> <span class='ocrx_word' id='word_1_46' title='bbox 879 641 1154 710; x_wconf 80' lang='grc' dir='ltr'><strong>διασώζει,</strong></span> <span class='ocrx_word' id='word_1_47' title='bbox 1199 647 1259 700; x_wconf 93' lang='grc' dir='ltr'><strong>οὐ</strong></span> <span class='ocrx_word' id='word_1_48' title='bbox 1296 649 1435 703; x_wconf 81' lang='grc' dir='ltr'><strong>κατὰ</strong></span> <span class='ocrx_word' id='word_1_49' title='bbox 1470 649 1567 720; x_wconf 79' lang='grc' dir='ltr'><strong>τὴν</strong></span> <span class='ocrx_word' id='word_1_50' title='bbox 1592 651 1684 704; x_wconf 85' lang='grc' dir='ltr'><strong>οὐ·</strong></span> 
     </span>
    </p>
   </div>
   <div class='ocr_carea' id='block_1_9' title="bbox 121 728 1684 813">
    <p class='ocr_par' dir='ltr' id='par_1_9' title="bbox 121 728 1684 813">
     <span class='ocr_line' id='line_1_9' title="bbox 121 728 1684 813; baseline 0.009 -30"><span class='ocrx_word' id='word_1_51' title='bbox 121 730 246 792; x_wconf 81' lang='grc' dir='ltr'><strong>σίαν,</strong></span> <span class='ocrx_word' id='word_1_52' title='bbox 277 728 414 782; x_wconf 78' lang='grc' dir='ltr'><strong>ἀλλὰ</strong></span> <span class='ocrx_word' id='word_1_53' title='bbox 447 731 587 783; x_wconf 75' lang='grc' dir='ltr'><strong>κατὰ</strong></span> <span class='ocrx_word' id='word_1_54' title='bbox 616 731 712 784; x_wconf 79' lang='grc' dir='ltr'><strong>τὸν</strong></span> <span class='ocrx_word' id='word_1_55' title='bbox 737 731 837 803; x_wconf 83' lang='grc' dir='ltr'><strong>τῆς</strong></span> <span class='ocrx_word' id='word_1_56' title='bbox 865 734 1134 804; x_wconf 78' lang='grc' dir='ltr'><strong>θελήσεως</strong></span> <span class='ocrx_word' id='word_1_57' title='bbox 1168 738 1344 808; x_wconf 88' lang='grc' dir='ltr'><strong>λόγον,</strong></span> <span class='ocrx_word' id='word_1_58' title='bbox 1375 736 1487 795; x_wconf 71' lang='grc' dir='ltr'><strong>οἷον</strong></span> <span class='ocrx_word' id='word_1_59' title='bbox 1513 745 1533 774; x_wconf 82' lang='grc'>³</span> <span class='ocrx_word' id='word_1_60' title='bbox 1563 743 1684 813; x_wconf 82' lang='grc' dir='ltr'><strong>ἠθέ-</strong></span> 
     </span>
    </p>
   </div>
   <div class='ocr_carea' id='block_1_10' title="bbox 119 821 1684 903">
    <p class='ocr_par' dir='ltr' id='par_1_10' title="bbox 119 821 1684 903">
     <span class='ocr_line' id='line_1_10' title="bbox 119 821 1684 903; baseline 0.012 -32"><span class='ocrx_word' id='word_1_61' title='bbox 119 826 262 888; x_wconf 75' lang='grc' dir='ltr'><strong>λησεν</strong></span> <span class='ocrx_word' id='word_1_62' title='bbox 285 821 642 892; x_wconf 86' lang='grc' dir='ltr'><strong>ὑπεστήσατο.</strong></span> <span class='ocrx_word' id='word_1_63' title='bbox 669 843 689 875; x_wconf 76' lang='grc' dir='ltr'><strong>ι</strong></span> <span class='ocrx_word' id='word_1_64' title='bbox 714 825 824 878; x_wconf 75' lang='grc' dir='ltr'><strong>Καὶ</strong></span> <span class='ocrx_word' id='word_1_65' title='bbox 847 827 1030 880; x_wconf 81' lang='grc' dir='ltr'><strong>πάλιν·</strong></span> <span class='ocrx_word' id='word_1_66' title='bbox 1057 850 1074 880; x_wconf 73' lang='grc' dir='ltr'><strong><em>ο</em></strong></span> <span class='ocrx_word' id='word_1_67' title='bbox 1104 831 1231 894; x_wconf 83' lang='grc' dir='ltr'><strong>Πῶς</strong></span> <span class='ocrx_word' id='word_1_68' title='bbox 1255 833 1376 903; x_wconf 87' lang='grc' dir='ltr'><strong>οὐχί</strong></span> <span class='ocrx_word' id='word_1_69' title='bbox 1403 834 1497 887; x_wconf 72' lang='grc' dir='ltr'><strong>καὶ</strong></span> <span class='ocrx_word' id='word_1_70' title='bbox 1521 835 1684 898; x_wconf 84' lang='grc' dir='ltr'><strong>αὐτός</strong></span> 
     </span>
    </p>
   </div>
   <div class='ocr_carea' id='block_1_11' title="bbox 118 913 1684 992">
    <p class='ocr_par' dir='ltr' id='par_1_11' title="bbox 118 913 1684 992">
     <span class='ocr_line' id='line_1_11' title="bbox 118 913 1684 992; baseline 0.012 -29"><span class='ocrx_word' id='word_1_71' title='bbox 118 931 198 981; x_wconf 86' lang='grc' dir='ltr'><strong>μοι</strong></span> <span class='ocrx_word' id='word_1_72' title='bbox 241 913 642 983; x_wconf 69' lang='grc' dir='ltr'><strong>συνομολογεὶς,</strong></span> <span class='ocrx_word' id='word_1_73' title='bbox 690 918 772 970; x_wconf 83' lang='grc' dir='ltr'><strong>ὅτι</strong></span> <span class='ocrx_word' id='word_1_74' title='bbox 821 919 941 972; x_wconf 78' lang='grc' dir='ltr'><strong>κατ’</strong></span> <span class='ocrx_word' id='word_1_75' title='bbox 977 921 1162 975; x_wconf 79' lang='grc' dir='ltr'><strong>οὐσίαν</strong></span> <span class='ocrx_word' id='word_1_76' title='bbox 1189 925 1292 978; x_wconf 80' lang='grc' dir='ltr'><strong>οὐκ</strong></span> <span class='ocrx_word' id='word_1_77' title='bbox 1324 926 1469 979; x_wconf 75' lang='grc' dir='ltr'><strong>ἐστιν</strong></span> <span class='ocrx_word' id='word_1_78' title='bbox 1500 930 1528 980; x_wconf 86' lang='grc' dir='ltr'><strong>ό</strong></span> <span class='ocrx_word' id='word_1_79' title='bbox 1556 927 1684 992; x_wconf 77' lang='grc' dir='ltr'><strong>Υἱὸς</strong></span> 
     </span>
    </p>
   </div>
   <div class='ocr_carea' id='block_1_12' title="bbox 115 1006 1683 1089">
    <p class='ocr_par' dir='ltr' id='par_1_12' title="bbox 115 1006 1683 1089">
     <span class='ocr_line' id='line_1_12' title="bbox 115 1006 1683 1089; baseline 0.01 -31"><span class='ocrx_word' id='word_1_80' title='bbox 115 1007 285 1074; x_wconf 83' lang='grc' dir='ltr'><strong>ὅμοιος</strong></span> <span class='ocrx_word' id='word_1_81' title='bbox 310 1006 392 1075; x_wconf 76' lang='grc' dir='ltr'><strong>τῷ</strong></span> <span class='ocrx_word' id='word_1_82' title='bbox 419 1007 623 1077; x_wconf 77' lang='grc' dir='ltr'><strong>Πατρί;</strong></span> <span class='ocrx_word' id='word_1_83' title='bbox 653 1027 673 1060; x_wconf 76' lang='grc' dir='ltr'><strong>ι</strong></span> <span class='ocrx_word' id='word_1_84' title='bbox 695 1009 804 1064; x_wconf 84' lang='grc' dir='ltr'><strong>Καὶ</strong></span> <span class='ocrx_word' id='word_1_85' title='bbox 834 1010 1014 1065; x_wconf 75' lang='grc' dir='ltr'><strong>πάλιν⁸</strong></span> <span class='ocrx_word' id='word_1_86' title='bbox 1049 1033 1067 1064; x_wconf 74' lang='grc' dir='ltr'><strong>ε</strong></span> <span class='ocrx_word' id='word_1_87' title='bbox 1101 1015 1269 1070; x_wconf 83' lang='grc' dir='ltr'>Ὅταν</span> <span class='ocrx_word' id='word_1_88' title='bbox 1289 1017 1352 1088; x_wconf 80' lang='grc' dir='ltr'><strong>δὴ</strong></span> <span class='ocrx_word' id='word_1_89' title='bbox 1371 1021 1400 1072; x_wconf 84' lang='grc' dir='ltr'>ὁ</span> <span class='ocrx_word' id='word_1_90' title='bbox 1425 1019 1522 1089; x_wconf 84' lang='grc' dir='ltr'><strong>μὲν</strong></span> <span class='ocrx_word' id='word_1_91' title='bbox 1551 1019 1683 1084; x_wconf 80' lang='grc' dir='ltr'><strong>Υἱὸς</strong></span> 
     </span>
    </p>
   </div>
   <div class='ocr_carea' id='block_1_13' title="bbox 114 1096 1684 1181">
    <p class='ocr_par' dir='ltr' id='par_1_13' title="bbox 114 1096 1684 1181">
     <span class='ocr_line' id='line_1_13' title="bbox 114 1096 1684 1181; baseline 0.011 -33"><span class='ocrx_word' id='word_1_92' title='bbox 114 1096 456 1167; x_wconf 82' lang='grc' dir='ltr'><strong>ἀτελεύτητος</strong></span> <span class='ocrx_word' id='word_1_93' title='bbox 483 1099 848 1170; x_wconf 78' lang='grc' dir='ltr'><strong>ὁμολογεῖται,</strong></span> <span class='ocrx_word' id='word_1_94' title='bbox 884 1106 984 1159; x_wconf 87' lang='grc' dir='ltr'><strong>οὐκ</strong></span> <span class='ocrx_word' id='word_1_95' title='bbox 1018 1108 1081 1160; x_wconf 78' lang='grc' dir='ltr'><strong>ὲκ</strong></span> <span class='ocrx_word' id='word_1_96' title='bbox 1119 1109 1218 1178; x_wconf 82' lang='grc' dir='ltr'><strong>τῆς</strong></span> <span class='ocrx_word' id='word_1_97' title='bbox 1239 1111 1446 1174; x_wconf 79' lang='grc' dir='ltr'><strong>οἰκείας</strong></span> <span class='ocrx_word' id='word_1_98' title='bbox 1470 1111 1684 1181; x_wconf 86' lang='grc' dir='ltr'><strong>φύσεως</strong></span> 
     </span>
    </p>
   </div>
   <div class='ocr_carea' id='block_1_14' title="bbox 114 1187 1678 1276">
    <p class='ocr_par' dir='ltr' id='par_1_14' title="bbox 114 1187 1678 1276">
     <span class='ocr_line' id='line_1_14' title="bbox 114 1187 1678 1276; baseline 0.02 -45"><span class='ocrx_word' id='word_1_99' title='bbox 114 1191 166 1242; x_wconf 72' lang='grc' dir='ltr'>τὸ</span> <span class='ocrx_word' id='word_1_100' title='bbox 183 1191 278 1260; x_wconf 73' lang='grc' dir='ltr'><strong>ζῇν</strong></span> <span class='ocrx_word' id='word_1_101' title='bbox 303 1190 462 1260; x_wconf 75' lang='grc' dir='ltr'><strong>ἔχων,</strong></span> <span class='ocrx_word' id='word_1_102' title='bbox 496 1193 612 1246; x_wconf 77' lang='grc' dir='ltr'>ἀλλ’</span> <span class='ocrx_word' id='word_1_103' title='bbox 639 1195 704 1247; x_wconf 83' lang='grc' dir='ltr'><strong>ὲκ</strong></span> <span class='ocrx_word' id='word_1_104' title='bbox 739 1196 840 1265; x_wconf 76' lang='grc' dir='ltr'><strong>τῆς</strong></span> <span class='ocrx_word' id='word_1_105' title='bbox 882 1187 977 1250; x_wconf 85' lang='grc' dir='ltr'>τοῦ</span> <span class='ocrx_word' id='word_1_106' title='bbox 1010 1199 1308 1270; x_wconf 84' lang='grc' dir='ltr'><strong>ἁγεννήτου</strong></span> <span class='ocrx_word' id='word_1_107' title='bbox 1343 1204 1610 1270; x_wconf 73' lang='grc' dir='ltr'><strong>ἐξουσίας·</strong></span> <span class='ocrx_word' id='word_1_108' title='bbox 1644 1209 1678 1276; x_wconf 78' lang='grc' dir='ltr'><strong>ἡ</strong></span> 
     </span>
    </p>
   </div>
   <div class='ocr_carea' id='block_1_15' title="bbox 113 1279 1682 1364">
    <p class='ocr_par' dir='ltr' id='par_1_15' title="bbox 113 1279 1682 1364">
     <span class='ocr_line' id='line_1_15' title="bbox 113 1279 1682 1364; baseline 0.013 -35"><span class='ocrx_word' id='word_1_109' title='bbox 113 1279 150 1331; x_wconf 81' lang='grc' dir='ltr'><strong>δ’</strong></span> <span class='ocrx_word' id='word_1_110' title='bbox 186 1279 476 1350; x_wconf 79' lang='grc' dir='ltr'><strong>ἀγέννητος</strong></span> <span class='ocrx_word' id='word_1_111' title='bbox 532 1281 694 1350; x_wconf 80' lang='grc' dir='ltr'><strong>φύσις</strong></span> <span class='ocrx_word' id='word_1_112' title='bbox 751 1285 1126 1358; x_wconf 81' lang='grc' dir='ltr'><strong>ἀτελευτήτως</strong></span> <span class='ocrx_word' id='word_1_113' title='bbox 1189 1291 1372 1364; x_wconf 83' lang='grc' dir='ltr'><strong>πάσης</strong></span> <span class='ocrx_word' id='word_1_114' title='bbox 1434 1293 1682 1360; x_wconf 79' lang='grc' dir='ltr'><strong>ἐξουσίας</strong></span> 
     </span>
    </p>
   </div>
   <div class='ocr_carea' id='block_1_16' title="bbox 117 1371 1680 1456">
    <p class='ocr_par' dir='ltr' id='par_1_16' title="bbox 117 1371 1680 1456">
     <span class='ocr_line' id='line_1_16' title="bbox 117 1371 1680 1456; baseline 0.012 -34"><span class='ocrx_word' id='word_1_115' title='bbox 117 1371 368 1440; x_wconf 72' lang='grc' dir='ltr'><strong>κρείττων</strong></span> <span class='ocrx_word' id='word_1_116' title='bbox 403 1373 540 1425; x_wconf 78' lang='grc' dir='ltr'><strong>ἐστί·</strong></span> <span class='ocrx_word' id='word_1_117' title='bbox 575 1374 693 1438; x_wconf 83' lang='grc' dir='ltr'><strong>πῶς</strong></span> <span class='ocrx_word' id='word_1_118' title='bbox 725 1375 874 1446; x_wconf 79' lang='grc' dir='ltr'>δῆλοί</span> <span class='ocrx_word' id='word_1_119' title='bbox 901 1379 1038 1432; x_wconf 74' lang='grc' dir='ltr'><strong>εἰσιν</strong></span> <span class='ocrx_word' id='word_1_120' title='bbox 1066 1383 1112 1433; x_wconf 83' lang='grc' dir='ltr'><strong>οἱ</strong></span> <span class='ocrx_word' id='word_1_121' title='bbox 1137 1381 1374 1446; x_wconf 74' lang='grc' dir='ltr'><strong>ἀσεϐεῖς,</strong></span> <span class='ocrx_word' id='word_1_122' title='bbox 1405 1387 1680 1456; x_wconf 78' lang='grc' dir='ltr'><strong>ὁμοιότητι</strong></span> 
     </span>
    </p>
   </div>
   <div class='ocr_carea' id='block_1_17' title="bbox 111 1462 1684 1542">
    <p class='ocr_par' dir='ltr' id='par_1_17' title="bbox 111 1462 1684 1542">
     <span class='ocr_line' id='line_1_17' title="bbox 111 1462 1684 1542; baseline 0.012 -29"><span class='ocrx_word' id='word_1_123' title='bbox 111 1462 280 1524; x_wconf 76' lang='grc' dir='ltr'><strong>οὐσίας</strong></span> <span class='ocrx_word' id='word_1_124' title='bbox 313 1463 374 1516; x_wconf 88' lang='grc' dir='ltr'><strong>τὺ</strong></span> <span class='ocrx_word' id='word_1_125' title='bbox 416 1464 752 1536; x_wconf 81' lang='grc' dir='ltr'><strong>ἑτεροούσιον</strong></span> <span class='ocrx_word' id='word_1_126' title='bbox 800 1469 900 1538; x_wconf 85' lang='grc' dir='ltr'><strong>τῆς</strong></span> <span class='ocrx_word' id='word_1_127' title='bbox 945 1470 1226 1538; x_wconf 80' lang='grc' dir='ltr'><strong>εὐσεϐείας</strong></span> <span class='ocrx_word' id='word_1_128' title='bbox 1271 1476 1684 1542; x_wconf 79' lang='grc' dir='ltr'><strong>ὲναλλάττοντες</strong></span> 
     </span>
    </p>
   </div>
   <div class='ocr_carea' id='block_1_18' title="bbox 112 1554 1684 1640">
    <p class='ocr_par' dir='ltr' id='par_1_18' title="bbox 112 1554 1684 1640">
     <span class='ocr_line' id='line_1_18' title="bbox 112 1554 1684 1640; baseline 0.011 -35"><span class='ocrx_word' id='word_1_129' title='bbox 112 1554 391 1624; x_wconf 80' lang='grc' dir='ltr'><strong>κήρυγμα;</strong></span> <span class='ocrx_word' id='word_1_130' title='bbox 426 1574 447 1607; x_wconf 82' lang='grc'>›</span> <span class='ocrx_word' id='word_1_131' title='bbox 480 1558 592 1611; x_wconf 79' lang='grc' dir='ltr'><strong>Καὶ</strong></span> <span class='ocrx_word' id='word_1_132' title='bbox 617 1559 800 1613; x_wconf 72' lang='grc' dir='ltr'><strong>πάλινο</strong></span> <span class='ocrx_word' id='word_1_133' title='bbox 831 1579 850 1612; x_wconf 77' lang='grc' dir='ltr'><strong>ι</strong></span> <span class='ocrx_word' id='word_1_134' title='bbox 885 1563 978 1616; x_wconf 85' lang='grc' dir='ltr'><strong>Διὸ</strong></span> <span class='ocrx_word' id='word_1_135' title='bbox 1015 1563 1076 1616; x_wconf 80' lang='grc' dir='ltr'><strong>τὸ</strong></span> <span class='ocrx_word' id='word_1_136' title='bbox 1105 1565 1274 1636; x_wconf 78' lang='grc' dir='ltr'><strong>ὄνομα</strong></span> <span class='ocrx_word' id='word_1_137' title='bbox 1312 1567 1342 1619; x_wconf 82' lang='grc' dir='ltr'>ὁ</span> <span class='ocrx_word' id='word_1_138' title='bbox 1372 1567 1557 1640; x_wconf 79' lang='grc' dir='ltr'><strong>Πατὴρ</strong></span> <span class='ocrx_word' id='word_1_139' title='bbox 1589 1569 1684 1621; x_wconf 90' lang='grc' dir='ltr'><strong>οὐ-</strong></span> 
     </span>
    </p>
   </div>
   <div class='ocr_carea' id='block_1_19' title="bbox 111 1643 1682 1728">
    <p class='ocr_par' dir='ltr' id='par_1_19' title="bbox 111 1643 1682 1728">
     <span class='ocr_line' id='line_1_19' title="bbox 111 1643 1682 1728; baseline 0.011 -34"><span class='ocrx_word' id='word_1_140' title='bbox 111 1643 220 1706; x_wconf 72' lang='grc' dir='ltr'><strong>σίας</strong></span> <span class='ocrx_word' id='word_1_141' title='bbox 247 1644 347 1696; x_wconf 83' lang='grc' dir='ltr'><strong>οὐκ</strong></span> <span class='ocrx_word' id='word_1_142' title='bbox 373 1643 492 1699; x_wconf 77' lang='grc' dir='ltr'><strong>ἐστι</strong></span> <span class='ocrx_word' id='word_1_143' title='bbox 523 1646 842 1716; x_wconf 80' lang='grc' dir='ltr'><strong>δηλωτικὸν,</strong></span> <span class='ocrx_word' id='word_1_144' title='bbox 863 1650 978 1704; x_wconf 78' lang='grc' dir='ltr'>ἀλλ’</span> <span class='ocrx_word' id='word_1_145' title='bbox 1003 1650 1271 1717; x_wconf 76' lang='grc' dir='ltr'><strong>ἐξουσίας,</strong></span> <span class='ocrx_word' id='word_1_146' title='bbox 1295 1655 1682 1728; x_wconf 80' lang='grc' dir='ltr'><strong>ὑποστησάσης</strong></span> 
     </span>
    </p>
   </div>
   <div class='ocr_carea' id='block_1_20' title="bbox 1779 471 3369 541">
    <p class='ocr_par' dir='ltr' id='par_1_20' title="bbox 1779 471 3369 541">
     <span class='ocr_line' id='line_1_20' title="bbox 1779 471 3369 541; baseline 0.003 -16"><span class='ocrx_word' id='word_1_147' title='bbox 1779 486 1903 526; x_wconf 88' lang='lat' dir='ltr'><strong>nem</strong></span> <span class='ocrx_word' id='word_1_148' title='bbox 1926 485 2150 527; x_wconf 85' lang='lat' dir='ltr'><strong>servare</strong></span> <span class='ocrx_word' id='word_1_149' title='bbox 2178 486 2304 526; x_wconf 88' lang='lat' dir='ltr'><strong>cum</strong></span> <span class='ocrx_word' id='word_1_150' title='bbox 2329 471 2574 534; x_wconf 71' lang='lat' dir='ltr'><strong>ingenito</strong></span> <span class='ocrx_word' id='word_1_151' title='bbox 2607 481 2800 541; x_wconf 89' lang='lat' dir='ltr'><strong>potest.</strong></span> <span class='ocrx_word' id='word_1_152' title='bbox 2830 471 3032 527; x_wconf 81' lang='lat' dir='ltr'><strong>Verum</strong></span> <span class='ocrx_word' id='word_1_153' title='bbox 3061 474 3152 532; x_wconf 88' lang='lat' dir='ltr'><strong>Dei</strong></span> <span class='ocrx_word' id='word_1_154' title='bbox 3179 476 3369 530; x_wconf 88' lang='lat' dir='ltr'><strong>volun—</strong></span> 
     </span>
    </p>
   </div>
   <div class='ocr_carea' id='block_1_21' title="bbox 1783 565 3370 637">
    <p class='ocr_par' dir='ltr' id='par_1_21' title="bbox 1783 565 3370 637">
     <span class='ocr_line' id='line_1_21' title="bbox 1783 565 3370 637; baseline 0.004 -19"><span class='ocrx_word' id='word_1_155' title='bbox 1783 571 1973 628; x_wconf 87' lang='lat' dir='ltr'><strong>tatem,</strong></span> <span class='ocrx_word' id='word_1_156' title='bbox 1997 580 2162 634; x_wconf 83' lang='lat' dir='ltr'><strong>quam</strong></span> <span class='ocrx_word' id='word_1_157' title='bbox 2212 565 2268 619; x_wconf 93' lang='lat' dir='ltr'><strong>in</strong></span> <span class='ocrx_word' id='word_1_158' title='bbox 2311 565 2530 634; x_wconf 88' lang='lat' dir='ltr'><strong>propria</strong></span> <span class='ocrx_word' id='word_1_159' title='bbox 2576 565 2858 636; x_wconf 87' lang='lat' dir='ltr'><strong>hypostasi</strong></span> <span class='ocrx_word' id='word_1_160' title='bbox 2907 568 3170 637; x_wconf 78' lang='lat' dir='ltr'><strong>integram</strong></span> <span class='ocrx_word' id='word_1_161' title='bbox 3206 569 3370 625; x_wconf 81' lang='lat' dir='ltr'><strong>habet</strong></span> 
     </span>
    </p>
   </div>
   <div class='ocr_carea' id='block_1_22' title="bbox 1783 653 3367 720">
    <p class='ocr_par' dir='ltr' id='par_1_22' title="bbox 1783 653 3367 720">
     <span class='ocr_line' id='line_1_22' title="bbox 1783 653 3367 720; baseline 0.003 -12"><span class='ocrx_word' id='word_1_162' title='bbox 1783 669 1848 710; x_wconf 90' lang='lat' dir='ltr'><strong>ac</strong></span> <span class='ocrx_word' id='word_1_163' title='bbox 1907 657 2212 718; x_wconf 83' lang='lat' dir='ltr'><strong>sinceram,</strong></span> <span class='ocrx_word' id='word_1_164' title='bbox 2255 662 2564 709; x_wconf 82' lang='lat' dir='ltr'><strong>conservat.</strong></span> <span class='ocrx_word' id='word_1_165' title='bbox 2627 653 2898 720; x_wconf 85' lang='lat' dir='ltr'><strong>Quocirca</strong></span> <span class='ocrx_word' id='word_1_166' title='bbox 2955 657 3367 714; x_wconf 81' lang='lat' dir='ltr'><strong>similitudinem</strong></span> 
     </span>
    </p>
   </div>
   <div class='ocr_carea' id='block_1_23' title="bbox 1783 745 3368 817">
    <p class='ocr_par' dir='ltr' id='par_1_23' title="bbox 1783 745 3368 817">
     <span class='ocr_line' id='line_1_23' title="bbox 1783 745 3368 817; baseline 0.003 -17"><span class='ocrx_word' id='word_1_167' title='bbox 1783 747 2006 817; x_wconf 88' lang='lat' dir='ltr'><strong>quidem</strong></span> <span class='ocrx_word' id='word_1_168' title='bbox 2047 753 2376 811; x_wconf 71' lang='lat' dir='ltr'><strong>conservat;</strong></span> <span class='ocrx_word' id='word_1_169' title='bbox 2425 745 2517 801; x_wconf 90' lang='lat' dir='ltr'><strong>sed</strong></span> <span class='ocrx_word' id='word_1_170' title='bbox 2562 761 2671 799; x_wconf 91' lang='lat' dir='ltr'><strong>non</strong></span> <span class='ocrx_word' id='word_1_171' title='bbox 2715 747 2769 799; x_wconf 93' lang='lat' dir='ltr'><strong>in</strong></span> <span class='ocrx_word' id='word_1_172' title='bbox 2817 756 3030 809; x_wconf 87' lang='lat' dir='ltr'><strong>natura,</strong></span> <span class='ocrx_word' id='word_1_173' title='bbox 3077 766 3262 804; x_wconf 86' lang='lat' dir='ltr'><strong>verum</strong></span> <span class='ocrx_word' id='word_1_174' title='bbox 3313 751 3368 804; x_wconf 91' lang='lat' dir='ltr'><strong>in</strong></span> 
     </span>
    </p>
   </div>
   <div class='ocr_carea' id='block_1_24' title="bbox 1781 837 3368 909">
    <p class='ocr_par' dir='ltr' id='par_1_24' title="bbox 1781 837 3368 909">
     <span class='ocr_line' id='line_1_24' title="bbox 1781 837 3368 909; baseline 0.003 -19"><span class='ocrx_word' id='word_1_175' title='bbox 1781 838 2064 892; x_wconf 81' lang='lat' dir='ltr'><strong>voluntate</strong></span> <span class='ocrx_word' id='word_1_176' title='bbox 2088 838 2344 908; x_wconf 86' lang='lat' dir='ltr'><strong>positam,</strong></span> <span class='ocrx_word' id='word_1_177' title='bbox 2372 853 2439 892; x_wconf 90' lang='lat' dir='ltr'><strong>eo</strong></span> <span class='ocrx_word' id='word_1_178' title='bbox 2481 837 2624 906; x_wconf 88' lang='lat' dir='ltr'><strong>quod</strong></span> <span class='ocrx_word' id='word_1_179' title='bbox 2654 837 2866 906; x_wconf 84' lang='lat' dir='ltr'><strong>qualem</strong></span> <span class='ocrx_word' id='word_1_180' title='bbox 2899 838 3071 891; x_wconf 90' lang='lat' dir='ltr'><strong>voluit</strong></span> <span class='ocrx_word' id='word_1_181' title='bbox 3100 840 3216 909; x_wconf 87' lang='lat' dir='ltr'><strong>ipse</strong></span> <span class='ocrx_word' id='word_1_182' title='bbox 3246 855 3368 908; x_wconf 88' lang='lat' dir='ltr'><strong>pro-</strong></span> 
     </span>
    </p>
   </div>
   <div class='ocr_carea' id='block_1_25' title="bbox 1781 929 3366 1011">
    <p class='ocr_par' dir='ltr' id='par_1_25' title="bbox 1781 929 3366 1011">
     <span class='ocr_line' id='line_1_25' title="bbox 1781 929 3366 1011; baseline 0.001 -27"><span class='ocrx_word' id='word_1_183' title='bbox 1781 929 1956 984; x_wconf 82' lang='lat' dir='ltr'><strong>duxit.</strong></span> <span class='ocrx_word' id='word_1_184' title='bbox 1989 948 2009 980; x_wconf 77' lang='grc' dir='ltr'><strong>ι</strong></span> <span class='ocrx_word' id='word_1_185' title='bbox 2043 929 2108 982; x_wconf 85' lang='lat' dir='ltr'><strong>Et</strong></span> <span class='ocrx_word' id='word_1_186' title='bbox 2138 944 2398 984; x_wconf 89' lang='lat' dir='ltr'><strong>rursum:</strong></span> <span class='ocrx_word' id='word_1_187' title='bbox 2433 949 2452 982; x_wconf 75' lang='grc' dir='ltr'><strong>ι</strong></span> <span class='ocrx_word' id='word_1_188' title='bbox 2491 929 2776 1011; x_wconf 75' lang='lat' dir='ltr'><strong>Qupmodo</strong></span> <span class='ocrx_word' id='word_1_189' title='bbox 2801 944 2907 983; x_wconf 92' lang='lat' dir='ltr'><strong>non</strong></span> <span class='ocrx_word' id='word_1_190' title='bbox 2929 940 2982 985; x_wconf 87' lang='lat' dir='ltr'><strong>et</strong></span> <span class='ocrx_word' id='word_1_191' title='bbox 3009 945 3219 985; x_wconf 89' lang='lat' dir='ltr'><strong>meeum</strong></span> <span class='ocrx_word' id='word_1_192' title='bbox 3252 933 3366 1001; x_wconf 85' lang='lat' dir='ltr'><strong>ipse</strong></span> 
     </span>
    </p>
   </div>
   <div class='ocr_carea' id='block_1_26' title="bbox 1780 1019 3368 1088">
    <p class='ocr_par' dir='ltr' id='par_1_26' title="bbox 1780 1019 3368 1088">
     <span class='ocr_line' id='line_1_26' title="bbox 1780 1019 3368 1088; baseline 0.002 -14"><span class='ocrx_word' id='word_1_193' title='bbox 1780 1020 1990 1088; x_wconf 81' lang='lat' dir='ltr'><strong>fateris,</strong></span> <span class='ocrx_word' id='word_1_194' title='bbox 2015 1019 2214 1076; x_wconf 85' lang='lat' dir='ltr'><strong>Filium</strong></span> <span class='ocrx_word' id='word_1_195' title='bbox 2232 1020 2380 1075; x_wconf 87' lang='lat' dir='ltr'><strong>Patri</strong></span> <span class='ocrx_word' id='word_1_196' title='bbox 2408 1030 2602 1076; x_wconf 88' lang='lat' dir='ltr'><strong>natura</strong></span> <span class='ocrx_word' id='word_1_197' title='bbox 2625 1037 2732 1076; x_wconf 92' lang='lat' dir='ltr'><strong>non</strong></span> <span class='ocrx_word' id='word_1_198' title='bbox 2751 1037 2872 1077; x_wconf 88' lang='lat' dir='ltr'><strong>esse</strong></span> <span class='ocrx_word' id='word_1_199' title='bbox 2888 1023 3158 1077; x_wconf 84' lang='lat' dir='ltr'><strong>similem?</strong></span> <span class='ocrx_word' id='word_1_200' title='bbox 3181 1041 3200 1072; x_wconf 68' lang='grc' dir='ltr'><strong>ι</strong></span> <span class='ocrx_word' id='word_1_201' title='bbox 3226 1021 3368 1076; x_wconf 76' lang='lat' dir='ltr'><strong>Rur-</strong></span> 
     </span>
    </p>
   </div>
   <div class='ocr_carea' id='block_1_27' title="bbox 1780 1111 3366 1182">
    <p class='ocr_par' dir='ltr' id='par_1_27' title="bbox 1780 1111 3366 1182">
     <span class='ocr_line' id='line_1_27' title="bbox 1780 1111 3366 1182; baseline -0.001 -15"><span class='ocrx_word' id='word_1_202' title='bbox 1780 1128 1944 1168; x_wconf 86' lang='lat' dir='ltr'><strong>sum:</strong></span> <span class='ocrx_word' id='word_1_203' title='bbox 1983 1131 2001 1164; x_wconf 82' lang='grc' dir='ltr'><strong>ι</strong></span> <span class='ocrx_word' id='word_1_204' title='bbox 2026 1113 2161 1166; x_wconf 85' lang='lat' dir='ltr'><strong>Cum</strong></span> <span class='ocrx_word' id='word_1_205' title='bbox 2208 1111 2382 1167; x_wconf 91' lang='lat' dir='ltr'><strong>Filius</strong></span> <span class='ocrx_word' id='word_1_206' title='bbox 2417 1113 2565 1168; x_wconf 74' lang='lat' dir='ltr'><strong>exitu</strong></span> <span class='ocrx_word' id='word_1_207' title='bbox 2599 1127 2788 1168; x_wconf 85' lang='lat' dir='ltr'><strong>carere</strong></span> <span class='ocrx_word' id='word_1_208' title='bbox 2827 1113 2976 1166; x_wconf 90' lang='lat' dir='ltr'><strong>omni</strong></span> <span class='ocrx_word' id='word_1_209' title='bbox 3017 1113 3250 1177; x_wconf 86' lang='lat' dir='ltr'><strong>dicatur,</strong></span> <span class='ocrx_word' id='word_1_210' title='bbox 3275 1114 3366 1182; x_wconf 88' lang='lat' dir='ltr'><strong>qui</strong></span> 
     </span>
    </p>
   </div>
   <div class='ocr_carea' id='block_1_28' title="bbox 1781 1204 3367 1275">
    <p class='ocr_par' dir='ltr' id='par_1_28' title="bbox 1781 1204 3367 1275">
     <span class='ocr_line' id='line_1_28' title="bbox 1781 1204 3367 1275; baseline 0 -17"><span class='ocrx_word' id='word_1_211' title='bbox 1781 1205 1944 1258; x_wconf 89' lang='lat' dir='ltr'><strong>vitam</strong></span> <span class='ocrx_word' id='word_1_212' title='bbox 1976 1204 2198 1274; x_wconf 86' lang='lat' dir='ltr'><strong>propria</strong></span> <span class='ocrx_word' id='word_1_213' title='bbox 2227 1219 2291 1258; x_wconf 76' lang='lat' dir='ltr'><strong>ex</strong></span> <span class='ocrx_word' id='word_1_214' title='bbox 2325 1211 2520 1258; x_wconf 89' lang='lat' dir='ltr'><strong>natura</strong></span> <span class='ocrx_word' id='word_1_215' title='bbox 2552 1219 2658 1258; x_wconf 88' lang='lat' dir='ltr'><strong>non</strong></span> <span class='ocrx_word' id='word_1_216' title='bbox 2700 1204 2880 1269; x_wconf 84' lang='lat' dir='ltr'><strong>habet,</strong></span> <span class='ocrx_word' id='word_1_217' title='bbox 2919 1204 3015 1258; x_wconf 89' lang='lat' dir='ltr'><strong>sed</strong></span> <span class='ocrx_word' id='word_1_218' title='bbox 3044 1219 3110 1259; x_wconf 80' lang='lat' dir='ltr'><strong>ex</strong></span> <span class='ocrx_word' id='word_1_219' title='bbox 3143 1205 3367 1275; x_wconf 81' lang='lat' dir='ltr'><strong>ingeniti</strong></span> 
     </span>
    </p>
   </div>
   <div class='ocr_carea' id='block_1_29' title="bbox 1777 1295 3368 1367">
    <p class='ocr_par' dir='ltr' id='par_1_29' title="bbox 1777 1295 3368 1367">
     <span class='ocr_line' id='line_1_29' title="bbox 1777 1295 3368 1367; baseline -0.001 -17"><span class='ocrx_word' id='word_1_220' title='bbox 1777 1304 2078 1367; x_wconf 84' lang='lat' dir='ltr'><strong>potestate;</strong></span> <span class='ocrx_word' id='word_1_221' title='bbox 2128 1296 2369 1364; x_wconf 75' lang='lat' dir='ltr'><strong>ingenita</strong></span> <span class='ocrx_word' id='word_1_222' title='bbox 2426 1310 2592 1365; x_wconf 91' lang='lat' dir='ltr'><strong>porro</strong></span> <span class='ocrx_word' id='word_1_223' title='bbox 2657 1304 2852 1348; x_wconf 89' lang='lat' dir='ltr'><strong>natura</strong></span> <span class='ocrx_word' id='word_1_224' title='bbox 2909 1296 3029 1350; x_wconf 90' lang='lat' dir='ltr'><strong>sine</strong></span> <span class='ocrx_word' id='word_1_225' title='bbox 3093 1295 3203 1349; x_wconf 92' lang='lat' dir='ltr'><strong>ullo</strong></span> <span class='ocrx_word' id='word_1_226' title='bbox 3261 1296 3368 1350; x_wconf 82' lang='lat' dir='ltr'><strong>fine</strong></span> 
     </span>
    </p>
   </div>
   <div class='ocr_carea' id='block_1_30' title="bbox 1780 1387 3364 1460">
    <p class='ocr_par' dir='ltr' id='par_1_30' title="bbox 1780 1387 3364 1460">
     <span class='ocr_line' id='line_1_30' title="bbox 1780 1387 3364 1460; baseline -0.002 -18"><span class='ocrx_word' id='word_1_227' title='bbox 1780 1389 1928 1443; x_wconf 89' lang='lat' dir='ltr'><strong>omni</strong></span> <span class='ocrx_word' id='word_1_228' title='bbox 1956 1389 2026 1444; x_wconf 88' lang='lat' dir='ltr'><strong>sit</strong></span> <span class='ocrx_word' id='word_1_229' title='bbox 2056 1395 2324 1460; x_wconf 84' lang='lat' dir='ltr'><strong>potestate</strong></span> <span class='ocrx_word' id='word_1_230' title='bbox 2367 1387 2640 1457; x_wconf 90' lang='lat' dir='ltr'><strong>superior,</strong></span> <span class='ocrx_word' id='word_1_231' title='bbox 2670 1402 2852 1442; x_wconf 90' lang='lat' dir='ltr'><strong>nonne</strong></span> <span class='ocrx_word' id='word_1_232' title='bbox 2893 1387 3183 1443; x_wconf 79' lang='lat' dir='ltr'><strong>manifeste</strong></span> <span class='ocrx_word' id='word_1_233' title='bbox 3218 1388 3364 1458; x_wconf 88' lang='lat' dir='ltr'><strong>impii</strong></span> 
     </span>
    </p>
   </div>
   <div class='ocr_carea' id='block_1_31' title="bbox 1779 1479 3368 1549">
    <p class='ocr_par' dir='ltr' id='par_1_31' title="bbox 1779 1479 3368 1549">
     <span class='ocr_line' id='line_1_31' title="bbox 1779 1479 3368 1549; baseline -0.003 -13"><span class='ocrx_word' id='word_1_234' title='bbox 1779 1496 1902 1537; x_wconf 88' lang='lat' dir='ltr'><strong>sese</strong></span> <span class='ocrx_word' id='word_1_235' title='bbox 1924 1481 2173 1536; x_wconf 87' lang='lat' dir='ltr'><strong>homines</strong></span> <span class='ocrx_word' id='word_1_236' title='bbox 2228 1479 2486 1549; x_wconf 88' lang='lat' dir='ltr'><strong>produnt,</strong></span> <span class='ocrx_word' id='word_1_237' title='bbox 2540 1480 2670 1533; x_wconf 92' lang='lat' dir='ltr'><strong>dum</strong></span> <span class='ocrx_word' id='word_1_238' title='bbox 2720 1480 2971 1534; x_wconf 65' lang='lat' dir='ltr'><strong>essentia:</strong></span> <span class='ocrx_word' id='word_1_239' title='bbox 3012 1479 3368 1534; x_wconf 87' lang='lat' dir='ltr'><strong>similitudine</strong></span> 
     </span>
    </p>
   </div>
   <div class='ocr_carea' id='block_1_32' title="bbox 1779 1569 3366 1640">
    <p class='ocr_par' dir='ltr' id='par_1_32' title="bbox 1779 1569 3366 1640">
     <span class='ocr_line' id='line_1_32' title="bbox 1779 1569 3366 1640; baseline -0.002 -14"><span class='ocrx_word' id='word_1_240' title='bbox 1779 1573 2007 1627; x_wconf 63' lang='lat' dir='ltr'><strong>diversa:</strong></span> <span class='ocrx_word' id='word_1_241' title='bbox 2045 1571 2364 1627; x_wconf 70' lang='lat' dir='ltr'><strong>substantia:</strong></span> <span class='ocrx_word' id='word_1_242' title='bbox 2417 1570 2636 1640; x_wconf 78' lang='lat' dir='ltr'><strong>dogma,</strong></span> <span class='ocrx_word' id='word_1_243' title='bbox 2663 1571 2808 1640; x_wconf 90' lang='lat' dir='ltr'><strong>quod</strong></span> <span class='ocrx_word' id='word_1_244' title='bbox 2843 1569 3030 1640; x_wconf 82' lang='lat' dir='ltr'><strong>pietati</strong></span> <span class='ocrx_word' id='word_1_245' title='bbox 3072 1578 3366 1625; x_wconf 86' lang='lat' dir='ltr'><strong>consenta-</strong></span> 
     </span>
    </p>
   </div>
   <div class='ocr_carea' id='block_1_33' title="bbox 1781 1659 3364 1730">
    <p class='ocr_par' dir='ltr' id='par_1_33' title="bbox 1781 1659 3364 1730">
     <span class='ocr_line' id='line_1_33' title="bbox 1781 1659 3364 1730; baseline 0.001 -15"><span class='ocrx_word' id='word_1_246' title='bbox 1781 1664 1948 1716; x_wconf 77' lang='lat' dir='ltr'><strong>neum</strong></span> <span class='ocrx_word' id='word_1_247' title='bbox 1993 1669 2096 1723; x_wconf 89' lang='lat' dir='ltr'><strong>est,</strong></span> <span class='ocrx_word' id='word_1_248' title='bbox 2125 1661 2502 1715; x_wconf 87' lang='lat' dir='ltr'><strong>commutant?</strong></span> <span class='ocrx_word' id='word_1_249' title='bbox 2534 1674 2552 1710; x_wconf 76' lang='grc' dir='ltr'><strong>ι</strong></span> <span class='ocrx_word' id='word_1_250' title='bbox 2586 1660 2806 1726; x_wconf 89' lang='lat' dir='ltr'><strong>Deinde,</strong></span> <span class='ocrx_word' id='word_1_251' title='bbox 2845 1659 3197 1730; x_wconf 69' lang='lat' dir='ltr'><strong>«Propterea,</strong></span> <span class='ocrx_word' id='word_1_252' title='bbox 3277 1663 3364 1717; x_wconf 88' lang='lat' dir='ltr'><strong>in-</strong></span> 
     </span>
    </p>
   </div>
   <div class='ocr_carea' id='block_1_34' title="bbox 110 1737 1676 1839">
    <p class='ocr_par' dir='ltr' id='par_1_34' title="bbox 110 1737 1676 1820">
     <span class='ocr_line' id='line_1_34' title="bbox 110 1737 1676 1820; baseline 0.01 -33"><span class='ocrx_word' id='word_1_253' title='bbox 110 1737 189 1788; x_wconf 84' lang='grc' dir='ltr'><strong>τὺν</strong></span> <span class='ocrx_word' id='word_1_254' title='bbox 216 1737 340 1791; x_wconf 79' lang='grc' dir='ltr'><strong>Υἱὸν</strong></span> <span class='ocrx_word' id='word_1_255' title='bbox 368 1737 478 1809; x_wconf 82' lang='grc' dir='ltr'><strong>πρὸ</strong></span> <span class='ocrx_word' id='word_1_256' title='bbox 505 1739 716 1794; x_wconf 67' lang='grc' dir='ltr'><strong>αἰώνων</strong></span> <span class='ocrx_word' id='word_1_257' title='bbox 744 1742 877 1797; x_wconf 81' lang='grc' dir='ltr'><strong>Θεὸν</strong></span> <span class='ocrx_word' id='word_1_258' title='bbox 899 1743 1072 1814; x_wconf 82' lang='grc' dir='ltr'>Λόγον</span> <span class='ocrx_word' id='word_1_259' title='bbox 1099 1747 1472 1818; x_wconf 78' lang='grc' dir='ltr'><strong>ἀτελευτήτως</strong></span> <span class='ocrx_word' id='word_1_260' title='bbox 1491 1745 1598 1820; x_wconf 81' lang='grc' dir='ltr'><strong>ἦν³</strong></span> <span class='ocrx_word' id='word_1_261' title='bbox 1621 1751 1676 1802; x_wconf 85' lang='grc' dir='ltr'><strong>ὲν</strong></span> 
     </span>
    </p>
   </div>
   <div class='ocr_carea' id='block_1_35' title="bbox 1847 1737 3352 1839">
    <p class='ocr_par' dir='ltr' id='par_1_35' title="bbox 1847 1751 3352 1822">
     <span class='ocr_line' id='line_1_35' title="bbox 1847 1751 3352 1822; baseline 0 -17"><span class='ocrx_word' id='word_1_262' title='bbox 1847 1753 1995 1816; x_wconf 84' lang='grc' dir='ltr'><strong>ιὶυηι,</strong></span> <span class='ocrx_word' id='word_1_263' title='bbox 2068 1752 2248 1808; x_wconf 85' lang='lat' dir='ltr'><strong>Patris</strong></span> <span class='ocrx_word' id='word_1_264' title='bbox 2274 1767 2473 1807; x_wconf 89' lang='lat' dir='ltr'><strong>nomen</strong></span> <span class='ocrx_word' id='word_1_265' title='bbox 2522 1751 2883 1808; x_wconf 87' lang='lat' dir='ltr'><strong>substantiam</strong></span> <span class='ocrx_word' id='word_1_266' title='bbox 2920 1767 3028 1806; x_wconf 89' lang='lat' dir='ltr'><strong>non</strong></span> <span class='ocrx_word' id='word_1_267' title='bbox 3063 1751 3352 1822; x_wconf 75' lang='lat' dir='ltr'><strong>significat,</strong></span> 
     </span>
    </p>
   </div>
   <div class='ocr_carea' id='block_1_36' title="bbox 110 1829 1681 1908">
    <p class='ocr_par' dir='ltr' id='par_1_36' title="bbox 110 1829 1681 1908">
     <span class='ocr_line' id='line_1_36' title="bbox 110 1829 1681 1908; baseline 0.01 -28"><span class='ocrx_word' id='word_1_268' title='bbox 110 1829 243 1900; x_wconf 81' lang='grc' dir='ltr'><strong>αὐτῷ</strong></span> <span class='ocrx_word' id='word_1_269' title='bbox 271 1830 632 1902; x_wconf 61' lang='grc' dir='ltr'><strong>δωρηθεὴαν,</strong></span> <span class='ocrx_word' id='word_1_270' title='bbox 681 1836 747 1906; x_wconf 76' lang='grc' dir='ltr'><strong>ῆν</strong></span> <span class='ocrx_word' id='word_1_271' title='bbox 792 1835 931 1908; x_wconf 75' lang='grc' dir='ltr'><strong>ἔχων</strong></span> <span class='ocrx_word' id='word_1_272' title='bbox 977 1837 1210 1892; x_wconf 86' lang='grc' dir='ltr'><strong>διατελεῖ</strong></span> <span class='ocrx_word' id='word_1_273' title='bbox 1255 1841 1446 1894; x_wconf 83' lang='grc' dir='ltr'><strong>οὐσίαν</strong></span> <span class='ocrx_word' id='word_1_274' title='bbox 1487 1859 1549 1894; x_wconf 89' lang='grc' dir='ltr'><strong>τε</strong></span> <span class='ocrx_word' id='word_1_275' title='bbox 1586 1845 1681 1896; x_wconf 78' lang='grc' dir='ltr'><strong>καὶ</strong></span> 
     </span>
    </p>
   </div>
   <div class='ocr_carea' id='block_1_37' title="bbox 110 1919 1680 2001">
    <p class='ocr_par' dir='ltr' id='par_1_37' title="bbox 110 1919 1680 2001">
     <span class='ocr_line' id='line_1_37' title="bbox 110 1919 1680 2001; baseline 0.011 -31"><span class='ocrx_word' id='word_1_276' title='bbox 110 1919 366 1982; x_wconf 74' lang='grc' dir='ltr'><strong>ἐξουσίαν.</strong></span> <span class='ocrx_word' id='word_1_277' title='bbox 414 1943 434 1974; x_wconf 71' lang='grc' dir='ltr'><strong>ι</strong></span> <span class='ocrx_word' id='word_1_278' title='bbox 473 1924 584 1978; x_wconf 84' lang='lat' dir='ltr'><strong>Kal.</strong></span> <span class='ocrx_word' id='word_1_279' title='bbox 619 1925 802 1981; x_wconf 83' lang='grc' dir='ltr'><strong>πάλιν·</strong></span> <span class='ocrx_word' id='word_1_280' title='bbox 843 1946 862 1978; x_wconf 75' lang='grc' dir='ltr'><strong>ι</strong></span> <span class='ocrx_word' id='word_1_281' title='bbox 899 1928 1102 1992; x_wconf 82' lang='grc' dir='ltr'><strong>Οὐσίας</strong></span> <span class='ocrx_word' id='word_1_282' title='bbox 1129 1925 1268 1985; x_wconf 79' lang='grc' dir='ltr'><strong>εἶναι</strong></span> <span class='ocrx_word' id='word_1_283' title='bbox 1304 1930 1586 2001; x_wconf 85' lang='grc' dir='ltr'><strong>βούλονται</strong></span> <span class='ocrx_word' id='word_1_284' title='bbox 1619 1934 1680 1988; x_wconf 77' lang='grc' dir='ltr'><strong>τὸ</strong></span> 
     </span>
    </p>
   </div>
   <div class='ocr_carea' id='block_1_38' title="bbox 112 2012 1681 2096">
    <p class='ocr_par' dir='ltr' id='par_1_38' title="bbox 112 2012 1681 2096">
     <span class='ocr_line' id='line_1_38' title="bbox 112 2012 1681 2096; baseline 0.009 -33"><span class='ocrx_word' id='word_1_285' title='bbox 112 2012 296 2080; x_wconf 75' lang='grc' dir='ltr'><strong>Πατὴρ</strong></span> <span class='ocrx_word' id='word_1_286' title='bbox 328 2013 651 2084; x_wconf 80' lang='grc' dir='ltr'><strong>δηλωτικὸν,</strong></span> <span class='ocrx_word' id='word_1_287' title='bbox 691 2017 805 2071; x_wconf 81' lang='grc' dir='ltr'>ἀλλ’</span> <span class='ocrx_word' id='word_1_288' title='bbox 853 2020 954 2074; x_wconf 84' lang='grc' dir='ltr'><strong>οὐκ</strong></span> <span class='ocrx_word' id='word_1_289' title='bbox 1007 2020 1277 2087; x_wconf 78' lang='grc' dir='ltr'><strong>ἐξουσίας,</strong></span> <span class='ocrx_word' id='word_1_290' title='bbox 1330 2022 1411 2093; x_wconf 82' lang='grc' dir='ltr'><strong>τῷ</strong></span> <span class='ocrx_word' id='word_1_291' title='bbox 1453 2025 1630 2096; x_wconf 78' lang='grc' dir='ltr'><strong>Πατρὶ</strong></span> <span class='ocrx_word' id='word_1_292' title='bbox 1657 2025 1681 2056; x_wconf 74' lang='grc' dir='ltr'>δ</span> 
     </span>
    </p>
   </div>
   <div class='ocr_carea' id='block_1_39' title="bbox 111 2099 1682 2182">
    <p class='ocr_par' dir='ltr' id='par_1_39' title="bbox 111 2099 1682 2182">
     <span class='ocr_line' id='line_1_39' title="bbox 111 2099 1682 2182; baseline 0.011 -32"><span class='ocrx_word' id='word_1_293' title='bbox 111 2099 316 2170; x_wconf 81' lang='grc' dir='ltr'><strong>ὀνόματι</strong></span> <span class='ocrx_word' id='word_1_294' title='bbox 350 2104 445 2155; x_wconf 77' lang='grc' dir='ltr'><strong>καὶ</strong></span> <span class='ocrx_word' id='word_1_295' title='bbox 472 2103 574 2175; x_wconf 72' lang='grc' dir='ltr'><strong>τὴν</strong></span> <span class='ocrx_word' id='word_1_296' title='bbox 589 2103 682 2158; x_wconf 83' lang='grc' dir='ltr'><strong>τοῦ</strong></span> <span class='ocrx_word' id='word_1_297' title='bbox 708 2105 1048 2176; x_wconf 82' lang='grc' dir='ltr'><strong>Μονογενοῦς</strong></span> <span class='ocrx_word' id='word_1_298' title='bbox 1079 2109 1378 2166; x_wconf 81' lang='grc' dir='ltr'><strong>ὑπόστασιν</strong></span> <span class='ocrx_word' id='word_1_299' title='bbox 1411 2129 1682 2182; x_wconf 80' lang='grc' dir='ltr'><strong>προσαγο-</strong></span> 
     </span>
    </p>
   </div>
   <div class='ocr_carea' id='block_1_40' title="bbox 113 2209 485 2263">
    <p class='ocr_par' dir='ltr' id='par_1_40' title="bbox 113 2209 485 2263">
     <span class='ocr_line' id='line_1_40' title="bbox 113 2209 485 2263; baseline 0.011 -17"><span class='ocrx_word' id='word_1_300' title='bbox 113 2209 426 2263; x_wconf 83' lang='grc' dir='ltr'><strong>ρευετωσαν.</strong></span> <span class='ocrx_word' id='word_1_301' title='bbox 463 2215 485 2250; x_wconf 76' lang='grc' dir='ltr'><strong>ι</strong></span> 
     </span>
    </p>
   </div>
   <div class='ocr_carea' id='block_1_41' title="bbox 172 2462 1679 2536">
    <p class='ocr_par' dir='ltr' id='par_1_41' title="bbox 172 2462 1679 2536">
     <span class='ocr_line' id='line_1_41' title="bbox 172 2462 1679 2536; baseline 0.005 -22"><span class='ocrx_word' id='word_1_302' title='bbox 172 2462 291 2515; x_wconf 69' lang='grc' dir='ltr'><strong>ΚΒν.</strong></span> <span class='ocrx_word' id='word_1_303' title='bbox 334 2462 606 2533; x_wconf 81' lang='grc' dir='ltr'><strong>Ἐροῦμεν</strong></span> <span class='ocrx_word' id='word_1_304' title='bbox 647 2462 742 2517; x_wconf 80' lang='grc' dir='ltr'><strong>νῦν</strong></span> <span class='ocrx_word' id='word_1_305' title='bbox 773 2463 909 2536; x_wconf 81' lang='grc' dir='ltr'><strong>πρὸς</strong></span> <span class='ocrx_word' id='word_1_306' title='bbox 935 2465 1064 2529; x_wconf 87' lang='grc' dir='ltr'><strong>τούς</strong></span> <span class='ocrx_word' id='word_1_307' title='bbox 1101 2464 1195 2519; x_wconf 83' lang='grc' dir='ltr'><strong>νῦν</strong></span> <span class='ocrx_word' id='word_1_308' title='bbox 1233 2466 1563 2536; x_wconf 80' lang='grc' dir='ltr'><strong>αἱρετικοὺς,</strong></span> <span class='ocrx_word' id='word_1_309' title='bbox 1594 2469 1679 2522; x_wconf 84' lang='grc' dir='ltr'><strong>ὅτι</strong></span> 
     </span>
    </p>
   </div>
   <div class='ocr_carea' id='block_1_42' title="bbox 120 2551 1678 2628">
    <p class='ocr_par' dir='ltr' id='par_1_42' title="bbox 120 2551 1678 2628">
     <span class='ocr_line' id='line_1_42' title="bbox 120 2551 1678 2628; baseline 0.006 -25"><span class='ocrx_word' id='word_1_310' title='bbox 120 2551 288 2622; x_wconf 82' lang='grc' dir='ltr'><strong>Ὑμεῖς</strong></span> <span class='ocrx_word' id='word_1_311' title='bbox 338 2553 617 2623; x_wconf 70' lang='grc' dir='ltr'><strong>ἐγράψατε</strong></span> <span class='ocrx_word' id='word_1_312' title='bbox 664 2555 847 2624; x_wconf 85' lang='grc' dir='ltr'><strong>ὅμοιον</strong></span> <span class='ocrx_word' id='word_1_313' title='bbox 895 2555 1036 2609; x_wconf 84' lang='grc' dir='ltr'><strong>κατὰ</strong></span> <span class='ocrx_word' id='word_1_314' title='bbox 1094 2555 1367 2626; x_wconf 88' lang='grc' dir='ltr'><strong>βούλησιν,</strong></span> <span class='ocrx_word' id='word_1_315' title='bbox 1424 2557 1678 2628; x_wconf 81' lang='grc' dir='ltr'><strong>ἀνόμοιον</strong></span> 
     </span>
    </p>
   </div>
   <div class='ocr_carea' id='block_1_43' title="bbox 113 2645 1675 2718">
    <p class='ocr_par' dir='ltr' id='par_1_43' title="bbox 113 2645 1675 2718">
     <span class='ocr_line' id='line_1_43' title="bbox 113 2645 1675 2718; baseline 0.003 -21"><span class='ocrx_word' id='word_1_316' title='bbox 113 2646 218 2698; x_wconf 77' lang='grc' dir='ltr'><strong>κατ’</strong></span> <span class='ocrx_word' id='word_1_317' title='bbox 245 2647 452 2698; x_wconf 69' lang='grc' dir='ltr'><strong>οὐσίαψ</strong></span> <span class='ocrx_word' id='word_1_318' title='bbox 495 2645 576 2698; x_wconf 81' lang='grc' dir='ltr'><strong>διὸ</strong></span> <span class='ocrx_word' id='word_1_319' title='bbox 613 2647 775 2716; x_wconf 76' lang='grc' dir='ltr'><strong>ἡμεῖς</strong></span> <span class='ocrx_word' id='word_1_320' title='bbox 814 2646 1256 2717; x_wconf 80' lang='grc' dir='ltr'><strong>ἀντεγράψαμεν,</strong></span> <span class='ocrx_word' id='word_1_321' title='bbox 1289 2649 1371 2702; x_wconf 84' lang='grc' dir='ltr'><strong>ὅτι</strong></span> <span class='ocrx_word' id='word_1_322' title='bbox 1400 2649 1582 2718; x_wconf 85' lang='grc' dir='ltr'><strong>ὅμοιος</strong></span> <span class='ocrx_word' id='word_1_323' title='bbox 1615 2650 1675 2703; x_wconf 92' lang='grc' dir='ltr'><strong>οὐ</strong></span> 
     </span>
    </p>
   </div>
   <div class='ocr_carea' id='block_1_44' title="bbox 113 2733 1676 2813">
    <p class='ocr_par' dir='ltr' id='par_1_44' title="bbox 113 2733 1676 2813">
     <span class='ocr_line' id='line_1_44' title="bbox 113 2733 1676 2813; baseline 0.005 -27"><span class='ocrx_word' id='word_1_324' title='bbox 113 2737 237 2788; x_wconf 79' lang='grc' dir='ltr'><strong>κατὰ</strong></span> <span class='ocrx_word' id='word_1_325' title='bbox 267 2733 502 2805; x_wconf 78' lang='grc' dir='ltr'><strong>μίμησιν</strong></span> <span class='ocrx_word' id='word_1_326' title='bbox 532 2736 714 2806; x_wconf 90' lang='grc' dir='ltr'><strong>μόνον,</strong></span> <span class='ocrx_word' id='word_1_327' title='bbox 744 2737 880 2790; x_wconf 79' lang='grc' dir='ltr'>ἀλλὰ</span> <span class='ocrx_word' id='word_1_328' title='bbox 923 2737 1015 2791; x_wconf 76' lang='grc' dir='ltr'><strong>καὶ</strong></span> <span class='ocrx_word' id='word_1_329' title='bbox 1052 2741 1172 2791; x_wconf 86' lang='grc' dir='ltr'><strong>κατ’</strong></span> <span class='ocrx_word' id='word_1_330' title='bbox 1206 2739 1413 2794; x_wconf 83' lang='grc' dir='ltr'><strong>οὐσίαν.</strong></span> <span class='ocrx_word' id='word_1_331' title='bbox 1461 2741 1676 2813; x_wconf 81' lang='grc' dir='ltr'><strong>Ἐπειδὴ</strong></span> 
     </span>
    </p>
   </div>
   <div class='ocr_carea' id='block_1_45' title="bbox 112 2826 1679 2900">
    <p class='ocr_par' dir='ltr' id='par_1_45' title="bbox 112 2826 1679 2900">
     <span class='ocr_line' id='line_1_45' title="bbox 112 2826 1679 2900; baseline 0.004 -22"><span class='ocrx_word' id='word_1_332' title='bbox 112 2826 271 2880; x_wconf 72' lang='grc' dir='ltr'><strong>τοίνυν</strong></span> <span class='ocrx_word' id='word_1_333' title='bbox 317 2827 527 2896; x_wconf 81' lang='grc' dir='ltr'><strong>πρῶτοι</strong></span> <span class='ocrx_word' id='word_1_334' title='bbox 581 2829 739 2898; x_wconf 83' lang='grc' dir='ltr'><strong>ὑμεῖς</strong></span> <span class='ocrx_word' id='word_1_335' title='bbox 797 2828 986 2892; x_wconf 84' lang='grc' dir='ltr'><strong>οὐσίας</strong></span> <span class='ocrx_word' id='word_1_336' title='bbox 1038 2829 1372 2900; x_wconf 78' lang='grc' dir='ltr'><strong>ἐμνήσθητε,</strong></span> <span class='ocrx_word' id='word_1_337' title='bbox 1429 2830 1679 2900; x_wconf 80' lang='grc' dir='ltr'><strong>λέγοντες</strong></span> 
     </span>
    </p>
   </div>
   <div class='ocr_carea' id='block_1_46' title="bbox 114 2919 1679 2992">
    <p class='ocr_par' dir='ltr' id='par_1_46' title="bbox 114 2919 1679 2992">
     <span class='ocr_line' id='line_1_46' title="bbox 114 2919 1679 2992; baseline 0.004 -22"><span class='ocrx_word' id='word_1_338' title='bbox 114 2919 344 2990; x_wconf 78' lang='grc' dir='ltr'><strong>ἀνόμοιον</strong></span> <span class='ocrx_word' id='word_1_339' title='bbox 373 2922 498 2986; x_wconf 76' lang='grc' dir='ltr'><strong>κατ’</strong></span> <span class='ocrx_word' id='word_1_340' title='bbox 533 2921 740 2986; x_wconf 83' lang='grc' dir='ltr'><strong>οὐσίαν,</strong></span> <span class='ocrx_word' id='word_1_341' title='bbox 777 2922 872 2976; x_wconf 78' lang='grc' dir='ltr'><strong>καὶ</strong></span> <span class='ocrx_word' id='word_1_342' title='bbox 897 2921 989 2976; x_wconf 85' lang='grc' dir='ltr'><strong>διὰ</strong></span> <span class='ocrx_word' id='word_1_343' title='bbox 1019 2921 1178 2975; x_wconf 82' lang='grc' dir='ltr'><strong>τοῦτο</strong></span> <span class='ocrx_word' id='word_1_344' title='bbox 1218 2923 1548 2988; x_wconf 78' lang='grc' dir='ltr'><strong>σπουδάζετε</strong></span> <span class='ocrx_word' id='word_1_345' title='bbox 1577 2925 1679 2992; x_wconf 82' lang='grc' dir='ltr'><strong>ἀρ-</strong></span> 
     </span>
    </p>
   </div>
   <div class='ocr_carea' id='block_1_47' title="bbox 118 3009 1678 3086">
    <p class='ocr_par' dir='ltr' id='par_1_47' title="bbox 118 3009 1678 3086">
     <span class='ocr_line' id='line_1_47' title="bbox 118 3009 1678 3086; baseline 0.005 -26"><span class='ocrx_word' id='word_1_346' title='bbox 118 3009 255 3078; x_wconf 83' lang='grc' dir='ltr'><strong>θῆναι</strong></span> <span class='ocrx_word' id='word_1_347' title='bbox 284 3011 344 3063; x_wconf 82' lang='grc' dir='ltr'><strong>τὺ</strong></span> <span class='ocrx_word' id='word_1_348' title='bbox 364 3010 541 3082; x_wconf 77' lang='grc' dir='ltr'><strong>ὄνομα</strong></span> <span class='ocrx_word' id='word_1_349' title='bbox 563 3013 662 3084; x_wconf 85' lang='grc' dir='ltr'><strong>τῆς</strong></span> <span class='ocrx_word' id='word_1_350' title='bbox 690 3013 898 3077; x_wconf 81' lang='grc' dir='ltr'><strong>οὐσίας.</strong></span> <span class='ocrx_word' id='word_1_351' title='bbox 925 3015 1011 3068; x_wconf 80' lang='grc' dir='ltr'><strong>ἵνα</strong></span> <span class='ocrx_word' id='word_1_352' title='bbox 1039 3014 1180 3068; x_wconf 85' lang='grc' dir='ltr'><strong>κατὰ</strong></span> <span class='ocrx_word' id='word_1_353' title='bbox 1211 3015 1463 3086; x_wconf 82' lang='grc' dir='ltr'><strong>βούλησιν</strong></span> <span class='ocrx_word' id='word_1_354' title='bbox 1490 3017 1678 3086; x_wconf 81' lang='grc' dir='ltr'><strong>ὅμοιον</strong></span> 
     </span>
    </p>
   </div>
   <div class='ocr_carea' id='block_1_48' title="bbox 117 3094 1673 3176">
    <p class='ocr_par' dir='ltr' id='par_1_48' title="bbox 117 3094 1673 3176">
     <span class='ocr_line' id='line_1_48' title="bbox 117 3094 1673 3176; baseline 0.006 -25"><span class='ocrx_word' id='word_1_355' title='bbox 117 3094 432 3175; x_wconf 70' lang='grc' dir='ltr'><strong>εἶναιμόνον</strong></span> <span class='ocrx_word' id='word_1_356' title='bbox 460 3101 673 3171; x_wconf 70' lang='grc' dir='ltr'><strong>λέγοιτε</strong></span> <span class='ocrx_word' id='word_1_357' title='bbox 708 3104 800 3157; x_wconf 79' lang='grc' dir='ltr'><strong>τὸν</strong></span> <span class='ocrx_word' id='word_1_358' title='bbox 836 3104 986 3170; x_wconf 81' lang='grc' dir='ltr'><strong>Υἱὸν,</strong></span> <span class='ocrx_word' id='word_1_359' title='bbox 1018 3107 1068 3158; x_wconf 88' lang='grc' dir='ltr'><strong>εἰ</strong></span> <span class='ocrx_word' id='word_1_360' title='bbox 1105 3105 1320 3176; x_wconf 80' lang='grc' dir='ltr'><strong>ἀληθῶς</strong></span> <span class='ocrx_word' id='word_1_361' title='bbox 1363 3106 1673 3160; x_wconf 86' lang='grc' dir='ltr'><strong>συντίθεσθε</strong></span> 
     </span>
    </p>
   </div>
   <div class='ocr_carea' id='block_1_49' title="bbox 118 3192 1674 3272">
    <p class='ocr_par' dir='ltr' id='par_1_49' title="bbox 118 3192 1674 3272">
     <span class='ocr_line' id='line_1_49' title="bbox 118 3192 1674 3272; baseline 0.004 -27"><span class='ocrx_word' id='word_1_362' title='bbox 118 3192 239 3246; x_wconf 80' lang='grc' dir='ltr'><strong>κατὰ</strong></span> <span class='ocrx_word' id='word_1_363' title='bbox 264 3193 438 3248; x_wconf 74' lang='grc' dir='ltr'><strong>πάντα</strong></span> <span class='ocrx_word' id='word_1_364' title='bbox 467 3195 654 3264; x_wconf 82' lang='grc' dir='ltr'><strong>ὅμοιον</strong></span> <span class='ocrx_word' id='word_1_365' title='bbox 692 3196 783 3249; x_wconf 85' lang='grc' dir='ltr'><strong>τὸν</strong></span> <span class='ocrx_word' id='word_1_366' title='bbox 817 3197 942 3250; x_wconf 89' lang='grc' dir='ltr'><strong>Υἱὸν</strong></span> <span class='ocrx_word' id='word_1_367' title='bbox 981 3195 1060 3266; x_wconf 84' lang='grc' dir='ltr'><strong>τῷ</strong></span> <span class='ocrx_word' id='word_1_368' title='bbox 1090 3198 1300 3272; x_wconf 73' lang='grc' dir='ltr'><strong>Πατρὶ,</strong></span> <span class='ocrx_word' id='word_1_369' title='bbox 1345 3197 1674 3268; x_wconf 82' lang='grc' dir='ltr'><strong>ἀναθεματί-</strong></span> 
     </span>
    </p>
   </div>
   <div class='ocr_carea' id='block_1_50' title="bbox 120 3287 1677 3363">
    <p class='ocr_par' dir='ltr' id='par_1_50' title="bbox 120 3287 1677 3363">
     <span class='ocr_line' id='line_1_50' title="bbox 120 3287 1677 3363; baseline 0.006 -27"><span class='ocrx_word' id='word_1_370' title='bbox 120 3300 230 3338; x_wconf 87' lang='grc' dir='ltr'><strong>σατε</strong></span> <span class='ocrx_word' id='word_1_371' title='bbox 260 3288 383 3352; x_wconf 84' lang='grc' dir='ltr'><strong>τούς</strong></span> <span class='ocrx_word' id='word_1_372' title='bbox 429 3288 696 3359; x_wconf 81' lang='grc' dir='ltr'><strong>διαφορὰν</strong></span> <span class='ocrx_word' id='word_1_373' title='bbox 736 3287 991 3356; x_wconf 79' lang='grc' dir='ltr'><strong>λέγοντας</strong></span> <span class='ocrx_word' id='word_1_374' title='bbox 1035 3290 1368 3359; x_wconf 80' lang='grc' dir='ltr'><strong>ὁμοιότητος·</strong></span> <span class='ocrx_word' id='word_1_375' title='bbox 1406 3293 1501 3344; x_wconf 74' lang='grc' dir='ltr'><strong>καὶ</strong></span> <span class='ocrx_word' id='word_1_376' title='bbox 1538 3293 1677 3363; x_wconf 79' lang='grc' dir='ltr'>γρά-</span> 
     </span>
    </p>
   </div>
   <div class='ocr_carea' id='block_1_51' title="bbox 117 3377 1675 3454">
    <p class='ocr_par' dir='ltr' id='par_1_51' title="bbox 117 3377 1675 3454">
     <span class='ocr_line' id='line_1_51' title="bbox 117 3377 1675 3454; baseline 0.006 -25"><span class='ocrx_word' id='word_1_377' title='bbox 117 3377 235 3444; x_wconf 79' lang='grc' dir='ltr'><strong>ψατε</strong></span> <span class='ocrx_word' id='word_1_378' title='bbox 260 3379 452 3444; x_wconf 79' lang='grc' dir='ltr'><strong>οὕτως,</strong></span> <span class='ocrx_word' id='word_1_379' title='bbox 505 3382 588 3434; x_wconf 79' lang='grc' dir='ltr'><strong>ὅτι</strong></span> <span class='ocrx_word' id='word_1_380' title='bbox 622 3379 689 3433; x_wconf 79' lang='grc' dir='ltr'><strong>Εἴ</strong></span> <span class='ocrx_word' id='word_1_381' title='bbox 708 3398 794 3444; x_wconf 88' lang='grc' dir='ltr'><strong>τις</strong></span> <span class='ocrx_word' id='word_1_382' title='bbox 829 3381 904 3451; x_wconf 81' lang='grc' dir='ltr'><strong>μὴ</strong></span> <span class='ocrx_word' id='word_1_383' title='bbox 931 3380 1074 3434; x_wconf 78' lang='grc' dir='ltr'><strong>κατὰ</strong></span> <span class='ocrx_word' id='word_1_384' title='bbox 1095 3381 1272 3435; x_wconf 87' lang='grc' dir='ltr'><strong>πάντα</strong></span> <span class='ocrx_word' id='word_1_385' title='bbox 1313 3380 1463 3451; x_wconf 79' lang='grc' dir='ltr'>λέγοι</span> <span class='ocrx_word' id='word_1_386' title='bbox 1490 3385 1675 3454; x_wconf 85' lang='grc' dir='ltr'><strong>ὅμοιον</strong></span> 
     </span>
    </p>
   </div>
   <div class='ocr_carea' id='block_1_52' title="bbox 117 3468 1678 3546">
    <p class='ocr_par' dir='ltr' id='par_1_52' title="bbox 117 3468 1678 3546">
     <span class='ocr_line' id='line_1_52' title="bbox 117 3468 1678 3546; baseline 0.004 -26"><span class='ocrx_word' id='word_1_387' title='bbox 117 3468 193 3520; x_wconf 77' lang='grc' dir='ltr'><strong>τὸν</strong></span> <span class='ocrx_word' id='word_1_388' title='bbox 221 3470 339 3523; x_wconf 70' lang='grc' dir='ltr'><strong>Υἱὸν</strong></span> <span class='ocrx_word' id='word_1_389' title='bbox 362 3471 444 3541; x_wconf 82' lang='grc' dir='ltr'><strong>τῷ</strong></span> <span class='ocrx_word' id='word_1_390' title='bbox 474 3473 670 3542; x_wconf 77' lang='grc' dir='ltr'><strong>Πατρὶ,</strong></span> <span class='ocrx_word' id='word_1_391' title='bbox 703 3471 779 3536; x_wconf 86' lang='grc' dir='ltr'><strong>ὠς</strong></span> <span class='ocrx_word' id='word_1_392' title='bbox 816 3473 930 3524; x_wconf 82' lang='grc' dir='ltr'><strong>υἱὸν</strong></span> <span class='ocrx_word' id='word_1_393' title='bbox 980 3473 1165 3543; x_wconf 77' lang='grc' dir='ltr'><strong>πατρὶ,</strong></span> <span class='ocrx_word' id='word_1_394' title='bbox 1219 3471 1357 3525; x_wconf 85' lang='grc' dir='ltr'><strong>ἀλλὰ</strong></span> <span class='ocrx_word' id='word_1_395' title='bbox 1403 3475 1542 3528; x_wconf 88' lang='grc' dir='ltr'><strong>κατὰ</strong></span> <span class='ocrx_word' id='word_1_396' title='bbox 1574 3477 1678 3546; x_wconf 70' lang='grc' dir='ltr'><strong>μὲν</strong></span> 
     </span>
    </p>
   </div>
   <div class='ocr_carea' id='block_1_53' title="bbox 120 3560 1678 3637">
    <p class='ocr_par' dir='ltr' id='par_1_53' title="bbox 120 3560 1678 3637">
     <span class='ocr_line' id='line_1_53' title="bbox 120 3560 1678 3637; baseline 0.004 -24"><span class='ocrx_word' id='word_1_397' title='bbox 120 3560 349 3631; x_wconf 71' lang='grc' dir='ltr'><strong>βούλησιν</strong></span> <span class='ocrx_word' id='word_1_398' title='bbox 378 3563 530 3632; x_wconf 76' lang='grc' dir='ltr'>λέγοι</span> <span class='ocrx_word' id='word_1_399' title='bbox 559 3565 765 3634; x_wconf 84' lang='grc' dir='ltr'><strong>ὅμοιον,</strong></span> <span class='ocrx_word' id='word_1_400' title='bbox 806 3563 948 3618; x_wconf 81' lang='grc' dir='ltr'><strong>κατὰ</strong></span> <span class='ocrx_word' id='word_1_401' title='bbox 982 3565 1038 3618; x_wconf 87' lang='grc' dir='ltr'><strong>δὲ</strong></span> <span class='ocrx_word' id='word_1_402' title='bbox 1063 3564 1160 3635; x_wconf 84' lang='grc' dir='ltr'><strong>τὴν</strong></span> <span class='ocrx_word' id='word_1_403' title='bbox 1187 3566 1377 3618; x_wconf 85' lang='grc' dir='ltr'><strong>οὐσίαν</strong></span> <span class='ocrx_word' id='word_1_404' title='bbox 1403 3567 1678 3637; x_wconf 86' lang='grc' dir='ltr'><strong>ἀνόμοιον,</strong></span> 
     </span>
    </p>
   </div>
   <div class='ocr_carea' id='block_1_54' title="bbox 118 3650 1674 3725">
    <p class='ocr_par' dir='ltr' id='par_1_54' title="bbox 118 3650 1674 3725">
     <span class='ocr_line' id='line_1_54' title="bbox 118 3650 1674 3725; baseline 0.005 -25"><span class='ocrx_word' id='word_1_405' title='bbox 118 3650 342 3722; x_wconf 77' lang='grc' dir='ltr'><strong>ἀνάθεμα</strong></span> <span class='ocrx_word' id='word_1_406' title='bbox 375 3652 538 3706; x_wconf 74' lang='grc' dir='ltr'><strong>ἔστω.</strong></span> <span class='ocrx_word' id='word_1_407' title='bbox 571 3654 681 3706; x_wconf 76' lang='grc' dir='ltr'><strong>Καὶ</strong></span> <span class='ocrx_word' id='word_1_408' title='bbox 721 3653 860 3723; x_wconf 73' lang='grc' dir='ltr'><strong>μετὰ</strong></span> <span class='ocrx_word' id='word_1_409' title='bbox 891 3653 1066 3707; x_wconf 79' lang='grc' dir='ltr'><strong>ταῦτα</strong></span> <span class='ocrx_word' id='word_1_410' title='bbox 1095 3655 1144 3706; x_wconf 74' lang='grc' dir='ltr'><strong>εἰ</strong></span> <span class='ocrx_word' id='word_1_411' title='bbox 1174 3653 1456 3725; x_wconf 84' lang='grc' dir='ltr'><strong>βούλονται</strong></span> <span class='ocrx_word' id='word_1_412' title='bbox 1487 3656 1674 3719; x_wconf 83' lang='grc' dir='ltr'><strong>οὐσίας</strong></span> 
     </span>
    </p>
   </div>
   <div class='ocr_carea' id='block_1_55' title="bbox 119 3741 1674 3814">
    <p class='ocr_par' dir='ltr' id='par_1_55' title="bbox 119 3741 1674 3814">
     <span class='ocr_line' id='line_1_55' title="bbox 119 3741 1674 3814; baseline 0.004 -22"><span class='ocrx_word' id='word_1_413' title='bbox 119 3741 354 3812; x_wconf 68' lang='grc' dir='ltr'><strong>ὀνόματος</strong></span> <span class='ocrx_word' id='word_1_414' title='bbox 397 3743 730 3814; x_wconf 84' lang='grc' dir='ltr'><strong>μεμνῆσθαι,</strong></span> <span class='ocrx_word' id='word_1_415' title='bbox 766 3745 860 3797; x_wconf 71' lang='grc' dir='ltr'><strong>καὶ</strong></span> <span class='ocrx_word' id='word_1_416' title='bbox 896 3743 1147 3797; x_wconf 82' lang='grc' dir='ltr'><strong>ἀθετοῦσι</strong></span> <span class='ocrx_word' id='word_1_417' title='bbox 1179 3745 1278 3809; x_wconf 82' lang='grc' dir='ltr'><strong>τὰς</strong></span> <span class='ocrx_word' id='word_1_418' title='bbox 1305 3745 1514 3800; x_wconf 74' lang='grc' dir='ltr'><strong>ἑαυτῶν</strong></span> <span class='ocrx_word' id='word_1_419' title='bbox 1537 3746 1674 3798; x_wconf 81' lang='grc' dir='ltr'><strong>ὐπο-</strong></span> 
     </span>
    </p>
   </div>
   <div class='ocr_carea' id='block_1_56' title="bbox 119 3835 1676 3908">
    <p class='ocr_par' dir='ltr' id='par_1_56' title="bbox 119 3835 1676 3908">
     <span class='ocr_line' id='line_1_56' title="bbox 119 3835 1676 3908; baseline 0.003 -21"><span class='ocrx_word' id='word_1_420' title='bbox 119 3835 332 3904; x_wconf 78' lang='grc' dir='ltr'>γραφὰς,</span> <span class='ocrx_word' id='word_1_421' title='bbox 380 3835 569 3899; x_wconf 79' lang='grc' dir='ltr'><strong>οὐσίας</strong></span> <span class='ocrx_word' id='word_1_422' title='bbox 618 3835 894 3907; x_wconf 84' lang='grc' dir='ltr'><strong>πανταχοῦ</strong></span> <span class='ocrx_word' id='word_1_423' title='bbox 939 3836 1430 3908; x_wconf 78' lang='grc' dir='ltr'><strong>μνημονεύσαντες,</strong></span> <span class='ocrx_word' id='word_1_424' title='bbox 1475 3839 1567 3891; x_wconf 79' lang='grc' dir='ltr'><strong>καὶ</strong></span> <span class='ocrx_word' id='word_1_425' title='bbox 1604 3838 1676 3892; x_wconf 82' lang='grc' dir='ltr'><strong>τὰ</strong></span> 
     </span>
    </p>
   </div>
   <div class='ocr_carea' id='block_1_57' title="bbox 118 3925 1674 3997">
    <p class='ocr_par' dir='ltr' id='par_1_57' title="bbox 118 3925 1674 3997">
     <span class='ocr_line' id='line_1_57' title="bbox 118 3925 1674 3997; baseline 0.003 -23"><span class='ocrx_word' id='word_1_426' title='bbox 118 3925 212 3978; x_wconf 83' lang='grc' dir='ltr'><strong>τῶν</strong></span> <span class='ocrx_word' id='word_1_427' title='bbox 249 3927 507 3996; x_wconf 80' lang='grc' dir='ltr'><strong>Πατέρων</strong></span> <span class='ocrx_word' id='word_1_428' title='bbox 555 3925 1009 3994; x_wconf 86' lang='grc' dir='ltr'><strong>ὁμολογείτωσαν,</strong></span> <span class='ocrx_word' id='word_1_429' title='bbox 1069 3925 1146 3996; x_wconf 79' lang='grc' dir='ltr'><strong>μὴ</strong></span> <span class='ocrx_word' id='word_1_430' title='bbox 1199 3925 1357 3994; x_wconf 89' lang='grc' dir='ltr'><strong>μόνον</strong></span> <span class='ocrx_word' id='word_1_431' title='bbox 1394 3925 1536 3978; x_wconf 80' lang='grc' dir='ltr'><strong>κατά</strong></span> <span class='ocrx_word' id='word_1_432' title='bbox 1574 3926 1674 3997; x_wconf 83' lang='grc' dir='ltr'><strong>τὴν</strong></span> 
     </span>
    </p>
   </div>
   <div class='ocr_carea' id='block_1_58' title="bbox 121 4009 1669 4086">
    <p class='ocr_par' dir='ltr' id='par_1_58' title="bbox 121 4009 1669 4086">
     <span class='ocr_line' id='line_1_58' title="bbox 121 4009 1669 4086; baseline 0.001 -21"><span class='ocrx_word' id='word_1_433' title='bbox 121 4013 367 4086; x_wconf 72' lang='grc' dir='ltr'><strong>βούλησιν,</strong></span> <span class='ocrx_word' id='word_1_434' title='bbox 412 4015 552 4070; x_wconf 81' lang='grc' dir='ltr'><strong>ἀλλὰ</strong></span> <span class='ocrx_word' id='word_1_435' title='bbox 584 4014 726 4068; x_wconf 76' lang='grc' dir='ltr'><strong>κατὰ</strong></span> <span class='ocrx_word' id='word_1_436' title='bbox 753 4014 812 4067; x_wconf 81' lang='grc' dir='ltr'><strong>τὸ</strong></span> <span class='ocrx_word' id='word_1_437' title='bbox 843 4009 1002 4079; x_wconf 82' lang='grc' dir='ltr'><strong>εἶναι,</strong></span> <span class='ocrx_word' id='word_1_438' title='bbox 1054 4016 1147 4068; x_wconf 79' lang='grc' dir='ltr'><strong>καὶ</strong></span> <span class='ocrx_word' id='word_1_439' title='bbox 1175 4015 1316 4068; x_wconf 81' lang='grc' dir='ltr'><strong>κατὰ</strong></span> <span class='ocrx_word' id='word_1_440' title='bbox 1354 4015 1669 4084; x_wconf 84' lang='grc' dir='ltr'><strong>ὑφεστάναι,</strong></span> 
     </span>
    </p>
   </div>
   <div class='ocr_carea' id='block_1_59' title="bbox 120 4105 1671 4179">
    <p class='ocr_par' dir='ltr' id='par_1_59' title="bbox 120 4105 1671 4179">
     <span class='ocr_line' id='line_1_59' title="bbox 120 4105 1671 4179; baseline 0.001 -21"><span class='ocrx_word' id='word_1_441' title='bbox 120 4107 198 4158; x_wconf 78' lang='grc' dir='ltr'><strong>καὶ</strong></span> <span class='ocrx_word' id='word_1_442' title='bbox 235 4107 370 4160; x_wconf 72' lang='grc' dir='ltr'><strong>κατὰ</strong></span> <span class='ocrx_word' id='word_1_443' title='bbox 408 4107 471 4159; x_wconf 80' lang='grc' dir='ltr'><strong>τὸ</strong></span> <span class='ocrx_word' id='word_1_444' title='bbox 519 4107 784 4177; x_wconf 78' lang='grc' dir='ltr'><strong>ὑπάρχειν</strong></span> <span class='ocrx_word' id='word_1_445' title='bbox 816 4105 954 4158; x_wconf 83' lang='grc' dir='ltr'><strong>κατὰ</strong></span> <span class='ocrx_word' id='word_1_446' title='bbox 983 4105 1161 4159; x_wconf 82' lang='grc' dir='ltr'><strong>πάντα</strong></span> <span class='ocrx_word' id='word_1_447' title='bbox 1201 4105 1456 4170; x_wconf 79' lang='grc' dir='ltr'><strong>καθάπαξ</strong></span> <span class='ocrx_word' id='word_1_448' title='bbox 1483 4108 1671 4179; x_wconf 83' lang='grc' dir='ltr'><strong>ὅμοιον</strong></span> 
     </span>
    </p>
   </div>
   <div class='ocr_carea' id='block_1_60' title="bbox 120 4192 1672 4268">
    <p class='ocr_par' dir='ltr' id='par_1_60' title="bbox 120 4192 1672 4268">
     <span class='ocr_line' id='line_1_60' title="bbox 120 4192 1672 4268; baseline 0.001 -19"><span class='ocrx_word' id='word_1_449' title='bbox 120 4192 236 4250; x_wconf 79' lang='grc' dir='ltr'><strong>εἶναι</strong></span> <span class='ocrx_word' id='word_1_450' title='bbox 261 4198 349 4250; x_wconf 84' lang='grc' dir='ltr'><strong>τὸν</strong></span> <span class='ocrx_word' id='word_1_451' title='bbox 379 4198 512 4252; x_wconf 78' lang='grc' dir='ltr'><strong>Υἱὸν</strong></span> <span class='ocrx_word' id='word_1_452' title='bbox 540 4198 736 4268; x_wconf 70' lang='grc' dir='ltr'><strong>Πατρὶ,</strong></span> <span class='ocrx_word' id='word_1_453' title='bbox 767 4197 844 4260; x_wconf 85' lang='grc' dir='ltr'><strong>ὼς</strong></span> <span class='ocrx_word' id='word_1_454' title='bbox 870 4197 983 4252; x_wconf 74' lang='grc' dir='ltr'><strong>υἱὸν</strong></span> <span class='ocrx_word' id='word_1_455' title='bbox 1013 4198 1200 4268; x_wconf 78' lang='grc' dir='ltr'><strong>πατρὶ,</strong></span> <span class='ocrx_word' id='word_1_456' title='bbox 1229 4196 1412 4261; x_wconf 84' lang='grc' dir='ltr'><strong>καθὼς</strong></span> <span class='ocrx_word' id='word_1_457' title='bbox 1441 4200 1498 4250; x_wconf 89' lang='grc' dir='ltr'><strong>αἱ</strong></span> <span class='ocrx_word' id='word_1_458' title='bbox 1529 4198 1672 4252; x_wconf 88' lang='grc' dir='ltr'><strong>θεῖαι</strong></span> 
     </span>
    </p>
   </div>
   <div class='ocr_carea' id='block_1_61' title="bbox 118 4287 578 4361">
    <p class='ocr_par' dir='ltr' id='par_1_61' title="bbox 118 4287 578 4361">
     <span class='ocr_line' id='line_1_61' title="bbox 118 4287 578 4361; baseline 0 -19"><span class='ocrx_word' id='word_1_459' title='bbox 118 4287 310 4357; x_wconf 77' lang='grc' dir='ltr'><strong>λέγουσι</strong></span> <span class='ocrx_word' id='word_1_460' title='bbox 339 4288 578 4361; x_wconf 75' lang='grc' dir='ltr'><strong>Γραφαῐ.</strong></span> 
     </span>
    </p>
   </div>
   <div class='ocr_carea' id='block_1_62' title="bbox 1779 1839 3364 1910">
    <p class='ocr_par' dir='ltr' id='par_1_62' title="bbox 1779 1839 3364 1910">
     <span class='ocr_line' id='line_1_62' title="bbox 1779 1839 3364 1910; baseline 0.003 -18"><span class='ocrx_word' id='word_1_461' title='bbox 1779 1839 1875 1893; x_wconf 85' lang='lat' dir='ltr'><strong>sed</strong></span> <span class='ocrx_word' id='word_1_462' title='bbox 1899 1847 2254 1909; x_wconf 88' lang='lat' dir='ltr'><strong>potestatem:</strong></span> <span class='ocrx_word' id='word_1_463' title='bbox 2282 1856 2406 1910; x_wconf 66' lang='lat' dir='ltr'><strong>quae</strong></span> <span class='ocrx_word' id='word_1_464' title='bbox 2421 1839 2617 1894; x_wconf 88' lang='lat' dir='ltr'><strong>Filium</strong></span> <span class='ocrx_word' id='word_1_465' title='bbox 2631 1848 2756 1894; x_wconf 89' lang='lat' dir='ltr'><strong>ante</strong></span> <span class='ocrx_word' id='word_1_466' title='bbox 2778 1841 2974 1895; x_wconf 53' lang='lat' dir='ltr'><strong>saecula</strong></span> <span class='ocrx_word' id='word_1_467' title='bbox 2991 1843 3174 1894; x_wconf 88' lang='lat' dir='ltr'><strong>omnia</strong></span> <span class='ocrx_word' id='word_1_468' title='bbox 3197 1840 3364 1896; x_wconf 88' lang='lat' dir='ltr'><strong>Deum</strong></span> 
     </span>
    </p>
   </div>
   <div class='ocr_carea' id='block_1_63' title="bbox 1783 1928 3368 2002">
    <p class='ocr_par' dir='ltr' id='par_1_63' title="bbox 1783 1928 3368 2002">
     <span class='ocr_line' id='line_1_63' title="bbox 1783 1928 3368 2002; baseline 0.002 -18"><span class='ocrx_word' id='word_1_469' title='bbox 1783 1928 2015 1984; x_wconf 79' lang='lat' dir='ltr'><strong>Verbum</strong></span> <span class='ocrx_word' id='word_1_470' title='bbox 2053 1931 2332 1999; x_wconf 76' lang='lat' dir='ltr'><strong>produxit,</strong></span> <span class='ocrx_word' id='word_1_471' title='bbox 2359 1931 2453 2002; x_wconf 89' lang='lat' dir='ltr'><strong>qui</strong></span> <span class='ocrx_word' id='word_1_472' title='bbox 2512 1930 2874 1986; x_wconf 85' lang='lat' dir='ltr'><strong>substantiam</strong></span> <span class='ocrx_word' id='word_1_473' title='bbox 2916 1931 3060 1984; x_wconf 85' lang='lat' dir='ltr'><strong>illam</strong></span> <span class='ocrx_word' id='word_1_474' title='bbox 3110 1946 3174 1985; x_wconf 90' lang='lat' dir='ltr'><strong>ac</strong></span> <span class='ocrx_word' id='word_1_475' title='bbox 3219 1938 3368 2002; x_wconf 86' lang='lat' dir='ltr'><strong>pote-</strong></span> 
     </span>
    </p>
   </div>
   <div class='ocr_carea' id='block_1_64' title="bbox 1778 2020 3427 2088">
    <p class='ocr_par' dir='ltr' id='par_1_64' title="bbox 1778 2020 3427 2088">
     <span class='ocr_line' id='line_1_64' title="bbox 1778 2020 3427 2088; baseline 0.001 -14"><span class='ocrx_word' id='word_1_476' title='bbox 1778 2027 1973 2076; x_wconf 84' lang='lat' dir='ltr'><strong>statem</strong></span> <span class='ocrx_word' id='word_1_477' title='bbox 1999 2021 2104 2076; x_wconf 90' lang='lat' dir='ltr'><strong>sibi</strong></span> <span class='ocrx_word' id='word_1_478' title='bbox 2139 2021 2192 2074; x_wconf 91' lang='lat' dir='ltr'><strong>in</strong></span> <span class='ocrx_word' id='word_1_479' title='bbox 2223 2029 2486 2076; x_wconf 65' lang='lat' dir='ltr'><strong>aeternum</strong></span> <span class='ocrx_word' id='word_1_480' title='bbox 2511 2020 2969 2076; x_wconf 89' lang='lat' dir='ltr'><strong>communicatam</strong></span> <span class='ocrx_word' id='word_1_481' title='bbox 2992 2020 3047 2074; x_wconf 93' lang='lat' dir='ltr'><strong>in</strong></span> <span class='ocrx_word' id='word_1_482' title='bbox 3081 2036 3204 2075; x_wconf 90' lang='lat' dir='ltr'><strong>sese</strong></span> <span class='ocrx_word' id='word_1_483' title='bbox 3231 2037 3365 2076; x_wconf 81' lang='lat' dir='ltr'><strong>con-</strong></span> <span class='ocrx_word' id='word_1_484' title='bbox 3422 2083 3427 2088; x_wconf 33' lang='grc' dir='ltr'>η</span> 
     </span>
    </p>
   </div>
   <div class='ocr_carea' id='block_1_65' title="bbox 1780 2110 3357 2180">
    <p class='ocr_par' dir='ltr' id='par_1_65' title="bbox 1780 2110 3357 2180">
     <span class='ocr_line' id='line_1_65' title="bbox 1780 2110 3357 2180; baseline 0.002 -16"><span class='ocrx_word' id='word_1_485' title='bbox 1780 2110 1937 2166; x_wconf 90' lang='lat' dir='ltr'><strong>tinet.</strong></span> <span class='ocrx_word' id='word_1_486' title='bbox 1969 2130 1988 2162; x_wconf 76' lang='grc' dir='ltr'><strong>ι</strong></span> <span class='ocrx_word' id='word_1_487' title='bbox 2012 2110 2250 2180; x_wconf 76' lang='lat' dir='ltr'><strong>Pergunt</strong></span> <span class='ocrx_word' id='word_1_488' title='bbox 2270 2113 2464 2165; x_wconf 89' lang='lat' dir='ltr'><strong>iterum</strong></span> <span class='ocrx_word' id='word_1_489' title='bbox 2500 2130 2513 2164; x_wconf 93' lang='lat'>:</span> <span class='ocrx_word' id='word_1_490' title='bbox 2556 2130 2574 2163; x_wconf 74' lang='grc' dir='ltr'><strong>ι</strong></span> <span class='ocrx_word' id='word_1_491' title='bbox 2608 2111 2666 2164; x_wconf 92' lang='lat' dir='ltr'><strong>Si</strong></span> <span class='ocrx_word' id='word_1_492' title='bbox 2685 2110 2866 2166; x_wconf 89' lang='lat' dir='ltr'><strong>Patris</strong></span> <span class='ocrx_word' id='word_1_493' title='bbox 2894 2111 3357 2167; x_wconf 85' lang='lat' dir='ltr'><strong>vocabulumsub-</strong></span> 
     </span>
    </p>
   </div>
   <div class='ocr_carea' id='block_1_66' title="bbox 1778 2201 3365 2272">
    <p class='ocr_par' dir='ltr' id='par_1_66' title="bbox 1778 2201 3365 2272">
     <span class='ocr_line' id='line_1_66' title="bbox 1778 2201 3365 2272; baseline -0.003 -14"><span class='ocrx_word' id='word_1_494' title='bbox 1778 2201 2035 2258; x_wconf 82' lang='lat' dir='ltr'><strong>stantiam</strong></span> <span class='ocrx_word' id='word_1_495' title='bbox 2084 2201 2412 2271; x_wconf 71' lang='lat' dir='ltr'><strong>significare,</strong></span> <span class='ocrx_word' id='word_1_496' title='bbox 2443 2216 2551 2256; x_wconf 87' lang='lat' dir='ltr'><strong>non</strong></span> <span class='ocrx_word' id='word_1_497' title='bbox 2586 2208 2908 2272; x_wconf 85' lang='lat' dir='ltr'><strong>potestatem</strong></span> <span class='ocrx_word' id='word_1_498' title='bbox 2953 2201 3142 2265; x_wconf 84' lang='lat' dir='ltr'><strong>velint,</strong></span> <span class='ocrx_word' id='word_1_499' title='bbox 3175 2203 3365 2257; x_wconf 88' lang='lat' dir='ltr'><strong>eadem</strong></span> 
     </span>
    </p>
   </div>
   <div class='ocr_carea' id='block_1_67' title="bbox 1777 2292 3367 2366">
    <p class='ocr_par' dir='ltr' id='par_1_67' title="bbox 1777 2292 3367 2366">
     <span class='ocr_line' id='line_1_67' title="bbox 1777 2292 3367 2366; baseline -0.001 -16"><span class='ocrx_word' id='word_1_500' title='bbox 1777 2295 1899 2366; x_wconf 88' lang='lat' dir='ltr'><strong>ipsa</strong></span> <span class='ocrx_word' id='word_1_501' title='bbox 1937 2293 2117 2350; x_wconf 87' lang='lat' dir='ltr'><strong>Patris</strong></span> <span class='ocrx_word' id='word_1_502' title='bbox 2158 2309 2292 2349; x_wconf 88' lang='lat' dir='ltr'><strong>voce</strong></span> <span class='ocrx_word' id='word_1_503' title='bbox 2322 2292 2598 2364; x_wconf 77' lang='lat' dir='ltr'><strong>Unigeniti</strong></span> <span class='ocrx_word' id='word_1_504' title='bbox 2641 2308 2860 2364; x_wconf 89' lang='lat' dir='ltr'><strong>quoque</strong></span> <span class='ocrx_word' id='word_1_505' title='bbox 2905 2307 3193 2363; x_wconf 85' lang='lat' dir='ltr'><strong>personam</strong></span> <span class='ocrx_word' id='word_1_506' title='bbox 3241 2293 3367 2348; x_wconf 79' lang='lat' dir='ltr'><strong>licet</strong></span> 
     </span>
    </p>
   </div>
   <div class='ocr_carea' id='block_1_68' title="bbox 1779 2385 2127 2456">
    <p class='ocr_par' dir='ltr' id='par_1_68' title="bbox 1779 2385 2127 2456">
     <span class='ocr_line' id='line_1_68' title="bbox 1779 2385 2127 2456; baseline -0.006 -17"><span class='ocrx_word' id='word_1_507' title='bbox 1779 2385 2072 2456; x_wconf 79' lang='lat' dir='ltr'><strong>appellent.</strong></span> <span class='ocrx_word' id='word_1_508' title='bbox 2109 2403 2127 2436; x_wconf 72' lang='grc' dir='ltr'><strong>ι</strong></span> 
     </span>
    </p>
   </div>
   <div class='ocr_carea' id='block_1_69' title="bbox 1849 2474 3365 2534">
    <p class='ocr_par' dir='ltr' id='par_1_69' title="bbox 1849 2474 3365 2534">
     <span class='ocr_line' id='line_1_69' title="bbox 1849 2474 3365 2534; baseline -0.004 -4"><span class='ocrx_word' id='word_1_509' title='bbox 1849 2474 2015 2531; x_wconf 77' lang='lat' dir='ltr'><strong>XXII.</strong></span> <span class='ocrx_word' id='word_1_510' title='bbox 2049 2476 2156 2532; x_wconf 91' lang='lat' dir='ltr'><strong>Sed</strong></span> <span class='ocrx_word' id='word_1_511' title='bbox 2197 2477 2459 2534; x_wconf 89' lang='lat' dir='ltr'><strong>adversus</strong></span> <span class='ocrx_word' id='word_1_512' title='bbox 2503 2491 2675 2532; x_wconf 85' lang='lat' dir='ltr'><strong>novos</strong></span> <span class='ocrx_word' id='word_1_513' title='bbox 2713 2477 2850 2532; x_wconf 89' lang='lat' dir='ltr'><strong>istos</strong></span> <span class='ocrx_word' id='word_1_514' title='bbox 2885 2475 3172 2531; x_wconf 61' lang='lat' dir='ltr'><strong>lmereticos</strong></span> <span class='ocrx_word' id='word_1_515' title='bbox 3220 2475 3365 2529; x_wconf 81' lang='lat' dir='ltr'><strong>hune</strong></span> 
     </span>
    </p>
   </div>
   <div class='ocr_carea' id='block_1_70' title="bbox 1781 2568 3366 2639">
    <p class='ocr_par' dir='ltr' id='par_1_70' title="bbox 1781 2568 3366 2639">
     <span class='ocr_line' id='line_1_70' title="bbox 1781 2568 3366 2639; baseline -0.001 -15"><span class='ocrx_word' id='word_1_516' title='bbox 1781 2570 1836 2624; x_wconf 92' lang='lat' dir='ltr'><strong>in</strong></span> <span class='ocrx_word' id='word_1_517' title='bbox 1885 2569 2104 2623; x_wconf 88' lang='lat' dir='ltr'><strong>modum</strong></span> <span class='ocrx_word' id='word_1_518' title='bbox 2151 2569 2552 2639; x_wconf 83' lang='lat' dir='ltr'><strong>disputabimus</strong></span> <span class='ocrx_word' id='word_1_519' title='bbox 2594 2587 2608 2624; x_wconf 90' lang='lat'><strong>:</strong></span> <span class='ocrx_word' id='word_1_520' title='bbox 2667 2569 2940 2639; x_wconf 88' lang='lat' dir='ltr'><strong>Scriptum</strong></span> <span class='ocrx_word' id='word_1_521' title='bbox 3000 2583 3029 2622; x_wconf 88' lang='lat' dir='ltr'><strong>a</strong></span> <span class='ocrx_word' id='word_1_522' title='bbox 3080 2568 3233 2622; x_wconf 80' lang='lat' dir='ltr'><strong>vobis</strong></span> <span class='ocrx_word' id='word_1_523' title='bbox 3281 2573 3366 2622; x_wconf 84' lang='lat' dir='ltr'><strong>est</strong></span> 
     </span>
    </p>
   </div>
   <div class='ocr_carea' id='block_1_71' title="bbox 1779 2659 3366 2726">
    <p class='ocr_par' dir='ltr' id='par_1_71' title="bbox 1779 2659 3366 2726">
     <span class='ocr_line' id='line_1_71' title="bbox 1779 2659 3366 2726; baseline -0.003 -10"><span class='ocrx_word' id='word_1_524' title='bbox 1779 2661 2011 2717; x_wconf 84' lang='lat' dir='ltr'><strong>similem</strong></span> <span class='ocrx_word' id='word_1_525' title='bbox 2039 2675 2160 2715; x_wconf 88' lang='lat' dir='ltr'><strong>esse</strong></span> <span class='ocrx_word' id='word_1_526' title='bbox 2188 2662 2470 2716; x_wconf 83' lang='lat' dir='ltr'><strong>voluntate</strong></span> <span class='ocrx_word' id='word_1_527' title='bbox 2506 2659 2726 2726; x_wconf 82' lang='lat' dir='ltr'><strong>Filium,</strong></span> <span class='ocrx_word' id='word_1_528' title='bbox 2763 2661 3069 2716; x_wconf 87' lang='lat' dir='ltr'><strong>substantia</strong></span> <span class='ocrx_word' id='word_1_529' title='bbox 3121 2659 3366 2714; x_wconf 87' lang='lat' dir='ltr'><strong>dissimi-</strong></span> 
     </span>
    </p>
   </div>
   <div class='ocr_carea' id='block_1_72' title="bbox 1780 2750 3365 2822">
    <p class='ocr_par' dir='ltr' id='par_1_72' title="bbox 1780 2750 3365 2822">
     <span class='ocr_line' id='line_1_72' title="bbox 1780 2750 3365 2822; baseline -0.001 -17"><span class='ocrx_word' id='word_1_530' title='bbox 1780 2752 1882 2805; x_wconf 91' lang='lat' dir='ltr'><strong>lem</strong></span> <span class='ocrx_word' id='word_1_531' title='bbox 1911 2769 1925 2806; x_wconf 91' lang='lat'>:</span> <span class='ocrx_word' id='word_1_532' title='bbox 1962 2752 2105 2806; x_wconf 90' lang='lat' dir='ltr'><strong>unde</strong></span> <span class='ocrx_word' id='word_1_533' title='bbox 2131 2752 2260 2805; x_wconf 85' lang='lat' dir='ltr'><strong>illud</strong></span> <span class='ocrx_word' id='word_1_534' title='bbox 2292 2760 2482 2806; x_wconf 90' lang='lat' dir='ltr'><strong>contra</strong></span> <span class='ocrx_word' id='word_1_535' title='bbox 2510 2752 2852 2822; x_wconf 87' lang='lat' dir='ltr'><strong>scripsimus,</strong></span> <span class='ocrx_word' id='word_1_536' title='bbox 2878 2767 2990 2805; x_wconf 88' lang='lat' dir='ltr'><strong>non</strong></span> <span class='ocrx_word' id='word_1_537' title='bbox 3026 2750 3142 2804; x_wconf 86' lang='lat' dir='ltr'><strong>sola</strong></span> <span class='ocrx_word' id='word_1_538' title='bbox 3167 2750 3365 2804; x_wconf 90' lang='lat' dir='ltr'><strong>volun-</strong></span> 
     </span>
    </p>
   </div>
   <div class='ocr_carea' id='block_1_73' title="bbox 1780 2839 3365 2909">
    <p class='ocr_par' dir='ltr' id='par_1_73' title="bbox 1780 2839 3365 2909">
     <span class='ocr_line' id='line_1_73' title="bbox 1780 2839 3365 2909; baseline 0.002 -18"><span class='ocrx_word' id='word_1_539' title='bbox 1780 2846 1910 2901; x_wconf 87' lang='lat' dir='ltr'><strong>tate,</strong></span> <span class='ocrx_word' id='word_1_540' title='bbox 1943 2840 2038 2894; x_wconf 88' lang='lat' dir='ltr'><strong>sed</strong></span> <span class='ocrx_word' id='word_1_541' title='bbox 2068 2848 2133 2904; x_wconf 55' lang='lat' dir='ltr'><strong>et,</strong></span> <span class='ocrx_word' id='word_1_542' title='bbox 2153 2841 2461 2897; x_wconf 87' lang='lat' dir='ltr'><strong>substantia</strong></span> <span class='ocrx_word' id='word_1_543' title='bbox 2496 2842 2726 2895; x_wconf 87' lang='lat' dir='ltr'><strong>similem</strong></span> <span class='ocrx_word' id='word_1_544' title='bbox 2757 2856 2900 2896; x_wconf 88' lang='lat' dir='ltr'><strong>esse.</strong></span> <span class='ocrx_word' id='word_1_545' title='bbox 2947 2839 3217 2906; x_wconf 79' lang='lat' dir='ltr'><strong>Quoniam</strong></span> <span class='ocrx_word' id='word_1_546' title='bbox 3266 2840 3365 2909; x_wconf 64' lang='grc' dir='ltr'><strong>ἱείς</strong></span> 
     </span>
    </p>
   </div>
   <div class='ocr_carea' id='block_1_74' title="bbox 1779 2926 3365 2998">
    <p class='ocr_par' dir='ltr' id='par_1_74' title="bbox 1779 2926 3365 2998">
     <span class='ocr_line' id='line_1_74' title="bbox 1779 2926 3365 2998; baseline -0.001 -16"><span class='ocrx_word' id='word_1_547' title='bbox 1779 2937 1870 2982; x_wconf 79' lang='lat' dir='ltr'><strong>tur</strong></span> <span class='ocrx_word' id='word_1_548' title='bbox 1904 2929 2062 2998; x_wconf 91' lang='lat' dir='ltr'><strong>primi</strong></span> <span class='ocrx_word' id='word_1_549' title='bbox 2095 2931 2415 2986; x_wconf 64' lang='lat' dir='ltr'><strong>substantia:</strong></span> <span class='ocrx_word' id='word_1_550' title='bbox 2455 2929 2785 2984; x_wconf 88' lang='lat' dir='ltr'><strong>mentionem</strong></span> <span class='ocrx_word' id='word_1_551' title='bbox 2829 2929 3059 2993; x_wconf 83' lang='lat' dir='ltr'><strong>fecistis,</strong></span> <span class='ocrx_word' id='word_1_552' title='bbox 3090 2943 3217 2982; x_wconf 89' lang='lat' dir='ltr'><strong>ettm</strong></span> <span class='ocrx_word' id='word_1_553' title='bbox 3248 2926 3365 2981; x_wconf 91' lang='lat' dir='ltr'><strong>dis-</strong></span> 
     </span>
    </p>
   </div>
   <div class='ocr_carea' id='block_1_75' title="bbox 1780 3017 3365 3090">
    <p class='ocr_par' dir='ltr' id='par_1_75' title="bbox 1780 3017 3365 3090">
     <span class='ocr_line' id='line_1_75' title="bbox 1780 3017 3365 3090; baseline -0.003 -15"><span class='ocrx_word' id='word_1_554' title='bbox 1780 3021 2010 3076; x_wconf 86' lang='lat' dir='ltr'><strong>similem</strong></span> <span class='ocrx_word' id='word_1_555' title='bbox 2045 3036 2168 3076; x_wconf 90' lang='lat' dir='ltr'><strong>esse</strong></span> <span class='ocrx_word' id='word_1_556' title='bbox 2197 3021 2502 3076; x_wconf 85' lang='lat' dir='ltr'><strong>substantia</strong></span> <span class='ocrx_word' id='word_1_557' title='bbox 2526 3019 2810 3085; x_wconf 84' lang='lat' dir='ltr'><strong>dixeritis;</strong></span> <span class='ocrx_word' id='word_1_558' title='bbox 2852 3031 3014 3090; x_wconf 81' lang='lat' dir='ltr'><strong>atque</strong></span> <span class='ocrx_word' id='word_1_559' title='bbox 3067 3017 3191 3073; x_wconf 88' lang='lat' dir='ltr'><strong>ideo</strong></span> <span class='ocrx_word' id='word_1_560' title='bbox 3232 3018 3365 3073; x_wconf 82' lang='lat' dir='ltr'><strong>sub-</strong></span> 
     </span>
    </p>
   </div>
   <div class='ocr_carea' id='block_1_76' title="bbox 1727 3112 3363 3180">
    <p class='ocr_par' dir='ltr' id='par_1_76' title="bbox 1727 3112 3363 3180">
     <span class='ocr_line' id='line_1_76' title="bbox 1727 3112 3363 3180; baseline -0.003 -12"><span class='ocrx_word' id='word_1_561' title='bbox 1727 3159 1746 3179; x_wconf 75' lang='lat'><strong>,</strong></span> <span class='ocrx_word' id='word_1_562' title='bbox 1781 3112 1995 3168; x_wconf 84' lang='lat' dir='ltr'><strong>stantiae</strong></span> <span class='ocrx_word' id='word_1_563' title='bbox 2025 3129 2221 3169; x_wconf 87' lang='lat' dir='ltr'><strong>nomen</strong></span> <span class='ocrx_word' id='word_1_564' title='bbox 2255 3130 2286 3168; x_wconf 92' lang='lat' dir='ltr'><strong>e</strong></span> <span class='ocrx_word' id='word_1_565' title='bbox 2315 3113 2492 3167; x_wconf 91' lang='lat' dir='ltr'><strong>medio</strong></span> <span class='ocrx_word' id='word_1_566' title='bbox 2538 3113 2728 3167; x_wconf 88' lang='lat' dir='ltr'><strong>tollere</strong></span> <span class='ocrx_word' id='word_1_567' title='bbox 2759 3112 3028 3166; x_wconf 87' lang='lat' dir='ltr'><strong>studeatis</strong></span> <span class='ocrx_word' id='word_1_568' title='bbox 3056 3130 3068 3165; x_wconf 87' lang='lat'><strong>:</strong></span> <span class='ocrx_word' id='word_1_569' title='bbox 3108 3127 3216 3180; x_wconf 91' lang='lat' dir='ltr'><strong>quo</strong></span> <span class='ocrx_word' id='word_1_570' title='bbox 3251 3115 3363 3164; x_wconf 85' lang='lat' dir='ltr'><strong>sola</strong></span> 
     </span>
    </p>
   </div>
   <div class='ocr_carea' id='block_1_77' title="bbox 1779 3201 3362 3264">
    <p class='ocr_par' dir='ltr' id='par_1_77' title="bbox 1779 3201 3362 3264">
     <span class='ocr_line' id='line_1_77' title="bbox 1779 3201 3362 3264; baseline -0.004 -4"><span class='ocrx_word' id='word_1_571' title='bbox 1779 3205 2058 3260; x_wconf 88' lang='lat' dir='ltr'><strong>voluntate</strong></span> <span class='ocrx_word' id='word_1_572' title='bbox 2109 3206 2342 3260; x_wconf 91' lang='lat' dir='ltr'><strong>similem</strong></span> <span class='ocrx_word' id='word_1_573' title='bbox 2393 3220 2516 3260; x_wconf 89' lang='lat' dir='ltr'><strong>esse</strong></span> <span class='ocrx_word' id='word_1_574' title='bbox 2567 3203 2876 3258; x_wconf 85' lang='lat' dir='ltr'><strong>defendatis</strong></span> <span class='ocrx_word' id='word_1_575' title='bbox 2925 3201 3157 3264; x_wconf 90' lang='lat' dir='ltr'><strong>Filium,</strong></span> <span class='ocrx_word' id='word_1_576' title='bbox 3210 3201 3256 3256; x_wconf 90' lang='lat' dir='ltr'><strong>si</strong></span> <span class='ocrx_word' id='word_1_577' title='bbox 3298 3216 3362 3258; x_wconf 82' lang='lat' dir='ltr'><strong>ex</strong></span> 
     </span>
    </p>
   </div>
   <div class='ocr_carea' id='block_1_78' title="bbox 1777 3291 3365 3350">
    <p class='ocr_par' dir='ltr' id='par_1_78' title="bbox 1777 3291 3365 3350">
     <span class='ocr_line' id='line_1_78' title="bbox 1777 3291 3365 3350; baseline -0.003 -3"><span class='ocrx_word' id='word_1_578' title='bbox 1777 3294 1946 3347; x_wconf 88' lang='lat' dir='ltr'><strong>animi</strong></span> <span class='ocrx_word' id='word_1_579' title='bbox 1992 3293 2156 3350; x_wconf 88' lang='lat' dir='ltr'><strong>vestri</strong></span> <span class='ocrx_word' id='word_1_580' title='bbox 2209 3294 2477 3349; x_wconf 90' lang='lat' dir='ltr'><strong>sententia</strong></span> <span class='ocrx_word' id='word_1_581' title='bbox 2527 3292 2760 3347; x_wconf 88' lang='lat' dir='ltr'><strong>similem</strong></span> <span class='ocrx_word' id='word_1_582' title='bbox 2823 3293 2878 3347; x_wconf 91' lang='lat' dir='ltr'><strong>in</strong></span> <span class='ocrx_word' id='word_1_583' title='bbox 2928 3291 3184 3345; x_wconf 90' lang='lat' dir='ltr'><strong>omnibus</strong></span> <span class='ocrx_word' id='word_1_584' title='bbox 3243 3305 3365 3345; x_wconf 83' lang='lat' dir='ltr'><strong>esse</strong></span> 
     </span>
    </p>
   </div>
   <div class='ocr_carea' id='block_1_79' title="bbox 1776 3381 3362 3455">
    <p class='ocr_par' dir='ltr' id='par_1_79' title="bbox 1776 3381 3362 3455">
     <span class='ocr_line' id='line_1_79' title="bbox 1776 3381 3362 3455; baseline -0.003 -16"><span class='ocrx_word' id='word_1_585' title='bbox 1776 3383 1924 3439; x_wconf 90' lang='lat' dir='ltr'><strong>Patri</strong></span> <span class='ocrx_word' id='word_1_586' title='bbox 1958 3385 2128 3455; x_wconf 74' lang='lat'><strong>869</strong></span> <span class='ocrx_word' id='word_1_587' title='bbox 2151 3383 2349 3439; x_wconf 88' lang='lat' dir='ltr'><strong>Filium</strong></span> <span class='ocrx_word' id='word_1_588' title='bbox 2383 3386 2659 3448; x_wconf 88' lang='lat' dir='ltr'><strong>statuatis,</strong></span> <span class='ocrx_word' id='word_1_589' title='bbox 2688 3385 2943 3438; x_wconf 89' lang='lat' dir='ltr'><strong>damnate</strong></span> <span class='ocrx_word' id='word_1_590' title='bbox 2980 3383 3104 3437; x_wconf 86' lang='lat' dir='ltr'><strong>illos</strong></span> <span class='ocrx_word' id='word_1_591' title='bbox 3135 3381 3362 3435; x_wconf 81' lang='lat' dir='ltr'><strong>anathe-</strong></span> 
     </span>
    </p>
   </div>
   <div class='ocr_carea' id='block_1_80' title="bbox 1779 3475 3364 3544">
    <p class='ocr_par' dir='ltr' id='par_1_80' title="bbox 1779 3475 3364 3544">
     <span class='ocr_line' id='line_1_80' title="bbox 1779 3475 3364 3544; baseline -0.003 -15"><span class='ocrx_word' id='word_1_592' title='bbox 1779 3483 1946 3538; x_wconf 89' lang='lat' dir='ltr'><strong>mate,</strong></span> <span class='ocrx_word' id='word_1_593' title='bbox 1995 3476 2089 3544; x_wconf 89' lang='lat' dir='ltr'><strong>qui</strong></span> <span class='ocrx_word' id='word_1_594' title='bbox 2133 3475 2508 3532; x_wconf 79' lang='lat' dir='ltr'><strong>similitudinis</strong></span> <span class='ocrx_word' id='word_1_595' title='bbox 2556 3475 2850 3530; x_wconf 88' lang='lat' dir='ltr'><strong>discrimen</strong></span> <span class='ocrx_word' id='word_1_596' title='bbox 2899 3480 3240 3544; x_wconf 80' lang='lat' dir='ltr'><strong>agnoscunt;</strong></span> <span class='ocrx_word' id='word_1_597' title='bbox 3285 3483 3364 3525; x_wconf 88' lang='lat' dir='ltr'><strong>at-</strong></span> 
     </span>
    </p>
   </div>
   <div class='ocr_carea' id='block_1_81' title="bbox 1779 3565 3362 3636">
    <p class='ocr_par' dir='ltr' id='par_1_81' title="bbox 1779 3565 3362 3636">
     <span class='ocr_line' id='line_1_81' title="bbox 1779 3565 3362 3636; baseline -0.001 -18"><span class='ocrx_word' id='word_1_598' title='bbox 1779 3581 1886 3635; x_wconf 90' lang='lat' dir='ltr'><strong>que</strong></span> <span class='ocrx_word' id='word_1_599' title='bbox 1917 3566 1987 3618; x_wconf 84' lang='lat' dir='ltr'><strong>ita</strong></span> <span class='ocrx_word' id='word_1_600' title='bbox 2019 3566 2297 3621; x_wconf 86' lang='lat' dir='ltr'><strong>serihitote</strong></span> <span class='ocrx_word' id='word_1_601' title='bbox 2323 3586 2336 3620; x_wconf 88' lang='lat'><strong>:</strong></span> <span class='ocrx_word' id='word_1_602' title='bbox 2375 3565 2431 3620; x_wconf 91' lang='lat' dir='ltr'><strong>Si</strong></span> <span class='ocrx_word' id='word_1_603' title='bbox 2462 3569 2588 3636; x_wconf 87' lang='lat' dir='ltr'><strong>quis</strong></span> <span class='ocrx_word' id='word_1_604' title='bbox 2619 3583 2726 3621; x_wconf 90' lang='lat' dir='ltr'><strong>non</strong></span> <span class='ocrx_word' id='word_1_605' title='bbox 2755 3568 2806 3621; x_wconf 93' lang='lat' dir='ltr'><strong>in</strong></span> <span class='ocrx_word' id='word_1_606' title='bbox 2841 3566 3097 3620; x_wconf 89' lang='lat' dir='ltr'><strong>omnibus</strong></span> <span class='ocrx_word' id='word_1_607' title='bbox 3132 3565 3362 3618; x_wconf 90' lang='lat' dir='ltr'><strong>similem</strong></span> 
     </span>
    </p>
   </div>
   <div class='ocr_carea' id='block_1_82' title="bbox 1778 3655 3358 3728">
    <p class='ocr_par' dir='ltr' id='par_1_82' title="bbox 1778 3655 3358 3728">
     <span class='ocr_line' id='line_1_82' title="bbox 1778 3655 3358 3728; baseline -0.003 -15"><span class='ocrx_word' id='word_1_608' title='bbox 1778 3673 1900 3713; x_wconf 87' lang='lat' dir='ltr'><strong>esse</strong></span> <span class='ocrx_word' id='word_1_609' title='bbox 1945 3656 2092 3710; x_wconf 86' lang='lat' dir='ltr'><strong>Patri</strong></span> <span class='ocrx_word' id='word_1_610' title='bbox 2135 3655 2330 3711; x_wconf 82' lang='lat' dir='ltr'><strong>Filium</strong></span> <span class='ocrx_word' id='word_1_611' title='bbox 2360 3657 2578 3722; x_wconf 83' lang='lat' dir='ltr'><strong>dixerit,</strong></span> <span class='ocrx_word' id='word_1_612' title='bbox 2613 3657 3069 3728; x_wconf 82' lang='lat' dir='ltr'><strong>quemadmodum</strong></span> <span class='ocrx_word' id='word_1_613' title='bbox 3110 3658 3251 3726; x_wconf 86' lang='lat' dir='ltr'><strong>patri</strong></span> <span class='ocrx_word' id='word_1_614' title='bbox 3281 3657 3358 3710; x_wconf 93' lang='lat' dir='ltr'><strong>si-</strong></span> 
     </span>
    </p>
   </div>
   <div class='ocr_carea' id='block_1_83' title="bbox 1779 3748 3362 3813">
    <p class='ocr_par' dir='ltr' id='par_1_83' title="bbox 1779 3748 3362 3813">
     <span class='ocr_line' id='line_1_83' title="bbox 1779 3748 3362 3813; baseline 0.001 -12"><span class='ocrx_word' id='word_1_615' title='bbox 1779 3748 1926 3802; x_wconf 91' lang='lat' dir='ltr'><strong>milis</strong></span> <span class='ocrx_word' id='word_1_616' title='bbox 1979 3758 2063 3803; x_wconf 88' lang='lat' dir='ltr'><strong>est</strong></span> <span class='ocrx_word' id='word_1_617' title='bbox 2103 3748 2274 3813; x_wconf 77' lang='lat' dir='ltr'><strong>filius;</strong></span> <span class='ocrx_word' id='word_1_618' title='bbox 2305 3749 2398 3803; x_wconf 91' lang='lat' dir='ltr'><strong>sed</strong></span> <span class='ocrx_word' id='word_1_619' title='bbox 2432 3750 2712 3804; x_wconf 86' lang='lat' dir='ltr'><strong>voluntate</strong></span> <span class='ocrx_word' id='word_1_620' title='bbox 2760 3751 3015 3812; x_wconf 88' lang='lat' dir='ltr'><strong>similem,</strong></span> <span class='ocrx_word' id='word_1_621' title='bbox 3057 3749 3362 3803; x_wconf 86' lang='lat' dir='ltr'><strong>substantia</strong></span> 
     </span>
    </p>
   </div>
   <div class='ocr_carea' id='block_1_84' title="bbox 1779 3836 3363 3903">
    <p class='ocr_par' dir='ltr' id='par_1_84' title="bbox 1779 3836 3363 3903">
     <span class='ocr_line' id='line_1_84' title="bbox 1779 3836 3363 3903; baseline 0 -12"><span class='ocrx_word' id='word_1_622' title='bbox 1779 3836 2100 3894; x_wconf 81' lang='lat' dir='ltr'><strong>dissimilem</strong></span> <span class='ocrx_word' id='word_1_623' title='bbox 2133 3853 2258 3892; x_wconf 88' lang='lat' dir='ltr'><strong>esse</strong></span> <span class='ocrx_word' id='word_1_624' title='bbox 2301 3837 2519 3903; x_wconf 83' lang='lat' dir='ltr'><strong>dixerit,</strong></span> <span class='ocrx_word' id='word_1_625' title='bbox 2549 3839 2835 3894; x_wconf 86' lang='lat' dir='ltr'><strong>anathema</strong></span> <span class='ocrx_word' id='word_1_626' title='bbox 2882 3840 2971 3893; x_wconf 85' lang='lat' dir='ltr'><strong>sit.</strong></span> <span class='ocrx_word' id='word_1_627' title='bbox 3017 3837 3284 3893; x_wconf 68' lang='lat' dir='ltr'><strong>Prmterea</strong></span> <span class='ocrx_word' id='word_1_628' title='bbox 3317 3841 3363 3893; x_wconf 89' lang='lat' dir='ltr'><strong>si</strong></span> 
     </span>
    </p>
   </div>
   <div class='ocr_carea' id='block_1_85' title="bbox 1778 3929 3365 3990">
    <p class='ocr_par' dir='ltr' id='par_1_85' title="bbox 1778 3929 3365 3990">
     <span class='ocr_line' id='line_1_85' title="bbox 1778 3929 3365 3990; baseline -0.001 -6"><span class='ocrx_word' id='word_1_629' title='bbox 1778 3929 2098 3984; x_wconf 68' lang='lat' dir='ltr'><strong>substantiae</strong></span> <span class='ocrx_word' id='word_1_630' title='bbox 2146 3945 2345 3984; x_wconf 90' lang='lat' dir='ltr'><strong>nomen</strong></span> <span class='ocrx_word' id='word_1_631' title='bbox 2390 3945 2819 3986; x_wconf 88' lang='lat' dir='ltr'><strong>commemorare</strong></span> <span class='ocrx_word' id='word_1_632' title='bbox 2880 3929 3080 3990; x_wconf 90' lang='lat' dir='ltr'><strong>velint,</strong></span> <span class='ocrx_word' id='word_1_633' title='bbox 3136 3943 3198 3982; x_wconf 88' lang='lat' dir='ltr'><strong>ac</strong></span> <span class='ocrx_word' id='word_1_634' title='bbox 3249 3929 3365 3983; x_wconf 89' lang='lat' dir='ltr'><strong>suis</strong></span> 
     </span>
    </p>
   </div>
   <div class='ocr_carea' id='block_1_86' title="bbox 1777 4019 3363 4092">
    <p class='ocr_par' dir='ltr' id='par_1_86' title="bbox 1777 4019 3363 4092">
     <span class='ocr_line' id='line_1_86' title="bbox 1777 4019 3363 4092; baseline -0.002 -16"><span class='ocrx_word' id='word_1_635' title='bbox 1777 4022 2020 4092; x_wconf 85' lang='lat' dir='ltr'><strong>ipsorum</strong></span> <span class='ocrx_word' id='word_1_636' title='bbox 2077 4020 2575 4090; x_wconf 87' lang='lat' dir='ltr'><strong>subseriptionibus</strong></span> <span class='ocrx_word' id='word_1_637' title='bbox 2624 4020 2911 4089; x_wconf 80' lang='lat' dir='ltr'><strong>refragari,</strong></span> <span class='ocrx_word' id='word_1_638' title='bbox 2963 4019 3105 4073; x_wconf 86' lang='lat' dir='ltr'><strong>facta</strong></span> <span class='ocrx_word' id='word_1_639' title='bbox 3165 4021 3363 4089; x_wconf 90' lang='lat' dir='ltr'><strong>ubique</strong></span> 
     </span>
    </p>
   </div>
   <div class='ocr_carea' id='block_1_87' title="bbox 1776 4107 3361 4180">
    <p class='ocr_par' dir='ltr' id='par_1_87' title="bbox 1776 4107 3361 4180">
     <span class='ocr_line' id='line_1_87' title="bbox 1776 4107 3361 4180; baseline -0.004 -13"><span class='ocrx_word' id='word_1_640' title='bbox 1776 4112 2099 4168; x_wconf 60' lang='lat' dir='ltr'><strong>substantia</strong></span> <span class='ocrx_word' id='word_1_641' title='bbox 2143 4115 2415 4166; x_wconf 82' lang='lat' dir='ltr'><strong>mentione</strong></span> <span class='ocrx_word' id='word_1_642' title='bbox 2466 4112 2532 4166; x_wconf 91' lang='lat' dir='ltr'><strong>iis</strong></span> <span class='ocrx_word' id='word_1_643' title='bbox 2578 4127 2699 4180; x_wconf 80' lang='lat' dir='ltr'><strong>quae</strong></span> <span class='ocrx_word' id='word_1_644' title='bbox 2735 4108 2927 4164; x_wconf 86' lang='lat' dir='ltr'><strong>Patres</strong></span> <span class='ocrx_word' id='word_1_645' title='bbox 2960 4107 3195 4178; x_wconf 84' lang='lat' dir='ltr'><strong>professi</strong></span> <span class='ocrx_word' id='word_1_646' title='bbox 3237 4120 3361 4163; x_wconf 82' lang='lat' dir='ltr'><strong>sunt</strong></span> 
     </span>
    </p>
   </div>
   <div class='ocr_carea' id='block_1_88' title="bbox 1776 4197 3360 4267">
    <p class='ocr_par' dir='ltr' id='par_1_88' title="bbox 1776 4197 3360 4267">
     <span class='ocr_line' id='line_1_88' title="bbox 1776 4197 3360 4267; baseline -0.008 -8"><span class='ocrx_word' id='word_1_647' title='bbox 1776 4207 2166 4267; x_wconf 84' lang='lat' dir='ltr'><strong>assentiamur,</strong></span> <span class='ocrx_word' id='word_1_648' title='bbox 2196 4219 2304 4258; x_wconf 93' lang='lat' dir='ltr'><strong>non</strong></span> <span class='ocrx_word' id='word_1_649' title='bbox 2335 4202 2612 4258; x_wconf 87' lang='lat' dir='ltr'><strong>voluntate</strong></span> <span class='ocrx_word' id='word_1_650' title='bbox 2658 4198 2841 4265; x_wconf 90' lang='lat' dir='ltr'><strong>modo,</strong></span> <span class='ocrx_word' id='word_1_651' title='bbox 2880 4197 2980 4253; x_wconf 91' lang='lat' dir='ltr'><strong>sed</strong></span> <span class='ocrx_word' id='word_1_652' title='bbox 3023 4204 3080 4252; x_wconf 89' lang='lat' dir='ltr'><strong>et</strong></span> <span class='ocrx_word' id='word_1_653' title='bbox 3118 4197 3264 4266; x_wconf 88' lang='lat' dir='ltr'><strong>quod</strong></span> <span class='ocrx_word' id='word_1_654' title='bbox 3295 4197 3360 4247; x_wconf 85' lang='lat' dir='ltr'><strong>ad</strong></span> 
     </span>
    </p>
   </div>
   <div class='ocr_carea' id='block_1_89' title="bbox 1775 4288 3356 4364">
    <p class='ocr_par' dir='ltr' id='par_1_89' title="bbox 1775 4288 3356 4364">
     <span class='ocr_line' id='line_1_89' title="bbox 1775 4288 3356 4364; baseline -0.008 -15"><span class='ocrx_word' id='word_1_655' title='bbox 1775 4309 1896 4350; x_wconf 92' lang='lat' dir='ltr'><strong>esse</strong></span> <span class='ocrx_word' id='word_1_656' title='bbox 1931 4295 2108 4364; x_wconf 83' lang='lat' dir='ltr'><strong>ipsum</strong></span> <span class='ocrx_word' id='word_1_657' title='bbox 2145 4293 2369 4358; x_wconf 88' lang='lat' dir='ltr'><strong>attinet,</strong></span> <span class='ocrx_word' id='word_1_658' title='bbox 2419 4305 2482 4344; x_wconf 88' lang='lat' dir='ltr'><strong>ac</strong></span> <span class='ocrx_word' id='word_1_659' title='bbox 2526 4288 2954 4354; x_wconf 87' lang='lat' dir='ltr'><strong>subsistentiam,</strong></span> <span class='ocrx_word' id='word_1_660' title='bbox 2995 4297 3050 4342; x_wconf 87' lang='lat' dir='ltr'><strong>et</strong></span> <span class='ocrx_word' id='word_1_661' title='bbox 3094 4293 3356 4341; x_wconf 72' lang='lat' dir='ltr'><strong>exsistet:-</strong></span> 
     </span>
    </p>
   </div>
   <div class='ocr_carea' id='block_1_90' title="bbox 120 4381 3360 4458">
    <p class='ocr_par' dir='ltr' id='par_1_90' title="bbox 120 4381 3360 4458">
     <span class='ocr_line' id='line_1_90' title="bbox 120 4381 3360 4458; baseline 0 -26"><span class='ocrx_word' id='word_1_662' title='bbox 120 4382 249 4446; x_wconf 86' lang='lat' dir='ltr'><strong>tiam,</strong></span> <span class='ocrx_word' id='word_1_663' title='bbox 281 4392 444 4453; x_wconf 88' lang='lat' dir='ltr'><strong>atque</strong></span> <span class='ocrx_word' id='word_1_664' title='bbox 494 4383 550 4436; x_wconf 92' lang='lat' dir='ltr'><strong>in</strong></span> <span class='ocrx_word' id='word_1_665' title='bbox 599 4383 852 4437; x_wconf 82' lang='lat' dir='ltr'><strong>omnibus</strong></span> <span class='ocrx_word' id='word_1_666' title='bbox 882 4381 1116 4452; x_wconf 89' lang='lat' dir='ltr'><strong>denique</strong></span> <span class='ocrx_word' id='word_1_667' title='bbox 1153 4383 1389 4438; x_wconf 88' lang='lat' dir='ltr'><strong>similem</strong></span> <span class='ocrx_word' id='word_1_668' title='bbox 1419 4398 1542 4439; x_wconf 90' lang='lat' dir='ltr'><strong>esse</strong></span> <span class='ocrx_word' id='word_1_669' title='bbox 1570 4382 1718 4441; x_wconf 91' lang='lat' dir='ltr'><strong>Patri</strong></span> <span class='ocrx_word' id='word_1_670' title='bbox 1748 4387 1947 4445; x_wconf 90' lang='lat' dir='ltr'><strong>Filium</strong></span> <span class='ocrx_word' id='word_1_671' title='bbox 1989 4396 2276 4453; x_wconf 81' lang='lat' dir='ltr'><strong>asseram,</strong></span> <span class='ocrx_word' id='word_1_672' title='bbox 2321 4382 2779 4458; x_wconf 90' lang='lat' dir='ltr'><strong>quemadmodum</strong></span> <span class='ocrx_word' id='word_1_673' title='bbox 2821 4381 3016 4438; x_wconf 88' lang='lat' dir='ltr'><strong>similis</strong></span> <span class='ocrx_word' id='word_1_674' title='bbox 3085 4386 3170 4435; x_wconf 87' lang='lat' dir='ltr'><strong>est</strong></span> <span class='ocrx_word' id='word_1_675' title='bbox 3221 4381 3360 4449; x_wconf 85' lang='lat' dir='ltr'><strong>patri</strong></span> 
     </span>
    </p>
   </div>
   <div class='ocr_carea' id='block_1_91' title="bbox 121 4470 1134 4535">
    <p class='ocr_par' dir='ltr' id='par_1_91' title="bbox 121 4470 1134 4535">
     <span class='ocr_line' id='line_1_91' title="bbox 121 4470 1134 4535; baseline 0.008 -11"><span class='ocrx_word' id='word_1_676' title='bbox 121 4470 259 4535; x_wconf 77' lang='lat' dir='ltr'><strong>filius,</strong></span> <span class='ocrx_word' id='word_1_677' title='bbox 292 4475 368 4529; x_wconf 89' lang='lat' dir='ltr'><strong>uti</strong></span> <span class='ocrx_word' id='word_1_678' title='bbox 397 4487 572 4530; x_wconf 69' lang='lat' dir='ltr'><strong>saera:</strong></span> <span class='ocrx_word' id='word_1_679' title='bbox 596 4473 813 4529; x_wconf 66' lang='lat' dir='ltr'><strong>Littera:</strong></span> <span class='ocrx_word' id='word_1_680' title='bbox 840 4481 1134 4532; x_wconf 87' lang='lat' dir='ltr'><strong>testantur.</strong></span> 
     </span>
    </p>
   </div>
   <div class='ocr_carea' id='block_1_92' title="bbox 178 4563 1668 4640">
    <p class='ocr_par' dir='ltr' id='par_1_92' title="bbox 178 4563 1668 4640">
     <span class='ocr_line' id='line_1_92' title="bbox 178 4563 1668 4640; baseline 0.001 -22"><span class='ocrx_word' id='word_1_681' title='bbox 178 4564 261 4629; x_wconf 71' lang='lat' dir='ltr'><strong>Ei;</strong></span> <span class='ocrx_word' id='word_1_682' title='bbox 299 4565 395 4638; x_wconf 75' lang='grc' dir='ltr'><strong>τὴν</strong></span> <span class='ocrx_word' id='word_1_683' title='bbox 431 4563 745 4618; x_wconf 82' lang='grc' dir='ltr'><strong>ὲκτεθεῖσαν</strong></span> <span class='ocrx_word' id='word_1_684' title='bbox 792 4565 974 4620; x_wconf 83' lang='grc' dir='ltr'><strong>πίστιν</strong></span> <span class='ocrx_word' id='word_1_685' title='bbox 1010 4564 1122 4637; x_wconf 83' lang='grc'><strong>(51)</strong></span> <span class='ocrx_word' id='word_1_686' title='bbox 1178 4567 1305 4640; x_wconf 79' lang='grc' dir='ltr'><strong>περὶ</strong></span> <span class='ocrx_word' id='word_1_687' title='bbox 1351 4565 1445 4620; x_wconf 76' lang='grc' dir='ltr'><strong>τοῦ</strong></span> <span class='ocrx_word' id='word_1_688' title='bbox 1481 4568 1668 4638; x_wconf 84' lang='grc' dir='ltr'><strong>ὅμοιον</strong></span> 
     </span>
    </p>
   </div>
   <div class='ocr_carea' id='block_1_93' title="bbox 1845 4559 3359 4638">
    <p class='ocr_par' dir='ltr' id='par_1_93' title="bbox 1845 4559 3359 4638">
     <span class='ocr_line' id='line_1_93' title="bbox 1845 4559 3359 4638; baseline -0.004 -18"><span class='ocrx_word' id='word_1_689' title='bbox 1845 4564 2115 4622; x_wconf 80' lang='lat' dir='ltr'><strong>Caeterum</strong></span> <span class='ocrx_word' id='word_1_690' title='bbox 2140 4565 2432 4638; x_wconf 71' lang='lat' dir='ltr'><strong>proposita:</strong></span> <span class='ocrx_word' id='word_1_691' title='bbox 2456 4566 2536 4622; x_wconf 88' lang='lat' dir='ltr'><strong>illi</strong></span> <span class='ocrx_word' id='word_1_692' title='bbox 2564 4565 2690 4622; x_wconf 84' lang='lat' dir='ltr'><strong>ﬁdei</strong></span> <span class='ocrx_word' id='word_1_693' title='bbox 2726 4562 3085 4629; x_wconf 81' lang='lat' dir='ltr'><strong>confessioni,</strong></span> <span class='ocrx_word' id='word_1_694' title='bbox 3122 4580 3229 4634; x_wconf 86' lang='lat' dir='ltr'><strong>qua</strong></span> <span class='ocrx_word' id='word_1_695' title='bbox 3271 4559 3359 4614; x_wconf 81' lang='lat' dir='ltr'><strong>Fi-</strong></span> 
     </span>
    </p>
   </div>
   <div class='ocr_carea' id='block_1_94' title="bbox 183 4715 1865 4792">
    <p class='ocr_par' dir='ltr' id='par_1_94' title="bbox 183 4715 1865 4792">
     <span class='ocr_line' id='line_1_94' title="bbox 183 4715 1865 4792; baseline -0.001 -17"><span class='ocrx_word' id='word_1_696' title='bbox 183 4719 194 4748; x_wconf 90' lang='lat'>&#39;</span> <span class='ocrx_word' id='word_1_697' title='bbox 215 4719 331 4777; x_wconf 88' lang='lat' dir='ltr'><strong>Cor.</strong></span> <span class='ocrx_word' id='word_1_698' title='bbox 362 4719 658 4785; x_wconf 74' lang='grc' dir='ltr'><strong>ἀποσώζει.</strong></span> <span class='ocrx_word' id='word_1_699' title='bbox 735 4721 754 4751; x_wconf 86' lang='grc'>²</span> <span class='ocrx_word' id='word_1_700' title='bbox 779 4719 842 4777; x_wconf 84' lang='lat' dir='ltr'><strong>F.</strong></span> <span class='ocrx_word' id='word_1_701' title='bbox 865 4720 946 4774; x_wconf 79' lang='grc' dir='ltr'><strong>ὅτι</strong></span> <span class='ocrx_word' id='word_1_702' title='bbox 968 4715 1099 4775; x_wconf 73' lang='grc' dir='ltr'><strong>οἷον.</strong></span> <span class='ocrx_word' id='word_1_703' title='bbox 1176 4723 1195 4753; x_wconf 80' lang='grc'>³</span> <span class='ocrx_word' id='word_1_704' title='bbox 1216 4719 1277 4775; x_wconf 83' lang='lat' dir='ltr'><strong>F.</strong></span> <span class='ocrx_word' id='word_1_705' title='bbox 1306 4721 1424 4792; x_wconf 83' lang='grc' dir='ltr'><strong>τήν.</strong></span> <span class='ocrx_word' id='word_1_706' title='bbox 1503 4719 1524 4751; x_wconf 73' lang='grc'><strong>⁸</strong></span> <span class='ocrx_word' id='word_1_707' title='bbox 1544 4718 1606 4774; x_wconf 81' lang='lat' dir='ltr'><strong>F.</strong></span> <span class='ocrx_word' id='word_1_708' title='bbox 1630 4719 1865 4792; x_wconf 87' lang='grc' dir='ltr'><strong>Πατρός.</strong></span> 
     </span>
    </p>
   </div>
   <div class='ocr_carea' id='block_1_95' title="bbox 179 4874 1676 4948">
    <p class='ocr_par' dir='ltr' id='par_1_95' title="bbox 179 4875 1668 4948">
     <span class='ocr_line' id='line_1_95' title="bbox 179 4875 1668 4948; baseline 0.003 -20"><span class='ocrx_word' id='word_1_709' title='bbox 179 4875 279 4948; x_wconf 77' lang='lat' dir='ltr'><strong>(5i)</strong></span> <span class='ocrx_word' id='word_1_710' title='bbox 323 4879 426 4942; x_wconf 71' lang='grc' dir='ltr'><strong>Εἰς</strong></span> <span class='ocrx_word' id='word_1_711' title='bbox 476 4875 596 4948; x_wconf 73' lang='grc' dir='ltr'><strong>τὴν</strong></span> <span class='ocrx_word' id='word_1_712' title='bbox 626 4875 978 4948; x_wconf 57' lang='grc' dir='ltr'><strong>ἐκτεθεῖσιν·</strong></span> <span class='ocrx_word' id='word_1_713' title='bbox 1025 4877 1252 4930; x_wconf 82' lang='grc' dir='ltr'><strong>πίστιν.</strong></span> <span class='ocrx_word' id='word_1_714' title='bbox 1308 4876 1431 4932; x_wconf 69' lang='lat' dir='ltr'><strong>Htec</strong></span> <span class='ocrx_word' id='word_1_715' title='bbox 1474 4877 1560 4932; x_wconf 85' lang='lat' dir='ltr'><strong>vel</strong></span> <span class='ocrx_word' id='word_1_716' title='bbox 1598 4878 1668 4932; x_wconf 86' lang='lat' dir='ltr'><strong>ab</strong></span> 
     </span>
    </p>
   </div>
   <div class='ocr_carea' id='block_1_96' title="bbox 1847 4874 3360 4948">
    <p class='ocr_par' dir='ltr' id='par_1_96' title="bbox 1847 4874 3360 4948">
     <span class='ocr_line' id='line_1_96' title="bbox 1847 4874 3360 4948; baseline -0.001 -17"><span class='ocrx_word' id='word_1_717' title='bbox 1847 4893 1893 4931; x_wconf 74' lang='lat' dir='ltr'><strong>te</strong></span> <span class='ocrx_word' id='word_1_718' title='bbox 1942 4877 2200 4934; x_wconf 85' lang='lat' dir='ltr'><strong>Nicolaus</strong></span> <span class='ocrx_word' id='word_1_719' title='bbox 2257 4877 2435 4948; x_wconf 81' lang='lat' dir='ltr'><strong>Faber</strong></span> <span class='ocrx_word' id='word_1_720' title='bbox 2489 4877 2647 4931; x_wconf 67' lang='lat' dir='ltr'><strong>Praf.</strong></span> <span class='ocrx_word' id='word_1_721' title='bbox 2696 4875 2762 4929; x_wconf 86' lang='lat' dir='ltr'><strong>ad</strong></span> <span class='ocrx_word' id='word_1_722' title='bbox 2804 4874 2994 4948; x_wconf 79' lang='lat' dir='ltr'><strong>llilarii</strong></span> <span class='ocrx_word' id='word_1_723' title='bbox 3054 4874 3360 4944; x_wconf 78' lang='lat' dir='ltr'><strong>fragmenta</strong></span> 
     </span>
    </p>
   </div>
   <div class='ocr_carea' id='block_1_97' title="bbox 125 4943 1668 5017">
    <p class='ocr_par' dir='ltr' id='par_1_97' title="bbox 125 4943 1668 5017">
     <span class='ocr_line' id='line_1_97' title="bbox 125 4943 1668 5017; baseline 0.003 -21"><span class='ocrx_word' id='word_1_724' title='bbox 125 4943 395 5017; x_wconf 78' lang='lat' dir='ltr'><strong>Epiphanio</strong></span> <span class='ocrx_word' id='word_1_725' title='bbox 422 4947 491 5017; x_wconf 86' lang='lat' dir='ltr'><strong>ad</strong></span> <span class='ocrx_word' id='word_1_726' title='bbox 526 4943 865 5017; x_wconf 85' lang='lat' dir='ltr'><strong>superiorem</strong></span> <span class='ocrx_word' id='word_1_727' title='bbox 898 4946 1360 5001; x_wconf 86' lang='lat' dir='ltr'><strong>Semiarianorum</strong></span> <span class='ocrx_word' id='word_1_728' title='bbox 1389 4962 1668 5001; x_wconf 87' lang='lat' dir='ltr'><strong>commen-</strong></span> 
     </span>
    </p>
   </div>
   <div class='ocr_carea' id='block_1_98' title="bbox 127 5016 1662 5084">
    <p class='ocr_par' dir='ltr' id='par_1_98' title="bbox 127 5016 1662 5084">
     <span class='ocr_line' id='line_1_98' title="bbox 127 5016 1662 5084; baseline 0.003 -17"><span class='ocrx_word' id='word_1_729' title='bbox 127 5016 349 5070; x_wconf 81' lang='lat' dir='ltr'><strong>tariolum</strong></span> <span class='ocrx_word' id='word_1_730' title='bbox 383 5016 618 5080; x_wconf 81' lang='lat' dir='ltr'><strong>addita,</strong></span> <span class='ocrx_word' id='word_1_731' title='bbox 670 5017 754 5070; x_wconf 85' lang='lat' dir='ltr'><strong>vel</strong></span> <span class='ocrx_word' id='word_1_732' title='bbox 804 5017 977 5084; x_wconf 87' lang='lat' dir='ltr'><strong>ipsius</strong></span> <span class='ocrx_word' id='word_1_733' title='bbox 1026 5018 1460 5073; x_wconf 89' lang='lat' dir='ltr'><strong>commentarioli</strong></span> <span class='ocrx_word' id='word_1_734' title='bbox 1495 5027 1662 5073; x_wconf 91' lang='lat' dir='ltr'><strong>sunt:</strong></span> 
     </span>
    </p>
   </div>
   <div class='ocr_carea' id='block_1_99' title="bbox 129 5085 1696 5168">
    <p class='ocr_par' dir='ltr' id='par_1_99' title="bbox 129 5085 1696 5168">
     <span class='ocr_line' id='line_1_99' title="bbox 129 5085 1696 5168; baseline 0.002 -29"><span class='ocrx_word' id='word_1_735' title='bbox 129 5085 172 5168; x_wconf 67' lang='lat' dir='ltr'><strong>ip</strong></span> <span class='ocrx_word' id='word_1_736' title='bbox 205 5102 302 5168; x_wconf 65' lang='lat' dir='ltr'><strong>quo</strong></span> <span class='ocrx_word' id='word_1_737' title='bbox 353 5094 552 5168; x_wconf 62' lang='lat' dir='ltr'><strong>praeter</strong></span> <span class='ocrx_word' id='word_1_738' title='bbox 585 5085 1162 5168; x_wconf 51' lang='lat' dir='ltr'><strong>expositionemdidei</strong></span> <span class='ocrx_word' id='word_1_739' title='bbox 1214 5089 1348 5141; x_wconf 79' lang='lat' dir='ltr'><strong>Acta</strong></span> <span class='ocrx_word' id='word_1_740' title='bbox 1407 5089 1696 5168; x_wconf 72' lang='lat' dir='ltr'><strong>npnnulla&#39;</strong></span> 
     </span>
    </p>
   </div>
   <div class='ocr_carea' id='block_1_100' title="bbox 130 5154 1671 5227">
    <p class='ocr_par' dir='ltr' id='par_1_100' title="bbox 130 5154 1671 5227">
     <span class='ocr_line' id='line_1_100' title="bbox 130 5154 1671 5227; baseline 0.004 -20"><span class='ocrx_word' id='word_1_741' title='bbox 130 5154 332 5227; x_wconf 73' lang='lat' dir='ltr'><strong>Basilius</strong></span> <span class='ocrx_word' id='word_1_742' title='bbox 355 5154 439 5227; x_wconf 55' lang='lat' dir='ltr'><strong>&#39;ac</strong></span> <span class='ocrx_word' id='word_1_743' title='bbox 478 5154 747 5226; x_wconf 78' lang='lat' dir='ltr'><strong>Georgius</strong></span> <span class='ocrx_word' id='word_1_744' title='bbox 795 5157 1278 5227; x_wconf 67' lang='lat' dir='ltr'><strong>praescripserant:</strong></span> <span class='ocrx_word' id='word_1_745' title='bbox 1314 5158 1458 5226; x_wconf 89' lang='lat' dir='ltr'><strong>quod</strong></span> <span class='ocrx_word' id='word_1_746' title='bbox 1490 5169 1671 5226; x_wconf 85' lang='lat' dir='ltr'><strong>poste-</strong></span> 
     </span>
    </p>
   </div>
   <div class='ocr_carea' id='block_1_101' title="bbox 130 5224 1669 5296">
    <p class='ocr_par' dir='ltr' id='par_1_101' title="bbox 130 5224 1669 5296">
     <span class='ocr_line' id='line_1_101' title="bbox 130 5224 1669 5296; baseline 0.005 -21"><span class='ocrx_word' id='word_1_747' title='bbox 130 5224 227 5296; x_wconf 76' lang='lat' dir='ltr'><strong>rius</strong></span> <span class='ocrx_word' id='word_1_748' title='bbox 276 5226 448 5296; x_wconf 70' lang='lat' dir='ltr'><strong>magis</strong></span> <span class='ocrx_word' id='word_1_749' title='bbox 498 5224 726 5281; x_wconf 82' lang='lat' dir='ltr'><strong>arridet.</strong></span> <span class='ocrx_word' id='word_1_750' title='bbox 785 5224 1078 5284; x_wconf 82' lang='lat' dir='ltr'><strong>Sciendum</strong></span> <span class='ocrx_word' id='word_1_751' title='bbox 1129 5235 1214 5282; x_wconf 85' lang='lat' dir='ltr'><strong>est</strong></span> <span class='ocrx_word' id='word_1_752' title='bbox 1265 5224 1446 5282; x_wconf 81' lang='lat' dir='ltr'><strong>autem</strong></span> <span class='ocrx_word' id='word_1_753' title='bbox 1487 5224 1669 5282; x_wconf 71' lang='grc' dir='ltr'><strong>πίστιν</strong></span> 
     </span>
    </p>
   </div>
   <div class='ocr_carea' id='block_1_102' title="bbox 132 5293 1668 5367">
    <p class='ocr_par' dir='ltr' id='par_1_102' title="bbox 132 5293 1668 5367">
     <span class='ocr_line' id='line_1_102' title="bbox 132 5293 1668 5367; baseline 0.005 -22"><span class='ocrx_word' id='word_1_754' title='bbox 132 5293 286 5367; x_wconf 78' lang='lat' dir='ltr'><strong>illam,</strong></span> <span class='ocrx_word' id='word_1_755' title='bbox 331 5293 397 5350; x_wconf 78' lang='lat' dir='ltr'><strong>de</strong></span> <span class='ocrx_word' id='word_1_756' title='bbox 441 5312 578 5367; x_wconf 23' lang='lat' dir='ltr'><strong>qua;</strong></span> <span class='ocrx_word' id='word_1_757' title='bbox 595 5296 875 5367; x_wconf 88' lang='lat' dir='ltr'><strong>loquitur,</strong></span> <span class='ocrx_word' id='word_1_758' title='bbox 909 5312 1033 5367; x_wconf 87' lang='lat' dir='ltr'><strong>esse</strong></span> <span class='ocrx_word' id='word_1_759' title='bbox 1070 5298 1462 5367; x_wconf 82' lang='lat' dir='ltr'><strong>professionem</strong></span> <span class='ocrx_word' id='word_1_760' title='bbox 1521 5299 1668 5352; x_wconf 88' lang='lat' dir='ltr'><strong>illam</strong></span> 
     </span>
    </p>
   </div>
   <div class='ocr_carea' id='block_1_103' title="bbox 132 5365 1669 5437">
    <p class='ocr_par' dir='ltr' id='par_1_103' title="bbox 132 5365 1669 5437">
     <span class='ocr_line' id='line_1_103' title="bbox 132 5365 1669 5437; baseline 0.002 -19"><span class='ocrx_word' id='word_1_761' title='bbox 132 5366 314 5437; x_wconf 51' lang='lat' dir='ltr'><strong>tertiam</strong></span> <span class='ocrx_word' id='word_1_762' title='bbox 335 5403 350 5427; x_wconf 91' lang='lat'><strong>,</strong></span> <span class='ocrx_word' id='word_1_763' title='bbox 383 5380 506 5437; x_wconf 72' lang='lat' dir='ltr'><strong>quae</strong></span> <span class='ocrx_word' id='word_1_764' title='bbox 537 5365 852 5437; x_wconf 74' lang='lat' dir='ltr'><strong>Sirmiiest</strong></span> <span class='ocrx_word' id='word_1_765' title='bbox 891 5366 1036 5422; x_wconf 85' lang='lat' dir='ltr'><strong>edita</strong></span> <span class='ocrx_word' id='word_1_766' title='bbox 1056 5365 1087 5434; x_wconf 64' lang='grc'><strong>,⁷</strong></span> <span class='ocrx_word' id='word_1_767' title='bbox 1103 5384 1266 5437; x_wconf 90' lang='lat' dir='ltr'><strong>quam</strong></span> <span class='ocrx_word' id='word_1_768' title='bbox 1320 5370 1574 5422; x_wconf 79' lang='lat' dir='ltr'><strong>Socrates</strong></span> <span class='ocrx_word' id='word_1_769' title='bbox 1615 5376 1669 5423; x_wconf 89' lang='lat' dir='ltr'><strong>et</strong></span> 
     </span>
    </p>
   </div>
   <div class='ocr_carea' id='block_1_104' title="bbox 133 5431 1668 5523">
    <p class='ocr_par' dir='ltr' id='par_1_104' title="bbox 133 5431 1668 5523">
     <span class='ocr_line' id='line_1_104' title="bbox 133 5431 1668 5523; baseline 0.003 -37"><span class='ocrx_word' id='word_1_770' title='bbox 133 5431 438 5523; x_wconf 75' lang='lat' dir='ltr'><strong>Summanus</strong></span> <span class='ocrx_word' id='word_1_771' title='bbox 468 5435 618 5523; x_wconf 47' lang='lat' dir='ltr'><strong>‘f&#39;also</strong></span> <span class='ocrx_word' id='word_1_772' title='bbox 651 5436 706 5491; x_wconf 92' lang='lat' dir='ltr'><strong>in</strong></span> <span class='ocrx_word' id='word_1_773' title='bbox 737 5435 1026 5519; x_wconf 81' lang='lat' dir='ltr'><strong>Sirmiensi</strong></span> <span class='ocrx_word' id='word_1_774' title='bbox 1058 5431 1272 5523; x_wconf 34' lang='lat' dir='ltr'><strong>&#39;sy&#39;podo</strong></span> <span class='ocrx_word' id='word_1_775' title='bbox 1299 5439 1668 5523; x_wconf 57' lang='lat' dir='ltr'><strong>eopgpriptam</strong></span> 
     </span>
    </p>
   </div>
   <div class='ocr_carea' id='block_1_105' title="bbox 131 5504 1670 5570">
    <p class='ocr_par' dir='ltr' id='par_1_105' title="bbox 131 5504 1670 5570">
     <span class='ocr_line' id='line_1_105' title="bbox 131 5504 1670 5570; baseline 0.003 -12"><span class='ocrx_word' id='word_1_776' title='bbox 131 5516 431 5560; x_wconf 82' lang='lat' dir='ltr'><strong>asseverant.</strong></span> <span class='ocrx_word' id='word_1_777' title='bbox 464 5504 602 5560; x_wconf 83' lang='lat' dir='ltr'><strong>Nata</strong></span> <span class='ocrx_word' id='word_1_778' title='bbox 650 5517 734 5562; x_wconf 92' lang='lat' dir='ltr'><strong>est</strong></span> <span class='ocrx_word' id='word_1_779' title='bbox 765 5508 908 5561; x_wconf 90' lang='lat' dir='ltr'><strong>enim</strong></span> <span class='ocrx_word' id='word_1_780' title='bbox 941 5504 1332 5562; x_wconf 62' lang='lat' dir='ltr'><strong>anno&#39;demum</strong></span> <span class='ocrx_word' id='word_1_781' title='bbox 1359 5504 1670 5570; x_wconf 74' lang='lat' dir='ltr'><strong>359,Euse-</strong></span> 
     </span>
    </p>
   </div>
   <div class='ocr_carea' id='block_1_106' title="bbox 134 5570 1671 5651">
    <p class='ocr_par' dir='ltr' id='par_1_106' title="bbox 134 5570 1671 5651">
     <span class='ocr_line' id='line_1_106' title="bbox 134 5570 1671 5651; baseline 0.004 -24"><span class='ocrx_word' id='word_1_782' title='bbox 134 5570 207 5651; x_wconf 51' lang='lat' dir='ltr'><strong>illo</strong></span> <span class='ocrx_word' id='word_1_783' title='bbox 251 5582 303 5651; x_wconf 63' lang='lat' dir='ltr'><strong>et</strong></span> <span class='ocrx_word' id='word_1_784' title='bbox 331 5575 558 5651; x_wconf 79' lang='lat' dir='ltr'><strong>Hypatio</strong></span> <span class='ocrx_word' id='word_1_785' title='bbox 596 5591 759 5651; x_wconf 60' lang='lat' dir='ltr'><strong>coss,</strong></span> <span class='ocrx_word' id='word_1_786' title='bbox 779 5593 835 5634; x_wconf 78' lang='grc' dir='ltr'><strong>ιι</strong></span> <span class='ocrx_word' id='word_1_787' title='bbox 854 5577 983 5651; x_wconf 25' lang='lat' dir='ltr'><strong>pilai.</strong></span> <span class='ocrx_word' id='word_1_788' title='bbox 1006 5577 1220 5651; x_wconf 50' lang='lat' dir='ltr'><strong>lunias,</strong></span> <span class='ocrx_word' id='word_1_789' title='bbox 1245 5578 1671 5651; x_wconf 76' lang='lat' dir='ltr'><strong>_ut_Ath:tnasius</strong></span> 
     </span>
    </p>
   </div>
   <div class='ocr_carea' id='block_1_107' title="bbox 135 5639 1673 5720">
    <p class='ocr_par' dir='ltr' id='par_1_107' title="bbox 135 5639 1673 5720">
     <span class='ocr_line' id='line_1_107' title="bbox 135 5639 1673 5720; baseline 0.003 -22"><span class='ocrx_word' id='word_1_790' title='bbox 243 5642 312 5698; x_wconf 82' lang='lat' dir='ltr'><strong>De</strong></span> <span class='ocrx_word' id='word_1_791' title='bbox 358 5639 572 5720; x_wconf 48' lang='lat' dir='ltr'><strong>sli-ntuli;</strong></span> <span class='ocrx_word' id='word_1_792' title='bbox 608 5639 799 5720; x_wconf 74' lang='lat' dir='ltr'><strong>docet.</strong></span> <span class='ocrx_word' id='word_1_793' title='bbox 841 5645 945 5714; x_wconf 87' lang='lat' dir='ltr'><strong>Qui</strong></span> <span class='ocrx_word' id='word_1_794' title='bbox 987 5648 1107 5720; x_wconf 82' lang='lat' dir='ltr'><strong>dies</strong></span> <span class='ocrx_word' id='word_1_795' title='bbox 1141 5648 1276 5718; x_wconf 86' lang='lat' dir='ltr'><strong>prid.</strong></span> <span class='ocrx_word' id='word_1_796' title='bbox 1326 5648 1673 5720; x_wconf 73' lang='lat' dir='ltr'><strong>Pentecostes</strong></span> 
     </span>
    </p>
   </div>
   <div class='ocr_carea' id='block_1_108' title="bbox 140 5706 1674 5790">
    <p class='ocr_par' dir='ltr' id='par_1_108' title="bbox 140 5706 1674 5790">
     <span class='ocr_line' id='line_1_108' title="bbox 140 5706 1674 5790; baseline 0.005 -24"><span class='ocrx_word' id='word_1_797' title='bbox 140 5706 257 5779; x_wconf 71' lang='lat' dir='ltr'><strong>fuit,</strong></span> <span class='ocrx_word' id='word_1_798' title='bbox 300 5706 442 5787; x_wconf 74' lang='lat' dir='ltr'><strong>quod</strong></span> <span class='ocrx_word' id='word_1_799' title='bbox 471 5716 806 5790; x_wconf 81' lang='lat' dir='ltr'><strong>Epiphanius</strong></span> <span class='ocrx_word' id='word_1_800' title='bbox 852 5706 954 5775; x_wconf 62' lang='lat' dir='ltr'><strong>Hoc</strong></span> <span class='ocrx_word' id='word_1_801' title='bbox 1013 5719 1068 5774; x_wconf 87' lang='lat' dir='ltr'><strong>in</strong></span> <span class='ocrx_word' id='word_1_802' title='bbox 1101 5706 1217 5776; x_wconf 65' lang='lat' dir='ltr'><strong>lo&#39;co</strong></span> <span class='ocrx_word' id='word_1_803' title='bbox 1256 5726 1508 5776; x_wconf 86' lang='lat' dir='ltr'><strong>testatur.</strong></span> <span class='ocrx_word' id='word_1_804' title='bbox 1543 5717 1674 5774; x_wconf 83' lang='lat' dir='ltr'><strong>Vide</strong></span> 
     </span>
    </p>
   </div>
   <div class='ocr_carea' id='block_1_109' title="bbox 1773 4947 3354 5019">
    <p class='ocr_par' dir='ltr' id='par_1_109' title="bbox 1773 4947 3354 5019">
     <span class='ocr_line' id='line_1_109' title="bbox 1773 4947 3354 5019; baseline -0.003 -17"><span class='ocrx_word' id='word_1_805' title='bbox 1773 4947 2045 5019; x_wconf 78' lang='lat' dir='ltr'><strong>disputat,</strong></span> <span class='ocrx_word' id='word_1_806' title='bbox 2077 4965 2200 5019; x_wconf 76' lang='lat' dir='ltr'><strong>pag.</strong></span> <span class='ocrx_word' id='word_1_807' title='bbox 2255 4949 2379 5004; x_wconf 76' lang='lat'><strong>575.</strong></span> <span class='ocrx_word' id='word_1_808' title='bbox 2416 4947 2586 5019; x_wconf 74' lang='lat' dir='ltr'><strong>Igitur</strong></span> <span class='ocrx_word' id='word_1_809' title='bbox 2617 4954 2743 5019; x_wconf 80' lang='lat' dir='ltr'><strong>post</strong></span> <span class='ocrx_word' id='word_1_810' title='bbox 2787 4947 3134 5019; x_wconf 82' lang='lat' dir='ltr'><strong>Aneyranum</strong></span> <span class='ocrx_word' id='word_1_811' title='bbox 3167 4948 3354 5019; x_wconf 68' lang='lat' dir='ltr'><strong>conci-</strong></span> 
     </span>
    </p>
   </div>
   <div class='ocr_carea' id='block_1_110' title="bbox 1773 5014 3355 5087">
    <p class='ocr_par' dir='ltr' id='par_1_110' title="bbox 1773 5014 3355 5087">
     <span class='ocr_line' id='line_1_110' title="bbox 1773 5014 3355 5087; baseline -0.004 -14"><span class='ocrx_word' id='word_1_812' title='bbox 1773 5014 1908 5073; x_wconf 82' lang='lat' dir='ltr'><strong>lium</strong></span> <span class='ocrx_word' id='word_1_813' title='bbox 1951 5014 2222 5082; x_wconf 69' lang='lat' dir='ltr'><strong>Basilius,</strong></span> <span class='ocrx_word' id='word_1_814' title='bbox 2280 5014 2482 5087; x_wconf 79' lang='lat' dir='ltr'><strong>aliique</strong></span> <span class='ocrx_word' id='word_1_815' title='bbox 2520 5014 2980 5087; x_wconf 83' lang='lat' dir='ltr'><strong>Semiarianorum</strong></span> <span class='ocrx_word' id='word_1_816' title='bbox 3011 5016 3190 5087; x_wconf 76' lang='lat' dir='ltr'><strong>legati</strong></span> <span class='ocrx_word' id='word_1_817' title='bbox 3237 5014 3355 5067; x_wconf 78' lang='lat' dir='ltr'><strong>Sir-</strong></span> 
     </span>
    </p>
   </div>
   <div class='ocr_carea' id='block_1_111' title="bbox 1772 5085 3357 5159">
    <p class='ocr_par' dir='ltr' id='par_1_111' title="bbox 1772 5085 3357 5159">
     <span class='ocr_line' id='line_1_111' title="bbox 1772 5085 3357 5159; baseline -0.002 -18"><span class='ocrx_word' id='word_1_818' title='bbox 1772 5090 1940 5159; x_wconf 84' lang='lat' dir='ltr'><strong>mium</strong></span> <span class='ocrx_word' id='word_1_819' title='bbox 1968 5089 2035 5142; x_wconf 89' lang='lat' dir='ltr'><strong>ad</strong></span> <span class='ocrx_word' id='word_1_820' title='bbox 2063 5085 2448 5159; x_wconf 81' lang='lat' dir='ltr'><strong>imperatorem</strong></span> <span class='ocrx_word' id='word_1_821' title='bbox 2479 5087 2707 5156; x_wconf 89' lang='lat' dir='ltr'><strong>profecti</strong></span> <span class='ocrx_word' id='word_1_822' title='bbox 2742 5086 2951 5138; x_wconf 91' lang='lat' dir='ltr'><strong>litteras</strong></span> <span class='ocrx_word' id='word_1_823' title='bbox 2975 5085 3043 5159; x_wconf 87' lang='lat' dir='ltr'><strong>a_b</strong></span> <span class='ocrx_word' id='word_1_824' title='bbox 3071 5100 3138 5138; x_wconf 92' lang='lat' dir='ltr'><strong>eo</strong></span> <span class='ocrx_word' id='word_1_825' title='bbox 3167 5095 3357 5159; x_wconf 70' lang='lat' dir='ltr'><strong>contra</strong></span> 
     </span>
    </p>
   </div>
   <div class='ocr_carea' id='block_1_112' title="bbox 1773 5152 3354 5225">
    <p class='ocr_par' dir='ltr' id='par_1_112' title="bbox 1773 5152 3354 5225">
     <span class='ocr_line' id='line_1_112' title="bbox 1773 5152 3354 5225; baseline -0.003 -14"><span class='ocrx_word' id='word_1_826' title='bbox 1773 5158 2077 5213; x_wconf 85' lang='lat' dir='ltr'><strong>Eudoxium</strong></span> <span class='ocrx_word' id='word_1_827' title='bbox 2123 5152 2178 5214; x_wconf 83' lang='lat' dir='ltr'><strong>ét</strong></span> <span class='ocrx_word' id='word_1_828' title='bbox 2225 5152 2520 5212; x_wconf 75' lang='lat' dir='ltr'><strong>Auommos</strong></span> <span class='ocrx_word' id='word_1_829' title='bbox 2550 5162 2970 5225; x_wconf 64' lang='lat' dir='ltr'><strong>expresserunt.</strong></span> <span class='ocrx_word' id='word_1_830' title='bbox 2990 5152 3128 5206; x_wconf 88' lang='lat' dir='ltr'><strong>Tum</strong></span> <span class='ocrx_word' id='word_1_831' title='bbox 3159 5153 3226 5208; x_wconf 91' lang='lat' dir='ltr'><strong>de</strong></span> <span class='ocrx_word' id='word_1_832' title='bbox 3251 5169 3354 5225; x_wconf 56' lang='lat' dir='ltr'><strong>eo-</strong></span> 
     </span>
    </p>
   </div>
   <div class='ocr_carea' id='block_1_113' title="bbox 1771 5223 3353 5297">
    <p class='ocr_par' dir='ltr' id='par_1_113' title="bbox 1771 5223 3353 5297">
     <span class='ocr_line' id='line_1_113' title="bbox 1771 5223 3353 5297; baseline -0.003 -15"><span class='ocrx_word' id='word_1_833' title='bbox 1771 5229 2018 5283; x_wconf 86' lang='lat' dir='ltr'><strong>rumdem</strong></span> <span class='ocrx_word' id='word_1_834' title='bbox 2050 5229 2282 5282; x_wconf 91' lang='lat' dir='ltr'><strong>consilio</strong></span> <span class='ocrx_word' id='word_1_835' title='bbox 2313 5223 2698 5297; x_wconf 40' lang='lat' dir='ltr'><strong>imperator—ad</strong></span> <span class='ocrx_word' id='word_1_836' title='bbox 2736 5241 2824 5278; x_wconf 92' lang='lat' dir='ltr'><strong>res</strong></span> <span class='ocrx_word' id='word_1_837' title='bbox 2847 5224 3203 5297; x_wconf 75' lang='lat' dir='ltr'><strong>Antiochena:</strong></span> <span class='ocrx_word' id='word_1_838' title='bbox 3247 5223 3353 5277; x_wconf 76' lang='lat' dir='ltr'><strong>Ec-</strong></span> 
     </span>
    </p>
   </div>
   <div class='ocr_carea' id='block_1_114' title="bbox 1773 5294 3358 5366">
    <p class='ocr_par' dir='ltr' id='par_1_114' title="bbox 1773 5294 3358 5366">
     <span class='ocr_line' id='line_1_114' title="bbox 1773 5294 3358 5366; baseline -0.003 -14"><span class='ocrx_word' id='word_1_839' title='bbox 1773 5300 1957 5353; x_wconf 67' lang='lat' dir='ltr'><strong>clesiae</strong></span> <span class='ocrx_word' id='word_1_840' title='bbox 1988 5294 2412 5366; x_wconf 75' lang='lat' dir='ltr'><strong>componendas,</strong></span> <span class='ocrx_word' id='word_1_841' title='bbox 2440 5311 2602 5366; x_wconf 84' lang='lat' dir='ltr'><strong>quam</strong></span> <span class='ocrx_word' id='word_1_842' title='bbox 2650 5294 2926 5366; x_wconf 79' lang='lat' dir='ltr'><strong>Eudoxius</strong></span> <span class='ocrx_word' id='word_1_843' title='bbox 2959 5301 3154 5366; x_wconf 59' lang='lat' dir='ltr'><strong>prater</strong></span> <span class='ocrx_word' id='word_1_844' title='bbox 3189 5308 3358 5347; x_wconf 66' lang='grc' dir='ltr'><strong>σξηιοα</strong></span> 
     </span>
    </p>
   </div>
   <div class='ocr_carea' id='block_1_115' title="bbox 1772 5364 3363 5436">
    <p class='ocr_par' dir='ltr' id='par_1_115' title="bbox 1772 5364 3363 5436">
     <span class='ocr_line' id='line_1_115' title="bbox 1772 5364 3363 5436; baseline -0.004 -14"><span class='ocrx_word' id='word_1_845' title='bbox 1772 5383 1870 5422; x_wconf 90' lang='lat' dir='ltr'><strong>nes</strong></span> <span class='ocrx_word' id='word_1_846' title='bbox 1925 5364 2262 5436; x_wconf 82' lang='lat' dir='ltr'><strong>occuparat,</strong></span> <span class='ocrx_word' id='word_1_847' title='bbox 2325 5364 2487 5422; x_wconf 84' lang='lat' dir='ltr'><strong>simul</strong></span> <span class='ocrx_word' id='word_1_848' title='bbox 2538 5365 2606 5419; x_wconf 90' lang='lat' dir='ltr'><strong>ad</strong></span> <span class='ocrx_word' id='word_1_849' title='bbox 2663 5365 2802 5418; x_wconf 79' lang='lat' dir='ltr'><strong>Aetii</strong></span> <span class='ocrx_word' id='word_1_850' title='bbox 2859 5372 2911 5417; x_wconf 85' lang='lat' dir='ltr'><strong>et</strong></span> <span class='ocrx_word' id='word_1_851' title='bbox 2965 5364 3363 5436; x_wconf 70' lang='lat' dir='ltr'><strong>Anommorum</strong></span> 
     </span>
    </p>
   </div>
   <div class='ocr_carea' id='block_1_116' title="bbox 1772 5434 3358 5508">
    <p class='ocr_par' dir='ltr' id='par_1_116' title="bbox 1772 5434 3358 5508">
     <span class='ocr_line' id='line_1_116' title="bbox 1772 5434 3358 5508; baseline -0.004 -16"><span class='ocrx_word' id='word_1_852' title='bbox 1772 5434 2164 5508; x_wconf 81' lang='lat' dir='ltr'><strong>profligandam</strong></span> <span class='ocrx_word' id='word_1_853' title='bbox 2204 5439 2559 5508; x_wconf 85' lang='lat' dir='ltr'><strong>impietatem,</strong></span> <span class='ocrx_word' id='word_1_854' title='bbox 2586 5449 2781 5508; x_wconf 82' lang='lat' dir='ltr'><strong>novam</strong></span> <span class='ocrx_word' id='word_1_855' title='bbox 2819 5434 3088 5504; x_wconf 87' lang='lat' dir='ltr'><strong>synodum</strong></span> <span class='ocrx_word' id='word_1_856' title='bbox 3121 5447 3358 5508; x_wconf 81' lang='lat' dir='ltr'><strong>congre-_-</strong></span> 
     </span>
    </p>
   </div>
   <div class='ocr_carea' id='block_1_117' title="bbox 1772 5503 3362 5577">
    <p class='ocr_par' dir='ltr' id='par_1_117' title="bbox 1772 5503 3362 5577">
     <span class='ocr_line' id='line_1_117' title="bbox 1772 5503 3362 5577; baseline -0.004 -16"><span class='ocrx_word' id='word_1_857' title='bbox 1772 5503 1901 5577; x_wconf 61' lang='lat' dir='ltr'><strong>gare</strong></span> <span class='ocrx_word' id='word_1_858' title='bbox 1936 5503 2183 5574; x_wconf 61' lang='lat' dir='ltr'><strong>&#39;statuit;</strong></span> <span class='ocrx_word' id='word_1_859' title='bbox 2241 5503 2385 5577; x_wconf 84' lang='lat' dir='ltr'><strong>quod</strong></span> <span class='ocrx_word' id='word_1_860' title='bbox 2457 5521 2622 5576; x_wconf 88' lang='lat' dir='ltr'><strong>supra</strong></span> <span class='ocrx_word' id='word_1_861' title='bbox 2670 5505 2734 5577; x_wconf 83' lang='lat' dir='ltr'><strong>in</strong></span> <span class='ocrx_word' id='word_1_862' title='bbox 2799 5503 3067 5577; x_wconf 81' lang='lat' dir='ltr'><strong>annorum</strong></span> <span class='ocrx_word' id='word_1_863' title='bbox 3130 5503 3362 5574; x_wconf 76' lang='lat' dir='ltr'><strong>synOpsi</strong></span> 
     </span>
    </p>
   </div>
   <div class='ocr_carea' id='block_1_118' title="bbox 1775 5575 3351 5642">
    <p class='ocr_par' dir='ltr' id='par_1_118' title="bbox 1775 5575 3351 5642">
     <span class='ocr_line' id='line_1_118' title="bbox 1775 5575 3351 5642; baseline -0.004 -10"><span class='ocrx_word' id='word_1_864' title='bbox 1775 5575 2193 5632; x_wconf 83' lang='lat' dir='ltr'><strong>deelaravimus.</strong></span> <span class='ocrx_word' id='word_1_865' title='bbox 2241 5575 2434 5632; x_wconf 85' lang='lat' dir='ltr'><strong>Postea</strong></span> <span class='ocrx_word' id='word_1_866' title='bbox 2486 5575 2609 5630; x_wconf 80' lang='lat' dir='ltr'><strong>enm</strong></span> <span class='ocrx_word' id='word_1_867' title='bbox 2654 5576 2718 5630; x_wconf 89' lang='lat' dir='ltr'><strong>de</strong></span> <span class='ocrx_word' id='word_1_868' title='bbox 2761 5577 2891 5630; x_wconf 81' lang='lat' dir='ltr'><strong>urbe</strong></span> <span class='ocrx_word' id='word_1_869' title='bbox 2918 5615 2930 5636; x_wconf 92' lang='lat'><strong>,</strong></span> <span class='ocrx_word' id='word_1_870' title='bbox 2967 5575 3018 5627; x_wconf 88' lang='lat' dir='ltr'><strong>in</strong></span> <span class='ocrx_word' id='word_1_871' title='bbox 3069 5589 3173 5642; x_wconf 89' lang='lat' dir='ltr'><strong>qua</strong></span> <span class='ocrx_word' id='word_1_872' title='bbox 3216 5589 3351 5627; x_wconf 83' lang='lat' dir='ltr'><strong>con-</strong></span> 
     </span>
    </p>
   </div>
   <div class='ocr_carea' id='block_1_119' title="bbox 1776 5642 3356 5724">
    <p class='ocr_par' dir='ltr' id='par_1_119' title="bbox 1776 5642 3356 5724">
     <span class='ocr_line' id='line_1_119' title="bbox 1776 5642 3356 5724; baseline -0.006 -19"><span class='ocrx_word' id='word_1_873' title='bbox 1776 5664 1960 5724; x_wconf 80' lang='lat' dir='ltr'><strong>sessus</strong></span> <span class='ocrx_word' id='word_1_874' title='bbox 2000 5648 2420 5724; x_wconf 61' lang='lat' dir='ltr'><strong>liaberl___posset</strong></span> <span class='ocrx_word' id='word_1_875' title='bbox 2447 5687 2460 5708; x_wconf 96' lang='lat'><strong>,</strong></span> <span class='ocrx_word' id='word_1_876' title='bbox 2507 5659 2863 5724; x_wconf 54' lang='lat' dir='ltr'><strong>penuaquam</strong></span> <span class='ocrx_word' id='word_1_877' title='bbox 2917 5642 3184 5724; x_wconf 56' lang='lat' dir='ltr'><strong>ppiscoiii</strong></span> <span class='ocrx_word' id='word_1_878' title='bbox 3219 5658 3356 5696; x_wconf 67' lang='lat' dir='ltr'><strong>(&#39;0th</strong></span> 
     </span>
    </p>
   </div>
   <div class='ocr_carea' id='block_1_120' title="bbox 1776 5714 3356 5784">
    <p class='ocr_par' dir='ltr' id='par_1_120' title="bbox 1776 5714 3356 5784">
     <span class='ocr_line' id='line_1_120' title="bbox 1776 5714 3356 5784; baseline -0.003 -12"><span class='ocrx_word' id='word_1_879' title='bbox 1776 5721 2018 5776; x_wconf 86' lang='lat' dir='ltr'><strong>venirent</strong></span> <span class='ocrx_word' id='word_1_880' title='bbox 2038 5759 2051 5784; x_wconf 87' lang='lat'><strong>,</strong></span> <span class='ocrx_word' id='word_1_881' title='bbox 2076 5714 2308 5775; x_wconf 81' lang='lat' dir='ltr'><strong>Basilius</strong></span> <span class='ocrx_word' id='word_1_882' title='bbox 2335 5732 2480 5773; x_wconf 87' lang='lat' dir='ltr'><strong>anno</strong></span> <span class='ocrx_word' id='word_1_883' title='bbox 2507 5717 2612 5773; x_wconf 73' lang='lat'><strong>349</strong></span> <span class='ocrx_word' id='word_1_884' title='bbox 2642 5714 2835 5772; x_wconf 80' lang='lat' dir='ltr'><strong>rursus</strong></span> <span class='ocrx_word' id='word_1_885' title='bbox 2865 5714 2932 5770; x_wconf 84' lang='lat' dir='ltr'><strong>ad</strong></span> <span class='ocrx_word' id='word_1_886' title='bbox 2962 5714 3356 5784; x_wconf 70' lang='lat' dir='ltr'><strong>imperatorem</strong></span> 
     </span>
    </p>
   </div>
  </div>
