3798 6212
282 201 489 294 ’445

1799 231 1856 285 S.
1891 228 2228 287 EPIPIIANII

3551 230 3660 286 tu

389 347 494 402 lius
532 347 586 401 in
637 348 892 404 omnibus
952 347 1102 403 Patri
1145 347 1339 403 similis
1395 361 1518 402 esse
1567 345 1847 412 definitur,
1885 348 1960 402 ita

2094 344 2202 401 ίναι
2255 348 2342 400 τὸν
2392 348 2520 402 Υίὸν
2573 349 2649 418 τῷ
2704 348 2878 418 Πατρὶ
2928 347 3067 401 κατὰ
3091 347 3279 424 πάντα
3327 344 3660 415 ὑπέγραψαν

385 437 878 508 subscripserunt:
908 438 1124 495 Marcus
1172 439 1465 509 episcopus
1527 439 1834 493 Arethusiae
1883 439 1959 493 ita

385 530 553 584 credo
604 538 659 584 et
695 530 914 595 sentio,
961 539 1021 584 ut
1065 544 1233 599 supra
1283 529 1546 597 scriptum
1588 535 1695 582 est.
1761 527 1962 584 Eodem

386 621 550 676 modo
594 630 650 676 et
699 623 794 691 qui
853 622 1082 677 aderant
1138 621 1606 689 subscripserunt.
1651 620 1721 672 At
1766 619 1964 675 Valens

387 710 538 766 hunc
589 712 644 765 in
673 711 894 766 modum
935 711 1442 778 :Quemadmodum
1477 726 1540 766 ea
1583 719 1764 776 nocte,
1799 726 1964 780 quam

387 803 508 857 dies
544 801 897 858 Pentecostes
932 812 1118 858 secuta
1155 812 1259 868 est,
1292 802 1628 872 superiorem
1665 803 1807 857 hanc
1831 803 1965 858 sub-

389 893 744 964 scriptionem
765 893 1122 960 ediderimus,
1151 896 1487 963 norunt-qui
1519 905 1627 948 tam
1671 903 1965 961 praesentes

389 991 570 1047 erant,
609 1000 672 1040 ac
703 985 824 1054 pius
864 986 916 1038 in
955 985 1146 1053 primis
1176 970 1493 1054 imperator,
1527 985 1668 1054 apud
1706 999 1867 1054 quem
1912 990 1967 1038 et

389 1076 510 1132 sine
542 1077 744 1144 scripto
777 1092 896 1133 sum
937 1084 991 1130 et
1037 1077 1242 1146 scripto
1284 1084 1645 1132 contestatus.
1689 1076 1820 1131 Post
1852 1077 1968 1130 haec

391 1183 517 1222 cum
583 1167 783 1225 Valens
833 1183 934 1224 suo
973 1184 1122 1223 more
1166 1169 1604 1237 subseripsissct,
1652 1175 1706 1222 et
1745 1169 1810 1222 ad
1841 1168 1971 1222 sub-

392 1258 746 1327 scriptionem
809 1261 1129 1325 addidisset,
1197 1259 1429 1315 similem
1488 1275 1611 1314 esse
1669 1258 1818 1314 Patri
1877 1257 1968 1313 Fi-

393 1350 548 1413 lium,
606 1353 987 1420 praetermissis
1027 1351 1112 1404 his
1159 1350 1404 1412 vocibus,
1445 1351 1500 1402 in
1530 1350 1792 1412 omnibus,
1826 1363 1971 1403 cum-

395 1455 504 1510 que
563 1457 623 1497 ea
685 1457 742 1496 re
790 1442 1144 1506 declarasset,
1178 1456 1338 1511 quem
1389 1444 1442 1496 in
1499 1456 1720 1495 sensum
1751 1455 1814 1494 ea
1852 1453 1973 1507 quae

394 1531 599 1601 scripta
625 1531 840 1586 fuerant
861 1533 1238 1602 approbasset,
1265 1549 1326 1587 ac
1359 1531 1810 1602 quemadmodum
1842 1544 1974 1583 con-

397 1623 779 1678 substantialis
800 1638 985 1678 vocem
1016 1623 1363 1692 intelligeret,
1395 1623 1518 1692 pius
1546 1621 1648 1675 hoc
1676 1622 1974 1689 imperator

2069 441 2274 504 οὕτως’
2309 441 2536 512 Μάρκος
2571 445 2601 494 ὁ
2653 441 2950 503 ἐπίσκοπος
2988 438 3336 511 Ἀρεθουσίας
3373 436 3524 490 οὑτω
3573 451 3660 487 πιο

2070 533 2244 588 στεύω
2264 535 2356 587 καὶ
2385 532 2568 605 φρονῶ
2588 536 2701 597 τοῖς
2735 531 3252 604 προγεγραμμένοις
3270 546 3283 560 ·
3322 530 3485 582 καὶοὶ
3511 543 3659 597 παρ-

2069 624 2220 687 όντες
2251 625 2474 695 ὁμοίως.
2509 623 2724 692 Οὐάλης
2743 624 2801 677 δὲ
2831 622 3004 685 οὑτως
3022 641 3035 654 ·
3065 623 3254 684 Ὅπως
3283 621 3382 691 μὲν
3409 621 3659 689 ὑπεγράο

2064 715 2247 785 ψαμεν
2277 718 2343 786 τῇ
2369 715 2524 770 νυκτὶ
2555 713 2971 786 ὲπιφωσκούσης
3005 712 3105 780 τῆς
3137 710 3527 782 Πεντηκοπῆς
3563 709 3659 779 τὴν

2068 805 2568 877 προγεγραμμένην
2608 805 2964 877 ὑπογραφὴν,
3019 805 3224 856 οἴδασιν
3275 802 3325 854 οἱ
3384 801 3658 870 παρόντες

2067 897 2163 949 καὶ
2186 898 2214 948 ὁ
2251 896 2482 966 εὐσεϐὴς
2525 895 2808 966 βασιλεὺς,
2843 894 2982 964 πρὸς
3024 895 3083 946 δν
3115 894 3209 946 καὶ
3252 891 3660 962 ἐμαρτυράμην

2068 985 2333 1056 ἀγράφως
2359 1001 2417 1036 τε
2451 985 2546 1037 καὶ
2606 983 2925 1056 ἐγγράφως.
2955 981 3113 1036 Μετὰ
3145 982 3202 1034 δὲ
3245 979 3424 1032 ταῦτα
3473 978 3659 1047 οίκείῳ

2069 1076 2187 1146 ῆθει
2237 1075 2653 1145 ὑπογράψαντος
2701 1073 3029 1156 Οὐάλεντος,
3065 1074 3159 1126 καὶ
3207 1068 3659 1142 προστεθεικύτος

2071 1169 2135 1235 τῇ
2171 1167 2481 1237 ὑπογραφῇ,
2522 1165 2707 1233 ὅμοιον
2738 1163 2830 1216 τὸν
2877 1161 3005 1216 Υίὸν
3029 1161 3110 1231 τῷ
3139 1160 3334 1230 Πατρὶ,
3379 1159 3457 1228 μὴ
3488 1171 3659 1231 προσ-

2073 1255 2376 1318 τεθεικότος
2409 1255 2489 1321 δὲ,
2516 1254 2668 1308 κατὰ
2690 1252 2908 1317 πάντα,
2941 1254 3035 1305 καὶ
3067 1252 3343 1317 δείξαντος
3378 1251 3538 1312 ὅπως
3569 1251 3659 1300 καὶ

2074 1347 2324 1401 συνέθετο
2348 1348 2460 1408 τοῖς
2486 1345 3024 1418 προγεγραμμένοις,
3065 1343 3100 1413 ἢ
3134 1343 3198 1395 τὸ
3219 1341 3517 1412 ὀμοούσιον
3547 1340 3659 1403 πῶς

2071 1440 2206 1503 νοεῖ,
2238 1435 2720 1508 ὲπισημηναμένου
2764 1453 2823 1488 τε
2855 1435 3044 1488 τοῦτον
3075 1432 3170 1485 τοῦ
3211 1431 3476 1493 εὐσεϐοῦς
3507 1429 3657 1499 βασι-

2075 1532 2234 1593 λέως,
2279 1531 2373 1584 καὶ
2422 1529 2831 1597 ἀναγκάσαντος
2861 1525 3022 1580 αὑτὸν
3046 1523 3361 1596 προσθεῖναι
3390 1523 3484 1587 τὸ,
3517 1521 3660 1575 κατά

2077 1621 2292 1683 πάντα,
2321 1621 2459 1690 ὅπερ
2492 1619 2585 1672 καὶ
2629 1615 2982 1688 προστέθεικε
3003 1655 3018 1680 ,
3065 1613 3347 1677 Βασίλειος
3385 1614 3658 1666 ὑποπτεύο

393 1715 726 1777 observavit,
771 1723 825 1769 et
880 1723 960 1776 ut,
1015 1717 1068 1769 in
1109 1717 1349 1771 omnibus
1375 1753 1390 1776 ,
1449 1715 1708 1784 adjiceret
1749 1711 1975 1781 coegit:

2094 1733 2177 1780 τας
2202 1717 2297 1770 καὶ
2331 1716 2414 1780 τὺ,
2440 1713 2591 1768 κατὰ
2629 1712 2846 1775 πάντα,
2891 1711 3005 1780 ίδίῳ
3033 1709 3109 1781 νῷ
3141 1708 3303 1762 αὐτὸν
3338 1706 3660 1778 προστεθει-

394 1802 560 1873 idque
581 1811 638 1857 ut
659 1803 854 1872 jussus
889 1813 1009 1859 erat
1033 1806 1306 1874 prazstitit.
1349 1805 1419 1857 At
1457 1803 1692 1858 Basilius
1721 1803 1972 1871 suspica-

395 1902 485 1950 tus
534 1908 698 1949 voces
731 1894 871 1959 illas,
906 1895 959 1948 in
1005 1895 1269 1961 omnibus,
1316 1910 1381 1950 ex
1422 1895 1641 1966 pr0pria
1681 1901 1863 1949 mente
1909 1907 1974 1946 ac

394 2001 556 2042 sensu
609 1985 677 2040 ad
707 1985 993 2040 formulam
1036 1986 1302 2057 adjectas,
1336 2003 1460 2042 cum
1505 1989 1814 2058 exemplum
1845 2001 1976 2058 pro-

396 2078 651 2134 fessionis
680 2079 827 2133 illius
856 2077 1054 2135 Valens
1084 2095 1208 2135 cum
1237 2082 1350 2134 suis
1382 2081 1585 2134 habere
1615 2081 1793 2144 vellet,
1820 2079 1965 2150 quod

395 2187 580 2228 secum
602 2172 669 2226 ad
688 2172 1088 2227 Ariminensem
1113 2171 1656 2242 synodum-deferret,
1685 2171 1790 2225 hoc
1812 2171 1974 2228 modo

397 2262 724 2332 subscripsit
759 2279 772 2314 :
803 2261 1040 2318 Basilius
1097 2263 1392 2332 episcopus
1433 2263 1663 2334 Ancyrae
1691 2261 1876 2326 credo,
1922 2271 1976 2317 et

399 2353 669 2407 assentior
723 2351 790 2406 iis
839 2366 959 2420 quae
995 2367 1160 2420 supra
1194 2352 1402 2420 scripta
1453 2361 1600 2417 sunt,
1653 2351 1885 2407 similem
1913 2350 1968 2404 in

397 2443 654 2500 omnibus
701 2444 966 2498 confitens
1016 2441 1194 2498 Patris
1219 2458 1342 2499 esse
1377 2442 1598 2497 Filium.
1634 2442 1689 2496 In
1719 2442 1975 2497 omnibus

397 2550 529 2588 vero
556 2549 679 2589 cum
701 2533 848 2598 dico,
886 2549 992 2587 non
1027 2534 1306 2589 voluntate
1361 2535 1536 2589 solum
1585 2533 1851 2602 intelligo,
1879 2530 1975 2588 sed

397 2635 452 2680 et
499 2626 875 2687 subsistentia,
917 2633 971 2681 et
1037 2625 1380 2691 exsistentia,
1440 2623 1685 2694 adeoque
1737 2621 1975 2680 essentia

398 2718 538 2788 ipsa.
565 2725 752 2788 utpote
771 2716 990 2782 Filium,
1012 2718 1157 2787 quod
1180 2732 1351 2773 sacrae
1374 2715 1936 2772 Litteraecontirmant
1959 2731 1975 2770 :

397 2810 649 2879 spiritum
679 2824 710 2864 e
744 2809 964 2878 spiritu,
999 2809 1164 2863 vitam
1192 2824 1224 2864 e
1252 2809 1381 2872 vita,
1420 2809 1605 2863 lumen
1657 2823 1689 2863 e
1734 2807 1960 2870 lumine,

396 2898 566 2954 Deum
630 2913 698 2954 ex
749 2897 877 2963 Deo,
909 2914 1097 2952 verum
1141 2896 1339 2952 Filium
1369 2913 1437 2953 ex
1473 2913 1625 2962 vero,
1652 2897 1974 2968 sapientiam

398 2985 592 3041 Filium
623 3003 654 3042 e
677 2987 889 3055 sapient
913 2985 1020 3040 Deo
1071 3001 1134 3039 ac
1165 2984 1344 3040 Patre.
1390 2985 1558 3055 870
1612 2985 1710 3049 Et,
1771 2991 1829 3037 ut
1864 2997 1975 3037 uno

397 3079 566 3134 verbo
596 3077 798 3139 dicam,
855 3075 1048 3130 Filium
1079 3075 1258 3131 Patris
1293 3078 1656 3147 undecunque
1708 3076 1971 3143 similem,

399 3170 478 3225 uti
542 3169 710 3223 ﬁlium
751 3169 942 3236 patris.
969 3170 1048 3222 Ae
1072 3169 1117 3223 si
1141 3168 1268 3237 quis
1299 3169 1485 3238 aliqua
1515 3169 1694 3224 solum
1724 3184 1787 3223 ex
1819 3176 1975 3238 parte

2073 1810 2230 1862 κέναι
2263 1811 2344 1871 είς
2381 1807 2452 1860 τὰ
2482 1806 2572 1860 ῐσα
2608 1805 2978 1876 (ἐσπούδασαν
3000 1804 3049 1855 oi
3086 1803 3218 1873 περὶ
3243 1799 3530 1855 Οὐάλεντα
3567 1797 3658 1850 λαο

2072 1898 2207 1963 δεῖν,
2250 1899 2335 1966 ἐφ’
2373 1890 2476 1967 ᾧτε
2509 1895 2844 1965 ἀποκομίσαι
2893 1895 2973 1957 είς
3026 1893 3125 1962 τὴν
3187 1890 3332 1945 κατὰ
3380 1888 3660 1959 Ἀρίμινον

2073 1987 2353 2060 σύνοδον),
2400 1985 2716 2059 ὑπέγραψεν
2761 1984 2932 2048 οὕτως
2953 1999 2967 2014 ·
3021 1982 3307 2047 Βασίλειος
3356 1980 3658 2044 ἐπίσκοπος

2085 2080 2358 2150 Ἀγκύρας
2381 2077 2621 2132 πιστεύω
2647 2077 2743 2131 καὶ
2769 2076 3071 2130 συνευδοκῶ
3089 2078 3202 2139 τοῖς
3228 2074 3657 2146 προγεγραμμὲο

2073 2190 2203 2235 νοις,
2220 2173 2405 2242 ὅμοιον
2424 2168 2702 2241 ὁμολογῶν
2723 2169 2814 2222 τὸν
2831 2166 2962 2222 Υίδν
2983 2166 3061 2239 τῷ
3081 2168 3197 2220 Πατ
3206 2165 3258 2237 pl.
3282 2166 3431 2219 κατὰ
3459 2164 3653 2216 πάντα.

2074 2264 2230 2318 Κατὰ
2264 2263 2443 2316 πάντα
2473 2260 2550 2325 δὲ,
2585 2260 2647 2312 οὐ
2693 2260 2852 2330 μόνον
2876 2256 3019 2311 κατὰ
3057 2256 3157 2327 τὴν
3203 2255 3465 2326 βούλησιν
3486 2293 3502 2317 ,
3534 2251 3660 2306 ἀλλὰ

2074 2356 2215 2408 κατὰ
2246 2353 2344 2424 τὴν
2397 2351 2728 2412 ὑπόστασιν,
2779 2350 2874 2404 καὶ
2929 2349 3070 2402 κατὰ
3102 2348 3202 2420 τὴν
3239 2346 3522 2417 ὕπαρξιν,
3575 2341 3661 2396 καὶ

2075 2447 2215 2501 κατὰ
2270 2445 2330 2498 τὸ
2358 2441 2532 2508 εἶναι,
2583 2443 2659 2506 ὡς
2703 2441 2830 2496 Yle
2867 2440 3010 2494 κατὰ
3058 2439 3158 2504 τὰς
3209 2438 3360 2501 θείας
3398 2437 3659 2508 Γμφάς,

2078 2536 2300 2606 πνεῦμα
2325 2535 2389 2588 ὲκ
2410 2533 2741 2604 πνεύματος,
2766 2531 2910 2603 ζωὴν
2939 2534 3004 2585 ὲκ
3033 2531 3200 2600 ζωῆς,
3223 2531 3341 2600 φῶς
3363 2530 3435 2582 ὲκ
3467 2529 3656 2597 φωτὸς,

2077 2625 2208 2679 Θεὸν
2244 2627 2307 2677 ἐκ
2339 2623 2475 2676 Θεοῦ
2497 2663 2512 2686 ,
2559 2622 2812 2692 ἀληθινὸν
2848 2622 2977 2676 Υίὸν
3022 2622 3083 2685 ἐξ
3130 2619 3386 2691 ἀληθινοῦ
3414 2660 3431 2684 ,
3477 2618 3662 2686 σοφίαν

2078 2717 2207 2770 Υίὸν
2236 2717 2300 2769 ἐκ
2331 2714 2498 2784 σοφοῦ
2531 2714 2667 2767 Θεοῦ
2702 2714 2797 2768 καὶ
2830 2714 3066 2784 Πατρὸς,
3093 2712 3189 2766 καὶ
3232 2711 3502 2775 καθάπαξ
3530 2709 3661 2763 κατά

2078 2809 2255 2862 πάντα
2275 2806 2366 2860 τὸν
2391 2806 2516 2859 Υίδν
2541 2806 2726 2875 ὅμοιον
2754 2803 2834 2875 τῷ
2864 2805 3062 2875 Πατρὶ,
3093 2803 3170 2866 ὡς
3194 2804 3308 2855 υἱὸν
3335 2802 3537 2873 πατρί.
3558 2799 3662 2854 Καὶ

2078 2900 2132 2952 εἴ
2151 2917 2234 2963 τις
2260 2899 2403 2952 κατά
2431 2915 2483 2950 τι
2515 2896 2664 2966 λέγοι
2695 2898 2901 2967 ὅμοιον,
2931 2896 3006 2960 ὡς
3037 2895 3479 2968 προγέγραπται,
3512 2893 3662 2948 ἀλλό-

2079 3007 2228 3061 τριον
2254 2985 2394 3042 εἶναι
2434 2989 2531 3058 τῆς
2566 2987 2865 3057 καθολικῆς
2907 2985 3255 3057 Ἐκκλησίας,
3289 2985 3364 3048 ὡς
3412 2985 3495 3054 μὴ
3529 2983 3661 3040 κατὰ

2077 3081 2174 3144 τὰς
2195 3080 2347 3144 θείας
2381 3079 2608 3151 Γραφὰς
2639 3080 2826 3150 ὅμοιον
2858 3079 2950 3132 τὸν
2985 3078 3114 3131 Υἱὺν
3141 3077 3219 3149 τῷ
3258 3077 3441 3149 Πατρὶ
3473 3076 3657 3145 λέγων.

2084 3170 2424 3242 Ἀνεγνώσθη
2455 3172 2489 3243 ὴ
2524 3168 2849 3241 ὑπογραφὴ,
2888 3168 2984 3222 καὶ⁵
3013 3168 3171 3238 ἐδόθη
3205 3166 3498 3231 Οὐάλεντι,
3529 3184 3660 3238 πιρ-

407 3257 643 3314 similem
671 3271 794 3312 esse
823 3255 990 3320 dicat,
1035 3267 1094 3310 ut
1113 3267 1238 3312 ante
1264 3257 1530 3327 scriptum
1561 3266 1667 3323 est,
1702 3259 1770 3312 ab
1793 3257 1975 3314 Eccle-

2094 3265 2224 3328 ἐντος
2273 3264 2539 3336 Μάρκου,
2591 3263 2903 3332 Γεωργίου,
2955 3262 3294 3334 Οὐρσακίου,
3349 3261 3657 3334 Γερμανοῦ,

401 3348 482 3402 sia
516 3347 786 3401 catholica
820 3346 1057 3400 alienum
1097 3361 1219 3401 esse
1249 3362 1448 3403 censeo
1483 3366 1496 3401 :
1529 3362 1594 3402 eo
1627 3347 1774 3418 quod
1812 3363 1843 3402 e
1881 3363 1974 3403 sa—

400 3453 618 3493 crarum
653 3435 983 3491 Litterarum
1027 3439 1347 3508 praescripto
1395 3438 1538 3494 Patri
1575 3440 1806 3496 similem
1854 3457 1978 3498 esse

2085 3354 2414 3410 ’Υπατιανοῦ
2465 3355 2577 3425 (52)
2625 3355 2969 3422 ἐπισκόπων,
2995 3355 3089 3408 καὶ
3137 3352 3534 3425 πρεσϐυτέρων
3576 3355 3660 3405 καὶ.

2076 3445 2342 3500 διακόνων
2377 3446 2664 3500 πλειόνων.

394 3528 595 3585 Filium
623 3543 730 3582 non
754 3535 1034 3596 agnoscat.
1067 3526 1230 3582 Lecta
1257 3536 1342 3584 est
1362 3519 1483 3583 haec
1525 3531 1858 3601 subscriptio
1931 3542 1986 3587 et
2049 3532 2266 3591 Valenti
2305 3536 2524 3591 tradita.
2557 3534 2819 3600 Adfuere,
2859 3533 3098 3600 Marcus,
3150 3534 3447 3606 Georgius,
3504 3531 3658 3588 Ursa—

401 3622 532 3682 tius,
567 3617 866 3674 Germanus
895 3624 948 3673 et
994 3617 1354 3689 Hypatianus.
1395 3619 1659 3690 episcopi,
1701 3635 1826 3674 cum
1859 3624 2191 3696 presbyteris
2230 3641 2295 3680 ac
2323 3625 2569 3680 diaconis
2596 3626 2866 3696 pluribus.

474 3707 659 3763 XXIII.
717 3707 813 3762 Hae
864 3723 1028 3778 porro
1078 3709 1322 3777 epistola:
1363 3725 1392 3763 a
1447 3711 1607 3765 nobis
1639 3711 1728 3765 hic
1759 3719 1978 3766 attenta:

402 3807 552 3864 sunt,
593 3811 652 3854 ut
689 3799 823 3853 illud
851 3799 1100 3855 eruditus
1145 3801 1376 3868 quisque
1432 3816 1496 3856 ac
1540 3817 1681 3856 verae
1705 3801 1828 3858 fidei
1861 3811 1978 3858 stu-

404 3893 593 3946 diosus
616 3889 903 3960 intelligat,
933 3905 1040 3944 non
1066 3890 1300 3946 inaniter
1349 3906 1413 3946 ac
1439 3893 1558 3947 sine
1587 3907 1756 3949 causa
1791 3910 1890 3950 nos
1920 3895 1976 3949 in

404 3983 638 4052 aliquem
678 3982 880 4048 invehi,
935 3982 1030 4038 sed
1067 3983 1390 4038 certissimis
1428 3985 1844 4053 probationibus
1877 3987 1977 4042 niti

402 4071 557 4127 velle.
589 4068 858 4125 Caeterum
885 4070 1134 4136 idemilli
1155 4077 1347 4127 rursus
1376 4066 1405 4124 a
1435 4073 1551 4128 suis
1577 4073 1974 4140 discesserunt,

402 4179 526 4220 cum
585 4163 656 4219 ob
697 4162 910 4234 privata
956 4164 1079 4219 odia
1137 4165 1509 4236 humanasque
1563 4167 1868 4224 simultates
1913 4177 1968 4224 et

401 4255 774 4314 aemulationes
791 4271 912 4312 sese
938 4255 1168 4312 invicem
1197 4257 1396 4329 iurgiis
1434 4259 1790 4327 lacesserent,
1828 4261 1978 4317 etde

2156 3717 2284 3770 ΚΡ.
2327 3711 2496 3772 Αὗται
2541 3718 2598 3771 αί
2654 3716 2940 3771 ἐπιστολαὶ
2991 3715 3368 3786 μετετάγησαν
3415 3715 3556 3786 πρὸς
3604 3714 3658 3769 τὸ

2085 3809 2282 3862 εἰδέναι
2331 3809 2561 3863 ἕκαστον
2605 3809 2712 3862 τῶν
2753 3809 3073 3879 φιλολόγων,
3119 3807 3228 3861 τῶν
3259 3809 3328 3861 τά
3366 3808 3545 3877 ἀληθῆ
3571 3807 3656 3876 τῆς

2086 3899 2318 3964 πίστεως
2355 3900 2745 3971 ὲκζητούντων,
2773 3902 2855 3954 ὅτι
2901 3901 2960 3953 οὑ
2997 3898 3137 3952 κατὰ
3185 3899 3345 3952 κενοῦ
3389 3898 3653 3970 φερόμεθα

2086 3989 2221 4060 πρός
2242 4006 2396 4053 τινας
2420 3990 2618 4058 λέγειν,
2643 3989 2757 4044 ἀλλ’
2797 3988 2859 4053 ἐξ
2881 3987 3153 4058 ἀληθινῶν
3188 3987 3506 4040 συστάσεων
3531 3985 3655 4053 φιλο-

2083 4081 2392 4152 τιμούμεθα
2425 4083 2721 4153 ὁρμᾶσθαι.
2757 4081 3129 4152 Διηνὲχθησαν
3158 4077 3254 4134 οὖν
3287 4082 3337 4133 oi
3373 4081 3530 4133 αὐτοὶ
3555 4080 3650 4139 ('53)

2081 4172 2241 4226 πάλιν
2273 4173 2410 4246 πρὸς
2437 4175 2562 4237 τοὺς
2592 4175 2688 4227 σὺν
2715 4175 2916 4238 αὑτοῖς,
2953 4173 3044 4226 διὰ
3083 4173 3212 4243 μίση
3242 4173 3409 4225 τινῶν
3442 4174 3534 4224 καὶ
3569 4172 3652 4237 ζῆ-

2079 4261 2168 4316 λον
2198 4261 2536 4334 ἀνθρώπινον
2569 4262 2984 4338 ὲρεσχελοῦντες
3013 4263 3273 4335 ἑκάτερος
3303 4265 3447 4334 πρὸς
3475 4265 3650 4316 ἑκάτε-

406 4407 666 4490 Sirmium
699 4406 935 4465 advolat.
969 4408 1128 4493 Prior
1181 4411 1322 4466 enim
1368 4411 1632 4493 profectio
1679 4416 1733 4469 in
1772 4429 1975 4493 annum
2009 4421 2054 4477 ι)
2084 4416 2186 4493 [ille
2219 4417 2571 4493 dispuiatio,
2605 4426 2660 4493 et
2707 4419 2771 4475 ad
2816 4428 3022 4493 certam
3076 4423 3318 4492 regulam
3377 4421 3646 4493 perducta,

406 4479 780 4551 superiorem,
807 4494 917 4548 quo
934 4487 995 4551 et
1022 4479 1384 4551 Ancyrannm'
1409 4485 1700 4538 concilium
1732 4486 1976 4540 celebra-

408 4547 523 4619 tum
561 4555 685 4612 est,
721 4547 992 4619 incurrit.
1023 4549 1099 4605 Ibi
1138 4547 1262 4604 cum
1306 4547 1595 4607 Ursacium
1622 4595 1637 4618 ,
1667 4553 1973 4619 Valentem,

407 4616 652 4689 llarcum
707 4615 1099 4689 Arethusium,
1141 4619 1448 4689 Georgium
1507 4615 1977 4689 Aleiandrinum,

407 4687 785 4764 Germiniutn,
835 4688 1078 4764 aliosque
1131 4687 1380 4744 factionis
1429 4692 1648 4748 Arianae
1705 4687 1978 4764 principes

407 4756 725 4833 olfendisset
745 4798 760 4821 ,
793 4773 927 4833 _cum
969 4756 1074 4833 illis
1102 4774 1433 4833 congressus
1457 4771 1537 4816 cst
1558 4804 1570 4825 ,
1613 4779 1676 4817 ac
1708 4756 1833 4833 post
1864 4756 1981 4818 Iun-

406 4842 530 4900 gam
565 4826 992 4900 altercationem,
1023 4826 1239 4900 demum
1266 4830 1602 4888 allalnorante
1633 4826 1976 4900 Constantio,

409 4896 463 4952 in
497 4911 616 4952 eam
657 4896 777 4968 fidei
814 4897 1206 4968 professionem
1261 4915 1586 4956 consensum
1635 4904 1702 4958 ab
1733 4896 1989 4961 omnibus

404 4975 522 5042 est,
565 4966 872 5042 litat’quaé,
911 4976 964 5023 et
1014 4968 1548 5042 opoouoiouiabolitis
1596 4975 1821 5030 vocibus
1850 5017 1864 5042 ,
1900 4975 1988 5029 Fi-

410 5040 542 5108 lium
593 5037 740 5092 Pam
797 5055 894 5108 Per
945 5037 1126 5093 omnia
1183 5040 1413 5094 similem
1470 5043 1817 5100 ailirmarent.
1852 5037 1985 5100 'Cui

407 5107 610 5186 Valens
672 5107 875 5186 invitus
935 5110 1293 5186 subscripsit;
1350 5111 1603 5186 Βειείίίυς)Δ
1632 5131 1796 5180 vero,
1837 5117 1985 5186 quod

407 5179 699 5256 impetrare
743 5179 1417 5256 Inininie__potuissei_.___ut
1473 5184 1529 5256 in
1583 5179 1814 5240 formula
1854 5179 1983 5256 ipsa

410 5246 713 5326 substantia
741 5250 928 5326 similis
956 5246 1231 5305 diceretur
1260 5249 1432 5326 Filius
1452 5255 1550 5326 ,in
1579 5246 1982 5326 subscriptione

411 5332 509 5371 sua
546 5318 676 5389 quid
727 5321 985 5383 sentiret,
1039 5327 1296 5376 testatum
1344 5324 1556 5389 voluit,
1599 5334 1656 5379 ut
1708 5318 1814 5382 hoe
1861 5329 1982 5384 loco

413 5396 599 5466 narrat
633 5388 989 5466 Epiphanius.
1030 5391 1229 5447 Valens
1263 5408 1387 5466 cum
1438 5397 1538 5450 hac
1592 5397 1823 5452 formula
1859 5400 1981 5455 fidei

414 5459 599 5537 sia-tim.
639 5459 723 5537 _ad
779 5461 1124 5518 Ariminense
1181 5465 1472 5537 concilium
1533 5469 1789 5536 perrexit.
1840 5468 1984 5524 Inter

417 5524 603 5609 I_l_ila_rii
637 5527 936 5609 fragmenta
977 5533 1410 5609 exstaiepistqla
1443 5524 1702 5592 (ἶθέιηίηῆ
1731 5581 1744 5602 ,
1781 5555 1842 5593 ex
1879 5555 1983 5609 qua

416 5594 857 5676 tiludipraatcrea
908 5594 1295 5671 cognoscitur:
1330 5604 1464 5658 Cum
1525 5594 1790 5676 praesente
1841 5594 1985 5664 (Jon-

416 5668 619 5722 stantio
656 5668 868 5739 longius
921 5668 1000 5727 ad
1043 5679 1252 5727 noctem
1290 5690 1461 5745 usque
1495 5668 1702 5746 prolata
1745 5689 1887 5737 esset
1919 5680 1985 5736 de

2088 4486 2328 4541 Marcum
2375 4487 2729 4560 Arethusium
2779 4490 2848 4542 ab
2888 4498 3118 4560 utraque
3137 4486 3318 4560 'parte
3355 4486 3481 4549 esse
3523 4493 3648 4547 dele-

2086 4563 2258 4622 ctum,
2296 4573 2326 4610 a
2377 4573 2488 4626 quo
2533 4558 2853 4613 Sirmiensis
2905 4561 2994 4613 illa
3032 4558 3276 4615 formula
3308 4564 3545 4627 dictata;
3574 4562 3648 4616 cui

2086 4642 2232 4682 coss.
2257 4627 2465 4700 praeﬁxi
2495 4638 2642 4700 sunt.
2682 4629 2761 4682 Ex
2780 4629 2981 4698 quibus
3005 4639 3230 4700 apparet
3255 4672 3269 4697 ,
3300 4632 3646 4692 Germinium.

2086 4711 2221 4769 cum
2256 4697 2522 4769 hactenus
2562 4697 2951 4754 Anommorum
2994 4697 3231 4769 perfidiae
3262 4718 3392 4757 cum
3447 4701 3648 4756 Valente

2086 4773 2140 4820 et
2179 4767 2410 4824 Ursacio
2463 4767 2654 4824 fuisset
2687 4789 2698 4823 :
2748 4771 2947 4838 quibus
2990 4767 3112 4824 cum
3152 4772 3318 4826 etiam
3365 4771 3552 4827 Osium
3591 4769 3646 4824 ad

2086 4839 2403 4910 ὁμοουσίου,
2436 4849 2492 4893 et
2540 4841 2846 4910 ὁμοιουσίου
2901 4840 3166 4895 tollendas
3194 4857 3225 4896 e
3277 4843 3461 4896 medio
3505 4854 3645 4896 voces

2089 4908 2374 4979 adegerat,
2412 4918 2472 4962 ut
2509 4908 2601 4965 lib.
2648 4925 2732 4974 ιν,
2766 4926 2886 4979 cap.
2927 4912 2983 4962 tl
3008 4949 3024 4972 ,
3060 4911 3255 4967 scribit
3302 4910 3643 4971 Sozomenus,

2087 4977 2158 5051 ab
2189 4979 2296 5034 illis
2322 4981 2607 5051 paululum
2645 4977 2996 5043 dissensisse,
3032 4988 3086 5034 et
3118 4995 3414 5051 suppressa
3449 4987 3545 5051 τῆς
3571 4982 3645 5032 οὐ-

2088 5049 2207 5120 σίας
2243 5053 2540 5114 mentione,
2568 5048 2688 5104 Filii
2722 5067 2816 5120 per
2845 5053 3030 5105 omnia
3074 5048 3202 5104 cuni
3228 5048 3391 5107 Patre
3415 5048 3642 5108 similitu-

2085 5119 2268 5173 dinem
2309 5123 2622 5189 agnovisse.

2156 5189 2268 5262 (52)
2319 5190 2632 5260 Ιέρμανοῦ
2656 5231 2672 5255 ,
2737 5189 3106 5244 Ὑπατιανοῦ.
3160 5190 3268 5246 Alii
3336 5190 3640 5262 Γερμανίουο

2087 5260 2196 5332 sed
2212 5261 2498 5332 Γερμινίου
2543 5264 2647 5331 leg.

2160 5326 2717 5402 (55)’Διηνέχθηὸἀν
2745 5326 2859 5386 οὖν
2887 5333 2940 5385 οὶ
2965 5331 3158 5386 αὐτοί.
3213 5331 3450 5388 Basilius
3483 5329 3638 5399 Ancyo

2087 5417 2255 5456 ranus
2287 5411 2409 5472 post
2436 5403 2792 5457 Sirmiensem
2819 5403 3115 5472 synodum,
3148 5403 3201 5455 in
3235 5418 3344 5471 qua
3381 5413 3635 5458 strenuam

2089 5471 2354 5527 adversus
2391 5471 2686 5528 Photinum
2715 5471 2935 5542 operam
2959 5480 3287 5533 navaverat,
3326 5473 3468 5542 apud
3492 5473 3636 5542 impc-

2090 5552 2324 5614 ratorem
2364 5545 2551 5614 gratia
2601 5539 2895 5614 plurimum
2923 5582 2936 5606 ,
2973 5539 3408 5614 etfauctoritat—e
3459 5539 3633 5614 valuitj

2091 5628 2216 5666 nam
2252 5613 2320 5666 ab
2348 5603 2637 5684 Avncyrano
2682 5603 3012 5684 concilio’ad
3046 5613 3201 5667 illum
3224 5614 3495 5684 allegatus
3522 5603 3636 5684 nihil

2091 5699 2197 5738 non
2222 5678 2490 5753 obtinuit,
2529 5686 2661 5741 adeo
2705 5691 2763 5739 ut
2803 5683 3142 5752 Eudoxium,
3186 5678 3418 5755 ejusque
3462 5678 3634 5738 suifra-
