3798 6212
330 234 431 291 41.7

1719 230 1777 285 S.
1822 226 2163 284 EPIPIIANII

3478 230 3580 288 443

328 366 453 406 cum
481 346 604 406 atus
634 351 919 414 sentirent,
974 364 1127 404 suam
1171 356 1352 403 tamen
1383 348 1699 419 opinionem
1734 348 1900 403 dissi—
1931 364 1949 420 Α

2041 348 2279 418 Αρειανοί
2302 363 2313 375 ⁸
2341 346 2769 418 παρεκρύὸησαν
2795 347 2851 399 δέ
2879 346 2955 417 τῷ
2980 348 3157 418 καιρῷ
3177 348 3390 418 ἐκείνῳ,
3423 350 3582 418 μηδὲν

330 442 628 504 rutilabant,
669 455 732 494 ac
779 440 1007 509 tempori
1065 440 1366 495 servientes
1405 450 1669 494 creatura:
1714 454 1911 493 nomen

332 534 555 588 silentio
602 531 981 602 prwteribant,
1015 547 1138 585 cum
1173 531 1395 585 interim
1422 530 1560 584 nihil
1589 531 1656 583 ab
1692 530 1912 584 Arianis

329 625 679 681 dissiderent.
711 621 909 678 Verum
944 637 1041 693 per
1076 624 1207 677 illud
1235 631 1447 690 tempus
1472 623 1617 691 quod
1650 622 1705 676 in
1730 622 1915 675 animo

332 718 601 772 habebant
632 718 1002 779 occultarunt,
1038 732 1161 770 cum
1208 717 1341 769 nihil
1372 716 1520 769 aliud
1554 724 1747 785 praeter
1783 716 1915 768 illud

333 810 389 863 in
422 807 679 878 opinione
716 807 1014 861 haberent:
1043 806 1189 876 quod
1216 822 1403 860 eorum
1437 808 1612 875 gratia
1646 806 1914 869 fecerunt,

334 903 427 971 qui
452 917 512 957 se
550 900 614 953 ad
653 902 894 969 ipsorum
926 911 1127 954 emtum
1177 908 1624 969 aggregaverant,
1667 900 1919 954 homines

336 994 575 1064 alioquin
602 992 912 1057 orthodoxi,
964 991 1058 1045 sed
1089 991 1459 1056 simulatores,
1486 999 1540 1045 et
1574 991 1919 1060 imperatoris

339 1086 591 1155 potestati
622 1085 946 1149 servientes,
980 1082 1338 1152 eamdemque
1362 1084 1801 1147 reformidantes,
1827 1084 1917 1154 qui

345 1193 533 1233 secum
566 1178 798 1231 invicem
836 1177 1153 1231 inimicitias
1200 1176 1550 1231 exercebant.
1578 1175 1713 1229 Nam
1755 1175 1923 1246 Euty-

339 1269 497 1324 cbius
531 1268 1125 1337 Elcuthcropolitanus,
1166 1276 1351 1338 utpote
1374 1286 1401 1321 a
1437 1267 1594 1321 beato
1622 1267 1923 1322 Maximona

342 1354 840 1426 Hierosolymitano
866 1358 1125 1427 episcopo
1164 1371 1227 1411 ac
1276 1356 1595 1411 confessore
1639 1359 1926 1414 catholicae

342 1445 467 1499 fidei
527 1445 797 1499 institutis
842 1446 1091 1508 edoctus,
1129 1454 1350 1515 propter
1388 1446 1575 1517 Cyrilli
1611 1447 1817 1510 odium,
1858 1447 1925 1501 ad

341 1534 602 1589 Acacium
632 1550 753 1589 sese
788 1550 895 1587 non
946 1534 1219 1603 adiunxit.
1256 1534 1358 1599 Qui
1391 1534 1609 1604 quidem
1642 1536 1926 1605 aliquanto

343 1635 592 1697 tempore
643 1627 966 1680 catholicam
1010 1626 1165 1681 fidem
1228 1628 1595 1696 amplectens,
1647 1628 1928 1698 dignitatis

2014 441 2141 495 ἄλλο
2174 440 2496 511 φρονοῦντες
2544 440 2719 510 ἀλλ’ἢ
2775 439 2932 492 τοῦτο
2982 440 3069 493 διὰ
3109 442 3235 503 τοὺς
3267 442 3365 494 σὺν
3408 441 3582 504 αὐτοῖς
3618 484 3621 491 .

2019 534 2410 604 μεμιγμένους,
2443 532 2602 601 φύσει
2633 530 2969 604 ὀρθοδόξους,
2996 532 3299 602 ὑποκριτὰς
3321 531 3382 584 δέ
3419 532 3585 601 ὑπάρο

2016 640 2248 694 χοντας,
2287 627 2381 677 καὶ
2432 624 2897 695 ὑποκρινομένους
2939 625 3039 695 τὴν
3085 624 3346 694 βασιλέως
3377 622 3583 687 δεξιὰν,

2018 719 2111 770 καὶ
2140 716 2375 778 δεδιότας
2403 718 2442 781 ί,
2478 717 2572 769 καὶ
2620 716 2842 786 ἔχοντας
2875 716 3012 789 πρὸς
3054 716 3318 787 ἀλλήλους
3349 715 3585 786 ἐχθρίαν,

2021 808 2332 879 βουλόμενοι
2366 808 2575 876 στῆναι.
2630 807 2889 876 Εὑτύχιος
2940 808 3038 877 μὲν
3075 807 3185 877 γὰρ
3210 810 3238 860 6
3281 806 3589 877 Ἐλευθερο-

2019 902 2264 971 πολίτης,
2301 895 2388 952 οἷα
2435 900 2499 970 δὴ
2544 900 2651 953 ἀπὸ
2699 899 2794 951 τοῦ
2835 900 3103 970 μακαρίου
3146 897 3459 968 Μαξιμωνᾶ
3506 898 3591 950 τοῦ

2033 992 2462 1063 Ἱεροσολυμίτου
2518 990 2850 1060 ὁμολογητοῦ
2917 991 3216 1042 ἐπισκόπου
3271 989 3370 1059 τὴν
3421 990 3593 1040 πίστιν

2023 1086 2162 1156 ἔχων
2184 1085 2330 1154 σαφῆ
2356 1084 2454 1153 τῆς
2476 1082 2804 1154 ὀρθοδοξίας,
2828 1081 2915 1134 διὰ
2934 1078 3031 1152 τὴν
3063 1082 3199 1153 πρὸς
3223 1082 3313 1133 τὸν
3335 1080 3594 1152 Κύριλλον

2025 1176 2245 1247 ἐχθρίαν
2298 1176 2398 1227 οὐκ
2435 1173 2545 1245 (58)
2577 1172 2741 1243 ὲμίγη
2777 1175 2890 1235 τοῖς
2918 1172 3045 1243 περὶ
3084 1172 3361 1233 ’Λκάκιον,
3387 1171 3593 1240 698066-

2026 1270 2130 1335 ξως
2160 1268 2258 1339 μὲν
2286 1267 2425 1337 ἔχων
2454 1266 2581 1336 ἄχρι
2616 1266 2832 1337 καιροῦ,
2864 1265 3287 1335 ὑποκρινόμενος
3313 1264 3371 1316 δὲ
3406 1262 3491 1315 διὰ
3516 1265 3596 1315 τὸν

2029 1360 2158 1413 ἴδιον
2189 1358 2409 1429 θρόνον·
2454 1359 2549 1410 καὶ
2596 1357 2747 1411 ἄλλοι
2801 1355 3022 1419 πλείους
3066 1358 3166 1425 τῆς
3215 1354 3595 1423 Παλαιστίνης,

2026 1449 2093 1502 δι’
2118 1447 2211 1511 οὒς
2247 1447 2501 1510 Ἀκάκιος
2527 1448 2621 1500 καὶ
2650 1448 2698 1499 οἱ
2734 1446 2851 1516 μετ’
2875 1444 3041 1497 αὐτοῦ
3067 1446 3167 1515 τὴν
3196 1444 3365 1514 αὐτὴν
3398 1443 3598 1511 ἔχοντες

2027 1540 2230 1594 λύσσαν
2257 1540 2351 1593 καὶ
2382 1538 2623 1610 μανιώδη
2648 1537 3028 1603 κακοπιστίαν,
3056 1538 3193 1601 τέως
3220 1537 3355 1606 πρὸς
3372 1536 3463 1588 τὸν
3494 1552 3601 1587 και-

2033 1631 2124 1705 ρὸν
2158 1633 2287 1703 περὶ
2318 1631 2523 1685 τούτων
2551 1632 2703 1684 οὐδὲν
2734 1630 2969 1695 ἐκίνουν,
3000 1628 3125 1682 οὕτε
3169 1629 3265 1699 μὲν
3306 1628 3599 1699 ὁμολογεῖν,

345 1732 457 1772 suae
488 1717 780 1772 retinendae
817 1719 989 1788 gratia
1023 1718 1407 1781 dissimulavit,
1443 1726 1500 1771 ut
1546 1729 1598 1772 et
1627 1720 1718 1772 alii
1750 1719 1920 1775 Palm-

2041 1725 2149 1779 >ῦτε
2179 1725 2498 1796 ἀρνεῖσθαι·
2547 1723 2683 1778 ἀλλὰ
2714 1722 3062 1783 συνελθόντες
3100 1723 3157 1774 ἐν
3195 1724 3261 1793 τῇ
3296 1721 3600 1790 Σελευκείᾳ,

344 1810 504 1864 ειὶηω
552 1812 862 1879 complures
922 1811 1187 1880 episcopi.
1240 1809 1471 1879 Propter
1514 1824 1654 1881 quos
1689 1812 1920 1868 Acacius

345 1915 472 1954 cum
500 1901 815 1956 suiseadem
850 1901 1002 1954 rabie
1029 1908 1084 1955 et
1115 1899 1455 1956 infidelitatis
1486 1900 1670 1955 furore
1705 1903 1919 1971 perciti,

348 1992 478 2047 nihil
518 1992 584 2045 ad
645 2003 857 2061 tempus
913 1992 980 2046 de
1013 1992 1165 2047 hisce
1196 1992 1541 2062 dogmatibus
1585 2008 1801 2049 movere
1831 2010 1918 2049 vo-

349 2083 585 2144 luerunt,
620 2098 795 2152 neque
814 2092 906 2137 aut
932 2083 1269 2150 aﬂirmando,
1296 2092 1389 2138 aut
1415 2085 1663 2155 negando
1684 2102 1928 2155 pronun—

348 2175 571 2232 tiarunt.
605 2174 711 2229 Sed
738 2174 1017 2239 Seleuciae,
1058 2191 1180 2245 quae
1205 2174 1412 2244 Aspera
1433 2175 1656 2243 dicitur,
1689 2178 1743 2231 in
1785 2180 1930 2233 Isau-

350 2264 431 2319 ria
458 2264 763 2321 Constantii
812 2266 1346 2335 imperatorisjussu
1402 2268 1711 2338 congregati
1765 2269 1926 2323 aliam

2026 1820 2094 1890 τῇ
2122 1817 2364 1889 Τραχείᾳ
2391 1816 2727 1888 καλουμένῃ,
2754 1813 2897 1869 κατὰ
2923 1815 3019 1885 τὴν
3045 1812 3339 1883 ’ῐσαυρίαν,
3364 1813 3431 1864 ἐκ
3452 1828 3605 1881 προσ-

2030 1911 2310 1980 τάγματος
2344 1908 2721 1962 Κωνσταντίου
2749 1905 2844 1959 τοῦ
2884 1905 3168 1976 βασιλέως,
3201 1905 3385 1956 πίστιν
3420 1904 3606 1972 ἑτέραν

2031 2000 2190 2072 δῆθεν
2243 2000 2581 2064 ἐκτίθενται,
2617 1999 2676 2051 οὑ
2727 1996 2868 2051 κατὰ
2900 1997 2999 2067 τὴν
3045 1995 3149 2049 ὑπὸ
3202 1996 3309 2047 τῶν
3356 1994 3609 2063 Πατέρων

2032 2092 2321 2163 ταχθεῖσαν
2349 2093 2406 2145 ἐν
2431 2092 2499 2161 τῇ
2535 2089 2741 2159 Νικαίᾳ
2778 2090 2844 2158 τῇ
2881 2088 3055 2150 πόλει,
3085 2086 3183 2157 τὴν
3217 2084 3495 2156 όρθόδοξον
3523 2085 3611 2133 καὶ

2035 2183 2215 2246 καλῶς
2241 2182 2601 2253 τεταγμένην,
2633 2179 2769 2234 ἀλλὰ
2802 2179 3187 2250 προσποιητῶς
3216 2179 3336 2249 μὲν,
3368 2177 3445 2239 ὡς
3480 2175 3613 2227 κατὰ

2031 2274 2336 2344 ἀφελότητα
2370 2273 2615 2335 εἰπόντες
2633 2288 2646 2301 ·

352 2361 476 2416 tldei
515 2361 801 2415 formulam
836 2368 1165 2431 proponunt,
1202 2376 1309 2416 non
1340 2364 1553 2432 qualem
1581 2362 1774 2420 Patres
1833 2366 1960 2420 olim
1993 2368 2047 2423 in
2084 2368 2303 2425 Nicasna
2335 2368 2544 2440 synodo
2586 2366 2945 2422 orthodoxam
2996 2380 3059 2419 ac
3094 2365 3411 2435 praeclaram
3466 2363 3618 2418 insti-

352 2464 591 2518 tuerant,
616 2455 711 2511 sed
741 2456 937 2511 callide
966 2471 1029 2511 ac
1061 2457 1180 2512 ficte
1221 2457 1477 2512 simulata
1518 2466 1697 2513 tamen
1739 2460 2107 2530 simplicitate,
2135 2465 2281 2519 hunc
2310 2464 2364 2516 in
2396 2462 2615 2517 modum
2643 2460 3126 2530 conscripserunt:

423 2550 614 2606 XXIV.
649 2551 936 2606 Credimus
975 2551 1029 2605 in
1060 2568 1227 2605 unum
1277 2551 1465 2615 Deum,
1502 2552 1717 2608 Patrem
1751 2556 1932 2609 omni-

354 2652 653 2714 potentem,
691 2650 822 2707 etc.,
866 2650 919 2697 et
962 2642 1015 2696 in
1059 2641 1254 2695 Filium
1290 2641 1406 2709 Dei,
1438 2650 1568 2707 etc.,
1611 2644 1935 2713 simpliciter

354 2747 418 2789 ac
458 2733 591 2787 nihil
622 2733 996 2787 vehementius
1028 2732 1249 2787 elocuti.
1283 2732 1483 2787 Postea
1510 2750 1638 2788 vero
1675 2745 1842 2789 totam
1877 2743 1936 2790 ut

356 2826 595 2880 fabulam
652 2831 892 2894 agerent,
945 2824 1273 2878 addiderunt
1321 2841 1334 2876 :
1392 2842 1410 2876 ι
1456 2824 1938 2882 Consubstantiale

2107 2560 2232 2614 KA'.
2271 2558 2606 2627 Πιστεύομεν
2639 2558 2720 2618 είς
2749 2555 2844 2631 ἐνα
2877 2554 3028 2619 Θεὸν,
3064 2553 3285 2623 Πατέρα
3312 2551 3621 2624 παποκρὰο

2038 2669 2191 2722 τορα,
2220 2650 2315 2704 καὶ
2342 2648 2578 2721 καθεξῆς
2598 2663 2611 2678 ’
2644 2648 2738 2701 καὶ
2765 2647 2845 2710 εἰς
2874 2646 2962 2699 τὸν
2991 2645 3119 2699 Υἱὸν
3141 2643 3233 2696 τοῦ
3257 2642 3416 2707 Θεοῦ,
3440 2643 3621 2707 λιτῶς,

2043 2741 2206 2812 μηδὲν
2244 2740 2463 2811 ἰσχυρὸν
2493 2738 2842 2808 λαλήσαντες.
2874 2736 3139 2807 ’Υστέρον
3179 2736 3265 2787 ἴνα
3302 2732 3623 2798 ὑποδείξωσι

2038 2833 2138 2904 τὴν
2178 2831 2356 2886 αὐτῶν
2397 2827 2865 2902 δραματουργίαν,
2897 2826 3127 2897 ἔφησαν,
3166 2827 3249 2879 ὅτι
3284 2846 3302 2877 ι
3334 2823 3625 2878 Ἐκόάλλο-

355 2916 653 2985 rejicimus,
683 2922 941 2982 tanquam
982 2927 1011 2965 a
1042 2914 1213 2966 sacris
1254 2911 1476 2967 Litteris
1507 2914 1764 2966 alienum.
1790 2913 1939 2967 Istud

2044 2942 2143 2993 μεν
2185 2924 2245 2976 τὸ
2284 2922 2589 2992 ὁμοούσιον,
2623 2919 2697 2983 ὡς
2730 2918 3009 2990 ἀλλότριον
3058 2918 3157 2988 τῆς
3190 2916 3339 2979 θείας
3378 2914 3625 2987 Γραφῆς.

357 3024 485 3062 vero
517 3007 843 3061 damnamus
880 3023 892 3058 :
924 3004 1255 3058 Dissimilem
1291 3018 1414 3058 esse
1458 3002 1637 3058 Patris
1665 3002 1880 3056 Filium.
1921 3021 1939 3053 ι

2048 3013 2121 3065 Τὸ
2152 3012 2209 3065 δὲ
2236 3012 2488 3082 ἀνόμοιον
2517 3009 2645 3063 Υίοῦ
2675 3008 2813 3079 πρὸς
2842 3007 3064 3079 Πατέρα
3078 3006 3569 3075 ἀναθεματίξομεν.
3600 3024 3621 3055 ι

358 3101 535 3168 Atque
572 3098 690 3151 haec
722 3096 938 3150 demum
959 3105 1075 3149 erat
1108 3094 1590 3149 callidissimorum
1618 3104 1941 3149 venatorum

2049 3105 2158 3157 Καὶ
2180 3099 2249 3174 ἦν
2277 3104 2437 3157 τοῦτο
2465 3102 2655 3155 δολίων
2679 3098 2958 3171 θηρευτῶν
2990 3098 3199 3169 δέλεαρ.
3228 3098 3336 3150 Καὶ
3361 3096 3469 3166 γὰρ
3497 3095 3630 3164 ἑφα-

364 3189 640 3244 illeccbra.
680 3186 772 3240 Sic
808 3186 955 3241 enim
991 3185 1134 3238 inter
1175 3199 1297 3238 sese
1324 3184 1713 3247 mussitabant,
1750 3198 1813 3237 ac
1847 3183 1946 3238 do-

365 3282 563 3335 cebant
596 3296 609 3333 :
635 3278 897 3333 Creatura
933 3276 1150 3345 quidem
1176 3282 1261 3329 est
1284 3273 1377 3329 Dei
1410 3273 1601 3341 Filius,
1632 3275 1725 3330 sed
1751 3275 1945 3330 similis

365 3372 536 3435 Patri,
558 3384 622 3424 eo
642 3367 892 3422 videlicet
911 3382 1095 3429 sensu,
1118 3365 1211 3434 qui
1242 3366 1485 3420 omnium
1515 3365 1792 3419 hominum
1842 3381 1944 3419 usu

368 3481 432 3519 ac
464 3460 857 3518 consuetudine
895 3458 1186 3512 familiaris
1221 3466 1325 3513 est.
1350 3458 1579 3512 Etenim
1624 3458 1811 3527 plastm
1833 3465 1947 3511 sta-

369 3565 490 3609 tuas
508 3554 785 3623 efﬁngunt,
806 3567 869 3605 ac
898 3551 1195 3607 simulacra
1224 3565 1288 3605 ex
1317 3564 1474 3613 auro,
1503 3556 1749 3617 argento,
1772 3548 1945 3602 aliave

371 3647 619 3709 materia,
652 3652 745 3697 aut
772 3643 1052 3699 coloribus
1084 3642 1137 3695 in
1188 3641 1339 3711 ligno
1367 3641 1699 3709 exprimunt,
1727 3654 1845 3709 quae
1874 3640 1947 3693 si-

371 3738 733 3793 militudinem
774 3737 974 3790 habent
1006 3735 1096 3789 illa
1124 3736 1364 3805 quidem,
1384 3734 1788 3809 exemplaribus
1819 3748 1947 3786 vero

372 3830 489 3883 suis
517 3826 667 3880 nullo
718 3825 878 3880 modo
918 3836 1046 3878 sunt
1098 3824 1351 3893 aequalia.
1387 3822 1478 3876 Sic
1506 3824 1575 3876 ab
1615 3823 1722 3877 illis
1754 3822 1948 3876 callide

372 3920 630 3989 quiddam
684 3918 1049 3987 excogitatum
1113 3923 1197 3971 est
1250 3910 1604 3985 huiusmodi,
1660 3922 1717 3968 ut
1755 3912 1948 3967 Filium

373 4013 521 4067 Patri
562 4011 795 4066 similem
845 4024 968 4064 esse
1025 4008 1364 4075 faterentur;
1412 4008 1538 4062 licet
1577 4007 1711 4061 nihil
1744 4007 1798 4060 in
1830 4006 1949 4075 ipso

374 4113 612 4175 paternae
634 4102 935 4155 divinitatis
980 4101 1206 4156 inesset.
1240 4102 1405 4172 872
1449 4100 1575 4155 Hmc
1602 4100 1816 4154 illorum
1851 4099 1950 4155 de-

373 4206 521 4251 creta
546 4194 812 4258 nonnulli,
839 4192 930 4262 qui
966 4207 1088 4246 cum
1119 4192 1254 4262 ipsis
1293 4200 1471 4256 erant,
1492 4191 1689 4261 partim
1726 4195 1950 4259 propter

375 4292 633 4362 temporis
665 4290 1025 4343 calamitatem
1051 4290 1462 4357 approbarunt;
1498 4296 1555 4341 et
1595 4299 1723 4339 vero
1755 4298 1948 4354 magna

2052 3213 2198 3261 σκον,
2223 3197 2309 3248 ὅτε
2338 3196 2395 3247 ἐν
2427 3194 2609 3256 αὐτοῖς
2639 3193 2902 3261 ἐγίνοντο,
2936 3191 3029 3243 καὶ
3059 3188 3357 3253 ἐδίδασκον,
3387 3188 3467 3240 ὅτι
3491 3186 3629 3240 Κτί-

2052 3301 2163 3354 σμα
2194 3284 2292 3354 μὲν
2331 3282 2477 3335 ἔστιν
2515 3284 2543 3335 6
2572 3281 2699 3344 Υἱὸς
2725 3280 2815 3333 τοῦ
2843 3276 3001 3343 Θεοῦ,
3044 3276 3158 3331 ἀλλ’
3186 3276 3367 3347 ὅμοιός
3401 3276 3518 3327 ἐστι
3555 3273 3632 3343 τῷ

2052 3375 2245 3446 Πατρὶ,
2271 3375 2346 3437 ὼς
2381 3373 2522 3427 κατὰ
2555 3374 2796 3426 διάνοιαν
2822 3370 3029 3441 ταύτην
3059 3369 3160 3442 τὴν
3188 3372 3245 3421 ἐν
3279 3370 3391 3431 τοῖς
3419 3366 3632 3437 ἀνθρώ-

2052 3482 2176 3528 ποις
2220 3465 2697 3535 νομιστευομένην.
2740 3461 3068 3517 Ἑκτυποῦσι
3113 3462 3221 3532 γὰρ
3254 3462 3347 3514 καὶ
3387 3461 3435 3513 οἱ
3488 3459 3633 3512 πλα-

2053 3558 2307 3625 στουργοὶ
2335 3556 2677 3626 ἀνδριάντας,
2708 3556 2799 3608 καὶ
2821 3551 3245 3623 ἀφομοιάζουσιν
3272 3551 3485 3615 είκόνας
3511 3553 3635 3621 ἦτοι

2054 3648 2116 3700 ἐκ
2149 3646 2371 3717 χρυσοῦ,
2408 3648 2499 3699 καί⁵
2523 3646 2785 3718 ἀργύρου.
2810 3646 2903 3699 καὶ
2926 3645 3091 3716 ἄλλης
3124 3643 3276 3713 ὕλης.
3303 3644 3336 3713 ἢ
3364 3643 3452 3695 διὰ
3484 3660 3633 3713 χρω-

2056 3740 2240 3809 μάτων
2260 3739 2351 3791 ἐπὶ
2374 3737 2658 3803 ξύλου,κα“ι
2681 3738 2742 3789 τὸ
2764 3739 2947 3807 ὅμοιον
2978 3736 3211 3806 ἔχουσιν,
3240 3734 3393 3787 οὐδὲν
3418 3733 3475 3786 δὲ
3512 3733 3633 3785 κατ’

2057 3830 2275 3901 ἰσότητα
2307 3830 2413 3882 τῶν
2436 3831 2668 3882 ἐκτυπου
2678 3829 2872 3898 μένων.
2894 3827 3078 3889 Οῦτως
3109 3826 3237 3897 παρ’
3259 3825 3441 3885 αὐτοῖς
3465 3824 3524 3876 τὸ
3556 3824 3635 3875 δό-

2054 3923 2166 3975 λιον
2185 3918 2271 3992 ἦν,
2303 3922 2583 3992 ὁμολογεῖν
2608 3922 2706 3990 μὲν
2720 3921 2903 3990 ὅμοιον
2921 3920 2998 3989 τῷ
3018 3920 3211 3989 Πατρὶ,
3235 3918 3384 3970 οὐδὲν
3406 3918 3463 3969 δὲ
3494 3916 3634 3985 ἔχειν

2052 4014 2154 4083 τῆς
2186 4013 2279 4066 τοῦ
2327 4014 2539 4085 Πατρὸς
2572 4012 2825 4084 θεότητος
2854 4012 2914 4064 τὸ
2958 4011 3239 4082 παράπαν.
3285 4009 3448 4062 Ἀλλά
3492 4026 3633 4069 τινες

2054 4104 2167 4157 τῶν
2216 4102 2333 4173 μετ’
2388 4101 2589 4165 αὐτῶν,
2627 4102 2742 4171 ἃμα
2784 4101 2842 4153 δὲ
2893 4097 2983 4152 διὰ
3023 4100 3120 4170 τὴν
3161 4098 3301 4151 οὕτω
3348 4096 3635 4166 συμϐᾶεαν

2058 4193 2340 4264 συμφορὰν
2390 4192 2483 4245 τοῦ
2521 4191 2712 4263 καιροῦ
2759 4191 3137 4261 κατεδέχοντο,
3183 4190 3275 4242 καὶ
3316 4187 3454 4258 ὁμοῦ
3501 4183 3633 4256 ἦσαν

2059 4284 2358 4347 συνειδότες
2385 4286 2434 4337 οἱ
2463 4284 2680 4345 πλείους
2712 4282 2890 4335 αὐτῶν
2912 4298 2924 4311 ·
2963 4282 3108 4343 τινὲς
3139 4281 3196 4335 δέ
3240 4280 3337 4333 καὶ
3382 4279 3634 4346 ἀγνοοῦν-

378 4400 443 4438 ex
485 4391 638 4453 parte
675 4383 881 4437 conscii
929 4395 990 4434 ac
1020 4379 1261 4434 fautores
1293 4386 1468 4434 erant.
1505 4376 1735 4443 Quidam
1766 4383 1949 4429 tamen

2054 4394 2163 4441 τες,
2201 4377 2276 4440 ὡς
2319 4375 2545 4447 ὕστερον
2575 4374 2810 4444 ἐδείχθη.
2848 4369 2957 4425 Ἦν
2991 4372 3099 4445 γὰρ
3136 4372 3250 4442 ἅμα
3278 4371 3494 4434 τούτοις
3526 4371 3631 4423 [Ια-

380 4476 537 4529 inscii
578 4481 632 4527 et
671 4473 1039 4541 imprudentes
1095 4471 1301 4539 abrepti
1338 4478 1488 4532 sunt,
1525 4477 1581 4521 ut
1615 4468 1774 4537 paulo
1830 4472 1953 4535 post

382 4565 649 4634 apparuit.
692 4562 860 4616 Erant
894 4563 1038 4616 enim
1087 4562 1225 4615 inter
1268 4561 1393 4614 illos
1434 4559 1780 4627 PatrOphilus
1821 4555 1955 4627 Scy-

382 4658 772 4727 thopolitamts.
827 4662 880 4709 et
930 4654 1232 4722 Philippus,
1285 4652 1377 4721 qui
1441 4650 1605 4720 hujus
1667 4665 1957 4705 successor

382 4749 716 4802 constitutus
768 4746 878 4799 illic
944 4746 1140 4807 fuerat,
1190 4759 1313 4798 cum
1355 4742 1480 4795 aliis
1521 4742 1812 4810 plerisque,
1864 4742 1955 4810 qui

386 4843 525 4894 hanc
573 4838 825 4893 hzercsim
884 4834 1372 4905 amplectebantur.
1432 4830 1604 4886 Hodie
1667 4847 1799 4885 vero
1838 4840 1959 4900 post

388 4934 603 4986 illorum
624 4930 854 4994 obitum,
884 4928 973 4983 ubi
1007 4929 1249 4997 ipsorum
1283 4924 1529 4993 impietas
1563 4923 1720 4991 longe
1749 4923 1962 4992 lateque

384 5030 699 5093 propagata,
731 5020 1012 5074 audaciam
1063 5035 1125 5072 ac
1161 5018 1434 5071 licentiam
1482 5016 1660 5082 nacti,
1688 5030 1749 5069 ac
1781 5014 1961 5068 carnis

384 5116 609 5171 brachio
648 5114 790 5179 freti,
823 5114 971 5168 nulla
1016 5128 1074 5165 re
1099 5112 1211 5179 jam
1250 5111 1521 5171 obstante,
1556 5123 1790 5178 quorum
1832 5124 1962 5161 con-

385 5208 566 5264 silium
595 5207 828 5262 inierant
873 5212 1056 5274 aperte
1088 5204 1176 5257 illa
1217 5203 1531 5272 praedicant.
1578 5201 1768 5255 Nullus
1815 5200 1959 5255 enim

458 5365 474 5394 ¹
509 5362 567 5415 F.
592 5362 681 5415 mi
710 5361 807 5429 τὴν
835 5360 954 5429 βασ.
987 5358 1095 5423 δεξ.
1119 5357 1226 5413 δεδ.

468 5519 574 5587 (ἲὶὸ)
599 5519 698 5572 Διὰ
742 5518 856 5583 τὴν
890 5519 1036 5584 πρὸς
1075 5516 1180 5569 τόν
1209 5511 1955 5587 ’Κύριλνίοι(ἐχθρίανκοὺκ.

395 5580 761 5658 Expiingcnda
792 5580 1026 5642 cumino
1042 5585 1272 5658 negandi
1315 5580 1617 5658 particula;
1645 5598 1768 5658 nam
1798 5580 1961 5652 Euty—

394 5652 551 5715 chi'us
578 5652 675 5729 pro
710 5659 879 5714 suoin
902 5652 1161 5727 Cyrillum
1191 5656 1313 5711 odio
1335 5670 1454 5710 sese
1486 5654 1549 5709 ad
1575 5652 1830 5708 Acacium
1865 5667 1960 5722 ag-

2051 4468 2304 4542 τρόφιλος
2330 4472 2358 4523 6
2390 4468 2817 4538 Σκυθοπολίτης,
2851 4468 2945 4521 καὶ
2977 4464 3114 4537 μετὰ
3142 4464 3346 4518 τούτων
3376 4464 3633 4522 Φίλιππος

2053 4565 2082 4616 ὁ
2114 4565 2228 4615 ἐκεῖ
2270 4560 2630 4624 κατασταθεὶς
2673 4560 2915 4629 διάδοχος
2960 4558 3052 4612 τοῦ
3087 4557 3515 4628 προειρημένου,
3545 4554 3632 4607 καὶ

2055 4654 2201 4708 ἄλλοι
2236 4653 2470 4717 πλείους,
2500 4654 2549 4705 οἱ
2576 4652 2733 4722 φύσει
2775 4651 2977 4721 ταύτην
3002 4651 3101 4719 τὴν
3135 4650 3345 4720 αἵρεσιν
3384 4648 3632 4716 κατέχον-

2056 4764 2166 4810 τες.
2196 4743 2309 4798 Νῦν
2342 4744 2397 4797 δέ
2432 4744 2568 4815 μετὰ
2604 4743 2701 4815 τὴν
2733 4742 2956 4795 ἐκείνων
2982 4740 3260 4811 τελευτὴν,
3281 4739 3371 4791 ὅτε
3397 4740 3478 4802 εἰς
3502 4736 3627 4791 πλάο

2056 4855 2147 4901 τος
2184 4837 2447 4908 ἐλήλακεν
2481 4838 2514 4907 ὴ
2556 4833 2734 4888 αὐτῶν
2780 4831 3085 4897 κακοδοξία,
3117 4831 3211 4882 καὶ
3245 4827 3386 4899 μετὰ
3422 4830 3631 4898 παρρη-

2059 4928 2178 4990 σίας
2228 4926 2557 4996 τυγχάνουσι
2608 4926 2696 4979 διὰ
2742 4924 2839 4995 τὴν
2890 4924 2988 4993 τῆς
3048 4920 3252 4993 σαρκὸς
3290 4918 3514 4982 δεξιὰν,
3548 4919 3630 4970 καὶ

2061 5019 2258 5089 μηκέτι
2300 5017 2739 5088 ἐμποδιζόμενοι,
2774 5015 3100 5087 κηρύττουσι
3137 5012 3323 5079 σαφῶς
3353 5012 3415 5065 τὸ
3458 5010 3628 5063 αὐτῶν

2059 5107 2394 5179 ἐπιχείρημα
2418 5124 2429 5135 °
2458 5108 2640 5160 οὐκέτι
2666 5105 2788 5159 οὔτε
2819 5105 2957 5158 αἰδοῖ
2976 5122 3081 5156 τινι
3111 5101 3491 5171 κατεχόμενοι,
3516 5099 3625 5151 οὗτε

2062 5200 2422 5271 ἰνδαλλόμενοι
2453 5200 2558 5253 ἀπό
2582 5216 2724 5261 τινος
2748 5197 3184 5269 προστάγματος,
3210 5196 3291 5258 εἰς
3319 5193 3386 5246 τὸ
3418 5194 3493 5261 μή
3520 5203 3630 5244 τινα

2066 5510 2326 5581 grcgavit,
2368 5524 2611 5581 quocum
2656 5508 2915 5581 Cyrillum
2974 5502 3527 5574 Hierosolymitanum
3568 5496 3626 5554 de

2070 5580 2386 5654 cpiéCOpatu
2416 5580 2661 5635 diutOvit.
