3798 6212
333 321 426 377 451

402 445 536 498 Cum
568 440 829 498 hactenus
859 435 1150 499 homnusii,
1193 443 1244 489 et
1278 433 1600 489 hommousii
1637 434 1899 487 vocabula
1933 439 1977 495 Α

335 540 617 607 plerosque
652 530 717 583 ad
762 530 1083 583 hodiernum
1132 537 1345 596 tempus
1395 542 1567 595 usque
1618 526 1905 595 perturba-

333 632 461 691 rint,
487 634 538 680 et
565 643 591 677 a
629 622 903 677 nonnullis
927 622 1222 675 etiamnum
1252 619 1498 673 innovari
1529 618 1672 670 istud
1707 617 1901 681 ferant,

333 730 391 775 ιιι
439 715 723 772 dissimilis
756 713 899 767 Patri
932 712 1105 767 Filius
1149 728 1270 766 esse
1320 712 1553 774 dicatur,
1604 711 1675 763 ob
1723 711 1773 763 id
1807 711 1906 764 ho—

331 809 550 870 mousii,
596 809 697 861 hoc
726 818 810 861 est
833 804 1301 858 consubstantialis
1332 819 1541 865 vocem,
1572 804 1831 872 tanquam
1874 818 1903 855 a

330 902 505 957 sacris
539 898 761 952 Litteris
811 895 1175 965 peregrinam,
1226 893 1541 962 rejicimus;
1592 905 1902 945 anomoeum

333 1010 478 1057 vero,
512 994 614 1047 hoc
645 1000 725 1046 est
758 989 1036 1051 dissimile,
1072 987 1539 1049 condemnamus;
1585 992 1638 1037 et
1672 984 1906 1052 quicun-

328 1104 435 1157 que
465 1081 737 1154 ejusmodi
773 1090 918 1143 sunt,
954 1081 1022 1133 ab
1048 1078 1292 1132 Ecclesia
1324 1076 1531 1129 alienos
1556 1090 1678 1128 esse
1713 1088 1904 1127 cense-

328 1194 473 1232 mus.
508 1175 755 1229 Similem
788 1187 917 1227 vcro
946 1170 1128 1223 Patris
1170 1185 1291 1224 esse
1324 1168 1520 1220 Filium
1563 1175 1749 1235 aperte
1782 1179 1906 1233 pro-

331 1272 563 1331 fitemur,
596 1276 649 1320 et
681 1264 1000 1334 Apostolum
1034 1263 1088 1315 in
1119 1276 1183 1316 eo
1217 1261 1518 1328 sequimur,
1551 1258 1642 1327 qui
1673 1257 1740 1310 de
1774 1255 1907 1309 Filio

328 1363 561 1431 loquens
604 1378 613 1410 :
652 1360 754 1423 Qui
798 1369 898 1419 est,
951 1355 1151 1424 inquit,
1186 1355 1360 1421 imago
1412 1351 1508 1403 Dei
1558 1349 1836 1403 invisibilis
1866 1349 1904 1400 ¹.

327 1453 663 1508 Conﬁtemur
714 1459 895 1502 autem
955 1458 1006 1501 et
1052 1445 1331 1500 credimus
1380 1445 1432 1498 in
1496 1458 1663 1497 unum
1716 1442 1906 1506 Deum,

330 1528 543 1599 Patrem
582 1543 1031 1615 omnipotentem,
1068 1536 1331 1590 factorem
1371 1536 1495 1589 (ξωιί
1526 1546 1578 1589 et
1618 1544 1798 1597 terrae,
1825 1532 1906 1587 vi-

329 1634 675 1700 sibiliumque
701 1637 755 1685 et
784 1626 1160 1682 invisibilium.
1196 1624 1489 1679 Credimus
1523 1624 1684 1677 etiam
1722 1624 1775 1675 in
1803 1621 1908 1675 Do-

329 1727 536 1779 minum
561 1731 810 1777 nostrum
844 1719 1031 1774 Jesum
1062 1717 1342 1772 Christum
1375 1714 1569 1769 Filium
1603 1714 1717 1778 Dei,
1755 1722 1808 1767 et
1839 1713 1906 1766 ab

1745 314 1803 369 S.
1846 310 2184 368 l‘lPlPliANll

3473 309 3575 367 £52

2100 434 2316 505 Ἐπειδὴ
2346 433 2570 498 πολλοὺς
2616 433 2913 503 ὲθορύϐησε
2953 432 3012 484 τὸ
3054 430 3337 502 ὁμοούσιον
3381 433 3473 483 καί
3518 433 3578 484 τὸ

2005 523 2309 591 ὁμοιούσιον
2360 524 2418 574 ἐν
2470 526 2583 586 τοῖς
2632 521 2961 594 παρελθοῦσι
3010 522 3243 593 χρόνοις,
3283 522 3377 575 καὶ
3429 523 3577 593 μέχρι

2005 614 2118 679 νῦν,
2147 614 2284 667 ἀλλὰ
2313 615 2408 666 καὶ
2440 614 2544 678 ἕως
2590 615 2715 685 ἄρτι
2748 615 2964 682 λέγεται
3012 612 3453 683 καινοτομεῖσθαι
3482 616 3580 667 ὑπο

2004 722 2162 758 τινων
2191 706 2251 757 τὸ
2280 705 2531 775 ἀνόμοιον
2566 705 2697 758 Υίοῦ
2744 706 2881 776 πρὸς
2916 707 3164 776 Πατέρα·
3206 706 3397 758 τούτου
3430 705 3581 775 χάριν

2004 796 2065 849 τὸ
2094 796 2379 866 ὁμοούσιον
2406 798 2480 860 ὡς
2511 798 2790 869 ἀλλότριον
2824 797 2933 850 τῶν
2957 797 3186 867 Γραφῶν
3216 796 3543 867 ἐκϐάλλομεν
3562 815 3577 830 υ

2004 887 2063 939 τὸ
2078 887 2132 939 δὲ
2150 887 2399 957 ἀνόμοιον
2415 886 2899 958 ἀναθεματίζομενε
2921 890 3015 940 καὶ
3033 888 3260 950 πάντας,
3280 888 3396 940 ὅσοι
3415 890 3552 941 τοιςιῦ
3565 918 3584 930 -

2004 994 2085 1031 τοι
2101 980 2477 1048 τυγχάνουσιν,
2492 979 2801 1051 ἀλλοτρίους
2813 979 3094 1050 ἡγούμεθα
3114 979 3213 1048 τῆς
3240 980 3580 1048 Ἐκκλησίας.

2006 1070 2079 1123 Τὸ
2102 1070 2156 1122 δὲ
2186 1071 2369 1139 ὅμοιον
2390 1070 2483 1123 τοῦ
2514 1070 2643 1122 Υίοῦ
2678 1071 2813 1141 πρὸς
2843 1071 3064 1141 Πατέρα
3097 1070 3282 1139 σαφῶς
3307 1070 3586 1140 ὁμολογοῦο

2010 1178 2129 1230 μεν,
2157 1160 2296 1213 κατά
2318 1161 2409 1213 τὸν
2448 1162 2767 1214 ’Λπόστολον
2791 1162 2881 1214 τὸν
2909 1162 3136 1229 λέγοντα
3158 1163 3284 1232 περὶ
3314 1162 3411 1215 τοῦ
3439 1162 3582 1215 Υίοῦο

2013 1253 2110 1316 Ὅς
2144 1252 2316 1304 ἐστιν
2350 1251 2527 1305 εἰκὼν
2558 1252 2664 1305 τοῦ
2718 1253 2866 1306 Θεοῦ
2903 1253 3005 1306 τοῦ
3047 1253 3326 1321 ἀοράτου.
3367 1255 3586 1324 Ὁμολο-

2007 1346 2105 1414 γοῦ
2115 1363 2212 1415 μεν
2235 1348 2289 1400 δὲ
2316 1347 2409 1401 καὶ
2440 1346 2767 1417 πιστεύομεν
2797 1350 2876 1411 είς
2904 1349 2999 1400 ἕνα
3022 1348 3173 1413 Θεὸν,
3209 1350 3429 1421 Πατέρα
3458 1367 3587 1403 πανο

2007 1439 2334 1509 τοκράτορα,
2372 1439 2463 1491 τὸν
2513 1441 2742 1512 ποιητὴν
2789 1440 3020 1511 ούρανοῦ
3080 1442 3172 1494 καί
3206 1441 3328 1511 γῆς,
3377 1439 3589 1511 ὁρατῶν

2007 1548 2066 1583 τε
2098 1532 2191 1585 καὶ
2239 1533 2505 1602 ἀοράτων.
2545 1532 2879 1604 Πιστεύομεν
2920 1534 2976 1586 δὲ
3012 1535 3103 1587 καὶ
3141 1536 3220 1596 είς
3260 1536 3349 1587 τὸν
3387 1538 3589 1605 Κύριον

2010 1622 2165 1692 ἡμῶν
2219 1622 2425 1691 Ἰησοῦν
2473 1624 2706 1694 Χριστὸν
2754 1624 2843 1677 τὸν
2891 1624 3017 1678 Υίὸν
3053 1625 3145 1677 τοῦ
3194 1624 3350 1689 Θεοῦ,
3395 1626 3487 1678 τὸν
3533 1626 3591 1691 ἐξ

2011 1714 2173 1766 αὐτοῦ
2209 1714 2538 1784 γεννηθέντα
2566 1715 2789 1779 ἀπαθῶς
2821 1716 2927 1786 πρὸ
2954 1716 3172 1769 πάντων
3196 1718 3428 1782 αἰώνων,
3456 1717 3591 1771 Θεὸν

329 1820 449 1888 ipso
503 1816 742 1887 genitum
786 1814 924 1867 citra
978 1809 1287 1880 passionem
1342 1807 1505 1860 ullam
1558 1815 1683 1858 ante
1724 1805 1899 1858 omnia

2030 1807 2201 1874 λόγον,
2236 1782 2371 1859 Θεὸν
2389 1809 2451 1859 ὲκ
2473 1807 2605 1859 Θεοῦ
2641 1782 2925 1877 μονογενῆ,
2953 1808 3088 1877 φῶς,
3120 1809 3281 1879 ζωὴν,
3308 1808 3588 1879 ἀλήθειαν,

328 1908 549 1972 sarcula,
580 1906 747 1960 Deum
779 1901 1042 1965 Verbum,
1072 1901 1240 1955 Deum
1277 1900 1344 1954 de
1380 1898 1509 1965 Deo,
1540 1898 1902 1968 unigenitum,

329 2003 529 2061 lucem,
561 1998 752 2061 vitam,
791 1995 1097 2059 veritatem,
1124 1990 1470 2060 sapientiam,
1508 1990 1787 2050 virtutem,
1813 2001 1909 2054 per

328 2106 487 2161 quem
528 2086 897 2149 omniafacta
933 2092 1084 2146 sunt,
1117 2098 1239 2153 quae
1285 2082 1340 2135 in
1377 2079 1531 2135 ccelis
1582 2087 1636 2134 et
1678 2079 1731 2131 in
1764 2086 1908 2131 terra

328 2193 477 2245 sunt,
531 2180 647 2235 sive
687 2177 947 2238 visibilia,
990 2174 1105 2228 sive
1154 2170 1472 2226 invisibilia.
1527 2168 1680 2223 lluuc
1730 2168 1909 2238 ipsum

326 2272 604 2328 credimus
634 2269 687 2322 in
712 2268 816 2321 ﬁne
845 2266 1169 2319 saeculorum
1197 2261 1264 2316 ad
1296 2260 1755 2332 exstinguendum
1783 2272 1909 2329 pec-

328 2374 509 2418 catum
557 2375 778 2416 carnem
822 2375 852 2413 e
904 2366 1091 2412 sancta
1117 2352 1344 2425 Virgine
1383 2354 1704 2423 sumpsisse,
1742 2350 1913 2406 homi-

329 2469 565 2524 nemque
596 2453 821 2513 factum,
858 2463 1079 2519 passum
1115 2449 1242 2501 item
1272 2460 1369 2516 pro
1407 2445 1652 2514 peccatis
1683 2442 1909 2505 nostris,

328 2547 719 2609 resurrexisse,
771 2551 824 2598 et
876 2544 932 2595 in
980 2541 1178 2593 coelum
1226 2538 1548 2592 subvectum
1603 2534 1794 2590 sedere
1841 2531 1909 2586 aul

327 2642 605 2697 dexteram
649 2637 848 2698 Patris,
904 2644 958 2688 et
1004 2636 1198 2687 iterum
1236 2640 1525 2685 venturum
1563 2642 1687 2683 cum
1738 2627 1911 2697 gloria

322 2732 573 2803 judicare
623 2729 776 2783 vivos
813 2736 866 2781 et
902 2733 1167 2779 mortuos.
1215 2724 1501 2778 Credimus
1547 2730 1600 2776 et
1634 2721 1687 2774 in
1742 2736 1910 2773 unum

336 2832 586 2880 sanctum
622 2820 907 2890 Spiritum,
934 2832 1093 2886 quem
1132 2816 1383 2869 Salvator
1420 2824 1473 2867 et
1516 2812 1779 2867 Dominus
1812 2827 1911 2863 no-

328 2924 440 2970 ster
470 2912 629 2969 Jesus
678 2911 931 2965 Christus
975 2907 1314 2961 Paracletum
1357 2904 1591 2969 vocavit,
1637 2901 1913 2958 eumdem-

329 3022 433 3078 que
462 3016 583 3077 post
628 3005 935 3057 discessum
983 3014 1144 3054 suum
1184 2999 1484 3051 missurum
1532 3012 1590 3051 se
1623 2994 1909 3065 apostolis,

2012 1897 2223 1966 σοφίαν,
2280 1897 2529 1968 δύναμιν,
2581 1899 2647 1951 δι’
2681 1892 2741 1951 οὗ
2786 1899 2852 1952 τὰ
2890 1901 3064 1954 πάντα
3117 1900 3384 1967 ἐγένοντο,
3414 1899 3482 1953 τὰ
3534 1904 3592 1952 ἐν

2010 1995 2121 2054 τοῖς
2148 1993 2394 2062 οὐρανοῖς
2440 1993 2533 2046 καὶ
2574 1994 2643 2046 τὰ
2676 1994 2766 2046 ἐπὶ
2809 1996 2907 2065 τῆς
2933 1995 3055 2066 γῆς,
3106 1996 3215 2047 εἴτε
3260 1996 3431 2067 ὁρατά
3476 1994 3592 2047 εἴτε

2011 2086 2233 2157 ἀόρατα.
2269 2086 2468 2139 Τοῦτον
2502 2085 2831 2156 πιστεύομεν
2866 2086 2957 2139 ἐπὶ
2991 2085 3269 2158 συντελείᾳ
3302 2086 3411 2140 τῶν
3455 2086 3593 2139 alii»

2011 2194 2117 2230 νων
2166 2178 2243 2240 είς
2281 2177 2537 2247 ἀθέτησιν
2585 2178 2862 2248 ἁμαρτίας
2912 2178 3090 2249 σάρκα
3140 2177 3487 2247 ἀνειληφέναι
3532 2182 3590 2231 ὲκ

2009 2269 2111 2339 τῆς
2142 2268 2443 2341 Παρθένου,
2486 2270 2580 2321 καὶ
2618 2269 3134 2339 ὲνανθρωπήσαντα,
3182 2269 3424 2331 παθόντα
3451 2270 3595 2340 ὑπὲρ

2011 2362 2117 2415 τῶν
2140 2362 2422 2434 ἁμαρτιῶν
2439 2362 2616 2433 ἡμῶν,
2639 2362 2732 2415 καὶ
2755 2361 3080 2427 ἀναστάντα,
3102 2364 3196 2415 καὶ
3217 2361 3595 2431 ἀναληφθέντα

2012 2457 2091 2518 εἰς
2115 2455 2402 2525 οὐρανοὺς,
2434 2451 2752 2519 καθέζεσθαι
2783 2455 2840 2507 ὲν
2870 2452 3018 2524 δεξιᾷ
3042 2452 3135 2506 τοῦ
3168 2453 3401 2523 Πατρὸς,
3431 2445 3598 2506 πάλιν

2010 2546 2306 2617 ἐρχόμενον
2336 2547 2392 2599 ὲν
2423 2544 2551 2616 δόξῃ
2593 2548 2772 2616 κρῖναι
2816 2545 3027 2611 ζῶντας
3071 2544 3166 2599 καὶ
3202 2544 3450 2615 νεκρούς.
3496 2545 3596 2599 ll:-

2014 2636 2275 2707 στεύομεν
2318 2636 2373 2688 δὲ
2414 2637 2507 2690 καὶ
2537 2639 2616 2700 είς
2646 2638 2704 2701 ἓν
2745 2637 2896 2705 ἆγιον
2928 2636 3175 2707 Πνεῦμα,
3214 2638 3242 2689 ὃ
3271 2638 3364 2690 καὶ
3407 2638 3598 2709 Παρά-

1986 2728 2207 2798 .κλητον
2242 2728 2523 2798 ὠνόμασεν
2550 2730 2578 2781 ό
2611 2728 2798 2801 Σωτὴρ
2825 2730 2918 2782 καὶ
2953 2729 3156 2801 Κύριος
3188 2728 3347 2799 ἡμῶν
3388 2729 3598 2800 Ἰησοῦς

2012 2816 2268 2889 Χριστὸς,
2313 2818 2801 2890 ἐπαγγειλάμενος,
2845 2821 2982 2891 μετὰ
3026 2821 3087 2873 τὸ
3129 2822 3368 2874 ἀνελθεῖν
3409 2822 3598 2884 αὑτὸν,

2015 2909 2226 2981 πέμψαι
2257 2912 2367 2975 τοῖς
2392 2911 2659 2983 μαθηταῖς
2689 2911 2865 2977 τοῦτο,
2896 2913 2924 2964 ὃ
2954 2913 3047 2966 καὶ
3071 2912 3410 2977 ἀπέστειλεν,
3440 2915 3510 2966 δι’
3539 2910 3600 2967 οῦ

2014 3006 2109 3056 καὶ
2142 3004 2357 3072 ἁγιάζει
2386 3007 2510 3069 τοὺς
2546 3007 2603 3058 ὲν
2644 3008 2707 3076 τῇ
2752 3005 3045 3078 Ἐκκλησία
3083 3008 3465 3073 πιστεύοντας,
3507 3012 3601 3060 καὶ

328 3099 595 3170 promisit.
621 3094 794 3161 Quem
820 3102 874 3147 et
918 3106 1107 3145 revera
1147 3089 1317 3153 misit,
1347 3096 1401 3142 et
1436 3102 1533 3157 per
1561 3102 1685 3141 eum
1718 3084 1899 3139 ﬁdeles

2030 3094 2448 3165 Ξαπτιξομένους
2493 3099 2552 3149 ὲν
2589 3096 2813 3167 ὀνόματι
2866 3098 3098 3171 Πατρὸς,
3146 3098 3241 3151 καί¹
3296 3098 3451 3162 Υίοῦ,
3510 3100 3602 3153 καὶ

330 3193 386 3246 in
430 3188 675 3244 Ecclesia
707 3184 1034 3245 sanctiﬁcat,
1069 3183 1161 3251 qui
1202 3182 1553 3252 baptizantur
1590 3179 1642 3231 in
1685 3180 1903 3232 nomine

328 3282 527 3344 l‘atris,
562 3288 615 3333 et
653 3276 798 3339 Filii,
828 3283 881 3330 et
908 3274 1148 3345 Spiritus
1189 3274 1387 3327 sancti.
1417 3271 1739 3339 Quicunque
1783 3285 1911 3324 vero

329 3381 527 3444 praeter
560 3374 700 3425 hanc
748 3368 905 3422 ﬁdem
942 3365 1089 3419 aliud
1120 3363 1377 3434 quiddam
1416 3363 1736 3433 praedicant,
1777 3362 1909 3416 alie-

330 3480 431 3519 nos
478 3462 626 3517 novit
666 3459 906 3513 Ecclesia
944 3456 1232 3510 catholica.
1282 3452 1750 3520 Quemadmodum
1784 3467 1911 3507 vero

329 3570 453 3611 cum
495 3554 596 3608 hac
629 3551 750 3605 ﬁdei
783 3549 1015 3603 formula
1046 3555 1415 3601 consentanea
1445 3547 1516 3599 sit
1543 3560 1605 3599 ea
1638 3560 1757 3615 quae
1794 3543 1909 3598 Sir-

330 3647 424 3701 niii
460 3661 636 3715 nuper
664 3644 916 3712 exposita
958 3651 1042 3695 est
1076 3653 1261 3694 coram
1293 3639 1710 3708 religiosissimo
1742 3638 1912 3707 impe—

328 3746 508 3791 ratore
538 3743 745 3796 nostro,
776 3742 979 3785 norunt
1016 3732 1110 3801 qui
1136 3732 1276 3784 hanc
1312 3732 1483 3800 ipsam
1521 3730 1769 3800 legerint.

398 3828 565 3898 87!;
588 3825 776 3878 XXVI.
820 3825 1281 3902 Subscripserunt
1327 3824 1419 3892 qui
1472 3822 1721 3885 aderant,
1764 3822 1911 3877 Basi-

328 3922 454 3989 lius,
521 3922 769 3983 Blarcus,
825 3915 1090 3986 Georgius
1156 3914 1513 3971 Alexandria:
1585 3915 1903 3985 episcopus,

405 4081 419 4109 ³
447 4079 657 4132 Coloss.
688 4091 724 4140 I,
755 4074 843 4128 15.

406 4235 508 4308 (6'2)
554 4232 940 4301 Ὑπέγραψαν
970 4231 1023 4284 οἱ
1054 4230 1367 4308 παρόντες.
1404 4228 1538 4308 Tam
1576 4227 1679 4283 hoc
1712 4243 1906 4308 a__vero

326 4297 559 4361 alienum
590 4297 897 4371 estfquam
925 4300 1069 4370 quod
1119 4297 1374 4371 maxime.
1421 4297 1711 4371 Nunquam
1755 4298 1907 4371 Basi-

277 4414 286 4422 .
324 4378 431 4431 lius
461 4384 553 4427 aut
577 4369 789 4426 Marcus
821 4369 1105 4424 Acacianze
1136 4370 1224 4424 isti
1262 4369 1507 4422 formula:
1554 4369 1904 4437 subscripsit,

325 4456 385 4499 ut
438 4460 538 4498 nec
572 4442 882 4495 Occidentis
926 4440 1190 4508 episcopi,
1245 4439 1339 4507 qui
1382 4438 1635 4501 Arimini,
1666 4454 1773 4508 n_on
1806 4439 1902 4493 Se~

325 4516 514 4569 leucia
540 4518 931 4567 convenerunt.
963 4506 1168 4563 Deinde
1223 4506 1486 4576 quorsum
1541 4508 1626 4561 bis
1680 4506 1900 4577 Georgii

326 4599 390 4638 ac
419 4582 687 4636 Pancratii
731 4580 956 4648 repetita
1007 4578 1376 4646 subscriptio?
1404 4577 1566 4645 Atqui
1603 4593 1711 4629 non
1746 4578 1904 4633 aliter

326 4654 689 4724 Epiphanium
748 4650 1080 4724 scri_psi_sse,_
1113 4656 1206 4724 aut
1235 4648 1491 4724 sensisse
1530 4656 1901 4724 necesse__est,

324 4715 488 4793 quam
526 4730 583 4793 ut
641 4715 967 4793 professioni
1006 4719 1083 4793 illi
1126 4718 1380 4793 liasilius.
1432 4715 1668 4793 Marcus.
1705 4716 1905 4793 aliique

325 4786 753 4859 subscripserunt
791 4807 801 4840 :
838 4804 962 4859 nam
1008 4789 1062 4841 in
1120 4786 1225 4839 line
1273 4788 1905 4859 subscriptioiiumuepi-

325 4877 526 4932 scopos
546 4856 829 4932 ’numerat
880 4858 968 4920 45,
1001 4866 1152 4932 quot
1176 4872 1361 4932 revera
1392 4864 1540 4932 sunt,
1558 4857 1600 4909 si
1623 4856 1899 4919 Basilium,

324 4926 585 4994 Marcum,
608 4931 951 4999 reliquosque
981 4926 1411 4999 complectimur.
1435 4926 1704 4999 Socrates
1720 4935 1899 4999 autem

322 5020 443 5073 cap.
480 5003 539 5056 5i
582 5016 688 5073 non
726 4996 907 5073 plures
942 5013 1123 5073 quam
1160 4998 1235 5073 §0
1261 5013 1391 5073 cum
1423 4997 1646 5073 Acacio,
1667 4996 1901 5073 Georgio

320 5066 742 5134 Alexandrinof
789 5066 991 5122 Uranio
1056 5076 1109 5121 et
1159 5066 1403 5121 Eudoxio
1443 5069 1792 5136 conspirasse
1845 5069 1899 5119 in

322 5158 443 5197 eam
511 5142 799 5195 formulam
862 5141 1048 5199 refert,
1080 5146 1140 5190 ut
1172 5140 1227 5190 in
1264 5148 1435 5191 totum
1476 5139 1585 5191 sint
1614 5138 1701 5189 54.
1751 5136 1899 5191 Satis

259 5220 265 5226 ”
322 5214 485 5280 igitur
536 5220 752 5266 constat
807 5211 921 5264 haec
957 5218 1254 5280 postrema,
1284 5207 1419 5278 ὁμοῦ
1452 5208 1739 5280 ἐπίσκοποι
1772 5214 1894 5280 μγ’,

366 5282 607 5351 piphani‘i
645 5296 752 5334 non
784 5296 927 5343 esse,
958 5279 1008 5336 si
1047 5282 1191 5333 hunc
1220 5281 1287 5333 ab
1318 5279 1525 5351 erroris
1560 5279 1899 5351 culpa___lihe-

318 5347 440 5420 rare
471 5353 701 5405 velimus
729 5367 742 5402 :
770 5366 945 5420 neque
974 5366 1135 5420 porro
1166 5352 1375 5420 priores
1413 5350 1555 5410 illos,
1612 5347 1895 5420 Basilium,

320 5419 584 5486 Marcum,
642 5418 1026 5489 llypaliauum,
1078 5430 1131 5473 et
1170 5418 1561 5473 Occidentales
1608 5418 1897 5485 episcopos

317 5490 641 5542 Acacianam
698 5491 910 5541 ἔκθεσιν
972 5493 1324 5559 approbasse.
1361 5489 1540 5554 Quare
1584 5495 1677 5539 aut
1705 5502 1895 5559 eorum

320 5559 623 5612 inducenda
651 5563 887 5621 nomina,
926 5557 1019 5611 aut
1046 5557 1116 5611 ita
1146 5562 1429 5628 legendum
1458 5566 1561 5619 est,
1594 5557 1895 5628 γνωρίζου-

321 5642 407 5678 σιν
446 5630 495 5700 _ol
550 5630 965 5698 ἐντυγχάνοντες
1004 5632 1069 5698 τῇ
1116 5623 1316 5691 πίστει,
1471 5623 1791 5700 ὑπέγραψαν
1846 5629 1893 5679 οἱ

317 5696 603 5767 παρόντες,
633 5689 1088 5761 Βασίλειοςξυῑιξ,
1117 5701 1207 5751 καὶ
1245 5689 1312 5751 οἵ
1334 5689 1894 5750 πλεῖστοίέπίσκοποι

312 5766 410 5840 τῆς
426 5768 657 5833 Δύσεως.
688 5768 823 5822 Tum
851 5770 1113 5841 Γεώργιος
1133 5770 1445 5833 ἐπίσκοπος,
1475 5776 1580 5823 etc.
1613 5768 1894 5821 Allirmaut

2012 3187 2166 3257 ἁγίου
2213 3189 2545 3259 Πνεύματος.
2578 3191 2716 3254 Τοὺς
2756 3191 2811 3244 δὲ
2846 3192 2996 3261 παρά
3026 3192 3232 3263 ταύτην
3275 3193 3371 3263 τὴν
3418 3194 3604 3247 πίστιν

2011 3279 2138 3333 ἄλλο
2187 3298 2240 3332 τι
2295 3281 2662 3351 κηρύττοντας
2717 3282 3028 3353 ἀλλοτρίους
3072 3280 3210 3338 οἶδεν
3252 3286 3284 3355 ἡ
3335 3284 3603 3355 καθολικὴ

2025 3372 2341 3442 Ἐκκλησία.
2374 3375 2496 3425 Ὅτι
2528 3373 2584 3425 δὲ
2623 3373 2795 3447 ταύτῃ
2838 3377 2903 3445 τῇ
2945 3376 3125 3428 πίστει
3164 3376 3481 3447 ἰσοδυναμεῖ
3511 3381 3602 3429 καὶ

2011 3464 2046 3534 ἡ
2072 3464 2130 3515 ὲν
2161 3462 2369 3534 Σιρμίῳ
2408 3464 2599 3535 πρώην
2635 3464 2915 3518 ὲκτεθεῖσα
2949 3467 3131 3529 πίστις
3189 3467 3281 3520 ἐπὶ
3322 3467 3424 3537 τῆς
3448 3470 3606 3521 εὐσε-

2012 3552 2163 3616 ϐείας
2195 3553 2289 3605 τοῦ
2334 3552 2597 3623 βασιλέως
2636 3554 2811 3624 ἡμῶν,
2857 3556 3212 3627 γνωρίζουσιν
3240 3558 3288 3608 οἱ
3333 3560 3603 3627 ὲντυγλά-

2012 3662 2199 3708 νοντες
2240 3648 2307 3716 τῇ
2344 3646 2543 3698 πίστει.

2078 3824 2222 3889 KC'.
2243 3822 2592 3894 ’Υπέγραψαν
2607 3824 2654 3875 οἱ
2670 3824 2935 3894 παρόντες
2962 3824 3093 3897 (ϋῖ),
3119 3826 3417 3888 Βασίλειος,
3445 3829 3603 3897 Μάρ-

2008 3930 2122 3979 κος,
2159 3915 2251 3966 καὶ
2302 3912 2569 3985 Γεώργιος
2610 3914 2638 3966 ό
2674 3914 2773 3984 τῆς
2824 3914 3225 3987 Ἀλεξανδρείας
3272 3920 3597 3985 ἐπίσκοπος,

2004 4226 2150 4281 enim
2187 4224 2445 4279 Acaciani
2476 4224 2675 4280 editam
2713 4242 2744 4280 a
2779 4243 2838 4283 se
2869 4226 2989 4282 ﬁdei
3029 4227 3440 4285 confessionem
3469 4246 3595 4285 eum

2004 4312 2068 4351 ea
2127 4296 2440 4367 consentire
2496 4297 2750 4367 formula,
2805 4298 2857 4351 in
2900 4314 3061 4367 quam
3109 4298 3292 4352 Sirmii
3328 4316 3456 4353 cum
3496 4301 3598 4355 Va-

2006 4367 2170 4427 lente,
2195 4364 2443 4426 Ursacio,
2468 4374 2520 4419 et
2538 4364 2983 4421 Occidentalibus
3007 4384 3308 4423 convenere
3330 4372 3593 4433 Basilius,

2006 4436 2241 4511 Marcus,
2274 4434 2837 4511 Georgius,___a|iique,
2881 4454 3019 4507 quos
3047 4437 3357 4495 Germiuius
3395 4442 3453 4496 in
3484 4448 3596 4511 «pi-

2008 4508 2166 4568 stola,
2208 4521 2328 4575 qua:
2373 4505 2742 4579 inter_llilarii
2776 4505 3076 4576 fragmenta
3129 4512 3423 4579 reperitur,
3458 4505 3596 4567 enu-

2007 4584 2180 4631 merat
2216 4574 2239 4628 ι
2265 4590 2459 4644 nempe
2511 4574 2802 4645 Georgium
2844 4574 3292 4643 Alexandrinum,
3350 4574 3594 4634 Pancra-

2007 4648 2140 4719 tium
2174 4645 2519 4719 Pelusinum,
2568 4646 2827 4719 Basiliam
2878 4649 3245 4719 Ancyranum,
3282 4647 3591 4719 valentem,

2008 4716 2294 4771 Ursacium
2337 4726 2390 4770 et
2441 4716 2701 4769 Marcum.
2736 4716 3089 4772 Restituenda
3129 4719 3274 4772 enim
3312 4718 3592 4776 Pancra.ii

2003 4796 2215 4858 v_ox_cst
2241 4786 2296 4858 in
2327 4784 2591 4839 Germinii
2619 4789 2846 4854 epistola
2878 4804 2890 4837 :
2929 4790 3019 4842 ubi
3057 4792 3127 4841 ita
3150 4790 3424 4858 scriptum
3462 4801 3548 4845 est
3578 4810 3589 4842 :

2005 4855 2073 4909 Et
2098 4856 2320 4924 Georgio
2336 4858 2575 4925 episcopo
2604 4858 3084 4912 Alexandrinorum
3115 4855 3366 4913 Eccleiia:
3393 4863 3417 4905 ’ρ
3439 4866 3458 4883 ⁹
3490 4861 3592 4914 Pe-

2006 4928 2325 4981 lusinorum.
2356 4927 2471 5000 lino
2498 4943 2624 5000 vero
2656 4931 2767 4982 fieri
2800 4938 2997 4997 potest,
3029 4938 3086 4981 ut
3135 4928 3422 5000 llypaliani
3451 4947 3591 5000 quo-

2002 5013 2109 5066 que
2138 5012 2335 5051 nomen
2371 5011 2401 5049 a
2428 4995 2705 5051 Germinio
2748 4995 3234 5053 commemoratum
3275 4995 3543 5056 exciderit
3572 5018 3586 5064 ;

2004 5083 2129 5140 nam
2160 5066 2499 5140 Epiphanius
2525 5068 2605 5140 _iu
2659 5070 2811 5123 calce
2846 5082 2997 5123 num.
3041 5069 3111 5121 22
3151 5072 3296 5123 inter
3336 5087 3456 5134 eos.
3494 5072 3588 5140 qui

2005 5136 2293 5191 Sirmiensi
2338 5137 2585 5193 formulae
2608 5140 3077 5207 subscripserunt,
3120 5140 3366 5195 adfuisse
3398 5136 3588 5194 narrat

2001 5222 2126 5259 cum
2172 5207 2384 5262 caeteris
2422 5207 2784 5277 Hypatianum
2821 5228 2833 5261 :
2865 5210 2955 5278 qui
3020 5209 3312 5280 Heracleae
3339 5210 3441 5263 fuit
3473 5229 3588 5280 epl-

2000 5292 2223 5345 scopus,
2270 5288 2328 5330 ut
2373 5280 2446 5329 ait
2504 5280 2720 5333 Sozon.
2772 5280 2865 5332 lib.
2911 5296 2982 5340 v1,
3020 5295 3139 5348 cap.
3189 5279 3235 5331 7.
3272 5278 3373 5333 Ubi
3405 5278 3587 5334 obiter

2000 5349 2376 5418 emendandus
2411 5357 2516 5411 est,
2546 5351 2673 5403 dum
2701 5353 2774 5401 ait
2808 5349 3251 5411 Macedonianos,
3276 5352 3369 5418 qui
3393 5360 3583 5418 p0>tca

2000 5414 2286 5486 Lampsaci
2348 5428 2757 5482 convenerunt,
2820 5418 3207 5473 Valentiniano
3261 5414 3315 5473 et
3361 5414 3584 5473 Valente

2000 5488 2396 5573 imperantibus
2442 5488 2610 5573 fuisse
2655 5490 3446 5573 opopp‘siou-propugnatores;
3482 5490 3582 5573 Le:

1998 5560 2231 5643 geud‘lnn‘n
2271 5568 2351 5643 est,
2392 5561 2537 5613 enim
2576 5562 2687 5643 όσοι
2749 5560 2898 5643 ἄλλοι
2942 5560 3225 5630 ὀμοούσιον
3268 5560 3345 5643 τῷ
3404 5560 3578 5639 Πατρξ

1998 5627 2086 5678 τὸν
2124 5628 2245 5680 Υίὸν
2296 5628 2473 5697 λέγειν
2535 5631 2737 5697 ἠξίουν.
2788 5630 2881 5686 Est
2939 5627 3079 5687 enim
3130 5646 3239 5685 non
3293 5627 3580 5687 Sozomebi

1998 5712 2171 5765 error,
2206 5698 2299 5755 sed
2323 5700 2527 5755 librarii
