3798 6212
203 270 322 331 155

853 264 1222 324 ADVERSUS
1259 266 1600 322 HERESES
1630 267 1754 322 LIB.
1793 267 1878 326 Ill.
1919 267 2080 324 ΤΟΜ.
2117 267 2522 325 1.-ΗᾸύΒΕ5.
2562 267 2796 325 LXXIII.

3361 270 3468 328 454

205 380 580 452 Ποιγκράτιος,
641 377 734 432 καὶ
777 377 1124 444 ’Υπατιανὸς,
1167 379 1260 432 καὶ
1295 379 1343 431 οἱ
1391 378 1628 432 πλεῖστοι
1677 377 1825 436 ἐπί-.,

1922 379 2238 442 ’ancratius,
2273 379 2634 452 llypatianus.
2662 391 2717 436 et
2749 380 2968 452 plurimi
3004 377 3320 440 Occidentis
3346 386 3464 456 epi-

203 491 414 528 σκοποι
455 471 554 540 τῆς
604 469 842 532 Δύσεως·
891 467 1158 539 Γεώργιος
1202 471 1497 534 ἐπίσκοπος
1550 469 1794 534 Ἀλεξαν-

203 567 405 635 δρείας
445 561 711 631 ἐξεθέμην
754 561 856 631 τὴν
895 560 1078 614 πίστιν
1121 559 1321 624 οὕτως’
1361 562 1634 633 Ὁμολογῶ
1663 580 1795 635 φρο-

203 659 332 708 νεῖν
361 656 438 717 ὡς
476 653 791 723 πρόκειται·
841 651 1092 714 ’Λκάκιος
1127 651 1424 717 ἐπίσκοπος
1465 654 1799 724 Καισαρείας

205 747 488 816 ἐξεθέμην
533 745 628 815 τὴν
671 743 852 796 πίστιν
889 742 1094 806 οὕτως·
1145 743 1424 813 Ὁμολογῶ
1474 749 1690 816 φρονεῖν
1723 746 1800 810 ὡς

207 837 534 904 πρόκειται.
594 833 856 904 Οὐράνιος
911 832 1205 896 ἐπίσκοπος
1273 833 1478 905 Τύρου,
1543 835 1801 905 Εὐτύχιος

205 926 523 986 ἐπίσκοπος
573 920 1084 991 Ἐλευθεροπόλεως,
1133 919 1329 986 Ζώῐλος
1371 923 1668 986 ἐπίσκοπος
1693 925 1801 978 Λα-

209 1019 424 1090 ρίσσης
446 1017 542 1084 τῆς
573 1015 794 1084 Συρίας,
819 1011 994 1082 Σέρας
1021 1011 1316 1077 ἐπίσκοπος
1331 1015 1394 1066 ἐκ
1417 1013 1747 1084 Παραιτονίου
1783 1015 1796 1045 ¹

205 1111 318 1180 τῆς
351 1107 576 1176 Λιϐύης,
621 1104 832 1166 Παῦλος
870 1104 1166 1168 ἐπίσκοπος
1210 1103 1457 1175 Ἐμίσης,
1507 1104 1802 1168 Εὐστάθιος

207 1200 522 1262 ἐπίσκοπος
583 1195 904 1264 Ἐπιφανίας
955 1196 1068 1267 (65)
1089 1235 1104 1260 ,
1163 1196 1450 1267 Εἰρηναῖος
1509 1199 1802 1262 ἐπίσκοπος

213 1291 543 1362 Τριπόλεως
563 1289 664 1357 τῆς
691 1289 966 1358 Φοινίκης,
997 1287 1255 1352 Εὐσέϐιος
1292 1290 1586 1354 ἐπίσκοπος
1611 1291 1804 1344 Σελευ-

211 1371 380 1444 κείας
413 1383 511 1452 τῆς
557 1381 776 1450 Συρίας,
824 1381 1150 1451 Εὐτυχιανδς
1201 1382 1496 1445 ἐπίσκοπος
1541 1383 1804 1454 Πατάρων

211 1474 323 1543 τῆς
359 1473 584 1534 Λυκίας,
615 1472 909 1535 Εὐστάθιος
960 1472 1258 1536 ἐπίσκοπος
1293 1473 1541 1544 Πιναρῶν
1588 1474 1680 1526 καὶ
1715 1475 1808 1528 Δι-,

211 1565 436 1634 δύμων,
489 1563 762 1626 Βασίλειος
806 1563 1102 1626 ἐπίσκοπος
1151 1560 1399 1616 Καυνίων
1442 1563 1541 1634 τῆς
1587 1563 1804 1627 Λυδίας,

1899 469 2069 537 scopi.
2126 468 2238 540 Ego
2277 469 2544 542 Georgius
2593 473 2884 544 episcopus
2927 473 3272 530 Alexandria:
3321 476 3466 530 hanc

1901 557 2022 612 ﬁdei
2045 560 2440 629 professionem
2467 562 2636 630 edidi,
2669 574 2831 632 atque
2855 563 2950 632 ita,
2977 572 3035 618 ιιι
3065 566 3329 636 scriptum
3357 575 3464 628 est,

1899 665 1984 703 me
2015 653 2216 708 sentire
2246 653 2518 720 proﬁteor.
2555 652 2666 723 Ego
2699 653 2930 708 Aeacius
2959 655 3250 724 episcopus
3282 655 3466 712 Caesa-

1899 755 2004 796 rea:
2055 742 2196 798 hanc
2239 743 2358 798 ﬁdei
2405 745 2798 814 professionem
2831 744 3013 811 edidi,
3057 753 3218 814 atque
3261 747 3356 814 ita,
3406 755 3467 801 ut

1901 832 2166 902 scriptum
2197 841 2302 898 est,
2337 850 2424 888 me
2451 837 2654 891 sentire
2691 836 2966 906 proﬁteor.
2995 834 3234 891 Uranius
3261 838 3466 907 θρίδαξ

1901 937 2004 991 pus
2061 921 2210 993 Tyri,
2271 923 2572 994 Eutychius
2627 927 2919 996 episcopus
2991 925 3462 996 Eleutheropolis,

1901 1014 2086 1070 Zoilus
2133 1016 2422 1086 episc0pus
2461 1016 2693 1088 Larissa:
2738 1016 2928 1088 Syriae,
2977 1016 3140 1072 Seras
3176 1017 3467 1088 episcopus

1900 1119 1966 1158 ex
2021 1104 2325 1160 Paraetonio
2373 1105 2572 1176 Libyas,
2623 1107 2825 1162 Paulus
2884 1107 3174 1176 epiSCOpus
3213 1104 3467 1170 Emissae,

1905 1193 2224 1252 Eustathius
2268 1197 2561 1266 episc0pus
2616 1195 2949 1266 Epiphaniae,
2997 1196 3231 1250 lrenaeus
3257 1195 3472 1266 episco—

1905 1303 2005 1358 pus
2035 1285 2272 1358 Tripolis
2299 1286 2611 1352 Phoenices,
2659 1288 2928 1342 Eusebius
2961 1291 3253 1358 episc0pus
3286 1285 3471 1342 Seleu-

1903 1379 2000 1432 ciae
2041 1377 2230 1448 Syriae,
2277 1377 2650 1449 Eutychianus
2702 1378 2990 1448 episcopus
3049 1377 3370 1432 Patarorum
3416 1379 3473 1433 in

1905 1467 2087 1537 Lycia,
2117 1469 2433 1525 Eustathius
2463 1471 2756 1540 epiSCOpus
2783 1470 3106 1524 Pinarorum
3130 1479 3184 1524 et
3218 1469 3475 1541 Didymo-

1907 1577 2047 1626 rum,
2084 1561 2318 1617 Basilius
2345 1563 2639 1632 episcopus
2669 1561 3003 1618 Cauniorum
3031 1561 3234 1634 Lydiae,
3281 1561 3478 1617 Petrus

215 1655 440 1725 Πέτρος
497 1654 790 1717 ἐπίσκοπος
851 1653 1046 1708 Ἵππου
1098 1653 1482 1724 Παλαιστίνης,
1535 1654 1806 1722 Στέφανος

1922 1653 2196 1723 episcopus
2241 1652 2400 1724 Hippi
2443 1653 2766 1722 Palaistinae,
2818 1654 3122 1726 Stephanus
3177 1657 3472 1728 epiSCOpus

219 1745 536 1806 ἐπίσκοπος
577 1744 938 1812 Πτολεμαΐδος
984 1744 1083 1814 τῆς
1131 1745 1358 1816 Λιϐύης,
1403 1743 1650 1810 Εὐδόξιος
1685 1747 1804 1798 ἐπί-

1922 1744 2252 1801 Ptolemaidis
2301 1745 2500 1817 Libyae,
2552 1745 2830 1802 Eudoxius
2887 1749 3192 1818 episcopus,
3253 1727 3477 1820 Apollo-

221 1851 438 1896 σκοπος
483 1833 622 1904 (64),
682 1832 1032 1898 ’Λπολλώνιος
1079 1834 1376 1898 ἐπίσκοπος
1439 1834 1764 1906 Ὀξυρύγχου
1787 1877 1802 1902 ,

219 1927 558 1990 Θεόκτιστος
587 1925 882 1988 ἐπίσκοπος
901 1922 1290 1996 Ὄστρακίνης,
1317 1925 1564 1988 Λεόντιος
1591 1927 1807 1979 ἐπίσκο-

220 2036 332 2082 πος
365 2018 590 2079 Λυδίας,
640 2017 918 2079 Θεοδόσιος
967 2016 1260 2080 ἐπίσκοπος
1306 2018 1403 2089 τῆς
1457 2018 1808 2088 Φιλαδελφίας

223 2110 456 2175 Λυδίας,
491 2107 680 2171 Φοῖϐος
707 2107 1001 2169 ἐπίσκοπος
1026 2105 1428 2176 Πολυχαλάνδου
1457 2109 1556 2180 τῆς
1588 2109 1805 2174 Λυδίας,

225 2201 458 2267 Μᾶγνος
503 2199 798 2260 ἐπίσκοπος
826 2195 1077 2268 Θεμισῶν
1117 2196 1218 2266 τῆς
1256 2199 1514 2270 Φρυγίας,
1545 2199 1810 2270 Εὐάγριος

227 2291 535 2352 ἐπίσκοπος
572 2287 884 2359 Μιτυλήνης
908 2287 1017 2341 τῶν
1044 2289 1242 2358 νήσων,
1271 2289 1490 2360 Κυρίων
1513 2290 1810 2354 ἐπίσκοπος

221 2382 482 2452 Δολίχης,
527 2380 830 2449 Αὔγουστος
879 2379 1174 2442 ἐπίσκοπος
1219 2379 1530 2450 Εὐφράτης,
1573 2380 1810 2452 [Μάγνος

229 2473 540 2534 ἐπίσκοπος
577 2469 825 2540 θεμισῶν
853 2469 954 2540 τῆς
998 2465 1280 2538 Φρυγίας,]
1313 2468 1654 2540 Πολυδεύκης
1692 2471 1811 2524 ἐπί-

231 2579 442 2626 σκοπος
507 2560 806 2630 Ἐπαρχίας
866 2559 1125 2630 δευτέρας
1181 2557 1418 2630 Λιϐύης,
1471 2559 1812 2632 Παγκράτιος

229 2654 538 2715 ἐπίσκοπος
567 2650 866 2720 Πηλουσίου
907 2649 1042 2719 (65),
1074 2648 1353 2711 Φιλίκαδος
1391 2649 1684 2713 ἐπίσκοπος
1708 2652 1815 2704 Λύ-

233 2743 552 2812 γουστάδων
593 2741 830 2812 Φρυγίας
871 2739 1162 2810 ἐπαρχίας,
1199 2733 1834 2808 Σερᾶπίωνέπίσκοπος

249 2833 616 2906 Ἀντιπύργου
643 2833 736 2903 τῆς
767 2831 992 2902 Λιϐύης,
1025 2830 1282 2894 Εὐσέϐιος
1327 2830 1620 2893 ἐπίσκοπος
1647 2830 1815 2884 Σεϐα-

239 2928 374 2998 στῆς
398 2927 498 2996 τῆς
519 2922 902 2994 Παλαιστίνης,
939 2923 1256 2994 Ἡλιόδωρος
1287 2923 1581 2985 ἐπίσκοπος
1603 2921 1814 2987 Σωζού-

241 3034 343 3088 σης
361 3013 464 3084 τῆς
482 3011 887 3077 Πενταπόλεως,
903 3011 1235 3082 Πτολεμαῖος
1250 3011 1546 3072 ἐπίσκοπος
1561 3009 1816 3080 Θμούεως

239 3104 704 3176 Λύγουστονίκης,
753 3101 998 3174 Λΰγαρος
1045 3101 1340 3164 ἐπίσκοπος
1371 3099 1554 3170 Κύρου
1598 3101 1815 3171 Εὐφρα-

243 3197 392 3258 σίας,
429 3193 730 3263 Ἐξερέσιος
761 3192 1056 3254 ἐπίσκοπος
1095 3191 1368 3262 Γερασῶν,
1415 3189 1679 3260 Ἀραϐίων
1701 3190 1819 3242 ἐπί-

243 3303 452 3348 σκοπος
529 3283 804 3355 ’Δδράων,
864 3283 1124 3353 Χαρίσιος
1181 3283 1479 3346 ἐπίσκοπος
1551 3281 1816 3346 Ἀζώτου,

259 3369 566 3438 Ἐλισσαῖος
587 3373 879 3436 ἐπίσκοπος
905 3373 1514 3445 Διοκλητιανουπόλεως,
1545 3373 1820 3445 Γερμανὸς

245 3457 545 3526 ἐπίσκοπος
577 3461 818 3533 Πετρῶν,
853 3461 1115 3533 Βαρόχιος
1145 3462 1165 3490 ²
1194 3459 1491 3524 ἐπίσκοπος
1537 3458 1816 3529 Ἀραϐίας.

253 3555 426 3628 Ὅμοῦ
455 3553 741 3608 ἐπίσκοποι
770 3560 879 3624 μγ’.
1085 3553 1094 3562 ’

313 3648 678 3719 Πεπλήρωται
711 3645 814 3709 ἕως
842 3638 944 3698 ὧδε
965 3647 998 3715 ἡ
1033 3643 1140 3697 τῶν
1169 3645 1580 3716 προειρημένων
1621 3645 1816 3716 Ἡμια-

251 3741 412 3812 ρείων
439 3739 532 3792 καὶ
571 3736 859 3808 Ἀρειανῶν
885 3735 1118 3798 ἐκθεσις.

321 3833 448 3884 KZ'.
481 3831 542 3883 Οί
573 3829 860 3898 νουνεχείς,
882 3827 1084 3898 ταύτην
1113 3826 1222 3899 (66)
1251 3828 1342 3881 καὶ
1375 3828 1471 3892 τὰς
1497 3827 1660 3892 ἄλλας
1684 3827 1808 3881 διελ-

325 3989 342 4017 ¹
389 3984 448 4040 F.
475 3985 850 4056 Παραιτονίου.
929 3985 950 4014 ²
977 4001 1066 4053 γγ).
1097 3983 1372 4056 Βαρίχιος.

323 4142 439 4214 (63)
473 4141 802 4214 Εὐστάθιος
851 4142 1185 4214 ἐπίσκοπος
1226 4139 1593 4214 Ἐπιφανείας.
1649 4137 1826 4192 Scrib.

264 4212 634 4282 Ἐπιφανείας.
696 4212 818 4282 Quo
871 4212 1091 4266 nomine
1156 4213 1827 4282 cionipluresﬂcensentur.

255 4284 350 4338 Est
385 4277 527 4338 enim
558 4283 623 4336 ad
681 4281 932 4336 Orontem
965 4295 1094 4342 una,
1149 4277 1318 4334 altera
1373 4280 1440 4334 ad
1479 4277 1827 4350 Euphraten;

257 4353 362 4406 alia
397 4353 449 4406 in
481 4351 693 4410 Cilicia.
721 4359 779 4406 nt
806 4351 872 4405 de
902 4351 1128 4420 reliquis
1159 4351 1368 4420 sileant.

327 4423 447 4492 (64)
502 4417 1190 4492 Εὐδόξιοςλέπίσκοᾳξος.
1245 4419 1390 4492 _Non‘
1419 4417 1582 4492 alium
1632 4418 1826 4486 opinor

259 4487 402 4554 esse,
425 4487 586 4559 uuam
605 4490 1022 4544 Antiochenam.
1053 4488 1150 4543 llic
1170 4489 1314 4543 enim
1333 4487 1454 4559 conj
1464 4496 1678 4559 unctam
1693 4503 1823 4559 cum

259 4555 462 4614 Λασοίὸ
485 4575 706 4613 causam
761 4559 946 4612 habuit
974 4573 1130 4612 :cum
1168 4573 1342 4626 eoque
1399 4555 1452 4611 in
1491 4555 1824 4610 Seleucieusi

263 4637 536 4684 conventu
569 4645 597 4682 a
628 4627 976 4682 Semiarianis
1011 4629 1066 4682 in
1097 4628 1342 4682 ordinem
1374 4629 1645 4688 redactus,
1667 4627 1827 4681 vicis-

239 4701 370 4754 ‘sim
397 4701 520 4754 illos
553 4697 1261 4822 ingenstantinopolitano
1309 4697 1544 4750 concilio
1576 4697 1826 4765 perculit.

265 4767 372 4822 Sed
407 4770 452 4822 si
509 4769 558 4822 is
703 4807 716 4822 .
781 4767 977 4820 mirum
1013 4767 1190 4822 valde.
1225 4767 1497 4822 tummodo
1551 4781 1658 4818 non
1708 4772 1826 4822 post

265 4767 372 4822 Sed
407 4770 452 4824 si
509 4769 558 4824 is
613 4767 716 4830 ἐςῖ,
781 4767 977 4820 mirum
1013 4767 1190 4832 valde,
1225 4767 1497 4836 quomodo
1551 4781 1658 4818 non
1708 4772 1829 4835 post

263 4836 554 4908 Georgium
588 4839 774 4908 saltem
832 4836 1254 4908 Alexandrinum
1292 4837 1695 4908 subscripserit.
1737 4836 1828 4908 qui

266 4905 452 5030 utiqtiit'e
504 4915 630 5030 arat:
659 4905 963 4962 Orientales
1009 4913 1062 4959 et
1115 4905 1282 4977 Syros
1316 4907 1601 4976 episc0pos
1653 4906 1829 4958 nomi-

266 4992 373 5030 nan
417 4993 479 5030 us
546 4993 642 5030 ιιι.

265 4981 479 5031 nandus
521 4977 642 5030 fuit.

336 5048 448 5116 (65)
487 5047 851 5115 Παγκράτιος
882 5047 1214 5112 ἐπίσκοπος
1247 5041 1748 5116 Πηλουσίρτμριιί
1777 5051 1832 5098 et

270 5113 558 5172 Sirmi‘ensi
590 5113 759 5172 tertiae
787 5116 1116 5170 Professioni
1140 5131 1266 5171 cum
1292 5115 1492 5180 Marco,
1520 5113 1737 5176 Basilio,
1769 5129 1832 5166 ac

269 5189 478 5256 caeteris
507 5188 924 5256 subscripserat.

339 5255 450 5326 (66)
495 5259 560 5310 Ol
585 5252 914 5324 νουτῖεχεῖς,
943 5256 1186 5326 ταύτην.
1213 5253 1391 5326 variae
1410 5265 1536 5326 sunt
1571 5253 1640 5307 ab
1675 5252 1834 5326 Aria-

271 5324 356 5380 nis
402 5324 636 5382 diversis
685 5326 1021 5395 temporibus
1069 5325 1228 5380 edit:e
1263 5325 1638 5395 Professiones
1669 5324 1831 5376 ﬁdei:

273 5409 502 5464 quarum
555 5410 748 5464 novem
799 5393 1023 5448 omnino
1072 5396 1139 5448 ad
1173 5393 1835 5464 ConstantinOpolitanum

273 5461 444 5534 usque
495 5463 940 5527 conciliabulum,
976 5465 1119 5534 quod
1146 5479 1177 5517 a
1207 5461 1549 5518 Seleucieusi’
1595 5461 1836 5534 prosilire

275 5532 370 5589 est‘
405 5535 677 5600 habitum,
736 5532 1008 5590 recenset"
1029 5533 1317 5598 Socrates,
1367 5534 1460 5586 sed
1505 5541 1559 5584 et
1593 5532 1836 5584 Athana-

277 5605 390 5656 sius
432 5607 522 5658 lib.
557 5605 634 5658 De
662 5607 876 5675 synod.,
908 5619 973 5657 ex
995 5619 1103 5673 quo
1137 5611 1316 5658 tamen
1345 5603 1534 5675 det-em
1570 5602 1837 5675 colligun-

281 5680 380 5726 tur.
443 5675 591 5740 Quas
661 5671 762 5729 hoc
832 5677 952 5731 loco
1012 5671 1278 5746 attingam
1341 5672 1593 5728 breviter.
1651 5671 1838 5724 Prima

1906 1837 2030 1892 nius
2081 1837 2368 1908 episc0pus
2418 1837 2734 1908 Oxyrinchi,
2787 1837 3134 1894 Theoctistus
3178 1839 3476 1910 episcopus

1906 1928 2238 1992 Ostracines,
2265 1928 2524 1984 Leontius
2567 1931 2854 1998 episcopus
2888 1929 3090 2000 Lydiae,
3137 1931 3477 1987 Theodosius

1908 2017 2203 2088 episcopus
2237 2016 2624 2086 Philadelphiae
2659 2017 2864 2088 Lydiae,
2913 2017 3152 2075 Phoebus
3185 2021 3478 2090 episcOpus

1912 2107 2327 2178 Polychalauda:
2369 2107 2568 2178 Lydiae,
2602 2107 2828 2179 Magnus
2867 2111 3157 2182 episc0pus
3197 2109 3480 2166 Themiso-

1911 2215 2036 2254 rum
2065 2199 2332 2270 Phrygiae,
2365 2198 2630 2270 Evagrius
2667 2201 2956 2270 episcopus
2985 2201 3266 2278 Mytilenes
3321 2203 3481 2257 insu-

1911 2293 2108 2355 larum,
2143 2290 2346 2364 Cyrion
2390 2291 2678 2362 episcopus
2725 2289 2997 2356 Doliches,
3038 2293 3317 2364 Augustus
3362 2294 3480 2361 epi-

1911 2399 2110 2454 scopus
2158 2381 2548 2453 Euphratesiae,
2603 2382 2794 2436 Pollux
2837 2383 3125 2454 episc0pus
3177 2383 3476 2452 provincia

1913 2475 2164 2532 secundae
2193 2467 2393 2546 Lybiae,
2433 2473 2760 2529 Pancratius
2791 2473 3080 2544 episc0pus
3109 2472 3335 2540 Pelusii,
3361 2473 3482 2528 Phi-

1889 2567 2122 2622 .licadus
2155 2567 2444 2636 episcopus
2486 2565 2925 2634 Augustadorum
2965 2564 3214 2637 Phrygiae
3253 2566 3479 2637 provin-

1914 2659 2032 2722 ciae,
2075 2657 2336 2726 Serapion
2381 2658 2672 2726 episcopus
2725 2655 3008 2726 Antipyrgi
3057 2651 3259 2727 Libyae,
3307 2656 3480 2710 Euse-

1926 2749 2050 2804 bius
2075 2747 2366 2816 episcopus
2394 2745 2635 2800 Sehastae
2656 2745 2980 2808 Palaestina),
3019 2744 3343 2802 Heliodorus
3367 2748 3486 2817 epi-

1917 2853 2116 2909 scopus
2160 2837 2375 2894 Sezusae
2427 2836 2769 2906 Pentapolis,
2817 2835 3135 2891 Ptolemaeus
3196 2838 3486 2908 episcopus

1917 2929 2194 2992 Thmueos
2245 2927 2964 2999 Augustonices,_Augarus
3024 2929 3313 2998 episcopus
3356 2929 3485 3000 Cyri

1918 3019 2256 3092 Euphrasize,
2295 3019 2584 3074 Exeresius
2634 3015 2921 3089 episcopus
2961 3017 3310 3086 Gerasorum,
3352 3021 3486 3073 Ara-

1919 3113 2048 3168 bion
2110 3113 2400 3182 episcopus
2455 3110 2798 3176 Adi-aerum,
2864 3109 3146 3166 Charisius
3198 3111 3486 3180 episcopus

1920 3203 2099 3272 Azoti,
2147 3203 2402 3259 Elissazus
2459 3204 2748 3272 episcopus
2805 3201 3301 3272 Diocletianopolis,
3352 3201 3486 3255 Ger-

1921 3307 2120 3348 manus
2177 3293 2465 3363 episcopus
2499 3291 2804 3356 Petrarum,
2851 3291 3149 3346 Barochius
3201 3294 3489 3363 episcopus

1923 3383 2154 3438 Arabiae.
2187 3381 2389 3440 Omnes
2413 3385 2651 3455 episcopi
2688 3401 2914 3440 numero
2940 3384 3120 3438 XLlll.

1995 3645 2270 3702 Hactenus
2337 3645 2794 3702 Scmiarianorum
2869 3655 2923 3702 et
2991 3645 3314 3700 Arianorum
3371 3648 3492 3702 lidei

1922 3738 2208 3806 expositio.

1993 3827 2158 3898 875
2200 3827 2416 3886 XXVII.
2464 3831 2600 3884 Cum
2649 3833 2789 3884 hanc
2834 3837 2887 3885 et
2939 3841 3163 3886 caatcras
3207 3832 3256 3885 id
3321 3845 3492 3903 genus

1937 4136 2058 4190 ﬁdei
2089 4135 2299 4196 ἐκθεσις
2327 4133 2622 4204 Aulim-hia:
2661 4133 3034 4188 Enrteniorum
3081 4123 3322 4204 tempore
3349 4136 3489 4189 scri-

1937 4215 2024 4274 pta
2067 4205 2380 4258 Marcellino
2418 4215 2470 4256 et
2515 4203 2748 4258 Probino
2797 4219 3078 4266 coss.,an.
3121 4203 3246 4274 54],
3290 4205 3380 4260 ubi
3423 4206 3491 4258 de

1933 4273 2089 4338 οὐσία
2127 4274 2352 4328 verbum
2406 4274 2646 4338 nullum;
2705 4274 2962 4334 secunda,
3019 4274 3070 4326 in
3119 4273 3306 4328 eodem
3358 4289 3492 4328 con—

1858 4373 1902 4427 D
1931 4331 2184 4427 ciliabnjo
2224 4344 2413 4422 edita,_
2439 4343 2600 4427 paulo
2633 4331 2899 4427 longior:
2931 4331 3040 4424 ubi.
3073 4342 3264 4427 Filium
3315 4344 3490 4427 Μονο-

1928 4415 2058 4483 γενῆ
2087 4411 2234 4476 Θεόν,
2257 4427 2322 4483 ac
2355 4411 2452 4480 τῆς
2477 4411 2661 4473 οὐσίας
2695 4411 2874 4483 εἰκόνα
2899 4415 3280 4476 nominarunt;
3311 4416 3487 4478 tertia,

1929 4481 2128 4538 ibidem
2175 4497 2203 4534 a
2245 4481 2627 4549 'l'heophrunio
2669 4482 3017 4550 conscripta:
3049 4497 3170 4550 quin
3206 4489 3260 4536 et
3303 4483 3490 4545 οὐσίας

1928 4553 2252 4608 vocabulum
2283 4551 2610 4620 supprimit;
2645 4561 2854 4620 quarta,
2883 4565 3086 4620 paucos
3119 4560 3242 4619 post
3275 4567 3490 4608 menses

1931 4639 2026 4693 per
2058 4623 2392 4693 Narcissum,
2427 4621 2636 4693 Mar-im,
2671 4623 2914 4693 aliosque
2945 4621 3226 4693 iuGallias
3254 4623 3320 4693 ad,
3347 4621 3492 4693 Eon-

1931 4691 2163 4746 stantem
2199 4692 2365 4746 missa
2395 4709 2406 4744 :
2438 4694 2492 4760 in
2527 4691 2628 4760 hac
2655 4691 2893 4745 damnati
2924 4692 3017 4760 qui
3043 4693 3285 4746 dicerent
3309 4691 3366 4754 ἐξ
3395 4693 3493 4744 οὐκ

1929 4761 2096 4816 ὄντων
2125 4762 2214 4814 τὸν
2256 4761 2396 4824 Υἱὸν,
2419 4759 2452 4830 ἢ
2477 4759 2548 4824 ’ἐξ
2577 4761 2770 4830 ἐτέρας
2797 4759 3166 4825 ὑποστάσεως.
3203 4761 3294 4814 καὶ
3323 4761 3395 4829 μὴ
3429 4763 3494 4814 ἐκ

1931 4832 2024 4884 τοῦ
2057 4831 2192 4884 Θεοῦ
2225 4831 2506 4899 γενέσθαι,
2555 4838 2648 4884 aut
2703 4831 2870 4886 fuisse
2899 4833 3193 4900 aliquando
3243 4838 3492 4900 tempus,

1933 4917 2054 4955 cum
2091 4915 2196 4954 non
2235 4898 2415 4964 esset;
2455 4902 2660 4968 quinta,
2692 4907 2813 4970 post
2858 4898 3162 4970 triennium
3183 4899 3236 4951 in
3289 4898 3490 4952 Italiam

1933 4971 2097 5024 missa
2126 4971 2508 5042 μακρόστιχος,
2528 4971 2630 5024 hoc
2656 4969 2738 5023 eSt
2763 4969 2972 5042 longior
2995 4969 3259 5042 appellata
3291 4985 3304 5032 ;
3327 4983 3492 5042 quam

1934 5039 2150 5108 quidem
2177 5039 2478 5093 Aritiochia:
2503 5047 2810 5094 contextam
2843 5042 2900 5108 in
2924 5039 3228 5091 Annalibus
3259 5039 3488 5104 reperio,

1936 5106 2028 5164 sed
2071 5111 2174 5162 hoc
2215 5125 2386 5178 neque
2453 5111 2702 5162 Socrates
2755 5123 2818 5160 ac
2879 5106 3256 5178 Soatinienus,
3317 5121 3492 5178 neque

1935 5180 2266 5233 Athanasius
2299 5176 2552 5232 referunt
2595 5195 2607 5230 :
2667 5179 2717 5246 in
2771 5191 2876 5244 qua
2915 5177 3012 5246 τῆς
3054 5176 3256 5246 οὐσίας
3287 5177 3493 5230 mentio

1936 5249 2118 5314 nulla;
2147 5259 2316 5312 sexta,
2337 5249 2391 5301 in
2415 5247 2650 5301 concilio
2681 5245 3174 5299 Sirmicnsicontra
3203 5245 3490 5300 l’hotiuum

1935 5319 2080 5373 edita
2116 5333 2260 5372 anno
2301 5318 2398 5371 351
2431 5335 2444 5370 :
2501 5318 2568 5370 de
2609 5329 2716 5384 qua
2761 5315 2814 5367 in
2863 5315 3238 5384 superioribus
3280 5315 3494 5368 abunde

1936 5389 2140 5442 dictum
2173 5397 2285 5452 est;
2317 5387 2552 5454 septima,
2589 5383 2771 5438 Sirmii
2803 5383 2948 5438 anno
2971 5385 3070 5438 557
3124 5384 3312 5439 Latine
3356 5387 3494 5438 seri-

1935 5467 2026 5526 pta
2060 5465 2163 5519 est,
2195 5457 2262 5510 de
2289 5471 2414 5526 qua,
2455 5465 2508 5508 ut
2561 5464 2615 5509 ct
2664 5455 2729 5508 de
2776 5465 2978 5526 octava,
3025 5469 3144 5524 qua:
3189 5455 3492 5526 Ariminum

1940 5523 2144 5596 perlata
2177 5535 2280 5589 est,
2305 5523 2607 5596 conscripta
2631 5540 2773 5596 anim
2805 5523 2930 5596 359,
2957 5527 3093 5578 satis
3119 5531 3277 5579 antea
3307 5525 3494 5594 dispu-

1939 5594 2204 5661 tavimus;
2248 5613 2404 5656 nona,
2449 5594 2532 5648 est
2573 5594 2840 5647 Acaciana
2887 5594 3146 5648 Seleucia:
3195 5597 3492 5664 proposita,

1941 5682 2102 5738 quam
2151 5683 2272 5723 cum
2331 5665 2611 5721 Su'uiiensi
2660 5665 2814 5720 tertia
2873 5667 3182 5722 cctisentire
3239 5673 3494 5718 auctores
