3822 6318
411 332 516 388 335

1820 332 1875 388 S.
1919 331 2256 388 EPlPllANll

3567 350 3686 404 456

411 448 536 502 fidei
593 445 966 517 expositiones
1020 461 1120 503 vos
1166 449 1366 519 legitis,
1423 447 1623 518 quibus
1686 449 1983 519 prudentize

2092 448 2294 512 θὸντες,
2330 448 2504 516 γνῶτε
2532 451 2650 514 πῶς
2698 452 3020 523 ῥᾳδιουργόν
3072 459 3187 508 ἐστι
3233 458 3295 509 τὸ
3337 459 3687 532 ἐπιχείρημα

409 542 550 594 inest
615 553 678 593 ac
721 537 914 608 jodicii
968 539 1239 600 nonnihil,
1293 540 1728 602 animadvertite,
1779 555 1983 609 quaeso,

407 643 570 698 quam
625 628 914 682 subdolum
971 643 1035 682 ac
1082 629 1413 683 malitiosum
1459 630 1530 684 sit
1578 630 1741 685 unius
1785 647 1850 685 ex
1898 631 1986 685 illa

409 727 555 774 secta
591 720 762 788 partis
811 719 1123 784 consilium,
1165 734 1228 772 ac
1257 720 1391 773 nihil
1417 727 1621 773 rectum
1647 721 1862 786 habeat,
1897 737 1989 776 ne-

409 826 514 879 que
543 811 625 864 vel
656 810 932 864 levissime
973 811 1170 864 divina:
1209 810 1331 864 fidei
1367 813 1438 864 sit
1471 810 1830 879 professionis
1858 828 1989 866 con-

394 907 749 960 ‘senta‘neum.
813 901 1025 957 Etenim
1083 903 1344 957 Dominus
1393 903 1465 956 ita
1524 903 1984 960 commonefecit:

412 996 564 1060 Quod
583 996 632 1047 in
655 1010 833 1048 aurem
861 992 1082 1056 auditis,
1107 993 1393 1062 prwdicate
1418 1008 1571 1062 super
1589 997 1784 1049 tccta‘.
1812 996 1988 1067 Atque

410 1097 468 1138 ut
503 1085 797 1155 Apostolus
845 1084 1136 1138 hortatur:
1187 1083 1471 1138 Veritatem
1521 1087 1876 1155 unusquisque
1910 1088 1989 1140 ιο-

408 1187 604 1242 quatur
632 1194 748 1230 cum
776 1177 1023 1248 proximo
1054 1193 1150 1229 suo
1172 1177 1212 1230 ⁸.
1246 1178 1312 1230 At
1337 1178 1606 1246 Propheta
1640 1178 1857 1232 illorum
1889 1179 1989 1232 im-

411 1269 737 1336 probitatem
767 1280 876 1321 non
927 1267 1044 1321 sine
1079 1266 1501 1335 reprehensione
1537 1267 1809 1321 declarat:
1855 1266 1987 1320 Cum

407 1362 668 1427 proximo,
696 1361 892 1428 inquit,
929 1359 1162 1428 loquitur
1190 1359 1448 1426 paciﬁca,
1481 1359 1537 1410 in
1575 1359 1732 1412 corde
1752 1375 1868 1412 vero
1893 1377 1987 1414 suo

409 1449 560 1502 habet
598 1448 1002 1512 inimicitiam‘,
1038 1448 1152 1501 sive
1194 1447 1473 1500 malitiam.
1523 1449 1672 1500 Talis
1716 1457 1801 1503 est
1851 1449 1990 1502 Aca-

411 1541 533 1592 cius
566 1541 668 1594 iste
712 1555 836 1592 cum
877 1539 1012 1594 suis.
1051 1536 1185 1591 Nam
1213 1553 1336 1592 cum
1366 1554 1425 1592 se
1474 1554 1503 1591 a
1541 1537 1743 1592 Basilio
1783 1547 1836 1592 et
1870 1539 1986 1608 ejus

410 1631 636 1684 asseclis
680 1630 1099 1698 disjunxissent,
1135 1641 1244 1697 quo
1291 1643 1430 1681 verae
1465 1627 1830 1682 confessionis
1867 1629 1988 1682 viu-

407 1722 589 1773 culum
627 1736 689 1775 ac
721 1737 918 1774 nexum
957 1721 1257 1773 dissolvere
1283 1720 1586 1788 cupientes,
1628 1718 1985 1773 adulterinam

2089 539 2320 610 θατέρου
2372 541 2549 594 αὐτῶν
2601 543 2694 594 τοῦ
2743 547 3107 615 συστήματος,
3151 550 3246 601 καὶ
3294 551 3448 603 οὐδὲν
3491 554 3685 624 ὀρθὸν,

2087 631 2208 684 οὐδὲ
2243 632 2416 703 βραχὺ
2447 633 2670 703 μετέχον
2694 635 2795 704 τῆς
2824 639 2963 690 κατά
2985 639 3117 693 Θεὸν
3140 641 3448 710 ὁμολογίας.
3470 645 3686 700 (tam:

2088 723 2195 792 γὰρ
2219 724 2248 775 ὁ
2282 723 2483 793 Κύριος
2513 724 2719 792 λέγων·
2750 729 2818 780 Ὃ
2857 731 2944 794 εὶς
2970 731 3036 782 τὸ
3071 728 3181 796 οὖς
3218 733 3545 800 ἠκούσατε,
3576 737 3686 790 ἐπὶ

2086 813 2208 866 τῶν
2233 813 2518 882 δωμάτων
2559 819 2880 884 κηρύξατε.
2906 821 3017 873 Καὶ
3050 821 3234 886 καθὼς
3267 826 3294 877 ό
3323 825 3475 893 ἆγιος
3513 829 3688 881 Ἀπό-

2089 905 2275 968 στολός
2317 923 2514 976 φησιν·
2557 905 2875 974 Ἀλήθειαν
2911 913 3170 965 λαλείτω
3225 914 3486 983 ἕκαστος
3520 921 3686 988 μετά

2089 997 2194 1050 τοῦ
2213 999 2482 1064 πλησίον
2507 1000 2694 1054 αὐτοῦ
2711 1015 2724 1028 ·
2738 1001 2837 1054 est
2859 1001 3149 1076 Προφήτης
3165 1002 3260 1076 τὴν
3272 1005 3476 1062 τούτων
3505 1011 3686 1063 κακό-

2089 1105 2236 1140 νοιαν
2283 1088 2572 1159 διελέγχων
2615 1092 2862 1159 ἐκφαίνει
2912 1094 3127 1161 λέγων·
3173 1098 3334 1150 Μετὰ
3367 1099 3472 1152 τοῦ
3517 1105 3686 1168 πλη-

2089 1181 2231 1233 σίου
2265 1181 2451 1234 αὑτοῦ
2480 1183 2659 1236 λαλεῖ
2681 1185 2969 1252 εἰρηνικὰ,
3014 1187 3084 1240 ὲν
3112 1187 3180 1241 δὲ
3213 1189 3287 1256 τῇ
3333 1192 3546 1260 καρδίᾳ
3571 1197 3684 1247 αὑ-

2088 1272 2196 1324 τοῦ
2248 1273 2371 1340 ἔχει
2415 1273 2529 1340 τὴν
2559 1275 2804 1342 ἔχθραν,
2856 1281 2952 1332 εἰτ’
2999 1276 3091 1334 οὖν
3123 1281 3352 1336 κακίαν·
3405 1284 3552 1338 οὕτω
3583 1288 3685 1339 καὶ

2088 1357 2234 1416 οὗτοι
2289 1368 2416 1434 περὶ
2465 1367 2738 1420 Ἀκὰκιον.
2775 1370 2871 1422 Ἐκ
2912 1371 3020 1424 τῶν
3081 1374 3210 1444 περὶ
3260 1374 3528 1443 βασιλέως
3570 1378 3590 1406 δ
3624 1379 3684 1430 δὲ

2089 1455 2429 1525 διῃρημένοι,
2464 1457 2770 1528 βουλόμενοι
2795 1459 2954 1513 λῦσαι
2980 1462 3068 1514 τὸν
3101 1463 3397 1533 σύνδεσμον
3423 1467 3519 1534 τῆς
3547 1468 3684 1536 ἀλη-

2089 1549 2243 1617 θινῆς
2291 1550 2602 1618 ὁμολογίας,
2640 1551 2791 1604 νόθον
2837 1553 2958 1607 τινὰ
2997 1557 3089 1606 καὶ
3127 1556 3396 1609 εὐάλωτον
3442 1561 3506 1611 ὲκ
3540 1578 3684 1614 παν-

2090 1639 2315 1708 ταχόθεν
2367 1641 2638 1710 ἀπολυτὴν
2691 1642 2874 1695 ἔθεντο
2918 1643 3152 1709 ἔκθεσιν,
3195 1648 3274 1709 εἰς
3315 1649 3377 1699 τὸ
3413 1648 3684 1703 δύνασθαι

2092 1733 2288 1794 αὐτοὺς
2332 1733 2438 1784 ἀπὸ
2477 1732 2684 1785 τούτων
2733 1733 2842 1786 τῶν
2878 1736 3206 1806 εἰρημένων,
3239 1741 3285 1790 εἰ
3319 1740 3417 1808 μὲν
3465 1740 3682 1795 θέλοιεν

410 1815 601 1866 nescio
632 1828 819 1880 quam,
851 1821 904 1865 et
939 1812 1004 1863 ad
1034 1809 1392 1864 refellendum
1429 1809 1667 1872 facilem,
1699 1817 1752 1863 et
1787 1811 1839 1863 in
1875 1825 1983 1862 om-

2095 1839 2246 1886 τινας
2275 1825 2509 1894 ἀπατᾷν,
2547 1825 2806 1878 δύνασθαι
2847 1826 3127 1897 ὁμολογεῖν
3165 1829 3224 1881 τὸ
3255 1829 3461 1884 δίκαιον
3483 1849 3495 1861 ·
3537 1835 3593 1885 εἰ
3623 1835 3683 1886 δὲ

407 1918 506 1956 nes
565 1909 747 1970 partes
800 1901 1119 1954 versabilem
1179 1901 1298 1952 fidei
1343 1897 1739 1967 professionem
1803 1899 1989 1954 edide-

407 2005 552 2054 runt,
595 2002 654 2046 ut
697 2009 762 2046 ex
809 2000 1073 2061 concepta
1127 1993 1242 2060 ipsa
1286 1991 1576 2043 verborum
1633 1988 1887 2052 formula,
1941 1991 1987 2042 Si

404 2085 603 2153 quibus
629 2084 908 2152 imponere
931 2082 1150 2145 vellent,
1182 2081 1384 2148 justam
1419 2095 1482 2133 ac
1519 2081 1813 2148 legitimam
1849 2097 1984 2134 con-

406 2177 699 2230 fessionem
737 2189 846 2243 prae
871 2190 930 2228 se
967 2173 1107 2226 ferre
1142 2173 1312 2226 videri
1345 2183 1586 2241 possent.
1624 2173 1718 2226 Sin
1749 2173 1989 2241 perﬁdia:

408 2283 522 2320 sua:
581 2266 731 2317 virus
779 2262 1085 2332 patefacere
1135 2272 1416 2328 cuperent,
1464 2263 1734 2331 ejusmodi
1776 2264 1884 2319 illis
1923 2265 1987 2318 ad

407 2369 629 2406 manum
659 2362 802 2406 esset
829 2352 950 2406 tidei
979 2351 1272 2420 professio,
1303 2364 1427 2420 quae
1457 2354 1712 2422 utrinque
1736 2365 1990 2422 spectans

400 2430 474 2494 ad
509 2442 804 2512 quamlibet
835 2442 1049 2494 illorum
1081 2441 1486 2496 simulationem
1514 2454 1699 2513 aptum
1728 2446 1987 2514 quiddam

405 2533 758 2601 exprimeret.
797 2530 901 2585 Sed
950 2532 1207 2599 quoniam
1253 2531 1309 2584 in
1350 2531 1452 2586 hoc
1486 2535 1670 2588 Acacii
1705 2538 1990 2591 conventi-

405 2621 554 2683 culo,
601 2622 742 2690 quod
798 2623 864 2675 ab
914 2623 1037 2676 aliis
1087 2622 1301 2677 duobus
1351 2632 1434 2678 est
1490 2625 1836 2694 sejunctum;
1876 2628 1988 2697 jam

407 2713 552 2764 enim
585 2712 823 2768 diximus
856 2723 968 2768 tres
996 2715 1049 2767 in
1077 2725 1260 2783 partes
1279 2715 1607 2772 Arianorum
1639 2728 1842 2773 sectam
1869 2736 1990 2776 esse

407 2803 661 2878 divisam.
728 2803 909 2868 Quare
965 2801 1278 2868 Eudoxius,
1329 2804 1667 2869 Germanus,
1724 2806 1989 2879 Georgius

405 2872 828 2958 Alexandrinus,
879 2893 1118 2949 Euzoius
1164 2895 1542 2953 Antiochenus
1594 2900 1648 2953 in
1692 2915 1854 2954 unam
1907 2901 1989 2956 fa-

403 2988 639 3039 ctionem
693 2986 962 3056 segregati
1029 2995 1190 3054 sunt;
1243 2987 1478 3044 Basilius
1527 3005 1658 3044 vero
1714 2992 1987 3057 Eleusius,

409 3079 747 3156 Eustathius,
774 3079 1042 3148 Georgius
1065 3061 1434 3146 Laodicenus,
1462 3082 1738 3152 Sylvanus
1759 3083 1991 3140 Tarsen-

406 3169 504 3229 sis,
539 3169 885 3223 Macedonius
914 3169 1578 3240 Constantinopolitanus,
1619 3182 1673 3227 et
1708 3174 1799 3228 alii
1839 3191 1983 3229 com-

2090 3164 2178 3250 νὲς
2208 3187 2335 3241 ἄλλο
2363 3190 2548 3261 τάγμα
2586 3193 2678 3245 καὶ
2720 3164 2864 3248 οὗτοι

408 3261 592 3325 plures
627 3259 924 3324 separatim
967 3275 1127 3312 suum
1159 3275 1361 3329 corpus
1393 3261 1725 3330 eﬂ‘ecerunt;
1756 3265 1989 3322 Aeacius

405 3349 662 3416 denique,
707 3358 763 3402 ut
795 3363 961 3418 supra
998 3349 1130 3413 dixi,
1169 3366 1292 3404 cum
1341 3351 1577 3417 Meletio,
1627 3354 1891 3427 Eutychio
1934 3369 1989 3413 et

408 3439 534 3493 aliis
559 3440 836 3494 nonnullis
869 3440 1060 3494 tertias
1095 3442 1150 3493 in
1180 3451 1363 3509 partes
1401 3443 1775 3501 discesserunt
1811 3469 1822 3502 :
1850 3466 1988 3520 quo-

407 3545 527 3582 rum
562 3530 838 3599 negotium
875 3546 1034 3584 omne
1066 3532 1298 3596 fraudis,
1333 3549 1396 3586 ac
1445 3537 1698 3604 nequitia:
1729 3540 1985 3607 plenissi-

409 3635 553 3672 mum
597 3621 717 3672 fuit.
761 3620 894 3673 Nam
929 3637 1053 3674 cum
1113 3637 1143 3674 a
1189 3638 1248 3676 se
1292 3623 1522 3678 invicem
1575 3628 1830 3696 opinione
1877 3631 1983 3683 non

407 3712 801 3780 discreparent,
861 3711 1218 3766 nihilominus
1265 3723 1445 3768 certas
1491 3715 1544 3768 in
1592 3715 1859 3774 factiones
1902 3721 1984 3774 di-

407 3802 546 3854 vulsi
587 3811 736 3864 sunt,
769 3801 897 3854 dum
929 3804 1170 3871 privatas
1201 3804 1341 3858 inter
1385 3821 1443 3859 se
1483 3806 1788 3865 simultates
1827 3827 1983 3866 exer-

407 3899 550 3953 cent,
582 3891 744 3944 veluti
775 3893 916 3960 quod
950 3892 1188 3962 Cyl-illus
1221 3893 1749 3966 llierosolymitanus
1792 3911 1844 3955 et
1878 3901 1981 3956 Eu-

407 4090 434 4124 a
477 4072 659 4127 Basilii
691 4073 914 4136 Galatae,
952 4085 1004 4129 et
1045 4076 1266 4139 Aniani,
1310 4078 1400 4146 qui
1431 4079 1730 4134 Antiochia:
1767 4082 1980 4136 ordina-

405 4261 599 4306 staret.
635 4253 772 4318 Quid
809 4264 987 4308 autem
1033 4259 1223 4310 attinet
1259 4259 1310 4311 in
1353 4274 1541 4313 eorum
1575 4262 1812 4316 cmtibus
1853 4279 1977 4333 par-

2091 1911 2374 1981 θελήσαιεν
2407 1916 2505 1983 τῆς
2551 1915 2758 1969 ἑαυτῶν
2799 1917 3115 1983 κακοδοξίας
3148 1919 3378 1988 ὲκφᾶναι
3412 1921 3472 1974 τὸ
3510 1922 3684 1994 δηλη-

2088 2005 2297 2074 τήριον,
2331 2006 2481 2059 ἔσται
2505 2008 2687 2070 αὐτοῖς
2708 2007 2842 2080 αὕτη
2867 2010 2899 2078 ἠ
2920 2009 3133 2072 ἐκθεσις
3160 2012 3684 2083 ἐπαμφοτερίζοντα

2089 2095 2188 2156 τὰς
2227 2097 2366 2163 πρὸς
2401 2098 2494 2150 δύο
2525 2100 2753 2169 σχέσεις,
2789 2101 2882 2152 καὶ
2913 2101 3188 2172 δυναμένη
3234 2107 3404 2156 ποιεῖν
3433 2106 3683 2177 ἑκάστης

2090 2185 2268 2237 αὐτῶν
2298 2190 2572 2259 ποιήσεως
2618 2190 2715 2261 τὴν
2757 2191 3066 2261 ὁμολογίαν.
3111 2193 3250 2245 Ἀλλ’
3285 2196 3589 2268 ἐπειδήπερ
3621 2199 3683 2250 ὲν

2090 2279 2156 2346 τῇ
2191 2279 2330 2331 κατὰ
2369 2279 2460 2332 τὸν
2506 2281 2759 2334 Ἀκάκιον
2787 2283 2956 2354 ταύτῃ
2985 2287 3052 2355 τῇ
3080 2284 3188 2336 ἀπὸ
3226 2285 3333 2338 τῶν
3375 2287 3551 2340 ἄλλων
3582 2288 3686 2340 δύο

2091 2370 2321 2422 συνόδων
2349 2371 2680 2446 διαιρεθείσῃ
2704 2374 2932 2444 συνόδῳ·
2957 2375 3164 2446 ἔφημεν
3183 2377 3289 2448 γὰρ
3306 2378 3419 2441 πῶς
3444 2380 3524 2441 είς
3548 2382 3683 2451 τρία

2089 2461 2339 2530 τάγματα
2371 2463 2403 2533 ὴ
2453 2463 2549 2533 τῆς
2585 2464 2878 2536 Ἀρειανῶν
2907 2466 3130 2538 διῃρέθη
3171 2468 3346 2532 τάξις,
3378 2471 3453 2533 ὡς
3497 2473 3527 2523 ό
3573 2472 3678 2541 μὲν

2089 2550 2358 2615 Εὑδόξιος,
2393 2555 2484 2605 καὶ
2513 2554 2808 2624 Γερμανὸς,
2836 2555 3105 2628 Γεώργιός
3129 2576 3188 2612 τε
3215 2561 3243 2613 ό
3267 2562 3678 2634 Ἀλεξανδρεὺς,

2090 2641 2328 2706 Εὑςώϊός
2353 2662 2412 2696 τε
2456 2645 2799 2715 Ἀντιοχείας,
2825 2649 2906 2710 είς
2931 2648 2987 2700 ἒν
3017 2649 3203 2719 τάγμα
3235 2653 3678 2725 ἀπεσχίσθησαν·

2091 2731 2370 2795 Βασίλειός
2402 2751 2461 2786 τε
2490 2736 2587 2810 καὶ
2614 2736 2906 2801 Ἐλεύσιος,
2943 2741 3235 2804 Εὐστάθιος
3266 2743 3359 2794 καὶ
3401 2744 3440 2794 Γ
3442 2743 3682 2815 εώργιος

2087 2824 2116 2874 ό
2149 2823 2486 2889 Λαοδικείας,
2537 2826 2819 2892 Σιλουανός
2849 2846 2906 2882 τε
2935 2831 2963 2881 ὁ
2993 2831 3228 2902 Ταρσοῦ,
3274 2835 3611 2900 Μακεδόνιος
3651 2841 3683 2890 ό

2090 2914 2746 2988 Κωνσταντινουπολίτης,
2799 2921 2892 2972 καὶ
2938 2921 3085 2975 ἄλλοι
3138 2923 3355 2987 πλείους
3404 2925 3680 2989 ὡσαύτως

2090 3005 2169 3067 είς
2206 3004 2264 3056 ἓν
2313 3006 2500 3076 τάγμα
2553 3008 2917 3079 διῃρέθησαν·
2954 3012 3209 3078 ’Λκάκιος
3252 3016 3309 3068 δὲ
3361 3017 3542 3080 πάλιν,
3597 3019 3681 3082 ὡς

2092 3100 2372 3167 προεῖπον,
2405 3101 2497 3152 καὶ
2522 3101 2801 3166 Μελέτιος,
2839 3103 2932 3156 καὶ
2966 3104 3245 3177 Εὑτύχιος,
3277 3109 3370 3162 καὶ
3398 3109 3546 3164 ἄλλοι
3585 3127 3678 3165 τι·

2907 3198 3181 3265 γεγόνασι,
3222 3200 3317 3252 καὶ
3354 3196 3422 3273 ἦν
3465 3202 3527 3255 τὸ
3561 3206 3678 3256 πᾶν

2079 3276 2314 3342 κυϐείας
2344 3279 2592 3349 ἔμπλεων
2619 3283 2679 3336 τὸ
2717 3285 2877 3356 ἔργον
2902 3303 2914 3316 ·
2945 3287 2981 3340 ἃ
3015 3288 3123 3360 γὰρ
3168 3290 3396 3353 ἕκαστος
3424 3294 3672 3364 ἐφρόνει,

2087 3369 2261 3423 ταῦτα
2296 3371 2389 3437 καὶ
2422 3372 2450 3422 ὁ
2472 3373 2657 3445 ἕτερος
2695 3374 2841 3448 εἶχεν
2866 3397 2879 3410 ·
2906 3384 2984 3444 εἰς
3028 3383 3302 3452 σχίσματα
3328 3383 3384 3436 δὲ
3411 3383 3673 3457 διῃρέθη-

2089 3473 2188 3510 σαν
2217 3459 2352 3528 πρὸς
2381 3459 2660 3548 ἀλλήλους,
2700 3465 2731 3536 ἢ
2767 3468 2913 3536 μίσει
2952 3472 3057 3524 τινὶ
3094 3472 3170 3541 τῷ
3206 3474 3340 3548 πρὸς
3377 3473 3666 3544 ἀλλήλους,

2085 3547 2173 3600 διὰ
2206 3549 2268 3601 τὸ
2316 3543 2581 3622 Κύριλλον
2618 3558 2709 3609 τὸν
2750 3559 3180 3633 Ἱεροσολυμίτην
3209 3543 3357 3635 ἰπρὺς
3405 3543 3673 3636 Εὐτύχιον

2085 3637 2232 3708 ἔχειν
2270 3641 2451 3712 μῆνιν,
2495 3647 2588 3698 καὶ
2615 3648 2875 3719 Εὐτύχίον
2911 3653 3049 3723 πρὸς
3095 3654 3392 3726 Κύριλλον·
3423 3653 3563 3710 εἶναι
3610 3659 3670 3712 δὲ

2084 3727 2173 3778 τὸν
2200 3729 2466 3800 Κύριλλον
2499 3735 2616 3805 ἅμα
2645 3737 2910 3810 Βασιλείῳ
2945 3741 3021 3812 τῷ
3047 3742 3280 3815 Γαλάτῃ,
3314 3746 3406 3798 καὶ
3433 3747 3667 3816 Ἀνιανῷ

2081 3816 2160 3887 τῷ
2188 3823 2578 3877 κατασταθέντι
2619 3827 2712 3879 ἐπὶ
2745 3829 2842 3899 τῆς
2879 3831 3236 3901 Ἀντιοχείας,
3277 3833 3368 3887 καὶ
3407 3835 3446 3886 Γ
3449 3838 3667 3907 εωργίῳ

2082 3907 2160 3977 τῷ
2186 3911 2534 3976 Λαοδικείας·
2563 3916 2615 3967 τί
2644 3916 2700 3970 δὲ
2740 3921 3137 3992 κατατρίὸομαι
3183 3925 3282 3987 τὰς
3311 3925 3491 3990 τάξεις
3523 3927 3665 3980 διαι-

409 3983 624 4050 tyehius
665 3993 882 4037 mutuas
917 3984 1231 4039 inimicitias
1263 3984 1542 4051 foverent;
1585 3989 1822 4058 Cyrillus
1850 4008 1979 4046 vero

2078 4001 2187 4071 ρῶν
2230 4019 2287 4053 τε
2332 4005 2426 4058 καὶ
2473 4006 2683 4075 λέγων;

2731 4010 3052 4084 Ἐλεύσομαι
3106 4015 3160 4067 δὲ
3209 4019 3289 4080 είς
3327 4017 3424 4080 τὰς
3455 4019 3662 4072 τούτων

2073 4091 2394 4158 ἀντιθέσεις,
2442 4099 2534 4148 καὶ
2563 4099 2875 4172 ἀνατροπὴν
2916 4104 3013 4173 τῆς
3061 4106 3292 4181 ἑκάστου
3339 4110 3542 4162 τούτων
3577 4111 3662 4163 δο-

399 4172 497 4218 tus
544 4173 661 4216 erat
695 4164 1008 4234 episcopus,
1047 4181 1109 4219 ac
1137 4165 1352 4238 Georgii
1398 4167 1689 4223 Laodiceni
1730 4174 1978 4240 partibus

2078 4178 2338 4250 λιότητος.
2370 4187 2462 4238 Δεῖ
2489 4187 2547 4239 δέ
2590 4205 2656 4258 με
2693 4164 2905 4261 πρῶτον
2935 4164 3063 4264 έέρι
3101 4167 3212 4248 τῶν
3248 4197 3349 4250 ὖστ

3349 4216 3373 4249 ε
3383 4216 3472 4269 ρον
3499 4217 3559 4266 γε
3569 4219 3662 4268 γο-

2073 4270 2241 4323 νότων
2287 4273 2488 4342 λέγειν.
2531 4279 2853 4352 Συμϐἑϐηκε
2894 4285 3002 4356 γὰρ
3030 4287 3188 4339 τοῦτό
3225 4306 3367 4341 τισιν
3411 4293 3491 4354 εἰς
3522 4293 3659 4360 ἀγαο

405 4341 604 4395 tiendis
651 4357 713 4394 ac
753 4346 1248 4400 commemorandis
1299 4355 1512 4416 tempus
1549 4350 1760 4403 terere?
1809 4350 1976 4407 Venio

2078 4358 2291 4431 θότητα,
2323 4341 2432 4419 τισὶ
2455 4368 2512 4420 δὲ

2537 4371 2617 4433 εἰς
2648 4374 2933 4444 πονηρίαν.

408 4432 571 4501 igitur
601 4435 666 4487 ad
708 4435 830 4489 illos
869 4453 1058 4491 omnes
1097 4439 1421 4496 refellendos
1475 4451 1529 4496 et
1572 4445 2006 4518 uniuscujusque
2059 4455 2228 4528 876
2277 4463 2596 4519 calliditatis
2655 4432 3021 4525 evertendam.
3056 4476 3378 4543 nequitiam.
3427 4476 3531 4532 Sed
3590 4478 3660 4532 de

407 4526 492 4578 his
560 4528 734 4594 prius,
791 4545 910 4597 qua:
965 4539 1150 4600 postea
1193 4537 1561 4604 contigerunt,
1598 4539 1889 4596 dicendum
1936 4547 2170 4607 videtur.
2193 4526 2362 4611 ilstud
2413 4561 2558 4613 enim

405 4615 527 4669 aliis
562 4618 626 4668 ad
664 4620 980 4686 pravitatem
1013 4624 1200 4676 cessit.

2607 4564 2784 4631 ipsum
2853 4570 3132 4625 nonnullis
3184 4572 3250 4625 ad
3306 4574 3654 4642 probitatem,

475 4704 708 4760 XXVill.
754 4707 961 4762 Etenim
1017 4711 1262 4768 Meletius
1310 4715 1379 4770 ab
1435 4717 1637 4772 Acacio
1676 4721 1976 4778 Antiochia:

475 4796 688 4821 ,ιε-μη,
744 4801 1025 4821 μεημηη
1095 4803 1183 4821 η.
1473 4810 1484 4820 .
1599 4812 1609 4821 .
1761 4815 1770 4821 -
1894 4817 1903 4821 -

2151 4730 2285 4783 Kll'.
2302 4731 2555 4799 Μελὲτιος
2575 4737 2672 4805 μὲν
2706 4741 2812 4810 γὰρ
2835 4744 2862 4794 ό
2887 4743 2942 4793 ὲν
2965 4745 3264 4819 Ἀντιοχείᾳ
3290 4755 3651 4821 κατασταθεὶς

401 4796 691 4853 ordinatus
738 4801 1050 4870 episc0pus.
1095 4803 1360 4877 Deinceps
1399 4810 1544 4863 enim
1598 4812 1700 4866 hoc
1746 4815 1977 4872 Aeacius

405 4891 742 4959 propositum
779 4893 986 4959 habuit,
1021 4897 1297 4964 paululum
1333 4909 1391 4953 ut
1422 4902 1490 4954 ab
1521 4903 1736 4958 illorum
1770 4909 1976 4964 nefario

401 4980 652 5049 dogmate
691 4981 1022 5050 deﬂecteret,
1056 4997 1110 5040 et
1146 5005 1312 5042 unum
1346 5007 1404 5045 se
1438 5008 1500 5045 ex
1536 4992 1867 5053 Orthodoxis
1899 5001 1976 5052 la-

400 5162 779 5220 confirmaret:
801 5169 998 5238 quippe
1031 5169 1276 5225 Meletius
1311 5172 1396 5225 hic
1421 5175 1487 5227 ab
1516 5175 1805 5232 Acacianis
1851 5195 1974 5249 par-

475 5316 490 5347 ⁸
521 5315 710 5371 Matth.
747 5337 800 5383 χ,
833 5321 918 5374 27.
1002 5324 1021 5352 ²
1061 5321 1259 5394 Ephcs.
1293 5341 1362 5390 tv,
1391 5327 1483 5380 25.

401 5469 550 5556 illius
579 5484 866 5556 asserunt;
899 5475 1122 5556 decima,
1153 5478 1623 5556 Constantinopoli
1651 5489 1715 5542 al‘
1745 5489 1963 5556 Acacio,

402 5541 667 5601 laudoxio,
705 5545 936 5623 aliisque
966 5548 1220 5602 conflata.
1263 5550 1392 5617 Qnre
1417 5541 1603 5618 οὐσίας
1643 5541 1704 5611 et
1725 5541 1965 5612 όποστάί

404 5624 544 5682 gem;
573 5627 793 5682 nomina
834 5623 1250 5673 commemorari
1294 5633 1468 5675 vetat:
1509 5627 1737 5680 similem
1780 5639 1958 5682 tamen

400 5675 548 5732 Patri
602 5679 797 5734 Filium
839 5699 960 5739 esse
1012 5688 1220 5742 deﬁnit.
1272 5691 1368 5744 llis

1563 5329 1582 5359 ³
1603 5328 1746 5385 Psal.
1788 5348 1958 5395 xxvii,
1997 5336 2048 5390 5.

2077 4817 2180 4870 ὑπὸ
2201 4820 2308 4875 τῶν
2328 4823 2455 4892 περὶ
2475 4825 2727 4881 Ἀκάκιον
2743 4846 2754 4857 ·
2775 4831 3021 4885 ἐντεῦθεν
3034 4834 3141 4906 γὰρ
3159 4817 3347 4905 γέγονε
3375 4843 3469 4896 τοῦ
3493 4817 3652 4900 Ἀκαζ

2076 4909 2196 4961 κίου
2223 4910 2491 4978 ἔνστασις,
2526 4917 2663 4989 ὑπὲρ
2697 4920 2790 4972 τοῦ
2823 4923 2922 4975 κᾶν
2968 4925 3146 4993 ὀλίγον
3191 4946 3244 4982 τι
3291 4934 3652 5007 ἀποστρέψειν

2073 5003 2172 5070 τῆς
2204 5005 2490 5070 κακοδόξω
2521 5009 2701 5062 αὐτῶν
2725 5012 2965 5082 γνώμης,
2999 5020 3089 5070 καὶ
3118 5021 3436 5091 ὑποφαίνειν
3461 5029 3650 5082 ἑαυτὸν

400 5079 570 5136 ceret,
612 5072 714 5125 hoc
743 5074 881 5143 ipso,
926 5079 1070 5146 quod
1101 5078 1375 5134 Meletium
1422 5083 1472 5134 in
1508 5085 1595 5137 illa
1631 5087 1976 5144 ordinatione

2078 5092 2231 5162 δῆθεν
2263 5097 2320 5148 ὲν
2365 5097 2683 5168 όρθοδόξοις,
2715 5072 2804 5156 έιά

2843 5105 2904 5158 τὸ
2943 5107 3237 5176 βεϐαιῶσαι
3267 5114 3358 5166 τὸν
3393 5133 3649 5191 προειρη-

2075 5185 2234 5251 μένον
2263 5187 2522 5243 Μελέτιον
2550 5193 2608 5243 ἐν
2641 5196 2706 5264 τῇ
2757 5198 3116 5252 καταστάσει·
3152 5185 3514 5271 κατασταθεὶς
3542 5185 3647 5278 γὰρ

2129 5335 2151 5366 ⁸
2174 5336 2298 5392 Cor.
2333 5342 2625 5401 Βασίλειον.

2073 5495 2407 5585 Athanasius
2440 5501 2845 5585 Antioclnia:_ab
2887 5511 3077 5566 iisdem
3121 5515 3240 5570 istis
3288 5520 3639 5585 publicatam,

2077 5566 2174 5646 ubi
2204 5572 2537 5646 superiorem
2573 5577 2966 5642 emendarunt,
3005 5597 3067 5636 ac
3112 5566 3641 5646 ἀίέέίιιῖιῖὲιὲίῑιῖιῖὶ-εέ

2073 5633 2564 5728 lli
2612 5651 2899 5728 pronuntia
2911 5633 3079 5707 runt':

2087 5703 2439 5769 Ἐξουκόντιοι
2474 5703 2731 5784 appellari
2774 5703 3079 5790 coeperunt.
