3822 6310
11 405 95 466 657
589 395 961 460 ADVEllSUS
1000 403 1343 460 llAillESES
1374 403 1503 458 LIB.
1546 401 1608 460 LI

1699 401 1839 458 ΓΟλΙ.
1881 401 1921 455 1.
1960 431 2028 442 --
2051 401 2321 458 ΗΑΞιὶΕὸ.
2356 402 2588 458 LXXIII.

3157 403 3263 466 458

11 519 297 586 ἱΜελέτιος
322 510 484 583 οὗτος
518 523 609 575 ὑπ’
635 521 815 575 αὐτῶν
851 521 962 575 τῶν
997 523 1125 593 περὶ
1158 522 1435 584 Ἀκάκιον,
1469 522 1582 573 ἐνο-

1699 518 1833 573 Libus
1859 520 2216 582 constitutus,
2255 533 2370 573 sua:
2397 518 2468 574 ab
2509 518 2646 588 ipsis
2676 518 2951 589 opinionis
2994 534 3117 576 esse
3143 537 3254 578 ere

12 615 170 684 μίξετο
206 614 339 686 παρ’
375 612 557 666 αὐτῶν
589 607 730 666 εῖναι
754 613 856 683 τῆς
900 612 1080 667 αὐτῶν
1111 611 1292 682 δόξης.
1317 610 1462 663 Ἀλλ’
1483 609 1579 679 οὐχ

12 703 197 774 εὒρέθη,
229 703 311 767 ῶς
354 703 547 756 πολλοὶ
587 704 716 774 περὶ
763 702 954 756 τούτου
1006 701 1434 772 ἀπαγγέλλουσι.
1466 700 1582 753 Νῦν

13 796 91 860 μὲν
129 792 234 864 γάρ
281 793 336 845 οἱ
394 790 548 864 αὐτῷ
596 793 1070 865 προσκεκλημὲνοι
1148 793 1242 846 καὶ
1291 791 1368 863 τῷ
1413 790 1580 845 αὐτοῦ

13 887 240 956 τάγματι,
275 886 395 940 ard)
428 885 526 940 τοῦ
571 887 777 939 ἐκεῖνον
835 886 934 956 μὲν
971 883 1254 956 δεδιῶχθαι
1287 885 1382 938 καλ⁵
1425 881 1583 936 ἐκϐε-

11 977 207 1048 ϐλῆσθαι
227 979 344 1032 exs
376 978 474 1032 τοῦ
509 979 638 1033 ῑδξου
672 978 886 1052 θρόνου,
905 978 986 1050 τῷ
1015 979 1194 1050 χρόνῳ
1221 979 1314 1033 καὶ
1338 981 1406 1049 τῇ
1440 993 1582 1049 παρ⁴

12 1074 115 1142 ολκῇ
181 1069 278 1124 τοῦ
332 1069 623 1142 δεδιῶχθαι
669 1071 1095 1143 προσϐαίνοντες
1143 1071 1239 1125 καὶ
1293 1069 1580 1143 προστιθέ-

13 1182 134 1235 pm:
159 1164 247 1218 διὰ
285 1163 384 1218 τὸν
420 1164 553 1236 Θεὸν
588 1163 986 1236 όρθοδοξοῦσιν.
1025 1160 1207 1218 Ἦσαν
1254 1165 1352 1236 μὲν
1387 1164 1495 1238 γὰρ
1531 1165 1580 1218 οἱ

12 1259 103 1311 'm‘.
123 1256 343 1321 πλείους
357 1254 459 1310 τοῦ
487 1255 767 1327 τάγματος
782 1256 972 1311 τούτου
997 1256 1094 1310 τοῦ
1122 1257 1222 1328 τῆς
1248 1258 1490 1322 συνόδου,
1506 1258 1580 1322 οἳ,

15 1351 318 1425 ἐπισκόπους
341 1349 608 1414 ἑαυτοὺςι
636 1349 1065 1416 κατατάξαντες,
1088 1348 1411 1422 ὁμολογοῦσι
1452 1351 1582 1421 περὶ

15 1443 115 1496 llo-3
145 1441 511 1514 θαυμαστῶς,
541 1442 635 1495 καὶ
662 1441 723 1495 τὸ
747 1440 1034 1512 ὀμοούσιον
1060 1443 1161 1496 οὐκ
1194 1442 1545 1496 ὲκδάλλουσιν
1567 1460 1580 1475 ο

14 1538 121 1589 am
151 1535 242 1590 ita".
266 1537 330 1587 ὲν
382 1535 610 1606 ἑτοίμῳ,
643 1533 718 1598 ῶς
745 1536 766 1567 ⁸
798 1552 956 1603 φασι,
1003 1533 1163 1589 τοῦτο
1195 1535 1360 1606 ἔχειν,
1392 1537 1441 1588 εἰ
1486 1535 1580 1602 γὲυ

21 1646 125 1681 ιοιτο
161 1627 388 1696 σύνοδος
439 1626 641 1690 τελεία,
678 1627 985 1696 ὁμολογεῖν,
1027 1627 1122 1681 καὶ
1158 1627 1233 1698 μὴ
1278 1626 1580 1700 ἀρνεῖσθαι.

17 1721 303 1793 Συμϐἑόηκε
336 1720 456 1792 γὰρ
488 1719 649 1774 αὑτὸν
681 1719 775 1773 τὸν
816 1720 1215 1792 προειρημένον
1257 1719 1582 1792 τιμιώτατον

1682 609 1934 666 debatur.
1985 609 2181 664 Verum
2215 611 2356 667 alius
2385 621 2469 667 est
2507 619 2777 683 repertus,
2810 619 2870 668 ut
2907 612 2976 668 de
3003 628 3070 669 eo
3099 615 3266 685 pleri-

1684 718 1791 773 que
1835 712 2085 759 narraut.
2119 703 2274 759 Nunc
2319 705 2464 758 enim
2499 704 2593 775 qui
2637 705 2705 760 ad
2747 705 2898 762 illum
2938 714 2990 760 et
3038 706 3105 762 ad
3144 707 3266 777 ejus

1684 806 1888 850 emtum
1921 797 2135 867 seipsos
2184 797 2576 867 adjunxeruut,
2621 812 2687 851 ex
2731 811 2798 852 eo
2829 798 2972 870 quod
3005 813 3246 868 persecu-

1682 887 1832 942 tione
1885 887 1977 943 ille
2002 888 2246 957 jnctatus
2302 897 2356 944 et
2399 904 2430 943 e
2465 889 2596 944 sede
2649 904 2749 945 sua
2789 890 3118 946 deturbatus
3156 897 3265 955 est,

1681 981 1951 1051 temporis
2002 996 2158 1035 mora
2219 988 2275 1035 et
2317 983 2722 1052 persecutionis
2756 983 3155 1054 longinquitate
3206 997 3270 1041 so

1681 1071 1750 1126 ad
1801 1073 1954 1128 illum
2006 1083 2386 1144 aggregantes,
2443 1073 2536 1130 Dei
2579 1091 2748 1130 causa
2797 1075 3070 1130 sinceram
3107 1073 3268 1130 tidem

1681 1163 2110 1234 amplectuntur.
2146 1163 2429 1234 Siquidem
2462 1166 2769 1234 complures
2802 1180 2868 1220 ex
2903 1161 3052 1219 illius
3087 1164 3273 1220 conci-

1683 1255 1740 1310 lii
1771 1265 1919 1312 etetu
1959 1257 2143 1328 populi
2195 1256 2416 1313 luerunt
2451 1259 2568 1328 qui,
2612 1259 2887 1328 episcopis
2911 1256 3272 1328 sibimetipsis

1683 1349 2014 1421 praepositis,
2071 1350 2357 1405 mirilicam
2393 1350 2461 1406 de
2504 1349 2644 1406 Filio
2695 1351 3095 1422 professionem
3146 1348 3273 1404 lidei

1685 1457 1793 1512 [περ
1839 1457 1898 1497 se
1933 1440 2135 1505 lerunt,
2170 1457 2272 1496 nec
2304 1441 2780 1507 consubstantiale
2809 1442 3132 1513 repudiant;
3179 1454 3274 1495 ve-

1681 1549 1804 1588 rum
1851 1541 2077 1603 paratos
2125 1549 2184 1590 se
2234 1550 2358 1590 esse
2391 1533 2607 1600 dicunt,
2651 1535 2696 1590 si
2743 1534 2985 1605 perlecta
3029 1532 3267 1606 synodus

1683 1637 1932 1698 cogatur,
1980 1628 2128 1682 istud
2161 1628 2340 1698 ipsum
2369 1626 2637 1699 profiteri,
2675 1642 2776 1682 nec
2813 1627 2926 1682 ullo
2969 1627 3134 1682 modo
3174 1643 3276 1684 ne-

1683 1735 1832 1790 gare.
1876 1718 2020 1775 Sane
2044 1719 2266 1790 quidem
2308 1719 2414 1774 hoc
2446 1720 2743 1775 venerabili
2780 1719 2858 1774 illi
2891 1719 3107 1776 Meletio
3135 1736 3273 1776 con-

18 1815 100 1866 ἀπὸ
127 1814 232 1868 τῶν
255 1813 566 1886 Ἀρειανῶν
595 1812 703 1868 τῶν
732 1812 862 1886 περὶ
884 1813 1140 1869 Ἀκάκιον
1173 1812 1585 1868 κατασταθέντα

1699 1810 1832 1880 .igit,
1877 1809 1972 1881 qui
2017 1811 2087 1865 ab
2127 1810 2350 1866 Arianis
2404 1818 2458 1867 et
2503 1811 2688 1866 Acacii
2723 1812 2972 1884 partibus
3009 1812 3276 1868 constitu-

220 1884 564 1980 προσομιλίᾳ
596 1907 672 1972 ὡς
704 1884 961 1979 ἀπαρχὴν
999 1905 1094 1960 ἐπὶ
1126 1906 1225 1977 τῆς
1271 1905 1585 1976 Ἀντιοχέων

1699 1910 1780 1960 Lus
1817 1913 1902 1960 est
1935 1922 1949 1958 :
1992 1903 2230 1975 primum
2264 1914 2324 1960 ut
2361 1903 2666 1960 Antiochize
2707 1905 2762 1960 in
2793 1905 3024 1962 ecclesia
3063 1921 3278 1962 sermo-

21 2002 377 2074 ἐξηγήσασθαι
396 2003 492 2056 ἐπὶ
516 2004 614 2074 τῆς
631 2000 928 2073 ἐκκλησίας
945 2017 958 2032 ·
985 2001 1082 2054 καλ⁸
1121 1999 1197 2064 ὡς
1229 1999 1328 2071 μὲν
1349 2000 1398 2054 oi.
1430 1999 1587 2053 πλείο

22 2115 92 2162 ους
120 2096 303 2167 φασὶν,
326 2092 632 2168 όρθοδόξως
655 2109 669 2123 ·
701 2093 800 2166 τὴν
831 2093 887 2147 δὲ
915 2091 1082 2148 αὑτοῦ
1108 2091 1371 2164 ἐξήγησιν
1402 2088 1590 2145 ἐνταῦ-

21 2189 71 2241 θα
100 2189 512 2262 παραθήσομαι.
541 2188 655 2242 Καὶ
694 2186 840 2243 ἐστιν
865 2185 983 2258 ἦδε.

275 2479 675 2549 Ἀντιγραφον
714 2477 953 2548 ὁμιλίας
985 2476 1304 2532 Μελετίου.

76 2568 190 2624 KG'.
241 2571 303 2624 '0
397 2569 499 2641 μὲν
570 2567 884 2641 σοφώτατος
933 2567 1372 2639 Ἐκκλησιαστής
1425 2582 1590 2637 φησιν

26 2660 196 2730 ἀγαθὴν
258 2661 511 2733 ἐσχάτην
565 2659 724 2729 λόγου
781 2660 926 2731 ὑπὲρ
978 2659 1154 2732 ἀρχὴν
1210 2657 1377 2714 αὐτοῦ
1400 2675 1415 2690 ·
1478 2659 1590 2730 ὅσῳ

27 2752 232 2821 ιρείττὸν
266 2754 396 2806 ἐστι
424 2752 521 2806 καὶ
569 2751 978 2824 ἀσφαλέστερον
1014 2750 1286 2806 παύεσθαι
1315 2751 1417 2822 τῆς
1462 2751 1590 2824 περὶ

31 2843 70 2896 τὸ
92 2844 256 2913 λέγειν
295 2844 571 2913 ἀγωνίας,
602 2843 637 2916 ἢ
675 2843 938 2916 ἄρχεσθαι
958 2861 973 2874 ·
1007 2842 1222 2916 μάλισθ’
1247 2843 1337 2898 ὅτε
1371 2843 1399 2895 ὁ
1428 2842 1592 2907 αὐτὸς

31 2936 430 3010 ’ἓκιιλησιαστής
467 2953 664 3010 φησιν’
694 2937 858 3004 Αὕτη
891 2936 929 3004 ή
969 2936 1158 3006 σοφία
1197 2934 1306 2990 τοῦ
1332 2933 1591 3004 πένητος

29 3028 461 3100 ἐξουθενημένη,
481 3029 581 3084 καὶ
596 3031 650 3084 ol
672 3029 845 3099 λόγοι
867 3027 1055 3089 αὐτοῦ
1071 3028 1184 3082 οὐκ
1200 3026 1362 3081 εἰσιν
1384 3025 1594 3082 ἀκουό-

30 3141 189 3190 mror
221 3125 422 3197 ἐπειδὴ
457 3124 521 3179 τὸ
578 3122 739 3196 σῶμα
795 3122 896 3194 οὐχ
943 3121 1004 3176 ἓν
1052 3121 1170 3175 ἐστι
1227 3119 1409 3192 μέλος,
1453 3119 1591 3174 άλλά

1691 2010 1816 2050 nem
1847 1993 1915 2049 ad
1952 1995 2214 2066 populum
2244 1995 2467 2059 laceret,
2501 2009 2566 2050 ac
2592 1995 2741 2050 velut
2768 1995 3034 2065 quasdam
3078 2009 3275 2050 mune-

1689 2085 1769 2142 ris
1807 2085 1891 2140 sui
1937 2083 2212 2155 primitias
2247 2083 2558 2139 exhiberet.
2605 2082 2779 2150 Quem
2821 2083 3039 2154 quidem
3061 2099 3274 2140 sermo-

1689 2190 1812 2231 nem
1857 2175 2106 2246 plerique
2154 2189 2280 2230 cum
2331 2184 2478 2230 recta
2521 2173 2626 2229 lide
2673 2184 3102 2229 consentaneum
3154 2189 3278 2230 esse

1691 2266 2047 2332 confirmant;
2093 2281 2219 2322 eum
2252 2281 2354 2321 nos
2401 2265 2491 2320 hic
2513 2264 2898 2321 ascribeudum
2943 2267 3284 2349 putavimus,

1689 2361 1786 2432 qui
1823 2368 1908 2417 est
1929 2359 2221 2431 ejusmodi.

1921 2473 2231 2544 Exemplum
2269 2477 2526 2531 sermonis
2559 2494 2591 2531 a
2617 2473 2826 2530 Meletio
2863 2475 3052 2530 habiti.

1761 2566 1954 2625 XXIX.
1999 2567 2277 2624 Meliorem
2302 2568 2576 2640 principio
2598 2567 2870 2624 sermonis
2897 2568 3101 2622 exitum
3133 2582 3276 2624 esse.

1693 2662 2138 2733 sapientissimus
2193 2660 2558 2718 Ecclesiastes
2613 2655 2857 2716 asseruit
2881 2659 2920 2725 ³,
2992 2667 3277 2733 propterea

1691 2752 1836 2826 quod
1865 2768 1894 2808 a
1922 2752 2140 2826 dicendi
2165 2753 2520 2808 contentione
2569 2766 2634 2806 ac
2663 2749 3036 2806 sollicitudine
3059 2764 3282 2805 cessare

1691 2845 1851 2914 longe
1893 2852 1998 2907 est,
2031 2857 2194 2914 quam
2248 2841 2398 2897 illam
2452 2841 2729 2904 inchoare,
2766 2838 2962 2895 melius
3008 2853 3073 2894 ac
3120 2852 3283 2893 secu-

1692 2931 1831 2990 rius.
1856 2919 2167 2988 Pmsertim
2196 2947 2319 2986 cum
2358 2930 2499 2986 idem
2529 2930 2619 2984 hic
2645 2927 3008 2984 Ecclesiastes
3037 2927 3238 2983 dixerit
3267 2943 3280 2981 τ

1691 3027 1811 3084 Ista
1843 3027 2090 3097 pauperis
2129 3025 2394 3097 sapientia
2423 3031 2754 3092 contempta,
2784 3033 2832 3076 et
2860 3035 3125 3076 sermones
3163 3020 3280 3090 ejus

1693 3136 1797 3174 non
1830 3115 2185 3174 audiuntur‘.
2225 3114 2346 3171 Jam
2383 3128 2517 3171 vero
2553 3128 2679 3169 cum
2718 3125 2924 3183 corpus
2962 3109 3141 3182 ipsum
3168 3125 3282 3165 non

31 3218 198 3273 πολλά·
234 3220 418 3274 πάντα
451 3217 509 3271 δὲ
563 3216 806 3289 μεριμνᾷ
853 3214 995 3285 ὑπὲρ
1035 3212 1284 3286 ἀλλήλων
1323 3211 1392 3266 τὰ
1428 3210 1589 3283 μέλη,

1699 3229 1866 3268 unum
1911 3212 1986 3269 sit
2024 3209 2363 3276 membrum,
2404 3208 2499 3265 sed
2543 3223 2610 3262 ex
2647 3205 2901 3279 pluribus
2940 3211 3282 3272 contextum,

33 3311 100 3364 lu
125 3313 190 3383 μὴ
219 3313 430 3384 σχίσμα
469 3306 505 3384 ᾖ
538 3313 597 3366 ὲν
625 3309 705 3382 τῷ
735 3307 952 3380 σώματι
971 3323 986 3339 °
1019 3307 1116 3362 καὶ
1155 3305 1217 3360 οὐ
1261 3304 1482 3359 δύναται
1511 3305 1588 3358 εἰ·

33 3407 126 3457 πεῖν
169 3407 201 3476 ἡ
250 3404 473 3477 κεφαλὴ
523 3405 638 3468 τοῖς
691 3403 849 3457 ποσίο
887 3401 1094 3475 Χρείαν
1129 3400 1283 3471 ὑμῶν
1323 3400 1425 3453 οὐκ
1455 3397 1582 3470 ἔχω.

165 3496 192 3549 ό
216 3493 352 3559 Θεὸς
380 3493 719 3564 συνεκέρασε
749 3491 810 3546 τὸ
840 3491 1023 3562 σῶμα,
1053 3490 1300 3554 δεδωκὼς
1330 3489 1409 3559 τῷ
1440 3489 1589 3542 ὑστε-

35 3585 241 3655 ρουμένῳ
265 3583 673 3655 περισσοτέραν
698 3581 1018 3653 τιμήν.”οτι
1046 3579 1145 3652 μὲν
1165 3575 1258 3633 οὖν
1288 3576 1589 3651 ἀπαραίτη-

33 3675 101 3727 τόν
145 3677 254 3732 ἐστι
281 3675 598 3747 κινουμένῳ
641 3673 804 3728 παντὶ
840 3673 918 3744 τῷ
948 3671 1160 3743 σώματι
1202 3670 1278 3744 μὴ
1313 3670 1586 3738 συγκινεῖ-

37 3765 148 3834 σθαι,
178 3767 404 3822 αὐτόθεν
430 3766 588 3837 δῆλόν
612 3767 750 3821 ἐστι.

89 4036 202 4090 Τίνα
242 4037 287 4092 δ’
329 4035 400 4091 ἄν
437 4053 523 4100 τις
561 4033 658 4088 τοῦ
699 4033 860 4104 λόγου
911 4031 1004 4087 τοῦ
1045 4032 1183 4104 πρὸς
1227 4031 1372 4103 ὑμᾶς
1413 4030 1587 4104 ἀρχὴν

39 4129 308 4199 aequasse;
343 4129 416 4182 Ἦ
451 4127 632 4200 δῆλον,
663 4125 762 4191 ὡς,
799 4124 1003 4189 παντὸς
1037 4123 1343 4195 ἀρχομένου
1371 4124 1467 4178 καὶ
1506 4124 1590 4177 λό-

39 4235 109 4284 ιω
144 4223 230 4275 καὶ
272 4220 484 4292 ἔργου,
513 4219 784 4290 προσήκει
816 4217 917 4288 τὴν
947 4217 1174 4288 εἰρήνην
1207 4215 1385 4288 ἀρχὴν
1413 4217 1586 4269 ποιεῖ-

43 4309 136 4363 a‘n:
165 4314 250 4366 καὶ
285 4311 468 4376 τέλος,
495 4309 592 4362 καὶ
625 4307 718 4361 ἀπ’
755 4307 929 4376 αὐτῆς
972 4304 1342 4377 ἀρχομένους,
1373 4307 1468 4359 κα)⁸
1506 4307 1587 4370 εἰς

41 4401 171 4475 diripi
198 4403 570 4474 καταλήγεινς
605 4397 778 4455 Τοῦτο
823 4398 932 4469 γάρ
981 4415 1146 4470 φησιν
1195 4398 1225 4452 ὁ
1261 4395 1588 4460 Ἀπόστολος

44 4495 376 4567 ἀποθήσεσθαι
399 4495 481 4557 εἰς
509 4491 784 4563 σωτηρίαν
808 4491 896 4545 διὰ
919 4491 1018 4562 τῆς
1048 4489 1207 4562 ἡμῶν
1231 4489 1470 4561 δεήσεως
1493 4489 1588 4542 καὶ

1695 3321 1818 3377 qua:
1846 3303 2029 3361 omnia
2074 3302 2142 3359 de
2179 3318 2238 3358 se
2286 3311 2478 3356 mutuo
2527 3299 2762 3356 sollicita
2801 3307 2950 3366 sunt,
3000 3312 3070 3353 ne
3109 3296 3282 3352 ullum

1696 3402 1767 3452 sit
1797 3396 1852 3452 in
1892 3383 2124 3465 corpore
2161 3392 2493 3458 dissidium;
2536 3405 2713 3461 neque
2751 3396 2914 3460 caput
2944 3387 3172 3459 pedibus
3200 3387 3285 3443 di-

1696 3504 1822 3544 cere
1849 3493 2027 3559 potest
2056 3506 2070 3542 :
2098 3483 2246 3539 Nihil
2278 3483 2439 3539 vobis
2469 3497 2609 3553 opus
2645 3480 2842 3536 habeo.
2889 3477 3091 3534 Verum
3135 3477 3282 3535 Deus

1696 3595 1898 3651 corpus
1927 3578 2004 3632 ita
2030 3576 2373 3648 temperavit,
2413 3583 2470 3629 ut
2499 3573 2548 3629 ei
2585 3573 2746 3644 parti,
2782 3587 2904 3643 qua:
2938 3571 3105 3642 877
3128 3570 3284 3626 deteo

1696 3673 1811 3728 rior
1862 3677 2048 3733 esset,
2109 3668 2570 3723 abundantiorem
2631 3666 2898 3722 honorem
2958 3663 3214 3722 tribuerit
3236 3666 3278 3720 '.

1697 3765 1872 3820 Porro
1899 3777 2024 3819 cum
2061 3767 2234 3816 totum
2269 3761 2449 3830 ipsum
2479 3775 2682 3830 corpus
2718 3767 2990 3824 movetur,
3028 3771 3284 3814 necessa-

1695 3858 1840 3913 rium
1879 3869 2004 3912 esse
2033 3855 2274 3926 penitus,
2302 3863 2361 3907 ut
2405 3853 2635 3925 singulae
2668 3859 2853 3924 partes
2885 3866 2990 3906 una
3021 3864 3282 3906 movean-

1696 3960 1806 4014 tur,
1837 3948 1923 4004 vel
1963 3947 2089 4002 imle
2117 3953 2376 4002 constare
2403 3953 2602 4017 petest.

1769 4038 1994 4112 Ecquod
2031 4053 2161 4094 vero
2190 4035 2393 4096 dicenti
2437 4035 2566 4089 milii
2604 4033 2746 4106 apud
2783 4048 2881 4088 vos
2911 4030 3281 4087 adhibendum

1695 4142 1782 4190 est
1824 4132 2092 4188 orationis
2133 4129 2455 4189 exordium?
2488 4127 2570 4182 An
2611 4127 2716 4182 hoc
2763 4125 3112 4196 perspicuum
3154 4130 3278 4178 est:

1698 4240 2082 4299 quemcunque
2124 4236 2434 4279 sermonem
2479 4222 2562 4276 vel
2618 4235 2756 4290 opus
2793 4218 3135 4290 aggrediare,
3175 4217 3284 4273 ini-

1697 4321 1832 4376 tium
1864 4325 1920 4375 et
1961 4317 2167 4374 exitum
2203 4330 2233 4370 a
2262 4315 2416 4386 pacis
2448 4313 2726 4369 mentione
2755 4327 2879 4368 esse
2911 4310 3237 4381 capiendum
3262 4349 3279 4374 ,

1698 4416 1757 4464 ut
1791 4409 1860 4465 ab
1889 4424 1950 4464 ea
1985 4416 2042 4464 et
2071 4405 2377 4472 ordiamur,
2423 4412 2478 4458 et
2520 4401 2576 4457 in
2623 4417 2742 4458 eam
2788 4400 3145 4457 desinamus?
3168 4399 3282 4456 lloc

1696 4502 1844 4557 enim
1867 4500 2045 4570 ipsum
2064 4496 2130 4552 ad
2157 4497 2386 4553 salutem
2411 4491 2756 4572 profuturum
2779 4492 2936 4548 docet
2957 4492 3280 4564 Apostolus,

44 4589 362 4660 ἐπιχορηγίας
397 4582 494 4640 τοῦ
523 4583 875 4655 Πνεῦματος,
915 4580 945 4634 δ
971 4580 1186 4634 δίδωσιν
1231 4578 1440 4649 Ἰησοῦς
1475 4579 1589 4642 τοῖς

1699 4601 2010 4651 nostrarum
2042 4589 2264 4662 quidem
2306 4588 2622 4644 orationum
2669 4585 2931 4657 suﬂragio
2975 4587 3282 4642 communi-

48 4679 350 4735 πιστεύουσιν
373 4678 456 4741 εις
496 4675 678 4733 αὐτόν.
703 4673 813 4728 Καὶ
838 4670 948 4727 εἴτε
964 4670 1249 4743 οἰκοδομὴν
1269 4669 1458 4742 λαλοιη
1477 4687 1585 4736 τις,

48 4771 126 4825 εἴτε
155 4771 517 4845 παράκλησιν,
547 4768 660 4822 εἴτε
689 4763 1038 4839 παραμύθιον
1067 4763 1312 4834 ἀγάπης,
1340 4763 1448 4816 εἴτε
1475 4777 1591 4815 xor.-

49 4866 201 4919 mviav
231 4864 589 4935 Πνεῦματος,
625 4859 713 4915 διὰ
739 4859 837 4930 τῆς
866 4857 1008 4912 κατὰ
1036 4855 1170 4911 Θεὸν
1203 4855 1586 4927 παραγίνεται.

49 4957 102 5008 03
141 4961 234 5033 μὴν
276 4960 449 5014 πᾶσιν
491 4953 832 5026 ἀδιορίστως,
875 4951 1012 5006 ἀλλὰ
1043 4952 1156 5015 τοῖς
1202 4947 1460 5018 ἀγαπῶσι
1498 4947 1592 5001 τὸν

51 5049 204 5119 νόμον,
237 5052 317 5116 ὡς
356 5051 388 5103 δ
432 5048 722 5121 προφήτης
753 5043 922 5116 φησί’
953 5043 1046 5098 τὸν
1073 5042 1238 5114 νόμον
1269 5041 1332 5096 οὐ
1358 5041 1449 5095 τὸν
1489 5057 1594 5094 σω-

53 5145 253 5211 μιτικὺν,
300 5143 362 5209 ὃς
399 5140 587 5196 εἰκόνα
626 5138 720 5194 καὶ
754 5137 912 5193 σκιάν
947 5137 1061 5208 ἔχει
1104 5135 1216 5189 τῶν
1264 5133 1590 5206 μελλόντων,

53 5235 257 5292 illiti-ev
288 5231 684 5306 πνευματικὸν,
728 5232 787 5296 δς
835 5231 1017 5301 σοφῶς
1061 5227 1436 5284 άνακαλύπτει
1484 5227 1593 5280 τῶν

54 5329 584 5402 πρωναφωνηοιντων
621 5327 720 5398 τὴν
758 5323 1001 5379 εκσασιν.
1039 5320 1268 5391 mmini
1305 5321 1437 5392 γὰρ.
1484 5337 1591 5390 φηο

57 5420 119 5483 τὶ,
145 5423 332 5492 πολλὴ
363 5421 488 5489 τοῖς
524 5414 802 5490 ἀγαπῶσι
827 5430 934 5478 σε,
967 5415 1068 5469 καὶ
1109 5417 1223 5470 οὐκ
1257 5414 1429 5468 ἔστιν
1491 5412 1595 5465 αὑ-

59 5514 147 5580 τοῖς
173 5515 538 5571 σκάνδαλον.
580 5512 670 5576 Ὠς
701 5507 860 5582 δῆλον
893 5502 1053 5574 εἶναι,
1091 5507 1172 5563 ὅτι
1209 5507 1335 5570 τοὺς
1376 5503 1475 5577 τὴν
1522 5506 1595 5558 εζ-

61 5607 186 5678 ρήνην
225 5606 604 5680 μεμισηκότος
654 5601 808 5675 μινιι
838 5600 902 5656 τὸ
929 5599 1245 5656 σκάνδαλον.
1282 5598 1394 5651 Καὶ
1423 5613 1596 5668 προσ-

61 5697 148 5767 ira:
174 5705 291 5767 τοὺς
329 5699 539 5756 τούτων
582 5695 1018 5769 ὲλευθερωθῆναι
1075 5691 1377 5756 ποθοῦντας
1422 5691 1597 5747 καθά-

117 5856 194 5913 ⁸1⁷.
223 5861 450 5923 ἑαυτοῖς.
529 5858 550 5888 ¹
579 5854 846 5927 Expungo
883 5851 981 5918 ὥς.

346 5952 622 6012 ΡΑτιιοι..
657 5947 772 6007 Gn.
810 5945 1005 6007 XLII.

1696 4684 2029 4755 cationeque
2061 4680 2327 4753 Spiritus,
2355 4694 2518 4751 quem
2553 4678 2808 4734 Christus
2829 4675 3184 4734 credentibus
3224 4678 3281 4733 in

1695 4794 1817 4836 sese
1849 4775 2103 4848 largitur.
2142 4774 2222 4829 Ac
2250 4773 2368 4830 sive
2397 4771 2674 4844 quispiam
2706 4770 3086 4828 aediﬁcationis
3115 4773 3282 4828 verba

1694 4869 1972 4940 loquatur,
1995 4867 2112 4922 sive
2133 4863 2558 4928 adhortationis,
2579 4864 2695 4920 sive
2719 4863 3134 4934 consolationis,
3157 4879 3282 4934 qua:

1695 4977 1724 5016 a
1747 4959 2016 5017 charitate
2043 4957 2430 5031 proﬁciscitur,
2458 4957 2574 5014 sive
2593 4956 3000 5012 communionis
3017 4956 3278 5028 Spiritus,

1695 5054 1811 5110 haec
1847 5053 2030 5107 omnia
2074 5052 2142 5108 ab
2177 5067 2242 5106 ea
2291 5065 2427 5122 pace
2463 5065 2586 5122 quas
2617 5048 2918 5105 secundum
2970 5047 3140 5103 Deum
3172 5058 3279 5111 est,

1694 5145 2143 5218 proficiscuntur.
2179 5143 2506 5215 Quanquam
2536 5157 2648 5197 non
2682 5141 2994 5212 promiscue
3025 5139 3282 5196 omnibus

1697 5232 1790 5287 illa
1832 5233 2099 5304 suppetit,
2131 5233 2225 5288 sed
2259 5233 2326 5288 iis
2356 5231 2626 5286 duntaxat
2659 5232 2754 5302 qui
2785 5231 2960 5302 legem
3011 5231 3282 5302 diligunt,

1697 5333 1759 5380 ut
1792 5323 2066 5395 Propheta
2103 5332 2376 5392 testatur;
2411 5324 2584 5396 legem
2615 5340 2746 5379 vero
2775 5339 2883 5379 non
2921 5331 3240 5396 comoream
3260 5363 3279 5388 ,

1697 5433 1820 5489 quae
1845 5415 2156 5471 futurarum
2201 5415 2451 5470 umbram
2491 5405 2974 5486 atqueimaginem
3009 5413 3280 5480 continet,

1696 5508 1793 5564 sed
1821 5507 2162 5578 spiritualem
2201 5506 2476 5571 videlicet,
2511 5522 2634 5578 quae
2661 5521 2850 5562 eorum
2884 5508 3130 5562 omnium
3162 5523 3286 5578 quae

1698 5599 1956 5673 praedicta
1987 5606 2137 5663 sunt,
2180 5601 2384 5655 exitum
2434 5599 2726 5656 manifeste
2768 5600 3130 5656 demonstrat.
3161 5599 3288 5656 Pun:

1700 5694 1861 5757 enim,
1896 5691 2093 5762 inquit,
2140 5692 2308 5744 multa
2354 5689 2691 5761 diligentibus
2716 5699 2789 5757 te,
2836 5700 2888 5745 et
2917 5707 3021 5746 non
3050 5699 3129 5745 est
3177 5691 3286 5746 illis

1058 5855 1079 5886 ³
1109 5851 1287 5910 Ecclc.
1318 5867 1416 5919 vu,
1445 5848 1498 5908 9.
1578 5853 1598 5883 ⁸
1627 5849 1807 5908 Ecclc.
1834 5866 1907 5915 ix,
1943 5849 2029 5904 16.
2107 5851 2127 5881 ⁵
2167 5847 2187 5902 l
2226 5846 2352 5906 Cor.
2389 5863 2488 5917 xu,
2520 5847 2611 5904 24.

2908 5941 2986 6001 15
