3822 6344
581 406 686 463 459

1954 406 2009 460 S.
2079 406 2150 460 EF

2253 402 2416 462 lANli
3230 434 3234 440 ι
3714 410 3791 463 litvo

582 519 891 574 scandalum
919 519 958 574 ¹.
996 519 1069 574 Ex
1101 535 1211 590 quo
1258 535 1599 591 consequens
1641 527 1745 582 est,
1778 534 1873 576 eos
1905 520 2056 590 ipsos
2105 522 2150 575 in

2268 538 2375 593 περ
2407 520 2599 591 θυρεόν
2622 537 2743 574 τινα
2771 520 3165 593 προϐάλλεσθαι
3191 520 3289 592 τὴν
3323 517 3542 591 ἀγάπην
3572 518 3693 590 πρὸς
3726 520 3791 570 τὸν

581 610 900 666 scandalum
938 609 1242 678 incurrere,
1289 612 1382 682 qui
1426 626 1616 682 pacem
1646 611 1776 665 odio
1812 626 2155 682 prosequun-

580 713 686 757 tur.
735 700 802 755 Et
838 715 932 757 eos
965 710 1177 771 oportet
1229 704 1324 773 qui
1375 703 1442 757 ab
1493 703 1579 758 his
1613 703 1837 757 liberari
1899 703 2145 773 cupiant,

577 794 844 847 cbaritate
877 807 1003 863 erga
1039 791 1351 858 Dominum,
1379 793 1526 848 velut
1555 800 1712 847 scuto
1739 792 2000 863 quodam,
2032 807 2155 847 sese

577 892 880 956 protegere.
920 883 1017 939 Est
1045 887 1184 938 enim
1214 887 1321 954 ipse
1353 899 1459 953 paa:
1494 893 1696 950 nostra,
1728 885 1819 956 qui
1849 885 1973 954 fecit
2005 895 2156 938 utra-

576 994 672 1048 que
693 994 876 1046 unum,
897 986 948 1032 et
974 978 1201 1032 medium
1231 977 1480 1047 parietem
1514 978 1756 1032 maceria:
1795 977 2020 1041 solvens,
2050 976 2154 1030 ini-

578 1071 806 1124 micitias
840 1070 894 1123 in
933 1085 1111 1136 carne,
1158 1069 1265 1140 lege
1306 1078 1686 1138 prwceptorum
1722 1068 1778 1122 in
1821 1066 2154 1139 dogmatibus

578 1161 834 1232 abrogata
864 1161 905 1215 ¹.
935 1159 1122 1231 Neque
1146 1175 1277 1216 vero
1305 1158 1419 1215 ﬁeri
1448 1168 1649 1231 potest,
1676 1171 1734 1214 ut
1760 1159 1972 1214 Domini
1997 1174 2121 1213 man
2141 1187 2155 1199 -

576 1254 704 1307 data
747 1259 1071 1318 serventur,
1107 1251 1214 1306 nisi
1253 1249 1348 1305 Dei
1395 1249 1638 1306 cbaritas
1677 1249 2055 1319 pra-cesserit;
2095 1246 2154 1303 Si

575 1345 720 1401 enim
745 1343 968 1413 diligitis
993 1359 1091 1409 me,
1126 1341 1325 1413 inquit,
1361 1340 1615 1395 mandata
1649 1357 1764 1395 mea
1812 1338 2087 1394 servabitis
2113 1336 2159 1399 ³;

578 1451 752 1507 neque
800 1446 860 1490 ut
902 1434 1069 1501 oculi,
1095 1435 1180 1491 vel
1215 1433 1382 1490 corda
1425 1433 1838 1495 collustrentur,
1870 1431 1976 1487 nisi
2007 1431 2098 1484 lux
2124 1443 2156 1482 a

575 1522 851 1578 mandatis
888 1520 1144 1595 aﬂ'ulgeat
1168 1521 1530 1590 :Praeceptum
1561 1523 1720 1588 enim,
1750 1521 1945 1590 inquit,
1978 1521 2156 1573 Domi-

577 1613 632 1665 ni
663 1612 917 1677 lucidum,
949 1612 1258 1667 illuminans
1282 1610 1638 1670 oculos‘.Sed
1666 1628 1843 1684 neque
1871 1611 2154 1669 veritatem

574 1703 754 1772 eloqui
788 1710 989 1774 potest,
1021 1703 1130 1758 nisi
1165 1703 1261 1774 qui
1307 1703 1586 1760 Christum
1623 1705 1676 1758 in
1709 1704 1890 1774 seipse
1931 1703 2156 1774 loquen-

572 1804 682 1851 tem
711 1797 930 1862 habeat,
962 1802 1023 1851 ut
1053 1804 1287 1851 testatur
1314 1796 1406 1851 ille
1438 1796 1532 1867 qui
1573 1795 1708 1851 dicit
1737 1815 1750 1850 :
1780 1795 1924 1850 Num
1954 1796 2156 1863 experi-

2256 605 2479 677 Κύριον.
2509 607 2703 673 Αὐτὸς
2726 608 2838 678 γάρ
2870 609 3042 662 ἐστιν
3068 610 3106 678 ἠ
3133 609 3340 677 εἰρήνη
3383 607 3572 677 ἡμῶν,
3593 612 3625 662 ὀ
3655 609 3788 675 καή-

2257 712 2375 764 σας
2401 699 2472 752 τὰ
2495 699 2799 768 ἀμφότερα
2837 699 2927 763 ἓν,
2952 700 3050 754 καὶ
3080 701 3146 754 τὸ
3163 701 3527 770 μεσότοιχον
3561 699 3661 752 τοῦ
3681 715 3792 767 φρα-

2255 791 2406 860 γμοῦ
2438 793 2657 856 λύσας,
2689 793 2802 859 τὴν
2831 791 3056 862 ἔχθραν
3075 792 3145 846 ἐν
3167 791 3244 860 τῇ
3265 792 3467 860 σαρκὶ,
3505 790 3610 844 τὸν
3642 793 3792 858 νόμον

2256 881 2374 935 τῶν
2403 883 2671 937 ἐντολῶν
2706 885 2776 938 ἐν
2809 885 3067 954 δόγμασι
3110 882 3515 955 καταργήσας.
3562 884 3664 936 Καὶ
3697 883 3788 934 οὔτε

2255 977 2442 1046 τηρεῖν
2477 975 2594 1029 ἔστι
2619 974 2715 1048 τὴν
2749 977 2967 1048 ἐντολὴν
2999 975 3092 1031 τοῦ
3124 976 3354 1047 Κυρίου,
3384 976 3459 1046 μὴ
3484 975 3582 1044 τῆς
3611 975 3792 1043 ἀγάπης

2255 1063 2349 1120 τοῦ
2399 1065 2537 1120 Θεοῦ
2590 1069 3040 1140 προηγουμένης·
3084 1068 3219 1122 Ἐὰν
3264 1067 3376 1140 γὰρ
3427 1065 3685 1137 ἀγαπᾶτέ
3717 1083 3791 1134 με,

2257 1157 2412 1227 φησὶ,
2455 1158 2563 1224 τὰς
2590 1158 2842 1227 ἐντολὰς
2870 1160 2978 1227 τὰς
3013 1159 3159 1230 ἐμὰς
3204 1159 3496 1226 τηρήσετε
3521 1174 3536 1188 ο
3567 1156 3680 1211 οὔτε
3704 1174 3791 1225 οω-

2254 1247 2504 1320 τισθῆναι
2537 1250 2664 1312 τοὺς
2695 1249 3030 1321 ὀφθαλμοὺς,
3058 1251 3180 1304 οὐδὲ
3207 1251 3307 1322 τὴν
3337 1251 3587 1325 καρδίαν,
3625 1251 3692 1322 μὴ
3717 1253 3792 1320 τῆς

2255 1338 2476 1409 ἐντολῆς
2511 1337 2889 1412 φωτιζούσης·
2929 1341 3177 1411 Ἐντολὴ
3221 1341 3362 1413 γὰρ,
3410 1343 3579 1412 φησὶ,
3607 1343 3792 1411 Κυρίου

2256 1428 2568 1500 τηλαυγῶς
2591 1431 2634 1463 ’⁸
2666 1431 3003 1502 φωτίζουσα
3024 1434 3370 1504 ὀφθαλμούς
3397 1451 3411 1465 ο
3456 1434 3575 1487 ἀλλ’
3601 1433 3706 1487 οὐδὲ
3736 1435 3792 1486 λό-

2255 1537 2350 1589 γον
2393 1521 2653 1594 ἀληθείας
2696 1525 2982 1596 προέσθαι,
3026 1529 3074 1580 εἰ
3116 1528 3190 1599 μή
3231 1544 3317 1591 τις
3345 1527 3460 1599 ἔχει
3497 1528 3716 1600 Χριστὸν
3750 1530 3792 1579 ὲν

2257 1611 2435 1683 ἐαυτῷ
2461 1612 2750 1680 λαλοῦντα,
2775 1614 2918 1668 κατὰ
2946 1615 3039 1668 τὸν
3072 1616 3328 1685 λέγοντα*
3358 1619 3426 1672 El
3456 1615 3703 1686 δοκιμὴν
3726 1615 3792 1680 ζη⁴

2255 1703 2407 1758 seire
2436 1704 2542 1761 τοῦ
2573 1705 2644 1758 ἐν
2684 1705 2812 1777 ἐμοὶ
2842 1707 3182 1776 λαλοῦντος
3215 1709 3476 1778 Χριστοῦ
3493 1727 3508 1739 ο
3541 1708 3723 1780 μᾶλλον
3752 1711 3792 1762 δὲ

2255 1796 2317 1849 οὐ
2373 1795 2658 1861 λαλοῦντος
2714 1799 2872 1868 μόνον
2893 1840 2908 1865 ,
2975 1800 3109 1855 ἀλλὰ
3150 1802 3244 1855 καὶ
3299 1800 3596 1865 ἐλεοῦντος.
3634 1801 3792 1853 Ἔλθῡι

572 1897 803 1942 mentum
829 1887 1066 1958 quieritis
1095 1885 1353 1957 loquentis
1383 1886 1438 1939 in
1456 1861 1547 1940 ine
1579 1883 1778 1941 Christi
1799 1885 1857 1938 '?
1875 1885 1988 1940 lmo
2019 1861 2150 1940 vero

2256 1888 2386 1959 γὰρ,
2421 1890 2576 1960 φησὶ,
2608 1889 2675 1943 τὸ
2708 1861 3020 1958 ἔλεός-σου
3051 1894 3146 1947 καὶ
3178 1894 3248 1948 τὸ
3285 1861 3585 1963 σωτήριόν
3602 1910 3708 1948 σου
3725 1891 3792 1946 ἐπ’

571 1998 682 2038 non
715 1981 878 2036 modo
907 1979 1204 2051 loquentis,
1236 1977 1334 2034 sed
1367 1986 1423 2034 et
1457 1978 1786 2034 miserentis.
1833 1977 2036 2040 Veniat.
2075 1979 2154 2032 in-

569 2076 710 2145 quit,
752 2069 1117 2130 misericordia
1151 2080 1266 2137 tua,
1306 2080 1356 2126 et
1391 2071 1631 2125 salutare
1677 2077 1821 2122 tuum
1858 2071 1913 2123 in
1956 2087 2054 2132 me,
2096 2078 2147 2124 et

569 2164 889 2236 respondebo
951 2161 1392 2231 exprobrantibus
1462 2162 1590 2214 milii
1649 2161 1859 2214 verbum
1893 2161 1935 2216 ⁸.
1994 2160 2150 2227 Quod

570 2258 723 2313 nullo
761 2255 922 2310 modo
959 2253 1333 2326 contingeret,
1388 2253 1496 2308 nisi
1553 2251 1678 2321 quis
1725 2251 2150 2322 iustiﬁcationes

551 2337 880 2419 'requireret
909 2348 949 2398 ⁷.
989 2347 1091 2410 Qui
1122 2345 1268 2402 enim
1298 2346 1379 2400 sic
1408 2343 1587 2400 allecti
1634 2359 1742 2399 non
1772 2352 1923 2409 sunt,
1954 2345 2148 2400 borum

575 2439 793 2509 propria
822 2446 907 2494 est
950 2438 1003 2492 in
1031 2438 1340 2509 opprobriis
1372 2438 1726 2500 verecundia,
1750 2437 1885 2492 adeo
1912 2446 1972 2492 ut
2002 2438 2148 2492 istud

573 2545 840 2600 usurpare
871 2539 1187 2600 nequeant:
1222 2528 1392 2599 878
1429 2527 1597 2596 Aufer
1626 2544 1658 2582 a
1692 2545 1773 2583 me
1808 2529 2147 2598 opprobrium

570 2638 618 2681 et
653 2634 1003 2694 contemptum
1024 2625 1066 2679 ⁸.
1104 2623 1236 2678 Nam
1269 2640 1332 2680 ex
1366 2624 1582 2678 illorum
1618 2639 1713 2679 ore
1745 2639 1924 2678 sermo
1958 2624 2149 2678 verita—

572 2723 642 2773 tis
675 2717 941 2781 aufertur,
971 2726 1029 2772 ut
1055 2719 1263 2772 nullum
1308 2718 1354 2773 is
1400 2717 1635 2773 fructum
1671 2717 1891 2779 sentiat,
1929 2715 2020 2785 qui
2067 2716 2149 2770 sic

571 2819 826 2882 precatur
852 2829 866 2866 :
893 2808 975 2865 Ne
997 2811 1211 2880 auferas
1243 2810 1452 2865 verbum
1492 2809 1726 2864 ueritatis
1763 2824 1826 2861 ea:
1849 2823 1937 2862 ore
1971 2825 2082 2862 meo
2101 2812 2143 2864 ν.

639 2901 808 2957 XXX.
850 2901 1211 2968 Quandouam
1243 2915 1370 2956 vero
1397 2899 1529 2955 illud
1553 2897 1949 2954 accidit?.Cum
1975 2899 2145 2969 legem

569 2996 839 3067 quispiam
867 3003 1131 3068 perpetuo
1161 3010 1270 3048 non
1310 2996 1596 3060 observat;
1630 3009 1754 3048 cum
1779 2994 1831 3047 in
1857 2992 2150 3047 latitudine

569 3104 679 3143 non
702 3087 1193 3160 ambidat.Quippe
1230 3087 1456 3144 dilatari
1503 3101 1597 3142 cor
1632 3101 1859 3142 necesse
1890 3094 1973 3141 est
2003 3085 2146 3155 ejus,

571 3182 666 3250 qui
719 3181 1147 3238 inambulantem
1189 3178 1470 3236 Christum
1512 3179 1758 3249 recipere
1805 3179 1956 3242 velit,
1989 3177 2148 3246 cujus
2175 3205 2217 3264 ε

569 3272 798 3340 gloriam
822 3287 930 3327 non
950 3271 1224 3336 homines,
1248 3273 1341 3327 sed
1363 3270 1488 3326 creti
1508 3270 1806 3340 praedicant
1826 3289 1838 3324 ;
1860 3266 1992 3324 (Σωιὶ
2010 3269 2150 3322 enim

569 3375 819 3417 enarrant
849 3363 1076 3435 gloriam
1111 3362 1204 3418 Dei
1223 3365 1289 3427 ιο,
1315 3362 1396 3418 vel
1425 3363 1651 3432 ipsemet
1678 3361 1856 3432 potius
1883 3359 2043 3416 Pater
2067 3359 2151 3414 di-

571 3470 703 3510 cens
727 3475 740 3510 :
770 3454 874 3509 llic
894 3465 972 3509 est
999 3453 1176 3508 Filius
1205 3471 1345 3509 meus
1367 3453 1615 3516 dilectus,
1645 3453 1698 3507 in
1725 3470 1826 3523 quo
1855 3453 1984 3506 milii
2005 3468 2150 3506 com-

570 3546 749 3613 placui
770 3547 835 3598 ”.
857 3543 1025 3612 Quem
1045 3543 1262 3614 quidem
1282 3542 1528 3598 confiteri
1563 3558 1721 3598 nemo
1738 3550 1938 3613 potest,
1972 3542 2064 3612 qui
2095 3542 2147 3594 in

572 3636 802 3693 sublime
834 3635 1088 3706 loquatur
1118 3635 1456 3705 iniquitatem
1476 3633 1541 3688 ad
1561 3634 1866 3704 proximum
1886 3649 2044 3690 suum
2066 3633 2110 3664 ¹¹
2133 3649 2146 3687 :

576 3727 622 3782 si
659 3727 717 3781 in
763 3725 1212 3782 anticliristorum
1262 3725 1414 3780 illum
1458 3735 1657 3780 coetum
1705 3725 2149 3796 appellationem-

575 3833 681 3889 que
704 3817 961 3888 pelliciat,
985 3832 1014 3871 a
1036 3817 1470 3874 Christianorum
1499 3818 1690 3873 ordine
1714 3827 1768 3873 et
1788 3817 2151 3889 appellatione

577 3911 899 3976 distractus,
927 3910 994 3965 de
1027 3911 1227 3981 quibus
1263 3911 1527 3980 scriptum
1563 3918 1648 3966 est
1677 3928 1690 3965 :
1720 3908 1902 3965 Nolite
1938 3920 2150 3980 tangere

574 4003 795 4059 christos
830 4003 1050 4058 meos“.
1083 4002 1215 4070 Quis
1247 4004 1385 4056 enim
1407 4012 1506 4066 est,
1538 4001 1734 4072 inquit,
1761 4001 2010 4065 mendax,
2041 4002 2149 4056 nisi

573 4098 662 4167 qui
691 4105 846 4165 negat
873 4094 1055 4150 Jesum
1077 4111 1189 4150 esse
1211 4093 1479 4150 Christum
1499 4096 1523 4149 ?
1541 4093 1758 4154 Hicest.
1785 4094 1978 4165 inquit,
2005 4095 2153 4150 Anti-

573 4190 820 4242 chrislus.
877 4186 1018 4241 Nam
1075 4188 1165 4258 qui
1223 4196 1376 4258 negat
1436 4184 1670 4250 Filium,
1725 4203 1885 4257 neque
1929 4186 2149 4242 Patrem

573 4281 763 4342 habet;
797 4289 850 4339 et
892 4280 982 4350 qui
1020 4276 1222 4332 Filium
1267 4279 1580 4348 conﬁtetur,
1622 4295 1730 4332 una
1775 4280 2056 4348 conﬁtetur
2101 4290 2150 4336 et

575 4370 789 4423 Patrem
817 4410 829 4422 .
862 4370 1017 4436 Quod
1045 4370 1228 4439 igitur.
1254 4370 1450 4440 inquit,
1485 4373 1548 4424 ab
1572 4370 1725 4424 initio
1756 4371 2004 4434 audistis,
2039 4390 2151 4427 ma-

573 4473 690 4517 neat
724 4464 818 4517 hoc
858 4464 909 4515 in
952 4463 1113 4516 vobis.
1156 4460 1220 4515 Et
1255 4463 1300 4516 si
1341 4471 1583 4526 maneat,
1632 4463 1831 4533 inquit,
1880 4465 1933 4518 in
1985 4465 2148 4528 vobis,

2250 1979 2386 2048 ἐμὲ,
2415 1980 2515 2034 καὶ
2557 1981 3033 2054 ἀποκριθήσομαι
3073 1985 3195 2052 τοῖς
3223 1984 3583 2046 ὀνειδίζουσί
3601 2004 3691 2056 μοι
3712 1989 3792 2039 λίς.

2250 2089 2379 2141 τον.
2409 2073 2588 2146 Ὅπερ
2615 2075 2716 2128 οὐκ
2747 2075 2812 2128 ἂν
2848 2076 3139 2149 ὑπάρξειεν
3163 2118 3177 2143 ,
3218 2081 3266 2132 ει
3302 2081 3377 2149 μή
3403 2096 3489 2142 τις
3514 2079 3585 2132 τὰ
3609 2077 3792 2132 δικσιὼ.

2255 2178 2402 2233 ματα
2433 2163 2747 2235 ὲκζητήσει.
2783 2165 2904 2218 Τῶν
2936 2167 3043 2239 γὰρ
3075 2167 3148 2239 μὴ
3181 2167 3325 2222 οὕτω
3352 2169 3702 2241 διακειμένων
3726 2170 3792 2222 ἐπὶ

2252 2253 2589 2322 σχήματοςίτ
2626 2257 2658 2324 ή
2698 2255 2756 2307 ἐν
2792 2257 2905 2319 τοῖς
2935 2256 3192 2311 ὀνείδεσιν
3230 2258 3486 2330 αἰσχύνη·
3523 2259 3599 2323 ὡς
3637 2262 3703 2330 μὴ
3723 2260 3792 2310 δέ.

2249 2342 2444 2398 νασθαι
2485 2343 2694 2414 λέγειν·
2740 2347 2986 2416 Περίελε
3017 2348 3120 2403 ἀπ’
3146 2348 3292 2418 ἐμοῦ
3328 2349 3562 2417 ὄνειδος
3592 2351 3684 2404 καὶ
3718 2352 3792 2414 ἐξα

2250 2437 2598 2494 ουδένωσιν.
2648 2442 3020 2514 Περιαιρεῖται
3068 2443 3125 2498 δὲ
3171 2446 3236 2498 ὲκ
3281 2445 3373 2500 τοῦ
3427 2447 3690 2518 στόματος
3721 2449 3792 2515 τῆς

2249 2529 2508 2602 ἀληθείας
2551 2533 2579 2586 ὁ
2617 2531 2808 2600 λόγος,
2841 2533 2917 2597 ὡς
2954 2533 3120 2605 μηδὲν
3162 2529 3301 2589 εἶναι
3349 2535 3514 2590 πλέον
3675 2537 3792 2607 e51:-

2252 2625 2429 2695 μένῳ⁹
2481 2624 2577 2694 Μὴ
2623 2625 2904 2696 περιέλῃς
2930 2627 3118 2699 λόγον
3149 2627 3430 2697 ἀληθείας
3449 2629 3522 2682 ἐκ
3553 2630 3658 2684 τοῦ
3685 2631 3792 2683 στό-

2243 2718 2432 2787 ματός
2458 2735 2598 2788 μου.

2313 2899 2389 2951 A'.
2430 2896 2568 2952 Πότε
2605 2898 2661 2952 δὲ
2702 2897 2857 2952 τοῦτο
2887 2899 3129 2968 γίνεται;
3161 2899 3329 2953 Ὅταν
3378 2901 3454 2971 μὴ
3495 2901 3700 2974 φυλάξῃ
3727 2900 3792 2951 τὸν

2248 2990 2411 3060 νόμον
2455 2990 2781 3054 διαπαντός·
2830 2992 2958 3044 ὅταν
3000 2993 3074 3064 μὴ
3113 2991 3346 3063 πορευθῇ
3385 3009 3469 3055 τις
3521 2994 3581 3046 ἐν
3623 2995 3792 3045 πλατυ-

2249 3076 2391 3154 σμῷ.
2425 3082 2797 3152 Πλατυνθῆναι
2829 3083 3050 3154 δεῖ,τὴν
3092 3084 3352 3153 καρδίαν,
3385 3080 3453 3156 ἧς
3489 3085 3792 3155 μέλλοιητις

2251 3173 2483 3246 Χριστὸν
2515 3175 2992 3246 ἐμπεριπατῶντα
3033 3179 3227 3247 χωρεῖν
3248 3193 3262 3209 ·
3294 3168 3355 3230 οὗ
3395 3177 3497 3247 τὴν
3539 3177 3690 3244 δόξαν
3720 3180 3792 3229 οὐκ

2252 3267 2528 3338 ἄνθρωποι
2547 3305 2564 3333 ,
2589 3267 2702 3321 ἀλλ’
2729 3266 2944 3340 οὐρανοί
2961 3268 3004 3300 ¹⁹
3023 3285 3036 3299 ·
3073 3270 3323 3337 οὐρανοὶ
3342 3271 3452 3340 γὰρ
3485 3268 3792 3341 διηγοῦνται

2250 3359 2441 3423 δόξαν
2471 3358 2640 3424 Θεοῦ,
2677 3359 2874 3430 μᾶλλον
2898 3360 2954 3413 δὲ
2980 3363 3009 3413 ὁ
3040 3360 3200 3424 αὐτὸς
3234 3361 3445 3431 Πατὴρ,
3483 3361 3684 3429 λέγων·
3716 3357 3792 3414 Οὖ-

2249 3453 2354 3517 τός
2390 3450 2564 3506 ἐστιν
2591 3453 2625 3504 ό
2663 3452 2798 3517 Υἱός
2841 3469 2961 3521 μου
3009 3454 3043 3505 d
3087 3452 3393 3522 ἀγαπητὸς
3415 3491 3431 3515 ,
3463 3452 3538 3506 ἐν
3564 3445 3614 3519 ᾧ
3653 3451 3792 3519 nudi;

2249 3558 2432 3612 κησα.
2477 3545 2575 3596 Ὃν
2617 3543 2717 3596 οὐκ
2751 3542 2897 3596 ἔστιν
2928 3541 3292 3614 ὁμολογῆσαι,
3341 3543 3397 3595 ετ
3437 3561 3521 3608 τις
3573 3547 3650 3608 εἰς
3694 3543 3792 3612 ὖιξος

2250 3636 2462 3691 ἀδικίαν
2493 3635 2677 3708 λαλοίη
2725 3636 2860 3708 πρὸς
2907 3636 2998 3689 τὸν
3042 3635 3266 3707 πλησίον
3305 3635 3470 3690 αὐτοῦ
3495 3655 3508 3668 ·
3545 3637 3602 3690 ετ
3629 3654 3706 3700 τις
3737 3639 3792 3697 si;

2251 3729 2347 3801 τὴν
2386 3729 2747 3800 ἀντιχρίστων
2780 3727 2932 3792 τάξιν
2977 3727 3072 3781 καὶ
3115 3727 3430 3800 ἐπωνυμίαν
3474 3728 3637 3782 αὐτὸν
3668 3728 3792 3782 καλέ·

2253 3839 2396 3876 σειεν
2421 3823 2491 3886 ⁸⁸,
2529 3821 2773 3886 ἀποστὰς
2805 3822 2904 3894 τῆς
2951 3819 3157 3885 τάξεως
3202 3821 3294 3874 καὶ
3342 3821 3662 3893 ἐπωνυμίας
3711 3819 3792 3871 τῶν

2249 3913 2630 3987 Χριστιανῶν
2683 3912 2811 3984 περῖ
2862 3905 2938 3966 ὧν
2987 3913 3236 3984 εἴρηται·
3288 3913 3384 3982 Μὴ
3431 3913 3671 3982 ames
3706 3911 3792 3965 τῶν

2249 4002 2515 4073 χριστῶν
2557 4019 2699 4073 μου.
2746 4001 2846 4068 Τίς
2877 4003 3009 4072 γὰρ,
3047 4001 3234 4073 φησὶν,
3285 4005 3319 4055 ὁ
3362 4003 3727 4074 ψευδόμενος
3759 3999 3792 4051 ει

2244 4094 2331 4165 μὴ
2399 4095 2808 4164 ἀρνούμενος,
2873 4093 2963 4148 ὅτι
3012 4093 3247 4162 Ἰησοῦς
3307 4097 3342 4148 ό
3393 4095 3651 4162 Χριστὸς
3707 4094 3792 4145 ciui

2251 4188 2456 4250 ἐστινς
2514 4182 2731 4252 οὗτος,
2796 4187 2986 4257 φησὶν,
3045 4188 3078 4239 d
3139 4186 3559 4257 Ἀντιχριστος.
3613 4187 3662 4238 '0
3711 4189 3792 4254 γὰρ

2250 4281 2619 4350 ἀρνούμενος
2642 4279 2748 4332 τὸν
2781 4278 2938 4346 Υιὸν,
2957 4278 3099 4332 οὐδὲ
3124 4278 3231 4332 τὸν
3252 4281 3482 4346 Πατέρα
3511 4279 3637 4350 ἔχει
3655 4295 3668 4310 ’
3698 4282 3726 4332 d
3746 4273 3792 4329 di

2253 4371 2564 4444 ὁμολογῶν
2611 4373 2721 4426 τὸν
2769 4372 2906 4426 Υἱὸν
2953 4371 3050 4424 καὶ
3103 4370 3212 4426 τὸν
3258 4372 3489 4441 Πατέρα
3530 4369 3792 4443 ὁμολογεῖ.

2256 4467 2432 4535 Ὅπερ
2452 4461 2584 4528 οὖν,
2605 4464 2789 4536 φησὶν,
2811 4464 2881 4530 ἐξ
2913 4462 3110 4533 ἀρχῆς
3137 4464 3459 4531 ἠκούσατε,
3479 4466 3652 4520 τοῦτο
3663 4463 3792 4534 μενά

572 4556 707 4623 quod
752 4551 816 4606 ab
849 4553 999 4607 initio
1030 4553 1276 4616 audistis,
1307 4563 1356 4608 et
1387 4570 1474 4608 vos
1505 4556 1560 4608 in
1591 4553 1733 4609 Filio
1777 4558 2146 4622 manebitis,et

2253 4575 2332 4612 τω
2372 4559 2441 4612 ἐν
2477 4557 2641 4629 ὑμῖν.
2669 4557 2780 4611 Καὶ
2820 4555 2960 4623 ἐὰν,
2997 4557 3165 4627 φησι,
3201 4555 3356 4626 μένῃ
3399 4555 3472 4610 ἐν
3508 4556 3652 4626 ὑμῖν
3680 4557 3792 4620 ὅπερ

574 4645 627 4698 in
673 4642 834 4698 Patre
860 4647 924 4698 ".
965 4644 1127 4714 Atqui
1175 4652 1290 4698 tum
1337 4644 1554 4700 demum
1605 4647 1970 4712 manebimus,
2023 4665 2147 4704 cum

572 4748 757 4788 coram
783 4730 916 4798 Deo,
954 4740 1007 4787 et
1035 4733 1223 4788 electis
1251 4734 1484 4804 angelis,
1514 4737 1608 4792 sed
1645 4748 1698 4793 et
1727 4753 1912 4792 coram
1942 4739 2147 4808 princi-

576 4826 734 4896 pibus
746 4824 871 4880 sine
897 4824 1002 4880 ulle
1026 4825 1230 4895 pudore
1253 4827 1654 4883 conﬁtebimur.
1687 4827 1962 4900 Loquebar
1982 4831 2147 4893 enim,

573 4916 768 4988 inquit,
797 4916 861 4970 de
894 4915 1204 4970 testimoniis
1239 4919 1342 4971 tuis
1363 4918 1417 4971 in
1433 4929 1710 4988 conspectu
1748 4935 1946 4989 regum,
1970 4930 2019 4974 et
2047 4938 2149 4976 non

574 5007 1021 5078 confundebar".
1066 5007 1122 5062 Si
1153 5008 1254 5063 hoc
1288 5008 1572 5073 fateamur,
1624 5011 1867 5080 inquam,
1921 5010 2012 5065 Dei
2061 5009 2150 5066 Fi‘

574 5103 703 5154 lium
742 5098 910 5154 Deum
945 5114 1067 5155 esse
1098 5099 1166 5155 de
1188 5099 1320 5163 Deo,
1355 5117 1523 5154 unum
1551 5117 1616 5156 ex
1656 5117 1784 5167 uno,
1809 5101 2147 5172 unigenitum

572 5208 636 5247 ex
669 5190 975 5262 unigenito,
1005 5191 1260 5246 eximiam
1306 5193 1598 5262 quamdam
1639 5195 1952 5261 generantis
1987 5196 2150 5250 sobo-

575 5285 697 5346 lem,
733 5283 1068 5354 dignumque
1095 5284 1333 5340 carentis
1362 5285 1631 5355 principio
1661 5283 1878 5348 Filium,
1906 5286 2148 5342 ineffabi-

575 5373 640 5426 Iis
672 5371 996 5428 ineffabilem
1027 5374 1399 5445 interpretem,
1429 5375 1684 5441 Verbum,
1717 5379 2041 5447 sapientiam
2082 5396 2147 5434 ac

573 5465 826 5518 virtutem
859 5464 1000 5534 ejus,
1037 5467 1128 5535 qui
1160 5467 1484 5536 sapientiam
1515 5483 1579 5522 ac
1619 5470 1875 5524 virtutem
1923 5486 2140 5525 omnem

653 5621 669 5650 ¹
711 5615 856 5692 Psal.
893 5634 1079 5692 csvm,
1110 5621 1232 5675 t65.
1272 5625 1292 5654 ²
1334 5622 1530 5692 Eplies.
1570 5641 1628 5685 ιι,
1670 5625 1754 5680 Μ.
1786 5626 1870 5678 l5.
1915 5625 1935 5657 ²
1971 5625 2130 5680 Joan.
2176 5642 2284 5691 xlv,
2321 5628 2408 5682 15.
2485 5629 2507 5657 ⁵
2547 5626 2692 5681 Psal.
2727 5641 2882 5690 xvm,
2925 5625 2978 5682 9.
3029 5627 3050 5658 '
3097 5627 3140 5682 ll
3173 5625 3301 5681 Cor.
3340 5642 3459 5690 xm,
3497 5627 3547 5681 5.

575 5703 776 5761 suvitt,
808 5690 1010 5754 “,42.
1086 5693 1104 5722 "
1138 5693 1267 5746 ibid.
1306 5690 1392 5748 94.
1470 5694 1491 5724 ⁸
1531 5696 1661 5749 ibid.
1698 5695 1787 5748 22.
1865 5698 1884 5728 ⁹
1924 5694 2064 5750 Psal.
2097 5712 2150 5752 τι

2253 5690 2392 5761 ι,45.
2473 5697 2516 5728 ¹⁰
2558 5696 2700 5751 Psal.
2733 5713 2884 5754 xviii.
2932 5697 2986 5750 2.

1163 5762 1206 5793 ’³
1247 5761 1390 5817 Pszil.
1441 5778 1629 5826 (ιιιιιι,
1683 5767 1765 5818 1'5.
1849 5764 1892 5796 ⁸⁸
1933 5764 1948 5818 Ι
1991 5764 2147 5819 Joau.

2253 5767 2468 5828 .22-2i
2573 5768 2617 5798 "
2653 5767 2796 5822 Psal.
2856 5781 3059 5831 cxvm,
3102 5767 3192 5823 46.

579 5761 621 5794 υ
663 5760 802 5812 l‘sal.
832 5773 1000 5820 ωικιι,
1033 5762 1085 5815 8.

2254 4649 2324 4713 ἐξ
2343 4647 2537 4718 ἀρχῆς
2560 4648 2864 4717 ἠκούσατε
2882 4687 2898 4712 ,
2929 4646 3026 4700 και
3056 4645 3222 4716 ὑμεῖς
3250 4646 3320 4699 ἐν
3352 4645 3432 4712 τῷ
3461 4645 3574 4711 Υιῷ
3599 4644 3792 4716 μενεῖτε

2256 4742 2354 4795 καὶ
2385 4739 2466 4806 τῷ
2497 4738 2701 4807 Πατρί.
2733 4738 3020 4809 Μενοῦμεν
3057 4737 3135 4802 δὲ,
3159 4739 3285 4791 ὅταν
3311 4737 3544 4792 ἐνώπιον
3575 4737 3704 4792 Θεοῦ
3725 4737 3792 4787 καὶ

2256 4832 2526 4887 ἐκλεκτῶν
2550 4831 2798 4901 ἀγγέλων
2821 4829 3262 4901 ὁμολογήσωμεν,
3306 4827 3442 4882 ἀλλὰ
3474 4830 3570 4882 καὶ
3601 4828 3792 4880 tubam

2259 4923 2563 4996 βασιλέων,
2614 4923 2710 4976 καὶ
2753 4921 2830 4994 μὴ
2874 4919 3293 4992 αἰσχυνώμεθα’
3342 4920 3644 4976 Ἐλάλουν
3696 4919 3792 4988 γίφγ

2257 5017 2443 5089 φησιν,
2461 5015 2530 5069 ἐν
2549 5015 2674 5083 τοῖς
2694 5013 3042 5084 μαρτυρίοις
3067 5029 3183 5067 σου
3203 5012 3481 5066 ἐναντίον
3500 5012 3792 5077 βασιλέως

2251 5108 2350 5162 καὶ
2397 5108 2508 5160 οὐκ
2548 5106 2941 5174 ᾐσχυνόμην·
2985 5106 3066 5157 ὅτι
3111 5104 3238 5169 Υἱὸς
3271 5103 3364 5158 τοῦ
3397 5103 3532 5159 Θεοῦ
3555 5145 3569 5169 ,
3600 5104 3723 5166 85’s.;
3754 5104 3792 5153 ἐι

2252 5197 2408 5262 Θεοῦ,
2443 5191 2522 5260 εἷς
2551 5196 2610 5261 ἐξ
2643 5196 2793 5262 ἐνὸς,
2841 5195 2901 5260 ἐξ
2928 5196 3225 5268 ἀγεννήτου
3279 5198 3597 5269 μονογενὴς,
3630 5196 3792 5266 ὲξαίεελ

2250 5308 2340 5343 τον
2395 5288 2642 5358 γέννημα
2691 5288 2785 5341 τοῦ
2829 5288 3242 5364 γεγεννηκότος,
3302 5290 3396 5342 καὶ
3438 5290 3587 5356 ἄξιος
3625 5291 3652 5342 ὁ
3699 5287 3792 5346 Tib;

2249 5379 2342 5434 τοῦ
2387 5379 2654 5449 ἀνάρχου,
2701 5377 2793 5431 τοῦ
2848 5379 3145 5450 ἀδιηγήτου
3188 5381 3459 5450 ἑρμηνεὺς
3506 5380 3791 5450 ἀδιήγητος

2244 5472 2448 5540 Λόγος,
2482 5470 2576 5523 καὶ
2610 5471 2790 5540 σοφία,
2817 5471 2909 5523 καὶ
2935 5469 3166 5540 δύναμις
3195 5470 3289 5523 τοῦ
3332 5471 3472 5542 ὑπὲρ
3515 5472 3698 5540 σοςεαν
3729 5467 3792 5519 καῖ

3625 5626 3645 5656 ⁸
3679 5623 3792 5698 Psal.

3065 5700 3106 5730 “
3150 5695 3341 5751 Matth.
3372 5714 3453 5760 ιιι,
3495 5698 3575 5760 l7;
3609 5712 3730 5751 uti.
3759 5695 3792 5744 5.

3274 5769 3317 5799 “
3357 5766 3493 5822 LXX
3535 5767 3792 5832 ττπλαυγήςς

580 5832 620 5864 ⁸⁷
662 5830 774 5886 Vet.
824 5827 950 5897 Iieg.
992 5830 1384 5899 ὲπισχήματος.
1467 5836 1507 5866 ¹⁸
1547 5834 1680 5888 C.£l
1723 5835 1841 5903 μέλ.
1922 5835 1966 5866 ¹⁹
2009 5834 2145 5891 Does

2260 5839 2436 5892 rbuin.
2515 5838 2561 5867 ⁸⁰
2607 5855 2692 5908 uo.
2721 5827 3122 5908 ὁμολογήσειεν.
