3798 6212
44 340 134 403 ιω

651 333 1024 391 ADVERSUS
1063 333 1409 393 HERESES
1448 333 1575 391 LIB.
1620 334 1707 389 Ill.
1750 333 1913 390 ἸὈΜ.
1946 332 1986 389 I.
2022 366 2092 376 —-
2122 334 2395 393 IIERES.
2430 336 2662 394 LXXIII.

3186 341 3294 397 46%

48 461 289 533 δύναμιν,
316 456 454 529 ὑπὲρ
478 456 507 511 ὃ
535 456 869 529 φθέγξασθαι
895 456 1121 512 δύναται
1149 457 1386 528 γλῶττα,
1415 456 1558 527 ὑπὲρ
1581 457 1610 510 6

1758 456 1953 524 icellit,
1986 472 2154 528 supra
2189 458 2241 513 id
2276 472 2439 515 omne
2469 458 2615 530 quod
2648 458 2733 514 vel
2765 459 2948 531 eloqui
2982 458 3189 531 lingua,
3207 462 3294 518 vel

51 554 247 622 κινῆσαι
281 550 522 606 διάνοια·
565 549 814 620 γέννημα
846 548 1049 603 τέλειόν
1088 564 1149 602 τε
1191 549 1287 602 καὶ
1322 549 1501 620 μένον,
1543 548 1608 601 ἐκ

53 642 237 696 τελείου
282 642 379 697 καὶ
413 639 667 711 μένοντος
703 639 762 694 ἐν
788 639 1099 711 ταυτότητι,
1133 638 1234 692 οὐκ
1260 636 1609 710 άπορρεῦσαν

54 737 108 787 ἐκ
136 732 344 803 Πατρὸς
364 771 380 797 ,
427 729 553 785 οὔτε
581 730 900 802 ἀποτμηθὲν
932 747 995 783 τε
1041 730 1138 784 καὶ
1165 729 1455 802 διαιρεθὲν,
1495 727 1608 783 ἀλλ’

53 825 256 889 ἀπαθῶς
280 827 375 881 καὶ
402 824 712 897 ὁλοκλήρως
738 822 1037 896 προελθὼν,
1064 825 1129 878 ἐκ
1158 823 1253 877 τοῦ
1290 823 1457 895 μηδὲν
1485 823 1613 877 ἀπο.

51 917 356 988 δεόληκότος
381 911 457 973 ὧν
484 912 626 988 εἶχε·
657 918 751 971 καὶ
774 918 856 971 ὅτι
882 917 1055 987 Λόγος
1088 917 1206 971 ἐστι
1237 935 1297 973 τε
1332 917 1426 970 καὶ
1457 916 1612 985 λέγε-

50 1029 127 1067 ται
152 1010 306 1074 Υἱὸς,
334 1010 395 1064 οὐ
427 1012 535 1081 μὴν
568 1009 722 1081 φωνὴ
749 1009 842 1064 τοῦ
875 1011 1110 1082 Πατρὸς,
1145 1009 1266 1064 οὐδὲ
1294 1009 1444 1081 ῥῆμα
1476 1012 1612 1063 νοεῖ-

51 1120 145 1157 ται.
176 1101 477 1171 Ύφέστηκε
522 1100 634 1173 γὰρ
666 1100 789 1154 καθ’
836 1100 1048 1165 ἐαυτὸν,
1098 1101 1193 1155 καὶ
1237 1102 1475 1171 ἐνεργεῖ,
1518 1100 1612 1153 καὶ

51 1192 114 1248 δι’
162 1190 345 1247 αὑτοῦ
399 1192 473 1245 τὰ
510 1190 737 1257 πάντα,
779 1192 879 1247 καὶ
930 1192 1002 1246 ἐν
1045 1190 1211 1258 αὐτῷ
1259 1191 1333 1246 τὰ
1378 1191 1608 1245 πάντα·

53 1284 219 1355 ὥσπερ
245 1282 340 1336 καὶ
366 1281 528 1353 σοφία
550 1284 579 1337 6
616 1283 778 1348 αὐτὸς
802 1282 879 1337 ῶν
911 1283 1013 1338 οὐκ
1051 1282 1344 1357 ἐνθύμημα
1374 1284 1469 1338 τοῦ
1496 1285 1611 1339 Πα-

53 1377 162 1447 τρὸς
187 1377 408 1439 νοεῖται,
440 1374 567 1429 οὔτε
609 1375 820 1445 κίνησις
847 1374 940 1429 τοῦ
968 1373 1303 1447 ἡγεμονικοῦ
1336 1376 1609 1446 ἐνέργεια,

53 1466 167 1520 ἀλλὰ
190 1467 439 1537 γέννημα
476 1465 661 1537 ὅμοιόν
696 1483 756 1518 τε
802 1466 895 1519 τοῦ
931 1467 1163 1537 Πατρὸς,
1210 1468 1306 1520 καὶ
1330 1467 1419 1520 τὸν
1448 1484 1615 1539 χαρα-

58 1560 213 1630 κτῆρα
254 1557 348 1611 τοῦ
394 1557 609 1629 Πατρὸς
656 1557 938 1629 ἀκριϐοῦν.
986 1557 1187 1612 Τοῦτον
1230 1558 1337 1629 γὰρ
1369 1560 1397 1612 6
1427 1558 1613 1631 Πατὴρ

55 1651 357 1723 ἐσφράγισεν
399 1650 430 1702 6
472 1650 634 1715 Θεός⁶
663 1650 760 1703 καὶ
802 1651 901 1721 οὐχ
932 1649 1104 1723 ἑτέρῳ
1151 1650 1251 1721 μὲν
1292 1650 1610 1723 ἐνυπάρχει,

56 1747 137 1816 οὔχ
158 1743 424 1815 ὑφέστηκε
449 1743 506 1797 δὲ
528 1742 649 1797 καθ’
686 1742 865 1811 ἑαυτὸ,
892 1743 1030 1798 ἀλλὰ
1053 1744 1300 1815 γέννημα
1327 1745 1613 1816 ἐνεργητι-

1711 551 1923 622 agitare
1946 551 2146 609 mentis
2192 552 2552 625 intelligentia
2594 561 2795 625 potest.
2842 552 3169 621 Perfectam,
3208 556 3295 611 in-

1712 656 1897 711 quam,
1929 643 2195 709 sobolem,
2232 650 2287 700 et
2317 644 2567 701 stabilem
2617 660 2685 701 ex
2719 645 2966 717 perfecto
3008 656 3062 703 et
3102 647 3158 702 in
3196 662 3295 703 eo-

1711 733 1832 790 dem
1864 744 2016 791 statu
2045 746 2417 808 permanente.
2452 735 2583 804 Quae
2620 737 2840 810 quidem
2877 738 3095 795 soboles
3120 753 3296 810 nequi

1714 838 1744 878 a
1788 821 1951 880 Patre
2005 825 2284 896 proﬂuxit,
2329 842 2431 882 nec
2475 836 2693 883 exsecta
2739 834 2847 891 est,
2899 828 2981 883 vel
3027 827 3297 884 divisione

1713 921 2034 983 propagata,
2085 913 2180 968 sed
2228 915 2365 969 citra
2410 915 2722 985 passionem
2756 916 3078 987 integreque
3121 918 3191 972 ab
3229 932 3296 974 eo

1713 1004 2003 1073 processit,
2036 1006 2127 1074 qui
2174 1004 2311 1059 nihil
2349 1020 2563 1070 eorum,
2593 1007 2795 1079 quibus
2836 1008 3099 1078 praeditus
3127 1019 3294 1076 esset,

1714 1094 1980 1151 amiserit.
2021 1095 2159 1150 Tum
2189 1097 2437 1152 eumdem
2466 1099 2618 1154 illum
2652 1100 2849 1156 Filium
2883 1100 3123 1157 Verbum
3174 1119 3299 1161 esse

1712 1183 1954 1256 dicique,
1987 1203 2095 1242 non
2126 1204 2316 1245 vocem
2348 1198 2443 1246 aut
2481 1190 2775 1247 dictionem
2804 1193 2985 1249 Patris
3022 1195 3294 1268 intelligit.

1716 1274 1995 1348 Siquidem
2030 1296 2126 1349 per
2155 1295 2214 1336 se
2252 1282 2344 1337 ille
2380 1283 2633 1339 subsistit
2672 1291 2723 1338 et
2754 1285 2886 1355 agit,
2918 1301 2981 1340 ac
3005 1302 3097 1354 per
3124 1288 3300 1356 ipsum

1715 1372 1914 1435 omnia,
1946 1382 1995 1425 et
2030 1374 2084 1427 in
2114 1373 2225 1443 ipso
2256 1385 2378 1429 sunt
2409 1377 2588 1430 omnia
2617 1376 2657 1430 ³.
2717 1375 3188 1442 Quemadmodum
3224 1381 3299 1434 ita

1714 1462 1806 1518 ille
1832 1463 2002 1534 8'79
2043 1464 2310 1535 sapientia
2338 1475 2442 1534 est,
2471 1475 2528 1520 ut
2562 1464 2741 1523 Patris
2770 1468 3053 1540 cogitatio,
3080 1470 3163 1526 vel
3192 1486 3301 1526 mo-

1715 1554 1791 1608 tio
1834 1557 2055 1622 mentis,
2110 1556 2323 1615 actiove
2371 1559 2595 1615 minimc
2640 1559 2711 1616 sit
2741 1563 3041 1630 putandus,
3094 1562 3190 1620 sed
3222 1565 3303 1620 si-

1716 1644 1862 1700 milis
1902 1643 2085 1701 Patris
2120 1647 2361 1711 soboles,
2412 1660 2467 1705 et
2510 1659 2826 1706 accuratam
2869 1653 2922 1707 in
2968 1670 3091 1710 sese
3119 1653 3301 1711 Patris

1717 1736 1946 1809 efﬁgiem
1992 1740 2325 1809 exprimens.
2376 1739 2512 1796 Nam
2548 1743 2695 1798 hunc
2744 1742 2889 1801 Deus
2922 1744 3083 1802 Pater
3121 1748 3301 1819 sigillo

58 1815 153 1901 κον,
199 1837 292 1891 καὶ
316 1836 617 1907 πεποιηκὸς
646 1836 765 1890 τόδε
794 1835 855 1888 τὸ
886 1836 1017 1900 πᾶν,
1065 1836 1162 1889 καὶ
1207 1815 1473 1905 φυλάττον
1501 1835 1608 1890 ἀεί.

1758 1826 1862 1882 clut
1889 1826 2220 1898 obsignavit,
2252 1844 2430 1900 neque
2463 1832 2544 1885 sic
2572 1832 2861 1888 exsistitin
2880 1834 3076 1903 altero,
3108 1815 3301 1907 ut'per

58 1926 216 1981 Ταῦτα
242 1926 405 1980 ἱκανὰ
423 1927 519 1981 καὶ
543 1927 645 1997 τῆς
676 1926 941 1999 Ἑλλήνων
964 1925 1175 1998 πλάνης
1199 1928 1347 1999 ἡμᾶς
1392 1926 1611 1998 καὶτῆς

69 2018 338 2088 Ἰουδαϊκῆς
368 2017 823 2091 ἐθελοθρησκείας
853 2017 1240 2091 ἐλευθερῶσαι,
1269 2018 1365 2074 καὶ
1395 2018 1496 2089 τῆς
1524 2020 1612 2072 αἱ·

62 2110 254 2181 ρετικῆς
284 2110 625 2179 κακοδοξίας.

119 2374 231 2427 AA'.
281 2370 499 2443 Ἐπειδὴ
536 2371 595 2425 δὲ
627 2370 733 2425 τῶν
780 2372 839 2425 ἐν
888 2373 1010 2435 ταῖς
1057 2370 1302 2443 Γραφαῖς
1343 2370 1613 2441 κειμένων

62 2460 231 2527 λέξεων
267 2460 359 2514 τὸν
382 2460 510 2515 νοῦν
536 2460 980 2533 παρατρέποντές
1010 2478 1176 2526 τινες,
1212 2459 1306 2514 καὶ
1340 2458 1543 2531 ἑτέρως
1579 2458 1614 2531 ἢ

66 2553 309 2624 προσῆκεν
334 2554 755 2626 ἑρμηνεύοντες,
781 2554 876 2607 καὶ
904 2554 1044 2625 μήτε
1074 2552 1183 2607 τῶν
1216 2552 1479 2624 ῥημάτων
1516 2551 1617 2622 τὴν

65 2642 297 2713 δύναμιν,
337 2644 481 2715 μήτε
534 2642 643 2696 τῶν
694 2643 1037 2715 πραγμάτων
1084 2642 1184 2715 τὴν
1231 2642 1394 2712 φύσιν
1446 2659 1616 2696 κατα-

66 2733 298 2800 νοοῦντες,
330 2734 605 2807 τολμῶσιν
649 2733 861 2789 ἀθετεῖν
904 2733 1005 2807 τὴν
1049 2733 1278 2805 θεότητα
1329 2732 1439 2815 τοῦ.
1461 2732 1615 2799 Υἱοῦ,

67 2826 476 2898 προσκόπτοντες
507 2829 575 2898 τῇ
608 2825 751 2891 λέξει
786 2826 887 2897 τῆς
911 2825 1141 2890 κτίσεως
1164 2828 1229 2896 τῇ
1263 2822 1620 2897 ἐμφερομένῃ

66 2920 165 2983 ταῖς
208 2918 564 2991 Παροιμίαιςο
622 2919 841 2988 Κύριος
888 2919 997 2991 γὰρ
1045 2916 1250 2972 ἔκτισέ
1293 2934 1371 2988 με
1419 2914 1621 2986 ἀρχὴν

68 3009 201 3063 ὁδῶν
219 3012 402 3066 αὐτοῦ
434 3014 525 3079 εὶς
548 3010 692 3082 ἔργα
723 3010 941 3066 αὑτοῦ·
971 3008 1064 3074 οὓς
1096 3010 1214 3063 δέον
1240 3008 1318 3080 τῷ
1345 3006 1625 3079 πνεύματι,

68 3102 131 3175 τῷ
153 3102 497 3169 ζωοποιοῦντι
525 3103 862 3173 ἀκολουθεῖν,
893 3104 988 3157 καὶ
1019 3101 1094 3176 μὴ
1119 3102 1197 3175 τῷ
1220 3102 1514 3175 γράμματι
1542 3098 1621 3170 τῷ

1720 1933 1843 1975 sese
1872 1919 2096 1975 minime
2145 1922 2432 1986 subsistat,
2474 1922 2569 1980 sed
2602 1924 2791 1980 ellicax
2823 1926 3045 1997 quidam
3090 1928 3183 1985 ille
3226 1929 3303 1987 [ε-

1724 2016 1811 2063 tus
1852 2014 1956 2075 est,
1976 2008 2077 2079 qui
2114 2017 2286 2063 totum
2328 2010 2432 2066 hoc
2468 2012 2784 2069 universum
2826 2014 2973 2085 quod
3019 2014 3298 2083 condidit,

1720 2105 1985 2169 perpetuo
2019 2108 2335 2156 conservat.
2369 2100 2496 2157 Ilaec
2537 2102 2734 2159 idonea
2766 2113 2911 2171 sunt,
2947 2115 3005 2161 ut
3048 2121 3151 2163 nos
3185 2115 3240 2164 et
3270 2124 3303 2163 a

1721 2188 2034 2246 Grazcorum
2066 2206 2277 2258 errore,
2309 2201 2362 2249 et
2387 2208 2418 2248 a
2448 2192 2762 2251 Iudaeorum
2795 2199 3209 2268 superstitione,
3251 2210 3307 2257 et

1721 2281 1791 2337 ab
1818 2280 2198 2339 hatreticorum
2226 2283 2435 2340 nefaria
2466 2285 2724 2357 opinione
2751 2288 3049 2346 vindicent.

1792 2370 1986 2427 XXXI.
2029 2372 2302 2441 Quoniam
2349 2391 2481 2432 vero
2536 2378 2786 2437 nonnulli
2837 2394 3034 2435 vocum
3087 2382 3307 2438 illarum

1722 2481 1845 2537 quae
1878 2467 1932 2521 in
1979 2464 2281 2537 Scripturis
2322 2474 2577 2537 exstant,
2626 2485 2849 2527 sensum
2894 2471 3304 2545 detorquentes.

1725 2567 1889 2630 atque
1911 2559 2070 2615 aliter
2096 2575 2260 2631 quam
2290 2576 2389 2632 par
2431 2562 2503 2617 sit
2532 2562 2978 2634 interpretantes,
3012 2580 3190 2637 neque
3213 2575 3308 2621 aut

1723 2654 2014 2710 verborum
2046 2654 2457 2725 proprietatem,
2491 2663 2586 2710 aut
2606 2671 2790 2711 rerum
2824 2666 3078 2712 naturam
3110 2660 3309 2715 intelli-

1724 2752 1935 2817 gentes,
1979 2744 2099 2801 Filii
2129 2746 2472 2821 divinitatem
2503 2756 2751 2805 evertere
2792 2763 2902 2804 non
2940 2749 3215 2818 dubitant,
3251 2762 3307 2807 et

1726 2835 1794 2890 ad
1840 2836 1973 2891 illud
2015 2835 2311 2894 creationis
2352 2838 2685 2895 vocabulum
2726 2838 3029 2909 offendunt,
3074 2844 3221 2914 quod
3252 2844 3311 2899 in

1725 2927 2039 2986 Proverbiis
2064 2930 2300 3002 legitur:
2329 2931 2615 3001 Dominus,
2645 2930 2844 3003 inquit,
2875 2934 3067 2988 creavit
3105 2950 3185 2990 me
3205 2936 3311 2989 ini-

1730 3019 1862 3072 tium
1882 3020 2088 3073 viarum
2116 3037 2338 3075 suarum
2367 3022 2423 3077 in
2451 3036 2607 3089 opera
2633 3023 2798 3092 ipsius
2820 3021 2864 3091 ‘;
2921 3039 3061 3095 quos
3088 3024 3311 3096 quidem

1727 3111 2016 3181 oportebat
2046 3112 2320 3168 viviﬁcum
2360 3114 2545 3184 potius
2570 3113 2849 3184 spiritum,
2873 3130 3037 3187 quam
3061 3118 3314 3175 occiden-

70 3196 438 3251 ἀτωκτείνοντι’
482 3196 553 3251 T6
597 3196 710 3268 γὰρ
756 3195 995 3266 πνεῦμα
1040 3193 1338 3256 ζωοποιεῖ’
1386 3193 1519 3264 φέρε
1558 3191 1623 3265 δὴ

1758 3219 1835 3261 em
1860 3204 2096 3260 litteram
2126 3207 2320 3276 sequi;
2360 3183 2756 3276 Spiritusienim
2783 3183 3048 3278 viviﬁcat"
3086 3226 3221 3282 :age
3258 3221 3314 3268 et

72 3290 401 3362 τολμήσωμεν
458 3289 554 3343 καὶ
583 3290 746 3360 ἡμεῖς
793 3287 966 3359 μικρὰ
1012 3288 1139 3359 περὶ
1189 3287 1395 3342 τούτων
1435 3287 1623 3341 διαλα-

71 3382 193 3445 θεῖν,
219 3381 313 3451 οὐχ
342 3381 427 3435 ὅτι
459 3381 473 3412 ¹
501 3379 733 3443 ἐντελῶς
772 3379 987 3451 εἴρηται
1016 3381 1128 3441 τοῖς
1154 3376 1260 3448 πρὸ
1283 3379 1315 3449 ἡ
1325 3375 1441 3448 μῶν
1470 3377 1624 3449 εἰρη-

72 3473 229 3527 κόσινο
257 3473 290 3545 ἢ
316 3472 428 3545 γὰρ
456 3471 523 3525 ἂν
556 3470 801 3541 μαίνοιτό
834 3488 919 3535 τις
939 3512 954 3536 ,
998 3471 1047 3523 εἰ
1088 3468 1246 3523 τοῦτο
1292 3467 1442 3536 λέγοι
1462 3485 1474 3498 ·
1504 3468 1625 3522 ούδέ

73 3564 137 3616 ὅτι
169 3564 389 3642 χρῄζετε
427 3562 805 3626 διδάσκοντοςο
840 3561 997 3616 αὐτοὶ
1040 3559 1151 3632 γὰρ
1190 3559 1351 3629 ὑμεῖς
1399 3557 1629 3612 θεοδίδα-

75 3655 169 3709 κτοί
192 3657 341 3709 ἐστεο
367 3655 489 3710 ἀλλ’
523 3655 611 3709 ἴνα
641 3652 1047 3726 φανερωθῶμεν
1079 3654 1137 3707 ἐν
1163 3654 1285 3715 ταῖς
1318 3651 1627 3722 συνειδήσε-

78 3764 144 3800 σιν
172 3747 339 3819 ήμῶν,
384 3749 471 3802 ὃτι
503 3746 613 3801 τῶν
649 3744 1060 3817 ἐπιθυμούντων
1094 3744 1261 3816 ἐσμὲν
1287 3742 1629 3814 χαρίσματος

77 3839 183 3910 ὑμῖν
206 3840 523 3913 μεταδοῦναι
556 3837 949 3911 πνευματικοῦ.

134 3934 409 3988 Πίστευσον
437 3928 551 3997 οὖν,
588 3934 671 3988 ὅτι
698 3930 823 3986 οὔτε
849 3927 1084 4001 ἀλλαχοῦ
1106 3929 1207 4001 τῆς
1236 3927 1480 4002 Γραφῆς,
1506 3927 1629 3982 οὔτε

79 4024 155 4076 ἐπὶ
187 4025 275 4080 τοῦ
322 4025 592 4099 παρόντος
637 4023 838 4096 χωρίου
880 4014 1099 4076 ἐναντία
1144 4019 1215 4073 τὰ
1274 4020 1492 4091 ῥήματα
1530 4018 1632 4089 τῆς

81 4116 272 4187 Γραφῆς
302 4117 554 4188 ἀλλήλοις
579 4115 719 4181 ἐστὶ,
748 4113 852 4169 κᾶν
882 4112 1149 4185 μάχεσθαι
1176 4111 1307 4182 δοκῇ
1340 4110 1492 4181 παρὰ
1519 4112 1633 4173 τοῖς

81 4212 133 4280 τῇ
158 4212 325 4264 πίστει
355 4210 434 4284 μὴ
462 4208 819 4278 ὑγιαίνουσιν,
846 4205 966 4276 ἦτοι
995 4200 1288 4257 ἀσθενοῦσι
1314 4203 1380 4273 τῇ
1404 4198 1627 4272 γνώμη·

84 4303 160 4355 καὶ
190 4303 259 4367 ὡς
293 4303 446 4357 οὐδὲν
483 4301 592 4355 τῶν
624 4299 769 4355 κατὰ
803 4297 895 4351 τὸν
932 4296 1135 4367 κόσμον
1171 4293 1634 4366 παραδειγμάτων

84 4390 173 4447 οἷόν
199 4395 253 4449 τὲ
281 4396 428 4450 ἐστιν
456 4393 767 4466 εὑρεθῆναι,
798 4391 936 4462 ὅπερ
966 4387 1190 4461 ἐξαρκεῖ
1215 4386 1334 4441 καθ’
1355 4384 1520 4439 ἑαυτὸ
1544 4401 1635 4437 σα-

88 4486 181 4554 τὰ
204 4488 550 4559 παραστῆσαι
573 4483 667 4539 τοῦ
694 4481 1033 4552 Μονογενοῦς
1056 4481 1156 4551 τὴν
1186 4478 1365 4549 φύσιν.
1398 4478 1509 4532 Καὶ
1546 4476 1634 4531 διὰ

88 4577 269 4649 τοῦτοή
307 4578 500 4651 Γραφὴ
546 4575 769 4638 πολλαῖς
812 4572 1081 4634 ἐπινοίαις
1109 4570 1237 4642 περὶ
1269 4566 1363 4621 τοῦ
1393 4569 1637 4636 Μονογε-

90 4668 188 4732 νοῦς
214 4671 302 4723 καὶ
331 4668 674 4740 ἐπωνυμίαις
709 4666 998 4737 κέχρηται,
1029 4661 1082 4715 εἴ
1123 4679 1239 4726 πως
1281 4660 1641 4733 δυνηθείημεν

90 4760 158 4813 διὰ
178 4763 273 4814 τῶν
305 4763 429 4815 καθ’
452 4762 603 4833 ἡμᾶς
634 4760 694 4814 τὸ
722 4757 864 4830 ὑπὲρ
889 4758 1034 4828 ὑμᾶς
1056 4755 1407 4818 καταλαϐεῖν,
1438 4758 1530 4810 καί
1553 4757 1640 4811 διὰ

91 4851 179 4905 τῶν
230 4852 644 4924 γινωσκομένων
698 4848 1070 4921 φαντασθῆναι
1128 4847 1199 4901 τὰ
1263 4847 1637 4919 ἀγνοούμενα,

96 4944 245 5015 ἠρέμα
273 4947 361 5000 καὶ
405 4942 551 4999 κατὰ
584 4945 776 5015 μικρὸν
808 4941 916 4996 άπὸ
959 4939 1068 5007 τῶν
1114 4939 1363 5012 φανερῶν
1397 4940 1534 5012 πρὸς
1572 4940 1641 4994 τὰ

101 5040 413 5111 κεκρυμμένα
445 5036 922 5112 προὸιὸαζόμενοι.
968 5034 1119 5088 Ἐπεὶ
1161 5033 1343 5087 τοίνυν
1373 5033 1480 5086 ἔδει
1512 5034 1641 5094 τοὺς

101 5131 413 5198 πιστεύοντας
430 5133 451 5163 ’
475 5133 555 5196 είς
583 5130 839 5205 Χριστὸν,
870 5129 945 5194 ὡς
972 5126 1159 5200 ὅμοιός
1182 5126 1329 5178 ἐστιν
1354 5126 1382 5178 6
1412 5124 1538 5187 Υἱὸς
1563 5123 1641 5194 τῷ

102 5223 264 5296 Πατρὶ,
289 5226 380 5280 ἅτε
418 5226 484 5297 δὴ
517 5222 680 5278 εἰκὼν
714 5223 974 5295 ὑπάρχων
1001 5220 1096 5275 τοῦ
1136 5221 1228 5273 ἐπὶ
1251 5220 1467 5272 πάντων
1494 5218 1521 5271 6
1553 5216 1644 5270 Stin

103 5315 303 5379 πάντων,
344 5317 410 5371 δι’
440 5312 503 5372 οὗ
538 5315 607 5369 τὰ
643 5314 822 5368 πάντα
857 5310 1343 5384 δεδημιούργηται,
1385 5308 1455 5361 τά
1486 5324 1544 5360 τε
1585 5309 1642 5360 ἐν

103 5410 191 5471 τοῖς,
217 5410 474 5482 οὐρανοῖς,
503 5407 599 5462 καὶ
627 5406 694 5460 τὰ
722 5405 815 5459 ἐπὶ
848 5404 976 5473 γῆς·
1004 5400 1167 5455 εἰκὼν
1199 5401 1255 5454 δὲ
1282 5401 1382 5470 οὐχ
1403 5399 1478 5463 ὡς
1510 5398 1645 5468 ἄψυ-

106 5515 179 5566 χον
202 5502 462 5573 ἐμψύχου,
496 5500 604 5554 οὐδ’
631 5498 707 5562 ὼς
740 5495 990 5568 ἐνέργεια
1015 5492 1229 5563 τέχνης,
1268 5491 1379 5545 οὐδ’
1408 5490 1485 5555 ὡς
1508 5491 1645 5544 ἁπο-

107 5592 309 5664 τέλεσμα
335 5594 611 5668 ἐνεργείας
630 5633 646 5660 ,
680 5588 816 5645 ἀλλὰ
843 5588 1089 5660 γέννημα
1117 5583 1212 5638 τοῦ
1246 5585 1603 5656 γεννήσαντος
1628 5596 1640 5609 ·

1727 3310 1830 3351 nos
1856 3295 1924 3351 de
1962 3295 2048 3351 his
2078 3311 2252 3368 pauca
2283 3297 2650 3368 disputemus,
2698 3314 2807 3354 non
2838 3300 2984 3370 quod
3026 3316 3090 3356 ea
3123 3317 3211 3359 res
3245 3304 3314 3360 ab

1730 3389 1797 3445 iis
1840 3387 2080 3460 perfecte
2122 3397 2353 3445 tractata
2398 3405 2509 3445 non
2556 3390 2717 3447 fuerit
2742 3390 2837 3463 qui
2875 3401 3001 3450 ante
3032 3410 3134 3452 nos
3159 3395 3316 3452 dirc-

1728 3488 1894 3535 runt:
1922 3480 2104 3536 furere
2139 3482 2284 3536 enim
2318 3480 2471 3537 illum
2510 3497 2736 3539 necesse
2766 3492 2884 3549 est,
2916 3486 3011 3556 qui
3047 3486 3194 3542 istud
3225 3503 3317 3544 as-

1728 3580 1906 3628 serat:
1936 3588 2114 3644 neque
2137 3572 2284 3644 quod
2308 3573 2533 3630 doctore
2548 3589 2689 3646 opus
2715 3575 2998 3642 habeatis;
3031 3592 3128 3634 vos
3156 3579 3303 3634 enim

1730 3665 1834 3738 ipsi
1863 3665 2126 3723 divinitus
2154 3666 2290 3723 estis
2321 3666 2537 3733 edocti;
2573 3666 2668 3723 sed
2698 3675 2757 3723 ut
2782 3667 2851 3723 de
2877 3670 3040 3727 nobis
3072 3670 3145 3727 sit
3180 3672 3317 3726 illud

1729 3756 1785 3811 in
1812 3755 2150 3812 conscientia
2177 3763 2357 3812 vestra
2380 3755 2756 3823 manifestum,
2779 3772 2978 3830 cupere
2999 3774 3102 3817 nos
3136 3758 3315 3831 Spiri-

1732 3858 1824 3904 tus
1852 3848 2024 3903 sancti
2057 3849 2199 3904 dona
2234 3848 2643 3904 communicare
2673 3850 2977 3906 vobiscum.

1802 3924 2079 4012 Imprimis
2104 3941 2288 4012 itaque
2317 3939 2480 3998 crede
2510 3941 2646 3997 nihil
2687 3957 2792 3998 nec
2834 3941 2890 3998 in
2919 3943 3131 3999 caeteris
3169 3942 3321 3999 Scri-

1732 4040 1905 4103 pturaa
1954 4032 2112 4097 locis,
2152 4046 2254 4087 nec
2283 4032 2339 4086 in
2370 4048 2436 4088 eo
2468 4032 2537 4089 de
2578 4048 2687 4104 quo
2723 4036 2885 4091 modo
2920 4036 3167 4107 agimus,
3207 4038 3319 4091 ulla

1734 4124 1837 4180 sibi
1866 4123 2099 4180 invicem
2127 4139 2250 4179 esse
2278 4122 2577 4194 Scriptura:
2604 4126 2763 4180 verba
2795 4129 3090 4195 contraria,
3121 4136 3320 4185 tamet-

1735 4219 1782 4273 si
1814 4217 1882 4272 iis
1905 4217 2174 4272 duntaxat
2209 4217 2301 4287 qui
2335 4215 2416 4270 vel
2460 4231 2595 4272 sana
2636 4216 2740 4273 ﬁde
2774 4219 2984 4287 praediti
3016 4235 3129 4275 non
3160 4229 3316 4285 sunt,

1733 4304 1820 4360 vel
1854 4303 2227 4360 imbecillioris
2261 4293 2463 4375 ing'enii
2494 4312 2643 4373 sunt,
2676 4321 2979 4379 repugnare
3005 4309 3317 4377 videantur;

1735 4394 1931 4453 deinde
1953 4395 2162 4450 nullum
2196 4396 2252 4450 in
2282 4395 2488 4451 mundo
2521 4398 2831 4468 exemplum
2872 4401 3101 4471 reperiri
3132 4417 3320 4473 posse,

1672 4535 1713 4589 ο
1742 4486 1889 4557 quod
1930 4486 1999 4541 ad
2036 4484 2539 4556 repraesentandam
2593 4485 2871 4559 Unigeniti
2922 4498 3174 4546 naturam
3225 4508 3324 4565 per

1746 4590 1868 4632 sese
1890 4574 2143 4630 subiciat.
2184 4574 2358 4641 Quam
2383 4574 2456 4631 ob
2474 4590 2700 4633 causam
2725 4576 3010 4648 Scriptura
3036 4581 3240 4638 multas
3256 4582 3325 4637 ad

1746 4668 1801 4723 id
1834 4670 2171 4739 excogitatas
2208 4668 2454 4723 rationes
2493 4677 2547 4724 et
2586 4670 2982 4740 appellationes
3012 4687 3326 4730 accommo-

1746 4760 1861 4826 dat,
1898 4760 1945 4816 si
1978 4774 2087 4831 quo
2121 4758 2357 4815 fortasse
2388 4759 2553 4814 modo
2581 4775 2649 4815 ex
2682 4761 2766 4817 his
2805 4777 2927 4833 qua:
2956 4763 3117 4819 nobis
3168 4764 3329 4820 fami-

1744 4849 1904 4904 liaria
1936 4860 2066 4905 sunt
2110 4856 2165 4904 et
2195 4850 2436 4921 cognita,
2466 4865 2588 4920 qua:
2615 4858 2837 4922 captum
2880 4861 3129 4908 nostrum
3162 4869 3327 4924 supe-

1747 4950 1871 4996 rant
1898 4940 2363 5012 comprehendere
2396 4940 2694 5012 possimus,
2727 4951 2782 4998 et
2801 4958 2865 4998 ex
2894 4944 3131 5014 cognitis
3176 4947 3322 5016 ignoo

1746 5041 1926 5087 tarum
1954 5048 2136 5088 rerum
2169 5032 2467 5088 informare
2499 5034 2770 5101 notitiam,
2818 5049 2847 5088 a
2878 5036 3186 5106 perspicuis
3223 5038 3329 5093 illis

1751 5125 2079 5197 pedetentim
2114 5123 2181 5178 ad
2216 5138 2417 5179 arcana
2471 5126 2798 5196 occultaque
2850 5127 3120 5197 perducti.
3174 5128 3349 5225 Quod,

1752 5216 1919 5287 igitur
1943 5230 2039 5271 eos
2070 5215 2161 5286 qui
2186 5216 2241 5270 in
2263 5215 2545 5272 Christum
2582 5218 2891 5281 crederent,
2922 5219 3145 5275 credere
3167 5215 3348 5290 opor-'
3396 5230 3399 5231 '

1753 5307 1899 5362 tebat
1932 5306 2166 5362 similem
2196 5322 2319 5363 esse
2345 5306 2524 5363 Patris
2551 5307 2775 5373 Filium,
2806 5317 2993 5378 utpote
3015 5325 3140 5364 cum
3164 5309 3332 5378 illius,

1751 5397 1843 5468 qui
1896 5412 2062 5466 supra
2095 5399 2279 5453 omnia
2327 5407 2432 5461 est.
2480 5400 2661 5469 imago
2699 5400 2772 5454 sit
2818 5401 2909 5455 ille
2956 5402 3331 5473 quipervadit

1752 5490 1954 5554 omnia,
1979 5497 2033 5545 et
2055 5504 2086 5544 a
2114 5505 2223 5560 quo
2248 5490 2512 5561 producta
2543 5497 2672 5545 sunt
2700 5491 2870 5561 880
2906 5493 3111 5555 omnia,
3137 5499 3247 5547 tam
3279 5493 3331 5547 in

1754 5580 1915 5648 coelo,
1947 5596 2110 5653 quam
2160 5581 2218 5635 in
2257 5587 2443 5637 terra:
2475 5581 2655 5653 imago
2700 5596 2868 5652 porro
2908 5583 3182 5652 ejusmodi
3223 5599 3331 5641 non

168 5776 181 5804 ⁸
218 5772 364 5832 Deest
392 5776 559 5830 altera
584 5754 817 5845 negatio.
899 5772 918 5802 ¹
960 5768 1114 5825 Addo
1142 5766 1440 5823 πιστεύειν.
1520 5766 1540 5796 ³
1580 5765 1619 5820 C

1758 5780 1794 5819 ι.
1850 5780 1888 5830 ι,
1924 5762 2007 5817 l6.
2085 5764 2103 5793 ⁸
2144 5762 2442 5833 Prov.vni,
2470 5760 2561 5817 22.
2642 5764 2662 5794 '
2704 5761 2751 5816 II
2778 5761 2909 5820 Cor.
2949 5778 3031 5829 in,
3066 5762 3121 5821 6.
