3798 6212
448 286 556 346 465

1874 282 1930 338 S.
1976 279 2024 334 El

2141 278 2314 334 HANII
3622 269 3712 326 ιιι

449 405 629 476 qualis
659 411 744 460 est
770 404 998 460 animati
1031 405 1202 475 llgura
1233 403 1285 458 id
1311 403 1456 474 quod
1481 403 1675 456 animm
1701 409 1785 457 est
1813 417 2024 472 expers;

2141 399 2232 452 καὶ
2275 398 2360 452 ὅτι
2408 397 2468 450 οὑ
2509 395 2669 466 Θέμις
2717 393 2836 448 ὲστὶ
2865 392 2967 464 τῆς
3014 388 3336 463 σωματικῆς
3381 387 3711 460 ἀνθρωπίνης

453 511 625 566 neque
654 496 800 551 velut
826 497 962 552 artis
993 495 1229 558 eﬂ‘ectio,
1272 507 1366 550 aut
1399 494 1705 551 eﬂ‘ectionis
1733 509 1893 564 Opus.
1934 491 2031 548 sed

449 595 710 656 tanquam
741 587 1005 657 genitoris
1057 587 1112 643 id
1147 587 1294 657 quod
1341 588 1582 658 genitum
1635 594 1738 642 est.
1776 583 2024 656 Cumque

449 686 708 748 praeterea
741 679 899 736 nefas
927 681 995 737 sit
1032 679 1098 734 ad
1126 677 1401 750 Unigeniti
1447 677 1881 748 generationem,
1910 690 2032 745 quae

448 770 663 827 saeculis
708 773 966 828 omnibus
1008 773 1159 842 prior
1190 779 1295 835 est,
1350 786 1626 841 corporeae
1679 777 1733 826 et
1783 769 2032 823 humanae

446 861 820 931 generationis
854 862 1105 932 proprias
1153 868 1314 916 notas
1349 860 1806 929 conditiOnesque
1849 866 2032 915 trans-

448 951 626 1017 ferre;
678 967 742 1007 ac
787 952 1026 1023 denique
1055 967 1180 1007 cum
1213 951 1280 1006 ad
1322 950 1603 1022 sapientia:
1649 949 1796 1006 illius
1848 964 2033 1005 exem-

447 1044 620 1115 plum.
645 1060 767 1115 qua:
799 1043 1070 1100 humanas
1109 1044 1474 1115 cogitationes
1507 1042 1910 1113 complectitur,
1958 1041 2032 1096 ita

445 1135 567 1191 Filii
605 1136 676 1192 sit
719 1136 986 1208 exigenda
1017 1136 1319 1207 generatio,
1351 1144 1410 1190 ut
1445 1151 1541 1206 per
1589 1150 1714 1190 sese
1761 1134 2030 1189 subsistat

445 1229 805 1286 nihilominus
845 1236 901 1284 et
945 1229 1177 1284 exsistat
1200 1247 1213 1284 :
1236 1227 1361 1283 ideo
1395 1227 1661 1282 ambabus
1695 1226 1804 1283 illis
1831 1227 2033 1282 dictio-

445 1324 630 1387 nibus,
680 1321 979 1379 creationis
1041 1336 1107 1378 ac
1179 1321 1572 1393 generationis,
1616 1321 1695 1375 uti
1746 1320 2032 1392 Scriptura

444 1416 647 1480 voluit;
681 1431 806 1470 cum
836 1415 1034 1470 creavit
1059 1415 1290 1486 perinde
1310 1414 1472 1478 dixit,
1502 1429 1566 1469 ac
1595 1414 1772 1484 genuit
1799 1429 1816 1466 :
1840 1428 1949 1468 non
1974 1419 2035 1468 ut

444 1508 634 1562 eadem
665 1506 734 1562 de
765 1522 824 1562 re
857 1506 1022 1562 simul
1051 1505 1329 1561 contraria
1369 1504 1476 1560 dici
1498 1505 1808 1570 videantur,
1846 1505 1941 1561 sed
1973 1513 2035 1560 ut

445 1615 542 1669 per
571 1597 789 1654 creandi
825 1598 1180 1661 vocabulum,
1223 1597 1617 1654 subsistentem
1664 1613 1730 1651 ac
1777 1596 2030 1653 stabilem

444 1692 672 1746 unicum
707 1705 833 1746 esse
871 1689 965 1745 Dei
995 1687 1225 1754 Filium;
1260 1704 1358 1758 per
1391 1689 1624 1743 alterum
1660 1703 1807 1753 vero,
1830 1688 2029 1758 genuit,

445 1784 710 1838 eximium
759 1797 825 1838 ac
866 1783 1144 1854 peculiare
1169 1781 1430 1852 quiddam
1472 1781 1672 1836 habere
1713 1789 2065 1836 monstraret.
2103 1781 2236 1854 Ego,
2273 1783 2471 1854 inquit,
2503 1782 2642 1837 exivi
2671 1798 2706 1835 a
2737 1779 2923 1844 Patre,
2953 1789 3000 1833 et
3033 1777 3226 1842 uado‘,

2135 493 2443 560 γεννήσεως
2466 488 2567 558 τὴν
2593 485 2690 540 τοῦ
2717 482 3056 558 Μονογενοῦς
3086 483 3341 552 γέννησιν
3373 479 3468 551 τὴν
3493 479 3603 550 πρὸ
3621 481 3711 531 τῶν

2134 581 2346 635 αἰώνων
2389 577 2926 652 χαρακτηρίζεσθαιο
2972 578 2992 610 ⁸
3019 576 3112 630 καὶ
3156 574 3232 640 ὡς
3272 573 3416 628 κατὰ
3447 571 3511 625 τὺ
3547 574 3710 643 παρὰ·

2133 671 2334 742 δειγμα
2372 670 2473 740 τῆς
2504 669 2699 739 σοφίας
2726 670 2825 740 τῆς
2851 666 3206 740 περιεκτικῆς
3235 663 3345 718 τῶν
3375 662 3711 734 ἀνθρωπίνων

2135 761 2542 834 ἐνθυμημάτων
2592 760 2684 815 τοῦ
2717 761 2930 832 Πατρὸς
2957 801 2971 825 ,
2997 760 3071 813 οὐ
3112 757 3219 830 μὴν
3263 754 3635 818 ἀνυπόστατός
3666 772 3710 807 τε

2135 855 2230 908 καὶ
2263 855 2636 925 ἀνύπαρκτος,
2673 853 2965 926 ἑκατέραις
2991 853 3112 915 ταῖς
3147 848 3361 915 λέξεσιν
3387 847 3655 919 ἐχρήσατο
3683 850 3709 914 ἠ

2135 947 2353 1019 Γραφὴ,
2377 947 2478 1017 τῆς
2505 963 2567 1000 τε
2597 946 2852 1014 κτίσεως,
2881 943 2971 1000 καὶ
2997 945 3065 1016 τῇ
3091 944 3190 1014 τῆς
3221 943 3556 1010 γεννήσεως,
3580 941 3642 1009 τῇ
3666 955 3710 990 τε

2134 1041 2250 1104 τοῦ,
2279 1040 2501 1106 ἔκτισε,
2527 1040 2626 1094 καὶ
2652 1037 2772 1102 τοῦ,
2795 1037 3147 1108 ἐγέννησεν,
3174 1033 3271 1106 οὐχ
3298 1033 3388 1086 ἵνα
3416 1032 3488 1084 τὰ
3517 1031 3714 1083 ἐναντία

2135 1134 2265 1206 δοκῇ
2318 1133 2412 1188 καὶ
2455 1133 2597 1189 κατὰ
2635 1134 2697 1186 τὸ
2735 1131 2868 1185 αὐτὸ
2918 1130 3056 1201 περὶί
3079 1127 3187 1183 τῶν
3226 1125 3406 1180 αὐτῶν
3441 1121 3708 1190 λέγεσθαι,

2135 1226 2250 1280 ἀλλ’
2283 1226 2372 1280 ἵνα
2401 1224 2491 1280 διὰ
2527 1225 2629 1297 μὲν
2657 1223 2775 1286 τοῦ,
2806 1222 3036 1286 ἔκτισε,
3066 1220 3129 1274 τὸ
3153 1217 3528 1278 ὲνυπὸστατόν
3555 1231 3612 1268 τε
3637 1218 3712 1266 καὶ

2139 1319 2388 1392 μόνιμον,
2436 1317 2526 1371 διὰ
2567 1317 2625 1370 δὲ
2667 1315 2795 1381 τοῦ,
2845 1313 3179 1385 ἐγέννησε,
3229 1310 3292 1362 τὸ
3325 1307 3607 1379 ἐξαίρετον
3636 1307 3711 1359 τοῦ

2135 1410 2480 1482 Μονογενοῦς
2515 1411 2612 1466 καὶ
2647 1407 2848 1474 ἰδιάζον
2878 1408 3140 1480 παριστᾷ.
3195 1405 3368 1480 Ἐγὼ,
3415 1403 3614 1474 φησὶν,
3654 1403 3709 1455 ἐκ

2136 1505 2244 1560 τοῦ
2266 1504 2499 1574 Πατρὸς
2529 1503 2815 1573 ἐξῆλθον.
2840 1501 2940 1556 καὶ
2979 1501 3126 1569 ἦκω.
3168 1499 3376 1553 Ἱκανὸν
3403 1497 3462 1551 δέ
3493 1498 3608 1550 ἐστι
3635 1497 3712 1548 καὶ

2136 1598 2196 1653 τὸ
2241 1598 2342 1670 τῆς
2397 1597 2590 1666 σοφίας
2635 1597 2807 1667 ὄνομα
2856 1595 3038 1648 πᾶσαν
3086 1592 3298 1648 ἔννοιαν
3340 1589 3552 1653 πάθους
3599 1591 3712 1644 ἀπο-

2138 1690 2373 1745 κλεῖσαι.

3280 1791 3602 1846 quanquatu
3644 1777 3710 1827 τοι

443 1878 730 1949 sapientia:
757 1891 956 1934 nomen
988 1878 1166 1948 ipsum
1199 1877 1264 1932 ad
1290 1891 1508 1932 omnem
1538 1876 1814 1947 passionis
1841 1875 2236 1933 excludendum
2268 1878 2583 1949 opinionem
2619 1861 2838 1932 sufficit.

515 1972 734 2028 XXXII.
779 1971 978 2028 Verum
1006 1989 1116 2042 quo
1147 1972 1363 2029 tandem
1396 1971 1640 2041 rapimur
1658 1972 1802 2043 ejus,
1835 1971 1932 2042 qui
1959 1972 2024 2026 ita

2207 1974 2332 2028 ΑΒ.
2385 1972 2548 2027 una
2595 1972 2689 2025 ποῖ
2733 1967 3015 2040 φερόμεθα
3035 1969 3128 2037 ’μὴ
3163 1964 3605 2036 μνημονεύοντες
3634 1958 3710 2014 τοῦ

444 2067 688 2136 scripsit,
723 2066 909 2121 obliti:
946 2066 992 2121 0
1021 2066 1251 2121 altitudo
1309 2065 1647 2130 divitiarum,
1685 2059 1962 2134 sapientia:
1984 2072 2033 2117 et

451 2158 688 2213 scientia!
717 2157 843 2214 Dei:
880 2175 1040 2228 quam
1082 2158 1630 2227 incomprehensibilia
1672 2167 1792 2211 sunt
1823 2157 2034 2225 judicia

444 2253 579 2319 ejus,
609 2259 657 2304 et
696 2250 1082 2320 itwestigabiles
1134 2250 1230 2304 vite
1255 2249 1411 2318 ejus’
1440 2249 1452 2301 ί
1500 2247 1611 2303 Nos
1660 2249 1805 2303 enim
1839 2243 2051 2302 docto;

447 2358 559 2396 rem
606 2342 869 2398 habemus
911 2343 1156 2397 veritatis
1195 2341 1480 2410 Spiritum,
1517 2356 1676 2412 quem
1695 2340 1854 2396 nobis
1885 2347 2037 2409 post-

445 2448 674 2505 eaquam
710 2434 764 2488 in
800 2435 1000 2489 caelum
1039 2434 1306 2500 ascendit,
1352 2433 1581 2504 largitus
1622 2440 1706 2486 est
1738 2430 2031 2486 Dominus:

449 2525 518 2581 Ut
547 2526 816 2581 videamus
849 2543 967 2597 qua:
996 2543 1028 2580 a
1061 2526 1168 2580 Deo
1206 2516 1408 2581 denata
1451 2534 1572 2581 sunt
1604 2524 1773 2579 nobis.
1819 2522 1882 2577 In
1931 2539 2034 2595 quo

445 2627 495 2670 et
530 2617 818 2688 loquimur,
845 2632 953 2670 non;
980 2617 1032 2670 in
1054 2615 1252 2670 edoctis
1272 2615 1519 2670 humana:
1539 2614 1815 2683 sapientia:
1844 2613 2033 2681 verbis,

445 2709 534 2764 sed
555 2727 588 2764 a
613 2709 896 2778 disciplina
920 2707 1154 2779 Spiritus
1180 2709 1432 2780 acceptis”,
1454 2706 1785 2778 spiritalibus
1816 2706 2038 2778 spirita-

447 2800 524 2856 lia
548 2808 939 2871 comparantes,
956 2802 1010 2855 in
1035 2818 1137 2872 quo
1161 2801 1384 2856 colimus
1406 2807 1454 2854 et
1485 2799 1774 2853 adoramus
1791 2798 1845 2852 'z
1873 2798 2034 2868 cujus

453 2895 629 2966 gratia
657 2894 954 2967 ignominia
979 2897 1269 2959 allicimur,
1317 2909 1417 2966 per
1443 2907 1606 2964 quem
1638 2893 1914 2962 prophetat
1940 2908 2038 2949 va-

445 2988 654 3044 ticinati
691 2997 843 3055 sunt,
879 2987 1048 3058 a'quo
1073 2987 1210 3058 justi
1235 2988 1484 3044 homines
1515 3002 1614 3058 per
1641 2987 1787 3041 viam
1815 2983 2035 3040 deducti

446 3088 595 3144 sunt,
627 3096 724 3154 per
743 3096 908 3152 quem
933 3081 1300 3136 conciliamur
1327 3078 1490 3134 Filio.
1517 3077 1660 3146 Quid
1687 3078 1881 3133 attinet
1934 3077 2035 3149 igi-

447 3180 535 3228 tur
567 3172 624 3226 in
668 3171 816 3227 illius
851 3181 1103 3227 naturam
1152 3171 1476 3243 inquirere?
1519 3168 1712 3225 Nonne
1757 3169 1900 3240 apud
1937 3182 2034 3224 vos

447 3265 528 3320 sic
550 3271 812 3334 tanquam
843 3265 1122 3335 spiritales
1155 3278 1466 3320 sermonem
1498 3263 1872 3319 instituimus?
1895 3260 2032 3316 Nam

448 3355 516 3410 ad
547 3354 686 3410 alios
721 3356 827 3412 ista
863 3355 1170 3426 pertinent:
1200 3354 1465 3421 Quoniam
1498 3371 1603 3409 non
1627 3370 1911 3421 possumus
1944 3370 2036 3408 υο-

448 3447 526 3501 bis
558 3447 700 3518 loqui
730 3456 984 3518 tanquam
1013 3447 1364 3516 spiritalibus,
1393 3446 1484 3501 sed
1516 3455 1768 3516 tanquam
1798 3447 2034 3502 carnali-

449 3540 545 3593 bus
568 3539 609 3592 ⁸.
644 3539 741 3596 Est
777 3539 910 3594 illud
942 3555 1073 3595 vero
1111 3537 1490 3604 metuendum,
1526 3553 1595 3594 ne
1625 3553 1694 3592 ex
1725 3553 1915 3594 earum
1950 3553 2037 3592 re-

451 3647 592 3698 rum,
617 3648 738 3704 quas
763 3633 1156 3704 comprehendi
1178 3640 1480 3704 nequeunt,
1507 3633 1802 3689 ambitioso
1831 3632 2034 3698 studio,

449 3732 502 3778 et
524 3738 735 3788 eorum,
759 3739 883 3793 quae
903 3723 1218 3793 investigari
1243 3737 1354 3776 non
1381 3728 1632 3792 possunt,
1661 3721 2035 3791 inquisitione,

454 3817 518 3871 in
543 3815 870 3870 altissimam
916 3814 1210 3884 impietatis
1253 3813 1567 3883 voraginem
1607 3813 1934 3869 incidamus.
1973 3811 2038 3865 Et

449 3908 599 3962 vixi:
621 3905 843 3976 Sapiens
871 3923 960 3961 ero
977 3923 998 3971 ;
1023 3916 1070 3960 et
1103 3906 1218 3974 ipsa
1245 3905 1450 3975 longius
1479 3921 1512 3959 a
1541 3920 1624 3959 me
1646 3905 1856 3960 recessit
1881 3921 2040 3972 quam

451 4011 604 4064 erat;
645 4007 697 4055 et
749 3999 1073 4053 altissimum
1119 4007 1197 4054 est
1245 3998 1607 4068 profundum;
1657 3998 1774 4069 quis
1817 3997 2040 4052 inreniet

451 4091 586 4147 illud
606 4091 672 4144 ’ἲ
714 4090 1119 4146 Meminerimus
1149 4090 1296 4145 enim
1325 4090 1468 4160 ejus,
1499 4089 1592 4161 qui
1622 4089 1728 4145 ista
1755 4088 1893 4143 dixit
1917 4107 1929 4142 :
1957 4086 2042 4142 Ex-

450 4195 602 4254 partc
648 4183 1034 4254 cognoscimus,
1079 4191 1128 4236 et
1158 4197 1224 4236 ea:
1259 4191 1410 4251 parte
1447 4182 1837 4252 prophetamus.
1873 4184 2036 4254 881

451 4274 588 4332 Cum
615 4285 793 4329 autem
815 4275 1011 4330 venerit
1063 4274 1200 4346 quod
1239 4277 1527 4344 perfectum
1553 4283 1632 4330 est
1651 4314 1667 4340 ,
1700 4275 2042 4330 evacuabitur

451 4366 592 4438 quod
636 4381 701 4423 ea:
740 4375 890 4436 parte
925 4375 1004 4421 est
1029 4367 1071 4421 ε.
1107 4363 1169 4420 Si
1199 4367 1314 4436 quis
1350 4367 1553 4420 videtur
1603 4366 1760 4432 scire,
1806 4365 2042 4421 nondum

453 4460 596 4513 nouit
642 4457 1085 4527 quemadmodum
1135 4468 1372 4527 oporteat
1419 4459 1620 4514 scire'.
1672 4458 2039 4525 Quamobrem

453 4543 754 4602 verendum
776 4547 936 4602 nobis
957 4554 1062 4612 est,
1090 4562 1160 4603 ne
1185 4547 1313 4602 dum
1339 4547 1406 4604 de
1435 4547 1521 4604 his
1546 4562 1667 4618 quae
1689 4549 1907 4618 assequi
1930 4563 2042 4603 non

2137 2081 2161 2116 ε
2171 2063 2393 2127 ίπόντος·
2419 2057 2483 2116 ’Ὦ
2497 2060 2690 2128 ,Βάθος
2707 2060 2976 2114 πλούτου
2989 2057 3088 2111 καὶ
3104 2058 3328 2126 σοφίας
3341 2055 3444 2110 καὶ
3460 2053 3706 2124 γνώσεως

2139 2154 2321 2217 Θεοῦ,
2369 2157 2450 2220 ὡς
2493 2153 2938 2220 ἁνεξερεύνητα
2976 2150 3048 2204 τὰ
3080 2149 3334 2219 κρίματα
3371 2145 3602 2208 αὐτοῦ,
3632 2147 3709 2196 καί

2137 2245 2589 2315 ἀνεξιχνίαστοι
2635 2246 2695 2297 αἱ
2745 2242 2874 2298 ὁδοὶ
2919 2241 3146 2296 αὐτοῦ]
3176 2241 3418 2310 Ἕχομεν
3448 2239 3562 2309 γὰρ
3587 2236 3710 2289 διδα-

2140 2336 2337 2390 σκαλον
2378 2336 2440 2390 τὸ
2480 2333 2712 2407 Πνεῦμα
2741 2335 2841 2405 τῆς
2893 2332 3146 2404 ἀληθείας
3169 2371 3186 2396 ,
3232 2332 3262 2384 ὃ
3293 2330 3504 2384 ἔδωκεν
3543 2331 3713 2401 ί,μίνό

2138 2430 2342 2502 Κύριος
2369 2427 2506 2500 μετὰ
2531 2427 2630 2500 τὴν
2659 2427 2740 2491 είς
2767 2427 3032 2499 οὐρανοὺς
3057 2424 3348 2495 ἀνάληψιν,
3363 2424 3498 2478 Ἵνα
3523 2421 3715 2491 ἴδωμεν

2136 2526 2209 2580 τὰ
2250 2526 2369 2581 ὑπὸ
2417 2525 2526 2581 τοῦ
2567 2524 2716 2580 Θεοῦ
2761 2523 3127 2596 χαρισθέντα
3175 2522 3338 2593 ἡμῖν.
3397 2522 3508 2576 Ἔν
3541 2513 3589 2586 ᾦ
3633 2519 3713 2571 καὶ

2135 2617 2465 2688 λαλοῦμεν,
2505 2621 2617 2674 οὐκ
2657 2618 2727 2671 ἐν
2763 2614 3063 2683 διδακτοῖς
3094 2614 3485 2682 ἀνθρωπίνης
3514 2614 3713 2680 σοφίας

2135 2713 2360 2780 λόγοις,
2383 2711 2521 2765 ἀλλ’
2549 2709 2621 2765 ἐν
2652 2709 2953 2776 διδακτοῖς
2995 2708 3102 2763 τοῦ
3144 2710 3520 2778 Πνεύματος,
3555 2723 3714 2759 ,πνευ-

2132 2803 2402 2874 ματικοῖς
2471 2803 2846 2874 πνευματικὰ
2903 2802 3366 2872 συγκρίνοντεςο
3412 2801 3490 2857 ἐν
3537 2793 3585 2867 ᾧ
3625 2803 3713 2853 .ta-

2135 2895 2425 2968 τρεύομεν
2475 2896 2575 2951 καί
2616 2893 3104 2966 προσκυνοῦμεν.
3137 2894 3228 2948 Διὸ
3259 2892 3642 2964 minacem:
3668 2893 3716 2944 tv

2134 2981 2180 3056 ᾧ
2206 2988 2482 3060 προφῆται
2512 2989 2946 3062 προεφήτευσαν,
2969 2989 3026 3041 ὲν
3053 2980 3099 3054 ᾧ
3125 2985 3322 3041 δίκαιοι
3343 2984 3712 3058 samem,

2135 3079 2203 3133 δι’
2221 3073 2282 3134 οὗ
2308 3079 2700 3152 προσαγόμεθα
2726 3078 2806 3151 τῷ
2831 3077 2965 3150 Υίῷ.
2983 3077 3144 3133 Ἀλλὰ
3167 3077 3221 3132 τί
3247 3075 3712 3149 πολυπραγμονοῦ-

2141 3189 2239 3244 μεν
2265 3172 2334 3226 τὰ
2360 3173 2462 3244 τῆς
2497 3172 2747 3244 φύσεως;
2783 3171 2876 3243 Μὴ
2898 3170 3008 3244 γὰρ
3035 3171 3114 3235 ὡς
3143 3172 3457 3244 σαρκικοῖς,
3489 3167 3602 3222 ἀλλ’
3625 3169 3707 3236 οὐχ

2136 3265 2213 3330 ὡς
2238 3267 2629 3339 πνευματικοῖς
2654 3265 3014 3337 διαλεγόμεθα
3036 3283 3051 3333 ;
3093 3265 3209 3318 Ἐπ’
3237 3264 3415 3318 ἄλλων
3443 3263 3560 3336 γὰρ
3585 3261 3710 3334 εἰρη-

2137 3359 2378 3424 ται,Ὄτι
2413 3361 2486 3414 οὐ
2516 3358 2822 3428 δυνάμεθα
2842 3355 2984 3427 ὑμῖν
3013 3355 3282 3427 λαλῆσαι
3308 3359 3388 3425 ὡς
3418 3371 3715 3426 πνευματι-

2140 3451 2292 3519 κοῖς,
2323 3450 2462 3506 ἀλλ’
2501 3451 2581 3517 ὡς
2619 3448 2950 3518 σαρκικοῖς.
2974 3448 3101 3514 Δέος
3142 3449 3254 3521 γάρ
3282 3451 3402 3503 ἐστι
3441 3451 3637 3521 μήπως
3660 3451 3710 3501 ἐκ

2138 3545 2241 3616 τῆς
2273 3544 2382 3599 τῶν
2419 3543 2820 3615 ἀκαταλήπτων
2858 3541 3190 3612 φιλονεικίας
3223 3541 3317 3595 καὶ
3349 3541 3455 3610 τῆς
3500 3541 3607 3594 τῶν
3634 3541 3713 3592 άν-

2141 3637 2379 3707 εφίκτων
2409 3637 2692 3708 ζητήσεως
2731 3638 2811 3699 είς
2864 3634 3022 3706 βυθὸν
3072 3633 3328 3698 ἀσεϐείας
3375 3634 3709 3704 ὲμπέσωμεν.

2141 3730 2250 3784 Kal
2293 3725 2466 3784 εἶπα·
2507 3727 2960 3799 Σοφισθήσομαι
2985 3743 3002 3760 ·
3046 3725 3143 3780 καὶ
3187 3726 3341 3794 αὐτὴ
3388 3727 3712 3797 ἐμακρὺνθη

2142 3822 2242 3878 ἀπ’
2270 3821 2417 3892 ἐμοῦ
2451 3819 2604 3888 ὑπὲρ
2637 3819 2670 3873 ὃ
2713 3816 2793 3891 ἦν
2813 3837 2826 3850 ”
2857 3819 2956 3873 καὶ
2987 3819 3149 3884 βαθὺ
3182 3818 3377 3884 βάθος
3396 3833 3410 3847 ·
3443 3819 3538 3885 τίς
3563 3817 3714 3886 εἰρή-

2144 3931 2237 3970 σει
2268 3912 2498 3982 αὑτήν;
2541 3912 3022 3984 Μνημονεύτωμεν
3048 3912 3157 3984 γὰρ
3189 3910 3282 3965 τοῦ
3312 3912 3596 3975 εἰπόντος·
3635 3911 3710 3963 Ἐκ

2136 4005 2360 4075 μέρους
2403 4002 2797 4074 γινώσκομεν,
2849 4002 2948 4056 καὶ
2992 4001 3062 4056 ἐκ
3105 4001 3324 4072 μέρους
3359 4000 3709 4070 προφητεύει

2139 4111 2274 4163 μεν·
2307 4093 2452 4146 ὅταν
2483 4091 2552 4146 δὲ
2591 4091 2736 4162 ἔλθῃ
2781 4093 2846 4146 τὸ
2877 4090 3130 4156 τέλειον,
3162 4092 3296 4145 τότε
3319 4091 3390 4144 τὸ
3418 4092 3490 4145 ἐκ
3516 4090 3711 4161 μέρους

2145 4185 2678 4254 καταργηθήσεται.
2726 4182 2801 4236 ει
2845 4199 2937 4250 τις
2976 4180 3146 4236 δοκεῖ
3187 4182 3532 4253 τιτρώσκειν,
3572 4181 3710 4235 οὔκω

2143 4277 2296 4346 ἔγνω
2329 4275 2526 4342 καθὼς
2561 4275 2660 4329 δεῖ
2677 4273 2920 4345 γνῶναι.
2959 4275 3070 4329 Καὶ
3104 4275 3192 4328 διὰ
3235 4274 3395 4328 τοῦτο
3428 4275 3551 4338 δέος
3592 4275 3707 4336 ἐστὶ,

2148 4371 2374 4440 μήπως,
2410 4365 2723 4440 βιαζόμενοι
2766 4367 2945 4436 λέγειν
2975 4365 3103 4438 περὶ
3130 4358 3205 4420 ὧν
3237 4367 3299 4420 οὐ
3331 4365 3608 4438 δυνάμεθα
3643 4363 3710 4415 λέ-

2145 4478 2281 4531 γειν,
2310 4461 2508 4534 μηκέτι
2541 4458 2985 4531 ωγχωρηθῶμεν
3015 4457 3150 4529 μηδὲ
3176 4457 3305 4531 περὶ
3329 4451 3407 4512 ὧν
3433 4458 3703 4528 δυνάμεθα.

2159 4553 2253 4606 Ἐκ
2294 4553 2531 4615 πίστεως
2555 4552 2662 4625 γὰρ
2689 4553 2771 4605 δεῖ
2793 4551 2998 4617 λαλεῖν,
3023 4553 3124 4604 οὐκ
3156 4553 3220 4604 ὲκ
3248 4549 3360 4604 τῶν
3389 4548 3708 4621 λαλουμένων

455 4652 772 4710 possumus,
806 4654 916 4709 quo
942 4637 1085 4708 jure,
1123 4653 1340 4709 quaque
1385 4639 1587 4710 injuria
1636 4638 1922 4709 disputare
1955 4655 2022 4694 vo

2149 4645 2447 4698 πιστεύειν.
2492 4645 2860 4700 Ἐπίστευσα
2901 4645 3044 4714 γὰρ,
3095 4645 3259 4715 φησι,
3306 4643 3402 4697 διὸ
3433 4643 3703 4710 ἐλάλησα.

457 4733 665 4795 lumus,
701 4747 770 4787 ne
805 4731 874 4786 de
907 4730 992 4787 bis
1019 4731 1240 4801 quidem
1271 4748 1394 4802 quae
1425 4739 1697 4804 attingere
1727 4749 2043 4804 possumus,

456 4821 773 4893 disputandi
800 4822 1032 4878 facultas
1070 4822 1434 4894 relinquatur.
1471 4822 1604 4878 Nam
1636 4841 1700 4879 ex
1737 4824 1839 4881 (ide
1873 4825 2044 4896 loqui,

457 4931 568 4971 non
600 4931 668 4970 ex
704 4915 788 4970 his
817 4931 940 4986 quae
984 4915 1257 4987 quispiam
1291 4916 1555 4987 loquitur,
1594 4917 1753 4972 ﬁdem
1785 4917 2047 4974 adbibere

456 5008 754 5064 convenit:
782 5007 998 5081 Crglidi
1037 5009 1197 5070 enint,
1226 5008 1425 5078 inquit,
1461 5020 1672 5080 propter
1711 5011 1850 5081 quod
1884 5021 1932 5066 et
1965 5011 2045 5066 lo—

458 5008 754 5064 convenit:
782 5008 998 5166 (Irgidi
1037 5009 1197 5070 enint,
1226 5008 1425 5078 inquit,
1461 5020 1672 5080 propter
1711 5011 1850 5081 quod
1884 5021 1932 5066 et
1965 5011 2040 5066 lo-

458 5109 612 5154 cutus
644 5115 761 5153 sum
787 5092 829 5154 ⁸.
915 5115 1046 5155 uare
1070 5099 1162 5170 qui
1189 5100 1256 5154 de
1283 5100 1501 5171 propria
1531 5103 1880 5171 generatione
1906 5103 2040 5157 certi

455 5189 595 5244 nihil
647 5178 916 5245 aﬂlrmai'e
963 5205 1283 5260 possumus,
1320 5206 1444 5244 cum
1495 5191 1587 5247 Dei
1635 5194 2043 5263 generationem

457 5283 675 5336 curiose
709 5291 1154 5350 perserutamur,
1191 5291 1246 5337 et
1288 5271 1577 5339 ambitioso
1628 5285 1903 5355 eXplicare
1953 5287 2046 5340 illa

458 5371 827 5442 aggredimur,
861 5389 1044 5428 nonne
1079 5376 1380 5429 timendum
1441 5386 1545 5441 cst,
1591 5391 1660 5430 ne
1710 5377 1756 5431 is
1795 5377 1889 5446 qui
1936 5393 2045 5431 non

459 5461 767 5536 disciplina:
801 5469 964 5522 modo
996 5469 1258 5539 linguam,
1293 5471 1387 5526 sed
1423 5479 1475 5525 ct
1505 5473 1938 5542 Opportunitatis
1976 5471 2043 5525 ad

2150 4733 2436 4811 'Otavpﬁv
2465 4736 2526 4790 τὺ
2553 4737 2652 4808 μὲν
2684 4737 2812 4809 περὶ
2840 4736 2942 4807 τῆς
2969 4736 3178 4800 οἰκείας
3205 4737 3517 4807 γεννήσεως
3548 4735 3616 4805 μή
3636 4734 3706 4786 δυ·

2144 4829 2366 4899 νάμενοι
2400 4828 2795 4898 ἀποφαίνεσθαι
2819 4829 3338 4901 περιεργαξώμεθα,
3378 4830 3477 4883 καὶ
3509 4829 3704 4898 φιλονει-

2144 4924 2260 4975 κεῖν
2287 4920 2654 4993 ὲπιχειρῶμεν
2679 4921 2807 4991 περὶ
2835 4921 2935 4990 τῆς
2960 4920 3054 4974 τοῦ
3083 4921 3218 4974 Θεοῦ
3244 4922 3556 4993 γεννήσεως
3574 4937 3589 4952 ’
3613 4919 3705 4980 πῶς

2143 5013 2204 5067 οὐ
2251 5013 2372 5077 δέος
2408 5014 2523 5067 ἐστὶ
2586 5015 2782 5085 μήπως
2837 5015 2866 5067 ὁ
2925 5012 3099 5076 διδοὺς
3155 5014 3217 5065 οὐ
3271 5013 3430 5084 μόνον
3489 5013 3704 5082 γλῶτταν

2144 5105 2414 5170 παιδείας,
2465 5105 2600 5159 ἀλλὰ
2645 5107 2739 5158 καὶ
2785 5105 2987 5174 γνῶναι
3018 5107 3184 5176 ἡνίκα
3221 5105 3304 5159 δεῖ
3347 5107 3525 5160 εἰπεῖν
3554 5106 3704 5173 λόγον,

2145 5197 2594 5270 καταψηφίσηται
2630 5196 2790 5268 ἡμῶν
2821 5197 2921 5268 τῆς
2949 5197 3044 5250 ἐπὶ
3087 5196 3167 5268 τῷ
3196 5197 3375 5266 λέγειν
3407 5197 3702 5268 προπετείας

2143 5292 2243 5365 τὴν
2292 5293 2536 5357 σιωπήν;
2569 5291 2706 5363 ὅπερ
2741 5289 2835 5342 ἐπὶ
2871 5288 2994 5342 τοῦ⁹
3015 5290 3288 5360 μακαρίου
3326 5290 3592 5360 Ζαχαρίου
3632 5303 3702 5338 πει

2147 5382 2401 5452 ποίηται,
2455 5382 2544 5445 ὃς,
2594 5381 2785 5452 ἐπειδὴ
2828 5379 2902 5451 μὴ
2942 5381 3229 5434 ἐπίστευσε
3266 5381 3344 5451 τῷ
3379 5379 3700 5450 εὐαγγελισαο

2149 5475 2295 5544 μένῳ
2321 5473 2420 5533 τὴν
2441 5474 2653 5538 γένεσιν
2688 5472 2783 5526 τοῦ
2817 5471 3027 5537 παιδὸς,
3060 5472 3424 5544 ἀνθρωπίνοις
3453 5472 3698 5542 λογισμῶς

531 5641 547 5673 ⁸
589 5639 892 5717 ιῐοιιιιηκνι,
918 5644 1008 5697 ‘28.
1086 5649 1106 5678 ¹
1149 5645 1302 5702 Rotn.
1333 5663 1408 5710 χι,
1439 5649 1526 5703 53.
1604 5653 1623 5681 ³
1667 5649 1836 5704 lCur.
1875 5667 1932 5714 It,
1972 5651 2024 5705 Η

2141 5653 2168 5703 ἱ.
2245 5652 2267 5683 ⁸
2310 5651 2324 5703 Ι
2363 5652 2489 5707 Cor.
2528 5671 2609 5715 ιιι,
2649 5657 2696 5710 ί.
2779 5658 2800 5690 ⁸
2840 5657 3018 5716 Eccle.
3043 5677 3136 5717 VII.
3167 5661 3259 5716 ‘25.
3345 5663 3366 5692 ⁸
3405 5642 3571 5716 Ιίῖοι.
3604 5671 3681 5708 sul

461 5710 494 5766 9
520 5727 675 5783 seqq.
753 5713 770 5742 ⁷
813 5701 983 5772 lCcr.
1020 5731 1136 5781 \‘lll,
1169 5718 1224 5771 2.
1303 5720 1323 5749 ⁸
1364 5701 2745 5795 numne?»'t»;;.1.1.;'apeu}n‘tlatinus.
2840 5701 3018 5716 “nm
3050 5701 3136 5728 ω’
