3798 6212
63 275 153 330 ιθδ

668 276 1034 336 ADVEIISUS
1073 281 1412 338 IIASRESES
1452 284 1576 338 LIB.
1615 285 1700 341 III.
1747 286 1910 343 TOM.
1946 294 1985 345 l.
2020 249 2362 346 έ-ΗᾹΖΒΕΞ.
2412 290 2645 346 LXXIII.

3189 288 3298 349 ιδο

61 391 344 463 δοκιμάζων
379 391 471 462 τὴν
497 392 591 446 τοῦ
615 393 750 448 Θεοῦ
776 397 938 467 χάριν
966 400 1058 452 καὶ
1081 398 1328 472 δύναμιν,
1355 405 1448 456 καὶ
1485 404 1604 456 δια-

1738 407 1998 460 Iicendum
2035 408 2322 462 scientiam
2358 405 2598 469 confert,
2645 413 2887 462 nostram
2921 405 3068 460 illam
3111 405 3177 458 ad
3212 405 3296 459 di-

61 485 222 556 πορῶν
249 484 384 555 πρὸς
409 485 619 551 ἑαυτὸν,
653 488 701 540 εί
729 487 892 557 φύσιν
925 489 1037 560 ἔχει
1080 491 1170 546 τὸν
1201 493 1511 564 πρεσϐύτην
1546 495 1610 548 ὲκ

62 578 144 650 τῆς
182 576 578 649 προδεδηκυίας
620 580 1145 654 παιδοποιήσασθαι,
1191 586 1245 638 τί
1277 604 1438 658 φησι;
1477 585 1612 654 Πῶς

62 668 334 738 γνώσομαι
381 670 585 736 τοῦτο,
637 672 729 726 ὅτι
754 673 928 729 ἔσται
947 691 967 738 ;
1009 674 1156 746 Ἐγὼ
1189 677 1300 746 γάρ
1335 681 1448 748 εἰμι
1477 693 1613 748 πρε-

67 760 282 828 πόύτης,
307 760 406 814 καί
430 761 471 828 ἠ
502 762 654 831 γυνή
680 781 801 834 μου
818 769 1218 836 προϐεϐηκυῖα
1236 771 1306 825 ἐν
1326 773 1455 837 ταῖς
1469 773 1611 842 ὴμέ-

53 871 170 923 ραις
201 850 414 920 αὐτῆς.
453 853 750 926 Τοιγαροῦν
783 857 982 911 ὁπότε¹
1017 858 1272 930 ἡκουσεν,
1320 864 1403 916 δτι
1458 863 1609 919 Ἰδοὺ

57 943 154 1012 ἔσῃ
184 942 442 1006 σιωπῶν,
473 945 571 998 καὶ
607 947 682 1000 οὐ
722 945 1058 1019 δυνάμενος
1085 952 1320 1007 λαλεῖν.
1361 954 1472 1009 Kal
1500 957 1611 1009 οὐκ

57 1034 340 1102 ἐλάλησεν
370 1035 653 1100 ἐξελθών.

1718 496 1948 552 cendum
2007 496 2339 567 praecipitem
2403 496 2688 550 audaciam
2753 496 2970 551 silentio
3035 493 3297 550 damnet?

1717 587 1871 654 Quod
1902 590 2061 644 beato
2092 590 2168 644 illi
2203 588 2482 644 Zacharias
2513 588 2759 659 contigit.
2791 587 2898 654 Qui
2937 589 3153 660 quidem
3200 586 3294 643 lilii

1719 682 2058 737 nativitatem
2104 683 2378 737 nuntianti
2407 681 2512 739 sibi
2540 682 2732 752 angelo
2763 680 2990 735 minime
3039 681 3292 744 credens,

1717 787 1780 828 ac
1810 774 1904 829 Dei
1936 774 2166 846 gratiam
2209 784 2264 831 et
2307 775 2566 830 virtutem
2599 774 2854 829 humanm
2899 772 3129 828 rationis
3173 787 3292 826 mo-

1717 865 1916 920 mentis
1946 879 2009 920 ac
2041 865 2372 936 ponderibus
2399 865 2700 929 aestimans,
2732 878 3030 933 secumque
3056 861 3170 932 ipse
3201 861 3295 917 du-

1717 957 1921 1022 bitans,
1955 959 2152 1030 ecquid
2185 969 2379 1014 natura
2401 966 2699 1029 pateretur,
2731 966 2791 1011 ut
2826 956 2981 1012 senio
3011 953 3294 1010 confectus

1718 1063 1786 1104 ex
1824 1065 1932 1103 anu
1960 1050 2164 1106 liberos
2191 1051 2522 1120 susciperet,
2562 1047 2695 1120 quid
2733 1045 2952 1102 demum
2980 1043 3297 1116 eloquitur?

59 1126 546 1227 Quo.modo,hi'nqu_i‘t
583 1128 627 1193 ⁸,
660 1129 776 1227 fore
799 1130 905 1186 ista
952 1147 1262 1203 cognoscam
1284 1138 1310 1191 ?
1347 1134 1458 1206 Ego
1485 1139 1621 1192 enim
1648 1155 1764 1192 sum
1789 1155 1968 1206 senex,
1992 1152 2040 1195 et
2059 1156 2194 1194 uxor
2215 1157 2330 1196 mea
2357 1140 2612 1209 processit
2653 1141 2708 1194 in
2729 1137 2909 1193 diebus
2958 1137 3091 1191 suis.
3141 1134 3294 1191 Unde

59 1217 220 1270 statim
246 1214 460 1272 audiit:
487 1213 622 1272 Ecce
656 1219 760 1274 eris
799 1229 977 1276 tacens
1003 1232 1054 1277 et
1085 1239 1188 1278 non
1221 1227 1416 1292 poteris
1455 1227 1621 1298 loqui.
1660 1227 1728 1283 Et
1755 1247 1859 1284 non
1888 1240 2094 1300 poterat
2125 1233 2267 1302 loqui
2294 1248 2412 1286 cum
2442 1239 2574 1286 esset
2600 1246 2862 1302 egressus.

113 1307 221 1362 AP.
261 1309 483 1381 Διόπερ,
533 1309 762 1378 ἀφέντες
791 1313 921 1384 περὶ
948 1313 1056 1368 τῶν
1085 1315 1614 1388 ἀμφισϐητουμένων

58 1400 354 1469 φιλονεικεῖν
409 1402 504 1457 καὶ
553 1405 682 1476 περὶ
719 1403 827 1459 τῶν
855 1406 994 1480 ὑπὲρ
1042 1409 1210 1479 ἡμᾶς,
1243 1409 1552 1482 κρατοῦμεν
1579 1409 1617 1465 ἃ

57 1491 468 1564 παρειλήφαμεν.
504 1493 602 1559 Τίς
642 1495 750 1568 γάρ
787 1497 938 1552 ἐστιν
975 1500 1006 1553 ό
1034 1499 1252 1570 τολμῶν
1294 1501 1387 1554 ἐπὶ
1415 1502 1615 1571 γνώσει

57 1583 387 1654 φυσιωθῆναι,
419 1585 581 1639 ὁπότε
617 1587 781 1651 αὐτὸς
825 1591 854 1642 ό
901 1589 1011 1643 τῶν
1041 1591 1439 1661 ἀποκαλύψεων
1483 1611 1613 1647 κατι

1783 1321 2021 1380 XXXIII.
2060 1322 2192 1390 Quae
2219 1338 2343 1378 cum
2391 1321 2466 1378 ita
2507 1321 2639 1387 sint,
2684 1323 3026 1376 contentiosa
3059 1319 3151 1374 illa
3186 1320 3292 1374 cln-

1712 1414 1818 1472 hiis
1865 1415 1932 1471 de
1987 1415 2194 1478 rebus,
2249 1428 2369 1484 qua:
2425 1423 2643 1482 captum
2701 1419 2951 1467 nostrum
3001 1419 3288 1482 superant,

1673 1571 1680 1578 _
1711 1507 2038 1563 tractatione
2071 1505 2462 1576 praatermissa,
2495 1503 2563 1559 iis
2595 1517 2715 1574 qua:
2742 1517 2771 1557 a
2803 1502 3107 1570 majoribus
3141 1517 3292 1558 acce-

1710 1600 1892 1672 pimus
1932 1597 2278 1654 inhaaremus.
2331 1594 2470 1662 Quis
2506 1601 2592 1650 est
2634 1594 2781 1649 enim
2809 1594 2903 1664 qui
2950 1593 3180 1649 scientia
3208 1593 3292 1662 ja-

56 1673 298 1784 αξιωθῗιςι,
333 1675 365 1728 ό
390 1677 472 1740 είς
519 1676 749 1748 οὐρανὸν
796 1680 977 1750 τρίτον
1010 1680 1360 1752 ἀναληφθεὶς,
1385 1683 1415 1735 ὁ
1445 1681 1610 1736 ἀκού-

1738 1704 1862 1748 :tare
1892 1705 1950 1747 se
1977 1698 2032 1746 et
2060 1689 2383 1745 insolentius
2410 1687 2608 1742 audeat
2650 1685 2864 1750 eﬂerre,
2897 1701 3021 1741 cum
3052 1685 3143 1740 ille
3170 1684 3292 1755 ipse

60 1783 140 1829 ca;
191 1767 401 1838 ἄρρητα
453 1768 694 1838 ῥήματα,
750 1770 1126 1845 ἐσωφρονίσθη
1178 1773 1266 1827 διὰ
1314 1773 1408 1827 τοῦ
1468 1775 1609 1828 κατά

1738 1785 1798 1840 :ui
1838 1783 2022 1840 divina
2061 1781 2332 1849 patefacta
2373 1791 2538 1847 sunt,
2589 1779 2682 1849 qui
2729 1779 2794 1835 ad
2846 1779 3064 1834 tertium
3117 1792 3291 1848 usque

58 1857 333 1929 τὴνσάρκα
381 1857 646 1923 σκόλοπος
679 1859 754 1931 μὴ
805 1861 1240 1936 ὑπεραίρεσθαι;
1288 1864 1398 1916 Καὶ
1440 1865 1607 1929 αὐτὸς

57 1947 376 2020 cumam;
420 1951 450 2003 ὁ
481 1950 684 2004 εἰπών’
733 1951 1119 2020 Ἐπίστευσα,
1159 1954 1251 2008 διὸ
1297 1954 1605 2023 ἐλάλησεν

70 2037 486 2110 Ἐταπεινώθην,
536 2041 736 2111 φησὶν,
790 2043 888 2114 οὑχ
931 2044 1138 2109 ἁπλῶς,
1165 2044 1302 2101 ἀλλὰ
1351 2046 1606 2116 σφόδρα.

61 2131 184 2200 Ὀσῳ
209 2130 313 2201 γὰρ
346 2131 414 2186 ἄν
446 2149 527 2197 τις
563 2135 842 2207 ἐγγυτέρω
869 2136 968 2207 τῆς
1005 2137 1259 2206 γνώσεως
1284 2130 1424 2192 εἶναι
1455 2138 1607 2211 δοκῇ,

60 2224 266 2295 τοσούτῳ
293 2227 495 2296 μᾶλλον
515 2227 718 2296 ὀφείλει
759 2227 1070 2296 λογίζεσθαι
1127 2229 1266 2301 πρὸς
1305 2219 1498 2285 ἑαυτὸν
1527 2232 1610 2285 ὅτι

63 2316 310 2389 ἄνθρωπός
339 2318 479 2372 ἐστι.
515 2320 651 2391 Περὶ
671 2319 861 2374 τούτου
876 2320 1041 2376 ἄκουε
1069 2322 1121 2375 τί
1145 2321 1328 2390 λέγει’
1367 2322 1515 2394 Ἐγὼ
1543 2321 1612 2378 δὲ

63 2406 176 2463 εἶπα
213 2409 282 2464 ἐν
323 2408 400 2479 τῇ
447 2411 734 2468 ἐκστάσει
773 2431 893 2482 μου
913 2428 927 2442 ’
973 2410 1102 2480 Πᾶς
1130 2412 1438 2484 ἄνθρωπος
1464 2417 1612 2484 ψεύ-

63 2516 206 2570 στης.
257 2503 516 2572 Ἔχοντες
562 2497 655 2558 οῦν
699 2503 793 2558 τὸν
822 2503 1140 2559 διδάσκαλον
1185 2505 1285 2578 τῆς
1330 2505 1610 2577 ἀληθείας,

67 2593 236 2664 μηκέτι
267 2591 632 2666 ἀνθρωπίνοις
654 2595 999 2662 διδασκάλοις
1037 2597 1464 2671 προσχρώμεθα,
1496 2598 1610 2652 ἀλλ’

65 2683 368 2750 ἐννοοῦντεςο
435 2685 532 2742 καὶ
597 2686 736 2759 μήτε
801 2686 1041 2758 τρόπους
1098 2688 1613 2761 περιεργαζώμεθα,

69 2777 180 2846 μήτε
209 2776 389 2849 ἔτερόν
433 2794 510 2832 τι.
550 2778 760 2852 Ὥσπερ
785 2779 896 2853 γὰρ
922 2780 1022 2852 τὴν
1058 2781 1312 2854 γέννησιν
1349 2780 1445 2836 τοῦ
1483 2780 1614 2837 Υίοῦ

67 2869 146 2920 οὐκ
170 2868 306 2923 ἐστιν
331 2871 532 2936 εἰπεῖν,
563 2871 684 2926 οὐδὲ
710 2871 801 2926 τὸν
825 2873 1028 2947 τρόπον
1060 2873 1162 2945 τῆς
1187 2876 1492 2948 γεννήσεως
1517 2873 1614 2928 τοῦ

71 2960 248 3032 Πατρδς
277 2959 420 3015 ἔστιν
466 2959 868 3036 ἀποφήνασθαι.
941 2965 1101 3020 Ἀλλὰ
1145 2967 1340 3038 ἀρκεῖν
1394 2965 1615 3037 ἡγεῖσθε

1710 1879 1907 1934 coelum
1963 1884 2048 1932 est
2097 1885 2354 1939 evectus,
2422 1873 2516 1944 (ιιιὶ
2570 1871 2778 1928 audivit
2830 1885 3032 1925 arcana
3088 1870 3288 1931 verba,

1708 1981 1835 2020 cum
1859 1965 1968 2030 ille,
2007 1964 2252 2034 inquam,
2283 1962 2469 2017 carnis
2498 1960 2722 2018 stimulo
2752 1958 3028 2014 coercitus
3077 1957 3182 2020 sit,
3221 1973 3289 2010 ne

1711 2074 1772 2115 se
1813 2065 2133 2129 arroganter
2173 2053 2535 2111 extolleret"?
2565 2051 2709 2119 Quin
2756 2049 3024 2120 Propheta
3057 2049 3149 2103 ille
3191 2048 3288 2117 qui

1712 2150 1850 2206 dixit
1874 2139 1886 2205 Ξ
1910 2147 2127 2205 Credidi
2146 2155 2356 2217 propter
2383 2143 2521 2216 quod
2554 2153 2606 2198 et
2643 2143 2849 2197 locutus
2887 2156 3003 2194 sum
3036 2155 3053 2192 :
3090 2139 3288 2194 Humi-

1713 2245 1874 2299 liatus
1910 2257 2050 2306 sum,
2083 2239 2284 2310 inquit,
2313 2251 2423 2294 non
2457 2245 2758 2305 utcunque,
2787 2231 2881 2288 sed
2927 2231 3084 2286 nimis
3104 2230 3146 2286 ⁸.
3193 2229 3287 2284 Et-

1711 2335 1858 2393 enim
1889 2340 2092 2406 quanto
2109 2331 2341 2403 quisque
2373 2329 2438 2384 ad
2473 2326 2759 2383 scientiam
2799 2323 3026 2394 propius
3069 2322 3289 2377 videtur

1714 2423 1992 2490 accedere,
2028 2429 2182 2478 tanto
2210 2420 2382 2491 magis
2404 2425 2656 2488 reputare
2684 2428 2807 2469 eum
2841 2413 3025 2468 animo
3051 2426 3153 2466 suo
3190 2410 3290 2465 de-

1713 2518 1824 2584 bet,
1867 2515 2143 2572 hominem
2191 2527 2252 2568 se
2293 2525 2437 2568 esse.
2487 2507 2607 2576 Qua
2663 2507 2731 2562 de
2771 2521 2829 2561 re
2870 2504 2996 2558 andi
3027 2502 3158 2574 quid
3199 2503 3292 2556 ille

1714 2609 1860 2666 dicat
1887 2626 1901 2662 :
1931 2604 2043 2678 Ego
2076 2621 2196 2660 vero
2228 2601 2342 2657 dixi
2370 2602 2426 2655 in
2458 2613 2673 2658 excessu
2707 2612 2820 2650 meo
2849 2611 2867 2650 :
2909 2594 3094 2652 Omnis
3137 2593 3291 2647 homo

1715 2694 1945 2752 mendax
1967 2693 2008 2749 ⁸.
2059 2691 2250 2762 Itaque
2307 2704 2432 2745 cum
2486 2691 2874 2758 praeceptorem
2915 2683 3164 2740 veritatis
3205 2683 3294 2736 ha-

1716 2788 1980 2851 beamus,
2016 2782 2198 2839 nullos
2259 2779 2496 2850 amplius
2549 2777 2821 2834 humanos
2883 2775 3138 2830 doctores
3199 2773 3295 2829 ad-

1713 2880 2044 2952 iungamus,
2076 2874 2174 2931 sed
2207 2871 2352 2944 apud
2380 2886 2481 2926 nos
2515 2869 2618 2942 ipsi
2647 2867 2978 2939 cogitemus;
3021 2880 3085 2922 ac
3119 2877 3298 2934 neque

1718 2972 2028 3028 divinarum
2072 2981 2255 3024 rerum
2298 2963 2490 3020 modos
2519 2969 2574 3018 et
2604 2961 2870 3025 rationes,
2906 2973 3087 3029 neque
3136 2958 3298 3028 quid-

68 3051 180 3123 πρὸς
230 3053 576 3109 διδασκαλίαν
636 3055 829 3123 τοῦτο,
883 3057 967 3111 ὅτι
1039 3056 1246 3112 Πάντα
1285 3057 1380 3111 ,δι’
1429 3057 1616 3112 αὑτοῦ

1738 3076 1884 3134 ruam
1924 3058 2072 3114 aliud
2099 3055 2374 3113 curiosius
2402 3053 2745 3124 indagemus.
2778 3050 2849 3107 Ut
2875 3049 3021 3105 enim
3051 3046 3174 3102 Filii
3206 3065 3300 3119 ge-

68 3144 286 3214 ὲτένετο,
312 3147 410 3202 καὶ
443 3147 625 3218 χωρίς
653 3148 842 3203 αὐτοῦ
883 3145 1140 3220 ἐγένετο
1161 3149 1308 3204 οὐδὲ
1347 3150 1439 3206 ἐν.
1493 3152 1616 3223 Δῴη

70 3238 114 3290 δὲ
138 3237 322 3312 Κύριος
354 3239 500 3294 κατά
543 3239 637 3294 τὸν
668 3240 924 3313 ’Δϐραάμ
961 3241 1291 3313 φρονοῦντας
1337 3244 1486 3314 ἡμᾶς
1525 3240 1618 3296 τδν

73 3331 296 3398 λέγονταυ
345 3332 480 3388 Νῦν
524 3331 805 3402 ἠρξάμην
857 3333 1074 3388 λαλεῖν
1118 3332 1198 3400 τῷ
1238 3335 1434 3404 Κυρίῳ
1475 3351 1616 3404 μου.

83 3424 202 3492 ἐγὼ
227 3425 290 3479 δέ
314 3427 433 3496 εἰμι
463 3425 540 3496 γῆ
574 3425 675 3481 καὶ
701 3425 934 3492 σποδός
954 3443 969 3460 ·
1005 3428 1099 3483 καὶ
1144 3429 1220 3500 μὴ
1250 3428 1620 3500 ὑπεραιρομέ-

71 3533 170 3580 νοῦς
185 3518 316 3572 κατά
341 3519 442 3582 τάς
472 3519 702 3591 κέδρους
745 3518 842 3573 τοῦ
871 3518 1106 3575 Λιϐάνου
1125 3538 1139 3550 ·
1169 3521 1250 3574 ὅτι
1280 3519 1354 3591 μὴ
1384 3520 1442 3572 ὲν
1479 3519 1625 3573 διδα-

73 3610 191 3672 κτοῖς
233 3609 577 3682 ἀνθρωπίνης
618 3610 814 3681 σοφίας
854 3608 1055 3680 λόγοις,
1092 3609 1206 3666 ἀλλ’
1250 3614 1308 3665 ὲν
1352 3611 1619 3676 διδακτοῖς

75 3700 331 3773 πίστεωςή
377 3699 559 3774 ὁμαλὴ
604 3703 701 3758 καὶ
746 3694 1014 3776 εἰρηνικὴ
1046 3703 1405 3776 κατορθοῦται
1437 3703 1619 3773 σοφία,

77 3793 187 3863 μήτε
212 3794 485 3867 διαπορεῖν
515 3797 686 3868 ἡμᾶς,
721 3796 836 3851 ἀλλ’
866 3794 1047 3850 ὁτιοῦν
1097 3795 1377 3860 ποιοῦντες
1422 3796 1622 3867 εὐαρε-

78 3885 323 3956 στήσωμεν
348 3887 427 3960 τῷ
465 3885 582 3960 Θεῷ
610 3889 706 3944 καὶ
748 3889 946 3961 Πατρὶ,
985 3889 1080 3944 καὶ
1117 3890 1234 3960 μετ’
1263 3887 1428 3944 αὐτοῦ
1453 3889 1495 3952 ¹,
1529 3887 1624 3942 καὶ

79 3977 153 4031 σὺν
176 3979 312 4052 αύτῷ
349 3983 407 4035 ὲν
436 3981 578 4053 ἁγίῳ
605 3981 904 4054 Πνεύματι,
944 3982 1037 4052 νή
1066 3981 1215 4048 δόξα,
1235 3981 1297 4035 τὸ
1334 3982 1553 4054 κράτος,
1589 3982 1624 4053 ὴ

77 4071 200 4142 τιμὴ,
230 4075 317 4128 καὶ
352 4076 386 4147 ή
421 4074 653 4146 δύναμις
673 4073 770 4130 νῦν
792 4074 888 4130 καὶ
913 4074 1000 4130 ἀεὶ
1025 4074 1120 4128 καὶ¹
1159 4074 1241 4138 είς
1264 4072 1391 4138 τοὺς
1424 4072 1627 4137 αἰῶνας

78 4162 163 4215 τῶν
191 4165 409 4222 αἰώνων.
456 4168 651 4240 Ἀμήν.

1715 3154 2051 3213 nerationem
2073 3149 2348 3220 explicare
2370 3162 2531 3202 nemo
2559 3149 2776 3216 potest:
2815 3142 2889 3197 ita
2915 3147 2971 3196 et
2990 3139 3158 3211 882
3190 3153 3297 3193 mo-

1716 3247 1846 3303 dum
1881 3243 2057 3308 illum,
2105 3255 2216 3311 quo
2245 3239 2404 3293 Pater
2433 3235 2642 3308 genuit,
2676 3245 2940 3290 enarrare
2970 3231 3157 3287 nullus
3187 3245 3280 3300 po-

1719 3347 1844 3397 test.
1873 3335 2074 3393 Verum
2117 3332 2254 3389 illud
2290 3331 2354 3386 ad
2389 3329 2699 3385 doctrinam
2728 3325 2976 3380 suﬁicere
3005 3327 3252 3392 putatote
3279 3360 3295 3375 .

1722 3429 1918 3487 Omnia
1957 3441 2048 3496 per
2078 3424 2250 3493 ipsum
2281 3422 2424 3495 facta
2454 3428 2600 3486 sunt,
2634 3426 2682 3474 et
2712 3419 2824 3473 sine
2849 3417 2963 3486 ipso
3001 3413 3198 3479 factum
3218 3418 3296 3466 est

1723 3521 1913 3576 nihil".
1946 3517 2166 3574 Utinam
2200 3529 2330 3570 vero
2372 3513 2465 3568 det
2517 3511 2649 3566 illud
2707 3509 2868 3565 nobis
2912 3505 3197 3567 Dominus,
3237 3512 3300 3561 ut

1720 3612 1910 3670 eadem
1957 3623 2064 3680 qua
2119 3605 2470 3662 Abrahamus
2521 3599 2811 3671 prudentia
2862 3593 3116 3667 praediti,
3173 3607 3299 3647 cum

1719 3706 1896 3763 dixit:
1928 3701 2084 3758 Nunc
2115 3699 2242 3768 ccepi
2287 3712 2402 3752 cum
2452 3694 2676 3749 Domino
2724 3706 2840 3745 meo
2891 3687 3140 3768 colloqui.
3191 3684 3300 3755 Ego

1719 3814 1838 3854 vero
1879 3811 1998 3852 sum
2050 3802 2190 3846 terra
2231 3797 2279 3844 et
2325 3787 2456 3842 cinis
2473 3786 2520 3848 ⁸;
2559 3785 2696 3839 adeo
2754 3791 2813 3837 ut
2855 3766 2977 3834 non'
3010 3777 3300 3832 cedrorum

1722 3883 1917 3941 Libani
1953 3881 2130 3936 instar
2167 3876 2526 3940 attollamur;
2564 3888 2630 3929 eo
2673 3871 2820 3942 quod
2876 3884 2985 3924 nou
3028 3866 3083 3920 in
3124 3864 3303 3920 doctis

1723 3978 1975 4034 humanae
2015 3969 2297 4041 sapientiae
2348 3965 2524 4024 verbis
2549 3967 2596 4029 ',
2646 3963 2741 4019 sed
2794 3961 2918 4018 ﬁdei
2953 3956 3304 4014 institutione

1722 4066 1996 4141 perceptis
2020 4106 2035 4130 ,
2066 4060 2350 4134 aequabilis
2379 4059 2473 4113 illa
2500 4071 2566 4112 ac
2605 4053 2834 4128 paciﬁca
2862 4050 3128 4122 sapientia
3161 4062 3312 4102 como

1723 4165 1970 4231 paratur.
1989 4153 2108 4217 Det,
2137 4154 2383 4222 inquam,
2414 4148 2599 4213 nobis,
2629 4153 2690 4202 ut
2716 4158 3060 4216 nequaquam
3089 4141 3306 4196 haesito-

78 4269 408 4314 mus:verum
463 4233 730 4332 quidquid
781 4258 1003 4317 tandem
1056 4274 1320 4333 agamus,
1379 4259 1493 4316 Deo
1553 4271 1618 4312 ac
1653 4251 1828 4315 Patri,
1865 4256 1919 4304 et
1950 4260 2076 4302 cum
2106 4245 2227 4314 ipso
2250 4241 2414 4310 Filio,
2449 4241 2505 4295 in
2564 4237 2774 4311 Spiritu
2834 4241 3027 4292 sancto
3087 4233 3307 4304 placea-

83 4363 197 4414 mus,
231 4351 312 4406 cui
341 4331 538 4422 gloria,
573 4331 889 4423 imperium,
924 4331 1123 4416 honor“,
1165 4361 1220 4408 et
1251 4351 1429 4408 virtus
1473 4365 1621 4406 nunc
1649 4355 1704 4404 et
1731 4356 1949 4414 semper
1977 4339 2032 4395 iu
2067 4337 2267 4394 saecula
2296 4334 2646 4392 saeculorllm-
2681 4331 2876 4386 Amen-

136 4445 476 4519 Πεπλήρωται
512 4449 546 4521 ἡ
577 4447 673 4502 τοῦ
702 4448 966 4504 Μελετίου
1000 4448 1280 4521 ὁμολογία.

137 4540 238 4592 AA'.
280 4539 463 4607 Ἔδοξε
491 4541 549 4596 δὲ
577 4540 790 4628 τούτοις
826 4542 1148 4613 μετενέγκαι
1188 4541 1351 4596 αὐτὸν
1392 4539 1500 4594 ἀπὸ
1531 4539 1629 4610 τῆς

87 4628 310 4702 Ποντικῆς
331 4632 516 4706 χώρας
535 4634 664 4698 τοὺς
694 4634 912 4700 πλείους
929 4633 1038 4688 τῶν
1068 4631 1396 4705 Ἆρειανῶν,
1415 4634 1515 4686 οὐκ
1539 4631 1632 4684 ἐπὶ

77 4726 245 4794 χαρᾶς,
271 4727 387 4780 οὐδὲ
415 4730 497 4789 είς
520 4727 701 4782 αὐτῶν
722 4728 1050 4794 ἀνάπαυσιν,
1073 4727 1187 4782 ἀλλ’
1210 4728 1288 4791 είς
1310 4724 1627 4796 ὲπὰχθειαν.

100 4812 337 4872 Ἐντεῦθεν
373 4817 586 4872 κινοῦσι
612 4819 703 4872 τὸν
752 4818 1012 4890 βασιλέα,
1061 4818 1154 4873 καὶ
1207 4815 1630 4880 συσκευάζονται

91 4904 160 4959 τὸν
187 4909 356 4981 ἄνδρα,
384 4910 459 4975 ὡς
499 4909 587 4964 διὰ
633 4910 693 4964 τὸ
739 4911 814 4983 μὴ
853 4909 1265 4983 ὡμολογηκέναι
1294 4908 1499 4980 κτίσμα
1536 4905 1627 4960 τέ·-

92 4997 203 5052 λειον
233 5002 406 5068 αὑτὸν,
436 5002 532 5058 καὶ
578 5002 788 5070 ἐξεοῦσι
819 5003 936 5074 τῆς,
963 5003 1131 5058 αὐτοῦ
1179 5001 1467 5073 καθέδρας.
1519 5000 1632 5052 Καὶ

71 5087 270 5182 ,νύκτωρ
300 5091 656 5162 φυγαδεύεται
703 5091 814 5163 (67)
863 5093 892 5144 ὁ
933 5092 1092 5166 ἀνὴρ,
1137 5093 1243 5158 ἕως
1270 5091 1377 5146 τῶν
1425 5090 1632 5163 χρόνων

1655 4449 1708 4510 υ
1800 4437 2078 4493 Hactenus
2099 4431 2300 4490 Meletii
2325 4428 2623 4487 confessio.

1796 4527 2041 4587 XXXIV.
2080 4526 2349 4582 Caeterum
2393 4521 2671 4593 plerisque
2707 4533 2772 4572 ex
2817 4515 3021 4570 Ariana
3075 4511 3311 4567 factione

1728 4626 1905 4681 visum
1943 4630 2028 4678 est
2058 4620 2205 4676 hunc
2237 4635 2268 4675 e
2289 4617 2517 4674 Pontica
2544 4615 2768 4686 regione
2797 4609 3132 4666 transferre:
3163 4606 3312 4678 quod

1729 4716 1866 4789 ipsis
1914 4721 2100 4770 tamen
2135 4712 2393 4775 .minime,
2428 4716 2489 4765 ιιι
2529 4707 2849 4778 sperabant,
2883 4705 3219 4773 voluptatem
3258 4709 3314 4757 et

1727 4809 1922 4872 otium,
1975 4805 2074 4861 sed
2106 4802 2416 4859 molestiam
2467 4799 2671 4854 attulit.
2716 4798 2886 4868 Igitur
2924 4797 3312 4867 imperatorem

1729 4899 2003 4954 delatione
2052 4912 2152 4952 sua
2185 4897 2242 4950 in
2280 4894 2558 4949 hominem
2589 4895 2973 4946 commovent:
3005 4883 3152 4957 quod
3184 4897 3310 4954 per-

1731 4993 1928 5050 fectam
1973 5001 2282 5048 creaturam
2326 5005 2451 5046 esse
2487 4987 2686 5043 Filium
2734 4982 2977 5056 proﬁteri
3024 4981 3210 5044 nollet,
3251 4993 3316 5035 ac

1732 5089 1954 5144 tandem
1981 5102 2011 5142 e
2040 5101 2140 5141 sua
2184 5083 2315 5141 sede
2358 5081 2678 5137 deturbant.
2712 5076 2902 5146 Itaque
2935 5079 3099 5128 noctu
3129 5071 3185 5127 in
3219 5085 3316 5127 ex-

76 5225 78 5232 ]
146 5252 165 5329 f
201 5249 252 5307 Ρ.
287 5254 424 5309 τότε.
483 5256 503 5286 ²
545 5251 704 5308 Deest
746 5248 876 5323 Υἱῷ.
942 5253 985 5284 ’θ
1025 5251 1189 5306 Deest
1215 5244 1280 5318 ᾧ.
1357 5250 1377 5281 ³
1421 5247 1554 5303 Luc.
1595 5264 1610 5301 ι

100 5317 114 5346 θ
146 5321 234 5346 .ι.;,ι
287 5325 338 5346 ΙΙ
439 5325 458 5346 1
503 5321 630 5346 ΙΛΑ..
702 5345 706 5346 ,
761 5325 790 5346 ἰ
890 5323 913 5346 ι
952 5324 1128 5346 ΠΑ-.-.
1180 5337 1310 5346 --....
1355 5320 1421 5346 0-1
1521 5321 1542 5346 Ω
1583 5317 1599 5346 Ι

1743 5245 1776 5300 8
1823 5261 1978 5346 εαξη.
2061 5243 2083 5274 ⁵
2124 5239 2164 5297 Il
2213 5241 2337 5296 Cor.
2372 5252 2448 5294 xu
2474 5276 2490 5302 ,
2525 5235 2561 5290 2
2586 5250 2712 5306 sqq.
2785 5233 2808 5264 ⁵
2846 5229 2995 5286 Psal.
3029 5244 3131 5284 csv
3159 5267 3174 5294 ,
3231 5227 3316 5284 10.

144 5319 254 5379 ibid.
286 5325 368 5380 ll.
439 5325 458 5354 ⁷
496 5321 655 5378 Jnan.
693 5345 730 5391 ι,
761 5317 839 5379 ὃ(
890 5323 913 5355 ⁸
952 5324 1150 5378 Genes.
1180 5317 1446 5387 “111,27.
1521 5321 1542 5352 θ
1582 5317 1601 5372 I
1635 5317 1763 5373 Cor.
1789 5332 1852 5382 ιι,
1883 5317 1937 5371 5.

155 5477 248 5554 (67)
292 5481 671 5554 Καὶίνύκτωρ
718 5480 1138 5554 φυγαδεύεται.
1191 5477 1285 5534 Bis
1343 5473 1632 5554 Antiochia

104 5545 260 5628 pulsus
288 5545 680 5628 est_bleletitis.
718 5545 976 5628 'Pri'mum
1019 5566 1050 5604 a
1082 5549 1440 5628 Constantio,
1484 5545 1632 5628 quod

107 5620 326 5695 arianum
355 5623 564 5695 dogma
611 5624 859 5689 minime,
884 5621 1132 5695 _utigspes
1170 5625 1302 5695 erat
1328 5660 1368 5695 ,_
1392 5618 1630 5695 foveret;

108 5688 207 5769 inde
227 5706 253 5743 a
282 5688 500 5769 Valente
523 5688 702 5769 gnam
736 5695 840 5769 s_n_b
876 5688 1132 5769 Joviano
1155 5689 1460 5769 Antiochiae
1491 5702 1635 5769 eon-

109 5757 261 5818 cilium
287 5762 486 5828 habuit,
523 5765 577 5821 in
607 5781 717 5836 quo
761 5761 1137 5821 Macedoniam
1169 5768 1220 5819 ct
1248 5757 1507 5818 Acaciani
1538 5755 1636 5814 Ni-

1741 5470 2136 5538 caanamlidem
2170 5465 2404 5540 amplexi
2439 5470 2588 5540 sunt,
2621 5460 2881 5540 Socrates
2911 5456 3007 5540 lib.
3033 5451 3320 5540 tu,‘c..

1741 5523 2119 5600 I’os’tﬁlovia‘ni
2155 5523 2363 5595 obit‘um
2400 5553 2428 5590 a
2471 5523 2694 5589 Valente
2729 5531 3028 5600 relegatur,
3079 5533 3139 5579 ut
3172 5523 3321 5600 idem

1743 5595 1992 5678 inSI‘u'v‘,’
2017 5627 2138 5681 cap.
2177 5610 2270 5681 2.Δ
2303 5606 2603 5681 exterique
2654 5595 2912 5681 produnt.
2956 5595 3322 5681 Quamobrem

1743 5665 1910 5756 quod
1941 5665 2139 5756 scribit;
2175 5665 2549 5756 Epiphanius.
2578 5665 2687 5756 tui;
2722 5670 2911 5756 τοιξτου
2961 5665 3320 5756 τοξᾼκρξδνοιέες

1744 5736 1960 5814 Sensit;
1972 5736 2383 5823 intelligendum
2401 5736 2592 5817 est,.ut
2622 5736 2940 5817 perpetuum
2965 5754 2993 5793 a
3012 5736 3325 5793 Constantii
