3798 6212
453 198 559 253 ΑϐἸ
1859 200 1917 256 S.
1961 200 2092 257 ΕΡΙΙ

2210 202 2299 257 NII
3634 206 3739 263 46⁸

455 315 639 370 silium
667 312 1010 383 deportatus,
1040 314 1107 370 ad
1137 314 1250 370 haec
1283 330 1458 387 usque
1489 322 1734 385 tempora
1773 316 1827 370 in
1857 318 2033 387 patria
2066 324 2092 381 Α

2210 320 2377 375 ὗτων·
2418 320 2479 386 δς
2521 321 2618 377 καὶ
2648 320 2809 394 δεῦρο
2841 319 3080 393 ὑπάρχει
3129 322 3190 376 ἐν
3238 323 3308 395 τῇ
3360 321 3471 395 ἰδίᾳ
3519 324 3738 394 mpii:

454 406 635 478 degit.
696 404 961 475 singulari
1024 407 1232 464 honore
1282 423 1347 463 ac
1402 409 1785 464 benevolentia
1842 425 2036 481 prose-

2210 430 2321 483 ;uo;
2367 411 2510 486 ἀνὴρ
2560 414 2656 470 καὶ
2702 414 3059 487 ὲπιπόθητος,
3095 414 3331 486 μάλιστα
3383 415 3453 469 δι’
3509 407 3592 470 ὧν
3628 419 3743 469 νυνὶ

455 498 726 569 quendus,
761 512 885 553 cum
928 498 998 554 ob
1029 500 1161 563 alia,
1205 509 1321 555 tum
1359 500 1431 556 ob
1467 516 1529 555 ea
1558 517 1681 571 qua:
1721 518 1868 558 nunc
1901 518 2039 573 prae-

2210 506 2485 578 ηχούμεθα
2534 506 2991 579 κατωρθωκέναι,
3050 507 3146 561 καὶ
3196 508 3291 578 ἀφ’
3346 500 3421 561 ὧν
3494 508 3620 562 νυνὶ
3698 512 3742 560 οἱ

456 593 606 647 clare
639 591 707 646 ab
736 607 802 647 eo
832 600 986 664 gesta
1030 593 1368 664 didicimus;
1413 604 1467 649 et
1495 593 1641 665 quod
1689 595 2036 662 Antiocheni,

2210 598 2234 648 :’
2286 597 2449 650 αὑτὸν
2493 598 2552 651 έν
2593 598 2895 669 Ἀντιοχείᾳ
2944 596 3320 669 ὁμολογοῦσιν,
3368 598 3555 652 οὐκέτι
3606 598 3744 661 ὅλως

448 684 675 768 quibus
703 684 795 740 ille
824 692 1043 756 praeest,
1104 688 1378 742 sinceram
1433 685 1595 741 fidem
1644 686 1748 743 hoc
1798 694 2043 759 tempore

2211 706 2266 742 τε
2300 691 2357 743 ἐν
2388 689 2716 762 παραδρομῇ
2752 688 3094 761 μεμνημένοι
3120 690 3423 762 κτίσματος
3450 690 3742 761 ὀνόματος.

458 780 783 846 proﬁtentur
838 799 851 834 :
896 780 990 849 qui
1048 781 1252 835 nullam
1306 780 1563 850 amplius,
1622 795 1688 836 ac
1733 795 1803 837 ne
1853 781 2045 837 leviter

2210 779 2261 831 ,λ’
2290 780 2571 851 όμοούσιον
2596 780 2989 852 ὁμολογοῦντες
3032 781 3275 854 Πατέρα,
3310 782 3407 836 καὶ
3450 782 3610 846 Υίδν,
3656 784 3747 838 καὶ

465 868 708 940 quidem,
737 881 1005 926 creaturze
1027 875 1356 928 mentionem
1392 871 1602 927 faciunt
1628 890 1642 940 ;
1679 871 1775 927 sed
1803 872 2042 940 Patrem,

458 967 511 1009 cl
548 961 771 1028 Filium,
808 972 863 1019 et
904 962 1172 1034 Spiritum
1218 971 1489 1047 sanctum’
1513 966 2042 1023 consubstantialem

460 1069 585 1111 esse
619 1056 991 1116 conlitentur:
1042 1062 1155 1112 tres
1222 1055 1585 1127 hypostascs,
1644 1074 1806 1113 unam
1857 1072 2048 1113 essen-

463 1145 627 1210 tiam,
683 1158 748 1199 ac
797 1145 1143 1200 divinitatem
1199 1160 1363 1199 unam
1395 1165 1409 1201 :
1446 1147 1591 1218 quod
1645 1148 1867 1218 quidem
1921 1162 2047 1203 vera

465 1235 601 1292 lides
651 1238 914 1305 aﬂirmat;
966 1254 1144 1309 quzea
1180 1241 1485 1309 majoribus
1537 1242 1760 1305 tradita,
1814 1240 2052 1312 prophe—

465 1332 596 1393 tica,
628 1331 966 1398 evangelica,
1005 1340 1060 1386 et
1083 1333 1387 1401 apostolica
1437 1342 1715 1390 censetur.
1752 1331 1928 1398 Quam
1973 1332 2051 1386 illi

466 1420 573 1492 ipsi
616 1420 849 1491 professi
900 1430 1029 1476 sunt
1061 1420 1255 1478 Patres
1318 1423 1492 1478 nostri
1552 1432 1607 1478 et
1656 1422 1920 1493 episcopi,
1958 1422 2053 1492 qui

467 1510 526 1566 in
554 1508 771 1566 Nicaena
794 1510 1006 1583 synodo
1037 1511 1391 1566 Constantini
1434 1513 1618 1583 magni
1656 1528 1720 1567 ac
1752 1511 2053 1568 beatissimi

470 1603 817 1675 imperatoris
862 1611 1105 1674 tempore
1162 1604 1373 1660 collecti
1426 1611 1578 1659 sunt.
1643 1603 1863 1658 Utinam
1919 1619 2053 1660 vero

2150 871 2305 940 ἅγιον
2337 872 2583 943 Πνεῦμα,
2620 875 2772 945 τρεῖς
2804 873 3154 940 ὑποστάσεις,
3198 874 3329 945 μίαν
3358 874 3576 937 οὐσίαν,
3600 876 3747 945 μίαν

2150 964 2411 1036 θεότητα⁸
2448 964 2629 1029 καθώς
2664 967 2813 1021 ἐστιν
2853 967 2888 1039 ἡ
2926 966 3156 1038 ἀληθινὴ
3194 965 3404 1031 πίστις,
3434 968 3464 1037 ἡ
3501 966 3616 1020 ἀπὸ
3644 967 3746 1020 τῶν

2151 1053 2437 1120 ἀνέκαθεν,
2490 1057 2801 1128 προφητική
2840 1072 2901 1109 τε
2948 1056 3044 1110 καὶ
3075 1055 3427 1127 εὐαγγελικὴ,
3484 1055 3583 1110 καὶ
3616 1058 3747 1109 άπ-

2154 1144 2375 1216 στολική
2402 1161 2414 1171 ·
2465 1145 2534 1216 ἢν
2580 1144 2946 1217 ὡμολόγησαν
2991 1147 3041 1199 oi
3106 1145 3456 1210 συνελθόντες
3507 1145 3747 1217 Πατέρες

2164 1236 2324 1308 ἡμῶν
2366 1237 2461 1291 καὶ
2494 1237 2785 1291 ἐπίσκοποι
2812 1240 2870 1292 ὲν
2894 1240 2962 1310 τῇ
2991 1238 3199 1311 Νικαίᾳ
3226 1237 3433 1309 συνόδῳ
3462 1238 3563 1292 ἐπὶ
3594 1238 3747 1293 Korr-

2157 1330 2436 1383 σταντίνου
2489 1329 2582 1383 τοῦ
2638 1329 2878 1401 μεγάλου
2943 1331 3038 1384 καὶ
3091 1331 3519 1403 μακαριωτάτου
3604 1330 3751 1401 βασις

2155 1417 2311 1483 λέως.
2350 1417 2567 1473 Γένοιτο
2592 1419 2648 1472 δὲ
2692 1419 2789 1473 καὶ
2822 1419 2983 1473 αὐτὸν
3008 1419 3101 1473 τὸν
3130 1418 3462 1490 τιμιώτατον
3490 1419 3751 1475 Μελέτιον

2157 1509 2331 1574 οὕτως
2372 1509 2657 1581 ὁμολογεῖν
2700 1508 2842 1565 κατὰ
2886 1509 3015 1575 τοὺς
3056 1511 3151 1565 ὑπ’
3192 1511 3355 1566 αὑτὸν
3387 1512 3558 1575 ὄντας
3596 1511 3658 1564 ἐν
3688 1514 3749 1580 τῇ

2176 1602 2476 1674 Ἀντιοχείᾳ
2516 1603 2611 1657 καὶ
2662 1602 2721 1655 ἐν
2752 1600 2934 1669 ἄλλοις
2970 1603 3083 1658 τισὶ
3124 1603 3310 1667 τόποις
3346 1602 3531 1673 οῦτως
3569 1603 3751 1675 ὁμολο-

469 1704 526 1750 et
566 1694 896 1752 venerabilis
935 1696 1052 1766 ipse
1099 1693 1349 1751 Meletius
1390 1693 1638 1750 eamdem
1680 1690 1805 1748 cum
1853 1694 2048 1750 Antio-
2083 1678 2092 1739 ἶ

2210 1693 2427 1758 οῦνταςί
2480 1692 2603 1748 Εἰσὶ
2630 1693 2743 1767 γάρ
2780 1694 2874 1749 καί
2899 1712 3044 1760 τινες
3091 1695 3202 1751 τῶν
3252 1696 3565 1751 δοκούντων
3613 1694 3751 1765 αὖτῷ

472 1787 665 1843 chenis
697 1788 814 1844 suis
855 1788 1031 1857 iisque
1062 1786 1154 1858 qui
1198 1786 1321 1842 aliis
1370 1786 1423 1840 in
1466 1786 1602 1842 lucis
1648 1786 1878 1857 perinde
1926 1802 2054 1843 sen-

2210 1786 2574 1840 >ινωνεῖννκαὶ
2609 1788 2677 1858 τῇ
2704 1787 2824 1839 κατ’
2859 1786 3023 1842 αὐτὸν
3059 1788 3264 1860 συνόδῳ
3306 1787 3751 1860 βλασφημοῦντες

472 1880 638 1945 tiunt,
676 1880 797 1935 ﬁdei
840 1879 1130 1934 formulam
1159 1881 1455 1950 sequatur!
1502 1877 1614 1935 Nec
1649 1880 1795 1934 enim
1829 1878 2052 1946 desunt,

2210 1894 2222 1930 δ
2297 1875 2525 1947 Πνεῦμα
2568 1878 2631 1932 τὸ
2680 1877 2869 1947 ἅγιον·
2925 1877 3021 1932 καὶ
3065 1878 3194 1951 περὶ
3236 1880 3335 1951 μὲν
3377 1877 3518 1933 Υίοῦ

472 1975 568 2048 qui
621 1988 745 2028 cum
792 1972 885 2026 illo
927 1978 981 2026 et
1027 1986 1152 2026 eum
1192 1972 1311 2041 ejus
1352 1970 1566 2041 synodo
1609 1970 2051 2027 communionem

2210 1969 2431 2039 ξγοντες,
2482 1971 2545 2024 τὸ
2587 1970 2647 2024 δὲ
2709 1970 2934 2042 Πνεῦμα
2995 1972 3214 2026 κτιστδν
3272 1971 3598 2043 ἡγούμενοι,
3664 1972 3749 2025 καὶ

474 2065 677 2119 habere
708 2062 984 2123 videntur,
1005 2061 1099 2131 qui
1126 2062 1179 2115 in
1215 2060 1481 2131 Spiritum
1505 2069 1756 2117 sanctum
1779 2070 2065 2117 contume-

2210 2060 2443 2133 tM-rptov
2471 2060 2607 2115 Θεοῦ
2637 2062 2975 2118 παντάπασι.
3025 2064 3164 2137 Περὶ
3204 2055 3280 2118 ὧν
3320 2062 3559 2135 ὕστερον
3600 2065 3662 2116 ἑν
3694 2065 3749 2132 1g

474 2156 611 2212 liose
626 2154 874 2210 nonnihil
898 2153 1147 2210 effutiant
1172 2152 1371 2224 2883
1390 2168 1513 2207 nam
1525 2168 1650 2207 cum
1669 2152 1737 2209 de
1755 2151 1894 2208 Filio
1916 2159 2065 2209 recte

2210 2154 2284 2207 π’
2317 2152 2517 2217 αὐτοὺς
2563 2153 2845 2227 ἀνατροπῇ
2868 2155 2969 2226 τῆς
3004 2155 3270 2227 αἱρέσεως
3295 2154 3365 2209 τὰ
3392 2154 3579 2210 πάντα
3606 2156 3753 2225 ἀκρι-

475 2249 735 2311 sentiant,
760 2244 1027 2316 Spiritum
1052 2245 1234 2317 ipsum
1263 2254 1508 2300 creatum
1544 2253 1598 2299 et
1627 2259 1656 2298 a
1688 2243 1797 2301 Deo
1818 2259 2046 2316 prorsus

2210 2245 2265 2311 ὗς
2293 2244 2435 2300 κατὰ
2459 2245 2689 2318 δύναμιν
2724 2246 2973 2318 λέξομεν.

480 2339 724 2393 alienum
755 2337 1094 2393 existimant.
1132 2336 1209 2392 De
1246 2337 1528 2408 quibus'in
1563 2338 1779 2394 illorum
1828 2338 2027 2395 haeresi
2078 2338 2413 2395 confutanda
2454 2355 2552 2411 pro
2598 2340 2809 2398 viribus
2835 2341 3252 2398 accuratissime
3278 2340 3648 2399 disseremus.

550 2426 765 2482 XXXV.
801 2426 1068 2493 Quocirca
1094 2427 1274 2498 magni
1296 2442 1327 2481 a
1351 2427 1509 2484 nobis
1527 2428 1612 2483 vir
1638 2429 1728 2484 ille
1753 2428 1832 2494 ﬁt,
1854 2439 1912 2485 ut
1932 2427 2069 2483 dixi-

480 2536 627 2585 mus,
650 2529 874 2590 propter
899 2518 1207 2575 istiusmodi
1230 2517 1455 2587 famam,
1480 2536 1601 2591 quae
1621 2519 1691 2577 de
1716 2520 1811 2576 illo
1831 2521 2069 2593 dissipa-

483 2626 593 2670 ια’.
643 2612 737 2670 Est
779 2612 923 2669 enim
955 2614 1067 2668 vita
1098 2613 1246 2668 illius
1274 2612 1480 2684 alioqui
1511 2614 1694 2686 gravis
1719 2623 1772 2670 et
1800 2615 2065 2681 honesta,

484 2717 666 2759 mores
720 2700 963 2773 egregii;
1032 2701 1149 2770 ipse
1193 2700 1433 2773 denique
1488 2701 1693 2773 populo
1743 2704 2069 2776 cumprimis

485 2794 759 2857 amabilis,
789 2793 862 2848 ob
891 2792 1016 2847 vitae
1048 2790 1440 2863 integritatem,
1467 2807 1632 2862 quam
1655 2792 1859 2849 divinis
1879 2808 2071 2851 omnes

474 2887 741 2943 laudibus
772 2884 978 2956 ubique
1032 2884 1352 2955 praedicant.
1402 2884 1510 2940 Sed
1561 2884 1818 2940 nonnulli
1864 2893 2070 2952 tamen,

2242 2431 2366 2485 AE'.
2407 2430 2600 2503 Τίμιος
2628 2426 2722 2487 οῦν
2768 2433 2798 2486 ὁ
2845 2432 2983 2507 ἀνὴρ
3015 2435 3168 2506 ἡμῖν,
3213 2432 3289 2497 ὡς
3327 2433 3487 2504 ἔφην,
3533 2432 3629 2486 διὰ
3670 2432 3756 2493 τὰς

2172 2522 2427 2589 τοιαύτας
2468 2526 2600 2597 περὶ
2640 2524 2807 2579 αὑτοῦ
2843 2527 3031 2599 φήμας
3079 2526 3337 2598 ὑπάρχει.
3387 2524 3502 2578 Καὶ
3537 2525 3653 2595 γάρ
3678 2526 3757 2577 xz“.

2173 2617 2342 2672 τᾶλλα
2370 2616 2537 2672 αὐτοῦ
2573 2617 2688 2689 βίος
2725 2619 2942 2690 σεμνὸς,
2968 2619 3170 2692 τρόπος
3203 2616 3428 2687 ἀγαθὸς,
3461 2617 3550 2679 είς
3594 2616 3759 2668 πάντα

2174 2708 2289 2769 τοῖς
2320 2704 2472 2770 λαοῖς
2507 2706 2837 2780 ἐπιπόθητος
2868 2707 2957 2763 διὰ
2998 2708 3090 2762 τὸν
3119 2707 3232 2779 βίον
3262 2707 3428 2762 αὐτοῦ
3464 2705 3630 2779 παρὰ
3665 2708 3759 2759 πᾶ-

2178 2813 2262 2851 σιν
2304 2797 2743 2870 ὲκθειαζόμενον.
2787 2787 2948 2863 Τινὲς
2991 2798 3048 2853 δὲ
3102 2801 3198 2853 καὶ
3246 2799 3377 2871 περὶ
3426 2798 3634 2851 τούτου
3676 2796 3763 2849 οὐκ

2177 2883 2295 2943 οἶδα
2319 2888 2518 2959 λέγειν,
2552 2889 2583 2961 ἦ
2622 2890 2770 2961 μίσει
2802 2890 3113 2962 φερόμενοι,
3145 2891 3177 2962 ἢ
3220 2890 3422 2961 φθόνῳ,
3455 2888 3489 2961 ἢ
3530 2887 3607 2942 τὰ
3646 2889 3761 2940 ἐαυ-

490 2980 635 3035 haud
681 2979 799 3035 scio
846 2992 916 3033 an
958 2977 1087 3033 odio
1139 2977 1194 3031 in
1242 2971 1368 3033 eum
1417 2979 1702 3043 commoti,
1752 2992 1822 3032 an
1868 2978 2072 3035 invidia

2210 2979 2283 3034 ὧν
2306 2981 2629 3053 μεγαλύνειν
2657 2982 2993 3054 βουλόμενοι,
3016 2983 3135 3037 τινὰ
3162 2983 3550 3054 ὑφηγήσαντο,
3598 2981 3675 3045 ὡς
3698 2983 3764 3035 ὅτι

489 3072 708 3142 perciti,
738 3085 808 3125 an
841 3068 1080 3141 denique
1128 3084 1229 3125 sua
1268 3077 1327 3123 ut
1357 3069 1412 3124 in
1447 3068 1625 3139 majus
1653 3070 1944 3139 extollant,
1975 3086 2078 3127 ne-

493 3164 613 3221 scio
636 3178 759 3235 quae
786 3176 981 3234 parum
1014 3161 1257 3218 secunda
1296 3159 1363 3216 de
1407 3160 1501 3215 illo
1535 3160 1679 3216 fama
1711 3169 2035 3233 sparserunt
2063 3180 2077 3218 :

498 3250 762 3305 nimirum
794 3263 905 3305 non
952 3248 1023 3305 ob
1068 3247 1400 3304 catholicam
1456 3248 1619 3305 tidem
1668 3250 1769 3305 has
1816 3250 1873 3305 in
1926 3251 2080 3306 illum

497 3343 689 3398 turbas
714 3357 839 3397 esse
867 3341 1154 3409 conﬂatas,
1197 3340 1293 3397 sed
1320 3340 1391 3395 ob
1420 3342 1800 3398 ecclesiastica
1833 3343 2084 3412 quaedam

502 3435 718 3506 negotia
759 3448 826 3489 ac
862 3433 1044 3505 jurgia
1068 3474 1082 3502 ,
1118 3448 1239 3505 quae
1287 3434 1429 3488 inter
1463 3433 1610 3489 hunc
1640 3442 1695 3490 et
1722 3435 1953 3491 clericos
1981 3436 2072 3489 in-

502 3534 898 3584 tercesserunt.
940 3526 1080 3581 Tum
1128 3526 1275 3598 quod
1314 3527 1609 3583 nonnullos
1638 3528 1706 3582 ad
1742 3527 2086 3584 commun‘io-

504 3637 628 3678 nem
650 3621 972 3685 admiserat,
1018 3636 1161 3692 quos
1192 3621 1320 3675 olim
1352 3620 1422 3674 ab
1452 3634 1514 3674 ea
1545 3620 1810 3690 rejecerat
1855 3627 1910 3675 et
1957 3635 2090 3675 ana-

504 3714 745 3771 themate
773 3713 1149 3768 damnaverat.
1184 3710 1387 3766 V'erum
1417 3726 1487 3767 ne
1519 3711 1606 3768 his
1639 3711 1858 3782 penitus
1900 3727 2091 3768 assen-

508 3806 733 3867 tiamur,
763 3804 1059 3875 prohibent
1084 3819 1149 3859 ea
1193 3819 1315 3874 qua:
1357 3803 1412 3858 in
1459 3803 1634 3874 ipsius
1672 3811 1818 3859 coetu
1861 3818 1925 3858 ac
1958 3819 2093 3859 con-

508 3900 639 3955 cilio
664 3899 720 3954 in
754 3899 872 3954 dies
901 3897 1287 3960 emendantur,
1328 3906 1402 3962 et,
1435 3905 1495 3952 ut
1522 3904 1682 3952 antea
1732 3894 1938 3950 dictum
1985 3906 2090 3962 est.

508 4005 634 4045 cum
663 3998 825 4046 rectae
852 3987 978 4044 lidei
1006 3986 1352 4058 professione
1380 3996 1753 4043 consentanea
1779 3986 2091 4042 traduntur.

508 4082 628 4138 Hac
682 4083 828 4137 enim
881 4081 937 4137 in
986 4088 1163 4152 parte,
1205 4080 1386 4152 quoad
1420 4094 1520 4151 pro
1551 4079 1749 4134 virium
1780 4087 2094 4135 nostrarum

508 4174 890 4231 imbecillitate
921 4172 1184 4243 consequi
1216 4187 1535 4243 possumus,
1570 4171 1858 4227 veritatem
1894 4172 1949 4226 in
1984 4186 2101 4227 om-

510 4266 677 4323 nibus
726 4266 967 4322 retinere
1011 4264 1297 4320 debemus.
1346 4262 1630 4334 Siquidem
1678 4269 1861 4317 utrum
1895 4261 1951 4316 in
1978 4261 2100 4332 ipso

513 4360 781 4415 orationis
822 4360 1026 4430 impetu
1073 4355 1406 4427 imprudenti
1446 4354 1656 4425 aliquid
1703 4351 1990 4416 exciderit,
2032 4352 2098 4406 li-

514 4452 684 4523 quido
719 4452 987 4507 aliirmare
1007 4464 1117 4505 non
1148 4449 1401 4512 audeam,
1447 4461 1515 4501 an
1555 4446 1738 4516 potius
1769 4460 1835 4500 ex
1859 4443 2097 4514 quadam

518 4544 688 4599 animi
721 4543 1075 4611 simplicitate
1110 4539 1394 4610 prodierit,
1425 4538 1577 4593 novit
1611 4536 1775 4592 Deus.
1816 4535 1953 4590 Illud
1978 4536 2099 4606 qui-

519 4633 644 4690 dem
680 4639 899 4689 constat
932 4632 991 4705 in
1020 4631 1199 4700 ipsius
1227 4630 1482 4685 oratione
1517 4628 1627 4684 duo
1669 4628 1840 4683 triave
1874 4626 2101 4698 reperiri

2180 3073 2280 3143 οὐχ
2308 3072 2495 3128 ἕνεκεν
2527 3073 2835 3146 ὀρθοδοξίας
2870 3076 2903 3147 ὴ
2946 3074 3066 3128 κατ’
3100 3074 3265 3128 αὑτοῦ
3297 3072 3493 3143 γέγονε
3527 3073 3763 3143 κίνησις,

2183 3163 2299 3218 ἀλλ’
2329 3164 2535 3229 ἕνεκεν,
2571 3167 2727 3234 φασὶ,
2778 3164 3078 3237 κανονικῶν
3126 3164 3497 3238 πραγμάτων,
3548 3162 3649 3217 καὶ
3684 3163 3768 3231 τῆς

2184 3256 2458 3328 άναμέσον
2496 3256 2660 3311 αὐτοῦ
2688 3258 2783 3311 καὶ
2811 3257 2904 3311 τοῦ
2940 3256 3106 3312 αὑτοῦ
3138 3256 3406 3324 ἱερατείου
3426 3253 3763 3325 ὲρεσχελίας·

2187 3348 2280 3403 καὶ
2321 3349 2401 3402 ὅτι
2456 3348 2609 3414 τινας
2658 3348 2908 3416 ἐδέξατο,
2957 3349 3052 3414 οὓς
3102 3348 3272 3403 πάλαι
3322 3346 3637 3402 ἀπεδάλετο
3692 3345 3770 3398 αἱ

2188 3439 2599 3512 ἀνεθεμάτισεν.
2644 3441 2783 3496 Ἀλλ’
2814 3442 2874 3495 οὐ
2918 3441 3059 3496 πάνυ
3089 3439 3264 3509 ταῦτα
3297 3438 3439 3493 κατά
3472 3436 3610 3490 νοῦν
3655 3434 3767 3503 ὲθήο

2189 3547 2388 3601 καμεν,
2418 3530 2506 3583 διὰ
2537 3530 2599 3584 τὸ
2631 3530 2866 3602 μάλιστα
2904 3530 3195 3601 ἐσύστερον
3228 3530 3287 3583 ὲν
3336 3531 3403 3600 τῇ
3450 3529 3581 3582 κατ’
3627 3528 3769 3581 αὐτὴν

2195 3618 2398 3689 συνόδῳ
2444 3619 2717 3691 ὁσημέραι
2742 3617 3121 3691 διορθούμενα,
3156 3617 3251 3671 καὶ
3286 3616 3701 3689 ὁμολογούμενα

2192 3710 2260 3779 τῇ
2293 3708 2497 3773 πίστει,
2529 3708 2607 3774 ὡς
2637 3709 2751 3765 ἄνω
2804 3725 2895 3780 μοι
2926 3706 3350 3780 προδεδήλωται.
3382 3707 3477 3759 Δεῖ
3501 3707 3621 3777 γάρ
3650 3706 3771 3757 κατὰ

2191 3801 2254 3854 τὸ
2284 3800 2450 3873 μέρος
2472 3800 2633 3856 τοῦτο
2653 3798 2938 3871 ἀληθεύειν
2965 3800 3064 3870 ὅση
3093 3798 3341 3870 δύναμις,
3364 3798 3509 3851 κατά
3538 3797 3604 3849 τὸ
3632 3795 3769 3849 ἀσθε-

2197 3895 2282 3957 νὲς
2320 3892 2382 3947 τὸ
2418 3893 2691 3966 ⁴ίινμιὲτερον
2738 3895 2796 3945 ὲν
2846 3892 3001 3947 πᾶσι.
3039 3891 3226 3954 Θέλεις
3257 3889 3369 3961 γάρ
3414 3887 3667 3958 παρῆλθε
3700 3887 3767 3937 :3:-

2196 3983 2363 4054 ἄνδρα
2390 3983 2449 4037 ἐν
2478 3982 2557 4054 τῷ
2609 3982 2774 4055 ῥοίζῳ
2820 3980 2921 4052 τῆς
2952 3980 3062 4035 τῶν
3104 3980 3280 4050 λόγων
3314 3979 3657 4050 ἐξηγήσεως,
3691 3978 3771 4026 0;:

2198 4074 2307 4145 ἔχω
2350 4073 2530 4144 λέγειν
2552 4088 2565 4103 ⁸
2610 4073 2783 4135 θέλεις
2821 4070 2964 4126 κατὰ
3002 4071 3258 4141 ἀφέλειαν
3306 4071 3403 4124 ἀπ’
3434 4066 3607 4121 αὑτοῦ
3635 4069 3662 4118 ὁ
3702 4064 3770 4114 λέ-

2200 4182 2297 4235 γος
2326 4165 2609 4239 παρήχθη,
2636 4162 2756 4235 Θεῷ
2784 4162 3075 4233 ἔγνωσται.
3106 4161 3254 4233 Πλὴν
3284 4162 3343 4214 ὲν
3370 4160 3454 4214 ένὶ
3494 4158 3655 4229 μέρει
3679 4156 3769 4223 (68)

2204 4258 2526 4331 ὲπιλήιέιιμοι
2563 4257 2657 4311 δύο
2696 4255 2731 4327 ἢ
2775 4257 2924 4327 τρεῖς
2965 4253 3113 4323 λόγοι
3141 4255 3200 4307 ἐν
3245 4254 3313 4323 τῇ
3360 4251 3497 4322 αὐτῇ
3540 4248 3770 4319 ἐξηγήσει

2130 4334 2174 4389 1)
2204 4352 2573 4424 εὑρίσκονται,
2606 4352 2662 4403 ὲν
2691 4349 2770 4421 τῷ
2818 4349 2955 4413 ὅλως
3002 4348 3131 4420 περὶ
3167 4346 3464 4417 κτίσματος
3500 4344 3633 4415 περὶ
3664 4338 3769 4393 Υἱοῦ

2205 4443 2304 4497 τοῦ
2332 4441 2468 4497 Θεοῦ
2515 4440 2813 4513 λαμϐάνειν
2850 4439 2909 4491 έν
2952 4440 3019 4509 τῇ
3066 4436 3231 4492 αὑτοῦ
3280 4435 3518 4505 θεότητι,
3561 4434 3663 4486 κᾶν
3690 4430 3771 4489 ἕως

2207 4534 2504 4607 ὀνόματοςο
2541 4536 2635 4589 καὶ
2661 4537 2719 4588 ὲν
2749 4536 2819 4606 τῇ
2860 4532 2938 4605 τῷ
2985 4532 3183 4598 εἰπεῖν,
3212 4529 3296 4585 ὅτι
3334 4526 3505 4601 Ὑπὲρ
3552 4524 3770 4594 σοφίαν.

2212 4630 2313 4684 καὶ
2341 4630 2397 4683 ετ
2442 4646 2497 4683 τι
2526 4627 2755 4697 ἕτερον.

516 4732 666 4802 joca,
699 4739 821 4795 quae
854 4703 1284 4794 reprehensione
1328 4735 1437 4775 non
1465 4728 1690 4775 careant
1732 4738 1745 4773 :
1796 4718 2036 4789 primum
2076 4721 2227 4790 quod
2273 4737 2358 4786 ea,
2402 4736 2524 4792 quae
2565 4721 2633 4776 de
2667 4728 2919 4777 creatura
2958 4716 3237 4783 dicuntur,
3264 4712 3333 4769 de
3361 4712 3483 4783 ipso
3515 4707 3611 4763 Dei
3641 4703 3773 4799 Filio.

520 4835 587 4875 ac
614 4820 682 4875 de
709 4819 831 4889 ejus
869 4816 1180 4882 divinitate,
1218 4815 1302 4871 vel
1332 4813 1697 4886 appellatione
1720 4812 1896 4869 ltenus
1926 4813 2218 4886 intelligit;
2262 4825 2376 4870 tum
2416 4813 2639 4886 quando
2660 4814 2735 4869 ita
2774 4813 3056 4884 loquitur:
3088 4806 3257 4876 Super
3298 4802 3639 4875 sapientiam,
3675 4804 3774 4847 e158

520 4914 648 4987 quid
689 4910 839 4966 alitd
863 4919 964 4966 est.
1018 4994 1024 4999 ο

594 5005 836 5065 XXXVI.
883 5004 989 5061 Sed
1017 5004 1130 5075 jam
1192 5002 1285 5057 ubi
1340 5015 1517 5073 pauca
1561 5000 1831 5055 adversus
1879 4999 2092 5053 illorun'

2291 4999 2437 5065 ΜΓ.
2493 4996 2679 5063 Ὀλίγα
2733 4993 2787 5048 δὲ
2836 4991 2971 5063 πρὸς
3002 4988 3071 5043 τὰ
3101 4988 3192 5041 ὑπ’
3218 4984 3401 5040 αὐτῶν
3434 4980 3774 5051 ὑποϐληθέντα

524 5102 783 5173 dogmata
838 5095 1321 5171 pr0posuerimus,
1380 5095 1603 5149 missam
1654 5093 1799 5147 hanc
1854 5090 2092 5147 haeresirr

2221 5089 2635 5163 διηγησάμενοι,
2670 5087 2766 5141 καὶ
2804 5084 3013 5155 ταύτην
3076 5077 3534 5173 παρελευσόμεθα-
3566 5074 3666 5173 ’τὴν
3695 5075 3775 5173 5;:

525 5161 1016 5251 faciemus-Dicite
1064 5189 1254 5261 igitur,
1304 5186 1536 5243 obsecro
1580 5199 1695 5251 vos,
1745 5184 1878 5254 quid
1932 5190 2088 5243 tanto

2223 5161 2441 5254 ἡγησιν.
2479 5180 2678 5249 Λέγετε
2708 5180 2860 5249 ἡμῖν,
2906 5171 2951 5230 ὦ
2995 5169 3159 5240 οὗτοι,
3209 5170 3261 5223 τί
3298 5168 3490 5223 ἐλύπει
3520 5166 3689 5234 λέγειν
3733 5161 3777 5211 τὸ

2230 5373 2353 5428 cap.
2384 5373 2483 5411 vm
2519 5356 2608 5411 :‘0
2634 5352 3117 5428 γΘεὸς-ξκτισέλμε.
3154 5358 3286 5409 etc.,
3324 5348 3392 5403 de
3436 5342 3777 5428 increataSaf

2229 5415 2469 5498 piéntia,
2522 5443 2586 5480 ac
2633 5427 2728 5499 Dei
2756 5415 2963 5499 Verbo
3009 5415 3401 5499 interpretatus
3451 5416 3645 5499 inerit;-
3684 5415 3773 5499 llos

2228 5483 2375 5553 enim
2403 5483 2871 5569 pleriquePatres
2908 5483 3213 5569 fecerunt-1
3237 5498 3297 5543 ut
3329 5489 3571 5569 lgnatins
3604 5483 3775 5569 Manu

2233 5558 2418 5639 Epist:
2440 5567 2509 5621 ad
2550 5558 2742 5629 Trall.,
2773 5566 3036 5639 Albanas.
3078 5563 3153 5618 De
3176 5562 3405 5617 Περι-ειὶς
3454 5558 3679 5613 Nima'
3708 5568 3773 5615 εν·

2230 5641 2376 5708 nodi,
2407 5648 2460 5696 et
2493 5639 2583 5695 alii
2614 5638 2947 5710 complures.

527 5378 778 5440 tempore
803 5369 967 5440 fuerit
997 5369 1275 5440 exsilium.
1300 5362 1619 5440 DegMeletio
1643 5376 1794 5423 vero,
1823 5376 1886 5416 ac
1910 5359 2119 5440 triplici

531 5430 885 5496 Antiochense
904 5439 1167 5495 Ecclesiae
1195 5437 1433 5493 divortio
1467 5434 1690 5489 eosdem
1720 5448 1904 5487 rerum
1936 5430 2121 5488 eccle-

534 5511 884 5580 siasticarum
916 5511 1211 5580 scriptores
1241 5507 1484 5580 consule:

609 5579 719 5647 (63)
759 5581 931 5647 Πλὴν
971 5571 1043 5632 ἑνί
1092 5579 1181 5632 ἑνὶ
1215 5580 1396 5646 μέρει.
1460 5573 1913 5647 Nou__propter_ea
1953 5571 2116 5636 dam-

542 5644 755 5705 nandus
781 5644 1161 5715 est‘Melctius,
1184 5644 1330 5720 quod
1358 5647 1539 5701 locum
1567 5644 1718 5699 illum
1749 5659 1816 5699 ex
1845 5644 2113 5703 Proverb.
