3798 6212
38 205 136 264 6C9

675 201 1044 263 ADVERSUS
1075 204 1418 264 ΠΕΠΕὸΕὸ
1455 204 1582 262 LIB.
1621 203 1707 261 Ill.
1749 203 1913 262 TOM.
1955 205 2082 260 l.-
2119 202 2392 261 IUERES.
2436 199 2664 256 LXXIII.

3195 195 3301 255 ΠΟ

39 323 386 401 [ὁμοιούσιον]
427 326 750 400 ὀμοούσιον,
796 329 993 400 Σαφῶς
1042 331 1188 403 ἡμῖν’
1218 332 1616 405 όμολογήσατε,

1841 348 1854 388 2
1897 332 2190 386 molestqu
2232 327 2389 384 vobis
2418 335 2503 382 est
2559 341 2623 380 ac
2660 337 2845 395 grave,
2901 321 3099 378 Filium
3151 321 3298 377 Patri

41 423 122 476 [va
150 418 247 475 καὶ
277 420 418 491 ὑμᾶς
458 421 772 491 ὲπιγνῶμεν
807 419 971 487 ίδίους
1001 423 1181 490 ὄντας,
1217 427 1314 480 καὶ
1349 426 1424 498 μὴ
1457 424 1615 479 ἀλλο-

39 512 236 586 τρίους.
264 513 497 568 Δύναται
528 513 638 586 γὰρ
660 514 755 568 καὶ
791 517 1098 586 όμοιούσιον
1138 513 1279 572 εἶναι
1324 517 1459 588 πρὸς
1485 533 1617 588 χρυ-

45 607 128 659 σὸν
154 603 375 676 χαλκὸς,
407 605 544 677 πρὸς
577 607 818 680 ἄργυρον
851 609 1194 680 κασσίτερος,
1239 608 1374 680 πρὸς
1403 608 1620 678 σίδηρον

43 701 67 750 6
97 697 362 768 μόλιϐδος.
404 697 544 752 Ἀλλ’
585 699 686 753 οὐκ
728 700 1003 771 ἀπατήσει
1033 701 1179 772 ἡμᾶς
1221 703 1254 771 ἡ
1301 698 1458 771 ὑμῶν
1507 700 1622 753 ἔπιε

43 788 401 860 τετηδευμένη
444 789 541 844 καὶ
566 788 960 862 τετορνευμένη
996 789 1389 862 μυθοπλαστεα.
1427 791 1491 843 Εἰ
1521 790 1622 862 μὲν

43 882 141 950 γάρ
166 898 322 945 τινας
353 880 666 953 βουλόμενοι
717 881 998 954 ἀπατῆσαι
1032 881 1288 953 βούλεσθε
1320 883 1623 954 προφάσεις

43 975 249 1043 ψευδεῖς
282 974 553 1045 λέγοντες,
599 977 681 1030 ὅτι
734 977 796 1032 οὐ
843 977 948 1049 χρὴ
991 977 1170 1048 λέγειν
1207 979 1270 1033 τὸ
1315 980 1622 1050 όμοούσιον,

47 1069 127 1121 ἵνα
154 1067 228 1138 μὴ
250 1067 578 1141 συναλοιφὴν
605 1070 920 1140 ποιήσωμεν
948 1070 1041 1124 τὸν
1062 1069 1192 1124 Υίὸν
1223 1069 1359 1144 πρὸς
1383 1063 1623 1142 Πατέρα,

45 1159 74 1228 ἢ
119 1157 177 1212 τὸ
226 1157 457 1230 Πνεῦμα
508 1159 646 1231 πρὸς
677 1159 770 1214 τὸν
818 1159 946 1214 Υιὸν
993 1161 1086 1215 καὶ
1132 1161 1376 1234 Πατέρα,
1438 1162 1533 1215 καὶ
1567 1163 1626 1215 ὲν

45 1249 209 1320 τούτῳ
249 1250 506 1306 διέπεσεν
534 1252 689 1324 ὑμῶν
725 1255 754 1308 6
789 1253 1275 1327 ὲπιτετηδευμένος
1319 1254 1496 1324 λόγος.
1549 1255 1624 1309 Οὐ

48 1341 145 1414 γὰρ
171 1341 404 1413 εἴπομεν
429 1343 788 1414 ἁμαούσιον,
838 1344 956 1399 ἀλλ’
989 1347 1313 1416 ὁμοούσιον
1334 1362 1350 1379 ο
1399 1349 1486 1402 ἵνα
1519 1365 1626 1421 μη-

47 1434 126 1486 δὲν
154 1430 250 1497 τοῦ
278 1435 498 1506 Πατρὸς
525 1435 982 1508 παρηλλαγμένον
1019 1436 1467 1510 ὁμολογήσωμεν,
1493 1439 1630 1495 ἀλλὰ

49 1525 169 1579 Θεὸν
197 1526 376 1591 ὅντως
402 1529 468 1581 ὲκ
491 1527 627 1582 Θεοῦ
669 1529 1088 1599 γεγεννημένον,
1121 1531 1212 1584 καὶ
1253 1531 1353 1584 οὐκ
1397 1531 1628 1604 ἀλλαχό-

51 1617 150 1680 θεν,
202 1617 328 1671 οὐδὲ
365 1617 426 1684 ἐξ
472 1620 573 1673 οὐκ
623 1620 814 1686 όντων,
863 1619 1000 1675 ἀλλά
1039 1620 1253 1692 Πατρός
1299 1621 1630 1695 προελθόντα

1719 422 2246 479 consubstantialem
2269 418 2556 477 asserere?
2580 415 2752 472 Velim
2781 415 2886 469 hoc
2907 413 3043 468 mihi
3067 413 3301 483 ingenue

1721 526 2020 590 aperteque
2057 513 2364 578 fateamini,
2399 522 2458 567 ut
2480 524 2580 565 vos
2624 523 2737 563 non
2792 507 3000 561 alienos
3045 519 3074 558 a
3116 504 3299 565 nobis.

1720 609 1815 665 sed
1847 622 2139 679 germanos
2180 621 2305 661 esse
2347 613 2772 674 cognoscamus.
2818 595 3010 651 Potest
3055 596 3203 650 enim
3248 603 3303 647 et

1722 713 1796 754 πε
1844 712 2000 764 auro,
2047 705 2104 752 et
2148 701 2378 767 argento
2414 701 2695 754 slannnm,
2743 696 2798 743 et
2850 685 2995 742 ferro
3019 685 3300 757 plumbum

1724 789 1920 847 similis
1950 803 2073 844 esse
2103 785 2443 843 substantiae.
2488 781 2594 837 Sed
2633 795 2735 836 nos
2754 787 2936 835 vestra
2982 777 3074 832 illa
3121 791 3306 846 perpe-

1724 896 1842 937 ram
1877 879 2188 950 excogitata
2227 891 2292 931 ac
2329 873 2709 930 fraudulenter
2731 867 2967 925 conficta
2992 870 3304 921 commenta

1725 989 1834 1029 non
1867 972 2074 1028 fallent.
2099 970 2233 1024 Nam
2259 969 2329 1036 si,
2364 975 2424 1023 ut
2453 966 2508 1022 in
2533 978 2781 1022 errorem
2817 961 3031 1031 aliquos
3066 955 3307 1026 impella-

1731 1068 1827 1132 tis,
1878 1067 2073 1122 inanes
2117 1063 2331 1134 species
2376 1055 2897 1124 commentitiasque
2942 1049 3214 1122 quazrilis,
3255 1055 3311 1101 et

1727 1155 2253 1216 consubstantialem
2299 1158 2590 1224 propterea
2644 1145 2826 1203 vocari
2879 1158 2989 1198 non
3052 1147 3311 1211 oportere

1729 1246 2050 1312 defenditis,
2077 1258 2148 1300 ne
2173 1242 2374 1298 Filium
2404 1253 2529 1296 cum
2571 1237 2754 1301 Patre,
2785 1242 2841 1289 et
2879 1231 3146 1304 Spiritum
3183 1245 3312 1285 san-

1729 1349 1879 1397 ctum
1927 1353 2053 1396 cum
2100 1343 2336 1406 utroque
2375 1330 2781 1389 confundamus
2811 1369 2826 1394 ,
2881 1325 3051 1398 884
3095 1339 3166 1379 ne
3209 1324 3314 1378 bac

1731 1431 1952 1504 quidem
1997 1430 2053 1485 in
2096 1435 2251 1500 parte
2302 1431 2536 1499 possunt
2579 1419 2868 1476 mendacia
2909 1427 3090 1472 vestra
3142 1416 3316 1470 consi-

1733 1534 1894 1580 stere.
1926 1516 2048 1577 Non
2087 1519 2233 1576 enim
2285 1510 2886 1588 simulsubstantialem,
2950 1508 3043 1565 sed
3091 1505 3316 1563 consub-

1734 1615 2041 1672 stantialem
2082 1612 2320 1668 dicimus
2354 1626 2370 1676 ;
2412 1623 2482 1663 ne
2522 1605 2729 1676 aliquid
2789 1603 3066 1658 diversum
3095 1613 3123 1654 a
3155 1598 3316 1653 Patre

51 1712 283 1782 ἀχρόνως
319 1713 416 1765 καὶ
462 1712 744 1785 ἀνάρχως,
781 1714 876 1767 καὶ
921 1692 1633 1793 ἀνεκδιηγήτωςνγεγεννη-

1841 1707 2115 1772 tlteamur,
2153 1701 2250 1760 sed
2291 1700 2461 1756 Deum
2489 1715 2552 1754 ex
2586 1697 2698 1752 Deo
2727 1710 2855 1751 vere
2892 1692 3162 1764 genitum,
3205 1704 3315 1744 non

56 1804 226 1873 μένον,
285 1804 379 1857 ἀεὶ
419 1804 549 1859 όντα
589 1805 728 1877 πρὸς
775 1805 868 1859 τὸν
923 1805 1165 1878 Πατέρα,
1205 1806 1300 1859 καὶ
1363 1808 1631 1880 μηδέποτε

53 1895 388 1951 διαλείποντα
425 1895 519 1950 τοῦ
566 1891 728 1962 εἶναι,
761 1897 897 1952 ἀλλὰ
942 1899 1361 1971 γεγεννημένον,
1400 1901 1462 1954 οὐ
1512 1917 1633 1954 συνο

56 1987 285 2056 άδελφον,
318 1988 385 2042 οὐ
413 1989 754 2062 προπάτορα.
778 1991 851 2045 Τὸ
880 1990 1009 2064 γὰρ,
1042 1991 1214 2062 ὁμοῦ,
1249 1991 1342 2045 δύο
1371 1992 1468 2064 μὲν
1503 1994 1634 2046 ὑπο-

58 2078 284 2133 στάσεών
319 2081 443 2134 ἐστι
477 2083 836 2154 σημαντικὸν,
867 2083 967 2137 οὐκ
997 2082 1294 2154 ἀλλοτρίων
1338 2086 1404 2156 τῇ
1437 2084 1629 2156 φύσει·

55 2172 126 2226 διὸ
158 2174 185 2226 6
219 2171 521 2246 σύνδεσμος
545 2175 648 2247 τῆς
673 2174 933 2250 ἀληθείας
962 2177 1020 2229 ἐν
1049 2174 1224 2246 τούτῳ
1252 2176 1317 2228 ὲκ
1343 2175 1435 2230 τοῦ
1475 2175 1636 2229 Πνεύ-

62 2283 214 2334 ματος
241 2265 339 2320 τοῦ
374 2267 530 2336 ἀγίου
567 2268 936 2340 ᾠκονόμηται,
971 2269 1029 2321 ὲν
1060 2267 1289 2339 στόματι
1329 2267 1438 2320 τῶν
1479 2267 1636 2322 τοῦτο

59 2355 380 2428 ἑκθεμένων.
427 2359 538 2413 Καὶ
566 2360 721 2432 ὁρᾷς,
745 2359 830 2412 ὅτι
873 2359 976 2412 οὐκ
1023 2357 1178 2412 ἔσται
1219 2375 1301 2412 σοι
1340 2360 1633 2431 πρόφασις,

61 2447 167 2500 οὐδὲ
197 2447 428 2504 δύνασαι
473 2450 618 2505 κατά
663 2448 763 2521 τῆς
809 2448 1119 2520 όρθοδοξίας
1163 2447 1342 2516 λέγειν
1373 2450 1468 2503 καὶ
1506 2448 1637 2502 πτύ-

68 2556 168 2610 ρειν
194 2538 322 2602 τοὺς
353 2537 506 2611 παρὰ
533 2539 627 2592 σοῦ
653 2538 750 2609 τὴν
779 2537 948 2608 ἀκοὴν
985 2535 1078 2591 τοῦ
1111 2537 1636 2609 παραπεποιημένου

66 2632 343 2699 σουμλόγου
397 2631 908 2703 παραδεχομένουςο
954 2631 1059 2696 ὅτι,
1114 2630 1240 2684 Ἐάν
1288 2648 1372 2695 τις
1412 2631 1539 2702 εἴπῃ
1577 2630 1640 2682 τὸ

64 2722 354 2792 ὁμοούσιον,
376 2722 701 2794 συναλοιφὴν
726 2722 1097 2810 ὡμολόγησεν.
1129 2723 1326 2777 Οὐκέτι
1356 2723 1464 2798 γὰρ
1486 2723 1639 2777 ἔσται

65 2815 226 2869 τοῦτο.
287 2818 427 2870 Ἀπὸ
453 2817 563 2888 γάρ
583 2816 702 2880 τοῦ,
729 2816 1034 2887 όμοούσιον,
1069 2817 1480 2889 σημανθήσεται
1522 2816 1638 2882 δύο,

69 2909 151 2960 καὶ
176 2909 281 2961 ἀπὸ
305 2909 427 2976 τοῦ,
458 2907 784 2979 όμοουσίου,
813 2908 1188 2980 δηλωθήσεται
1235 2909 1335 2961 οὐκ
1362 2907 1642 2980 ἀλλότριον

69 2998 121 3100 το
159 2999 405 3100 γέννημα
435 3000 582 3100 ⁴ιτρὸςΔ
622 2999 712 3054 τὸν
754 3001 976 3073 Πατέρα
1002 3000 1268 3072 ὑπάρχον.
1298 3000 1370 3054 Σὺ
1396 2999 1475 3066 δὲ,
1521 3001 1643 3054 ὲπιο
1667 3041 1712 3100 c

71 3091 402 3164 πλασάμενος
430 3091 516 3156 τὸ,
561 3093 888 3164 όμοιούσιον,
907 3093 996 3147 διὰ
1027 3093 1125 3164 μὲν
1147 3089 1240 3146 τοῦ
1261 3091 1523 3163 ὀνόματος
1541 3093 1641 3162 τῆς

73 3181 242 3247 οὐσίας
277 3182 608 3256 uean
635 3183 724 3237 διὰ
747 3183 802 3237 δὲ
824 3185 924 3255 τῆς
965 3181 1430 3254 παρηλλαγμένης
1453 3181 1638 3251 ὁμολο-

75 3275 182 3340 γίας
230 3274 651 3347 κατακριθήσῃ,
695 3276 794 3346 οὐχ
835 3275 871 3330 ἀ
924 3275 1103 3344 λέγεις
1150 3273 1399 3346 φρονῶν,
1452 3273 1566 3327 ἀλλ’
1608 3271 1646 3327 ἃ

76 3367 276 3434 φρονεῖς
331 3366 878 3437 παραπεποιημένως
927 3366 1226 3420 διδάσκωνο
1268 3367 1317 3418 εί
1355 3364 1464 3437 γὰρ
1509 3364 1647 3430 ὅλως

75 3455 164 3508 οὐκ
215 3455 366 3511 ἐστιν
393 3456 452 3524 ἐξ
481 3457 668 3524 αὑτοῦ,
697 3458 882 3531 ὅμοιος
909 3457 968 3512 δὲ
997 3456 1147 3528 αὐτῷ
1189 3459 1326 3520 ἐστι,
1367 3457 1500 3511 πολὺ
1544 3458 1648 3527 ἀφ-

79 3548 297 3620 έστηκας
321 3549 428 3620 τῆς
458 3548 738 3620 ἀληθείας.
757 3549 1002 3614 Ὀποίαις
1043 3550 1152 3621 γὰρ
1196 3549 1351 3613 ὕλαις
1372 3548 1464 3602 τὸν
1490 3549 1651 3601 ὲκτυ-

78 3639 331 3713 πούμενον
376 3642 431 3696 εἴ
453 3659 536 3706 τις
563 3642 629 3700 ἂν
651 3641 794 3697 θέλοι
827 3642 1216 3714 διακοσμήσειν
1243 3641 1284 3707 ί,
1317 3640 1422 3695 οὐκ
1447 3639 1514 3694 ἂν
1536 3639 1650 3693 ἴσον

78 3733 144 3802 τῷ
170 3736 407 3787 ὲκτυπου
417 3733 565 3805 μένῳ
592 3733 1044 3788 κατασκευάσειε.
1086 3733 1196 3787 Καὶ
1223 3733 1331 3805 γὰρ
1353 3731 1449 3786 καὶ
1482 3747 1652 3785 κατα-

82 3825 262 3896 σκευῆς
304 3826 372 3880 τὸ
416 3825 599 3897 ἔργον.
654 3825 726 3878 Τὸ
749 3825 806 3878 δὲ
847 3823 1185 3896 γεννώμενον
1232 3824 1299 3877 ἐκ
1342 3821 1436 3877 τοῦ
1483 3839 1651 3889 τινος,

83 3917 240 3969 ἐκεῖνο
263 3916 405 3988 πρὸς
427 3916 490 3970 τὸ
511 3915 669 3985 γένος
696 3916 756 3970 τὸ
793 3917 981 3988 ὅμοιον
1025 3917 1122 3970 καὶ
1156 3916 1216 3970 τὸ
1256 3916 1369 3969 ῐσον
1395 3915 1496 3986 τῆς
1521 3931 1656 3985 γνη-

84 4005 312 4077 σιότητος
348 4005 628 4071 ἀποσώζει
669 4002 827 4072 εἶδος.
856 4009 920 4062 Εἰ
947 4008 1126 4062 τοίνυν
1155 4009 1255 4063 οὐκ
1283 4007 1343 4073 ἐξ
1368 4006 1532 4061 αὑτοῦ
1563 4020 1657 4076 γε·

84 4097 318 4168 γέννηται
361 4099 458 4152 τοῦ
503 4099 716 4171 Πατρὸς
764 4101 793 4154 6
833 4100 982 4166 Υἱὸς,
1018 4099 1176 4164 ἐκτὸς
1221 4100 1279 4154 δὲ
1329 4099 1498 4154 αὑτοῦ
1544 4099 1652 4171 εἴη,

1735 1798 1992 1863 aliunde,
2027 1811 2131 1854 nec
2176 1811 2242 1851 ex
2289 1791 2484 1858 nihilo,
2519 1789 2616 1847 sed
2647 1803 2678 1842 a
2711 1787 2874 1843 Patre
2905 1785 3024 1842 sine
3067 1793 3316 1854 tempore

1733 1902 1788 1951 et
1838 1891 2020 1955 initio,
2065 1895 2122 1944 et
2163 1879 2540 1955 inexplicabili
2589 1878 2827 1952 quadam
2865 1877 3080 1932 ratione
3114 1873 3318 1944 produ-

1735 1998 1885 2042 ctum
1931 1997 1997 2038 ac
2045 1979 2330 2054 genitum;
2385 1975 2480 2047 qui
2533 1985 2752 2044 semper
2781 1984 2906 2025 cum
2934 1967 3098 2023 Patre
3131 1965 3315 2027 fuerit.

1736 2091 1838 2133 nec
1871 2089 1998 2131 esse
2030 2069 2363 2144 quandoque
2404 2062 2928 2135 desinatzgenitunt
2970 2075 3158 2132 porro,
3205 2073 3316 2114 non
3406 2103 3408 2105 ,

1736 2179 2060 2242 germanum
2089 2162 2338 2228 fratrem,
2367 2173 2477 2214 non
2510 2169 2693 2212 avum.
2719 2152 2854 2208 Nam
2879 2154 2997 2208 haec
3024 2150 3317 2224 particula,

1737 2279 1858 2327 con,
1887 2261 2217 2332 hypostases
2245 2253 2405 2319 duas,
2436 2265 2540 2308 nec
2566 2247 2774 2304 alienas
2799 2253 2994 2328 natura
3022 2242 3318 2315 significat.

1741 2353 1895 2409 Unde
1924 2359 1978 2408 et
2018 2345 2268 2406 veritatis
2317 2343 2467 2401 velut
2518 2357 2697 2420 nexus
2741 2354 2806 2395 ac
2846 2335 3154 2399 vinculum,
3206 2349 3321 2389 non

1739 2449 1861 2504 sine
1891 2443 2067 2502 sancti
2115 2438 2353 2513 Spiritus
2400 2435 2605 2501 aﬂlatu,
2655 2448 2754 2504 per
2791 2430 3008 2487 illorum
3062 2442 3184 2492 ora,
3226 2428 3324 2498 qui

1741 2535 1905 2610 primi
1959 2542 2216 2590 auctores
2261 2529 2506 2592 fuerunt,
2558 2534 2645 2582 est
2689 2525 2746 2579 in
2778 2537 2842 2580 ea
2874 2535 3017 2577 voce
3046 2518 3322 2575 constitu-

1739 2641 1878 2685 tum.
1906 2625 2082 2682 'Vides
2106 2624 2276 2695 igitur
2301 2620 2510 2675 nullum
2533 2617 2647 2688 jatn
2675 2615 2778 2671 tibi
2809 2615 3049 2670 colorem
3080 2619 3176 2666 aut
3203 2624 3324 2680 spe-

1742 2721 1885 2778 ciem
1918 2733 2045 2776 csse
2074 2715 2346 2786 reliquam
2373 2754 2388 2778 ,
2431 2725 2610 2780 neque
2655 2707 2922 2764 adversus
2962 2703 3324 2761 orthodoxam

1743 2814 1904 2870 fidem
1933 2810 2132 2867 merito
2164 2821 2330 2878 posse
2362 2807 2720 2869 contendere,
2756 2802 2842 2856 vel
2874 2815 2970 2854 eos
2999 2796 3328 2868 perturbare

1743 2907 1834 2979 qui
1880 2904 2080 2961 falsum
2117 2899 2252 2956 illud
2299 2906 2453 2954 tuum
2481 2903 2588 2951 ate
2611 2897 2890 2950 decretum
2921 2904 2984 2945 ac
3015 2901 3328 2944 sermonem

1746 2978 2095 3068 acceperint:
2117 2992 2164 3050 si
2196 2991 2324 3063 quis
2372 2984 2846 3044 consubstantiale
2877 2993 3144 3050 usurpare
3172 2978 3326 3038 velit,

1745 3088 2133 3146 confusionem
2168 3081 2462 3155 quamdam
2499 3081 2552 3136 in
2582 3078 2870 3134 divinitate
2901 3073 3172 3131 confiteri.
3224 3070 3332 3127 Ne-

1744 3199 1853 3257 que
1897 3182 2046 3238 enim
2097 3178 2337 3249 amplius
2390 3173 2536 3230 istud
2588 3172 2832 3243 objicere
2879 3175 3058 3240 potes.
3115 3165 3334 3236 Quippe

1747 3271 2240 3334 consubstantialis
2270 3269 2364 3324 illa
2394 3283 2500 3324 vox
2528 3266 2669 3322 duos
2713 3261 2982 3333 quosdam
3033 3257 3330 3329 significat,

1746 3371 2048 3440 eademque
2088 3363 2236 3422 haud
2292 3363 2529 3418 alienam
2590 3374 2620 3414 a
2677 3357 2836 3415 Patre
2905 3353 3149 3411 sobolem
3211 3367 3337 3407 esse

1748 3463 2111 3519 demonstrat.
2158 3456 2241 3513 Tu
2282 3467 2415 3512 vero
2455 3450 2869 3515 bomoeousion,
2932 3447 3039 3503 hoc
3076 3454 3162 3501 est
3205 3445 3334 3499 sub-

1750 3553 1954 3610 stantia
1992 3549 2186 3614 simile,
2220 3553 2588 3609 commentus,
2625 3541 2860 3612 primum
2890 3540 3009 3610 ipso
3044 3537 3196 3600 usize,
3231 3536 3337 3590 hoc

1751 3655 1838 3704 est
1883 3641 2228 3706 substantiae,
2273 3636 2542 3695 vocabulo
2574 3633 2884 3699 refelleris;
2929 3629 3128 3686 deinde
3154 3636 3249 3682 tua
3281 3636 3337 3682 te

1755 3739 1848 3794 illa
1877 3736 2204 3806 discrepans
2249 3745 2352 3788 nec
2383 3736 2756 3786 consentanea
2781 3723 3055 3796 professio
3083 3720 3338 3777 condem-

1755 3841 1869 3898 nat,
1903 3843 2028 3885 cum
2055 3842 2163 3882 non
2196 3839 2262 3881 ea
2287 3823 2441 3880 dicas
2462 3837 2584 3894 quae
2613 3818 2844 3882 sentias,
2879 3816 2976 3874 sed
3001 3829 3121 3887 quae
3163 3811 3338 3869 sentis

1756 3925 1898 3980 falso
1947 3936 2012 3978 ac
2057 3919 2398 3976 mendaciter
2448 3916 2648 3971 doceas
2686 3932 2700 3969 :
2743 3911 2948 3968 etenim
3001 3910 3050 3966 si
3101 3907 3169 3963 ab
3217 3907 3338 3976 ipso

1756 4009 1917 4066 Patre
1968 4023 2078 4064 non
2113 4014 2200 4064 est
2247 4005 2474 4062 omnino
2501 4001 2698 4068 Filius,
2729 4000 2827 4058 sed
2865 3997 3226 4055 nihilominus
3260 3997 3339 4050 si-

1757 4103 1908 4160 milis
1935 4111 2040 4169 est,
2076 4116 2106 4155 a
2137 4099 2370 4156 veritate
2403 4097 2702 4169 plurimum
2737 4094 2998 4156 aberras;
3035 4104 3161 4143 nam
3202 4101 3342 4158 qua-

85 4186 380 4290 ὁμοιούσιος
425 4187 481 4241 δὲ
499 4187 652 4262 παρὰ
673 4188 756 4241 σοὶ
783 4188 923 4242 κατὰ
954 4189 1114 4262 χάριν
1139 4188 1487 4261 λεχθήσεται,
1505 4189 1643 4245 οὐδὲι

1841 4210 1978 4268 nque
2008 4195 2229 4250 demum
2257 4206 2326 4248 ex
2353 4190 2584 4246 materia
2609 4185 2842 4257 quilibet
2871 4195 3194 4253 expressum
3235 4179 3339 4233 ali-

88 4277 512 4393 a61@.6é6¢o‘xag,
545 4279 660 4333 ἀλλ’
693 4279 959 4346 ὲξέπεσας
997 4282 1094 4353 τῆς
1134 4282 1264 4353 παρ’
1292 4281 1461 4336 αὐτοῦ
1502 4282 1643 4354 χάρι·

1841 4291 1921 4360 ius
1951 4286 2309 4344 simulacrum
2342 4295 2542 4337 ornare
2571 4277 2828 4342 voluerit,
2879 4287 3159 4345 nunquam
3203 4270 3337 4325 illud

2134 4377 2172 4393 ne
2205 4376 2229 4393 ,o
2278 4375 2392 4393 εν---
2444 4372 2729 4393 -.ι..----..-
2783 4366 3023 4393 -..ιη-ει.
3056 4374 3134 4393 Α...
3194 4361 3337 4393 ...ειη-

89 4391 185 4437 τος.
234 4374 287 4428 ’0
325 4374 436 4446 γὰρ
461 4375 548 4446 μὴ
579 4374 762 4444 τιμῶν
792 4376 898 4430 τὸν
938 4376 1076 4432 Υὶὸν
1102 4377 1183 4442 ὡς
1230 4376 1368 4447 τιμᾷ
1395 4378 1500 4432 τὸν
1539 4381 1643 4432 Πα-

1841 4397 1886 4436 in
1935 4376 2234 4448 exemplari
2277 4375 2399 4445 ipso
2441 4372 2733 4444 adaquare
2783 4366 3139 4441 poterit:est
3192 4361 3342 4419 enim

91 4466 231 4562 τέρα,
268 4469 488 4562 ᾐγόρτὴ
532 4470 640 4525 τοῦ
689 4469 838 4525 Θεοῦ
877 4469 1045 4540 μένει
1076 4470 1169 4524 ἐπ’
1207 4471 1418 4537 αὐτὸν,
1447 4473 1475 4526 6
1504 4471 1643 4542 ἅγιος

1844 4483 2052 4529 ucturte
2076 4475 2240 4538 atque
2272 4463 2579 4522 eﬂectionis
2606 4478 2748 4535 opus
2776 4459 2932 4516 illud.
2965 4456 3124 4526 Quod
3157 4462 3344 4512 autem

93 4556 367 4662 αἰτόστολός
406 4578 577 4662 φησι·
632 4563 728 4619 καὶ
761 4563 920 4620 πάλιν
943 4580 958 4595 ο
1006 4564 1154 4635 Ἐγὼ
1183 4565 1253 4619 ἐκ
1293 4564 1402 4620 τοῦ
1429 4566 1643 4636 Πατρός

1885 4563 2072 4634 aliquo
2111 4557 2378 4632 gignitur.
2419 4555 2658 4628 idipsum
2692 4553 2762 4610 ad
2791 4552 2867 4620 id,
2901 4551 3047 4608 unde
3079 4547 3343 4622 gignitur,

93 4650 356 4721 ἐξῆλθον,
387 4653 490 4707 καὶ
521 4654 648 4722 ῆκω
668 4669 682 4684 ο
726 4657 755 4709 6
784 4657 962 4728 φήσας
986 4673 999 4686 ο
1045 4655 1194 4725 Ἐγὼ
1231 4656 1303 4710 ἐν
1344 4655 1426 4723 τῷ
1454 4655 1638 4726 Harp!

1841 4653 2140 4713 rmanitatis
2202 4667 2316 4709 sua:
2362 4648 2596 4708 similem
2664 4655 2720 4704 et
2780 4645 3047 4718 aequalem
3112 4640 3345 4697 formam

96 4747 123 4797 ὀ
157 4746 352 4815 Πατὴρ
399 4747 473 4800 ἐν
502 4746 636 4817 ἐμοι
659 4764 672 4779 ο
707 4747 737 4800 6
773 4748 948 4817 λέγων
967 4765 982 4780 σ
1019 4750 1298 4814 Φίλιππε,
1330 4750 1362 4802 ὀ
1391 4749 1643 4818 ἑωρακὼς

1841 4746 1984 4801 .inet.
2021 4741 2392 4809 Quamobrem
2419 4740 2470 4796 si
2499 4738 2570 4794 ab
2600 4738 2723 4810 ipso
2754 4735 2916 4792 Patre
2943 4748 3053 4789 non
3081 4737 3167 4788 est
3195 4729 3351 4802 geni-

97 4837 185 4904 ἐμὲ
216 4838 439 4909 ἑώρακε
471 4837 582 4891 τὸν
610 4839 864 4909 Πατέρα.

1841 4855 1878 4902 5,
1921 4826 1977 4891 et
1997 4843 2155 4891 extra
2185 4833 2366 4904 ipsum
2397 4839 2503 4900 est,
2540 4831 2668 4886 licet
2701 4828 3122 4886 similitudinem
3153 4835 3350 4894 quam-

100 4931 206 4985 dam
244 4934 588 5001 substantiae,
630 4934 778 4990 velut
808 4931 1194 5004 gratilicando,
1235 4931 1472 5000 tribuas,
1509 4933 1651 4988 nihil
1684 4931 1789 5002 ipsi
1817 4928 2060 5002 largiris,
2092 4925 2188 4982 sed
2214 4925 2282 4978 ab
2328 4923 2450 4994 ejus
2509 4921 2767 4994 excidisti
2815 4922 3011 4994 gratia.
3035 4922 3159 4988 ,ριά
3211 4920 3352 4975 enim

102 5040 190 5078 non
215 5026 434 5082 honorat
499 5025 548 5080 F
553 5028 724 5094 ilium,
767 5028 901 5082 sicut
945 5027 1169 5081 honorat
1202 5025 1439 5093 Patrem,
1478 5027 1559 5082 ira
1623 5027 1718 5083 Dei
1764 5034 1940 5082 manet
1997 5024 2050 5076 in
2097 5021 2304 5089 ipsum,
2361 5019 2439 5072 ait
2490 5025 2716 5074 sanctus
2779 5017 3132 5086 apostolus’;
3176 5015 3348 5069 item:

108 5115 291 5173 Exiria
320 5119 502 5184 Patre,
531 5130 580 5173 et
605 5119 747 5173 vado
779 5120 821 5184 ³,
847 5119 935 5176 ille
959 5119 1077 5190 ipse
1101 5118 1364 5174 nimirum
1391 5120 1484 5191 qui
1509 5119 1647 5175 dixit
1680 5138 1694 5174 :
1737 5120 1850 5192 Ego
1895 5120 1950 5172 in
1985 5115 2172 5180 Patre,
2211 5121 2260 5169 et
2295 5111 2460 5167 Pater
2504 5110 2559 5164 in
2598 5107 2751 5163 me“.
2779 5105 2918 5162 Tum
2968 5107 3102 5169 illud
3149 5125 3161 5160 :
3219 5104 3353 5160 Plii-

108 5213 244 5281 lippe,
274 5217 364 5286 qui
394 5215 531 5270 videt
557 5232 656 5279 me,
689 5215 825 5270 videt
856 5225 903 5269 et
928 5215 1149 5270 Patrem
1169 5216 1212 5269 ⁸.
1344 5219 1351 5225 ’

168 5311 276 5361 AZ'.
321 5308 588 5373 Πολλάκις
626 5309 683 5362 δὲ
713 5310 807 5363 καὶ
845 5312 974 5383 περὶ
1007 5309 1210 5364 τούτων
1240 5311 1662 5382 διηγησάμενος,

110 5398 335 5467 ὁρκετῶς
366 5401 510 5470 ἔχειν
557 5399 791 5456 ἐνταῦθα
822 5401 1106 5475 ἡγούμεθα
1146 5401 1254 5456 τῶν
1301 5400 1481 5455 αὐτῶν
1530 5404 1663 5456 ἀνα-

111 5489 308 5560 ττηπῶν
341 5491 448 5544 τῶν
481 5491 749 5564 ῥηθεισῶν
796 5494 905 5546 ἅνω
953 5493 1087 5564 πρὸς
1118 5491 1214 5564 τὴν
1247 5491 1403 5563 ῥίζαν
1431 5493 1530 5562 τὴν
1571 5495 1664 5546 ὲκ-

1841 5303 2112 5362 XXXVII.
2152 5303 2425 5359 Caeterum
2461 5315 2588 5355 cum
2631 5297 2748 5354 haec
2794 5297 2906 5353 sint
2934 5310 2965 5350 a
3001 5311 3085 5350 me
3119 5303 3354 5352 tractata

1773 5401 1993 5471 saepius,
2020 5413 2142 5468 quae
2165 5396 2232 5451 ad
2263 5395 2438 5466 impia:
2474 5394 2638 5463 hujus
2669 5391 2896 5447 haeresis
2920 5389 3088 5461 885
3114 5388 3355 5444 radicem

1773 5508 1838 5546 ac
1889 5490 2117 5561 stirpem
2161 5484 2512 5544 evertendam
2563 5489 2689 5537 ante
2735 5480 2999 5548 diximus,
3048 5479 3186 5537 satis
3233 5493 3356 5534 esse

179 5668 194 5702 ‘
230 5668 288 5728 Ρ.
320 5671 754 5746 διακοσμήσειεν.
832 5675 852 5704 ⁹
891 5671 1045 5728 Joan.
1076 5689 1126 5740 v,
1151 5670 1257 5738 25;
1290 5685 1372 5740 ιιι,
1403 5670 1492 5727 ΞΟ.
1573 5676 1589 5706 ⁸
1631 5699 1643 5725 ι

1841 5683 1932 5736 m,
1959 5666 2050 5727 28.
2134 5666 2150 5696 ³
2189 5662 2346 5721 Joan.
2385 5680 2496 5732 xiv,
2531 5664 2619 5720 10.
2694 5665 2712 5694 ⁵
2754 5657 2886 5715 ibid.
2920 5656 2973 5715 9.
