3798 6212
497 129 595 183 4⁸11

1925 123 1981 177 S.
2022 122 2359 180 EPIPIIANII
3416 182 3423 187 ,
3660 125 3728 181 ίῖἱ

494 248 598 301 hoc
640 246 759 301 loco
800 255 1080 318 putamus,
1138 262 1260 303 cum
1306 244 1509 301 eaedem
1562 245 1666 300 illae
1721 246 1966 301 rationes
2004 248 2067 303 ad

2176 248 2424 318 φύσασαν
2470 248 2675 300 τούτων
2703 247 2804 317 τὴν
2838 245 3161 312 κακοδοξίαν
3196 244 3531 316 δυναμένων
3574 247 3731 297 καὶέν-

497 338 867 396 Semisrianos
923 342 1061 397 istos
1107 335 1476 396 confutandos
1508 338 1913 393 accommodari
1950 354 2077 409 pos-

494 430 643 497 sint;
699 446 911 485 necnon
953 440 1008 486 et
1065 429 1131 484 ad
1179 430 1301 485 illos
1348 428 1700 493 refellendos,
1754 429 1847 498 qui
1893 443 1952 484 se
2004 429 2073 483 ab

495 524 729 577 istorum
756 522 1037 579 consortio
1065 528 1444 593 segregarunt,
1475 521 1778 575 Acacianos
1804 520 2071 591 intelligo,

496 628 560 668 ac
595 622 825 669 caeteros
853 615 948 684 qui
985 613 1247 669 Seleucia:
1282 614 1336 667 in
1377 612 1585 667 Isauria
1624 612 1849 668 alteram
1878 627 2069 682 quam-

494 704 620 758 dam
676 705 796 760 fidei
865 704 1151 760 formulam
1212 717 1265 760 et
1322 704 1709 759 abhorrentem
1762 720 1793 758 a
1843 706 2071 761 veritate

490 796 875 861 condiderunt,
911 813 1074 868 quam
1107 813 1207 852 nos
1240 798 1292 850 in
1323 807 1571 867 apertum
1616 797 1901 867 lucemque
1944 813 2071 866 pro~

490 886 635 943 ferre
664 889 934 953 volentes,
974 897 1032 943 ut
1064 897 1183 944 erat
1222 889 1290 943 ab
1322 890 1431 943 illis
1461 905 1527 944 ex
1556 891 1799 943 omnium
1838 906 2068 961 persona

493 980 830 1050 conscripta,
871 988 996 1050 post
1034 980 1221 1036 Basilii
1251 980 1531 1050 Ancyrani
1577 988 1633 1035 et
1678 980 1896 1051 Georgii
1927 979 2069 1037 Lao-

485 1071 661 1128 diceni
716 1072 1150 1139 confessionem,
1220 1074 1489 1143 integram
1543 1089 1709 1144 supra
1772 1077 2068 1145 proposui-

486 1183 630 1224 mus.
662 1167 831 1223 Porro
860 1185 928 1225 ne
953 1170 1111 1225 istam
1137 1170 1556 1241 professionem,
1586 1188 1709 1242 qua:
1750 1173 2063 1228 clanculum

483 1262 704 1333 quidem
743 1276 868 1317 cum
902 1263 1108 1335 ingenti
1140 1263 1343 1319 damno
1373 1278 1437 1318 ac
1469 1264 1713 1334 pernicie
1754 1273 2064 1337 grassatur,

484 1357 601 1422 sed,
635 1365 693 1412 ut
722 1356 954 1425 tempori
997 1356 1223 1419 serviat,
1258 1370 1355 1426 pcr
1378 1355 1784 1412 simulationem
1816 1372 1881 1411 ac
1915 1357 2065 1413 frau-

406 1461 429 1477 ·
484 1450 645 1516 dem,
700 1448 902 1518 injecto
952 1449 1008 1503 in
1058 1463 1122 1504 os
1178 1448 1459 1519 capistro,
1507 1463 1572 1503 ac
1618 1449 1767 1505 velut
1824 1450 2062 1522 quodam

483 1537 639 1594 freno
673 1547 997 1601 coercetur;
1028 1553 1096 1593 ne
1116 1538 1278 1604 hanc,
1317 1537 1565 1607 inquam,
1595 1538 1904 1610 negligens,
1929 1540 2065 1595 obli-

483 1631 647 1686 vione
693 1630 1004 1701 praeterisse
1044 1629 1250 1691 videar,
1302 1643 1475 1699 pauca
1510 1629 1757 1699 quaedam
1793 1629 2059 1687 adversus
2096 1596 2136 1650 Β

482 1719 652 1785 illam,
698 1726 753 1775 et
806 1726 1060 1773 auctores
1106 1716 1249 1787 ejus,
1308 1716 1568 1772 Acacium
1616 1716 1906 1782 videlicet,
1954 1716 2061 1773 Eu-

480 1811 661 1867 zoium
688 1850 703 1876 ,
758 1808 1087 1881 Eutychium
1114 1846 1130 1871 ,
1180 1822 1246 1863 ac
1290 1817 1522 1863 caeteros
1565 1808 1761 1865 horum
1818 1811 2060 1866 asseclas

478 1900 765 1972 disputare
820 1902 972 1957 libet.
1029 1901 1357 1971 Quanquam
1410 1901 1555 1957 haud
1615 1901 1913 1958 obscurum
1953 1910 2057 1967 est,

478 2001 751 2065 quantum
787 1992 891 2048 ista
922 1991 1043 2048 fidei
1089 1991 1330 2048 formula
1361 1993 1613 2050 veritatis
1652 1994 1727 2050 sit
1772 1994 2060 2050 immutata

478 2086 773 2158 professio.
818 2084 1019 2141 Verum
1070 2101 1140 2141 ne
1180 2101 1278 2157 per
1317 2086 1647 2141 calumniam
1685 2087 1801 2142 haec
1836 2101 1867 2141 a
1899 2087 2060 2144 nobis

478 2177 751 2236 adversus
779 2179 904 2236 illos
926 2194 1050 2234 esse
1081 2179 1230 2235 dicta
1265 2180 1537 2251 quispiam
1572 2181 1888 2247 contendat,
1919 2198 2062 2253 quaa-

382 2280 393 2281 ’
477 2286 606 2326 nam
641 2272 753 2327 sint
792 2287 1087 2342 progressu
1130 2272 1394 2342 temporis
1434 2273 1489 2327 in
1527 2272 1634 2328 hoc
1676 2272 1797 2343 ipso
1839 2274 2057 2330 illorum

477 2362 719 2418 concilio
776 2362 1117 2434 deprehensa
1168 2378 1233 2419 ac
1279 2363 1574 2435 patefacta,
1604 2366 2055 2423 monstrabimus.

476 2453 557 2510 Ex
609 2455 714 2510 hoc
752 2455 901 2511 enim
949 2471 1112 2527 grege
1166 2455 1526 2512 Caesariensis
1576 2457 1817 2513 Euzoius
1857 2459 2061 2528 prodiit

476 2544 699 2600 illorum
730 2545 1061 2616 discipulus,
1106 2546 1199 2617 qui
1236 2555 1360 2618 post
1388 2547 1651 2603 Acacium
1682 2548 1731 2603 ei
1763 2547 1882 2605 sedi
1920 2563 2061 2618 prae-

474 2636 604 2701 fuit,
646 2652 770 2692 cum
810 2646 938 2694 ante
971 2636 1331 2695 Philumenus
1359 2652 1389 2692 a
1416 2638 1623 2712 Cyrillo
1662 2638 2059 2711 Hierosolymi-

473 2738 607 2787 tano
641 2730 696 2786 in
734 2732 825 2787 illa
860 2732 1193 2788 constitutus
1225 2731 1459 2799 fuisset;
1492 2747 1556 2789 ac
1585 2733 1784 2790 deinde
1820 2733 2059 2805 Cyrillus

475 2824 663 2879 senior
695 2824 895 2880 ibidem
928 2825 999 2880 ab
1027 2823 1298 2897 Eutychio
1338 2826 1684 2893 collocatus;
1732 2841 1798 2883 ac
1837 2826 2057 2882 demum

476 2912 731 2972 Gelasins
765 2917 834 2973 ab
859 2918 1064 2989 Cyrillo
1097 2917 1619 2990 Hierosolymitano,
1653 2921 1816 2989 cujus
1852 2920 2060 2976 sororis

477 3013 597 3061 erat
641 3006 810 3071 tilius,
852 3024 1049 3066 rursus
1095 3018 1246 3066 esset
1288 3010 1606 3081 impositus.
1655 3010 1795 3067 Cum
1825 3012 1971 3068 enim
2002 3012 2058 3067 hi

475 3106 589 3155 tres
617 3098 730 3154 illic
760 3100 997 3156 ordinati
1038 3101 1250 3168 forent,
1305 3110 1360 3159 et
1387 3104 1459 3159 ob
1489 3110 1712 3160 mutuas
1744 3104 2056 3161 simultates

478 3191 748 3262 dignitate
803 3196 1136 3259 cessissent,
1191 3198 1541 3267 postmodum
1586 3196 1824 3253 Euzoius
1874 3196 2059 3254 sedem

478 3282 628 3339 illam
660 3285 917 3340 obtinuit.
956 3284 1033 3341 Ex
1061 3286 1267 3344 eisdem
1291 3289 1400 3345 illis
1434 3296 1490 3346 et
1523 3289 1861 3348 Gemellinus
1890 3291 2063 3347 exsti-

478 3376 566 3430 tit.
633 3376 872 3434 Indidem
933 3387 988 3435 et
1043 3378 1331 3451 Philippus
1389 3383 1898 3454 Scythopolitanus,
1942 3401 2065 3442 nec-

476 3483 587 3523 non
634 3476 689 3526 et
737 3470 1075 3529 Athanasius
1102 3471 1630 3546 'Scythopolitanus.
1684 3477 1791 3543 Qui
1841 3478 2061 3549 quidem

478 3577 590 3618 non
627 3564 864 3629 occulte,
890 3566 985 3622 sed
1027 3567 1207 3637 palam
1252 3575 1308 3623 et
1330 3568 1616 3637 audacter,
1647 3571 1796 3626 velut
1841 3572 2063 3627 bonita-

482 3655 554 3710 tis
578 3658 762 3713 omnis
787 3666 1065 3728 expertes,
1096 3674 1208 3715 non
1237 3660 1355 3715 Arii
1390 3662 1567 3717 solum
1599 3660 1818 3718 decreta
1842 3663 2061 3727 docent,

481 3745 579 3802 sed
602 3755 655 3802 et
679 3763 835 3804 suam
858 3750 1105 3819 ipsorum
1134 3760 1487 3824 propugnant
1532 3755 1765 3812 hzeresin
1832 3770 1897 3810 ac
1927 3756 2065 3811 veri-

480 3838 612 3893 tatis
662 3838 1013 3909 professores
1068 3842 1461 3916 inseqnuntur.
1509 3844 1660 3912 Quos
1718 3861 1828 3901 non
1878 3846 2063 3903 verbis

482 3930 648 3986 modo
664 3931 915 3988 nituntur
935 3943 1202 4001 evertere,
1222 3936 1314 3992 sed
1341 3946 1397 3991 et
1416 3936 1711 3993 hostilibus
1732 3936 2059 4003 inimicitiis,

481 4034 548 4075 ac
580 4020 737 4079 bellis
774 4022 1075 4090 lacessunt,
1106 4036 1162 4083 et
1190 4028 1249 4082 in
1278 4037 1443 4084 rectae
1472 4028 1598 4085 ﬁdei
1626 4036 1930 4087 sectatores
1954 4030 2065 4101 gla-

2175 339 2352 393 ταῦθα
2373 339 2594 401 τούτους
2625 339 2751 401 τοὺς
2784 338 3219 408 προειρημένους
3252 336 3613 407 Ἦμιαρείους
3640 337 3731 389 ἀνι-

2176 436 2419 503 τρέπειν,
2460 433 2555 484 καὶ
2588 432 2715 495 τοὺς
2760 431 2858 483 ἀπ’
2906 430 3088 484 αὐτῶν
3125 430 3450 499 σχίσαντας,
3491 428 3614 489 τοὺς
3641 434 3731 499 περὶ

2190 525 2441 579 Ἀκὰκιον
2480 524 2573 577 καὶ
2628 523 2754 586 τοὺς
2798 522 2995 586 ἄλλους
3044 522 3173 585 τοὺς
3211 520 3555 592 ὲκθεμένους
3600 522 3649 573 ἐν
3683 526 3726 591 τῆ

2175 616 2464 686 Σελευκείᾳ
2514 619 2614 685 τῆς
2658 614 2930 686 Ἰσαυρίας
2983 614 3180 685 ἑτέραν
3228 613 3422 666 πίστιν
3476 611 3623 680 παρὰ
3662 614 3727 681 τὴ.

2172 709 2271 778 τῆς
2306 706 2584 777 ἀληθείας,
2611 707 2678 777 ἢν
2708 707 2801 760 καὶ
2825 705 2994 775 αὐτὴν
3016 706 3115 776 τὴν
3142 704 3202 769 ἐξ
3233 704 3425 758 αὐτῶν
3458 702 3727 757 ἐκτεθεῖσιν

2173 804 2250 866 εἰς
2306 800 2538 872 φανερὸν
2585 798 2895 869 βουλόμενοι
2952 796 3315 867 καταστῆσαι,
3376 795 3585 864 ὁμοίως
3627 802 3727 865 μετὰ

2170 894 2270 964 τὴν
2307 892 2586 947 Βασιλείου
2630 890 2965 962 Ἀγκυρηνοῦ
2997 890 3093 943 καὶ
3138 887 3424 959 Γεωργίου
3460 886 3556 939 τοῦ
3581 889 3727 941 Anni:-

2171 983 2332 1048 κέως,
2387 985 2450 1036 ὲκ
2504 983 2797 1052 προσώπου
2850 981 2987 1035 ὅλων
3015 979 3424 1052 γεγραμμένην
3468 980 3639 1031 πᾶσαν
3663 997 3726 1031 τε·

2169 1072 2328 1135 λείως
2377 1071 2775 1144 προετάξαμεν.
2818 1072 2938 1125 Ἵνα
2974 1071 3030 1124 δὲ
3062 1071 3158 1123 καὶ
3192 1068 3409 1138 ταύτην
3451 1066 3553 1137 τὴν
3582 1070 3723 1139 κρυῂ

2172 1163 2273 1234 μὲν
2304 1163 2374 1217 τὰ
2402 1164 2551 1218 δεινὰ
2577 1162 2973 1235 ἐργαζομένην,
3012 1163 3179 1234 φιμὸν
3205 1162 3261 1215 δὲ
3292 1162 3392 1214 ἐπὶ
3433 1160 3515 1229 τῷ
3544 1162 3723 1229 στόματι

2167 1256 2460 1320 λαϐοῦσαν,
2510 1258 2698 1328 ὥσπερ
2738 1256 2828 1310 διὰ
2876 1255 3237 1327 χαλινοῦοδιὰ
3276 1253 3375 1307 τὸν
3427 1250 3614 1322 καιρὸν
3651 1255 3726 1321 τῆς

2165 1348 2530 1421 ὑποκρίσεως,
2556 1347 2629 1419 μὴ
2660 1350 2718 1402 ἐν
2770 1347 3008 1420 δευτέρῳ
3038 1346 3266 1418 θέμενος
3303 1343 3452 1409 δόξω
3498 1344 3598 1406 ὡς.
3616 1348 3723 1398 κατὰ

2164 1441 2337 1513 λήθην
2384 1440 2545 1495 τοῦτο
2577 1441 2960 1513 πεποιηκέναι,
2989 1439 3128 1506 λέξω
3169 1439 3266 1493 κα)⁵
3296 1438 3466 1505 ὀλίγα
3509 1436 3633 1506 πρδς
3656 1439 3723 1489 αὖε

2162 1533 2265 1608 τὴν
2298 1535 2392 1589 καὶ
2420 1535 2546 1599 τοὺς
2578 1533 2749 1606 αὐτὴν
2781 1533 3129 1605 ὲκθεμένους,
3165 1532 3303 1604 πρὸς
3336 1532 3475 1594 τοὺς
3511 1547 3723 1601 προειρη-

2172 1624 2364 1699 μένους
2392 1627 2521 1695 περί⁹
2572 1625 2849 1687 ’Δκάκιον,
2890 1624 2985 1679 καὶ
3032 1622 3295 1689 Εύζώῖον,
3331 1623 3435 1676 καὶ
3478 1621 3719 1691 Εὐτύχιεν,

2169 1721 2263 1773 καὶ
2300 1718 2429 1784 τοὺς
2474 1716 2685 1781 ἄλλους.
2726 1716 2839 1771 Καὶ
2886 1716 3097 1788 φανερὰ
3136 1716 3237 1785 μὲν
3292 1716 3446 1769 ἔστιν
3484 1714 3518 1783 η
3552 1712 3719 1774 εκθεςις

2167 1813 2201 1884 ἡ
2234 1812 2593 1885 προκειμένη,
2644 1808 2984 1865 ἀλλοιώσασα
3020 1808 3122 1879 τὴν
3154 1805 3457 1879 ὁμολογίαν
3484 1804 3581 1874 τῆς
3621 1804 3721 1871 ἁλη-

2168 1905 2316 1970 θείας
2341 1920 2355 1935 ·
2388 1905 2476 1960 ἵνα
2522 1905 2575 1960 δὲ
2634 1904 2708 1975 μή
2756 1920 2905 1967 τινες
2949 1902 3147 1956 εἴπωσι
3191 1900 3336 1955 κατὰ
3396 1898 3718 1967 συκοφαπίεν

2170 1997 2309 2070 πρὸς
2340 1996 2566 2061 τούτους
2596 1997 2744 2068 ἡμᾶς
2792 1994 3095 2068 εἰρηκέναι,
3126 1993 3401 2063 δείξωμεν
3451 1990 3489 2045 ἃ
3535 1989 3719 2059 «906n-

2166 2091 2365 2156 νόντων
2395 2088 2504 2144 τῶν
2532 2088 2740 2161 χρόνων
2772 2085 2930 2159 ὤφθη
2974 2086 3071 2139 καὶ
3117 2082 3351 2155 φωράθη
3385 2083 3449 2135 ὲν
3477 2082 3543 2151 τῇ
3574 2098 3717 2151 πρειο

2171 2182 2380 2257 ρημένῃ
2429 2182 2541 2236 τῶν
2593 2179 2771 2234 αὐτῶν
2825 2178 3050 2250 συνόδῳ.
3122 2176 3213 2242 Ἐξ
3267 2175 3459 2230 αὐτῶν
3507 2174 3609 2243 γὰρ

2167 2274 2326 2341 ζώῖος
2359 2274 2472 2345 (69)
2506 2273 2535 2327 ὁ
2582 2276 2640 2328 ἐν
2678 2272 3011 2344 Καισαρείᾳ,
3045 2269 3295 2341 μαθητὴς
3328 2266 3557 2321 ἐκείνων
3583 2266 3718 2335 ὑπάρ-

2166 2386 2297 2440 χων,
2338 2368 2388 2421 εί
2417 2368 2512 2422 καὶ
2536 2365 2629 2422 τὸν
2672 2365 2927 2420 Ἀκάκιον
2952 2361 3223 2428 διεδέξατο
3254 2360 3400 2433 μετὰ
3429 2359 3717 2413 κατάστασιν

2164 2458 2493 2530 Φιλουμένου
2538 2456 2632 2510 τοῦ
2687 2457 2797 2510 ὑπὸ
2841 2454 3114 2527 Κυρίλλου
3165 2451 3260 2507 τοῦ
3330 2449 3715 2523 Ἱεροσολυμίτου

2165 2550 2622 2613 κατασταθέντος.
2657 2549 2752 2603 καὶ⁵
2795 2548 2935 2620 μετὰ
2982 2548 3318 2602 κατάστασιν
3358 2542 3622 2615 Κυρίλλου
3648 2540 3715 2593 τοῦ

2164 2645 2441 2717 γέροντος,
2481 2642 2576 2698 τοῦ
2621 2642 2731 2696 ἀπὸ
2763 2642 2872 2697 τῶν
2908 2640 3039 2712 περὶ
3093 2639 3359 2709 Εὐτύχιον
3395 2633 3716 2690 κατασταθέν-

2165 2756 2276 2804 τος,
2298 2738 2403 2792 ’καὶ
2453 2736 2592 2809 μετὰ
2621 2736 2957 2791 κατάστασιν
2992 2734 3251 2788 Γελασίου
3292 2730 3391 2785 τοῦ
3424 2728 3529 2783 ὑπὸ
3560 2726 3717 2797 Κυρῖλ-

2166 2832 2258 2885 λου
2310 2826 2467 2894 αὖθις
2514 2830 2608 2884 τοῦ
2671 2828 3100 2900 Ἱεροσολυμίτου
3167 2822 3616 2884 κατασταθέντος.
3655 2817 3717 2881 Ἐξ

2164 2923 2404 2993 ἀδελφῆς
2430 2922 2539 2995 γὰρ
2594 2921 2759 2978 αὐτοῦ
2803 2922 3090 2991 ἐτύγχανε.
3145 2914 3607 2972 Κατασταθέντων
3636 2911 3716 2979 γὰρ

2162 3015 2274 3070 τῶν
2303 3015 2491 3087 τριῶν,
2521 3015 2618 3070 καὶ
2649 3012 3015 3086 ἁργησάντων
3044 3010 3133 3066 διὰ
3176 3008 3275 3081 τὴν
3309 3008 3451 3080 πρὸς
3498 3004 3716 3075 sum»;

2165 3107 2303 3179 ἔριν,
2336 3102 2492 3172 αὖθις
2526 3108 2555 3160 ὁ
2590 3103 2988 3179 προειρημένος
3021 3101 3261 3168 negato;
3288 3098 3609 3166 κατεστάθη.
3653 3095 3717 3158 ’Ἐξ

2166 3198 2347 3252 αὐτῶν
2395 3192 2490 3252 οῦν
2536 3198 2630 3251 καὶ
2680 3195 3003 3267 Γεμελλῖνος
3037 3192 3318 3263 ὑπῆρχεν
3366 3189 3430 3254 ἐξ
3467 3187 3632 3242 αὐτῶν
3653 3184 3717 3236 ὑί.

2168 3290 2369 3355 λιππος
2426 3290 2455 3342 ὁ
2514 3285 2950 3358 Σκυθοπολίτης·
3006 3283 3067 3349 ἐξ
3116 3281 3297 3338 αὐτῶν
3365 3275 3715 3338 Ἀθανάσιοςὸ

2167 3382 2598 3453 Σκυθοπολίτηςο
2647 3381 2845 3444 οἵτινες
2902 3379 3003 3433 οὐκ
3058 3379 3117 3432 ὲν
3165 3377 3375 3449 κρυερῇ,
3440 3371 3570 3428 ἀλλὰ
3612 3367 3715 3441 μετὰ

2166 3474 2501 3548 παρρησίας,
2552 3474 2629 3538 ὼς
2673 3471 3224 3544 ἀπειραγαθὴσαντες
3275 3469 3315 3531 ί,
3367 3468 3432 3522 ού
3491 3463 3634 3531 μόνον
3665 3458 3714 3511 τι

2180 3567 2388 3640 Ἀρείου
2435 3567 2802 3629 διδάσκουσιν,
2851 3564 2963 3619 ἀλλ’
3005 3561 3386 3635 ὑπερμαχοῦσν
3435 3560 3531 3630 τῆς
3574 3551 3713 3611 eis?"

2170 3661 2454 3733 αἱρέσεως,
2499 3660 2596 3716 καὶ
2639 3660 2765 3723 τοὺς
2802 3658 2902 3731 τὴν
2932 3657 3191 3729 ἀλήθειαν
3236 3656 3580 3715 διδάσκοντας
3618 3648 3709 3702 διώ-

2172 3771 2381 3819 κουσιν,
2421 3755 2606 3807 οὐκέτι
2642 3754 2822 3822 λόγοις
2869 3751 3185 3823 βουλόμενοι
3230 3748 3575 3821 ἀνατρέπειν,
3609 3742 3708 3795 ἀλλᾶ

2171 3850 2268 3901 καὶ
2310 3849 2576 3921 ἐχθρίαις,
2606 3848 2699 3901 καὶ
2733 3845 3012 3918 πολέμοις,
3060 3844 3157 3899 καὶ
3191 3842 3489 3915 μαχαίραις
3523 3835 3705 3907 παραδι-

2167 3939 2353 4003 δόντες
2390 3941 2515 4004 τοὺς
2546 3938 2721 4012 ὀρθῶς
2753 3936 3127 4000 πιστεύοντας.
3180 3935 3376 4006 Δύμην
3410 3933 3513 4003 γὰρ
3553 3928 3606 3981 οὗ
3636 3924 3705 3995 ιιιᾷ

2170 4033 2324 4086 πόλει
2357 4033 2452 4086 καὶ
2483 4031 2637 4106 χώρᾳ
2674 4032 3020 4104 εἰργάσαντο,
3050 4028 3187 4083 ἀλλὰ
3230 4027 3474 4089 πολλαῖς.

478 4114 591 4173 diis
625 4118 792 4175 etiam
823 4120 1285 4179 animadvertunt.
1331 4121 1444 4179 Nec
1492 4123 1639 4179 enim
1684 4124 1741 4179 in
1802 4140 1911 4180 una
1953 4125 2223 4181 duntaxat
2276 4129 2521 4194 civitate,
2578 4128 2663 4183 vel
2709 4125 3028 4197 provincia,
3098 4123 3190 4180 sed
3251 4122 3308 4178 in
3351 4120 3611 4193 plerisque
3636 4127 3703 4167 ne-

480 4212 619 4271 farie
646 4216 895 4272 bacchati
922 4226 1071 4275 sunt.

552 4306 722 4376 886
760 4304 1049 4365 XXXVIII.
1090 4308 1409 4378 Cuiusmodi
1445 4310 1651 4367 Lucius
1689 4313 1780 4368 ille
1825 4313 1947 4378 fuit,
1975 4315 2068 4384 qui

2250 4314 2379 4367 AH'.
2415 4315 2436 4345 ’
2460 4312 2689 4376 Λούκιος
2718 4302 2893 4375 οὗτος,
2927 4311 2956 4362 ὁ
2988 4310 3045 4364 ὲν
3101 4305 3478 4377 Ἀλεξανδρείᾳ
3521 4297 3704 4355 τοσαῦτα

481 4393 831 4452 Alexandriae
859 4398 1126 4458 adversus
1152 4416 1270 4467 eos,
1307 4403 1402 4473 qui
1437 4403 1505 4459 de
1541 4405 1632 4459 Dei
1678 4402 1815 4458 Filio
1847 4419 1972 4460 vera
2008 4420 2067 4459 ac

2180 4408 2556 4478 ἐργασάμενος
2593 4409 2673 4470 είς
2715 4405 2841 4469 τοὺς
2893 4401 3286 4473 ὁμολογοῦντας
3339 4399 3434 4452 τὸν
3481 4396 3592 4450 Υίδν
3632 4388 3699 4442 τοῦ

482 4486 703 4543 sincera
758 4490 1191 4560 profitebantur,
1255 4501 1364 4548 tam
1415 4494 1687 4550 horrenda
1746 4504 1803 4551 et
1860 4498 2069 4552 atrocia

483 4581 711 4640 molitus
766 4591 871 4640 est.
933 4583 1105 4656 Igitur
1144 4587 1272 4658 quis
1327 4586 1559 4642 istorum
1614 4589 1945 4655 sodalitium,
2006 4605 2071 4645 ac

485 4671 805 4740 factionem,
836 4676 929 4745 qui
963 4676 1184 4748 quidem
1223 4677 1407 4733 divina
1459 4678 1726 4749 sapientia
1762 4680 1835 4735 sit
1872 4681 2068 4749 prmdi-

486 4774 599 4831 tus,
632 4782 741 4822 non
783 4768 836 4823 in
859 4767 979 4825 dies
1007 4771 1296 4841 agnoscit?
1324 4770 1793 4838 Quemadmodum
1824 4784 2067 4830 creattnn

483 4873 610 4915 esse
644 4859 739 4916 Del
767 4859 989 4927 Filium,
1023 4877 1090 4918 ac
1127 4872 1370 4919 creatum
1399 4864 1662 4936 Spiritum
1693 4875 1963 4931 sanctum,
2004 4883 2069 4924 ac

566 5015 581 5046 ¹
628 5012 688 5073 F.
714 5017 1249 5093 ἀνδραγαθήσαντες.
1327 5023 1346 5051 ¹
1386 5023 1549 5079 Deest
1580 5023 1789 5095 ὥσπερ.

565 5174 674 5241 (60)
728 5175 831 5239 Ἐξ
864 5172 1064 5228 αὐτῶν
1099 5174 1211 5243 γὰρ
1251 5173 1522 5243 Εὺζὼϊιης.
1562 5176 1920 5235 Caesariensis
1965 5176 2068 5233 iste

489 5250 611 5299 κατ’
637 5244 1040 5315 ἀντιδιαστο).ήν
1072 5244 1294 5306 dicitur.
1318 5256 1380 5300 ut
1406 5247 1476 5301 ab
1504 5249 1676 5301 altero
1699 5250 2066 5313 discernatur,

492 5320 585 5383 qui
615 5332 738 5369 cum
764 5317 1032 5371 diaconus
1047 5316 1427 5376 Alexandrinae
1450 5326 1597 5373 esset
1626 5317 1909 5382 Ecclesiae,
1943 5334 2067 5374 cum

494 5388 624 5439 Arin
670 5387 883 5455 pnisus,
913 5396 1101 5455 postea
1141 5389 1541 5443 Antiochenam
1588 5389 1782 5443 sedem
1804 5390 2066 5444 obtinuit.

497 5456 949 5527 Attlalsarieusis
976 5458 1174 5511 Acacio
1209 5459 1513 5514 succedens
1544 5475 1920 5515 successorem
1955 5460 2070 5527 ipse

498 5525 773 5578 (lclasium
809 5527 1030 5590 habuit,
1062 5538 1123 5580 ut
1168 5528 1387 5583 Hieron.
1422 5530 1516 5583 lib.
1556 5530 1629 5583 De
1667 5534 1853 5596 script.
1882 5525 2065 5583 cccles.

498 5603 750 5649 testatur.
785 5596 904 5661 Quo
958 5597 1013 5653 in
1067 5600 1206 5653 libro
1247 5599 1433 5655 Euzoii
1471 5602 1688 5666 insuper
1746 5602 1901 5657 istius
1955 5616 2069 5656 mc-

2175 4497 2313 4551 Θεοῦ
2340 4498 2398 4551 ὲν
2439 4497 2686 4569 ἀληθείᾳ.
2729 4497 2795 4550 Ἦ
2832 4496 2889 4548 δὲ
2920 4493 3100 4548 αὐτῶν
3142 4490 3344 4562 φατρία
3378 4488 3496 4543 καθ’
3520 4484 3701 4549 ἑκάστην

2178 4593 2395 4664 ἡμέραν
2445 4591 2551 4644 τίνι
2606 4589 2715 4644 τῶν
2769 4587 2982 4643 σύνεσιν
3027 4584 3164 4639 Θεοῦ
3212 4584 3444 4655 ἐχόντων
3494 4581 3581 4635 οὐκ
3616 4577 3698 4629 ἔστι

2175 4684 2346 4754 δήληὲ
2376 4681 2452 4746 ὡς
2479 4681 2715 4753 δημοσίᾳ
2748 4678 3077 4751 κηρύττουσι
3114 4676 3330 4730 κτιστὸν
3384 4674 3480 4746 μὲν
3506 4671 3584 4724 τὸν
3607 4665 3699 4719 Υίὺν

2177 4776 2269 4829 τοῦ
2301 4774 2458 4840 Θεοῦ,
2493 4774 2706 4829 κτιστὸν
2736 4773 2792 4826 δὲ
2820 4772 2915 4827 καὶ
2944 4770 3007 4826 τὸ
3032 4772 3185 4839 ἅγιον
3215 4767 3460 4838 Πνεῦμα,
3481 4763 3564 4818 καὶ
3586 4755 3697 4812 ἀλλό-

2176 4885 2325 4938 τριον
2374 4866 2689 4920 παντάπασι
2732 4865 2834 4937 τῆς
2884 4862 2979 4918 τοῦ
3017 4861 3151 4917 Θεοῦ
3203 4860 3412 4923 οὐσίας.
3473 4855 3589 4925 Περὶ
3620 4850 3695 4916 γάρ

2166 5174 2345 5237 minit,
2396 5188 2631 5243 cumque
2686 5171 2882 5243 scribit
2942 5184 3067 5225 cum
3092 5167 3688 5243 Δ(Ηίθεοι-ἰο-Ῑςιιιιὶτιιηςῐιθ

2168 5244 2460 5316 'I‘hespesii
2486 5239 2727 5298 rhetoris
2752 5242 3058 5316 auditorem
3080 5239 3344 5316 Caesarem
3359 5240 3549 5316 fuisse:
3573 5239 3688 5300 cujus

2168 5310 2730 5383 urbis'episc0patum
2782 5312 3035 5383 adeptus,
3068 5310 3305 5383 plurimo
3351 5311 3519 5364 labore
3551 5316 3686 5383 corri-

2167 5397 2310 5454 ptam
2345 5374 2711 5440 bibliothecam
2759 5374 3002 5453 Origeuis
3026 5374 3383 5454 ret‘Pamphili
3409 5383 3457 5433 in
3486 5374 3683 5454 mleqle

2169 5444 2249 5510 uis
2280 5458 2583 5510 instaurare
2613 5464 2833 5509 conatus
2858 5444 2940 5506 'est
2968 5468 2985 5504 :
3029 5450 3099 5503 ad
3127 5444 3419 5505 extremum
3455 5448 3535 5503 sub
3562 5444 3681 5499 Theo-

2169 5528 2315 5582 dosio
2350 5528 2586 5597 principe
2623 5525 2858 5579 Ecclesia
2889 5521 3071 5592 pulsus
3103 5530 3200 5574 est.
