3798 6212
196 228 284 286 $73

832 226 1202 283 ADVERSUS
1234 226 1578 282 llA’iRESES
1616 226 1725 282 LIB

1897 223 2067 286 'TOM.
2110 229 2243 284 l.—
2281 229 2556 286 liAZRES.
2597 228 2827 290 LXXIV.

3335 240 3438 299 £74

193 355 308 412 τὺνί
342 351 463 423 περὶ
495 347 764 414 Εὑδόξιον,
811 350 994 416 agrson
1029 350 1090 404 τὸ
1134 350 1284 414 τέλος
1315 349 1617 421 ἀπείληφεν
1652 352 1730 404 αί-

1897 351 1939 406 ei
1985 351 2294 408 substantia
2329 351 2568 408 alienum
2614 355 2828 424 publice
2866 359 3160 428 praedicare
3191 378 3302 420 non
3335 366 3438 422 du.-

192 446 348 520 οχρῶς
376 445 403 496 ό
440 440 712 514 Γεώργιος
741 442 826 494 ἐπ’
875 441 1305 523 Ἀλεξανδρείας,
1349 442 1442 496 καὶ
1482 442 1551 495 τὰ
1589 460 1746 515 πρω-

187 543 289 596 τεῖα
317 535 546 602 ἐδέξατο,
567 533 662 587 καὶ
684 533 751 587 τὰ
776 532 905 602 φίλα
930 533 1066 604 πρὸς
1095 533 1192 605 τὴν
1217 535 1336 586 κατ’
1359 533 1552 606 ἐξοχὴν
1580 529 1746 588 οὖσαν

187 628 429 698 ἐξουσίαν.
464 624 714 690 Bassam;
746 623 820 677 ὢν
863 624 970 677 ἀπὸ
992 626 1013 655 ¹
1039 624 1146 678 τῶν
1187 624 1316 697 περὶ
1362 625 1621 679 ’Υπάτιον
1652 627 1746 680 καὶ

184 723 424 792 Εὐνόμιον
456 718 601 783 ἔδοξε
633 717 723 771 διά
746 734 867 771 τινα
896 717 1136 788 θωπείαν
1162 717 1245 783 ,ὡς
1284 717 1660 790 ἐλεγχόμενος,
1681 719 1742 774 ού

181 817 390 872 διέλειπε
420 813 487 866 τὰ
529 811 629 884 μὲν
660 809 768 863 τῶν
817 810 1114 882 Ἀνομοίων
1161 811 1412 884 φρονῶν,
1451 811 1746 884 ἐπικρυὸό-

184 925 326 981 μενος
352 905 431 970 δὲ,
465 904 559 967 οὒς
593 902 862 974 ὲξὼρισάν
903 919 1033 957 ποτε
1071 903 1161 958 διὰ
1201 903 1301 974 τὴν
1345 903 1604 975 τοιαύτην
1646 903 1742 958 τοῦ

179 999 436 1074 βαράθρου
466 995 748 1068 ἐξήγησιν,
769 995 934 1060 αὐτὸς
956 997 1034 1060 είς
1065 995 1350 1067 προκοπὴν
1383 994 1606 1066 ἀγαγὼν
1637 999 1742 1068 Δη-

182 1092 406 1165 μόφιλον,
439 1089 717 1156 ’Υπάτιον,
757 1088 1046 1160 Εὐνόμιον,
1071 1089 1198 1152 τοὺς
1229 1087 1434 1143 Ἀετίου
1469 1087 1741 1160 μαθητὰς,

176 1183 262 1238 τοῦ
296 1181 658 1255 ἑξορισθέντος
691 1179 822 1234 ποτὲ
859 1182 939 1244 είς
978 1178 1046 1233 τὰ
1076 1179 1169 1234 τοῦ
1197 1179 1411 1252 Ταύρου
1449 1179 1612 1254 μέρη,
1646 1178 1740 1234 τοῦ

177 1275 270 1331 ὑπὸ
303 1275 572 1346 Γεωργίου
604 1273 699 1326 τοῦ
734 1271 1132 1343 Ἀλεξανδρέως
1164 1271 1279 1340 (70)
1311 1271 1743 1335 κατασταθέντος

172 1366 438 1422 διακόνου·
485 1367 546 1432 ἐξ
594 1357 768 1436 οὗπερ
815 1365 850 1434 η
902 1363 1011 1417 τῶν
1065 1362 1359 1435 Ἀνομοίων
1401 1361 1542 1434 ἐφύη
1591 1362 1738 1433 ῥίζα,

175 1461 290 1532 μιᾶς
320 1459 418 1530 μὲν
463 1455 803 1520 ἀκανθώδους
846 1453 1013 1526 οὔσης
1055 1456 1152 1508 καὶ
1200 1455 1300 1526 τῆς
1347 1455 1518 1527 αὐτῆς
1562 1455 1738 1527 ῥίζης,

169 1551 426 1622 διαφόρως
449 1549 524 1613 δὲ,
547 1548 623 1612 ὡς
653 1547 746 1604 ἐπὶ
777 1547 1016 1618 ἑκάστης
1059 1545 1301 1617 ἀκάνθης
1343 1545 1412 1601 τὰ
1443 1546 1738 1618 σχίσματα,

168 1645 298 1698 οῦτω
325 1642 419 1696 καὶ
441 1643 472 1711 ἡ
504 1640 707 1694 τούτων
736 1639 994 1710 κακόνοια
1019 1638 1194 1704 ἄλλως
1219 1638 1408 1694 ἄλλοτε
1438 1639 1531 1692 καὶ
1551 1637 1738 1692 ἄλλοτε

1844 442 2040 498 bitent.
2116 442 2253 497 Nam
2307 443 2456 513 quod
2498 444 2567 499 ad
2612 443 2920 503 Eudoxium
2963 453 3179 519 attinet,
3224 471 3254 510 a
3325 471 3438 527 quo

1848 541 2096 604 tempore
2153 531 2423 606 Georgius
2476 535 2821 593 Alexandriae
2881 542 3262 612 turpissimum
3310 547 3438 602 vitm

1845 627 2054 682 exitum
2103 627 2332 682 sortitus
2377 637 2482 692 est,
2527 642 2652 684 cum
2689 630 2990 702 principem
3045 632 3204 691 facile
3255 637 3436 693 locum

1846 719 2104 785 obtinuit,
2147 729 2259 775 tum
2296 720 2438 792 apud
2488 735 2604 785 eos,
2647 737 2812 792 penes
2833 739 2971 795 quos
3005 741 3280 781 summum
3327 729 3435 783 iui-

1846 813 2056 883 perium
2089 822 2197 872 est.
2231 813 2408 884 gratia
2442 825 2497 869 et
2537 801 2862 871 auctoritate
2905 813 3112 873 ﬂoruit.
3155 818 3436 875 Eudoxius

1844 907 2012 978 igitur
2042 923 2109 962 ex
2144 905 2343 979 Hypati
2369 918 2422 963 et
2477 906 2730 962 Eunomii
2759 925 2945 979 grege,
2973 917 3032 962 ut
3071 925 3130 966 se
3181 910 3248 965 ad
3296 922 3434 967 tem-

1845 1015 1948 1070 pus
1995 1000 2392 1064 accommodet,
2446 1001 2732 1057 conviclus
2777 1003 3079 1072 praesertim
3139 1017 3204 1058 ac
3249 1019 3436 1075 repre-

1843 1089 2074 1156 hensus,
2131 1093 2527 1149 Anomteorum
2585 1093 2838 1165 dogmata
2889 1095 3271 1166 nihilominus,
3337 1099 3434 1154 sed

1843 1187 2057 1240 occulte
2098 1199 2163 1238 ac
2196 1184 2609 1242 dissimulanter
2657 1189 2901 1252 retinuit,
2935 1196 3048 1242 tum
3083 1204 3222 1260 quos
3251 1190 3320 1245 ob
3347 1189 3432 1244 al—

1842 1278 2115 1334 tissimam
2146 1279 2293 1334 illam
2339 1279 2640 1350 impietatis
2668 1282 2980 1352 voraginem
3020 1283 3314 1353 aliquando
3344 1299 3432 1340 re-

1841 1370 2178 1441 legaverant,
2213 1371 2280 1427 ad
2330 1371 2628 1442 potentiam
2660 1374 2861 1438 evexit,
2897 1373 3303 1445 Deumphilum,
3341 1377 3430 1430 in-

1841 1475 2028 1532 quam,
2056 1459 2373 1532 Hypatium,
2399 1461 2747 1530 Eunomium,
2769 1464 3066 1521 illiusAetii
3093 1465 3427 1536 discipulos:

1841 1553 1937 1622 qui
1986 1567 2016 1606 a
2055 1551 2290 1625 Georgio
2334 1554 2706 1611 Alexandrino
2749 1556 3016 1613 diaconus
3054 1559 3340 1614 ordinatus
3371 1559 3430 1614 in

1841 1641 2024 1700 Tauro
2063 1645 2369 1715 subjectam
2408 1647 2685 1718 regionem
2723 1648 3040 1719 deportatus
3079 1659 3164 1707 est
3200 1669 3214 1706 :
3257 1667 3288 1705 a
3320 1666 3431 1722 quo

166 1737 328 1799 ἄλλως
385 1733 456 1787 τὰ
508 1731 1182 1805 παρερμηνεύματα-τῆς
1221 1730 1513 1795 κακοδόξω
1576 1730 1729 1803 αίρέ·

1897 1751 2225 1792 nomteorum
2262 1739 2418 1810 origo
2450 1740 2728 1807 manavit;
2771 1742 2909 1797 adeo
2951 1752 3011 1797 ut
3066 1759 3174 1798 una
3209 1744 3428 1814 quidem

169 1846 293 1890 σεως
325 1827 419 1880 ἐπὶ
454 1825 514 1878 τὸ
557 1827 737 1896 χεῖρον
757 1823 1147 1898 ’προκόπτοντα
1178 1822 1280 1893 τὴν
1309 1822 1489 1895 λύμην
1529 1824 1608 1895 τῷ
1638 1823 1738 1895 βίῳ

167 1921 408 1993 ὲξήμεσε,
439 1917 533 1972 καὶ
561 1916 638 1981 ὡς
667 1914 896 1986 ὕστερον
932 1908 1061 1986 περϊ
1100 1914 1292 1968 τούτου
1327 1915 1422 1969 τοῦ
1456 1915 1736 1987 Ἀνομοίου

166 2013 312 2068 πάλιν
333 2010 588 2083 ἐροῦμεν.
608 2007 699 2086 κΤὰ
729 2007 786 2061 δὲ
808 2003 904 2060 νῦν
935 2005 1040 2070 ἕως
1072 1999 1176 2060 ὧδε
1198 2006 1378 2070 καλῶς
1411 2006 1554 2079 ἔχειν
1581 2006 1738 2078 νομί-

164 2120 360 2169 σαντες,
386 2103 483 2156 καὶ
507 2100 698 2172 ὥσπερ
726 2098 956 2172 ἑρπετὸν
984 2098 1158 2153 δεινὸν
1185 2099 1609 2171 ἀνατρέψαντες,
1639 2099 1737 2157 καὶ

162 2193 558 2266 παρωσάμενοι,
591 2190 968 2263 ἁνετρέψαμεν
1003 2190 1122 2262 μὲν,
1153 2191 1247 2245 καὶ
1273 2192 1618 2263 πατήσαντες
1645 2208 1735 2245 τεο

163 2286 355 2341 θνεῶτα
379 2283 822 2356 καταλείψωμεν,
857 2284 954 2338 καὶ
992 2284 1480 2356 παρεγκλίναντες,
1513 2287 1608 2340 ἐπὶ
1633 2287 1735 2351 τὰς

160 2378 277 2450 ἑξῆς
305 2378 660 2452 ὁρμήσωμεν,
687 2375 821 2430 Θεὸν
853 2375 1273 2459 ἐπικαλούμενοι
1308 2377 1573 2450 βοηθῆσαι
1597 2380 1732 2449 ἡμῖν

157 2468 403 2533 ὡσαύτως
435 2469 517 2532 είς
541 2468 604 2522 τὺ
631 2466 732 2539 τὴν
763 2465 1099 2535 ἐπαγγελίαν
1131 2465 1440 2539 πληρῶσαι.

1835 1838 1902 1879 ac
1935 1825 2202 1895 singulari
2241 1842 2307 1882 ex
2348 1828 2554 1893 radice,
2607 1831 2889 1900 spinarum
2941 1833 3138 1899 instar,
3192 1835 3429 1892 haereses

1833 1914 1943 1972 illa:
1971 1931 2164 1974 omnes
2197 1918 2615 1986 fruticaverint;
2653 1921 2749 1978 sed
2779 1924 2948 1980 variis
2993 1933 3178 1982 tamen
3222 1927 3426 1994 modis,

1836 2017 1900 2064 ut
1937 2010 2323 2080 inspinarum
2371 2012 2540 2069 ramis
2569 2027 2636 2070 ac
2667 2017 2930 2079 surculis,
2967 2017 3186 2076 illorum
3219 2020 3430 2092 impro-

1833 2101 1980 2159 bitas
2029 2104 2154 2162 aliis
2187 2105 2297 2160 alio
2325 2113 2574 2177 tempore
2603 2106 2828 2162 nefariae
2853 2109 3080 2166 haeresis
3105 2113 3426 2184 echgitatis

1834 2193 2390 2266 interpretationibus
2429 2204 2484 2252 et
2517 2189 2578 2252 in
2606 2198 2852 2256 deterius
2893 2202 3222 2273 progressis,
3259 2220 3427 2262 suum

1837 2287 1894 2343 in
1939 2288 2128 2344 orbem
2184 2297 2454 2344 terrarum
2503 2289 2738 2345 exitium
2787 2303 2854 2348 ac
2924 2293 3077 2350 virus
3151 2295 3426 2361 eﬂ'uderit,

1833 2379 2296 2450 quemadmodum
2349 2380 2420 2437 de
2477 2380 2582 2436 hac
2647 2381 2767 2453 ipsa
2831 2383 3223 2443 Anommorum
3279 2396 3428 2446 secta

1726 2519 1728 2522 ,
1832 2473 2029 2527 iterum
2076 2480 2267 2543 postea
2297 2472 2571 2529 dicemus.
2608 2473 2766 2530 Nune
2810 2484 2993 2532 autem
3043 2478 3111 2534 iis
3143 2495 3266 2550 qua:
3297 2495 3429 2560 sunt

159 2563 406 2618 hactenus
435 2559 1026 2627 dicta,contenti,cum
1056 2561 1206 2615 velut
1260 2560 1554 2616 immanem
1617 2564 1908 2633 quemdam
1962 2574 2272 2636 serpentem
2337 2567 2766 2624 exstinxerimus
2816 2583 2882 2623 ac
2925 2559 3422 2644 proﬂigaverimus,

158 2657 290 2712 hunc
319 2670 420 2710 nos
466 2654 842 2724 praeulcatum
893 2660 1282 2723 mortuumque
1329 2651 1725 2723 relinquamus,
1765 2665 1820 2712 et
1869 2657 1940 2712 ad
1977 2659 2085 2712 alia
2148 2657 2406 2714 conversi
2455 2666 2686 2714 caeteras
2738 2661 3122 2731 aggrediamur
3163 2663 3424 2746 haereses.

156 2751 241 2808 Dei
269 2765 368 2822 ope
406 2751 648 2822 primum
690 2747 934 2804 omnium
979 2749 1271 2812 advocata,
1304 2756 1365 2802 ut
1407 2756 1723 2818 susceptum
1760 2763 1900 2820 opus
1929 2749 1999 2806 ad
2031 2752 2240 2807 exitum
2272 2749 2578 2822 perducere
2615 2753 2914 2823 possimus.

405 2886 598 2941 ΚΑΤΑ
655 2883 1287 2940 ΠΝΕΥΜΑΤΟΜΑΧΩΝ
1318 2883 1455 2956 (71),
1503 2955 1510 2963 ,

156 3000 529 3069 Πεντηκοστὴ
556 2998 828 3069 τετάρτη,
856 3000 894 3068 ἠ
933 2997 1032 3052 καὶ
1071 2997 1416 3065 ἐπτακοστὴ
1453 2997 1724 3066 τετάρτη.

213 3116 287 3170 A'.
334 3115 471 3169 Ἀπὸ
499 3114 706 3168 τούτων
737 3112 847 3167 τῶν
880 3112 1214 3185 Ἦμιαρείων
1241 3111 1335 3166 καὶ
1375 3111 1484 3165 ἀπὺ
1516 3111 1731 3180 ὀρθοδό·

155 3207 248 3274 ξων
286 3207 459 3272 τινὲς,
486 3207 562 3270 ὡς
607 3207 812 3270 εἰπεῖν,
842 3205 1004 3277 τέρας
1032 3204 1144 3256 τισὶ
1179 3203 1201 3236 ³
1232 3203 1584 3275 γεννηθέντες
1630 3205 1728 3258 ἄν·

154 3302 376 3372 θρωποι,
419 3300 632 3369 διφυεῖς
676 3297 773 3352 καὶ
810 3295 1168 3368 ἡμίπλαστοι,
1194 3295 1272 3360 ὡς
1320 3296 1448 3360 τοὺς
1494 3294 1728 3350 κενταύ-

155 3412 288 3466 ρους,
329 3395 363 3467 ἢ
419 3395 628 3457 Πᾶνας,
661 3391 696 3464 ἢ
745 3392 1003 3464 σειρῆνας
1050 3391 1100 3445 oi
1137 3389 1558 3462 ἀναγράψαντες
1597 3388 1728 3452 τοὺς

154 3486 382 3557 μύθους,
445 3485 826 3555 ἐπανέστησαν
881 3484 1042 3555 ἡμῖν’
1096 3483 1145 3537 ol
1202 3481 1300 3554 μὲν
1344 3479 1458 3535 ἀπὺ
1513 3479 1725 3551 Ἀρείου

153 3579 310 3643 ὄντες,
336 3578 435 3631 καὶ
469 3576 631 3648 δῆθεν
657 3573 750 3628 τὸν
786 3573 916 3628 Υίδν
954 3571 1015 3628 ού
1049 3570 1256 3626 τέλειον
1285 3557 1505 3626 κτιστδν
1545 3569 1727 3643 όριζό·

151 3689 308 3742 μενοι,
345 3671 468 3725 ἀλλ’
500 3669 629 3723 Υίδν
661 3667 906 3740 ἁχρόνως
946 3665 1366 3738 γεγεννημένον.
1421 3665 1628 3737 Χρόνον
1665 3664 1724 3718 δὲ

147 3765 199 3817 ὲν
230 3762 457 3834 ὑπονοίᾳ
493 3761 715 3830 λέγουσι
761 3757 857 3813 τὸν
889 3759 982 3812 ἀπ’
1035 3756 1268 3829 ούρανοῦ
1308 3756 1403 3811 καὶ
1434 3755 1610 3828 δεῦρο.
1647 3755 1723 3810 Οὐ

149 3855 248 3928 μὴν
277 3853 696 3926 ἀπηλλαγμένοι
727 3851 828 3924 τῆς
861 3851 921 3904 ἓν
961 3847 1201 3921 πρώτοις
1227 3848 1336 3903 άπὸ
1379 3848 1592 3920 Ἀρείου
1636 3847 1725 3913 ἐξ·-

147 3948 428 4020 εμεθείσης
448 3946 668 4012 λέξεως,
702 3944 802 4015 τῆς
826 3942 1142 4014 φασκούσης
1165 3937 1306 3996 εἷναί
1347 3958 1476 3994 ποτε
1497 3942 1588 3996 ὅτε
1623 3941 1724 3996 οὐκ

148 4031 227 4106 ἦν.
257 4031 374 4110 Πρὸ
395 4035 612 4108 χρόνων
639 4034 698 4088 δὲ
741 4033 964 4089 πάντων
1003 4032 1169 4087 αὑτὸν
1207 4027 1384 4096 εῖναι,
1424 4031 1500 4085 δι’
1543 4026 1616 4088 οὗ
1649 4030 1724 4086 τὰ

145 4128 331 4184 πάντα
359 4128 593 4200 γέγονε,
622 4127 891 4197 λέγοντες,
923 4123 1306 4196 βλασφημοῦσι
1328 4122 1390 4176 τὸ
1418 4122 1640 4194 Πνεῦμα
1660 4122 1724 4177 τὸ

147 4220 307 4290 ἅγιον.
341 4221 533 4275 Ἄλλοι
561 4220 619 4274 δὲ
645 4218 818 4289 φύσει
849 4217 946 4271 καὶ
980 4216 1121 4288 ’περὶ
1145 4216 1238 4271 τὸν
1262 4216 1392 4270 Υίδν
1427 4214 1723 4288 όρθοδόξως

146 4314 368 4386 ἔχοντες,
403 4315 490 4368 δτι
513 4308 582 4384 ἦν
615 4312 704 4367 ἀεὶ
733 4311 830 4365 σὺν
851 4311 1050 4382 Πατρὶ,
1077 4309 1172 4364 καὶ
1198 4307 1456 4362 οὐδέποτε
1485 4307 1721 4362 διέλειπε

2133 2882 2415 2940 CONTRA
2452 2884 3142 2958 PNEUMATOMACIIOS,

2047 2999 2180 3066 Qua:
2228 3009 2308 3054 est
2356 2999 2571 3054 [tmesis
2599 2998 2755 3066 LIV,
2791 3001 2902 3056 sive
2945 3001 3211 3062 LXXIV.

1902 3108 1942 3164 Ι.
1985 3111 2070 3166 Ab
2118 3112 2207 3168 bis
2264 3111 2647 3177 Semiarianis,
2683 3123 2738 3169 et
2786 3114 2856 3169 ab
2891 3115 3216 3172 orthodoxis
3267 3133 3425 3173 mon-

1833 3209 2007 3257 strum
2041 3203 2340 3273 quoddam,
2391 3213 2452 3258 ut
2506 3204 2583 3258 ita
2633 3204 2838 3271 dicam,
2893 3207 3062 3277 887
3102 3207 3419 3265 biformium

1832 3294 2114 3349 hominum
2143 3310 2207 3350 ac
2261 3295 2646 3352 semiferorum
2697 3306 2893 3354 contra
2945 3313 3046 3355 nos
3106 3300 3409 3356 excitatum

1828 3391 1955 3440 est:
1985 3386 2296 3456 cuiusmodi
2325 3396 2643 3454 centauros,
2687 3397 2784 3444 aut
2828 3389 3030 3455 Panas,
3069 3399 3163 3445 aut
3208 3392 3421 3449 sirenas

1830 3477 2141 3534 fabularum
2181 3479 2343 3536 nobis
2367 3479 2608 3538 artiﬁces
2636 3480 2965 3551 ediderunt;
3001 3483 3097 3538 alii
3123 3484 3325 3554 quippe
3351 3486 3422 3542 ab

1826 3571 2032 3626 Ariana
2081 3571 2371 3642 disciplina
2422 3571 2654 3642 profecti
2699 3571 2898 3634 Filium
2945 3589 3056 3630 non
3109 3575 3418 3632 absolutam

1825 3662 2082 3720 videlicet
2115 3668 2426 3720 creaturam
2471 3679 2596 3722 esse
2631 3664 2922 3730 deﬁniunt,
2971 3666 3066 3722 sed
3115 3667 3236 3724 sine
3276 3674 3419 3723 tem-

1825 3770 1960 3828 pore
2007 3771 2133 3813 esse
2183 3757 2450 3827 genitum.
2502 3756 2742 3830 Tempus
2789 3766 2976 3815 autem
3031 3759 3166 3814 illud
3207 3760 3263 3814 in
3314 3774 3417 3816 sua

1825 3849 2084 3918 opinione
2131 3856 2403 3915 statuunt,
2461 3850 2610 3922 quod
2661 3865 2691 3904 a
2741 3851 2883 3906 caelo
2928 3851 3154 3907 condito
3205 3852 3274 3907 ad
3313 3852 3419 3907 lio-

1824 3941 2075 3998 diernum
2104 3957 2280 4013 usque
2306 3942 2452 4000 diem
2482 3942 2709 3998 eﬂluxit.
2747 3942 2854 4000 Sed
2881 3957 2916 3997 a
2954 3943 3138 4014 priore
3165 3943 3256 3998 illa
3285 3958 3418 3999 sen-

1824 4033 2018 4101 tentia,
2051 4047 2216 4102 quam
2233 4033 2403 4089 Arius
2438 4034 2708 4098 evomuit,
2738 4046 3080 4104 nequaquam
3107 4032 3410 4090 recedunt:

1825 4122 1997 4179 fuisse
2027 4123 2290 4178 nimirum
2330 4130 2571 4193 tempus,
2599 4138 2726 4178 cum
2761 4122 3006 4178 nondum
3041 4130 3190 4180 esset
3216 4121 3414 4181 Filius.

1822 4214 1995 4270 Porro
2034 4230 2159 4269 cum
2211 4215 2552 4285 temporibus
2596 4215 2854 4272 omnibus
2892 4214 3226 4272 anteriorem
3259 4215 3416 4271 illum

1823 4323 1947 4364 esse
1991 4307 2214 4371 docent,
2242 4321 2336 4376 per
2368 4323 2520 4378 quem
2552 4308 2732 4363 omnia
2767 4307 2918 4378 facta
2950 4316 3075 4362 sunt
3123 4307 3168 4373 δ,
3198 4315 3314 4362 tum
3344 4307 3420 4363 de

145 4407 227 4460 τοῦ
255 4402 395 4460 εἶναι
415 4423 431 4437 ο
466 4405 580 4460 ἀλλ’
620 4405 688 4458 ὲκ
722 4403 934 4474 Πατρὸς
983 4401 1082 4474 μὲν
1131 4400 1295 4456 αὐτὸν
1324 4398 1719 4470 γεγεννημένον

1897 4400 2031 4455 .iritu
2060 4407 2252 4454 sancto
2278 4399 2674 4456 contumeliose
2701 4399 2970 4471 garriunt.
2996 4399 3104 4454 Alii
3129 4413 3261 4468 vero
3285 4414 3417 4454 cum

144 4496 382 4566 ἀνάρχως
431 4494 531 4548 καὶ
580 4493 860 4566 ἀχρόνωςο
895 4492 976 4556 είς
1005 4491 1069 4546 τὸ
1118 4490 1344 4563 Πνεῦμα
1379 4491 1436 4545 δὲ
1472 4491 1533 4545 τὸ
1566 4491 1722 4560 ἅγιον

145 4588 332 4654 πάντες
365 4582 515 4642 οὗτοι
545 4581 950 4657 βλασφημοῦσι,
997 4581 1071 4656 μὴ
1099 4582 1560 4654 συναριθμοῦντες
1588 4582 1721 4636 αὐτὸ

143 4681 310 4751 Πατρὶ
359 4679 457 4734 καὶ
502 4676 620 4748 Υίῷ
669 4678 728 4730 ὲν
759 4679 827 4748 τῇ
873 4675 1106 4748 θεότητι.
1164 4675 1435 4740 Πολλάκις
1481 4676 1538 4729 δὲ
1589 4675 1721 4747 περὶ

145 4773 323 4826 τούτου
385 4769 562 4826 πολλὰ
609 4768 996 4840 διελέχθημεν,
1039 4769 1135 4822 καὶ
1166 4769 1224 4822 ὲν
1272 4768 1479 4839 ἑκάστῃ
1507 4767 1718 4838 αίρὲσει

146 4867 232 4938 τήν
262 4883 321 4920 τε
361 4861 626 4935 ἀληθινὴν
675 4860 806 4932 περὶ
855 4859 1020 4916 αὑτοῦ
1071 4861 1332 4916 σύστασιν
1356 4901 1370 4925 ,
1406 4861 1468 4914 ού
1507 4859 1718 4930 μικρῶς

147 4954 562 5029 ὑφηγησάμεθα,
589 4952 665 5017 ὠς
691 4952 790 5006 σὺν
817 4954 994 5024 Πατρὶ
1014 4954 1108 5008 καὶ
1130 4953 1244 5024 Υἰῷ
1268 4953 1716 5026 κυριολεκτεῖται.

147 5053 377 5122 Πνεῦμα
407 5053 518 5123 γὰρ
546 5051 769 5120 Κυρίου
804 5047 1162 5116 πεπλήρωκε
1184 5046 1300 5115 τὴν
1323 5045 1684 5116 οίκουμένην
1701 5061 1716 5075 ο

146 5147 207 5200 τὸ
244 5146 493 5217 Πνεῦμα
534 5144 646 5216 τῆς
694 5142 1006 5213 ἀληθείας,
1055 5141 1120 5196 τὸ
1154 5140 1380 5212 Πνεῦμα
1411 5140 1506 5193 τοῦ
1556 5137 1716 5194 Θεοῦ.

1818 4489 1887 4544 de
1939 4485 2078 4545 Filio
2137 4497 2286 4544 recte
2355 4497 2412 4546 et
2460 4505 2528 4545 ex
2586 4489 2712 4545 ﬁdei
2766 4489 3052 4546 catholica:
3092 4491 3419 4560 praescripto

1818 4582 2072 4647 sentiant,
2111 4597 2176 4638 ac
2208 4595 2424 4653 semper
2445 4597 2571 4639 cum
2599 4581 2766 4638 Patre
2803 4583 2995 4649 fuisse,
3026 4597 3130 4639 nec
3165 4595 3416 4650 unquam

1816 4691 1938 4732 esse
1968 4675 2202 4732 desiisse
2247 4683 2464 4748 putent,
2513 4675 2760 4748 adeoque
2805 4678 2926 4732 sine
2973 4675 3088 4730 ullo
3134 4674 3292 4730 initio
3342 4687 3410 4728 ac

1817 4776 2062 4840 tempore
2094 4783 2126 4824 a
2159 4768 2320 4825 Patre
2345 4785 2474 4826 esse
2505 4770 2828 4840 productum
2860 4787 2874 4824 :
2908 4767 3272 4824 nihilominus
3293 4773 3407 4820 tam

1818 4863 1893 4928 hi,
1927 4878 2092 4934 quam
2131 4863 2221 4917 alii
2273 4877 2465 4918 omnes
2505 4861 2563 4918 in
2608 4861 2873 4933 Spiritum
2904 4870 3157 4917 sanctum
3197 4869 3404 4914 contu-

1817 4955 2030 5011 meliosi
2063 4963 2214 5018 sunt,
2244 4970 2405 5026 quem
2441 4969 2565 5010 cum
2614 4953 2775 5010 Patre
2809 4961 2865 5010 et
2901 4951 3044 5007 Filio
3072 4951 3129 5006 in
3161 4965 3406 5006 comme-

1819 5049 2086 5102 moranda
2119 5047 2406 5103 divinitate
2443 5060 2555 5102 non
2603 5052 2909 5101 numerant.
2962 5041 3074 5098 Nos
3125 5049 3304 5096 autem
3337 5055 3403 5095 ea

1818 5137 1888 5196 de
1929 5155 1989 5194 re
2026 5154 2269 5210 persaepe
2319 5138 2746 5210 disputavimus,
2778 5145 2834 5193 et
2879 5135 2934 5192 in
2980 5134 3214 5206 singulis
3253 5132 3407 5190 refu-

210 5327 226 5360 ¹
251 5327 310 5382 F.
344 5327 478 5384 τῶν.
554 5329 577 5360 ³
615 5327 678 5383 F.
711 5321 805 5381 οῦν
830 5324 959 5382 ἀπό.
997 5320 1102 5379 Sed
1134 5321 1249 5377 lucc
1271 5329 1555 5391 corrupta.
1632 5319 1652 5349 ³
1688 5316 1726 5372 F

1897 5316 2077 5371 ιστιον.
2144 5317 2166 5346 ⁸
2204 5315 2364 5373 Joan.
2395 5332 2436 5382 l,
2464 5317 2518 5371 3.

208 5489 315 5556 (70)
359 5487 473 5544 Τοῦ
500 5485 620 5542 ὑπὸ
657 5490 847 5556 rerum
862 5486 953 5539 Iov
982 5482 1105 5556 τοῦΔ
1122 5479 1579 5556 Ἀλεξανδρέως.
1601 5477 1714 5556 _So-

147 5548 315 5615 crates
350 5560 389 5613 1.
435 5575 494 5621 ιι,
529 5574 582 5612 c.
608 5558 701 5620 28,
737 5548 795 5612 et
829 5548 1049 5610 Somni.
1092 5551 1130 5606 l.
1171 5567 1243 5614 Iv,
1281 5567 1333 5606 c.
1380 5551 1467 5621 tl,
1496 5548 1710 5604 Actium

148 5632 384 5684 scribunt
423 5620 730 5683 aLeonlio
793 5626 1012 5679 Evirato
1062 5622 1366 5677 Antiochiae
1419 5620 1711 5673 diaconum

148 5701 450 5756 ordinatum
477 5721 485 5755 :
515 5699 660 5772 quod
678 5707 731 5752 ct
753 5696 950 5752 Suidas
975 5711 1035 5751 ac.
1054 5691 1394 5764 Nicephorus
1433 5689 1705 5762 sequitur.

1893 5476 2006 5548 (7i)
2047 5475 2210 5532 Κατὰ
2261 5473 2804 5548 Πνευμᾳτομᾴχωκ.
2857 5472 2933 5530 De
2975 5472 3400 5548 Pnrtllyatoml-

1817 5543 1940 5602 clli's
1987 5543 2287 5615 eorumque
2320 5543 2584 5616 principe,
2610 5543 2937 5616 Macedonio,
2968 5547 3089 5616 agit
3145 5543 3401 5602 Socrates

1820 5619 1914 5674 lib.
1945 5637 2003 5688 ιι,
2031 5633 2150 5690 cap.
2177 5614 2248 5676 '55
2285 5614 2512 5674 Scitom.
2535 5617 2630 5673 lib.
2665 5632 2738 5684 tv,
2763 5631 2886 5688 cap.
2917 5614 3008 5672 t9.
