  <div class='ocr_page' id='page_1' title='image "/cluster/home/n/w/nwhite01/storage/ocr_20150623/42/hvd.32044011752995/237.png"; bbox 0 0 3798 6212; ppageno 0'>
   <div class='ocr_carea' id='block_1_1' title="bbox 370 200 476 255">
    <p class='ocr_par' dir='ltr' id='par_1_1' title="bbox 370 200 476 255">
     <span class='ocr_line' id='line_1_1' title="bbox 370 200 476 255; baseline 0.009 -1"><span class='ocrx_word' id='word_1_1' title='bbox 370 200 476 255; x_wconf 69' lang='lat'><strong>475</strong></span> 
     </span>
    </p>
   </div>
   <div class='ocr_carea' id='block_1_2' title="bbox 1774 202 1955 267">
    <p class='ocr_par' dir='ltr' id='par_1_2' title="bbox 1774 202 1954 259">
     <span class='ocr_line' id='line_1_2' title="bbox 1774 202 1954 259; baseline 0.011 -2"><span class='ocrx_word' id='word_1_2' title='bbox 1774 202 1828 257; x_wconf 80' lang='lat'><strong>5.</strong></span> <span class='ocrx_word' id='word_1_3' title='bbox 1869 204 1954 259; x_wconf 82' lang='grc' dir='ltr'><strong>ΕΡ</strong></span> 
     </span>
    </p>
   </div>
   <div class='ocr_carea' id='block_1_3' title="bbox 2062 202 3631 267">
    <p class='ocr_par' dir='ltr' id='par_1_3' title="bbox 2062 208 3631 267">
     <span class='ocr_line' id='line_1_3' title="bbox 2062 208 3631 267; baseline 0.002 -6"><span class='ocrx_word' id='word_1_4' title='bbox 2062 208 2207 263; x_wconf 76' lang='grc' dir='ltr'><strong>ΙΑΝΙΙ</strong></span> <span class='ocrx_word' id='word_1_5' title='bbox 3540 209 3631 267; x_wconf 72' lang='lat' dir='ltr'><strong>WG</strong></span> 
     </span>
    </p>
   </div>
   <div class='ocr_carea' id='block_1_4' title="bbox 367 316 1955 401">
    <p class='ocr_par' dir='ltr' id='par_1_4' title="bbox 367 316 1949 378">
     <span class='ocr_line' id='line_1_4' title="bbox 367 316 1949 378; baseline 0.004 -7"><span class='ocrx_word' id='word_1_6' title='bbox 367 317 550 372; x_wconf 87' lang='lat' dir='ltr'><strong>tandis</strong></span> <span class='ocrx_word' id='word_1_7' title='bbox 582 316 885 372; x_wconf 72' lang='lat' dir='ltr'><strong>hmresibus</strong></span> <span class='ocrx_word' id='word_1_8' title='bbox 912 316 1237 373; x_wconf 75' lang='lat' dir='ltr'><strong>certissimis</strong></span> <span class='ocrx_word' id='word_1_9' title='bbox 1264 318 1315 372; x_wconf 97' lang='lat' dir='ltr'><strong>id</strong></span> <span class='ocrx_word' id='word_1_10' title='bbox 1349 318 1652 376; x_wconf 76' lang='lat' dir='ltr'><strong>rationibus</strong></span> <span class='ocrx_word' id='word_1_11' title='bbox 1688 335 1795 374; x_wconf 92' lang='lat' dir='ltr'><strong>non</strong></span> <span class='ocrx_word' id='word_1_12' title='bbox 1836 339 1949 378; x_wconf 84' lang='lat' dir='ltr'><strong>me-</strong></span> 
     </span>
    </p>
   </div>
   <div class='ocr_carea' id='block_1_5' title="bbox 2062 316 3633 401">
    <p class='ocr_par' dir='ltr' id='par_1_5' title="bbox 2062 326 3633 401">
     <span class='ocr_line' id='line_1_5' title="bbox 2062 326 3633 401; baseline 0.001 -22"><span class='ocrx_word' id='word_1_13' title='bbox 2062 327 2281 399; x_wconf 79' lang='grc' dir='ltr'><strong>Πνεῦμα</strong></span> <span class='ocrx_word' id='word_1_14' title='bbox 2311 328 2417 400; x_wconf 81' lang='grc' dir='ltr'>γὰρ</span> <span class='ocrx_word' id='word_1_15' title='bbox 2452 330 2496 382; x_wconf 82' lang='grc' dir='ltr'>Κ</span> <span class='ocrx_word' id='word_1_16' title='bbox 2521 330 2657 401; x_wconf 84' lang='grc' dir='ltr'>ιρίου</span> <span class='ocrx_word' id='word_1_17' title='bbox 2707 329 2945 398; x_wconf 79' lang='grc' dir='ltr'>λέγεται,</span> <span class='ocrx_word' id='word_1_18' title='bbox 2992 328 3085 381; x_wconf 75' lang='grc' dir='ltr'>καὶ</span> <span class='ocrx_word' id='word_1_19' title='bbox 3126 327 3190 379; x_wconf 77' lang='grc' dir='ltr'>ἐκ</span> <span class='ocrx_word' id='word_1_20' title='bbox 3233 326 3447 396; x_wconf 75' lang='grc' dir='ltr'>Πατρὸς</span> <span class='ocrx_word' id='word_1_21' title='bbox 3474 326 3633 381; x_wconf 71' lang='grc' dir='ltr'>ικτω.</span> 
     </span>
    </p>
   </div>
   <div class='ocr_carea' id='block_1_6' title="bbox 367 408 1955 481">
    <p class='ocr_par' dir='ltr' id='par_1_6' title="bbox 367 408 1955 481">
     <span class='ocr_line' id='line_1_6' title="bbox 367 408 1955 481; baseline 0.003 -16"><span class='ocrx_word' id='word_1_22' title='bbox 367 410 543 465; x_wconf 80' lang='lat' dir='ltr'><strong>diocri</strong></span> <span class='ocrx_word' id='word_1_23' title='bbox 599 408 883 481; x_wconf 73' lang='lat' dir='ltr'><strong>diligentia</strong></span> <span class='ocrx_word' id='word_1_24' title='bbox 936 411 1224 479; x_wconf 83' lang='lat' dir='ltr'><strong>probatum</strong></span> <span class='ocrx_word' id='word_1_25' title='bbox 1281 411 1651 481; x_wconf 84' lang='lat' dir='ltr'><strong>reliquimus:</strong></span> <span class='ocrx_word' id='word_1_26' title='bbox 1702 414 1955 471; x_wconf 72' lang='lat' dir='ltr'><strong>videlicet</strong></span> 
     </span>
    </p>
   </div>
   <div class='ocr_carea' id='block_1_7' title="bbox 368 496 1952 570">
    <p class='ocr_par' dir='ltr' id='par_1_7' title="bbox 368 496 1952 570">
     <span class='ocr_line' id='line_1_7' title="bbox 368 496 1952 570; baseline 0.004 -17"><span class='ocrx_word' id='word_1_27' title='bbox 368 496 633 570; x_wconf 80' lang='lat' dir='ltr'><strong>Spiritum</strong></span> <span class='ocrx_word' id='word_1_28' title='bbox 688 507 942 554; x_wconf 88' lang='lat' dir='ltr'><strong>sanctum</strong></span> <span class='ocrx_word' id='word_1_29' title='bbox 982 515 1108 555; x_wconf 90' lang='lat' dir='ltr'><strong>cum</strong></span> <span class='ocrx_word' id='word_1_30' title='bbox 1159 499 1320 556; x_wconf 87' lang='lat' dir='ltr'><strong>Patre</strong></span> <span class='ocrx_word' id='word_1_31' title='bbox 1373 509 1424 556; x_wconf 92' lang='lat' dir='ltr'><strong>et</strong></span> <span class='ocrx_word' id='word_1_32' title='bbox 1476 499 1613 556; x_wconf 87' lang='lat' dir='ltr'><strong>Filio</strong></span> <span class='ocrx_word' id='word_1_33' title='bbox 1663 501 1952 560; x_wconf 92' lang='lat' dir='ltr'><strong>Dominum</strong></span> 
     </span>
    </p>
   </div>
   <div class='ocr_carea' id='block_1_8' title="bbox 369 591 1956 663">
    <p class='ocr_par' dir='ltr' id='par_1_8' title="bbox 369 591 1956 663">
     <span class='ocr_line' id='line_1_8' title="bbox 369 591 1956 663; baseline 0.004 -19"><span class='ocrx_word' id='word_1_34' title='bbox 369 591 657 663; x_wconf 85' lang='lat' dir='ltr'><strong>appellari.</strong></span> <span class='ocrx_word' id='word_1_35' title='bbox 700 591 937 662; x_wconf 74' lang='lat' dir='ltr'><strong>Spiritus</strong></span> <span class='ocrx_word' id='word_1_36' title='bbox 966 594 1108 648; x_wconf 89' lang='lat' dir='ltr'><strong>enim</strong></span> <span class='ocrx_word' id='word_1_37' title='bbox 1141 591 1356 647; x_wconf 80' lang='lat' dir='ltr'><strong>Domini</strong></span> <span class='ocrx_word' id='word_1_38' title='bbox 1386 594 1598 663; x_wconf 82' lang='lat' dir='ltr'><strong>replevit</strong></span> <span class='ocrx_word' id='word_1_39' title='bbox 1642 596 1819 651; x_wconf 88' lang='lat' dir='ltr'><strong>orbem</strong></span> <span class='ocrx_word' id='word_1_40' title='bbox 1852 607 1956 653; x_wconf 89' lang='lat' dir='ltr'><strong>ter-</strong></span> 
     </span>
    </p>
   </div>
   <div class='ocr_carea' id='block_1_9' title="bbox 370 682 1955 760">
    <p class='ocr_par' dir='ltr' id='par_1_9' title="bbox 370 682 1955 760">
     <span class='ocr_line' id='line_1_9' title="bbox 370 682 1955 760; baseline 0.007 -25"><span class='ocrx_word' id='word_1_41' title='bbox 370 700 550 737; x_wconf 87' lang='lat' dir='ltr'><strong>rarum</strong></span> <span class='ocrx_word' id='word_1_42' title='bbox 585 684 601 715; x_wconf 84' lang='grc'>¹</span> <span class='ocrx_word' id='word_1_43' title='bbox 632 703 646 739; x_wconf 89' lang='lat'><strong>:</strong></span> <span class='ocrx_word' id='word_1_44' title='bbox 678 682 914 753; x_wconf 77' lang='lat' dir='ltr'><strong>Spiritus</strong></span> <span class='ocrx_word' id='word_1_45' title='bbox 959 686 1049 741; x_wconf 90' lang='lat' dir='ltr'><strong>ille</strong></span> <span class='ocrx_word' id='word_1_46' title='bbox 1098 687 1371 741; x_wconf 78' lang='lat' dir='ltr'><strong>veritatis’</strong></span> <span class='ocrx_word' id='word_1_47' title='bbox 1432 702 1495 741; x_wconf 89' lang='lat' dir='ltr'><strong>ac</strong></span> <span class='ocrx_word' id='word_1_48' title='bbox 1541 686 1655 743; x_wconf 89' lang='lat' dir='ltr'><strong>Dci.</strong></span> <span class='ocrx_word' id='word_1_49' title='bbox 1716 688 1955 760; x_wconf 87' lang='lat' dir='ltr'><strong>Spiritus</strong></span> 
     </span>
    </p>
   </div>
   <div class='ocr_carea' id='block_1_10' title="bbox 365 775 1955 851">
    <p class='ocr_par' dir='ltr' id='par_1_10' title="bbox 365 775 1955 851">
     <span class='ocr_line' id='line_1_10' title="bbox 365 775 1955 851; baseline 0.005 -18"><span class='ocrx_word' id='word_1_50' title='bbox 365 777 511 833; x_wconf 90' lang='lat' dir='ltr'><strong>enim</strong></span> <span class='ocrx_word' id='word_1_51' title='bbox 558 775 771 833; x_wconf 91' lang='lat' dir='ltr'><strong>Domini</strong></span> <span class='ocrx_word' id='word_1_52' title='bbox 819 779 1041 845; x_wconf 87' lang='lat' dir='ltr'><strong>dicitur,</strong></span> <span class='ocrx_word' id='word_1_53' title='bbox 1091 788 1146 835; x_wconf 88' lang='lat' dir='ltr'><strong>et</strong></span> <span class='ocrx_word' id='word_1_54' title='bbox 1180 796 1209 834; x_wconf 87' lang='lat' dir='ltr'><strong>a</strong></span> <span class='ocrx_word' id='word_1_55' title='bbox 1234 778 1395 836; x_wconf 87' lang='lat' dir='ltr'><strong>Patre</strong></span> <span class='ocrx_word' id='word_1_56' title='bbox 1445 782 1747 851; x_wconf 89' lang='lat' dir='ltr'><strong>procedens</strong></span> <span class='ocrx_word' id='word_1_57' title='bbox 1772 786 1812 849; x_wconf 89' lang='grc'><em>³,</em></span> <span class='ocrx_word' id='word_1_58' title='bbox 1840 794 1893 841; x_wconf 84' lang='lat' dir='ltr'><strong>et</strong></span> <span class='ocrx_word' id='word_1_59' title='bbox 1925 803 1955 841; x_wconf 89' lang='lat' dir='ltr'><strong>a</strong></span> 
     </span>
    </p>
   </div>
   <div class='ocr_carea' id='block_1_11' title="bbox 366 869 1956 943">
    <p class='ocr_par' dir='ltr' id='par_1_11' title="bbox 366 869 1956 943">
     <span class='ocr_line' id='line_1_11' title="bbox 366 869 1956 943; baseline 0.006 -19"><span class='ocrx_word' id='word_1_60' title='bbox 366 869 504 925; x_wconf 82' lang='lat' dir='ltr'><strong>Filio</strong></span> <span class='ocrx_word' id='word_1_61' title='bbox 555 870 899 940; x_wconf 70' lang='lat' dir='ltr'><strong>accipiens‘,</strong></span> <span class='ocrx_word' id='word_1_62' title='bbox 973 887 1037 926; x_wconf 86' lang='lat' dir='ltr'><strong>ac</strong></span> <span class='ocrx_word' id='word_1_63' title='bbox 1103 872 1334 943; x_wconf 79' lang='lat' dir='ltr'><strong>singulis</strong></span> <span class='ocrx_word' id='word_1_64' title='bbox 1376 872 1526 929; x_wconf 85' lang='lat' dir='ltr'><strong>varie</strong></span> <span class='ocrx_word' id='word_1_65' title='bbox 1573 873 1717 929; x_wconf 90' lang='lat' dir='ltr'><strong>dona</strong></span> <span class='ocrx_word' id='word_1_66' title='bbox 1768 876 1956 933; x_wconf 89' lang='lat' dir='ltr'><strong>distri-</strong></span> 
     </span>
    </p>
   </div>
   <div class='ocr_carea' id='block_1_12' title="bbox 364 960 1953 1033">
    <p class='ocr_par' dir='ltr' id='par_1_12' title="bbox 364 960 1953 1033">
     <span class='ocr_line' id='line_1_12' title="bbox 364 960 1953 1033; baseline 0.007 -19"><span class='ocrx_word' id='word_1_67' title='bbox 364 961 539 1016; x_wconf 87' lang='lat' dir='ltr'><strong>buens</strong></span> <span class='ocrx_word' id='word_1_68' title='bbox 558 960 601 1025; x_wconf 76' lang='grc'><strong>’⁵,</strong></span> <span class='ocrx_word' id='word_1_69' title='bbox 657 970 821 1031; x_wconf 87' lang='lat' dir='ltr'><strong>prout</strong></span> <span class='ocrx_word' id='word_1_70' title='bbox 867 961 1065 1029; x_wconf 83' lang='lat' dir='ltr'><strong>libet&#39;,</strong></span> <span class='ocrx_word' id='word_1_71' title='bbox 1104 961 1198 1017; x_wconf 90' lang='lat' dir='ltr'><strong>Dei</strong></span> <span class='ocrx_word' id='word_1_72' title='bbox 1247 977 1465 1033; x_wconf 86' lang='lat' dir='ltr'><strong>quoque</strong></span> <span class='ocrx_word' id='word_1_73' title='bbox 1494 963 1763 1033; x_wconf 84' lang='lat' dir='ltr'><strong>profunda</strong></span> <span class='ocrx_word' id='word_1_74' title='bbox 1794 984 1953 1024; x_wconf 85' lang='lat' dir='ltr'><strong>scru-</strong></span> 
     </span>
    </p>
   </div>
   <div class='ocr_carea' id='block_1_13' title="bbox 366 1048 1946 1127">
    <p class='ocr_par' dir='ltr' id='par_1_13' title="bbox 366 1048 1946 1127">
     <span class='ocr_line' id='line_1_13' title="bbox 366 1048 1946 1127; baseline 0.009 -26"><span class='ocrx_word' id='word_1_75' title='bbox 366 1058 489 1103; x_wconf 86' lang='lat' dir='ltr'><strong>tans</strong></span> <span class='ocrx_word' id='word_1_76' title='bbox 519 1048 560 1113; x_wconf 85' lang='grc'>⁶,</span> <span class='ocrx_word' id='word_1_77' title='bbox 617 1063 741 1103; x_wconf 93' lang='lat' dir='ltr'><strong>cum</strong></span> <span class='ocrx_word' id='word_1_78' title='bbox 790 1048 951 1105; x_wconf 87' lang='lat' dir='ltr'><strong>Patre</strong></span> <span class='ocrx_word' id='word_1_79' title='bbox 996 1051 1270 1108; x_wconf 82' lang='lat' dir='ltr'><strong>exsistens</strong></span> <span class='ocrx_word' id='word_1_80' title='bbox 1313 1060 1367 1108; x_wconf 86' lang='lat' dir='ltr'><strong>et</strong></span> <span class='ocrx_word' id='word_1_81' title='bbox 1417 1051 1598 1121; x_wconf 88' lang='lat' dir='ltr'><strong>Filio,</strong></span> <span class='ocrx_word' id='word_1_82' title='bbox 1640 1055 1946 1127; x_wconf 84' lang='lat' dir='ltr'><strong>baptizans,</strong></span> 
     </span>
    </p>
   </div>
   <div class='ocr_carea' id='block_1_14' title="bbox 364 1138 1950 1213">
    <p class='ocr_par' dir='ltr' id='par_1_14' title="bbox 364 1138 1950 1213">
     <span class='ocr_line' id='line_1_14' title="bbox 364 1138 1950 1213; baseline 0.009 -21"><span class='ocrx_word' id='word_1_83' title='bbox 364 1138 688 1210; x_wconf 77' lang='lat' dir='ltr'><strong>obsignans,</strong></span> <span class='ocrx_word' id='word_1_84' title='bbox 731 1140 1189 1213; x_wconf 87' lang='lat' dir='ltr'><strong>obsignatumque</strong></span> <span class='ocrx_word' id='word_1_85' title='bbox 1250 1142 1561 1213; x_wconf 89' lang='lat' dir='ltr'><strong>perﬁciens.</strong></span> <span class='ocrx_word' id='word_1_86' title='bbox 1620 1144 1816 1203; x_wconf 84' lang='lat' dir='ltr'><strong>Verum</strong></span> <span class='ocrx_word' id='word_1_87' title='bbox 1880 1167 1950 1207; x_wconf 90' lang='lat' dir='ltr'><strong>ne</strong></span> 
     </span>
    </p>
   </div>
   <div class='ocr_carea' id='block_1_15' title="bbox 363 1230 1945 1309">
    <p class='ocr_par' dir='ltr' id='par_1_15' title="bbox 363 1230 1945 1309">
     <span class='ocr_line' id='line_1_15' title="bbox 363 1230 1945 1309; baseline 0.005 -23"><span class='ocrx_word' id='word_1_88' title='bbox 363 1230 615 1286; x_wconf 89' lang='lat' dir='ltr'><strong>eumdem</strong></span> <span class='ocrx_word' id='word_1_89' title='bbox 649 1231 889 1287; x_wconf 87' lang='lat' dir='ltr'><strong>laborem</strong></span> <span class='ocrx_word' id='word_1_90' title='bbox 926 1234 1124 1289; x_wconf 88' lang='lat' dir='ltr'><strong>iterum</strong></span> <span class='ocrx_word' id='word_1_91' title='bbox 1155 1235 1259 1291; x_wconf 84' lang='lat' dir='ltr'><strong>hoc</strong></span> <span class='ocrx_word' id='word_1_92' title='bbox 1288 1237 1410 1292; x_wconf 92' lang='lat' dir='ltr'><strong>loco</strong></span> <span class='ocrx_word' id='word_1_93' title='bbox 1446 1244 1710 1309; x_wconf 87' lang='lat' dir='ltr'><strong>repetam,</strong></span> <span class='ocrx_word' id='word_1_94' title='bbox 1741 1254 1862 1309; x_wconf 71' lang='lat' dir='ltr'><strong>qua:</strong></span> <span class='ocrx_word' id='word_1_95' title='bbox 1891 1240 1945 1294; x_wconf 88' lang='lat' dir='ltr'><strong>in</strong></span> 
     </span>
    </p>
   </div>
   <div class='ocr_carea' id='block_1_16' title="bbox 364 1320 1949 1401">
    <p class='ocr_par' dir='ltr' id='par_1_16' title="bbox 364 1320 1949 1401">
     <span class='ocr_line' id='line_1_16' title="bbox 364 1320 1949 1401; baseline 0.006 -27"><span class='ocrx_word' id='word_1_96' title='bbox 364 1333 558 1392; x_wconf 87' lang='lat' dir='ltr'><strong>magna</strong></span> <span class='ocrx_word' id='word_1_97' title='bbox 590 1321 681 1375; x_wconf 91' lang='lat' dir='ltr'><strong>illa</strong></span> <span class='ocrx_word' id='word_1_98' title='bbox 710 1320 1099 1393; x_wconf 85' lang='lat' dir='ltr'><strong>disputatione,</strong></span> <span class='ocrx_word' id='word_1_99' title='bbox 1127 1341 1291 1397; x_wconf 91' lang='lat' dir='ltr'><strong>quam</strong></span> <span class='ocrx_word' id='word_1_100' title='bbox 1341 1327 1410 1383; x_wconf 87' lang='lat' dir='ltr'><strong>de</strong></span> <span class='ocrx_word' id='word_1_101' title='bbox 1439 1326 1545 1383; x_wconf 90' lang='lat' dir='ltr'><strong>ﬁde</strong></span> <span class='ocrx_word' id='word_1_102' title='bbox 1574 1328 1630 1383; x_wconf 90' lang='lat' dir='ltr'><strong>in</strong></span> <span class='ocrx_word' id='word_1_103' title='bbox 1675 1327 1949 1401; x_wconf 82' lang='lat' dir='ltr'><strong>Pamphy-</strong></span> 
     </span>
    </p>
   </div>
   <div class='ocr_carea' id='block_1_17' title="bbox 2058 417 3633 492">
    <p class='ocr_par' dir='ltr' id='par_1_17' title="bbox 2058 417 3633 492">
     <span class='ocr_line' id='line_1_17' title="bbox 2058 417 3633 492; baseline 0.002 -21"><span class='ocrx_word' id='word_1_104' title='bbox 2058 419 2370 490; x_wconf 84' lang='grc' dir='ltr'>ρευόμενον,</span> <span class='ocrx_word' id='word_1_105' title='bbox 2411 422 2586 476; x_wconf 77' lang='grc' dir='ltr'>καὶτὸ</span> <span class='ocrx_word' id='word_1_106' title='bbox 2611 422 2738 475; x_wconf 83' lang='grc' dir='ltr'>Υἰοῦ</span> <span class='ocrx_word' id='word_1_107' title='bbox 2773 420 3070 492; x_wconf 77' lang='grc' dir='ltr'>λαμϐάνον,</span> <span class='ocrx_word' id='word_1_108' title='bbox 3101 417 3460 489; x_wconf 78' lang='grc' dir='ltr'>χαριζόμενόν</span> <span class='ocrx_word' id='word_1_109' title='bbox 3486 436 3544 473; x_wconf 79' lang='grc' dir='ltr'><strong>τε</strong></span> <span class='ocrx_word' id='word_1_110' title='bbox 3571 421 3633 474; x_wconf 65' lang='grc' dir='ltr'><strong>’.ὲ</strong></span> 
     </span>
    </p>
   </div>
   <div class='ocr_carea' id='block_1_18' title="bbox 2056 507 3631 583">
    <p class='ocr_par' dir='ltr' id='par_1_18' title="bbox 2056 507 3631 583">
     <span class='ocr_line' id='line_1_18' title="bbox 2056 507 3631 583; baseline 0.001 -22"><span class='ocrx_word' id='word_1_111' title='bbox 2056 507 2373 580; x_wconf 79' lang='grc' dir='ltr'><strong>χαρίσματα</strong></span> <span class='ocrx_word' id='word_1_112' title='bbox 2416 511 2687 583; x_wconf 73' lang='grc' dir='ltr'><strong>διαφόρως</strong></span> <span class='ocrx_word' id='word_1_113' title='bbox 2708 550 2723 575; x_wconf 95' lang='grc'><strong>,</strong></span> <span class='ocrx_word' id='word_1_114' title='bbox 2751 512 2828 576; x_wconf 84' lang='grc' dir='ltr'>ὡς</span> <span class='ocrx_word' id='word_1_115' title='bbox 2862 511 3143 581; x_wconf 88' lang='grc' dir='ltr'>βούλεται,</span> <span class='ocrx_word' id='word_1_116' title='bbox 3178 509 3413 580; x_wconf 82' lang='grc' dir='ltr'><strong>ἐρευνῶν</strong></span> <span class='ocrx_word' id='word_1_117' title='bbox 3446 509 3541 563; x_wconf 72' lang='grc' dir='ltr'><strong>καὶ</strong></span> <span class='ocrx_word' id='word_1_118' title='bbox 3570 510 3631 563; x_wconf 64' lang='grc' dir='ltr'>τὰ</span> 
     </span>
    </p>
   </div>
   <div class='ocr_carea' id='block_1_19' title="bbox 2056 597 3632 675">
    <p class='ocr_par' dir='ltr' id='par_1_19' title="bbox 2056 597 3632 675">
     <span class='ocr_line' id='line_1_19' title="bbox 2056 597 3632 675; baseline 0.001 -24"><span class='ocrx_word' id='word_1_119' title='bbox 2056 597 2195 671; x_wconf 82' lang='grc' dir='ltr'><strong>βάθη</strong></span> <span class='ocrx_word' id='word_1_120' title='bbox 2242 600 2337 653; x_wconf 81' lang='grc' dir='ltr'><strong>τοῦ</strong></span> <span class='ocrx_word' id='word_1_121' title='bbox 2382 600 2536 667; x_wconf 85' lang='grc' dir='ltr'>Θεοῦ,</span> <span class='ocrx_word' id='word_1_122' title='bbox 2577 604 2675 657; x_wconf 76' lang='grc' dir='ltr'><strong>σὺν</strong></span> <span class='ocrx_word' id='word_1_123' title='bbox 2718 603 2895 675; x_wconf 71' lang='grc' dir='ltr'>Πατρὶ</span> <span class='ocrx_word' id='word_1_124' title='bbox 2942 602 3037 655; x_wconf 75' lang='grc' dir='ltr'><strong>καὶ</strong></span> <span class='ocrx_word' id='word_1_125' title='bbox 3096 600 3211 671; x_wconf 76' lang='grc' dir='ltr'><strong>Υἰῷ</strong></span> <span class='ocrx_word' id='word_1_126' title='bbox 3240 600 3320 667; x_wconf 80' lang='grc' dir='ltr'><strong>δν,</strong></span> <span class='ocrx_word' id='word_1_127' title='bbox 3358 600 3632 671; x_wconf 72' lang='grc' dir='ltr'>βαπτίζω,</span> 
     </span>
    </p>
   </div>
   <div class='ocr_carea' id='block_1_20' title="bbox 2059 692 3633 767">
    <p class='ocr_par' dir='ltr' id='par_1_20' title="bbox 2059 692 3633 767">
     <span class='ocr_line' id='line_1_20' title="bbox 2059 692 3633 767; baseline 0.001 -22"><span class='ocrx_word' id='word_1_128' title='bbox 2059 692 2380 764; x_wconf 79' lang='grc' dir='ltr'>σφραγίξον,</span> <span class='ocrx_word' id='word_1_129' title='bbox 2426 694 2664 749; x_wconf 81' lang='grc' dir='ltr'><strong>τελειοῦν</strong></span> <span class='ocrx_word' id='word_1_130' title='bbox 2694 696 2786 750; x_wconf 79' lang='grc' dir='ltr'><strong>τὸν</strong></span> <span class='ocrx_word' id='word_1_131' title='bbox 2825 694 3283 767; x_wconf 79' lang='grc' dir='ltr'>ὲσφραγισμένον.</span> <span class='ocrx_word' id='word_1_132' title='bbox 3319 694 3439 746; x_wconf 87' lang='grc' dir='ltr'>Ἵνα</span> <span class='ocrx_word' id='word_1_133' title='bbox 3480 692 3537 746; x_wconf 77' lang='grc' dir='ltr'><strong>δὲ</strong></span> <span class='ocrx_word' id='word_1_134' title='bbox 3567 695 3633 763; x_wconf 76' lang='grc' dir='ltr'>μὴ</span> 
     </span>
    </p>
   </div>
   <div class='ocr_carea' id='block_1_21' title="bbox 2058 783 3635 860">
    <p class='ocr_par' dir='ltr' id='par_1_21' title="bbox 2058 783 3635 860">
     <span class='ocr_line' id='line_1_21' title="bbox 2058 783 3635 860; baseline 0.001 -23"><span class='ocrx_word' id='word_1_135' title='bbox 2058 783 2293 840; x_wconf 75' lang='grc' dir='ltr'>ἐνταῦθα</span> <span class='ocrx_word' id='word_1_136' title='bbox 2331 786 2577 859; x_wconf 88' lang='grc' dir='ltr'>κάματον</span> <span class='ocrx_word' id='word_1_137' title='bbox 2607 788 2971 860; x_wconf 78' lang='grc' dir='ltr'>ἀναδέξωμαι,</span> <span class='ocrx_word' id='word_1_138' title='bbox 3012 788 3081 842; x_wconf 77' lang='grc' dir='ltr'>τὰ</span> <span class='ocrx_word' id='word_1_139' title='bbox 3118 789 3219 859; x_wconf 70' lang='grc' dir='ltr'>ἥδη</span> <span class='ocrx_word' id='word_1_140' title='bbox 3255 804 3343 859; x_wconf 87' lang='grc' dir='ltr'><strong>μοι</strong></span> <span class='ocrx_word' id='word_1_141' title='bbox 3374 786 3635 858; x_wconf 69' lang='grc' dir='ltr'>εἰρημένα</span> 
     </span>
    </p>
   </div>
   <div class='ocr_carea' id='block_1_22' title="bbox 2057 870 3634 950">
    <p class='ocr_par' dir='ltr' id='par_1_22' title="bbox 2057 870 3634 950">
     <span class='ocr_line' id='line_1_22' title="bbox 2057 870 3634 950; baseline 0.001 -23"><span class='ocrx_word' id='word_1_142' title='bbox 2057 875 2116 927; x_wconf 81' lang='grc' dir='ltr'>ἐν</span> <span class='ocrx_word' id='word_1_143' title='bbox 2148 874 2227 945; x_wconf 81' lang='grc' dir='ltr'><strong>τῷ</strong></span> <span class='ocrx_word' id='word_1_144' title='bbox 2270 877 2491 947; x_wconf 85' lang='grc' dir='ltr'>μεγάλῳ</span> <span class='ocrx_word' id='word_1_145' title='bbox 2536 878 2679 950; x_wconf 87' lang='grc' dir='ltr'>λόγῳ</span> <span class='ocrx_word' id='word_1_146' title='bbox 2713 879 2789 949; x_wconf 81' lang='grc' dir='ltr'><strong>τῷ</strong></span> <span class='ocrx_word' id='word_1_147' title='bbox 2823 879 2952 950; x_wconf 82' lang='grc' dir='ltr'><strong>περί</strong></span> <span class='ocrx_word' id='word_1_148' title='bbox 2990 870 3226 940; x_wconf 67' lang='grc' dir='ltr'>πίέτεως</span> <span class='ocrx_word' id='word_1_149' title='bbox 3254 876 3523 949; x_wconf 73' lang='grc' dir='ltr'><strong>γραφέντι</strong></span> <span class='ocrx_word' id='word_1_150' title='bbox 3563 879 3634 939; x_wconf 84' lang='grc' dir='ltr'><strong>εἰς</strong></span> 
     </span>
    </p>
   </div>
   <div class='ocr_carea' id='block_1_23' title="bbox 2054 964 3635 1041">
    <p class='ocr_par' dir='ltr' id='par_1_23' title="bbox 2054 964 3635 1041">
     <span class='ocr_line' id='line_1_23' title="bbox 2054 964 3635 1041; baseline 0.002 -24"><span class='ocrx_word' id='word_1_151' title='bbox 2054 964 2123 1017; x_wconf 83' lang='grc' dir='ltr'>τὰ</span> <span class='ocrx_word' id='word_1_152' title='bbox 2149 966 2291 1038; x_wconf 86' lang='grc' dir='ltr'>μέρη</span> <span class='ocrx_word' id='word_1_153' title='bbox 2318 968 2417 1039; x_wconf 81' lang='grc' dir='ltr'>τῆς</span> <span class='ocrx_word' id='word_1_154' title='bbox 2440 970 2753 1040; x_wconf 84' lang='grc' dir='ltr'><strong>Παμφύλων</strong></span> <span class='ocrx_word' id='word_1_155' title='bbox 2774 970 3182 1041; x_wconf 81' lang='grc' dir='ltr'>παραθήσομαι,</span> <span class='ocrx_word' id='word_1_156' title='bbox 3205 969 3342 1040; x_wconf 84' lang='grc' dir='ltr'>πρὸς</span> <span class='ocrx_word' id='word_1_157' title='bbox 3370 967 3635 1022; x_wconf 75' lang='grc' dir='ltr'>ἀντίθεσιν</span> 
     </span>
    </p>
   </div>
   <div class='ocr_carea' id='block_1_24' title="bbox 2064 1057 3637 1132">
    <p class='ocr_par' dir='ltr' id='par_1_24' title="bbox 2064 1057 3637 1132">
     <span class='ocr_line' id='line_1_24' title="bbox 2064 1057 3637 1132; baseline -0.001 -20"><span class='ocrx_word' id='word_1_158' title='bbox 2064 1057 2161 1127; x_wconf 84' lang='grc' dir='ltr'><strong>μὲν</strong></span> <span class='ocrx_word' id='word_1_159' title='bbox 2200 1057 2308 1113; x_wconf 89' lang='grc' dir='ltr'><strong>τῶν</strong></span> <span class='ocrx_word' id='word_1_160' title='bbox 2334 1058 2801 1132; x_wconf 76' lang='grc' dir='ltr'><strong>βλασφημούντων</strong></span> <span class='ocrx_word' id='word_1_161' title='bbox 2831 1060 2891 1114; x_wconf 83' lang='grc' dir='ltr'><strong>τὸ</strong></span> <span class='ocrx_word' id='word_1_162' title='bbox 2919 1060 3074 1130; x_wconf 77' lang='grc' dir='ltr'>ἅγιον</span> <span class='ocrx_word' id='word_1_163' title='bbox 3106 1059 3352 1131; x_wconf 85' lang='grc' dir='ltr'>Πνεῦμα,</span> <span class='ocrx_word' id='word_1_164' title='bbox 3382 1061 3467 1122; x_wconf 83' lang='grc' dir='ltr'><strong>εἰς</strong></span> <span class='ocrx_word' id='word_1_165' title='bbox 3501 1057 3637 1111; x_wconf 81' lang='grc' dir='ltr'>διδα-</span> 
     </span>
    </p>
   </div>
   <div class='ocr_carea' id='block_1_25' title="bbox 2062 1150 3635 1225">
    <p class='ocr_par' dir='ltr' id='par_1_25' title="bbox 2062 1150 3635 1225">
     <span class='ocr_line' id='line_1_25' title="bbox 2062 1150 3635 1225; baseline 0.001 -22"><span class='ocrx_word' id='word_1_166' title='bbox 2062 1151 2290 1205; x_wconf 88' lang='grc' dir='ltr'>σκαλίαν</span> <span class='ocrx_word' id='word_1_167' title='bbox 2321 1153 2377 1207; x_wconf 81' lang='grc' dir='ltr'>δὲ</span> <span class='ocrx_word' id='word_1_168' title='bbox 2416 1154 2526 1208; x_wconf 85' lang='grc' dir='ltr'><strong>τῶν</strong></span> <span class='ocrx_word' id='word_1_169' title='bbox 2562 1153 3027 1225; x_wconf 79' lang='grc' dir='ltr'>ἐντυγχανόντων,</span> <span class='ocrx_word' id='word_1_170' title='bbox 3070 1152 3165 1206; x_wconf 73' lang='grc' dir='ltr'><strong>καὶ</strong></span> <span class='ocrx_word' id='word_1_171' title='bbox 3206 1154 3286 1217; x_wconf 88' lang='grc' dir='ltr'><strong>εἰς</strong></span> <span class='ocrx_word' id='word_1_172' title='bbox 3339 1150 3635 1221; x_wconf 66' lang='grc' dir='ltr'>εὑφρασίαν</span> 
     </span>
    </p>
   </div>
   <div class='ocr_carea' id='block_1_26' title="bbox 2054 1241 3633 1319">
    <p class='ocr_par' dir='ltr' id='par_1_26' title="bbox 2054 1241 3633 1319">
     <span class='ocr_line' id='line_1_26' title="bbox 2054 1241 3633 1319; baseline -0.001 -24"><span class='ocrx_word' id='word_1_173' title='bbox 2054 1243 2164 1296; x_wconf 86' lang='grc' dir='ltr'><strong>τῶν</strong></span> <span class='ocrx_word' id='word_1_174' title='bbox 2221 1245 2540 1319; x_wconf 84' lang='grc' dir='ltr'>Πνεύματος</span> <span class='ocrx_word' id='word_1_175' title='bbox 2604 1247 2761 1317; x_wconf 84' lang='grc' dir='ltr'>ἁγίου</span> <span class='ocrx_word' id='word_1_176' title='bbox 2822 1244 3285 1318; x_wconf 79' lang='grc' dir='ltr'>καταξιουμένων.</span> <span class='ocrx_word' id='word_1_177' title='bbox 3344 1243 3459 1297; x_wconf 78' lang='grc' dir='ltr'><strong>Καὶ</strong></span> <span class='ocrx_word' id='word_1_178' title='bbox 3526 1241 3633 1294; x_wconf 72' lang='grc' dir='ltr'>ἐστι</span> 
     </span>
    </p>
   </div>
   <div class='ocr_carea' id='block_1_27' title="bbox 2054 1333 2197 1392">
    <p class='ocr_par' dir='ltr' id='par_1_27' title="bbox 2054 1333 2197 1392">
     <span class='ocr_line' id='line_1_27' title="bbox 2054 1333 2197 1392; baseline 0.035 -5"><span class='ocrx_word' id='word_1_179' title='bbox 2054 1333 2173 1389; x_wconf 76' lang='grc' dir='ltr'>τάδε</span> <span class='ocrx_word' id='word_1_180' title='bbox 2183 1378 2197 1392; x_wconf 93' lang='grc'><strong>.</strong></span> 
     </span>
    </p>
   </div>
   <div class='ocr_carea' id='block_1_28' title="bbox 364 1416 3632 1505">
    <p class='ocr_par' dir='ltr' id='par_1_28' title="bbox 364 1416 3632 1505">
     <span class='ocr_line' id='line_1_28' title="bbox 364 1416 3632 1505; baseline 0.003 -36"><span class='ocrx_word' id='word_1_181' title='bbox 364 1416 493 1470; x_wconf 87' lang='lat' dir='ltr'><strong>liam</strong></span> <span class='ocrx_word' id='word_1_182' title='bbox 525 1416 745 1489; x_wconf 85' lang='lat' dir='ltr'><strong>scripsi,</strong></span> <span class='ocrx_word' id='word_1_183' title='bbox 777 1418 907 1474; x_wconf 91' lang='lat' dir='ltr'><strong>olim</strong></span> <span class='ocrx_word' id='word_1_184' title='bbox 938 1434 967 1473; x_wconf 92' lang='lat' dir='ltr'><strong>a</strong></span> <span class='ocrx_word' id='word_1_185' title='bbox 998 1435 1086 1476; x_wconf 88' lang='lat' dir='ltr'><strong>me</strong></span> <span class='ocrx_word' id='word_1_186' title='bbox 1142 1420 1421 1493; x_wconf 87' lang='lat' dir='ltr'><strong>disputata</strong></span> <span class='ocrx_word' id='word_1_187' title='bbox 1464 1432 1612 1489; x_wconf 91' lang='lat' dir='ltr'><strong>sunt,</strong></span> <span class='ocrx_word' id='word_1_188' title='bbox 1676 1424 1764 1480; x_wconf 90' lang='lat' dir='ltr'><strong>hic</strong></span> <span class='ocrx_word' id='word_1_189' title='bbox 1804 1442 2131 1499; x_wconf 87' lang='lat' dir='ltr'><strong>proponam,</strong></span> <span class='ocrx_word' id='word_1_190' title='bbox 2202 1448 2313 1505; x_wconf 92' lang='lat' dir='ltr'><strong>quo</strong></span> <span class='ocrx_word' id='word_1_191' title='bbox 2370 1444 2427 1491; x_wconf 90' lang='lat' dir='ltr'><strong>et</strong></span> <span class='ocrx_word' id='word_1_192' title='bbox 2476 1435 2902 1491; x_wconf 87' lang='lat' dir='ltr'><strong>contumeliosos</strong></span> <span class='ocrx_word' id='word_1_193' title='bbox 2947 1434 3068 1491; x_wconf 91' lang='lat' dir='ltr'><strong>illos</strong></span> <span class='ocrx_word' id='word_1_194' title='bbox 3107 1433 3163 1487; x_wconf 90' lang='lat' dir='ltr'><strong>in</strong></span> <span class='ocrx_word' id='word_1_195' title='bbox 3197 1429 3466 1501; x_wconf 87' lang='lat' dir='ltr'><strong>Spiritum</strong></span> <span class='ocrx_word' id='word_1_196' title='bbox 3513 1440 3632 1481; x_wconf 77' lang='lat' dir='ltr'><strong>san-</strong></span> 
     </span>
    </p>
   </div>
   <div class='ocr_carea' id='block_1_29' title="bbox 365 1514 3632 1606">
    <p class='ocr_par' dir='ltr' id='par_1_29' title="bbox 365 1514 3632 1606">
     <span class='ocr_line' id='line_1_29' title="bbox 365 1514 3632 1606; baseline 0.005 -39"><span class='ocrx_word' id='word_1_197' title='bbox 365 1520 513 1568; x_wconf 90' lang='lat' dir='ltr'><strong>ctum</strong></span> <span class='ocrx_word' id='word_1_198' title='bbox 545 1514 830 1573; x_wconf 69' lang='lat' dir='ltr'><strong>haareticos</strong></span> <span class='ocrx_word' id='word_1_199' title='bbox 858 1517 1123 1585; x_wconf 81' lang='lat' dir='ltr'><strong>refellam,</strong></span> <span class='ocrx_word' id='word_1_200' title='bbox 1169 1529 1223 1575; x_wconf 91' lang='lat' dir='ltr'><strong>et</strong></span> <span class='ocrx_word' id='word_1_201' title='bbox 1249 1521 1479 1578; x_wconf 84' lang='lat' dir='ltr'><strong>lectores</strong></span> <span class='ocrx_word' id='word_1_202' title='bbox 1514 1521 1795 1579; x_wconf 88' lang='lat' dir='ltr'><strong>instituam</strong></span> <span class='ocrx_word' id='word_1_203' title='bbox 1827 1566 1845 1593; x_wconf 91' lang='lat'><strong>,</strong></span> <span class='ocrx_word' id='word_1_204' title='bbox 1881 1533 1935 1582; x_wconf 86' lang='lat' dir='ltr'><strong>et</strong></span> <span class='ocrx_word' id='word_1_205' title='bbox 1966 1527 2035 1584; x_wconf 90' lang='lat' dir='ltr'><strong>iis</strong></span> <span class='ocrx_word' id='word_1_206' title='bbox 2094 1532 2188 1601; x_wconf 89' lang='lat' dir='ltr'><strong>qui</strong></span> <span class='ocrx_word' id='word_1_207' title='bbox 2235 1531 2503 1606; x_wconf 82' lang='lat' dir='ltr'><strong>Spiritum</strong></span> <span class='ocrx_word' id='word_1_208' title='bbox 2564 1541 2817 1590; x_wconf 88' lang='lat' dir='ltr'><strong>sanctum</strong></span> <span class='ocrx_word' id='word_1_209' title='bbox 2859 1531 3251 1596; x_wconf 90' lang='lat' dir='ltr'><strong>obtinuerunt,</strong></span> <span class='ocrx_word' id='word_1_210' title='bbox 3301 1525 3632 1596; x_wconf 71' lang='lat' dir='ltr'><strong>voluptatem</strong></span> 
     </span>
    </p>
   </div>
   <div class='ocr_carea' id='block_1_30' title="bbox 365 1606 1768 1686">
    <p class='ocr_par' dir='ltr' id='par_1_30' title="bbox 365 1606 1768 1686">
     <span class='ocr_line' id='line_1_30' title="bbox 365 1606 1768 1686; baseline 0.008 -26"><span class='ocrx_word' id='word_1_211' title='bbox 365 1621 430 1664; x_wconf 85' lang='lat' dir='ltr'><strong>ac</strong></span> <span class='ocrx_word' id='word_1_212' title='bbox 467 1606 704 1664; x_wconf 52' lang='lat' dir='ltr'><strong>Iustitiam</strong></span> <span class='ocrx_word' id='word_1_213' title='bbox 732 1608 975 1665; x_wconf 82' lang='lat' dir='ltr'><strong>afferam.</strong></span> <span class='ocrx_word' id='word_1_214' title='bbox 1006 1611 1083 1667; x_wconf 86' lang='lat' dir='ltr'><strong>Ea</strong></span> <span class='ocrx_word' id='word_1_215' title='bbox 1128 1627 1291 1682; x_wconf 89' lang='lat' dir='ltr'><strong>porro</strong></span> <span class='ocrx_word' id='word_1_216' title='bbox 1319 1621 1448 1669; x_wconf 88' lang='lat' dir='ltr'><strong>sunt</strong></span> <span class='ocrx_word' id='word_1_217' title='bbox 1476 1613 1768 1686; x_wconf 85' lang='lat' dir='ltr'><strong>ejusmodi.</strong></span> 
     </span>
    </p>
   </div>
   <div class='ocr_carea' id='block_1_31' title="bbox 690 1724 1636 1800">
    <p class='ocr_par' dir='ltr' id='par_1_31' title="bbox 690 1724 1636 1800">
     <span class='ocr_line' id='line_1_31' title="bbox 690 1724 1636 1800; baseline 0.007 -22"><span class='ocrx_word' id='word_1_218' title='bbox 690 1724 775 1779; x_wconf 73' lang='lat' dir='ltr'><strong>Ex</strong></span> <span class='ocrx_word' id='word_1_219' title='bbox 806 1725 1073 1782; x_wconf 79' lang='lat' dir='ltr'><strong>Ancorato</strong></span> <span class='ocrx_word' id='word_1_220' title='bbox 1106 1738 1348 1797; x_wconf 75' lang='lat' dir='ltr'><strong>excerpta</strong></span> <span class='ocrx_word' id='word_1_221' title='bbox 1375 1729 1636 1800; x_wconf 72' lang='lat' dir='ltr'><strong>qumdam.</strong></span> 
     </span>
    </p>
   </div>
   <div class='ocr_carea' id='block_1_32' title="bbox 439 1838 1955 1910">
    <p class='ocr_par' dir='ltr' id='par_1_32' title="bbox 439 1838 1955 1910">
     <span class='ocr_line' id='line_1_32' title="bbox 439 1838 1955 1910; baseline 0.001 -15"><span class='ocrx_word' id='word_1_222' title='bbox 439 1839 506 1896; x_wconf 88' lang='lat' dir='ltr'><strong>ll.</strong></span> <span class='ocrx_word' id='word_1_223' title='bbox 559 1840 816 1909; x_wconf 71' lang='lat' dir='ltr'><strong>Apparuit</strong></span> <span class='ocrx_word' id='word_1_224' title='bbox 868 1840 1046 1910; x_wconf 88' lang='lat' dir='ltr'><strong>gratia</strong></span> <span class='ocrx_word' id='word_1_225' title='bbox 1092 1838 1309 1894; x_wconf 80' lang='lat' dir='ltr'><strong>Domini</strong></span> <span class='ocrx_word' id='word_1_226' title='bbox 1356 1842 1526 1895; x_wconf 90' lang='lat' dir='ltr'><strong>nostri</strong></span> <span class='ocrx_word' id='word_1_227' title='bbox 1569 1839 1701 1896; x_wconf 83' lang='lat' dir='ltr'><strong>Jesu</strong></span> <span class='ocrx_word' id='word_1_228' title='bbox 1753 1842 1955 1897; x_wconf 81' lang='lat' dir='ltr'><strong>Christi</strong></span> 
     </span>
    </p>
   </div>
   <div class='ocr_carea' id='block_1_33' title="bbox 363 1929 1957 2002">
    <p class='ocr_par' dir='ltr' id='par_1_33' title="bbox 363 1929 1957 2002">
     <span class='ocr_line' id='line_1_33' title="bbox 363 1929 1957 2002; baseline 0.003 -17"><span class='ocrx_word' id='word_1_229' title='bbox 363 1930 608 1985; x_wconf 82' lang='lat' dir='ltr'><strong>erudiens</strong></span> <span class='ocrx_word' id='word_1_230' title='bbox 639 1947 755 1996; x_wconf 88' lang='lat' dir='ltr'><strong>nos,</strong></span> <span class='ocrx_word' id='word_1_231' title='bbox 788 1939 846 1984; x_wconf 91' lang='lat' dir='ltr'><strong>ut</strong></span> <span class='ocrx_word' id='word_1_232' title='bbox 879 1929 1202 2001; x_wconf 80' lang='lat' dir='ltr'><strong>abnegantes</strong></span> <span class='ocrx_word' id='word_1_233' title='bbox 1232 1933 1557 2002; x_wconf 85' lang='lat' dir='ltr'><strong>impietatem</strong></span> <span class='ocrx_word' id='word_1_234' title='bbox 1589 1943 1640 1987; x_wconf 90' lang='lat' dir='ltr'><strong>et</strong></span> <span class='ocrx_word' id='word_1_235' title='bbox 1669 1934 1957 1990; x_wconf 67' lang='lat' dir='ltr'><strong>sweularia</strong></span> 
     </span>
    </p>
   </div>
   <div class='ocr_carea' id='block_1_34' title="bbox 363 2021 1953 2097">
    <p class='ocr_par' dir='ltr' id='par_1_34' title="bbox 363 2021 1953 2097">
     <span class='ocr_line' id='line_1_34' title="bbox 363 2021 1953 2097; baseline 0.004 -22"><span class='ocrx_word' id='word_1_236' title='bbox 363 2021 661 2097; x_wconf 43' lang='lat' dir='ltr'><strong>desideria,</strong></span> <span class='ocrx_word' id='word_1_237' title='bbox 674 2021 870 2087; x_wconf 87' lang='lat' dir='ltr'><strong>sobrie,</strong></span> <span class='ocrx_word' id='word_1_238' title='bbox 898 2021 982 2091; x_wconf 89' lang='lat' dir='ltr'><strong>pie</strong></span> <span class='ocrx_word' id='word_1_239' title='bbox 1009 2030 1061 2075; x_wconf 88' lang='lat' dir='ltr'><strong>et</strong></span> <span class='ocrx_word' id='word_1_240' title='bbox 1085 2022 1227 2092; x_wconf 76' lang='lat' dir='ltr'><strong>iuste</strong></span> <span class='ocrx_word' id='word_1_241' title='bbox 1254 2023 1488 2079; x_wconf 78' lang='lat' dir='ltr'><strong>vivamus</strong></span> <span class='ocrx_word' id='word_1_242' title='bbox 1518 2024 1573 2078; x_wconf 87' lang='lat' dir='ltr'><strong>in</strong></span> <span class='ocrx_word' id='word_1_243' title='bbox 1610 2024 1708 2081; x_wconf 81' lang='lat' dir='ltr'><strong>hoc</strong></span> <span class='ocrx_word' id='word_1_244' title='bbox 1736 2026 1953 2093; x_wconf 62' lang='lat' dir='ltr'><strong>seculo,</strong></span> 
     </span>
    </p>
   </div>
   <div class='ocr_carea' id='block_1_35' title="bbox 360 2113 1956 2189">
    <p class='ocr_par' dir='ltr' id='par_1_35' title="bbox 360 2113 1956 2189">
     <span class='ocr_line' id='line_1_35' title="bbox 360 2113 1956 2189; baseline 0.003 -20"><span class='ocrx_word' id='word_1_245' title='bbox 360 2122 721 2185; x_wconf 69' lang='lat' dir='ltr'><strong>exspectantes</strong></span> <span class='ocrx_word' id='word_1_246' title='bbox 746 2113 920 2185; x_wconf 91' lang='lat'><strong>888</strong></span> <span class='ocrx_word' id='word_1_247' title='bbox 947 2113 1156 2169; x_wconf 83' lang='lat' dir='ltr'><strong>beatam</strong></span> <span class='ocrx_word' id='word_1_248' title='bbox 1185 2129 1329 2183; x_wconf 85' lang='lat' dir='ltr'><strong>spem</strong></span> <span class='ocrx_word' id='word_1_249' title='bbox 1371 2123 1422 2170; x_wconf 90' lang='lat' dir='ltr'><strong>et</strong></span> <span class='ocrx_word' id='word_1_250' title='bbox 1454 2114 1737 2172; x_wconf 85' lang='lat' dir='ltr'><strong>adventum</strong></span> <span class='ocrx_word' id='word_1_251' title='bbox 1771 2120 1956 2189; x_wconf 74' lang='lat' dir='ltr'><strong>gloria</strong></span> 
     </span>
    </p>
   </div>
   <div class='ocr_carea' id='block_1_36' title="bbox 364 2204 1957 2281">
    <p class='ocr_par' dir='ltr' id='par_1_36' title="bbox 364 2204 1957 2281">
     <span class='ocr_line' id='line_1_36' title="bbox 364 2204 1957 2281; baseline 0.004 -22"><span class='ocrx_word' id='word_1_252' title='bbox 364 2206 541 2276; x_wconf 83' lang='lat' dir='ltr'><strong>magni</strong></span> <span class='ocrx_word' id='word_1_253' title='bbox 562 2204 661 2260; x_wconf 88' lang='lat' dir='ltr'><strong>Dei</strong></span> <span class='ocrx_word' id='word_1_254' title='bbox 682 2212 734 2260; x_wconf 86' lang='lat' dir='ltr'><strong>et</strong></span> <span class='ocrx_word' id='word_1_255' title='bbox 762 2204 1061 2261; x_wconf 88' lang='lat' dir='ltr'><strong>Salvatoris</strong></span> <span class='ocrx_word' id='word_1_256' title='bbox 1110 2207 1285 2260; x_wconf 88' lang='lat' dir='ltr'><strong>nostri</strong></span> <span class='ocrx_word' id='word_1_257' title='bbox 1306 2204 1438 2261; x_wconf 82' lang='lat' dir='ltr'><strong>Jesu</strong></span> <span class='ocrx_word' id='word_1_258' title='bbox 1464 2206 1689 2275; x_wconf 69' lang='lat' dir='ltr'><strong>Christi,</strong></span> <span class='ocrx_word' id='word_1_259' title='bbox 1720 2212 1811 2281; x_wconf 85' lang='lat' dir='ltr'><strong>qui</strong></span> <span class='ocrx_word' id='word_1_260' title='bbox 1844 2220 1957 2266; x_wconf 88' lang='lat' dir='ltr'><strong>tra-</strong></span> 
     </span>
    </p>
   </div>
   <div class='ocr_carea' id='block_1_37' title="bbox 362 2284 1955 2369">
    <p class='ocr_par' dir='ltr' id='par_1_37' title="bbox 362 2284 1955 2369">
     <span class='ocr_line' id='line_1_37' title="bbox 362 2284 1955 2369; baseline 0.004 -18"><span class='ocrx_word' id='word_1_261' title='bbox 362 2299 501 2353; x_wconf 87' lang='lat' dir='ltr'><strong>didit</strong></span> <span class='ocrx_word' id='word_1_262' title='bbox 537 2299 766 2369; x_wconf 83' lang='lat' dir='ltr'><strong>seipsum</strong></span> <span class='ocrx_word' id='word_1_263' title='bbox 803 2314 899 2367; x_wconf 91' lang='lat' dir='ltr'><strong>pro</strong></span> <span class='ocrx_word' id='word_1_264' title='bbox 943 2296 1094 2354; x_wconf 87' lang='lat' dir='ltr'><strong>nobis</strong></span> <span class='ocrx_word' id='word_1_265' title='bbox 1140 2306 1200 2353; x_wconf 88' lang='lat' dir='ltr'><strong>ut</strong></span> <span class='ocrx_word' id='word_1_266' title='bbox 1238 2297 1515 2354; x_wconf 87' lang='lat' dir='ltr'><strong>redimeret</strong></span> <span class='ocrx_word' id='word_1_267' title='bbox 1559 2317 1656 2356; x_wconf 87' lang='lat' dir='ltr'><strong>nos</strong></span> <span class='ocrx_word' id='word_1_268' title='bbox 1699 2301 1765 2355; x_wconf 86' lang='lat' dir='ltr'><strong>ab</strong></span> <span class='ocrx_word' id='word_1_269' title='bbox 1813 2284 1955 2359; x_wconf 78' lang='lat' dir='ltr'><strong>omni</strong></span> 
     </span>
    </p>
   </div>
   <div class='ocr_carea' id='block_1_38' title="bbox 364 2385 1953 2461">
    <p class='ocr_par' dir='ltr' id='par_1_38' title="bbox 364 2385 1953 2461">
     <span class='ocr_line' id='line_1_38' title="bbox 364 2385 1953 2461; baseline 0.003 -19"><span class='ocrx_word' id='word_1_270' title='bbox 364 2388 663 2458; x_wconf 75' lang='lat' dir='ltr'><strong>iniquitate,</strong></span> <span class='ocrx_word' id='word_1_271' title='bbox 687 2395 740 2441; x_wconf 89' lang='lat' dir='ltr'><strong>et</strong></span> <span class='ocrx_word' id='word_1_272' title='bbox 762 2395 1014 2458; x_wconf 85' lang='lat' dir='ltr'><strong>purgaret</strong></span> <span class='ocrx_word' id='word_1_273' title='bbox 1041 2385 1145 2442; x_wconf 83' lang='lat' dir='ltr'><strong>sibi</strong></span> <span class='ocrx_word' id='word_1_274' title='bbox 1182 2388 1287 2459; x_wconf 89' lang='lat' dir='ltr'><strong>ipsi</strong></span> <span class='ocrx_word' id='word_1_275' title='bbox 1323 2389 1577 2459; x_wconf 87' lang='lat' dir='ltr'><strong>populum</strong></span> <span class='ocrx_word' id='word_1_276' title='bbox 1604 2390 1953 2461; x_wconf 83' lang='lat' dir='ltr'><strong>peculiarem,</strong></span> 
     </span>
    </p>
   </div>
   <div class='ocr_carea' id='block_1_39' title="bbox 364 2479 1955 2553">
    <p class='ocr_par' dir='ltr' id='par_1_39' title="bbox 364 2479 1955 2553">
     <span class='ocr_line' id='line_1_39' title="bbox 364 2479 1955 2553; baseline 0.003 -19"><span class='ocrx_word' id='word_1_277' title='bbox 364 2488 677 2534; x_wconf 83' lang='lat' dir='ltr'><strong>sectatorem</strong></span> <span class='ocrx_word' id='word_1_278' title='bbox 722 2479 979 2534; x_wconf 86' lang='lat' dir='ltr'><strong>bonorum</strong></span> <span class='ocrx_word' id='word_1_279' title='bbox 1029 2496 1244 2551; x_wconf 79' lang='lat' dir='ltr'><strong>operum</strong></span> <span class='ocrx_word' id='word_1_280' title='bbox 1277 2480 1321 2547; x_wconf 89' lang='lat'><strong>&quot;,</strong></span> <span class='ocrx_word' id='word_1_281' title='bbox 1369 2480 1540 2536; x_wconf 88' lang='lat' dir='ltr'><strong>deleto</strong></span> <span class='ocrx_word' id='word_1_282' title='bbox 1596 2498 1690 2553; x_wconf 89' lang='lat' dir='ltr'><strong>per</strong></span> <span class='ocrx_word' id='word_1_283' title='bbox 1745 2483 1955 2539; x_wconf 84' lang='lat' dir='ltr'><strong>decreta</strong></span> 
     </span>
    </p>
   </div>
   <div class='ocr_carea' id='block_1_40' title="bbox 363 2571 1957 2644">
    <p class='ocr_par' dir='ltr' id='par_1_40' title="bbox 363 2571 1957 2644">
     <span class='ocr_line' id='line_1_40' title="bbox 363 2571 1957 2644; baseline 0.003 -17"><span class='ocrx_word' id='word_1_284' title='bbox 363 2590 463 2627; x_wconf 81' lang='lat' dir='ltr'><strong>sua</strong></span> <span class='ocrx_word' id='word_1_285' title='bbox 500 2571 871 2644; x_wconf 82' lang='lat' dir='ltr'><strong>chirographo,</strong></span> <span class='ocrx_word' id='word_1_286' title='bbox 905 2573 1044 2643; x_wconf 88' lang='lat' dir='ltr'><strong>quod</strong></span> <span class='ocrx_word' id='word_1_287' title='bbox 1074 2582 1260 2627; x_wconf 88' lang='lat' dir='ltr'><strong>contra</strong></span> <span class='ocrx_word' id='word_1_288' title='bbox 1298 2590 1394 2628; x_wconf 90' lang='lat' dir='ltr'><strong>nos</strong></span> <span class='ocrx_word' id='word_1_289' title='bbox 1425 2583 1544 2629; x_wconf 86' lang='lat' dir='ltr'><strong>erat</strong></span> <span class='ocrx_word' id='word_1_290' title='bbox 1590 2591 1652 2629; x_wconf 89' lang='lat' dir='ltr'><strong>ac</strong></span> <span class='ocrx_word' id='word_1_291' title='bbox 1682 2577 1831 2631; x_wconf 86' lang='lat' dir='ltr'><strong>nobis</strong></span> <span class='ocrx_word' id='word_1_292' title='bbox 1858 2578 1957 2631; x_wconf 83' lang='lat' dir='ltr'><strong>ad-</strong></span> 
     </span>
    </p>
   </div>
   <div class='ocr_carea' id='block_1_41' title="bbox 364 2665 1954 2740">
    <p class='ocr_par' dir='ltr' id='par_1_41' title="bbox 364 2665 1954 2740">
     <span class='ocr_line' id='line_1_41' title="bbox 364 2665 1954 2740; baseline 0.002 -21"><span class='ocrx_word' id='word_1_293' title='bbox 364 2666 703 2740; x_wconf 70' lang='lat' dir='ltr'><strong>versabatur,</strong></span> <span class='ocrx_word' id='word_1_294' title='bbox 756 2665 895 2735; x_wconf 89' lang='lat' dir='ltr'><strong>quod</strong></span> <span class='ocrx_word' id='word_1_295' title='bbox 923 2681 951 2720; x_wconf 92' lang='lat' dir='ltr'><strong>e</strong></span> <span class='ocrx_word' id='word_1_296' title='bbox 979 2665 1149 2720; x_wconf 87' lang='lat' dir='ltr'><strong>medio</strong></span> <span class='ocrx_word' id='word_1_297' title='bbox 1177 2666 1447 2721; x_wconf 87' lang='lat' dir='ltr'><strong>sublatum</strong></span> <span class='ocrx_word' id='word_1_298' title='bbox 1480 2668 1649 2737; x_wconf 57' lang='lat' dir='ltr'><strong>aﬂuit</strong></span> <span class='ocrx_word' id='word_1_299' title='bbox 1692 2669 1859 2728; x_wconf 87' lang='lat' dir='ltr'><strong>cruci,</strong></span> <span class='ocrx_word' id='word_1_300' title='bbox 1892 2686 1954 2722; x_wconf 89' lang='lat' dir='ltr'><strong>ac</strong></span> 
     </span>
    </p>
   </div>
   <div class='ocr_carea' id='block_1_42' title="bbox 362 2759 1956 2829">
    <p class='ocr_par' dir='ltr' id='par_1_42' title="bbox 362 2759 1956 2829">
     <span class='ocr_line' id='line_1_42' title="bbox 362 2759 1956 2829; baseline 0.003 -18"><span class='ocrx_word' id='word_1_301' title='bbox 362 2759 688 2828; x_wconf 74' lang='lat' dir='ltr'><strong>principatus</strong></span> <span class='ocrx_word' id='word_1_302' title='bbox 736 2766 787 2813; x_wconf 88' lang='lat' dir='ltr'><strong>et</strong></span> <span class='ocrx_word' id='word_1_303' title='bbox 830 2767 1114 2829; x_wconf 89' lang='lat' dir='ltr'><strong>potestates</strong></span> <span class='ocrx_word' id='word_1_304' title='bbox 1145 2760 1382 2829; x_wconf 88' lang='lat' dir='ltr'><strong>spolians</strong></span> <span class='ocrx_word' id='word_1_305' title='bbox 1419 2762 1662 2815; x_wconf 74' lang='lat' dir='ltr'><strong>traduxit</strong></span> <span class='ocrx_word' id='word_1_306' title='bbox 1698 2763 1956 2816; x_wconf 87' lang='lat' dir='ltr'><strong>audacter</strong></span> 
     </span>
    </p>
   </div>
   <div class='ocr_carea' id='block_1_43' title="bbox 368 2844 1954 2923">
    <p class='ocr_par' dir='ltr' id='par_1_43' title="bbox 368 2844 1954 2923">
     <span class='ocr_line' id='line_1_43' title="bbox 368 2844 1954 2923; baseline 0.004 -20"><span class='ocrx_word' id='word_1_307' title='bbox 368 2850 702 2922; x_wconf 78' lang='lat' dir='ltr'><strong>triumphans</strong></span> <span class='ocrx_word' id='word_1_308' title='bbox 730 2850 853 2906; x_wconf 89' lang='lat' dir='ltr'><strong>illos</strong></span> <span class='ocrx_word' id='word_1_309' title='bbox 886 2852 939 2905; x_wconf 89' lang='lat' dir='ltr'><strong>in</strong></span> <span class='ocrx_word' id='word_1_310' title='bbox 967 2844 1243 2923; x_wconf 81' lang='lat' dir='ltr'><strong>semetipso</strong></span> <span class='ocrx_word' id='word_1_311' title='bbox 1273 2853 1314 2908; x_wconf 85' lang='grc'><strong>⁸.</strong></span> <span class='ocrx_word' id='word_1_312' title='bbox 1350 2851 1562 2909; x_wconf 89' lang='lat' dir='ltr'><strong>Etcum</strong></span> <span class='ocrx_word' id='word_1_313' title='bbox 1594 2869 1775 2917; x_wconf 72' lang='lat' dir='ltr'><strong>:eneas</strong></span> <span class='ocrx_word' id='word_1_314' title='bbox 1807 2853 1954 2909; x_wconf 83' lang='lat' dir='ltr'><strong>fores</strong></span> 
     </span>
    </p>
   </div>
   <div class='ocr_carea' id='block_1_44' title="bbox 365 2940 1955 3014">
    <p class='ocr_par' dir='ltr' id='par_1_44' title="bbox 365 2940 1955 3014">
     <span class='ocr_line' id='line_1_44' title="bbox 365 2940 1955 3014; baseline 0.003 -20"><span class='ocrx_word' id='word_1_315' title='bbox 365 2940 741 3008; x_wconf 83' lang='lat' dir='ltr'><strong>contrivisset,</strong></span> <span class='ocrx_word' id='word_1_316' title='bbox 798 2956 862 2998; x_wconf 87' lang='lat' dir='ltr'><strong>ac</strong></span> <span class='ocrx_word' id='word_1_317' title='bbox 899 2951 1082 2997; x_wconf 84' lang='lat' dir='ltr'><strong>vectes</strong></span> <span class='ocrx_word' id='word_1_318' title='bbox 1124 2942 1333 2999; x_wconf 79' lang='lat' dir='ltr'><strong>ferreos</strong></span> <span class='ocrx_word' id='word_1_319' title='bbox 1378 2943 1798 3014; x_wconf 82' lang='lat' dir='ltr'><strong>conlregisset’,</strong></span> <span class='ocrx_word' id='word_1_320' title='bbox 1832 2945 1955 2999; x_wconf 66' lang='lat' dir='ltr'><strong>vitae</strong></span> 
     </span>
    </p>
   </div>
   <div class='ocr_carea' id='block_1_45' title="bbox 365 3032 1954 3105">
    <p class='ocr_par' dir='ltr' id='par_1_45' title="bbox 365 3032 1954 3105">
     <span class='ocr_line' id='line_1_45' title="bbox 365 3032 1954 3105; baseline -0.001 -15"><span class='ocrx_word' id='word_1_321' title='bbox 365 3032 717 3104; x_wconf 87' lang='lat' dir='ltr'><strong>postmodum</strong></span> <span class='ocrx_word' id='word_1_322' title='bbox 763 3033 946 3089; x_wconf 86' lang='lat' dir='ltr'><strong>lumen</strong></span> <span class='ocrx_word' id='word_1_323' title='bbox 991 3033 1255 3099; x_wconf 87' lang='lat' dir='ltr'><strong>ostendit,</strong></span> <span class='ocrx_word' id='word_1_324' title='bbox 1306 3049 1503 3090; x_wconf 87' lang='lat' dir='ltr'><strong>manus</strong></span> <span class='ocrx_word' id='word_1_325' title='bbox 1549 3035 1838 3105; x_wconf 83' lang='lat' dir='ltr'><strong>porrigens</strong></span> <span class='ocrx_word' id='word_1_326' title='bbox 1890 3050 1954 3089; x_wconf 92' lang='lat' dir='ltr'><strong>ac</strong></span> 
     </span>
    </p>
   </div>
   <div class='ocr_carea' id='block_1_46' title="bbox 364 3126 1953 3191">
    <p class='ocr_par' dir='ltr' id='par_1_46' title="bbox 364 3126 1953 3191">
     <span class='ocr_line' id='line_1_46' title="bbox 364 3126 1953 3191; baseline 0.002 -10"><span class='ocrx_word' id='word_1_327' title='bbox 364 3129 508 3182; x_wconf 67' lang='lat' dir='ltr'><strong>riam</strong></span> <span class='ocrx_word' id='word_1_328' title='bbox 545 3126 823 3191; x_wconf 89' lang='lat' dir='ltr'><strong>muniens,</strong></span> <span class='ocrx_word' id='word_1_329' title='bbox 850 3134 905 3182; x_wconf 89' lang='lat' dir='ltr'><strong>et</strong></span> <span class='ocrx_word' id='word_1_330' title='bbox 936 3126 1005 3181; x_wconf 88' lang='lat' dir='ltr'><strong>ad</strong></span> <span class='ocrx_word' id='word_1_331' title='bbox 1030 3128 1229 3182; x_wconf 65' lang='lat' dir='ltr'><strong>caelum</strong></span> <span class='ocrx_word' id='word_1_332' title='bbox 1257 3126 1739 3183; x_wconf 87' lang='lat' dir='ltr'><strong>conscendendum</strong></span> <span class='ocrx_word' id='word_1_333' title='bbox 1774 3127 1953 3184; x_wconf 82' lang='lat' dir='ltr'><strong>scalas</strong></span> 
     </span>
    </p>
   </div>
   <div class='ocr_carea' id='block_1_47' title="bbox 365 3218 1955 3288">
    <p class='ocr_par' dir='ltr' id='par_1_47' title="bbox 365 3218 1955 3288">
     <span class='ocr_line' id='line_1_47' title="bbox 365 3218 1955 3288; baseline 0.003 -17"><span class='ocrx_word' id='word_1_334' title='bbox 365 3218 683 3284; x_wconf 81' lang='lat' dir='ltr'><strong>ostendens,</strong></span> <span class='ocrx_word' id='word_1_335' title='bbox 716 3232 781 3272; x_wconf 91' lang='lat' dir='ltr'><strong>ac</strong></span> <span class='ocrx_word' id='word_1_336' title='bbox 828 3218 1143 3288; x_wconf 80' lang='lat' dir='ltr'><strong>paradisum</strong></span> <span class='ocrx_word' id='word_1_337' title='bbox 1182 3218 1419 3288; x_wconf 82' lang='lat' dir='ltr'><strong>denique</strong></span> <span class='ocrx_word' id='word_1_338' title='bbox 1451 3234 1648 3275; x_wconf 88' lang='lat' dir='ltr'><strong>rursus</strong></span> <span class='ocrx_word' id='word_1_339' title='bbox 1684 3220 1752 3275; x_wconf 87' lang='lat' dir='ltr'><strong>ad</strong></span> <span class='ocrx_word' id='word_1_340' title='bbox 1796 3220 1955 3275; x_wconf 82' lang='lat' dir='ltr'><strong>habi-</strong></span> 
     </span>
    </p>
   </div>
   <div class='ocr_carea' id='block_1_48' title="bbox 368 3308 1954 3381">
    <p class='ocr_par' dir='ltr' id='par_1_48' title="bbox 368 3308 1954 3381">
     <span class='ocr_line' id='line_1_48' title="bbox 368 3308 1954 3381; baseline 0.003 -18"><span class='ocrx_word' id='word_1_341' title='bbox 368 3310 593 3366; x_wconf 86' lang='lat' dir='ltr'><strong>tandum</strong></span> <span class='ocrx_word' id='word_1_342' title='bbox 618 3308 873 3366; x_wconf 79' lang='lat' dir='ltr'><strong>oll‘erens.</strong></span> <span class='ocrx_word' id='word_1_343' title='bbox 907 3309 1009 3365; x_wconf 77' lang='lat' dir='ltr'><strong>Hic</strong></span> <span class='ocrx_word' id='word_1_344' title='bbox 1034 3310 1198 3381; x_wconf 81' lang='lat' dir='ltr'><strong>igitur</strong></span> <span class='ocrx_word' id='word_1_345' title='bbox 1236 3310 1494 3367; x_wconf 79' lang='lat' dir='ltr'><strong>habitavit</strong></span> <span class='ocrx_word' id='word_1_346' title='bbox 1534 3312 1592 3366; x_wconf 88' lang='lat' dir='ltr'><strong>in</strong></span> <span class='ocrx_word' id='word_1_347' title='bbox 1624 3311 1772 3367; x_wconf 89' lang='lat' dir='ltr'><strong>nobis</strong></span> <span class='ocrx_word' id='word_1_348' title='bbox 1794 3313 1859 3378; x_wconf 70' lang='grc' dir='ltr'><strong>ιο,</strong></span> <span class='ocrx_word' id='word_1_349' title='bbox 1890 3328 1954 3367; x_wconf 89' lang='lat' dir='ltr'><strong>ac</strong></span> 
     </span>
    </p>
   </div>
   <div class='ocr_carea' id='block_1_49' title="bbox 367 3401 1953 3474">
    <p class='ocr_par' dir='ltr' id='par_1_49' title="bbox 367 3401 1953 3474">
     <span class='ocr_line' id='line_1_49' title="bbox 367 3401 1953 3474; baseline 0.002 -18"><span class='ocrx_word' id='word_1_350' title='bbox 367 3402 507 3474; x_wconf 63' lang='lat' dir='ltr'><strong>legis</strong></span> <span class='ocrx_word' id='word_1_351' title='bbox 553 3401 795 3473; x_wconf 88' lang='lat' dir='ltr'><strong>Spiritus</strong></span> <span class='ocrx_word' id='word_1_352' title='bbox 824 3402 999 3459; x_wconf 87' lang='lat' dir='ltr'><strong>sancti</strong></span> <span class='ocrx_word' id='word_1_353' title='bbox 1034 3403 1487 3473; x_wconf 84' lang='lat' dir='ltr'><strong>justiﬁeationem</strong></span> <span class='ocrx_word' id='word_1_354' title='bbox 1527 3404 1690 3460; x_wconf 83' lang='lat' dir='ltr'><strong>nobis</strong></span> <span class='ocrx_word' id='word_1_355' title='bbox 1715 3415 1799 3461; x_wconf 90' lang='lat' dir='ltr'><strong>est</strong></span> <span class='ocrx_word' id='word_1_356' title='bbox 1840 3406 1953 3460; x_wconf 92' lang='lat' dir='ltr'><strong>lar-</strong></span> 
     </span>
    </p>
   </div>
   <div class='ocr_carea' id='block_1_50' title="bbox 366 3497 1955 3570">
    <p class='ocr_par' dir='ltr' id='par_1_50' title="bbox 366 3497 1955 3570">
     <span class='ocr_line' id='line_1_50' title="bbox 366 3497 1955 3570; baseline 0.003 -20"><span class='ocrx_word' id='word_1_357' title='bbox 366 3497 535 3565; x_wconf 78' lang='lat' dir='ltr'><strong>gitus,</strong></span> <span class='ocrx_word' id='word_1_358' title='bbox 586 3503 647 3551; x_wconf 90' lang='lat' dir='ltr'><strong>ut</strong></span> <span class='ocrx_word' id='word_1_359' title='bbox 697 3503 804 3552; x_wconf 91' lang='lat' dir='ltr'><strong>tam</strong></span> <span class='ocrx_word' id='word_1_360' title='bbox 840 3497 1041 3568; x_wconf 88' lang='lat' dir='ltr'><strong>ipsum,</strong></span> <span class='ocrx_word' id='word_1_361' title='bbox 1087 3512 1255 3567; x_wconf 91' lang='lat' dir='ltr'><strong>quam</strong></span> <span class='ocrx_word' id='word_1_362' title='bbox 1280 3514 1403 3568; x_wconf 62' lang='lat' dir='ltr'><strong>qua?</strong></span> <span class='ocrx_word' id='word_1_363' title='bbox 1446 3507 1576 3553; x_wconf 88' lang='lat' dir='ltr'><strong>sunt</strong></span> <span class='ocrx_word' id='word_1_364' title='bbox 1621 3498 1798 3569; x_wconf 89' lang='lat' dir='ltr'><strong>ipsius</strong></span> <span class='ocrx_word' id='word_1_365' title='bbox 1832 3515 1955 3570; x_wconf 88' lang='lat' dir='ltr'><strong>pro-</strong></span> 
     </span>
    </p>
   </div>
   <div class='ocr_carea' id='block_1_51' title="bbox 367 3589 1952 3660">
    <p class='ocr_par' dir='ltr' id='par_1_51' title="bbox 367 3589 1952 3660">
     <span class='ocr_line' id='line_1_51' title="bbox 367 3589 1952 3660; baseline 0.001 -18"><span class='ocrx_word' id='word_1_366' title='bbox 367 3589 481 3654; x_wconf 81' lang='lat' dir='ltr'><strong>pria</strong></span> <span class='ocrx_word' id='word_1_367' title='bbox 512 3602 913 3659; x_wconf 87' lang='lat' dir='ltr'><strong>cognoscamus</strong></span> <span class='ocrx_word' id='word_1_368' title='bbox 944 3607 957 3643; x_wconf 93' lang='lat'>:</span> <span class='ocrx_word' id='word_1_369' title='bbox 994 3589 1139 3660; x_wconf 90' lang='lat' dir='ltr'><strong>quod</strong></span> <span class='ocrx_word' id='word_1_370' title='bbox 1170 3589 1296 3645; x_wconf 74' lang='lat' dir='ltr'><strong>vita:</strong></span> <span class='ocrx_word' id='word_1_371' title='bbox 1337 3590 1555 3645; x_wconf 90' lang='lat' dir='ltr'><strong>initium</strong></span> <span class='ocrx_word' id='word_1_372' title='bbox 1595 3605 1661 3645; x_wconf 88' lang='lat' dir='ltr'><strong>ac</strong></span> <span class='ocrx_word' id='word_1_373' title='bbox 1694 3590 1819 3647; x_wconf 86' lang='lat' dir='ltr'><strong>ﬁnis</strong></span> <span class='ocrx_word' id='word_1_374' title='bbox 1847 3600 1952 3646; x_wconf 88' lang='lat' dir='ltr'><strong>est.</strong></span> 
     </span>
    </p>
   </div>
   <div class='ocr_carea' id='block_1_52' title="bbox 368 3679 1950 3753">
    <p class='ocr_par' dir='ltr' id='par_1_52' title="bbox 368 3679 1950 3753">
     <span class='ocr_line' id='line_1_52' title="bbox 368 3679 1950 3753; baseline 0.003 -21"><span class='ocrx_word' id='word_1_375' title='bbox 368 3679 513 3752; x_wconf 84' lang='lat' dir='ltr'><strong>Ergo</strong></span> <span class='ocrx_word' id='word_1_376' title='bbox 544 3681 776 3752; x_wconf 67' lang='lat' dir='ltr'><strong>justitias</strong></span> <span class='ocrx_word' id='word_1_377' title='bbox 807 3682 967 3738; x_wconf 90' lang='lat' dir='ltr'><strong>nobis</strong></span> <span class='ocrx_word' id='word_1_378' title='bbox 1013 3696 1275 3738; x_wconf 83' lang='lat' dir='ltr'><strong>concessa</strong></span> <span class='ocrx_word' id='word_1_379' title='bbox 1304 3682 1390 3737; x_wconf 85' lang='lat' dir='ltr'><strong>lex</strong></span> <span class='ocrx_word' id='word_1_380' title='bbox 1419 3689 1526 3746; x_wconf 88' lang='lat' dir='ltr'><strong>est,</strong></span> <span class='ocrx_word' id='word_1_381' title='bbox 1559 3682 1668 3749; x_wconf 90' lang='lat' dir='ltr'><strong>lex,</strong></span> <span class='ocrx_word' id='word_1_382' title='bbox 1705 3683 1950 3753; x_wconf 90' lang='lat' dir='ltr'><strong>inquam,</strong></span> 
     </span>
    </p>
   </div>
   <div class='ocr_carea' id='block_1_53' title="bbox 370 3773 1952 3845">
    <p class='ocr_par' dir='ltr' id='par_1_53' title="bbox 370 3773 1952 3845">
     <span class='ocr_line' id='line_1_53' title="bbox 370 3773 1952 3845; baseline 0.002 -17"><span class='ocrx_word' id='word_1_383' title='bbox 370 3773 517 3839; x_wconf 88' lang='lat' dir='ltr'><strong>ﬁdei,</strong></span> <span class='ocrx_word' id='word_1_384' title='bbox 544 3773 632 3829; x_wconf 92' lang='lat' dir='ltr'><strong>lex</strong></span> <span class='ocrx_word' id='word_1_385' title='bbox 673 3773 921 3843; x_wconf 86' lang='lat' dir='ltr'><strong>spiritus,</strong></span> <span class='ocrx_word' id='word_1_386' title='bbox 962 3780 1015 3829; x_wconf 89' lang='lat' dir='ltr'><strong>et</strong></span> <span class='ocrx_word' id='word_1_387' title='bbox 1065 3787 1096 3827; x_wconf 85' lang='lat' dir='ltr'><strong>a</strong></span> <span class='ocrx_word' id='word_1_388' title='bbox 1121 3773 1239 3844; x_wconf 84' lang='lat' dir='ltr'><strong>lege</strong></span> <span class='ocrx_word' id='word_1_389' title='bbox 1281 3773 1466 3830; x_wconf 86' lang='lat' dir='ltr'><strong>carnis</strong></span> <span class='ocrx_word' id='word_1_390' title='bbox 1506 3775 1716 3845; x_wconf 91' lang='lat' dir='ltr'><strong>peccati</strong></span> <span class='ocrx_word' id='word_1_391' title='bbox 1761 3775 1952 3831; x_wconf 88' lang='lat' dir='ltr'><strong>libera.</strong></span> 
     </span>
    </p>
   </div>
   <div class='ocr_carea' id='block_1_54' title="bbox 369 3865 1946 3938">
    <p class='ocr_par' dir='ltr' id='par_1_54' title="bbox 369 3865 1946 3938">
     <span class='ocr_line' id='line_1_54' title="bbox 369 3865 1946 3938; baseline -0.003 -15"><span class='ocrx_word' id='word_1_392' title='bbox 369 3867 737 3935; x_wconf 73' lang='lat' dir='ltr'><strong>Quamobrem</strong></span> <span class='ocrx_word' id='word_1_393' title='bbox 758 3867 903 3938; x_wconf 91' lang='lat' dir='ltr'><strong>quod</strong></span> <span class='ocrx_word' id='word_1_394' title='bbox 937 3866 1004 3921; x_wconf 83' lang='lat' dir='ltr'><strong>ad</strong></span> <span class='ocrx_word' id='word_1_395' title='bbox 1034 3866 1352 3921; x_wconf 88' lang='lat' dir='ltr'><strong>interiorem</strong></span> <span class='ocrx_word' id='word_1_396' title='bbox 1389 3865 1663 3923; x_wconf 86' lang='lat' dir='ltr'><strong>hominem</strong></span> <span class='ocrx_word' id='word_1_397' title='bbox 1688 3867 1946 3937; x_wconf 87' lang='lat' dir='ltr'><strong>pertinet,</strong></span> 
     </span>
    </p>
   </div>
   <div class='ocr_carea' id='block_1_55' title="bbox 370 3959 1954 4018">
    <p class='ocr_par' dir='ltr' id='par_1_55' title="bbox 370 3959 1954 4018">
     <span class='ocr_line' id='line_1_55' title="bbox 370 3959 1954 4018; baseline -0.001 0"><span class='ocrx_word' id='word_1_398' title='bbox 370 3962 468 4018; x_wconf 85' lang='lat' dir='ltr'><strong>Dei</strong></span> <span class='ocrx_word' id='word_1_399' title='bbox 498 3976 586 4016; x_wconf 86' lang='lat' dir='ltr'><strong>me</strong></span> <span class='ocrx_word' id='word_1_400' title='bbox 623 3961 714 4017; x_wconf 84' lang='lat' dir='ltr'><strong>lex</strong></span> <span class='ocrx_word' id='word_1_401' title='bbox 751 3959 1065 4016; x_wconf 81' lang='lat' dir='ltr'><strong>delectat“.</strong></span> <span class='ocrx_word' id='word_1_402' title='bbox 1099 3959 1198 4016; x_wconf 86' lang='lat' dir='ltr'><strong>Est</strong></span> <span class='ocrx_word' id='word_1_403' title='bbox 1244 3968 1425 4017; x_wconf 87' lang='lat' dir='ltr'><strong>autem</strong></span> <span class='ocrx_word' id='word_1_404' title='bbox 1458 3961 1601 4015; x_wconf 90' lang='lat' dir='ltr'><strong>intra</strong></span> <span class='ocrx_word' id='word_1_405' title='bbox 1645 3975 1749 4018; x_wconf 87' lang='lat' dir='ltr'><strong>nos</strong></span> <span class='ocrx_word' id='word_1_406' title='bbox 1789 3961 1954 4017; x_wconf 82' lang='lat' dir='ltr'><strong>Chri-</strong></span> 
     </span>
    </p>
   </div>
   <div class='ocr_carea' id='block_1_56' title="bbox 369 4052 1956 4125">
    <p class='ocr_par' dir='ltr' id='par_1_56' title="bbox 369 4052 1956 4125">
     <span class='ocr_line' id='line_1_56' title="bbox 369 4052 1956 4125; baseline 0 -16"><span class='ocrx_word' id='word_1_407' title='bbox 369 4063 512 4120; x_wconf 86' lang='lat' dir='ltr'><strong>stus,</strong></span> <span class='ocrx_word' id='word_1_408' title='bbox 561 4052 831 4125; x_wconf 87' lang='lat' dir='ltr'><strong>siquidem</strong></span> <span class='ocrx_word' id='word_1_409' title='bbox 890 4052 1100 4109; x_wconf 82' lang='lat' dir='ltr'><strong>habitat</strong></span> <span class='ocrx_word' id='word_1_410' title='bbox 1152 4052 1207 4107; x_wconf 92' lang='lat' dir='ltr'><strong>in</strong></span> <span class='ocrx_word' id='word_1_411' title='bbox 1287 4053 1471 4109; x_wconf 89' lang='lat' dir='ltr'><strong>nobis.</strong></span> <span class='ocrx_word' id='word_1_412' title='bbox 1550 4052 1655 4109; x_wconf 87' lang='lat' dir='ltr'><strong>Sed</strong></span> <span class='ocrx_word' id='word_1_413' title='bbox 1704 4063 1956 4109; x_wconf 91' lang='lat' dir='ltr'><strong>mortuus</strong></span> 
     </span>
    </p>
   </div>
   <div class='ocr_carea' id='block_1_57' title="bbox 372 4143 1958 4219">
    <p class='ocr_par' dir='ltr' id='par_1_57' title="bbox 372 4143 1958 4219">
     <span class='ocr_line' id='line_1_57' title="bbox 372 4143 1958 4219; baseline -0.001 -18"><span class='ocrx_word' id='word_1_414' title='bbox 372 4148 496 4219; x_wconf 83' lang='lat' dir='ltr'><strong>ipse</strong></span> <span class='ocrx_word' id='word_1_415' title='bbox 532 4146 622 4202; x_wconf 78' lang='lat' dir='ltr'><strong>via</strong></span> <span class='ocrx_word' id='word_1_416' title='bbox 652 4145 780 4201; x_wconf 66' lang='lat' dir='ltr'><strong>vita:</strong></span> <span class='ocrx_word' id='word_1_417' title='bbox 827 4153 1017 4202; x_wconf 84' lang='lat' dir='ltr'><strong>nostra</strong></span> <span class='ocrx_word' id='word_1_418' title='bbox 1054 4160 1223 4202; x_wconf 88' lang='lat' dir='ltr'><strong>causa</strong></span> <span class='ocrx_word' id='word_1_419' title='bbox 1258 4143 1440 4202; x_wconf 80' lang='lat' dir='ltr'><strong>iactus</strong></span> <span class='ocrx_word' id='word_1_420' title='bbox 1480 4152 1566 4201; x_wconf 89' lang='lat' dir='ltr'><strong>est</strong></span> <span class='ocrx_word' id='word_1_421' title='bbox 1596 4164 1609 4200; x_wconf 90' lang='lat'>:</span> <span class='ocrx_word' id='word_1_422' title='bbox 1650 4144 1719 4199; x_wconf 90' lang='lat' dir='ltr'><strong>Ut</strong></span> <span class='ocrx_word' id='word_1_423' title='bbox 1753 4145 1845 4215; x_wconf 87' lang='lat' dir='ltr'><strong>qui</strong></span> <span class='ocrx_word' id='word_1_424' title='bbox 1885 4147 1958 4200; x_wconf 84' lang='lat' dir='ltr'><strong>vi-</strong></span> 
     </span>
    </p>
   </div>
   <div class='ocr_carea' id='block_1_58' title="bbox 370 4236 1955 4309">
    <p class='ocr_par' dir='ltr' id='par_1_58' title="bbox 370 4236 1955 4309">
     <span class='ocr_line' id='line_1_58' title="bbox 370 4236 1955 4309; baseline -0.002 -17"><span class='ocrx_word' id='word_1_425' title='bbox 370 4248 516 4307; x_wconf 74' lang='lat' dir='ltr'><strong>sunt,</strong></span> <span class='ocrx_word' id='word_1_426' title='bbox 543 4255 648 4296; x_wconf 76' lang='lat' dir='ltr'><strong>non</strong></span> <span class='ocrx_word' id='word_1_427' title='bbox 691 4240 796 4294; x_wconf 86' lang='lat' dir='ltr'><strong>sibi</strong></span> <span class='ocrx_word' id='word_1_428' title='bbox 840 4239 969 4308; x_wconf 84' lang='lat' dir='ltr'><strong>ipsis</strong></span> <span class='ocrx_word' id='word_1_429' title='bbox 1011 4238 1240 4309; x_wconf 86' lang='lat' dir='ltr'><strong>amplius</strong></span> <span class='ocrx_word' id='word_1_430' title='bbox 1279 4238 1473 4305; x_wconf 81' lang='lat' dir='ltr'><strong>vivant,</strong></span> <span class='ocrx_word' id='word_1_431' title='bbox 1514 4236 1605 4292; x_wconf 88' lang='lat' dir='ltr'><strong>sed</strong></span> <span class='ocrx_word' id='word_1_432' title='bbox 1642 4238 1691 4291; x_wconf 88' lang='lat' dir='ltr'><strong>ei</strong></span> <span class='ocrx_word' id='word_1_433' title='bbox 1731 4238 1821 4308; x_wconf 87' lang='lat' dir='ltr'><strong>qui</strong></span> <span class='ocrx_word' id='word_1_434' title='bbox 1860 4252 1955 4307; x_wconf 88' lang='lat' dir='ltr'><strong>pro</strong></span> 
     </span>
    </p>
   </div>
   <div class='ocr_carea' id='block_1_59' title="bbox 370 4328 1957 4401">
    <p class='ocr_par' dir='ltr' id='par_1_59' title="bbox 370 4328 1957 4401">
     <span class='ocr_line' id='line_1_59' title="bbox 370 4328 1957 4401; baseline -0.002 -14"><span class='ocrx_word' id='word_1_435' title='bbox 370 4332 520 4388; x_wconf 70' lang='lat' dir='ltr'><strong>nobis</strong></span> <span class='ocrx_word' id='word_1_436' title='bbox 563 4341 808 4389; x_wconf 87' lang='lat' dir='ltr'><strong>mortuus</strong></span> <span class='ocrx_word' id='word_1_437' title='bbox 859 4339 941 4387; x_wconf 88' lang='lat' dir='ltr'><strong>est</strong></span> <span class='ocrx_word' id='word_1_438' title='bbox 1004 4340 1055 4386; x_wconf 92' lang='lat' dir='ltr'><strong>et</strong></span> <span class='ocrx_word' id='word_1_439' title='bbox 1101 4331 1391 4386; x_wconf 74' lang='lat' dir='ltr'><strong>resurrexit</strong></span> <span class='ocrx_word' id='word_1_440' title='bbox 1422 4330 1487 4383; x_wconf 81' lang='lat'><strong>&quot;.</strong></span> <span class='ocrx_word' id='word_1_441' title='bbox 1534 4328 1791 4401; x_wconf 89' lang='lat' dir='ltr'><strong>Idemque</strong></span> <span class='ocrx_word' id='word_1_442' title='bbox 1833 4329 1957 4384; x_wconf 65' lang='lat' dir='ltr'><strong>vita:</strong></span> 
     </span>
    </p>
   </div>
   <div class='ocr_carea' id='block_1_60' title="bbox 2416 1732 3288 1803">
    <p class='ocr_par' dir='ltr' id='par_1_60' title="bbox 2416 1732 3288 1803">
     <span class='ocr_line' id='line_1_60' title="bbox 2416 1732 3288 1803; baseline -0.005 -14"><span class='ocrx_word' id='word_1_443' title='bbox 2416 1734 2517 1789; x_wconf 84' lang='grc' dir='ltr'>Ἐκ</span> <span class='ocrx_word' id='word_1_444' title='bbox 2539 1732 2646 1788; x_wconf 87' lang='grc' dir='ltr'><strong>τοῦ</strong></span> <span class='ocrx_word' id='word_1_445' title='bbox 2688 1732 3055 1803; x_wconf 79' lang='grc' dir='ltr'>Ἀγκυρωτοῦ</span> <span class='ocrx_word' id='word_1_446' title='bbox 3085 1732 3288 1803; x_wconf 74' lang='grc' dir='ltr'>λόγος.</span> 
     </span>
    </p>
   </div>
   <div class='ocr_carea' id='block_1_61' title="bbox 2127 1840 3631 1915">
    <p class='ocr_par' dir='ltr' id='par_1_61' title="bbox 2127 1840 3631 1915">
     <span class='ocr_line' id='line_1_61' title="bbox 2127 1840 3631 1915; baseline -0.003 -13"><span class='ocrx_word' id='word_1_447' title='bbox 2127 1846 2203 1902; x_wconf 85' lang='lat' dir='ltr'><strong>B&#39;.</strong></span> <span class='ocrx_word' id='word_1_448' title='bbox 2247 1844 2552 1915; x_wconf 74' lang='grc' dir='ltr'>Ἐπεφάνη</span> <span class='ocrx_word' id='word_1_449' title='bbox 2581 1846 2619 1914; x_wconf 75' lang='grc' dir='ltr'><strong><em>ἡ</em></strong></span> <span class='ocrx_word' id='word_1_450' title='bbox 2647 1843 2821 1914; x_wconf 87' lang='grc' dir='ltr'>χάρις</span> <span class='ocrx_word' id='word_1_451' title='bbox 2851 1843 2957 1898; x_wconf 89' lang='grc' dir='ltr'><strong>τοῦ</strong></span> <span class='ocrx_word' id='word_1_452' title='bbox 2982 1843 3207 1911; x_wconf 83' lang='grc' dir='ltr'><strong>Κυρίου</strong></span> <span class='ocrx_word' id='word_1_453' title='bbox 3236 1840 3404 1911; x_wconf 68' lang='grc' dir='ltr'>ἡμῶν</span> <span class='ocrx_word' id='word_1_454' title='bbox 3446 1842 3631 1910; x_wconf 82' lang='grc' dir='ltr'>Ἰησοῦ</span> 
     </span>
    </p>
   </div>
   <div class='ocr_carea' id='block_1_62' title="bbox 2054 1933 3633 2008">
    <p class='ocr_par' dir='ltr' id='par_1_62' title="bbox 2054 1933 3633 2008">
     <span class='ocr_line' id='line_1_62' title="bbox 2054 1933 3633 2008; baseline -0.004 -15"><span class='ocrx_word' id='word_1_455' title='bbox 2054 1938 2317 2008; x_wconf 80' lang='grc' dir='ltr'>Χριστοῦ</span> <span class='ocrx_word' id='word_1_456' title='bbox 2338 1937 2719 1992; x_wconf 79' lang='grc' dir='ltr'><strong>διδάσκουσα</strong></span> <span class='ocrx_word' id='word_1_457' title='bbox 2738 1934 2896 2005; x_wconf 82' lang='grc' dir='ltr'>ἡμᾶς</span> <span class='ocrx_word' id='word_1_458' title='bbox 2910 1950 2924 1965; x_wconf 87' lang='grc'><strong>·</strong></span> <span class='ocrx_word' id='word_1_459' title='bbox 2948 1935 3069 1999; x_wconf 78' lang='grc' dir='ltr'>ἵνα,</span> <span class='ocrx_word' id='word_1_460' title='bbox 3093 1934 3509 2005; x_wconf 71' lang='grc' dir='ltr'>ἀρνησάμενοι</span> <span class='ocrx_word' id='word_1_461' title='bbox 3530 1933 3633 2002; x_wconf 78' lang='grc' dir='ltr'>τὴν</span> 
     </span>
    </p>
   </div>
   <div class='ocr_carea' id='block_1_63' title="bbox 2054 2025 3631 2096">
    <p class='ocr_par' dir='ltr' id='par_1_63' title="bbox 2054 2025 3631 2096">
     <span class='ocr_line' id='line_1_63' title="bbox 2054 2025 3631 2096; baseline -0.005 -10"><span class='ocrx_word' id='word_1_462' title='bbox 2054 2028 2338 2086; x_wconf 81' lang='grc' dir='ltr'>ἀσέϐειαν</span> <span class='ocrx_word' id='word_1_463' title='bbox 2386 2027 2487 2082; x_wconf 80' lang='grc' dir='ltr'><strong>καί</strong></span> <span class='ocrx_word' id='word_1_464' title='bbox 2530 2026 2637 2094; x_wconf 76' lang='grc' dir='ltr'>τὰς</span> <span class='ocrx_word' id='word_1_465' title='bbox 2687 2025 2981 2096; x_wconf 83' lang='grc' dir='ltr'><strong>κοσμικὰς</strong></span> <span class='ocrx_word' id='word_1_466' title='bbox 3022 2025 3371 2094; x_wconf 79' lang='grc' dir='ltr'><strong>ἐπιθυμίας,</strong></span> <span class='ocrx_word' id='word_1_467' title='bbox 3404 2030 3631 2096; x_wconf 73' lang='grc' dir='ltr'>σωφρό-</span> 
     </span>
    </p>
   </div>
   <div class='ocr_carea' id='block_1_64' title="bbox 2058 2116 3633 2189">
    <p class='ocr_par' dir='ltr' id='par_1_64' title="bbox 2058 2116 3633 2189">
     <span class='ocr_line' id='line_1_64' title="bbox 2058 2116 3633 2189; baseline -0.003 -12"><span class='ocrx_word' id='word_1_468' title='bbox 2058 2140 2177 2189; x_wconf 87' lang='grc' dir='ltr'><strong>νως</strong></span> <span class='ocrx_word' id='word_1_469' title='bbox 2223 2122 2322 2175; x_wconf 85' lang='grc' dir='ltr'><strong>καί</strong></span> <span class='ocrx_word' id='word_1_470' title='bbox 2371 2118 2636 2185; x_wconf 76' lang='grc' dir='ltr'>εὐσεϐῶς</span> <span class='ocrx_word' id='word_1_471' title='bbox 2691 2119 2790 2174; x_wconf 86' lang='grc' dir='ltr'><strong>καί</strong></span> <span class='ocrx_word' id='word_1_472' title='bbox 2837 2118 3079 2185; x_wconf 81' lang='grc' dir='ltr'><strong>δικαίως</strong></span> <span class='ocrx_word' id='word_1_473' title='bbox 3124 2116 3394 2187; x_wconf 79' lang='grc' dir='ltr'>ζήσωμεν</span> <span class='ocrx_word' id='word_1_474' title='bbox 3445 2118 3519 2173; x_wconf 75' lang='grc' dir='ltr'>ἐν</span> <span class='ocrx_word' id='word_1_475' title='bbox 3561 2116 3633 2184; x_wconf 80' lang='grc' dir='ltr'>τῷ</span> 
     </span>
    </p>
   </div>
   <div class='ocr_carea' id='block_1_65' title="bbox 2058 2207 3633 2279">
    <p class='ocr_par' dir='ltr' id='par_1_65' title="bbox 2058 2207 3633 2279">
     <span class='ocr_line' id='line_1_65' title="bbox 2058 2207 3633 2279; baseline -0.005 -10"><span class='ocrx_word' id='word_1_476' title='bbox 2058 2211 2177 2269; x_wconf 86' lang='grc' dir='ltr'><strong>νῦν</strong></span> <span class='ocrx_word' id='word_1_477' title='bbox 2204 2208 2395 2275; x_wconf 83' lang='grc' dir='ltr'>αἰῶνι,</span> <span class='ocrx_word' id='word_1_478' title='bbox 2435 2208 2910 2279; x_wconf 83' lang='grc' dir='ltr'>προσδεχόμενοι</span> <span class='ocrx_word' id='word_1_479' title='bbox 2945 2208 3061 2275; x_wconf 85' lang='grc' dir='ltr'>τὴν</span> <span class='ocrx_word' id='word_1_480' title='bbox 3092 2208 3395 2277; x_wconf 73' lang='grc' dir='ltr'>μακαρίαν</span> <span class='ocrx_word' id='word_1_481' title='bbox 3421 2207 3633 2263; x_wconf 68' lang='grc' dir='ltr'>ἐλπίδα</span> 
     </span>
    </p>
   </div>
   <div class='ocr_carea' id='block_1_66' title="bbox 2056 2300 3634 2374">
    <p class='ocr_par' dir='ltr' id='par_1_66' title="bbox 2056 2300 3634 2374">
     <span class='ocr_line' id='line_1_66' title="bbox 2056 2300 3634 2374; baseline -0.005 -12"><span class='ocrx_word' id='word_1_482' title='bbox 2056 2307 2155 2363; x_wconf 78' lang='grc' dir='ltr'>καὶ</span> <span class='ocrx_word' id='word_1_483' title='bbox 2202 2303 2559 2374; x_wconf 66' lang='grc' dir='ltr'>ἐπιφάνειαν</span> <span class='ocrx_word' id='word_1_484' title='bbox 2607 2301 2719 2372; x_wconf 79' lang='grc' dir='ltr'>τῆς</span> <span class='ocrx_word' id='word_1_485' title='bbox 2760 2300 2946 2369; x_wconf 77' lang='grc' dir='ltr'>δόξης</span> <span class='ocrx_word' id='word_1_486' title='bbox 3005 2300 3113 2355; x_wconf 83' lang='grc' dir='ltr'><strong>τοῦ</strong></span> <span class='ocrx_word' id='word_1_487' title='bbox 3163 2300 3437 2371; x_wconf 58' lang='grc' dir='ltr'>μεγάλου</span> <span class='ocrx_word' id='word_1_488' title='bbox 3495 2300 3634 2355; x_wconf 82' lang='grc' dir='ltr'>Θεοῦ</span> 
     </span>
    </p>
   </div>
   <div class='ocr_carea' id='block_1_67' title="bbox 2056 2392 3636 2468">
    <p class='ocr_par' dir='ltr' id='par_1_67' title="bbox 2056 2392 3636 2468">
     <span class='ocr_line' id='line_1_67' title="bbox 2056 2392 3636 2468; baseline -0.006 -12"><span class='ocrx_word' id='word_1_489' title='bbox 2056 2402 2156 2456; x_wconf 81' lang='grc' dir='ltr'><strong>καί</strong></span> <span class='ocrx_word' id='word_1_490' title='bbox 2192 2397 2469 2468; x_wconf 82' lang='grc' dir='ltr'>Σωτῆρος</span> <span class='ocrx_word' id='word_1_491' title='bbox 2504 2394 2679 2466; x_wconf 63' lang='grc' dir='ltr'>ἡμῶν</span> <span class='ocrx_word' id='word_1_492' title='bbox 2726 2393 2929 2461; x_wconf 83' lang='grc' dir='ltr'>Ἰησοῦ</span> <span class='ocrx_word' id='word_1_493' title='bbox 2974 2393 3268 2463; x_wconf 79' lang='grc' dir='ltr'>Χριστοῦ’</span> <span class='ocrx_word' id='word_1_494' title='bbox 3308 2394 3377 2461; x_wconf 82' lang='grc' dir='ltr'>ὃς</span> <span class='ocrx_word' id='word_1_495' title='bbox 3418 2392 3636 2447; x_wconf 74' lang='grc' dir='ltr'>ἔδωκεν</span> 
     </span>
    </p>
   </div>
   <div class='ocr_carea' id='block_1_68' title="bbox 2056 2483 3635 2559">
    <p class='ocr_par' dir='ltr' id='par_1_68' title="bbox 2056 2483 3635 2559">
     <span class='ocr_line' id='line_1_68' title="bbox 2056 2483 3635 2559; baseline -0.005 -12"><span class='ocrx_word' id='word_1_496' title='bbox 2056 2493 2275 2547; x_wconf 78' lang='grc' dir='ltr'>ἑαυτὸν</span> <span class='ocrx_word' id='word_1_497' title='bbox 2324 2490 2479 2559; x_wconf 82' lang='grc' dir='ltr'>ὑπὲρ</span> <span class='ocrx_word' id='word_1_498' title='bbox 2527 2486 2715 2557; x_wconf 76' lang='grc' dir='ltr'>ἡμῶν,</span> <span class='ocrx_word' id='word_1_499' title='bbox 2763 2486 2866 2540; x_wconf 77' lang='grc' dir='ltr'>ἵνα</span> <span class='ocrx_word' id='word_1_500' title='bbox 2907 2486 3289 2555; x_wconf 72' lang='grc' dir='ltr'>λυτρώσηται</span> <span class='ocrx_word' id='word_1_501' title='bbox 3332 2483 3498 2556; x_wconf 82' lang='grc' dir='ltr'>ἡμᾶς</span> <span class='ocrx_word' id='word_1_502' title='bbox 3524 2485 3635 2540; x_wconf 72' lang='grc' dir='ltr'>ἀπὸ</span> 
     </span>
    </p>
   </div>
   <div class='ocr_carea' id='block_1_69' title="bbox 2055 2575 3635 2649">
    <p class='ocr_par' dir='ltr' id='par_1_69' title="bbox 2055 2575 3635 2649">
     <span class='ocr_line' id='line_1_69' title="bbox 2055 2575 3635 2649; baseline -0.004 -13"><span class='ocrx_word' id='word_1_503' title='bbox 2055 2581 2261 2649; x_wconf 82' lang='grc' dir='ltr'>πάσης</span> <span class='ocrx_word' id='word_1_504' title='bbox 2288 2580 2560 2649; x_wconf 82' lang='grc' dir='ltr'><strong>ἀνομίας,</strong></span> <span class='ocrx_word' id='word_1_505' title='bbox 2596 2575 2696 2632; x_wconf 78' lang='grc' dir='ltr'>καὶ</span> <span class='ocrx_word' id='word_1_506' title='bbox 2732 2577 3028 2647; x_wconf 76' lang='grc' dir='ltr'>καθαρίσῃ</span> <span class='ocrx_word' id='word_1_507' title='bbox 3063 2576 3256 2643; x_wconf 79' lang='grc' dir='ltr'>ἐαυτῷ</span> <span class='ocrx_word' id='word_1_508' title='bbox 3291 2576 3451 2631; x_wconf 73' lang='grc' dir='ltr'>λαὸν</span> <span class='ocrx_word' id='word_1_509' title='bbox 3485 2591 3635 2647; x_wconf 60' lang='grc' dir='ltr'>περιρ</span> 
     </span>
    </p>
   </div>
   <div class='ocr_carea' id='block_1_70' title="bbox 2056 2662 3634 2736">
    <p class='ocr_par' dir='ltr' id='par_1_70' title="bbox 2056 2662 3634 2736">
     <span class='ocr_line' id='line_1_70' title="bbox 2056 2662 3634 2736; baseline -0.003 -11"><span class='ocrx_word' id='word_1_510' title='bbox 2056 2670 2307 2733; x_wconf 82' lang='grc' dir='ltr'>οὐσιον,</span> <span class='ocrx_word' id='word_1_511' title='bbox 2355 2666 2624 2736; x_wconf 74' lang='grc' dir='ltr'>ζηλωτὴν</span> <span class='ocrx_word' id='word_1_512' title='bbox 2677 2662 2881 2719; x_wconf 74' lang='grc' dir='ltr'>καλῶν</span> <span class='ocrx_word' id='word_1_513' title='bbox 2925 2667 3142 2736; x_wconf 74' lang='grc' dir='ltr'>ἔργων’</span> <span class='ocrx_word' id='word_1_514' title='bbox 3194 2667 3532 2736; x_wconf 66' lang='grc' dir='ltr'>ἐξαλείψας</span> <span class='ocrx_word' id='word_1_515' title='bbox 3575 2669 3634 2721; x_wconf 88' lang='grc' dir='ltr'>τὸ</span> 
     </span>
    </p>
   </div>
   <div class='ocr_carea' id='block_1_71' title="bbox 2054 2755 3636 2831">
    <p class='ocr_par' dir='ltr' id='par_1_71' title="bbox 2054 2755 3636 2831">
     <span class='ocr_line' id='line_1_71' title="bbox 2054 2755 3636 2831; baseline -0.002 -14"><span class='ocrx_word' id='word_1_516' title='bbox 2054 2762 2184 2817; x_wconf 86' lang='grc' dir='ltr'>καθ’</span> <span class='ocrx_word' id='word_1_517' title='bbox 2246 2759 2419 2830; x_wconf 78' lang='grc' dir='ltr'>ήμῶν</span> <span class='ocrx_word' id='word_1_518' title='bbox 2466 2760 2864 2831; x_wconf 68' lang='grc' dir='ltr'>χειρόγραφον</span> <span class='ocrx_word' id='word_1_519' title='bbox 2924 2758 3049 2825; x_wconf 86' lang='grc' dir='ltr'>τοῖς</span> <span class='ocrx_word' id='word_1_520' title='bbox 3100 2757 3396 2829; x_wconf 76' lang='grc' dir='ltr'>δόγμασιν</span> <span class='ocrx_word' id='word_1_521' title='bbox 3421 2800 3438 2824; x_wconf 89' lang='grc'><strong>,</strong></span> <span class='ocrx_word' id='word_1_522' title='bbox 3491 2760 3524 2814; x_wconf 84' lang='grc' dir='ltr'><strong>δ</strong></span> <span class='ocrx_word' id='word_1_523' title='bbox 3565 2755 3636 2829; x_wconf 74' lang='grc' dir='ltr'>ἦν</span> 
     </span>
    </p>
   </div>
   <div class='ocr_carea' id='block_1_72' title="bbox 2054 2847 3637 2922">
    <p class='ocr_par' dir='ltr' id='par_1_72' title="bbox 2054 2847 3637 2922">
     <span class='ocr_line' id='line_1_72' title="bbox 2054 2847 3637 2922; baseline -0.002 -14"><span class='ocrx_word' id='word_1_524' title='bbox 2054 2852 2423 2909; x_wconf 79' lang='grc' dir='ltr'>ὑπεναντίον</span> <span class='ocrx_word' id='word_1_525' title='bbox 2461 2851 2651 2922; x_wconf 75' lang='grc' dir='ltr'>ἡμῶν,</span> <span class='ocrx_word' id='word_1_526' title='bbox 2685 2847 2871 2922; x_wconf 82' lang='grc' dir='ltr'>ἦρκεν</span> <span class='ocrx_word' id='word_1_527' title='bbox 2906 2851 2973 2905; x_wconf 80' lang='grc' dir='ltr'>ἐκ</span> <span class='ocrx_word' id='word_1_528' title='bbox 3000 2850 3196 2921; x_wconf 83' lang='grc' dir='ltr'>μέσου</span> <span class='ocrx_word' id='word_1_529' title='bbox 3235 2851 3637 2921; x_wconf 68' lang='grc' dir='ltr'>προσηλώσας</span> 
     </span>
    </p>
   </div>
   <div class='ocr_carea' id='block_1_73' title="bbox 2020 2940 3635 3015">
    <p class='ocr_par' dir='ltr' id='par_1_73' title="bbox 2020 2940 3635 3015">
     <span class='ocr_line' id='line_1_73' title="bbox 2020 2940 3635 3015; baseline -0.002 -18"><span class='ocrx_word' id='word_1_530' title='bbox 2020 3012 2023 3015; x_wconf 8' lang='grc' dir='ltr'><strong>ἢ</strong></span> <span class='ocrx_word' id='word_1_531' title='bbox 2055 2943 2201 2997; x_wconf 79' lang='grc' dir='ltr'>αὐτὸ</span> <span class='ocrx_word' id='word_1_532' title='bbox 2240 2941 2320 3007; x_wconf 83' lang='grc' dir='ltr'>τῷ</span> <span class='ocrx_word' id='word_1_533' title='bbox 2354 2940 2596 3011; x_wconf 87' lang='grc' dir='ltr'>σταυρῷ</span> <span class='ocrx_word' id='word_1_534' title='bbox 2616 2959 2629 2972; x_wconf 82' lang='lat'><strong><em>°</em></strong></span> <span class='ocrx_word' id='word_1_535' title='bbox 2665 2940 3167 3011; x_wconf 77' lang='grc' dir='ltr'>ἀπεκδυσάμενος</span> <span class='ocrx_word' id='word_1_536' title='bbox 3201 2943 3305 3008; x_wconf 85' lang='grc' dir='ltr'>τὰς</span> <span class='ocrx_word' id='word_1_537' title='bbox 3324 2941 3520 3011; x_wconf 80' lang='grc' dir='ltr'>ἀρχὰς</span> <span class='ocrx_word' id='word_1_538' title='bbox 3545 2943 3635 2996; x_wconf 80' lang='grc' dir='ltr'>καὶ</span> 
     </span>
    </p>
   </div>
   <div class='ocr_carea' id='block_1_74' title="bbox 2058 3034 3635 3106">
    <p class='ocr_par' dir='ltr' id='par_1_74' title="bbox 2058 3034 3635 3106">
     <span class='ocr_line' id='line_1_74' title="bbox 2058 3034 3635 3106; baseline -0.003 -13"><span class='ocrx_word' id='word_1_539' title='bbox 2058 3038 2163 3106; x_wconf 81' lang='grc' dir='ltr'>τὰς</span> <span class='ocrx_word' id='word_1_540' title='bbox 2210 3037 2519 3104; x_wconf 77' lang='grc' dir='ltr'>ἐξουσίας,</span> <span class='ocrx_word' id='word_1_541' title='bbox 2559 3034 2971 3106; x_wconf 78' lang='grc' dir='ltr'>ἐδειγμάτισεν</span> <span class='ocrx_word' id='word_1_542' title='bbox 3007 3034 3077 3089; x_wconf 89' lang='grc' dir='ltr'>ἐν</span> <span class='ocrx_word' id='word_1_543' title='bbox 3105 3035 3412 3103; x_wconf 65' lang='grc' dir='ltr'>παρρησίᾳ</span> <span class='ocrx_word' id='word_1_544' title='bbox 3440 3037 3635 3104; x_wconf 80' lang='grc' dir='ltr'>θριαμ·</span> 
     </span>
    </p>
   </div>
   <div class='ocr_carea' id='block_1_75' title="bbox 2057 3125 3635 3197">
    <p class='ocr_par' dir='ltr' id='par_1_75' title="bbox 2057 3125 3635 3197">
     <span class='ocr_line' id='line_1_75' title="bbox 2057 3125 3635 3197; baseline -0.004 -12"><span class='ocrx_word' id='word_1_545' title='bbox 2057 3131 2280 3196; x_wconf 73' lang='grc' dir='ltr'>δεύσας</span> <span class='ocrx_word' id='word_1_546' title='bbox 2319 3127 2544 3194; x_wconf 84' lang='grc' dir='ltr'>αὐτοὺς</span> <span class='ocrx_word' id='word_1_547' title='bbox 2583 3128 2654 3181; x_wconf 87' lang='grc' dir='ltr'>ἐν</span> <span class='ocrx_word' id='word_1_548' title='bbox 2704 3126 2893 3192; x_wconf 81' lang='grc' dir='ltr'>αὐτῷ·</span> <span class='ocrx_word' id='word_1_549' title='bbox 2945 3125 3116 3196; x_wconf 82' lang='grc' dir='ltr'>Θύρας</span> <span class='ocrx_word' id='word_1_550' title='bbox 3165 3125 3373 3196; x_wconf 81' lang='grc' dir='ltr'>χαλκᾶς</span> <span class='ocrx_word' id='word_1_551' title='bbox 3429 3129 3635 3197; x_wconf 77' lang='grc' dir='ltr'>συντρί-</span> 
     </span>
    </p>
   </div>
   <div class='ocr_carea' id='block_1_76' title="bbox 2056 3215 3633 3294">
    <p class='ocr_par' dir='ltr' id='par_1_76' title="bbox 2056 3215 3633 3294">
     <span class='ocr_line' id='line_1_76' title="bbox 2056 3215 3633 3294; baseline -0.003 -18"><span class='ocrx_word' id='word_1_552' title='bbox 2056 3224 2185 3294; x_wconf 73' lang='grc' dir='ltr'>ψας,</span> <span class='ocrx_word' id='word_1_553' title='bbox 2216 3222 2311 3276; x_wconf 74' lang='grc' dir='ltr'><strong>καὶ</strong></span> <span class='ocrx_word' id='word_1_554' title='bbox 2351 3219 2582 3292; x_wconf 80' lang='grc' dir='ltr'>μοχλοὺς</span> <span class='ocrx_word' id='word_1_555' title='bbox 2619 3217 2873 3291; x_wconf 82' lang='grc' dir='ltr'>σιδηροῦς</span> <span class='ocrx_word' id='word_1_556' title='bbox 2905 3218 3229 3282; x_wconf 84' lang='grc' dir='ltr'>συνθλάσας,</span> <span class='ocrx_word' id='word_1_557' title='bbox 3257 3217 3317 3270; x_wconf 79' lang='grc' dir='ltr'>τὸ</span> <span class='ocrx_word' id='word_1_558' title='bbox 3344 3218 3463 3287; x_wconf 61' lang='grc' dir='ltr'>φῶς</span> <span class='ocrx_word' id='word_1_559' title='bbox 3490 3215 3633 3282; x_wconf 79' lang='grc' dir='ltr'>αὖθις</span> 
     </span>
    </p>
   </div>
   <div class='ocr_carea' id='block_1_77' title="bbox 2057 3307 3632 3380">
    <p class='ocr_par' dir='ltr' id='par_1_77' title="bbox 2057 3307 3632 3380">
     <span class='ocr_line' id='line_1_77' title="bbox 2057 3307 3632 3380; baseline -0.001 -17"><span class='ocrx_word' id='word_1_560' title='bbox 2057 3309 2305 3374; x_wconf 81' lang='grc' dir='ltr'>ὑπέδειξε</span> <span class='ocrx_word' id='word_1_561' title='bbox 2339 3310 2439 3380; x_wconf 83' lang='grc' dir='ltr'><strong>τῆς</strong></span> <span class='ocrx_word' id='word_1_562' title='bbox 2480 3307 2647 3379; x_wconf 76' lang='grc' dir='ltr'>ζωῆς,</span> <span class='ocrx_word' id='word_1_563' title='bbox 2683 3310 2869 3379; x_wconf 84' lang='grc' dir='ltr'>χεῖρας</span> <span class='ocrx_word' id='word_1_564' title='bbox 2902 3307 3140 3379; x_wconf 84' lang='grc' dir='ltr'>ὀρέγων,</span> <span class='ocrx_word' id='word_1_565' title='bbox 3178 3309 3463 3373; x_wconf 74' lang='grc' dir='ltr'>ὁδοποιῶν,</span> <span class='ocrx_word' id='word_1_566' title='bbox 3508 3309 3632 3364; x_wconf 79' lang='grc' dir='ltr'>ὐπο-</span> 
     </span>
    </p>
   </div>
   <div class='ocr_carea' id='block_1_78' title="bbox 2058 3392 3633 3474">
    <p class='ocr_par' dir='ltr' id='par_1_78' title="bbox 2058 3392 3633 3474">
     <span class='ocr_line' id='line_1_78' title="bbox 2058 3392 3633 3474; baseline -0.002 -18"><span class='ocrx_word' id='word_1_567' title='bbox 2058 3402 2267 3474; x_wconf 80' lang='grc' dir='ltr'>6άθραν</span> <span class='ocrx_word' id='word_1_568' title='bbox 2311 3402 2557 3473; x_wconf 85' lang='grc' dir='ltr'>οὐρανῶν</span> <span class='ocrx_word' id='word_1_569' title='bbox 2598 3401 2951 3468; x_wconf 82' lang='grc' dir='ltr'>ὑποδεικνὺς,</span> <span class='ocrx_word' id='word_1_570' title='bbox 2987 3401 3317 3472; x_wconf 82' lang='grc' dir='ltr'>παράδεισον</span> <span class='ocrx_word' id='word_1_571' title='bbox 3356 3392 3518 3466; x_wconf 69' lang='grc' dir='ltr'>αὖθις</span> <span class='ocrx_word' id='word_1_572' title='bbox 3563 3405 3633 3455; x_wconf 84' lang='lat' dir='ltr'><strong>oi-</strong></span> 
     </span>
    </p>
   </div>
   <div class='ocr_carea' id='block_1_79' title="bbox 2057 3491 3631 3562">
    <p class='ocr_par' dir='ltr' id='par_1_79' title="bbox 2057 3491 3631 3562">
     <span class='ocr_line' id='line_1_79' title="bbox 2057 3491 3631 3562; baseline -0.001 -14"><span class='ocrx_word' id='word_1_573' title='bbox 2057 3497 2173 3548; x_wconf 85' lang='grc' dir='ltr'>κεῖν</span> <span class='ocrx_word' id='word_1_574' title='bbox 2200 3493 2384 3560; x_wconf 82' lang='grc' dir='ltr'>ἀξιῶν.</span> <span class='ocrx_word' id='word_1_575' title='bbox 2421 3492 2617 3546; x_wconf 83' lang='grc' dir='ltr'>Τοίνυν</span> <span class='ocrx_word' id='word_1_576' title='bbox 2652 3491 3009 3561; x_wconf 83' lang='grc' dir='ltr'>κατῴκησεν</span> <span class='ocrx_word' id='word_1_577' title='bbox 3042 3493 3111 3548; x_wconf 83' lang='grc' dir='ltr'>ἐν</span> <span class='ocrx_word' id='word_1_578' title='bbox 3144 3492 3313 3562; x_wconf 77' lang='grc' dir='ltr'>ἡμῖν,</span> <span class='ocrx_word' id='word_1_579' title='bbox 3346 3495 3444 3547; x_wconf 74' lang='grc' dir='ltr'><strong>καὶ</strong></span> <span class='ocrx_word' id='word_1_580' title='bbox 3472 3494 3534 3547; x_wconf 84' lang='grc' dir='ltr'><strong>τὸ</strong></span> <span class='ocrx_word' id='word_1_581' title='bbox 3560 3494 3631 3547; x_wconf 75' lang='grc' dir='ltr'>διο</span> 
     </span>
    </p>
   </div>
   <div class='ocr_carea' id='block_1_80' title="bbox 2058 3584 3635 3658">
    <p class='ocr_par' dir='ltr' id='par_1_80' title="bbox 2058 3584 3635 3658">
     <span class='ocr_line' id='line_1_80' title="bbox 2058 3584 3635 3658; baseline -0.001 -16"><span class='ocrx_word' id='word_1_582' title='bbox 2058 3586 2281 3658; x_wconf 85' lang='grc' dir='ltr'>καίωμα</span> <span class='ocrx_word' id='word_1_583' title='bbox 2312 3586 2406 3640; x_wconf 86' lang='grc' dir='ltr'><strong>τοῦ</strong></span> <span class='ocrx_word' id='word_1_584' title='bbox 2434 3588 2600 3657; x_wconf 86' lang='grc' dir='ltr'>νόμου</span> <span class='ocrx_word' id='word_1_585' title='bbox 2633 3585 2757 3650; x_wconf 77' lang='grc' dir='ltr'>δοὺς</span> <span class='ocrx_word' id='word_1_586' title='bbox 2786 3588 2922 3658; x_wconf 78' lang='grc' dir='ltr'>ἡμῖν</span> <span class='ocrx_word' id='word_1_587' title='bbox 2960 3584 3057 3639; x_wconf 86' lang='grc' dir='ltr'><strong>τοῦ</strong></span> <span class='ocrx_word' id='word_1_588' title='bbox 3095 3584 3437 3657; x_wconf 80' lang='grc' dir='ltr'>Πνεύματος,</span> <span class='ocrx_word' id='word_1_589' title='bbox 3472 3589 3552 3650; x_wconf 88' lang='grc' dir='ltr'><strong>εἰς</strong></span> <span class='ocrx_word' id='word_1_590' title='bbox 3580 3588 3635 3640; x_wconf 74' lang='grc' dir='ltr'>τὸ</span> 
     </span>
    </p>
   </div>
   <div class='ocr_carea' id='block_1_81' title="bbox 2056 3678 3634 3752">
    <p class='ocr_par' dir='ltr' id='par_1_81' title="bbox 2056 3678 3634 3752">
     <span class='ocr_line' id='line_1_81' title="bbox 2056 3678 3634 3752; baseline 0 -18"><span class='ocrx_word' id='word_1_591' title='bbox 2056 3682 2260 3752; x_wconf 88' lang='grc' dir='ltr'>γνῶναι</span> <span class='ocrx_word' id='word_1_592' title='bbox 2292 3680 2478 3745; x_wconf 84' lang='grc' dir='ltr'>αὐτὸν,</span> <span class='ocrx_word' id='word_1_593' title='bbox 2508 3681 2542 3751; x_wconf 76' lang='grc' dir='ltr'>ἢ</span> <span class='ocrx_word' id='word_1_594' title='bbox 2585 3680 2655 3734; x_wconf 78' lang='grc' dir='ltr'>τὰ</span> <span class='ocrx_word' id='word_1_595' title='bbox 2705 3681 2835 3751; x_wconf 82' lang='grc' dir='ltr'><strong>περί</strong></span> <span class='ocrx_word' id='word_1_596' title='bbox 2868 3678 3060 3746; x_wconf 83' lang='grc' dir='ltr'>αὑτοῦ,</span> <span class='ocrx_word' id='word_1_597' title='bbox 3092 3680 3122 3733; x_wconf 85' lang='grc' dir='ltr'><strong>ὃ</strong></span> <span class='ocrx_word' id='word_1_598' title='bbox 3158 3682 3305 3733; x_wconf 76' lang='grc' dir='ltr'>ἐστιν</span> <span class='ocrx_word' id='word_1_599' title='bbox 3347 3681 3495 3751; x_wconf 67' lang='grc' dir='ltr'>ἀρχὴ</span> <span class='ocrx_word' id='word_1_600' title='bbox 3549 3682 3634 3734; x_wconf 76' lang='grc' dir='ltr'>καὶ</span> 
     </span>
    </p>
   </div>
   <div class='ocr_carea' id='block_1_82' title="bbox 2056 3772 3633 3844">
    <p class='ocr_par' dir='ltr' id='par_1_82' title="bbox 2056 3772 3633 3844">
     <span class='ocr_line' id='line_1_82' title="bbox 2056 3772 3633 3844; baseline -0.001 -16"><span class='ocrx_word' id='word_1_601' title='bbox 2056 3774 2208 3838; x_wconf 80' lang='grc' dir='ltr'>τέλος</span> <span class='ocrx_word' id='word_1_602' title='bbox 2236 3774 2403 3844; x_wconf 80' lang='grc' dir='ltr'>ζωῆς,</span> <span class='ocrx_word' id='word_1_603' title='bbox 2437 3772 2604 3843; x_wconf 87' lang='grc' dir='ltr'>νόμος</span> <span class='ocrx_word' id='word_1_604' title='bbox 2634 3772 2981 3843; x_wconf 84' lang='grc' dir='ltr'>δικαιοσύνης</span> <span class='ocrx_word' id='word_1_605' title='bbox 3012 3772 3239 3842; x_wconf 83' lang='grc' dir='ltr'>γέγονεν</span> <span class='ocrx_word' id='word_1_606' title='bbox 3276 3774 3439 3843; x_wconf 73' lang='grc' dir='ltr'>ἡμῖν,</span> <span class='ocrx_word' id='word_1_607' title='bbox 3483 3774 3633 3844; x_wconf 80' lang='grc' dir='ltr'>νόμος</span> 
     </span>
    </p>
   </div>
   <div class='ocr_carea' id='block_1_83' title="bbox 2058 3864 3634 3939">
    <p class='ocr_par' dir='ltr' id='par_1_83' title="bbox 2058 3864 3634 3939">
     <span class='ocr_line' id='line_1_83' title="bbox 2058 3864 3634 3939; baseline -0.002 -17"><span class='ocrx_word' id='word_1_608' title='bbox 2058 3868 2315 3933; x_wconf 87' lang='grc' dir='ltr'>πίστεως,</span> <span class='ocrx_word' id='word_1_609' title='bbox 2347 3866 2513 3939; x_wconf 86' lang='grc' dir='ltr'>νόμος</span> <span class='ocrx_word' id='word_1_610' title='bbox 2538 3866 2868 3937; x_wconf 88' lang='grc' dir='ltr'>πνεύματος,</span> <span class='ocrx_word' id='word_1_611' title='bbox 2898 3864 3183 3937; x_wconf 81' lang='grc' dir='ltr'>ἐλεύθερος</span> <span class='ocrx_word' id='word_1_612' title='bbox 3217 3866 3283 3919; x_wconf 84' lang='grc' dir='ltr'>ὲκ</span> <span class='ocrx_word' id='word_1_613' title='bbox 3318 3867 3487 3937; x_wconf 84' lang='grc' dir='ltr'>νόμου</span> <span class='ocrx_word' id='word_1_614' title='bbox 3514 3884 3634 3939; x_wconf 87' lang='grc' dir='ltr'>σαρ-</span> 
     </span>
    </p>
   </div>
   <div class='ocr_carea' id='block_1_84' title="bbox 2057 3959 3630 4035">
    <p class='ocr_par' dir='ltr' id='par_1_84' title="bbox 2057 3959 3630 4035">
     <span class='ocr_line' id='line_1_84' title="bbox 2057 3959 3630 4035; baseline -0.002 -19"><span class='ocrx_word' id='word_1_615' title='bbox 2057 3962 2153 4027; x_wconf 80' lang='grc' dir='ltr'><strong>κὸς</strong></span> <span class='ocrx_word' id='word_1_616' title='bbox 2203 3961 2501 4035; x_wconf 86' lang='grc' dir='ltr'>ἁμαρτίας.</span> <span class='ocrx_word' id='word_1_617' title='bbox 2558 3961 2649 4014; x_wconf 84' lang='grc' dir='ltr'>Διὸ</span> <span class='ocrx_word' id='word_1_618' title='bbox 2703 3960 3004 4031; x_wconf 83' lang='grc' dir='ltr'>συνήδομαι</span> <span class='ocrx_word' id='word_1_619' title='bbox 3049 3959 3128 4031; x_wconf 86' lang='grc' dir='ltr'>τῷ</span> <span class='ocrx_word' id='word_1_620' title='bbox 3175 3961 3327 4031; x_wconf 86' lang='grc' dir='ltr'>νόμῳ</span> <span class='ocrx_word' id='word_1_621' title='bbox 3366 3960 3463 4013; x_wconf 88' lang='grc' dir='ltr'><strong>τοῦ</strong></span> <span class='ocrx_word' id='word_1_622' title='bbox 3509 3959 3630 4013; x_wconf 72' lang='grc' dir='ltr'>Θεοῦ</span> 
     </span>
    </p>
   </div>
   <div class='ocr_carea' id='block_1_85' title="bbox 2058 4051 3627 4126">
    <p class='ocr_par' dir='ltr' id='par_1_85' title="bbox 2058 4051 3627 4126">
     <span class='ocr_line' id='line_1_85' title="bbox 2058 4051 3627 4126; baseline -0.003 -17"><span class='ocrx_word' id='word_1_623' title='bbox 2058 4054 2202 4109; x_wconf 84' lang='grc' dir='ltr'><strong>κατά</strong></span> <span class='ocrx_word' id='word_1_624' title='bbox 2223 4055 2315 4109; x_wconf 85' lang='grc' dir='ltr'><strong>τὸν</strong></span> <span class='ocrx_word' id='word_1_625' title='bbox 2364 4054 2472 4108; x_wconf 78' lang='grc' dir='ltr'>ἔσω</span> <span class='ocrx_word' id='word_1_626' title='bbox 2504 4053 2813 4126; x_wconf 77' lang='grc' dir='ltr'>ἄνθρωπον.</span> <span class='ocrx_word' id='word_1_627' title='bbox 2859 4053 3009 4107; x_wconf 86' lang='grc' dir='ltr'>Ἕσω</span> <span class='ocrx_word' id='word_1_628' title='bbox 3040 4051 3097 4105; x_wconf 80' lang='grc' dir='ltr'>δὲ</span> <span class='ocrx_word' id='word_1_629' title='bbox 3127 4052 3287 4123; x_wconf 79' lang='grc' dir='ltr'>ἡμῶν</span> <span class='ocrx_word' id='word_1_630' title='bbox 3320 4054 3350 4105; x_wconf 86' lang='grc' dir='ltr'><strong>ὁ</strong></span> <span class='ocrx_word' id='word_1_631' title='bbox 3385 4052 3627 4123; x_wconf 81' lang='grc' dir='ltr'>Χριστὸς,</span> 
     </span>
    </p>
   </div>
   <div class='ocr_carea' id='block_1_86' title="bbox 2058 4142 3630 4226">
    <p class='ocr_par' dir='ltr' id='par_1_86' title="bbox 2058 4142 3630 4226">
     <span class='ocr_line' id='line_1_86' title="bbox 2058 4142 3630 4226; baseline -0.003 -23"><span class='ocrx_word' id='word_1_632' title='bbox 2058 4148 2217 4221; x_wconf 80' lang='grc' dir='ltr'>εἰπερ</span> <span class='ocrx_word' id='word_1_633' title='bbox 2248 4149 2388 4202; x_wconf 84' lang='grc' dir='ltr'>οἰκεῖ</span> <span class='ocrx_word' id='word_1_634' title='bbox 2434 4149 2492 4202; x_wconf 78' lang='grc' dir='ltr'>ἐν</span> <span class='ocrx_word' id='word_1_635' title='bbox 2524 4149 2678 4226; x_wconf 76' lang='grc' dir='ltr'>ἡμῖν.</span> <span class='ocrx_word' id='word_1_636' title='bbox 2719 4146 2859 4200; x_wconf 79' lang='grc' dir='ltr'>Ἀλλ’</span> <span class='ocrx_word' id='word_1_637' title='bbox 2903 4145 3065 4209; x_wconf 80' lang='grc' dir='ltr'>αὐτὸς</span> <span class='ocrx_word' id='word_1_638' title='bbox 3107 4142 3284 4198; x_wconf 86' lang='grc' dir='ltr'>θανὼν</span> <span class='ocrx_word' id='word_1_639' title='bbox 3336 4146 3459 4209; x_wconf 83' lang='grc' dir='ltr'>ὁδὸς</span> <span class='ocrx_word' id='word_1_640' title='bbox 3499 4145 3630 4212; x_wconf 72' lang='grc' dir='ltr'>ζωῆς</span> 
     </span>
    </p>
   </div>
   <div class='ocr_carea' id='block_1_87' title="bbox 2060 4233 3630 4308">
    <p class='ocr_par' dir='ltr' id='par_1_87' title="bbox 2060 4233 3630 4308">
     <span class='ocr_line' id='line_1_87' title="bbox 2060 4233 3630 4308; baseline -0.002 -16"><span class='ocrx_word' id='word_1_641' title='bbox 2060 4237 2201 4308; x_wconf 81' lang='grc' dir='ltr'>ὑπὲρ</span> <span class='ocrx_word' id='word_1_642' title='bbox 2239 4236 2398 4308; x_wconf 79' lang='grc' dir='ltr'>ἡμῶν</span> <span class='ocrx_word' id='word_1_643' title='bbox 2443 4235 2697 4306; x_wconf 80' lang='grc' dir='ltr'>γέγονεν·</span> <span class='ocrx_word' id='word_1_644' title='bbox 2750 4235 2886 4291; x_wconf 83' lang='grc' dir='ltr'>Ἵνα</span> <span class='ocrx_word' id='word_1_645' title='bbox 2924 4238 2979 4289; x_wconf 85' lang='grc' dir='ltr'><strong>οἰ</strong></span> <span class='ocrx_word' id='word_1_646' title='bbox 3015 4233 3225 4302; x_wconf 71' lang='grc' dir='ltr'>ζῶντες</span> <span class='ocrx_word' id='word_1_647' title='bbox 3250 4236 3469 4305; x_wconf 81' lang='grc' dir='ltr'>μηκέτι</span> <span class='ocrx_word' id='word_1_648' title='bbox 3510 4236 3630 4289; x_wconf 81' lang='grc' dir='ltr'>ἐαυ-</span> 
     </span>
    </p>
   </div>
   <div class='ocr_carea' id='block_1_88' title="bbox 2059 4325 3627 4413">
    <p class='ocr_par' dir='ltr' id='par_1_88' title="bbox 2059 4325 3627 4413">
     <span class='ocr_line' id='line_1_88' title="bbox 2059 4325 3627 4413; baseline -0.003 -29"><span class='ocrx_word' id='word_1_649' title='bbox 2059 4331 2184 4396; x_wconf 82' lang='grc' dir='ltr'>τοῖς</span> <span class='ocrx_word' id='word_1_650' title='bbox 2217 4328 2417 4393; x_wconf 78' lang='grc' dir='ltr'>ζῶσιν,</span> <span class='ocrx_word' id='word_1_651' title='bbox 2432 4330 2604 4413; x_wconf 65' lang='grc' dir='ltr'><strong>ρλλά</strong></span> <span class='ocrx_word' id='word_1_652' title='bbox 2630 4326 2711 4394; x_wconf 86' lang='grc' dir='ltr'>τῷ</span> <span class='ocrx_word' id='word_1_653' title='bbox 2741 4327 2895 4396; x_wconf 85' lang='grc' dir='ltr'>ὑπὲρ</span> <span class='ocrx_word' id='word_1_654' title='bbox 2917 4325 3088 4397; x_wconf 76' lang='grc' dir='ltr'>ἡμῶν</span> <span class='ocrx_word' id='word_1_655' title='bbox 3138 4328 3509 4383; x_wconf 79' lang='grc' dir='ltr'>ἀποθανόντι</span> <span class='ocrx_word' id='word_1_656' title='bbox 3542 4328 3627 4380; x_wconf 82' lang='grc' dir='ltr'><strong>καί</strong></span> 
     </span>
    </p>
   </div>
   <div class='ocr_carea' id='block_1_89' title="bbox 372 4416 1955 4500">
    <p class='ocr_par' dir='ltr' id='par_1_89' title="bbox 372 4421 1955 4496">
     <span class='ocr_line' id='line_1_89' title="bbox 372 4421 1955 4496; baseline 0 -17"><span class='ocrx_word' id='word_1_657' title='bbox 372 4425 720 4496; x_wconf 88' lang='lat' dir='ltr'><strong>principium,</strong></span> <span class='ocrx_word' id='word_1_658' title='bbox 767 4438 833 4479; x_wconf 81' lang='lat' dir='ltr'><strong>ac</strong></span> <span class='ocrx_word' id='word_1_659' title='bbox 869 4422 1258 4494; x_wconf 85' lang='lat' dir='ltr'><strong>jurisjurandi,</strong></span> <span class='ocrx_word' id='word_1_660' title='bbox 1314 4437 1426 4495; x_wconf 91' lang='lat' dir='ltr'><strong>quo</strong></span> <span class='ocrx_word' id='word_1_661' title='bbox 1482 4437 1543 4478; x_wconf 86' lang='lat' dir='ltr'><strong>se</strong></span> <span class='ocrx_word' id='word_1_662' title='bbox 1591 4430 1718 4478; x_wconf 89' lang='lat' dir='ltr'><strong>ante</strong></span> <span class='ocrx_word' id='word_1_663' title='bbox 1765 4421 1955 4494; x_wconf 84' lang='lat' dir='ltr'><strong>plures</strong></span> 
     </span>
    </p>
   </div>
   <div class='ocr_carea' id='block_1_90' title="bbox 2062 4416 3628 4500">
    <p class='ocr_par' dir='ltr' id='par_1_90' title="bbox 2062 4416 3628 4490">
     <span class='ocr_line' id='line_1_90' title="bbox 2062 4416 3628 4490; baseline -0.004 -15"><span class='ocrx_word' id='word_1_664' title='bbox 2062 4417 2409 4485; x_wconf 79' lang='grc' dir='ltr'>ἀναστάντι,</span> <span class='ocrx_word' id='word_1_665' title='bbox 2423 4418 2581 4490; x_wconf 80' lang='grc' dir='ltr'>αἰτίῳ</span> <span class='ocrx_word' id='word_1_666' title='bbox 2606 4416 2879 4489; x_wconf 83' lang='grc' dir='ltr'>ζωῆς,τοῦ</span> <span class='ocrx_word' id='word_1_667' title='bbox 2904 4417 3012 4489; x_wconf 85' lang='grc' dir='ltr'><strong>πρὸ</strong></span> <span class='ocrx_word' id='word_1_668' title='bbox 3031 4416 3244 4471; x_wconf 85' lang='grc' dir='ltr'>πολλῶν</span> <span class='ocrx_word' id='word_1_669' title='bbox 3263 4418 3469 4486; x_wconf 84' lang='grc' dir='ltr'>γενεῶν</span> <span class='ocrx_word' id='word_1_670' title='bbox 3481 4420 3628 4489; x_wconf 81' lang='grc' dir='ltr'>ὅρκου</span> 
     </span>
    </p>
   </div>
   <div class='ocr_carea' id='block_1_91' title="bbox 370 4506 1955 4584">
    <p class='ocr_par' dir='ltr' id='par_1_91' title="bbox 370 4514 1953 4583">
     <span class='ocr_line' id='line_1_91' title="bbox 370 4514 1953 4583; baseline 0.001 -11"><span class='ocrx_word' id='word_1_671' title='bbox 370 4532 548 4572; x_wconf 83' lang='lat' dir='ltr'><strong>annos</strong></span> <span class='ocrx_word' id='word_1_672' title='bbox 596 4516 999 4583; x_wconf 77' lang='lat' dir='ltr'><strong>obstrinxerat,</strong></span> <span class='ocrx_word' id='word_1_673' title='bbox 1053 4525 1112 4571; x_wconf 88' lang='lat' dir='ltr'><strong>ut</strong></span> <span class='ocrx_word' id='word_1_674' title='bbox 1164 4516 1243 4570; x_wconf 82' lang='lat' dir='ltr'><strong>ait</strong></span> <span class='ocrx_word' id='word_1_675' title='bbox 1299 4514 1465 4570; x_wconf 82' lang='lat' dir='ltr'><strong>David</strong></span> <span class='ocrx_word' id='word_1_676' title='bbox 1501 4514 1580 4580; x_wconf 79' lang='lat'><strong>“,</strong></span> <span class='ocrx_word' id='word_1_677' title='bbox 1632 4518 1953 4574; x_wconf 87' lang='lat' dir='ltr'><strong>recordatus</strong></span> 
     </span>
    </p>
   </div>
   <div class='ocr_carea' id='block_1_92' title="bbox 2062 4506 3625 4584">
    <p class='ocr_par' dir='ltr' id='par_1_92' title="bbox 2065 4506 3625 4584">
     <span class='ocr_line' id='line_1_92' title="bbox 2065 4506 3625 4584; baseline 0.004 -19"><span class='ocrx_word' id='word_1_678' title='bbox 2065 4512 2343 4584; x_wconf 83' lang='grc' dir='ltr'>μνησθεὶς,</span> <span class='ocrx_word' id='word_1_679' title='bbox 2380 4511 2523 4567; x_wconf 82' lang='grc' dir='ltr'>κατὰ</span> <span class='ocrx_word' id='word_1_680' title='bbox 2562 4511 2655 4566; x_wconf 81' lang='grc' dir='ltr'><strong>τὸν</strong></span> <span class='ocrx_word' id='word_1_681' title='bbox 2688 4510 2883 4565; x_wconf 78' lang='grc' dir='ltr'><strong>Δασίδ⁸</strong></span> <span class='ocrx_word' id='word_1_682' title='bbox 2931 4511 2984 4564; x_wconf 89' lang='lat'><strong>&#39;0</strong></span> <span class='ocrx_word' id='word_1_683' title='bbox 3011 4510 3157 4578; x_wconf 87' lang='grc' dir='ltr'>Θεὸς</span> <span class='ocrx_word' id='word_1_684' title='bbox 3182 4506 3263 4581; x_wconf 82' lang='grc' dir='ltr'>ἦν</span> <span class='ocrx_word' id='word_1_685' title='bbox 3287 4511 3360 4566; x_wconf 83' lang='grc' dir='ltr'>ἐν</span> <span class='ocrx_word' id='word_1_686' title='bbox 3392 4509 3625 4580; x_wconf 75' lang='grc' dir='ltr'>Χριστῷ.</span> 
     </span>
    </p>
   </div>
   <div class='ocr_carea' id='block_1_93' title="bbox 370 4599 1955 4675">
    <p class='ocr_par' dir='ltr' id='par_1_93' title="bbox 370 4606 1955 4664">
     <span class='ocr_line' id='line_1_93' title="bbox 370 4606 1955 4664; baseline -0.001 0"><span class='ocrx_word' id='word_1_687' title='bbox 370 4618 456 4664; x_wconf 83' lang='lat' dir='ltr'><strong>est</strong></span> <span class='ocrx_word' id='word_1_688' title='bbox 492 4626 508 4663; x_wconf 87' lang='lat'><strong>:</strong></span> <span class='ocrx_word' id='word_1_689' title='bbox 545 4606 687 4662; x_wconf 86' lang='lat' dir='ltr'><strong>Deus</strong></span> <span class='ocrx_word' id='word_1_690' title='bbox 729 4608 870 4661; x_wconf 84' lang='lat' dir='ltr'><strong>enim</strong></span> <span class='ocrx_word' id='word_1_691' title='bbox 907 4616 1025 4661; x_wconf 86' lang='lat' dir='ltr'><strong>erat</strong></span> <span class='ocrx_word' id='word_1_692' title='bbox 1072 4608 1126 4661; x_wconf 82' lang='lat' dir='ltr'><strong>in</strong></span> <span class='ocrx_word' id='word_1_693' title='bbox 1165 4606 1378 4664; x_wconf 74' lang='lat' dir='ltr'><strong>Christo</strong></span> <span class='ocrx_word' id='word_1_694' title='bbox 1426 4606 1681 4661; x_wconf 84' lang='lat' dir='ltr'><strong>mundum</strong></span> <span class='ocrx_word' id='word_1_695' title='bbox 1724 4610 1955 4664; x_wconf 87' lang='lat' dir='ltr'><strong>reconci-</strong></span> 
     </span>
    </p>
   </div>
   <div class='ocr_carea' id='block_1_94' title="bbox 2062 4599 3628 4675">
    <p class='ocr_par' dir='ltr' id='par_1_94' title="bbox 2062 4599 3628 4675">
     <span class='ocr_line' id='line_1_94' title="bbox 2062 4599 3628 4675; baseline -0.002 -16"><span class='ocrx_word' id='word_1_696' title='bbox 2062 4606 2296 4675; x_wconf 89' lang='grc' dir='ltr'>κόσμον</span> <span class='ocrx_word' id='word_1_697' title='bbox 2339 4601 2791 4658; x_wconf 71' lang='grc' dir='ltr'>καταλλάσσων</span> <span class='ocrx_word' id='word_1_698' title='bbox 2843 4599 3035 4669; x_wconf 79' lang='grc' dir='ltr'>ἑαυτῷ</span> <span class='ocrx_word' id='word_1_699' title='bbox 3052 4644 3067 4669; x_wconf 94' lang='grc'><strong>,</strong></span> <span class='ocrx_word' id='word_1_700' title='bbox 3116 4603 3204 4672; x_wconf 80' lang='grc' dir='ltr'>μὴ</span> <span class='ocrx_word' id='word_1_701' title='bbox 3263 4604 3628 4675; x_wconf 72' lang='grc' dir='ltr'>λογιζόμενος</span> 
     </span>
    </p>
   </div>
   <div class='ocr_carea' id='block_1_95' title="bbox 372 4694 1955 4769">
    <p class='ocr_par' dir='ltr' id='par_1_95' title="bbox 372 4696 1948 4769">
     <span class='ocr_line' id='line_1_95' title="bbox 372 4696 1948 4769; baseline 0.001 -18"><span class='ocrx_word' id='word_1_702' title='bbox 372 4698 512 4752; x_wconf 87' lang='lat' dir='ltr'><strong>lians</strong></span> <span class='ocrx_word' id='word_1_703' title='bbox 538 4696 661 4763; x_wconf 88' lang='lat' dir='ltr'><strong>sibi,</strong></span> <span class='ocrx_word' id='word_1_704' title='bbox 678 4713 778 4753; x_wconf 88' lang='lat' dir='ltr'><strong>sua</strong></span> <span class='ocrx_word' id='word_1_705' title='bbox 811 4696 918 4752; x_wconf 88' lang='lat' dir='ltr'><strong>illis</strong></span> <span class='ocrx_word' id='word_1_706' title='bbox 949 4696 1145 4751; x_wconf 88' lang='lat' dir='ltr'><strong>delicta</strong></span> <span class='ocrx_word' id='word_1_707' title='bbox 1173 4714 1277 4752; x_wconf 86' lang='lat' dir='ltr'><strong>non</strong></span> <span class='ocrx_word' id='word_1_708' title='bbox 1303 4700 1650 4769; x_wconf 76' lang='lat' dir='ltr'><strong>imputans“.</strong></span> <span class='ocrx_word' id='word_1_709' title='bbox 1678 4698 1948 4766; x_wconf 86' lang='lat' dir='ltr'><strong>Quoniam</strong></span> 
     </span>
    </p>
   </div>
   <div class='ocr_carea' id='block_1_96' title="bbox 2062 4694 3625 4769">
    <p class='ocr_par' dir='ltr' id='par_1_96' title="bbox 2062 4694 3625 4766">
     <span class='ocr_line' id='line_1_96' title="bbox 2062 4694 3625 4766; baseline -0.004 -11"><span class='ocrx_word' id='word_1_710' title='bbox 2062 4696 2264 4763; x_wconf 84' lang='grc' dir='ltr'>αὐτοῖς</span> <span class='ocrx_word' id='word_1_711' title='bbox 2318 4696 2389 4751; x_wconf 83' lang='grc' dir='ltr'>τὰ</span> <span class='ocrx_word' id='word_1_712' title='bbox 2446 4695 2888 4766; x_wconf 84' lang='grc' dir='ltr'>παραπτώματα</span> <span class='ocrx_word' id='word_1_713' title='bbox 2940 4694 3158 4749; x_wconf 83' lang='grc' dir='ltr'>αὐτῶν.</span> <span class='ocrx_word' id='word_1_714' title='bbox 3206 4695 3329 4750; x_wconf 88' lang='grc' dir='ltr'>Ὅτι</span> <span class='ocrx_word' id='word_1_715' title='bbox 3381 4698 3443 4750; x_wconf 81' lang='grc' dir='ltr'>ὲν</span> <span class='ocrx_word' id='word_1_716' title='bbox 3492 4694 3625 4765; x_wconf 75' lang='grc' dir='ltr'>αὐτῷ</span> 
     </span>
    </p>
   </div>
   <div class='ocr_carea' id='block_1_97' title="bbox 373 4787 1955 4863">
    <p class='ocr_par' dir='ltr' id='par_1_97' title="bbox 373 4787 1952 4862">
     <span class='ocr_line' id='line_1_97' title="bbox 373 4787 1952 4862; baseline 0 -19"><span class='ocrx_word' id='word_1_717' title='bbox 373 4790 427 4843; x_wconf 87' lang='lat' dir='ltr'><strong>in</strong></span> <span class='ocrx_word' id='word_1_718' title='bbox 464 4788 586 4859; x_wconf 88' lang='lat' dir='ltr'><strong>ipso</strong></span> <span class='ocrx_word' id='word_1_719' title='bbox 617 4787 824 4860; x_wconf 87' lang='lat' dir='ltr'><strong>placuit</strong></span> <span class='ocrx_word' id='word_1_720' title='bbox 873 4803 1091 4844; x_wconf 86' lang='lat' dir='ltr'><strong>onmem</strong></span> <span class='ocrx_word' id='word_1_721' title='bbox 1142 4788 1391 4847; x_wconf 87' lang='lat' dir='ltr'><strong>habitare</strong></span> <span class='ocrx_word' id='word_1_722' title='bbox 1444 4790 1857 4862; x_wconf 90' lang='lat' dir='ltr'><strong>plenitudinem,</strong></span> <span class='ocrx_word' id='word_1_723' title='bbox 1897 4796 1952 4845; x_wconf 91' lang='lat' dir='ltr'><strong>et</strong></span> 
     </span>
    </p>
   </div>
   <div class='ocr_carea' id='block_1_98' title="bbox 2062 4787 3623 4863">
    <p class='ocr_par' dir='ltr' id='par_1_98' title="bbox 2062 4787 3623 4863">
     <span class='ocr_line' id='line_1_98' title="bbox 2062 4787 3623 4863; baseline -0.002 -20"><span class='ocrx_word' id='word_1_724' title='bbox 2062 4790 2325 4863; x_wconf 82' lang='grc' dir='ltr'>ηύδόκησε</span> <span class='ocrx_word' id='word_1_725' title='bbox 2360 4791 2469 4843; x_wconf 82' lang='grc' dir='ltr'><strong>πᾶν</strong></span> <span class='ocrx_word' id='word_1_726' title='bbox 2489 4791 2551 4843; x_wconf 85' lang='grc' dir='ltr'><strong>τὸ</strong></span> <span class='ocrx_word' id='word_1_727' title='bbox 2588 4790 2861 4862; x_wconf 83' lang='grc' dir='ltr'>πλήρωμα</span> <span class='ocrx_word' id='word_1_728' title='bbox 2885 4790 3231 4861; x_wconf 82' lang='grc' dir='ltr'>κατοικῆσαι,</span> <span class='ocrx_word' id='word_1_729' title='bbox 3257 4790 3353 4844; x_wconf 75' lang='grc' dir='ltr'><strong>καὶ</strong></span> <span class='ocrx_word' id='word_1_730' title='bbox 3379 4791 3447 4843; x_wconf 80' lang='grc' dir='ltr'>δι’</span> <span class='ocrx_word' id='word_1_731' title='bbox 3476 4787 3623 4844; x_wconf 73' lang='grc' dir='ltr'>αὑτοῦ</span> 
     </span>
    </p>
   </div>
   <div class='ocr_carea' id='block_1_99' title="bbox 375 4880 1955 4955">
    <p class='ocr_par' dir='ltr' id='par_1_99' title="bbox 375 4880 1953 4955">
     <span class='ocr_line' id='line_1_99' title="bbox 375 4880 1953 4955; baseline 0.002 -20"><span class='ocrx_word' id='word_1_732' title='bbox 375 4896 470 4952; x_wconf 87' lang='lat' dir='ltr'><strong>per</strong></span> <span class='ocrx_word' id='word_1_733' title='bbox 498 4880 653 4936; x_wconf 90' lang='lat' dir='ltr'><strong>illum</strong></span> <span class='ocrx_word' id='word_1_734' title='bbox 709 4882 1071 4937; x_wconf 86' lang='lat' dir='ltr'><strong>reconciliare</strong></span> <span class='ocrx_word' id='word_1_735' title='bbox 1109 4881 1166 4937; x_wconf 91' lang='lat' dir='ltr'><strong>in</strong></span> <span class='ocrx_word' id='word_1_736' title='bbox 1205 4882 1387 4953; x_wconf 88' lang='lat' dir='ltr'><strong>ipsum</strong></span> <span class='ocrx_word' id='word_1_737' title='bbox 1422 4884 1628 4951; x_wconf 91' lang='lat' dir='ltr'><strong>omnia,</strong></span> <span class='ocrx_word' id='word_1_738' title='bbox 1677 4898 1802 4940; x_wconf 90' lang='lat' dir='ltr'><strong>cum</strong></span> <span class='ocrx_word' id='word_1_739' title='bbox 1852 4899 1953 4955; x_wconf 86' lang='lat' dir='ltr'><strong>pa-</strong></span> 
     </span>
    </p>
   </div>
   <div class='ocr_carea' id='block_1_100' title="bbox 2062 4880 3627 4955">
    <p class='ocr_par' dir='ltr' id='par_1_100' title="bbox 2062 4882 3627 4954">
     <span class='ocr_line' id='line_1_100' title="bbox 2062 4882 3627 4954; baseline -0.005 -13"><span class='ocrx_word' id='word_1_740' title='bbox 2062 4885 2499 4953; x_wconf 77' lang='grc' dir='ltr'>ἁποκαταλλάξαι</span> <span class='ocrx_word' id='word_1_741' title='bbox 2533 4884 2601 4937; x_wconf 82' lang='grc' dir='ltr'>τὰ</span> <span class='ocrx_word' id='word_1_742' title='bbox 2648 4884 2825 4937; x_wconf 83' lang='grc' dir='ltr'>πάντα</span> <span class='ocrx_word' id='word_1_743' title='bbox 2869 4884 2949 4946; x_wconf 85' lang='grc' dir='ltr'><strong>εἰς</strong></span> <span class='ocrx_word' id='word_1_744' title='bbox 2993 4882 3178 4949; x_wconf 81' lang='grc' dir='ltr'>αὑτὸν,</span> <span class='ocrx_word' id='word_1_745' title='bbox 3223 4883 3627 4954; x_wconf 73' lang='grc' dir='ltr'>εἰρηνοποιήσας</span> 
     </span>
    </p>
   </div>
   <div class='ocr_carea' id='block_1_101' title="bbox 371 4974 1955 5049">
    <p class='ocr_par' dir='ltr' id='par_1_101' title="bbox 371 4975 1379 5049">
     <span class='ocr_line' id='line_1_101' title="bbox 371 4975 1379 5049; baseline 0.003 -20"><span class='ocrx_word' id='word_1_746' title='bbox 371 4990 488 5030; x_wconf 82' lang='lat' dir='ltr'><strong>cem</strong></span> <span class='ocrx_word' id='word_1_747' title='bbox 518 4975 703 5032; x_wconf 87' lang='lat' dir='ltr'><strong>crucis</strong></span> <span class='ocrx_word' id='word_1_748' title='bbox 728 4976 994 5049; x_wconf 85' lang='lat' dir='ltr'><strong>sanguine</strong></span> <span class='ocrx_word' id='word_1_749' title='bbox 1022 4976 1379 5034; x_wconf 80' lang='lat' dir='ltr'><strong>sanxisset&quot;.</strong></span> 
     </span>
    </p>
   </div>
   <div class='ocr_carea' id='block_1_102' title="bbox 2062 4974 2931 5049">
    <p class='ocr_par' dir='ltr' id='par_1_102' title="bbox 2062 4974 2931 5049">
     <span class='ocr_line' id='line_1_102' title="bbox 2062 4974 2931 5049; baseline -0.003 -17"><span class='ocrx_word' id='word_1_750' title='bbox 2062 4978 2145 5033; x_wconf 78' lang='grc' dir='ltr'>διὰ</span> <span class='ocrx_word' id='word_1_751' title='bbox 2177 4977 2272 5032; x_wconf 90' lang='grc' dir='ltr'><strong>τοῦ</strong></span> <span class='ocrx_word' id='word_1_752' title='bbox 2301 4978 2530 5049; x_wconf 81' lang='grc' dir='ltr'>αἵματος</span> <span class='ocrx_word' id='word_1_753' title='bbox 2554 4976 2649 5031; x_wconf 89' lang='grc' dir='ltr'><strong>τοῦ</strong></span> <span class='ocrx_word' id='word_1_754' title='bbox 2675 4974 2931 5047; x_wconf 86' lang='grc' dir='ltr'>σταυροῦ.</span> 
     </span>
    </p>
   </div>
   <div class='ocr_carea' id='block_1_103' title="bbox 443 5065 1955 5143">
    <p class='ocr_par' dir='ltr' id='par_1_103' title="bbox 443 5068 1955 5142">
     <span class='ocr_line' id='line_1_103' title="bbox 443 5068 1955 5142; baseline 0.001 -19"><span class='ocrx_word' id='word_1_755' title='bbox 443 5068 543 5125; x_wconf 86' lang='lat' dir='ltr'><strong>Hic</strong></span> <span class='ocrx_word' id='word_1_756' title='bbox 581 5070 747 5141; x_wconf 89' lang='lat' dir='ltr'><strong>igitur</strong></span> <span class='ocrx_word' id='word_1_757' title='bbox 782 5070 850 5125; x_wconf 85' lang='lat' dir='ltr'><strong>ad</strong></span> <span class='ocrx_word' id='word_1_758' title='bbox 886 5075 1199 5142; x_wconf 72' lang='lat' dir='ltr'><strong>temporum</strong></span> <span class='ocrx_word' id='word_1_759' title='bbox 1236 5071 1727 5128; x_wconf 85' lang='lat' dir='ltr'><strong>administrandam</strong></span> <span class='ocrx_word' id='word_1_760' title='bbox 1776 5070 1955 5141; x_wconf 87' lang='lat' dir='ltr'><strong>pleni-</strong></span> 
     </span>
    </p>
   </div>
   <div class='ocr_carea' id='block_1_104' title="bbox 2062 5065 3619 5143">
    <p class='ocr_par' dir='ltr' id='par_1_104' title="bbox 2126 5065 3619 5143">
     <span class='ocr_line' id='line_1_104' title="bbox 2126 5065 3619 5143; baseline -0.007 -17"><span class='ocrx_word' id='word_1_761' title='bbox 2126 5071 2477 5143; x_wconf 80' lang='grc' dir='ltr'>Παραγέγονε</span> <span class='ocrx_word' id='word_1_762' title='bbox 2497 5070 2680 5123; x_wconf 89' lang='grc' dir='ltr'>τοίνυν</span> <span class='ocrx_word' id='word_1_763' title='bbox 2702 5069 2783 5132; x_wconf 89' lang='grc' dir='ltr'><strong>εἰς</strong></span> <span class='ocrx_word' id='word_1_764' title='bbox 2803 5066 3114 5138; x_wconf 88' lang='grc' dir='ltr'>οἰκονομίαν</span> <span class='ocrx_word' id='word_1_765' title='bbox 3141 5065 3238 5120; x_wconf 91' lang='grc' dir='ltr'><strong>τοῦ</strong></span> <span class='ocrx_word' id='word_1_766' title='bbox 3273 5065 3619 5137; x_wconf 80' lang='grc' dir='ltr'>πληρώματος</span> 
     </span>
    </p>
   </div>
   <div class='ocr_carea' id='block_1_105' title="bbox 372 5157 1955 5236">
    <p class='ocr_par' dir='ltr' id='par_1_105' title="bbox 372 5160 1955 5234">
     <span class='ocr_line' id='line_1_105' title="bbox 372 5160 1955 5234; baseline 0.001 -20"><span class='ocrx_word' id='word_1_767' title='bbox 372 5160 619 5217; x_wconf 90' lang='lat' dir='ltr'><strong>tudinem</strong></span> <span class='ocrx_word' id='word_1_768' title='bbox 666 5161 894 5230; x_wconf 64' lang='lat' dir='ltr'><strong>advenit</strong></span> <span class='ocrx_word' id='word_1_769' title='bbox 963 5163 1428 5234; x_wconf 81' lang='lat' dir='ltr'><strong>quemadmodum</strong></span> <span class='ocrx_word' id='word_1_770' title='bbox 1481 5162 1793 5218; x_wconf 81' lang='lat' dir='ltr'><strong>Abrahamo</strong></span> <span class='ocrx_word' id='word_1_771' title='bbox 1850 5176 1955 5216; x_wconf 66' lang='lat' dir='ltr'><strong>caa-</strong></span> 
     </span>
    </p>
   </div>
   <div class='ocr_carea' id='block_1_106' title="bbox 2062 5157 3619 5236">
    <p class='ocr_par' dir='ltr' id='par_1_106' title="bbox 2062 5157 3619 5236">
     <span class='ocr_line' id='line_1_106' title="bbox 2062 5157 3619 5236; baseline -0.007 -19"><span class='ocrx_word' id='word_1_772' title='bbox 2062 5163 2164 5217; x_wconf 82' lang='grc' dir='ltr'>τῶν</span> <span class='ocrx_word' id='word_1_773' title='bbox 2190 5164 2418 5236; x_wconf 89' lang='grc' dir='ltr'>καιρῶν,</span> <span class='ocrx_word' id='word_1_774' title='bbox 2448 5162 2633 5225; x_wconf 80' lang='grc' dir='ltr'>καθὼς</span> <span class='ocrx_word' id='word_1_775' title='bbox 2658 5160 2993 5232; x_wconf 78' lang='grc' dir='ltr'>ἐπήγγελται</span> <span class='ocrx_word' id='word_1_776' title='bbox 3025 5157 3284 5229; x_wconf 75' lang='grc' dir='ltr'>Ἀϐραὰμ</span> <span class='ocrx_word' id='word_1_777' title='bbox 3306 5158 3399 5211; x_wconf 80' lang='grc' dir='ltr'>καὶ</span> <span class='ocrx_word' id='word_1_778' title='bbox 3432 5157 3619 5214; x_wconf 72' lang='grc' dir='ltr'>λοιποῖς</span> 
     </span>
    </p>
   </div>
   <div class='ocr_carea' id='block_1_107' title="bbox 377 5246 1955 5326">
    <p class='ocr_par' dir='ltr' id='par_1_107' title="bbox 377 5254 1955 5326">
     <span class='ocr_line' id='line_1_107' title="bbox 377 5254 1955 5326; baseline 0.001 -20"><span class='ocrx_word' id='word_1_779' title='bbox 377 5254 618 5323; x_wconf 87' lang='lat' dir='ltr'><strong>terisque</strong></span> <span class='ocrx_word' id='word_1_780' title='bbox 647 5255 855 5313; x_wconf 88' lang='lat' dir='ltr'><strong>sanctis</strong></span> <span class='ocrx_word' id='word_1_781' title='bbox 891 5256 1016 5312; x_wconf 82' lang='lat' dir='ltr'><strong>data</strong></span> <span class='ocrx_word' id='word_1_782' title='bbox 1071 5256 1204 5313; x_wconf 87' lang='lat' dir='ltr'><strong>ﬁdes</strong></span> <span class='ocrx_word' id='word_1_783' title='bbox 1232 5265 1371 5321; x_wconf 88' lang='lat' dir='ltr'><strong>erat,</strong></span> <span class='ocrx_word' id='word_1_784' title='bbox 1405 5264 1466 5311; x_wconf 90' lang='lat' dir='ltr'><strong>ut</strong></span> <span class='ocrx_word' id='word_1_785' title='bbox 1493 5256 1548 5310; x_wconf 88' lang='lat' dir='ltr'><strong>in</strong></span> <span class='ocrx_word' id='word_1_786' title='bbox 1582 5256 1701 5326; x_wconf 89' lang='lat' dir='ltr'><strong>ipso</strong></span> <span class='ocrx_word' id='word_1_787' title='bbox 1748 5254 1955 5310; x_wconf 82' lang='lat' dir='ltr'><strong>instau-</strong></span> 
     </span>
    </p>
   </div>
   <div class='ocr_carea' id='block_1_108' title="bbox 2062 5246 3617 5326">
    <p class='ocr_par' dir='ltr' id='par_1_108' title="bbox 2062 5246 3617 5324">
     <span class='ocr_line' id='line_1_108' title="bbox 2062 5246 3617 5324; baseline -0.008 -16"><span class='ocrx_word' id='word_1_788' title='bbox 2062 5255 2251 5324; x_wconf 67' lang='grc' dir='ltr'>ἁγίοις,</span> <span class='ocrx_word' id='word_1_789' title='bbox 2287 5251 2874 5323; x_wconf 80' lang='grc' dir='ltr'>ἀνακεφαλαιώσασθαι</span> <span class='ocrx_word' id='word_1_790' title='bbox 2899 5250 2969 5303; x_wconf 85' lang='grc' dir='ltr'>τὰ</span> <span class='ocrx_word' id='word_1_791' title='bbox 2995 5250 3175 5304; x_wconf 83' lang='grc' dir='ltr'>πάντα</span> <span class='ocrx_word' id='word_1_792' title='bbox 3196 5249 3255 5302; x_wconf 80' lang='grc' dir='ltr'>ὲν</span> <span class='ocrx_word' id='word_1_793' title='bbox 3279 5246 3443 5317; x_wconf 81' lang='grc' dir='ltr'>αύτῷ,</span> <span class='ocrx_word' id='word_1_794' title='bbox 3474 5247 3537 5298; x_wconf 81' lang='grc' dir='ltr'><strong>τά</strong></span> <span class='ocrx_word' id='word_1_795' title='bbox 3566 5260 3617 5296; x_wconf 83' lang='grc' dir='ltr'><strong>τε</strong></span> 
     </span>
    </p>
   </div>
   <div class='ocr_carea' id='block_1_109' title="bbox 376 5330 1955 5423">
    <p class='ocr_par' dir='ltr' id='par_1_109' title="bbox 376 5348 1955 5423">
     <span class='ocr_line' id='line_1_109' title="bbox 376 5348 1955 5423; baseline 0 -21"><span class='ocrx_word' id='word_1_796' title='bbox 376 5358 519 5405; x_wconf 87' lang='lat' dir='ltr'><strong>raret</strong></span> <span class='ocrx_word' id='word_1_797' title='bbox 548 5349 753 5415; x_wconf 90' lang='lat' dir='ltr'><strong>omnia,</strong></span> <span class='ocrx_word' id='word_1_798' title='bbox 788 5363 852 5405; x_wconf 87' lang='lat' dir='ltr'><strong>ac</strong></span> <span class='ocrx_word' id='word_1_799' title='bbox 899 5349 1049 5405; x_wconf 85' lang='lat' dir='ltr'><strong>velut</strong></span> <span class='ocrx_word' id='word_1_800' title='bbox 1079 5349 1135 5404; x_wconf 91' lang='lat' dir='ltr'><strong>in</strong></span> <span class='ocrx_word' id='word_1_801' title='bbox 1181 5364 1453 5405; x_wconf 88' lang='lat' dir='ltr'><strong>summam</strong></span> <span class='ocrx_word' id='word_1_802' title='bbox 1505 5348 1797 5423; x_wconf 79' lang='lat' dir='ltr'><strong>redigeret,</strong></span> <span class='ocrx_word' id='word_1_803' title='bbox 1835 5362 1955 5416; x_wconf 74' lang='lat' dir='ltr'><strong>qua:</strong></span> 
     </span>
    </p>
   </div>
   <div class='ocr_carea' id='block_1_110' title="bbox 2062 5330 3615 5423">
    <p class='ocr_par' dir='ltr' id='par_1_110' title="bbox 2062 5330 3615 5417">
     <span class='ocr_line' id='line_1_110' title="bbox 2062 5330 3615 5417; baseline -0.008 -17"><span class='ocrx_word' id='word_1_804' title='bbox 2062 5349 2116 5400; x_wconf 78' lang='grc' dir='ltr'>ὲν</span> <span class='ocrx_word' id='word_1_805' title='bbox 2140 5350 2251 5409; x_wconf 80' lang='grc' dir='ltr'>τοϊς</span> <span class='ocrx_word' id='word_1_806' title='bbox 2275 5346 2523 5417; x_wconf 79' lang='grc' dir='ltr'>οὐρανοῖς</span> <span class='ocrx_word' id='word_1_807' title='bbox 2548 5344 2643 5400; x_wconf 71' lang='grc' dir='ltr'>καὶ</span> <span class='ocrx_word' id='word_1_808' title='bbox 2680 5344 2748 5397; x_wconf 87' lang='grc' dir='ltr'>τὰ</span> <span class='ocrx_word' id='word_1_809' title='bbox 2770 5345 2863 5396; x_wconf 74' lang='grc' dir='ltr'>ἐπὶ</span> <span class='ocrx_word' id='word_1_810' title='bbox 2886 5342 2987 5413; x_wconf 83' lang='grc' dir='ltr'>τῆς</span> <span class='ocrx_word' id='word_1_811' title='bbox 3008 5341 3112 5411; x_wconf 83' lang='grc' dir='ltr'><strong>γῆς</strong></span> <span class='ocrx_word' id='word_1_812' title='bbox 3132 5356 3144 5372; x_wconf 77' lang='grc' dir='ltr'><strong>ο</strong></span> <span class='ocrx_word' id='word_1_813' title='bbox 3182 5339 3456 5399; x_wconf 80' lang='grc' dir='ltr'>διάστασις</span> <span class='ocrx_word' id='word_1_814' title='bbox 3478 5336 3529 5387; x_wconf 74' lang='grc' dir='ltr'>δὲ</span> <span class='ocrx_word' id='word_1_815' title='bbox 3556 5330 3615 5403; x_wconf 73' lang='grc' dir='ltr'><strong>ἦν</strong></span> 
     </span>
    </p>
   </div>
   <div class='ocr_carea' id='block_1_111' title="bbox 2624 5497 3611 5563">
    <p class='ocr_par' dir='ltr' id='par_1_111' title="bbox 2624 5497 3611 5563">
     <span class='ocr_line' id='line_1_111' title="bbox 2624 5497 3611 5563; baseline -0.013 -9"><span class='ocrx_word' id='word_1_816' title='bbox 2624 5504 2644 5535; x_wconf 76' lang='grc'>⁸</span> <span class='ocrx_word' id='word_1_817' title='bbox 2688 5500 2703 5553; x_wconf 92' lang='grc' dir='ltr'><strong>Ι</strong></span> <span class='ocrx_word' id='word_1_818' title='bbox 2739 5501 2865 5555; x_wconf 92' lang='lat' dir='ltr'><strong>Cor.</strong></span> <span class='ocrx_word' id='word_1_819' title='bbox 2892 5515 2987 5563; x_wconf 77' lang='lat' dir='ltr'><strong>xu,</strong></span> <span class='ocrx_word' id='word_1_820' title='bbox 3020 5500 3104 5555; x_wconf 84' lang='grc' dir='ltr'><strong>Η.</strong></span> <span class='ocrx_word' id='word_1_821' title='bbox 3184 5500 3203 5530; x_wconf 83' lang='grc'>⁸</span> <span class='ocrx_word' id='word_1_822' title='bbox 3243 5497 3260 5551; x_wconf 92' lang='grc'><strong>1</strong></span> <span class='ocrx_word' id='word_1_823' title='bbox 3295 5498 3415 5552; x_wconf 89' lang='lat' dir='ltr'><strong>Cor.</strong></span> <span class='ocrx_word' id='word_1_824' title='bbox 3456 5511 3507 5554; x_wconf 92' lang='grc' dir='ltr'><strong>ιι,</strong></span> <span class='ocrx_word' id='word_1_825' title='bbox 3542 5499 3611 5563; x_wconf 71' lang='grc' dir='ltr'>ιιι.</span> 
     </span>
    </p>
   </div>
   <div class='ocr_carea' id='block_1_112' title="bbox 432 5504 1955 5627">
    <p class='ocr_par' dir='ltr' id='par_1_112' title="bbox 432 5504 1955 5627">
     <span class='ocr_line' id='line_1_112' title="bbox 432 5504 1955 5576; baseline 0.002 -20"><span class='ocrx_word' id='word_1_826' title='bbox 432 5504 464 5536; x_wconf 58' lang='grc' dir='ltr'>λ¹</span> <span class='ocrx_word' id='word_1_827' title='bbox 512 5504 639 5576; x_wconf 83' lang='lat' dir='ltr'><strong>Sap.</strong></span> <span class='ocrx_word' id='word_1_828' title='bbox 674 5520 713 5571; x_wconf 90' lang='grc' dir='ltr'><strong>ι,</strong></span> <span class='ocrx_word' id='word_1_829' title='bbox 743 5507 794 5560; x_wconf 85' lang='lat'><strong>7.</strong></span> <span class='ocrx_word' id='word_1_830' title='bbox 883 5508 903 5537; x_wconf 86' lang='grc'>²</span> <span class='ocrx_word' id='word_1_831' title='bbox 942 5505 1101 5561; x_wconf 80' lang='lat' dir='ltr'><strong>Joan.</strong></span> <span class='ocrx_word' id='word_1_832' title='bbox 1133 5524 1243 5573; x_wconf 73' lang='lat' dir='ltr'><strong>xw,</strong></span> <span class='ocrx_word' id='word_1_833' title='bbox 1273 5510 1354 5563; x_wconf 77' lang='lat' dir='ltr'><strong>l3.</strong></span> <span class='ocrx_word' id='word_1_834' title='bbox 1426 5509 1446 5540; x_wconf 87' lang='grc'>³</span> <span class='ocrx_word' id='word_1_835' title='bbox 1483 5506 1640 5563; x_wconf 80' lang='lat' dir='ltr'><strong>Joan.</strong></span> <span class='ocrx_word' id='word_1_836' title='bbox 1672 5524 1758 5569; x_wconf 85' lang='lat' dir='ltr'><strong>xv,</strong></span> <span class='ocrx_word' id='word_1_837' title='bbox 1782 5508 1872 5561; x_wconf 68' lang='lat'><strong>26.</strong></span> <span class='ocrx_word' id='word_1_838' title='bbox 1954 5518 1955 5527; x_wconf 82' lang='lat'>‘</span> 
     </span>
     <span class='ocr_line' id='line_1_113' title="bbox 439 5574 1934 5627; baseline 0 0"><span class='ocrx_word' id='word_1_839' title='bbox 439 5574 544 5627; x_wconf 78' lang='lat' dir='ltr'><strong>Tit.</strong></span> <span class='ocrx_word' id='word_1_840' title='bbox 575 5594 634 5627; x_wconf 91' lang='grc' dir='ltr'>ιι.</span> <span class='ocrx_word' id='word_1_841' title='bbox 662 5578 845 5627; x_wconf 75' lang='grc' dir='ltr'>ιι-ιι.</span> <span class='ocrx_word' id='word_1_842' title='bbox 928 5578 949 5609; x_wconf 82' lang='grc'>⁸</span> <span class='ocrx_word' id='word_1_843' title='bbox 976 5579 1189 5627; x_wconf 73' lang='lat' dir='ltr'><strong>(Inloss.</strong></span> <span class='ocrx_word' id='word_1_844' title='bbox 1221 5596 1277 5627; x_wconf 88' lang='grc' dir='ltr'>ιι.</span> <span class='ocrx_word' id='word_1_845' title='bbox 1307 5580 1393 5627; x_wconf 69' lang='grc' dir='ltr'><strong>Ην-</strong></span> <span class='ocrx_word' id='word_1_846' title='bbox 1442 5580 1525 5627; x_wconf 70' lang='lat'><strong>15.</strong></span> <span class='ocrx_word' id='word_1_847' title='bbox 1601 5581 1621 5610; x_wconf 81' lang='lat'><strong>’</strong></span> <span class='ocrx_word' id='word_1_848' title='bbox 1651 5577 1790 5627; x_wconf 81' lang='lat' dir='ltr'><strong>Psal.</strong></span> <span class='ocrx_word' id='word_1_849' title='bbox 1825 5593 1934 5627; x_wconf 82' lang='lat' dir='ltr'><strong>mn-</strong></span> 
     </span>
    </p>
   </div>
   <div class='ocr_carea' id='block_1_113' title="bbox 2062 5504 3611 5627">
    <p class='ocr_par' dir='ltr' id='par_1_113' title="bbox 2062 5504 3611 5627">
     <span class='ocr_line' id='line_1_114' title="bbox 2062 5504 3611 5568; baseline -0.013 -7"><span class='ocrx_word' id='word_1_850' title='bbox 2062 5522 2307 5568; x_wconf 63' lang='lat' dir='ltr'><strong>tamam,</strong></span> <span class='ocrx_word' id='word_1_851' title='bbox 2342 5504 2544 5567; x_wconf 67' lang='lat'><strong>14,13.</strong></span> <span class='ocrx_word' id='word_1_852' title='bbox 2624 5504 2644 5535; x_wconf 76' lang='grc'>⁸</span> <span class='ocrx_word' id='word_1_853' title='bbox 2688 5504 2703 5553; x_wconf 92' lang='grc' dir='ltr'><strong>Ι</strong></span> <span class='ocrx_word' id='word_1_854' title='bbox 2739 5504 2865 5555; x_wconf 91' lang='lat' dir='ltr'><strong>Cor.</strong></span> <span class='ocrx_word' id='word_1_855' title='bbox 2892 5515 2987 5563; x_wconf 77' lang='lat' dir='ltr'><strong>xu,</strong></span> <span class='ocrx_word' id='word_1_856' title='bbox 3020 5504 3104 5555; x_wconf 83' lang='grc' dir='ltr'><strong>Η.</strong></span> <span class='ocrx_word' id='word_1_857' title='bbox 3184 5504 3203 5530; x_wconf 85' lang='grc'>⁸</span> <span class='ocrx_word' id='word_1_858' title='bbox 3244 5504 3260 5551; x_wconf 94' lang='lat' dir='ltr'><strong>l</strong></span> <span class='ocrx_word' id='word_1_859' title='bbox 3295 5504 3415 5552; x_wconf 87' lang='lat' dir='ltr'><strong>Cor.</strong></span> <span class='ocrx_word' id='word_1_860' title='bbox 3456 5511 3507 5554; x_wconf 92' lang='grc' dir='ltr'><strong>ιι,</strong></span> <span class='ocrx_word' id='word_1_861' title='bbox 3542 5504 3611 5568; x_wconf 70' lang='grc' dir='ltr'>ιιι.</span> 
     </span>
     <span class='ocr_line' id='line_1_115' title="bbox 2136 5562 3611 5627; baseline -0.012 1"><span class='ocrx_word' id='word_1_862' title='bbox 2136 5579 2178 5609; x_wconf 85' lang='grc'><strong>¹⁰</strong></span> <span class='ocrx_word' id='word_1_863' title='bbox 2216 5575 2371 5627; x_wconf 79' lang='lat' dir='ltr'><strong>Jmtn.</strong></span> <span class='ocrx_word' id='word_1_864' title='bbox 2408 5591 2447 5627; x_wconf 93' lang='grc' dir='ltr'><strong>ι.</strong></span> <span class='ocrx_word' id='word_1_865' title='bbox 2476 5575 2561 5627; x_wconf 62' lang='lat' dir='ltr'><strong>ll.</strong></span> <span class='ocrx_word' id='word_1_866' title='bbox 2645 5575 2681 5605; x_wconf 84' lang='lat'>&quot;</span> <span class='ocrx_word' id='word_1_867' title='bbox 2704 5571 2861 5627; x_wconf 78' lang='lat' dir='ltr'><strong>Rom.</strong></span> <span class='ocrx_word' id='word_1_868' title='bbox 2883 5586 2975 5627; x_wconf 73' lang='lat' dir='ltr'><strong>ut.</strong></span> <span class='ocrx_word' id='word_1_869' title='bbox 3008 5570 3097 5626; x_wconf 71' lang='grc'><strong>22.</strong></span> <span class='ocrx_word' id='word_1_870' title='bbox 3180 5572 3220 5602; x_wconf 84' lang='grc'><strong>¹²</strong></span> <span class='ocrx_word' id='word_1_871' title='bbox 3249 5569 3291 5624; x_wconf 82' lang='grc' dir='ltr'><strong>ΙΙ</strong></span> <span class='ocrx_word' id='word_1_872' title='bbox 3318 5568 3437 5624; x_wconf 88' lang='lat' dir='ltr'><strong>Cor.</strong></span> <span class='ocrx_word' id='word_1_873' title='bbox 3461 5578 3505 5627; x_wconf 66' lang='grc' dir='ltr'><strong>ι,</strong></span> <span class='ocrx_word' id='word_1_874' title='bbox 3540 5562 3611 5614; x_wconf 69' lang='lat' dir='ltr'><strong>lii.</strong></span> 
     </span>
    </p>
   </div>
   <div class='ocr_carea' id='block_1_114' title="bbox 376 5570 1955 5643">
    <p class='ocr_par' dir='ltr' id='par_1_114' title="bbox 376 5570 1934 5643">
     <span class='ocr_line' id='line_1_116' title="bbox 376 5570 1934 5643; baseline 0.003 -18"><span class='ocrx_word' id='word_1_875' title='bbox 376 5574 397 5606; x_wconf 90' lang='lat'>&#39;</span> <span class='ocrx_word' id='word_1_876' title='bbox 439 5574 544 5627; x_wconf 85' lang='lat' dir='ltr'><strong>Tit.</strong></span> <span class='ocrx_word' id='word_1_877' title='bbox 575 5570 634 5639; x_wconf 74' lang='grc' dir='ltr'><strong>ιι,</strong></span> <span class='ocrx_word' id='word_1_878' title='bbox 662 5570 845 5631; x_wconf 75' lang='lat' dir='ltr'><strong>ll-H.</strong></span> <span class='ocrx_word' id='word_1_879' title='bbox 928 5578 949 5609; x_wconf 83' lang='grc'>⁸</span> <span class='ocrx_word' id='word_1_880' title='bbox 976 5579 1189 5636; x_wconf 81' lang='lat' dir='ltr'><strong>Coloss.</strong></span> <span class='ocrx_word' id='word_1_881' title='bbox 1220 5570 1277 5641; x_wconf 87' lang='grc' dir='ltr'><strong>ιι,</strong></span> <span class='ocrx_word' id='word_1_882' title='bbox 1307 5580 1393 5643; x_wconf 73' lang='grc'><strong>14,</strong></span> <span class='ocrx_word' id='word_1_883' title='bbox 1442 5580 1525 5633; x_wconf 77' lang='grc'><strong>15.</strong></span> <span class='ocrx_word' id='word_1_884' title='bbox 1601 5581 1621 5610; x_wconf 87' lang='grc'><strong>⁹</strong></span> <span class='ocrx_word' id='word_1_885' title='bbox 1650 5577 1790 5632; x_wconf 87' lang='lat' dir='ltr'><strong>Psal.</strong></span> <span class='ocrx_word' id='word_1_886' title='bbox 1825 5593 1934 5642; x_wconf 73' lang='lat' dir='ltr'><strong>cvr,</strong></span> 
     </span>
    </p>
   </div>
   <div class='ocr_carea' id='block_1_115' title="bbox 2062 5570 3097 5643">
    <p class='ocr_par' dir='ltr' id='par_1_115' title="bbox 2136 5570 3097 5641">
     <span class='ocr_line' id='line_1_117' title="bbox 2136 5570 3097 5641; baseline -0.005 -10"><span class='ocrx_word' id='word_1_887' title='bbox 2136 5579 2178 5609; x_wconf 85' lang='grc'><strong>¹⁰</strong></span> <span class='ocrx_word' id='word_1_888' title='bbox 2216 5575 2371 5631; x_wconf 73' lang='lat' dir='ltr'><strong>Joun.</strong></span> <span class='ocrx_word' id='word_1_889' title='bbox 2408 5575 2561 5641; x_wconf 68' lang='lat'><strong>1,14.</strong></span> <span class='ocrx_word' id='word_1_890' title='bbox 2645 5571 2975 5637; x_wconf 51' lang='lat' dir='ltr'><strong>&quot;Romwu,</strong></span> <span class='ocrx_word' id='word_1_891' title='bbox 3008 5570 3097 5626; x_wconf 72' lang='lat'><strong>22.</strong></span> 
     </span>
    </p>
   </div>
   <div class='ocr_carea' id='block_1_116' title="bbox 381 5645 1955 5716">
    <p class='ocr_par' dir='ltr' id='par_1_116' title="bbox 381 5645 1927 5716">
     <span class='ocr_line' id='line_1_118' title="bbox 381 5645 1927 5716; baseline 0.003 -17"><span class='ocrx_word' id='word_1_892' title='bbox 381 5645 423 5678; x_wconf 81' lang='grc'><strong>⁸³</strong></span> <span class='ocrx_word' id='word_1_893' title='bbox 461 5645 603 5699; x_wconf 76' lang='lat' dir='ltr'><strong>I‘sal.</strong></span> <span class='ocrx_word' id='word_1_894' title='bbox 642 5664 901 5716; x_wconf 70' lang='lat' dir='ltr'><strong>Lxxxvtu,</strong></span> <span class='ocrx_word' id='word_1_895' title='bbox 934 5653 987 5708; x_wconf 65' lang='grc'><strong>4.</strong></span> <span class='ocrx_word' id='word_1_896' title='bbox 1066 5652 1107 5684; x_wconf 67' lang='grc'>¹³</span> <span class='ocrx_word' id='word_1_897' title='bbox 1148 5650 1188 5706; x_wconf 88' lang='grc' dir='ltr'><strong>ιι</strong></span> <span class='ocrx_word' id='word_1_898' title='bbox 1229 5651 1351 5705; x_wconf 70' lang='lat' dir='ltr'><strong>(lor.</strong></span> <span class='ocrx_word' id='word_1_899' title='bbox 1389 5666 1438 5716; x_wconf 72' lang='grc' dir='ltr'>γ,</span> <span class='ocrx_word' id='word_1_900' title='bbox 1478 5650 1560 5706; x_wconf 79' lang='grc'><strong>19.</strong></span> <span class='ocrx_word' id='word_1_901' title='bbox 1639 5650 1682 5681; x_wconf 79' lang='grc'>³⁸</span> <span class='ocrx_word' id='word_1_902' title='bbox 1720 5650 1927 5704; x_wconf 65' lang='grc'><strong>(301055⁴</strong></span> 
     </span>
    </p>
   </div>
   <div class='ocr_carea' id='block_1_117' title="bbox 2062 5645 2239 5716">
    <p class='ocr_par' dir='ltr' id='par_1_117' title="bbox 2065 5648 2239 5715">
     <span class='ocr_line' id='line_1_119' title="bbox 2065 5648 2239 5715; baseline -0.011 -12"><span class='ocrx_word' id='word_1_903' title='bbox 2065 5648 2117 5715; x_wconf 80' lang='lat'><strong>9,</strong></span> <span class='ocrx_word' id='word_1_904' title='bbox 2150 5649 2239 5702; x_wconf 69' lang='grc'><strong>20.</strong></span> 
     </span>
    </p>
   </div>
  </div>
