3798 6212
184 283 293 338 477

794 289 1167 348 ADVERSUS
1205 291 1546 350 ilA'IRESES
1585 294 1712 352 LIB.
1755 294 1768 349 1

1884 293 2047 349 TOM.
2090 293 2130 350 1.
2177 326 2238 336 -
2287 293 2562 352 ιωιιεδ.
2605 295 2838 351 LXXIV.

3335 295 3440 352 478

184 402 281 456 καὶ
329 403 498 477 εχθρα
549 408 609 484 ἐν
665 410 733 481 τῇ
776 409 942 483 ἀνοχῇ
995 411 1090 466 τοῦ
1137 411 1272 468 Θεοῦ
1295 429 1310 444 ⁸
1354 415 1765 486 ἀποκατήλλαξε

1871 414 1925 468 in
1963 414 2105 468 caelo
2150 423 2298 478 sunt,
2348 429 2413 468 ac
2465 422 2611 469 terra
2643 416 2702 466 ιε
2744 413 2946 469 etenim
3002 427 3098 484 per
3145 411 3294 467 illam
3346 411 3445 470 Dei

183 489 242 544 δὲ
264 491 323 544 ἐν
351 492 428 564 τῷ
452 494 668 569 σώματι
686 499 785 570 τῆς
810 501 1012 572 σαρκὸς
1037 502 1226 567 αὑτοῦ,
1251 504 1318 557 δι’
1342 505 1506 559 αὐτοῦ
1532 506 1764 577 ποιήσας

179 581 253 636 τὰ
284 585 570 659 ἀμφότερα
603 589 683 644 ἐν.
719 586 892 645 Ἦλθε
922 594 1034 665 γὰρ
1064 595 1097 665 ἡ
1137 596 1326 667 εἰρήνη
1347 596 1529 667 ἡμῶν,
1573 598 1667 651 καὶ
1705 598 1766 651 τὸ

191 676 506 750 μεσότοιχον
549 680 642 734 τοῦ
694 683 948 755 φραγμοῦ
1001 683 1309 758 λύσας,τὴν
1358 686 1558 760 ἔχθραν
1600 689 1658 741 ἐν
1695 691 1762 761 τῇ

189 769 357 838 σαρκὶ
408 770 610 836 αὑτοῦ,
654 773 746 827 τὸν
793 776 960 846 νόμον
1009 777 1117 831 τῶν
1168 778 1396 833 ἐντολῶν
1433 781 1491 834 ἐν
1533 780 1765 852 δόγμασι

184 864 564 934 καταργήσας,
595 864 681 919 ἵνα
727 867 856 931 τοὺς
888 867 981 922 δύο
1020 868 1186 943 κτίσῃ
1232 871 1290 924 ἐν
1323 871 1502 941 ἐαυτῷ
1541 872 1620 935 είς
1669 873 1765 926 ἕνα

179 953 377 1006 καινὸν
427 955 734 1028 ἄνθρωπον.
779 954 934 1013 Εἶναι
983 959 1041 1014 δὲ
1079 959 1147 1014 τὰ
1189 959 1316 1033 ἐθνη
1357 961 1618 1033 σύσσωμα
1671 964 1766 1017 καὶ⁵

179 1045 505 1117 συμμέτοχα
542 1049 636 1102 καὶ
676 1051 1093 1123 συγκληρονόμα
1131 1053 1234 1122 τῆς
1280 1054 1613 1124 ἐπαγγελίας
1647 1056 1766 1110 ἐκέ-

178 1131 377 1190 λευσεν
397 1138 565 1193 εἰπών
585 1155 600 1171 ·
630 1143 809 1196 Δεῦτε
829 1143 980 1212 πρὸς
1000 1137 1099 1214 μὲ,
1123 1143 1345 1212 πάντες
1365 1148 1420 1199 οἱ
1441 1145 1764 1214 κοπιῶντες

175 1227 284 1280 καί
314 1232 799 1302 πεφορτισμένοι,
828 1233 988 1304 κάγὼ
1017 1236 1351 1292 ἀναπαύσω
1374 1235 1552 1308 ὑμᾶς.
1572 1238 1764 1294 Τοίνυν

175 1320 238 1372 ἐν
265 1313 311 1388 ᾧ
355 1321 466 1388 ἐγὼ
497 1323 760 1394 ἠσθένουν
788 1326 875 1380 διὰ
906 1326 1007 1398 τῆς
1045 1328 1267 1400 σαρκὸς,
1303 1329 1583 1400 ἀπεστάλη
1615 1347 1705 1403 μοι
1735 1332 1765 1386 ὁ

174 1411 379 1485 Σωτὴρ
423 1416 482 1468 ἐν
532 1415 840 1488 ὁμοιώματι
885 1418 1087 1490 σαρκὸς
1137 1420 1412 1493 ἁμαρτίας
1454 1421 1764 1493 οἰκονομίαν

173 1501 441 1574 τοιαύτην
484 1505 742 1576 πληρῶν,
776 1507 862 1560 ἵνα
911 1524 978 1578 με
1026 1507 1268 1572 δουλείας
1308 1508 1644 1584 ἐξαγοράσῃ,
1677 1512 1763 1566 ἵνα

175 1610 249 1665 με
301 1596 535 1667 φθορᾶς,
583 1599 669 1652 ἵνα
713 1617 780 1671 με
827 1599 1098 1656 θανάτουο
1137 1601 1232 1655 καὶ
1267 1601 1508 1672 ἐγένετό
1550 1621 1641 1675 μοι
1676 1603 1764 1658 δι-

172 1688 499 1756 καιοσύνη,
545 1691 641 1744 καί
691 1690 1014 1762 ἁγιασμὸς,
1048 1691 1146 1744 καί
1194 1691 1631 1760 ἀπολύτρωσις.
1669 1696 1762 1750 Δι-

1865 505 2178 576 patientiam
2213 505 2489 560 dissensio
2532 504 2780 575 quaedam
2821 511 2876 559 et
2912 503 3198 558 inimicitia
3231 501 3441 571 fuerat;

1863 595 2118 651 Christus
2148 611 2278 651 vero
2309 597 2364 650 in
2396 611 2629 666 corpore
2670 609 2950 665 carusque
2982 610 3082 650 sua
3117 595 3172 648 in
3206 595 3440 664 gratiam

1864 687 2328 758 concordiamque
2354 688 2617 754 restituit,
2652 703 2776 741 cum
2808 703 2904 756 per
2930 701 3052 743 sese
3084 701 3250 740 unum
3283 685 3445 740 ambo

1866 776 2107 833 fecisset.
2167 777 2326 833 Venit
2373 780 2519 834 enim
2574 794 2678 850 pax
2727 791 2936 840 nostra,
2998 786 3052 834 et
3096 777 3441 845 interjectum

1865 869 2116 923 maceriae
2163 875 2399 940 septum,
2440 868 2772 923 simultatem
2810 866 3058 922 videlicet
3109 881 3348 932 omnem,
3386 865 3443 920 in

1866 972 1964 1012 sua
2025 973 2192 1014 carne
2252 957 2457 1024 diruit,
2505 973 2570 1012 ac
2633 965 3026 1028 praeceptorum
3093 957 3264 1028 legem
3327 955 3443 1012 suis

1863 1046 2212 1117 dogmatibus
2256 1047 2511 1114 abolevit,
2557 1055 2616 1102 ut
2649 1047 2838 1102 ambos
2884 1047 2941 1102 in
2980 1046 3162 1117 seipso
3191 1047 3445 1103 eumdem

1865 1137 1922 1192 in
1964 1152 2164 1192 novum
2211 1138 2486 1193 hominem
2517 1144 2870 1208 componeret
2897 1140 2940 1193 ³.
2997 1137 3198 1194 Gentes
3230 1153 3360 1194 vero
3388 1140 3444 1193 in

1865 1228 2009 1284 idem
2038 1243 2241 1300 corpus
2276 1230 2610 1294 coalescere,
2643 1244 2707 1283 ac
2735 1229 3133 1300 promissorum
3180 1246 3288 1284 una
3320 1245 3446 1299 par-

1867 1319 2058 1391 ticipes
2085 1327 2140 1375 et
2167 1320 2412 1376 haeredes
2444 1335 2568 1376 esse
2591 1320 2757 1390 jussit
2781 1320 2867 1376 his
2896 1322 3078 1378 verbis
3109 1341 3122 1376 :
3165 1321 3348 1377 Venite
3374 1320 3444 1374 ad

1865 1427 1966 1475 me,
1997 1426 2173 1466 omnes
2199 1411 2290 1482 qui
2316 1409 2575 1466 laboratis
2601 1420 2651 1466 et
2680 1415 2886 1468 onerati
2904 1413 3050 1475 estis,
3067 1412 3340 1485 889410
3364 1428 3447 1469 re-

1863 1501 2042 1571 ﬁciam
2071 1519 2160 1558 vos
2181 1503 2222 1556 ³.
2244 1502 2416 1574 Igitur
2446 1517 2572 1558 cum
2602 1519 2702 1576 ego
2725 1520 2890 1561 carne
2912 1505 3217 1562 imbecillus
3239 1520 3442 1570 essem,

1868 1592 2133 1650 Servator
2175 1595 2242 1651 ad
2288 1609 2377 1650 me
2399 1595 2504 1652 sub
2535 1595 2723 1652 carnis
2768 1597 2976 1668 peccati
3016 1596 3199 1668 specie
3241 1596 3444 1654 missus

1864 1691 1950 1740 est
1979 1684 2024 1750 ⁸,
2057 1685 2154 1756 qui
2197 1691 2372 1740 totum
2405 1685 2510 1742 hoc
2542 1689 2822 1759 negotium
2849 1687 3165 1752 conﬁceret,
3199 1695 3260 1742 ut
3287 1703 3374 1744 me
3413 1704 3445 1742 a

172 1776 442 1848 καιοσύνη
489 1779 605 1850 μὲν,
633 1779 723 1833 διὰ
765 1780 1002 1844 πίστεως
1035 1779 1200 1865 αῦτοῦ
1245 1782 1522 1854 ἁμαρτίαν
1557 1783 1760 1859 λύσας’

1866 1775 2152 1842 servitute,
2183 1791 2214 1831 a
2241 1778 2578 1849 corruptela,
2613 1789 2674 1835 ut
2719 1795 2750 1834 a
2793 1786 2970 1836 morte
3010 1779 3347 1836 redimeret:
3378 1794 3446 1834 ac

174 1869 474 1941 ἁγιασμὸς,
512 1871 580 1924 δι’
603 1871 797 1937 ὕδατος
837 1873 934 1928 κα)⁵
965 1875 1277 1949 πνεύματος
1322 1877 1417 1930 καὶ
1443 1877 1510 1930 ἐν
1553 1877 1760 1948 ῥήματι

172 1961 348 2015 αὑτοῦ
383 1962 786 2036 ἐλευθερώσαςο
817 1967 1196 2041 ἀπολύτρωσις
1218 1970 1295 2034 δὲ,
1330 1969 1392 2022 τὸ
1423 1963 1562 2040 αἷμα
1593 1968 1759 2023 αὐτοῦ

169 2053 374 2125 λύτρον
407 2055 583 2126 ἀμνοῦ
620 2057 856 2129 ἀληθοῦς
895 2061 1037 2132 ὑπὲρ
1069 2061 1204 2133 ἐμοῦ
1239 2061 1430 2118 ἑαυτὸν
1465 2061 1759 2134 παραδοὺς,

175 2147 493 2220 ἱλαστήριον
521 2148 844 2222 καθάρσεως
881 2152 1109 2225 κόσμου,
1136 2154 1483 2227 καταλλαγῆς
1507 2155 1760 2210 ἁπάντων

171 2238 412 2310 οὐρανοῦ
440 2240 534 2294 καὶ
571 2244 678 2314 γῆς
697 2257 710 2271 ·
744 2243 1044 2315 μυστήριον
1076 2245 1140 2298 τὸ
1166 2245 1483 2319 ἀπόκρυφον
1517 2246 1624 2318 πρὸ
1649 2246 1760 2300 τῶν

171 2330 393 2386 αἰώνων
422 2333 517 2386 καὶ
553 2334 758 2400 γενεῶν
790 2335 1014 2408 πληρῶν
1056 2341 1272 2410 καιροῖς
1307 2342 1421 2404 τοῖς
1463 2340 1760 2412 διωρισμέ-

169 2439 308 2486 νοις.
357 2422 416 2476 '0
459 2414 624 2488 αὐτὸς
656 2427 1172 2497 μετασχηματίσει
1213 2429 1280 2483 τὸ
1309 2429 1482 2500 σῶμα
1513 2431 1626 2500 τῆς
1659 2446 1759 2484 ra-

171 2513 520 2582 πεινώσεως
543 2515 736 2586 ἡμῶν,
764 2519 852 2584 είς
870 2517 940 2573 τὸ
965 2518 1244 2588 γενέσθαι
1267 2516 1631 2591 σύμμορφονῖ
1647 2523 1759 2593 τῆς

169 2604 366 2674 δόξης
394 2606 602 2672 αὑτοῦ,
639 2607 790 2662 κατὰ
829 2608 943 2677 τὴν
981 2608 1289 2681 ἐνέργειαν
1320 2611 1428 2667 τοῦ
1461 2611 1758 2668 δύνασθαι

172 2697 271 2749 καὶ
307 2697 608 2763 ὑποτάξαι
637 2698 796 2765 αὐτῷ
833 2700 905 2756 τὰ
935 2700 1167 2755 πάνταο
1200 2702 1290 2758 ὅτι
1315 2703 1386 2757 ἐν
1421 2703 1583 2770 αὐτῷ
1621 2722 1759 2758 κατ-

171 2786 330 2840 οικεῖ
389 2786 515 2844 πᾶν
580 2789 648 2844 τὸ
711 2790 1006 2861 πλήρωμα
1058 2789 1168 2860 τῆς
1218 2793 1497 2864 θεότητος
1556 2810 1757 2865 σωμα-

173 2896 372 2947 τικως.

1861 1864 1996 1919 mihi
2049 1865 2142 1921 ille
2162 1865 2402 1936 justitia,
2435 1870 2793 1940 sanctiﬁcatio
2854 1887 2918 1926 ac
2959 1869 3242 1941 redemptio
3270 1871 3444 1939 factus

1859 1969 1936 2014 est
1960 1959 2006 2012 '.
2046 1957 2270 2015 Justitia
2311 1961 2554 2032 quidem,
2585 1962 2734 2034 quod
2789 1977 2887 2034 per
2927 1961 3086 2019 ﬁdem
3133 1976 3288 2018 suam
3316 1977 3448 2034 pec-

1858 2057 2044 2105 catum
2092 2051 2380 2120 dissolvit;
2430 2053 2826 2121 sanctiﬁcatio,
2875 2054 3024 2125 quod
3073 2070 3170 2126 per
3219 2069 3442 2124 aquam,

1859 2152 1915 2197 et
1964 2142 2242 2213 spiritum,
2273 2157 2340 2199 ac
2371 2145 2540 2201 verbo
2579 2160 2683 2201 suo
2729 2145 2785 2200 in
2830 2145 3136 2201 libertatem
3171 2144 3444 2213 asseruit;

1859 2231 2169 2304 redemptio
2223 2233 2480 2306 denique,
2535 2236 2682 2306 quod
2712 2236 2978 2307 seipsum,
3034 2252 3099 2292 ac
3157 2237 3272 2292 veri
3319 2235 3446 2308 agni

1861 2323 2213 2394 sanguinem,
2247 2324 2354 2381 hoc
2379 2333 2462 2383 est
2495 2341 2680 2394 suum,
2734 2327 2790 2382 in
2837 2329 3033 2399 capitis
3079 2330 3185 2384 mei
3213 2329 3448 2398 pretium

1861 2415 2150 2476 eﬂuderit:
2180 2419 2484 2490 piaculum,
2517 2435 2629 2492 quo
2653 2429 2708 2478 et
2735 2421 2975 2479 mundus
3005 2429 3360 2492 repurgatus,‘
3393 2429 3450 2476 et

1859 2509 2042 2564 omnia
2073 2509 2216 2566 caelo
2246 2518 2504 2583 terraque
2539 2513 2894 2570 reconciliata
2960 2525 3108 2580 sunt,
3169 2514 3298 2570 dum
3336 2528 3451 2586 my:

1859 2601 2088 2660 sterium
2139 2609 2266 2659 ante
2333 2605 2530 2661 saecula
2604 2621 2672 2662 ac
2723 2607 3106 2678 generationes
3165 2608 3442 2663 occultum

1862 2693 2183 2750 constitutis
2269 2697 2610 2767 temporibus
2699 2700 2945 2771 implevit
2975 2701 2997 2733 ⁵
3047 2719 3061 2756 :
3113 2699 3254 2756 idem
3323 2716 3452 2756 vero

1863 2784 2268 2853 transformabit
2323 2803 2511 2856 corpus
2565 2788 2886 2844 humilitatis
2929 2799 3159 2856 nostra;
3219 2801 3278 2844 ut
3330 2807 3454 2845 cou-

1863 2876 2032 2946 {drme
2083 2878 2155 2931 sit
2199 2879 2382 2950 gloria:
2426 2881 2613 2950 ipsius,
2655 2883 2942 2936 secundum
2991 2885 3362 2952 operationem,
3397 2895 3452 2936 ut

1861 2970 2029 3037 possit
2077 2969 2336 3039 subjicere
2366 2972 2469 3026 sibi
2510 2973 2690 3026 omnia
2721 2974 2762 3028 ⁷.
2810 2974 3076 3040 Quoniam
3114 2977 3169 3030 in
3208 2976 3322 3046 ipso
3353 2976 3452 3030 lca-

1864 3064 1998 3117 bitat
2026 3063 2194 3118 omnis
2219 3063 2490 3131 plenitudo
2526 3065 2822 3121 divinitatis
2839 3067 2883 3123 ⁸.

241 3141 321 3198 I".
353 3141 428 3196 Τὸ
457 3141 662 3214 δοχεῖον
691 3135 871 3202 τοίνυν
895 3148 995 3220 τῆς
1025 3149 1216 3219 σοφίας
1260 3151 1354 3204 καὶ
1378 3150 1477 3222 τῆς
1509 3149 1764 3222 θεότητος

1935 3151 2022 3207 Ill.
2059 3153 2330 3219 Quocirca
2393 3156 2680 3224 sapientiae
2729 3157 2862 3211 illud
2916 3171 2980 3212 ac
3028 3157 3329 3214 divinitatis
3371 3175 3454 3214 rc-

170 3235 201 3287 ὁ
227 3235 468 3308 Χριστὸς
522 3237 839 3308 μεσιτεύων,
891 3241 986 3294 καὶ
1039 3231 1427 3297 καταλλάσσων
1470 3245 1539 3298 τὰ
1589 3244 1765 3300 πάντα

172 3327 296 3400 Θεῷ
326 3331 388 3382 ἐν
425 3328 594 3400 αὐτῷ,
643 3331 717 3402 μὴ
768 3331 1116 3404 λογιζόμενος
1144 3334 1436 3405 ἁμαρτίαν,
1471 3335 1766 3409 ἀπόκρυφα

177 3423 460 3494 μυστήρια
488 3421 728 3495 πληρῶν,
764 3424 944 3478 πίστει
989 3425 1255 3498 διαθήκης
1296 3428 1460 3482 αὑτοῦ
1508 3430 1607 3502 τῆς
1634 3447 1768 3502 προ-

174 3515 598 3588 επηγγελμένης
643 3515 750 3570 ὑπὸ
796 3516 892 3571 τοῦ
933 3517 1099 3590 νόμου
1147 3520 1240 3573 καὶ
1281 3520 1392 3575 τῶν
1447 3524 1763 3595 προφητῶν,

175 3607 310 3671 Υῑὸς
365 3605 501 3662 Θεοῦ
562 3609 970 3680 κηρυσσόμενος
989 3649 1006 3676 ,
1063 3610 1178 3675 υίδς
1233 3611 1400 3666 Δαεὶδ
1453 3613 1766 3685 λεγόμενος.

177 3701 390 3772 Ἄμφω
427 3699 535 3772 γάρ
577 3701 710 3766 Θεὸς
751 3701 846 3756 καὶ
874 3701 1180 3775 ἄνθρωπος,
1227 3705 1456 3778 μεσίτης
1491 3705 1626 3761 Θεοῦ
1673 3709 1768 3762 καὶ

177 3791 506 3864 ἀνθρώπων,
558 3792 808 3862 ἀληθινὸς
852 3788 999 3860 οἶκος
1043 3795 1199 3860 Θεοῦ,
1252 3798 1550 3871 ἱεράτευμα
1589 3799 1765 3869 ἅγιον,

176 3885 499 3957 Πνεῦματος
524 3886 707 3958 δοτὴρ,
731 3887 824 3941 τοῦ
858 3888 1258 3958 άναγεννῶντος
1281 3892 1373 3944 καὶ
1398 3892 1770 3957 ἀνακαινίζον-

174 3996 273 4042 τος
318 3973 476 4042 αὖθις
520 3978 592 4032 τὰ
644 3979 821 4033 πάντα
861 3979 942 4051 τῷ
989 3979 1128 4052 Θεῷ.
1162 3981 1272 4037 Καὶ
1319 3985 1352 4038 d
1393 3983 1585 4054 Λόγος
1613 3985 1770 4054 σὰρξ

177 4071 440 4142 ἐγένετο,
501 4070 603 4128 καί
645 4071 1002 4141 ἐσκήνωσεν
1047 4072 1118 4127 ἐν
1157 4073 1324 4144 ἡμῖν,
1381 4075 1481 4130 καὶ
1533 4076 1772 4147 ειδομεν

177 4163 300 4232 τὴν
342 4162 536 4229 δόξαν
571 4163 778 4226 αὐτοῦ.
808 4165 890 4232 ὡς
941 4162 1128 4228 δόξαν
1185 4167 1558 4236 Μονογενοῦς
1612 4169 1773 4238 παρὰ

180 4255 437 4324 Πατρός.
473 4254 532 4308 '0
569 4254 722 4319 ὑετὸς
767 4255 1008 4329 δένδρεσι
1054 4254 1149 4309 καὶ
1196 4259 1384 4325 φυτοῖς
1437 4257 1774 4328 συμφυσιού-

183 4365 346 4418 μενος
385 4347 544 4418 σῶμα
578 4345 984 4419 ἀπεργάζεται,
1036 4349 1133 4403 καὶ
1169 4348 1264 4403 τὸν
1309 4347 1432 4419 καθ’
1477 4348 1774 4420 ὁμοιότητα

181 4437 398 4510 καρπὸν
439 4437 666 4492 ἕκαστον
685 4453 699 4468 ·
736 4437 830 4492 καὶ
873 4439 932 4491 ἐν
978 4437 1076 4510 μὲν
1121 4441 1188 4510 τῇ
1227 4438 1385 4512 ἐλαίᾳ
1431 4439 1610 4494 ἔλαιον
1651 4442 1772 4494 πῖον

182 4529 412 4599 γίνεται,
439 4529 986 4602 προσλαμὼνόμενος
1014 4530 1154 4603 πρὸς
1189 4532 1359 4603 αὐτῆς
1393 4532 1454 4586 τὸ
1483 4531 1740 4597 οὐσιῶδες
1757 4548 1772 4564 ·

185 4623 243 4682 ἐν
264 4621 310 4675 δ’
337 4621 571 4694 ἀμπέλῳ
601 4617 740 4687 οἶνος
763 4622 895 4694 ἡδὺς
922 4621 1198 4695 χροῖζεται
1217 4640 1232 4656 ο
1263 4625 1324 4678 ἐν
1350 4623 1407 4678 δὲ
1442 4627 1581 4696 συκῇ
1612 4623 1776 4680 σῦκον

184 4713 566 4781 γλυκαίνεταν
603 4717 662 4769 ἐν
688 4715 745 4768 δὲ
782 4715 998 4786 ἑκάστῳ
1027 4714 1139 4770 τῶν
1181 4716 1515 4788 σπερμάτων
1547 4716 1686 4788 πρὸς
1715 4716 1778 4772 τὸ

187 4802 324 4868 εἶδος
360 4804 528 4859 αὐτοῦ
579 4803 732 4870 αὔξει
763 4806 904 4879 φυήν
930 4823 944 4838 ·
981 4806 1178 4872 οὕτως,
1212 4803 1386 4880 οἶμαι,
1412 4811 1441 4864 ὁ
1481 4810 1654 4881 Λόγος
1681 4810 1775 4864 τοῦ

185 4895 320 4950 Θεοῦ
371 4897 432 4950 ἐν
491 4897 680 4970 Μαρίᾳ
730 4896 868 4969 σὰρξ
918 4898 1176 4969 ἐγένετο,
1237 4902 1333 4954 καὶ
1395 4902 1454 4955 ἐν
1502 4902 1777 4974 σπέρματι

201 4988 450 5060 ’Δσραὰμ
471 4989 756 5062 ἄνθρωπος
775 4991 1080 5064 εὑρίσκετο,
1111 4991 1255 5046 κατὰ
1285 4991 1385 5064 τὴν
1414 4994 1771 5065 ἐπαγγελίαν.

187 5081 536 5151 Εὑρήκαμεν
578 5083 690 5154 γὰρ
744 5085 1045 5150 Μεσσίαν,
1101 5084 1174 5139 ὃν
1218 5085 1443 5155 ἔγραψε
1491 5086 1772 5155 Μωῢστῆς.

202 5174 286 5238 ἀς
312 5175 370 5228 δὲ
402 5175 642 5246 Μωῦσῆς
679 5174 783 5246 ἔφη
806 5193 821 5208 ·
862 5175 1184 5246 Καταϐήτω
1214 5177 1296 5244 ὡς
1328 5177 1503 5244 ὑετὸς
1532 5176 1599 5231 τὸ
1625 5178 1773 5232 ἀπό-

190 5265 421 5336 φθετμά
442 5284 584 5336 μου,
609 5269 708 5322 καὶ
747 5270 827 5335 ὡς
855 5271 1148 5339 σταγόνες
1179 5269 1505 5330 στάζουσαι
1535 5270 1634 5323 ἐπὶ
1664 5269 1775 5338 τῆς

192 5350 302 5421 τῆς
326 5369 340 5383 ⁸
374 5352 430 5425 ἢ,
461 5356 778 5424 Καταόήτω
807 5357 888 5424 ὡς
925 5357 1145 5426 δρόσος
1193 5357 1292 5412 ἐπὶ
1345 5359 1556 5413 πόκον.
1587 5361 1776 5432 Ἐριον

192 5443 368 5498 τοίνυν
402 5445 690 5518 δεχόμενον
727 5447 826 5520 τὴν
873 5447 1062 5521 δρόσον
1094 5448 1247 5516 αὔξει
1283 5451 1453 5505 πόκου
1483 5453 1666 5523 γονήν.
1699 5452 1775 5522 Γῆ

269 5649 283 5680 ⁸
322 5648 520 5721 Ephes.
555 5672 593 5717 ι,
630 5653 713 5708 l0.
791 5652 811 5682 ¹
849 5650 1051 5722 Ephes,
1093 5670 1151 5716 ιι,
1191 5651 1384 5715 HAS.
1464 5653 1482 5684 ³
1523 5652 1715 5706 Matth.
1740 5652 1925 5716 359.3.

1805 4499 1853 4559 D

1869 3249 2216 3318 ceptaculum
2259 3248 2516 3306 Christus
2565 3251 2872 3320 mediator,
2917 3261 2973 3308 et
3014 3255 3198 3310 omnia
3241 3257 3292 3310 in
3335 3272 3456 3311 sese

1871 3357 1998 3395 cum
2022 3341 2132 3397 Deo
2166 3342 2556 3408 reconcilians,
2588 3359 2766 3414 neque
2788 3353 3072 3415 peccatum
3107 3347 3386 3416 imputaus
3410 3352 3452 3412 θ,

1868 3431 1934 3486 atl
1985 3432 2189 3486 exitum
2234 3447 2436 3486 arcana
2476 3435 2738 3504 mysteria
2769 3435 3110 3505 perducens,
3144 3442 3454 3494 testamenti

1869 3524 1953 3579 sui
1991 3523 2095 3578 ﬁde
2121 3564 2135 3587 ,
2169 3523 2316 3594 quod
2354 3538 2384 3576 a
2432 3524 2546 3595 lege
2580 3533 2634 3580 et
2670 3525 2951 3596 prophetis
2979 3533 3264 3582 ostensum
3293 3537 3455 3582 antea

1868 3616 2083 3683 fuerat,
2124 3615 2249 3683 Dei,
2298 3616 2559 3688 inquam,
2615 3618 2706 3674 ille
2740 3617 2910 3675 Filius
2961 3619 3320 3691 praedicatus,
3369 3635 3458 3679 .ac

1876 3707 2101 3764 Davidis
2152 3709 2459 3779 appellatus
2488 3715 2573 3766 est
2607 3711 2772 3766 Illius.
2825 3709 2883 3766 Si
2913 3711 3131 3782 quidem
3159 3719 3453 3784 utrumque

1875 3801 2020 3856 Deus
2063 3809 2117 3856 et
2163 3801 2347 3862 homo,
2400 3799 2492 3857 Dei
2540 3809 2595 3858 et
2632 3802 2916 3859 hominum
2955 3803 3226 3858 mediator
3266 3802 3366 3858 fuit
3387 3805 3454 3869 ¹⁰,

1869 3906 2059 3947 verum
2093 3889 2186 3946 Dei
2219 3893 2556 3948 domicilium
2581 3933 2596 3958 ,
2621 3894 2988 3950 sacerdotium
3016 3905 3290 3960 sanctum,
3328 3893 3453 3964 Spi-

1870 3983 2012 4038 ritus
2039 3984 2411 4051 regenerantis
2442 3998 2507 4039 ac
2536 3983 2649 4038 Deo
2676 3985 3040 4040 instaurantis
3071 3986 3256 4040 omnia
3293 3985 3458 4055 largi-

1871 4081 1978 4128 tor.
2027 4070 2256 4125 Verbum
2281 4074 2421 4127 enim
2455 4073 2813 4142 rarefactum
2861 4082 2970 4141 est,
3021 4085 3072 4128 et
3106 4075 3360 4129 habitarit
3402 4076 3457 4128 in

1873 4167 2044 4230 nobis,
2087 4175 2136 4221 et
2166 4167 2394 4221 vidimus
2424 4166 2654 4237 gloriam
2705 4169 2822 4233 eius
2847 4205 2864 4231 ,
2925 4173 3176 4237 tanquam
3230 4167 3457 4238 gloriam

1877 4257 2148 4329 Unigeniti
2174 4276 2210 4312 a
2244 4257 2492 4313 Patre“.
2532 4255 2599 4312 Ut
2625 4257 2772 4314 enim
2806 4257 2984 4328 pluvia
3017 4272 3141 4312 cum
3168 4257 3458 4313 arboribus

1874 4350 2190 4406 coalescens
2257 4364 2322 4404 ac
2357 4348 2624 4420 stirpibus
2651 4389 2666 4416 ,
2697 4362 2900 4420 corpus
2928 4347 3090 4404 eliicit
3114 4389 3129 4416 ,
3160 4355 3214 4404 et
3258 4364 3456 4403 unum-
3501 4395 3506 4400 .

1877 4454 2151 4510 quemque
2179 4439 2418 4494 fructum
2457 4439 2526 4494 ad
2555 4439 2676 4509 ejus
2700 4478 2716 4507 ,
2749 4439 2895 4494 unde
2920 4447 3077 4494 ortus
3107 4448 3225 4504 est,
3261 4439 3458 4494 simili-

1879 4531 2121 4588 tudinem
2152 4531 2444 4602 producit,
2498 4540 2559 4586 ut
2580 4539 2636 4588 et
2662 4532 2717 4586 in
2741 4533 2906 4598 oliva,
2937 4530 3005 4586 ad
3041 4532 3162 4602 ejus
3207 4540 3458 4587 naturam

1873 4633 1930 4681 et
1964 4624 2326 4681 substantiam
2367 4623 2688 4693 adjunctum
2714 4662 2730 4689 ,
2757 4624 2960 4695 pingue
2987 4622 3164 4679 oleum
3189 4623 3458 4688 exsistat;

1875 4718 1932 4772 in
1964 4717 2076 4773 vite
2111 4715 2424 4772 suavissimi
2471 4716 2528 4771 in
2582 4715 2694 4770 vini
2739 4715 3061 4787 qualitatem
3111 4715 3460 4785 coloremque

1875 4819 2151 4874 transeat;
2211 4810 2267 4864 in
2307 4808 2443 4864 licus
2495 4809 2693 4865 arbore
2722 4809 3045 4865 dulcissimo
3086 4805 3222 4862 licus
3266 4819 3462 4876 sapore

1875 4911 2244 4974 temperetur;
2298 4910 2353 4956 et
2400 4903 2454 4956 in
2485 4903 2730 4973 quolibet
2759 4901 2969 4958 semine
2999 4907 3255 4956 naturam
3285 4899 3460 4970 ipsius

1871 4995 1939 5049 ad
1971 5005 2338 5050 consentanea
2369 4993 2640 5064 cujusque
2667 4993 2856 5048 formae
2887 4992 3224 5046 incrementa
3261 4988 3460 5060 perduc

1871 5090 1986 5136 cat:
2015 5083 2089 5136 ita
2119 5081 2376 5142 Verbum,
2413 5083 2641 5151 opinor,
2683 5081 2778 5136 Dei
2820 5082 2874 5135 in
2905 5079 3073 5134 Maria
3101 5093 3231 5133 caro
3253 5078 3458 5132 factum

1871 5184 1953 5228 est
1985 5213 1999 5236 ,
2045 5181 2099 5228 ct
2133 5173 2184 5226 in
2219 5172 2512 5227 Abrahami
2542 5172 2714 5240 stirpe
2749 5170 2910 5224 homo
2953 5184 3018 5223 ex
3072 5166 3326 5238 promissi
3357 5165 3461 5222 [ide

1873 5274 2120 5336 repertus
2142 5273 2246 5320 est.
2275 5263 2575 5318 Invenimus
2607 5264 2770 5326 enim,
2797 5261 2996 5331 inquit,
3016 5259 3458 5329 Messiam,quent

1875 5361 2085 5427 scripsit
2142 5356 2349 5427 Moyses
2376 5359 2439 5410 ¹².
2476 5356 2617 5412 Idem
2650 5371 2776 5410 vero
2811 5354 3024 5425 Moyses
3065 5372 3078 5408 ε
3137 5351 3455 5416 Descendat,

1875 5450 2073 5522 inquit,
2111 5457 2166 5502 ut
2198 5447 2372 5515 pluvia
2401 5447 2667 5518 eloquium
2701 5462 2905 5510 meum,
2937 5454 2986 5498 et
3019 5453 3267 5514 tanquam
3296 5450 3459 5513 gutta

2033 5657 2054 5679 ⁵
2093 5648 2252 5703 Hom.
2284 5665 2403 5705 wn.
2436 5649 2487 5702 3.
2593 5649 2670 5699 "=l
2719 5646 2844 5698 Cor.
2874 5661 2910 5706 ι,
2939 5646 3027 5700 50.
3109 5647 3128 5678 ⁸
3167 5645 3375 5702 Coloss.
3413 5660 3454 5697 ι.

200 5717 268 5773 90
298 5717 418 5796 sqq.
493 5726 515 5757 '
554 5725 697 5780 Phil.
728 5737 808 5789 ιιι,
834 5717 922 5779 2f.
993 5725 1023 5758 -κ
1064 5723 1178 5780 Col.
1227 5739 1284 5788 ιι,
1317 5723 1369 5778 9.
1447 5725 1466 5756 ’
1509 5724 1552 5778 ll
1592 5724 1716 5780 Cor.
1749 5741 1768 5777 ι

1871 5724 1919 5777 Et.
2001 5723 2039 5753 ¹⁰
2080 5719 2102 5775 1
2135 5721 2271 5777 Tim.
2309 5738 2366 5789 ιι,
2398 5722 2450 5774 5.
2531 5719 2567 5751 ¹¹
2611 5717 2766 5774 Joan.
2800 5733 2836 5786 ι,
2872 5717 2956 5772 l-i.
3001 5719 3038 5750 "
3076 5717 3214 5773 ibid.
3252 5722 3338 5777 65.
