  <div class='ocr_page' id='page_1' title='image "/cluster/home/n/w/nwhite01/storage/ocr_20150623/42/hvd.32044011752995/239.png"; bbox 0 0 3798 6212; ppageno 0'>
   <div class='ocr_carea' id='block_1_1' title="bbox 328 168 1947 239">
    <p class='ocr_par' dir='ltr' id='par_1_1' title="bbox 328 168 1947 226">
     <span class='ocr_line' id='line_1_1' title="bbox 328 168 1947 226; baseline -0.003 0"><span class='ocrx_word' id='word_1_1' title='bbox 328 174 434 226; x_wconf 67' lang='grc'><strong>479</strong></span> <span class='ocrx_word' id='word_1_2' title='bbox 1797 170 1852 223; x_wconf 83' lang='lat' dir='ltr'><strong>S.</strong></span> <span class='ocrx_word' id='word_1_3' title='bbox 1899 168 1947 221; x_wconf 74' lang='grc' dir='ltr'><strong>Ε]</strong></span> 
     </span>
    </p>
   </div>
   <div class='ocr_carea' id='block_1_2' title="bbox 2094 168 3621 239">
    <p class='ocr_par' dir='ltr' id='par_1_2' title="bbox 2101 176 3621 239">
     <span class='ocr_line' id='line_1_2' title="bbox 2101 176 3621 239; baseline 0.006 -9"><span class='ocrx_word' id='word_1_4' title='bbox 2101 176 2237 233; x_wconf 67' lang='lat' dir='ltr'><strong>ANII</strong></span> <span class='ocrx_word' id='word_1_5' title='bbox 3510 182 3621 239; x_wconf 65' lang='grc' dir='ltr'><strong>ιδο</strong></span> 
     </span>
    </p>
   </div>
   <div class='ocr_carea' id='block_1_3' title="bbox 331 280 1947 371">
    <p class='ocr_par' dir='ltr' id='par_1_3' title="bbox 331 280 1925 346">
     <span class='ocr_line' id='line_1_3' title="bbox 331 280 1925 346; baseline 0 -1"><span class='ocrx_word' id='word_1_6' title='bbox 331 290 594 345; x_wconf 77' lang='lat' dir='ltr'><strong>stillantes</strong></span> <span class='ocrx_word' id='word_1_7' title='bbox 648 290 702 341; x_wconf 86' lang='lat' dir='ltr'><strong>in</strong></span> <span class='ocrx_word' id='word_1_8' title='bbox 757 298 954 341; x_wconf 88' lang='lat' dir='ltr'><strong>terram</strong></span> <span class='ocrx_word' id='word_1_9' title='bbox 986 288 1026 341; x_wconf 84' lang='grc'><strong>¹.</strong></span> <span class='ocrx_word' id='word_1_10' title='bbox 1064 286 1161 343; x_wconf 99' lang='lat' dir='ltr'><strong>Vel</strong></span> <span class='ocrx_word' id='word_1_11' title='bbox 1190 280 1207 343; x_wconf 66' lang='grc' dir='ltr'>Ξ</span> <span class='ocrx_word' id='word_1_12' title='bbox 1242 287 1539 345; x_wconf 83' lang='lat' dir='ltr'><strong>Descendat</strong></span> <span class='ocrx_word' id='word_1_13' title='bbox 1573 289 1703 344; x_wconf 82' lang='lat' dir='ltr'><strong>sicut</strong></span> <span class='ocrx_word' id='word_1_14' title='bbox 1736 309 1822 345; x_wconf 89' lang='lat' dir='ltr'><strong>ros</strong></span> <span class='ocrx_word' id='word_1_15' title='bbox 1873 294 1925 346; x_wconf 88' lang='lat' dir='ltr'><strong>in</strong></span> 
     </span>
    </p>
   </div>
   <div class='ocr_carea' id='block_1_4' title="bbox 2094 280 3620 371">
    <p class='ocr_par' dir='ltr' id='par_1_4' title="bbox 2094 298 3620 371">
     <span class='ocr_line' id='line_1_4' title="bbox 2094 298 3620 371; baseline 0.001 -20"><span class='ocrx_word' id='word_1_16' title='bbox 2094 340 2103 361; x_wconf 90' lang='lat'><strong>,</strong></span> <span class='ocrx_word' id='word_1_17' title='bbox 2134 300 2396 370; x_wconf 76' lang='grc' dir='ltr'><strong>δεχομένη</strong></span> <span class='ocrx_word' id='word_1_18' title='bbox 2425 300 2514 352; x_wconf 71' lang='grc' dir='ltr'><strong>τὸν</strong></span> <span class='ocrx_word' id='word_1_19' title='bbox 2559 300 2771 363; x_wconf 75' lang='grc' dir='ltr'><strong>ἐλπίδος</strong></span> <span class='ocrx_word' id='word_1_20' title='bbox 2801 300 3048 370; x_wconf 76' lang='grc' dir='ltr'><strong>γεωργὸν</strong></span> <span class='ocrx_word' id='word_1_21' title='bbox 3089 299 3265 363; x_wconf 80' lang='grc' dir='ltr'><em>ὕετδν,</em></span> <span class='ocrx_word' id='word_1_22' title='bbox 3297 298 3453 368; x_wconf 73' lang='grc' dir='ltr'><strong>αὔξει</strong></span> <span class='ocrx_word' id='word_1_23' title='bbox 3481 316 3620 371; x_wconf 78' lang='grc' dir='ltr'>καρ-</span> 
     </span>
    </p>
   </div>
   <div class='ocr_carea' id='block_1_5' title="bbox 331 381 1947 464">
    <p class='ocr_par' dir='ltr' id='par_1_5' title="bbox 331 381 1922 454">
     <span class='ocr_line' id='line_1_5' title="bbox 331 381 1922 454; baseline 0.001 -17"><span class='ocrx_word' id='word_1_24' title='bbox 331 383 492 437; x_wconf 75' lang='lat' dir='ltr'><strong>retlus</strong></span> <span class='ocrx_word' id='word_1_25' title='bbox 521 384 564 435; x_wconf 79' lang='lat'><strong>&#39;.</strong></span> <span class='ocrx_word' id='word_1_26' title='bbox 601 381 743 434; x_wconf 86' lang='lat' dir='ltr'><strong>Lana</strong></span> <span class='ocrx_word' id='word_1_27' title='bbox 775 381 959 450; x_wconf 86' lang='lat' dir='ltr'><strong>itaque</strong></span> <span class='ocrx_word' id='word_1_28' title='bbox 1014 397 1192 439; x_wconf 85' lang='lat' dir='ltr'><strong>rorem</strong></span> <span class='ocrx_word' id='word_1_29' title='bbox 1225 384 1506 453; x_wconf 77' lang='lat' dir='ltr'><strong>excipiens</strong></span> <span class='ocrx_word' id='word_1_30' title='bbox 1539 383 1706 437; x_wconf 82' lang='lat' dir='ltr'><strong>fetum</strong></span> <span class='ocrx_word' id='word_1_31' title='bbox 1761 396 1922 454; x_wconf 74' lang='lat' dir='ltr'><strong>auget.</strong></span> 
     </span>
    </p>
   </div>
   <div class='ocr_carea' id='block_1_6' title="bbox 2094 381 3616 464">
    <p class='ocr_par' dir='ltr' id='par_1_6' title="bbox 2094 392 3616 464">
     <span class='ocr_line' id='line_1_6' title="bbox 2094 392 3616 464; baseline 0.003 -23"><span class='ocrx_word' id='word_1_32' title='bbox 2094 410 2130 442; x_wconf 76' lang='grc' dir='ltr'><strong>,ν</strong></span> <span class='ocrx_word' id='word_1_33' title='bbox 2176 393 2236 445; x_wconf 82' lang='grc' dir='ltr'><strong>τὸ</strong></span> <span class='ocrx_word' id='word_1_34' title='bbox 2275 392 2582 463; x_wconf 77' lang='grc' dir='ltr'><strong>δέχεσθαι¹⁸</strong></span> <span class='ocrx_word' id='word_1_35' title='bbox 2632 393 3016 464; x_wconf 83' lang='grc' dir='ltr'>πρόσταγματι</span> <span class='ocrx_word' id='word_1_36' title='bbox 3060 394 3355 456; x_wconf 78' lang='grc' dir='ltr'>Δεσπότου,</span> <span class='ocrx_word' id='word_1_37' title='bbox 3402 393 3616 464; x_wconf 79' lang='grc' dir='ltr'><strong>προσδι-</strong></span> 
     </span>
    </p>
   </div>
   <div class='ocr_carea' id='block_1_7' title="bbox 333 471 1920 547">
    <p class='ocr_par' dir='ltr' id='par_1_7' title="bbox 333 471 1920 547">
     <span class='ocr_line' id='line_1_7' title="bbox 333 471 1920 547; baseline 0.006 -24"><span class='ocrx_word' id='word_1_38' title='bbox 333 474 499 545; x_wconf 72' lang='lat'><strong>890</strong></span> <span class='ocrx_word' id='word_1_39' title='bbox 522 474 761 528; x_wconf 82' lang='lat' dir='ltr'><strong>velleris.</strong></span> <span class='ocrx_word' id='word_1_40' title='bbox 789 471 958 528; x_wconf 80' lang='lat' dir='ltr'><strong>Terra</strong></span> <span class='ocrx_word' id='word_1_41' title='bbox 986 474 1133 529; x_wconf 75' lang='lat' dir='ltr'><strong>velut</strong></span> <span class='ocrx_word' id='word_1_42' title='bbox 1165 475 1453 545; x_wconf 78' lang='lat' dir='ltr'><strong>quemdam</strong></span> <span class='ocrx_word' id='word_1_43' title='bbox 1488 478 1602 547; x_wconf 97' lang='lat' dir='ltr'><strong>spei</strong></span> <span class='ocrx_word' id='word_1_44' title='bbox 1632 478 1920 543; x_wconf 86' lang='lat' dir='ltr'><strong>cultorem,</strong></span> 
     </span>
    </p>
   </div>
   <div class='ocr_carea' id='block_1_8' title="bbox 303 565 1922 636">
    <p class='ocr_par' dir='ltr' id='par_1_8' title="bbox 303 565 1922 636">
     <span class='ocr_line' id='line_1_8' title="bbox 303 565 1922 636; baseline 0.003 -16"><span class='ocrx_word' id='word_1_45' title='bbox 303 579 387 628; x_wconf 85' lang='lat' dir='ltr'><strong>,ct</strong></span> <span class='ocrx_word' id='word_1_46' title='bbox 417 566 712 636; x_wconf 80' lang='lat' dir='ltr'><strong>agricolam</strong></span> <span class='ocrx_word' id='word_1_47' title='bbox 743 565 983 636; x_wconf 84' lang='lat' dir='ltr'><strong>pluviam</strong></span> <span class='ocrx_word' id='word_1_48' title='bbox 1015 567 1317 636; x_wconf 81' lang='lat' dir='ltr'><strong>excipiens,</strong></span> <span class='ocrx_word' id='word_1_49' title='bbox 1362 569 1598 623; x_wconf 83' lang='lat' dir='ltr'><strong>fructum</strong></span> <span class='ocrx_word' id='word_1_50' title='bbox 1636 571 1702 625; x_wconf 92' lang='lat' dir='ltr'><strong>ad</strong></span> <span class='ocrx_word' id='word_1_51' title='bbox 1742 580 1922 625; x_wconf 84' lang='lat' dir='ltr'><strong>matu-</strong></span> 
     </span>
    </p>
   </div>
   <div class='ocr_carea' id='block_1_9' title="bbox 337 658 1922 731">
    <p class='ocr_par' dir='ltr' id='par_1_9' title="bbox 337 658 1922 731">
     <span class='ocr_line' id='line_1_9' title="bbox 337 658 1922 731; baseline 0.003 -19"><span class='ocrx_word' id='word_1_52' title='bbox 337 660 551 713; x_wconf 86' lang='lat' dir='ltr'><strong>ritatem</strong></span> <span class='ocrx_word' id='word_1_53' title='bbox 586 658 861 727; x_wconf 87' lang='lat' dir='ltr'><strong>perducit,</strong></span> <span class='ocrx_word' id='word_1_54' title='bbox 894 674 1068 729; x_wconf 89' lang='lat' dir='ltr'><strong>eaque</strong></span> <span class='ocrx_word' id='word_1_55' title='bbox 1095 658 1317 730; x_wconf 76' lang='lat' dir='ltr'><strong>perfusa</strong></span> <span class='ocrx_word' id='word_1_56' title='bbox 1360 677 1427 715; x_wconf 87' lang='lat' dir='ltr'><strong>ex</strong></span> <span class='ocrx_word' id='word_1_57' title='bbox 1454 661 1685 731; x_wconf 89' lang='lat' dir='ltr'><strong>imperio</strong></span> <span class='ocrx_word' id='word_1_58' title='bbox 1709 661 1922 719; x_wconf 88' lang='lat' dir='ltr'><strong>Domini</strong></span> 
     </span>
    </p>
   </div>
   <div class='ocr_carea' id='block_1_10' title="bbox 2027 482 3619 557">
    <p class='ocr_par' dir='ltr' id='par_1_10' title="bbox 2027 482 3619 557">
     <span class='ocr_line' id='line_1_10' title="bbox 2027 482 3619 557; baseline 0.001 -19"><span class='ocrx_word' id='word_1_59' title='bbox 2027 482 2192 538; x_wconf 79' lang='grc' dir='ltr'><strong>δοῦσα</strong></span> <span class='ocrx_word' id='word_1_60' title='bbox 2220 484 2317 556; x_wconf 77' lang='grc' dir='ltr'><strong>τὴν</strong></span> <span class='ocrx_word' id='word_1_61' title='bbox 2356 485 2516 555; x_wconf 77' lang='grc' dir='ltr'><em>φύσιν</em></span> <span class='ocrx_word' id='word_1_62' title='bbox 2552 484 2847 556; x_wconf 74' lang='grc' dir='ltr'><strong>προθύμως</strong></span> <span class='ocrx_word' id='word_1_63' title='bbox 2867 504 2880 516; x_wconf 90' lang='grc'><strong>·</strong></span> <span class='ocrx_word' id='word_1_64' title='bbox 2911 486 2991 557; x_wconf 86' lang='grc' dir='ltr'><strong>τῷ</strong></span> <span class='ocrx_word' id='word_1_65' title='bbox 3016 486 3073 540; x_wconf 82' lang='grc' dir='ltr'><strong>δὲ</strong></span> <span class='ocrx_word' id='word_1_66' title='bbox 3094 488 3135 517; x_wconf 76' lang='grc'><strong>⁸⁸</strong></span> <span class='ocrx_word' id='word_1_67' title='bbox 3166 485 3468 556; x_wconf 79' lang='grc' dir='ltr'>λαμὸἀνειν</span> <span class='ocrx_word' id='word_1_68' title='bbox 3494 488 3619 555; x_wconf 70' lang='grc' dir='ltr'>παρ’</span> 
     </span>
    </p>
   </div>
   <div class='ocr_carea' id='block_1_11' title="bbox 2030 573 3619 650">
    <p class='ocr_par' dir='ltr' id='par_1_11' title="bbox 2030 573 3619 650">
     <span class='ocr_line' id='line_1_11' title="bbox 2030 573 3619 650; baseline 0.001 -23"><span class='ocrx_word' id='word_1_69' title='bbox 2030 573 2195 627; x_wconf 80' lang='grc' dir='ltr'>αὑτοῦ</span> <span class='ocrx_word' id='word_1_70' title='bbox 2244 575 2404 628; x_wconf 76' lang='grc' dir='ltr'>πλέον</span> <span class='ocrx_word' id='word_1_71' title='bbox 2450 576 2563 647; x_wconf 82' lang='grc' dir='ltr'><em>ἔχει</em></span> <span class='ocrx_word' id='word_1_72' title='bbox 2609 576 2862 650; x_wconf 83' lang='grc' dir='ltr'><strong>σπουδήν.</strong></span> <span class='ocrx_word' id='word_1_73' title='bbox 2913 576 3071 631; x_wconf 78' lang='grc' dir='ltr'><strong>Οὕτω</strong></span> <span class='ocrx_word' id='word_1_74' title='bbox 3109 578 3174 649; x_wconf 79' lang='grc' dir='ltr'><strong>δὴ</strong></span> <span class='ocrx_word' id='word_1_75' title='bbox 3208 578 3304 630; x_wconf 74' lang='grc' dir='ltr'>καὶ</span> <span class='ocrx_word' id='word_1_76' title='bbox 3348 576 3619 649; x_wconf 74' lang='grc' dir='ltr'>Παρθένος</span> 
     </span>
    </p>
   </div>
   <div class='ocr_carea' id='block_1_12' title="bbox 2032 665 3618 741">
    <p class='ocr_par' dir='ltr' id='par_1_12' title="bbox 2032 665 3618 741">
     <span class='ocr_line' id='line_1_12' title="bbox 2032 665 3618 741; baseline 0.002 -22"><span class='ocrx_word' id='word_1_77' title='bbox 2032 665 2241 736; x_wconf 71' lang='grc' dir='ltr'>Μαρία,</span> <span class='ocrx_word' id='word_1_78' title='bbox 2273 668 2434 720; x_wconf 84' lang='grc' dir='ltr'><strong>Κατὰ</strong></span> <span class='ocrx_word' id='word_1_79' title='bbox 2463 669 2518 721; x_wconf 84' lang='grc' dir='ltr'><strong><em>τί</em></strong></span> <span class='ocrx_word' id='word_1_80' title='bbox 2548 668 2852 741; x_wconf 77' lang='grc' dir='ltr'><strong>γνώσομαι</strong></span> <span class='ocrx_word' id='word_1_81' title='bbox 2881 668 3078 733; x_wconf 87' lang='grc' dir='ltr'><em>τοῦτο,</em></span> <span class='ocrx_word' id='word_1_82' title='bbox 3110 669 3297 741; x_wconf 63' lang='grc' dir='ltr'><em>φησιν,</em></span> <span class='ocrx_word' id='word_1_83' title='bbox 3332 669 3424 722; x_wconf 85' lang='grc' dir='ltr'><strong>ὅτι</strong></span> <span class='ocrx_word' id='word_1_84' title='bbox 3453 667 3618 722; x_wconf 67' lang='grc' dir='ltr'><em>ἔσται</em></span> 
     </span>
    </p>
   </div>
   <div class='ocr_carea' id='block_1_13' title="bbox 283 751 1947 833">
    <p class='ocr_par' dir='ltr' id='par_1_13' title="bbox 283 751 1927 829">
     <span class='ocr_line' id='line_1_13' title="bbox 283 751 1927 829; baseline 0.004 -24"><span class='ocrx_word' id='word_1_85' title='bbox 283 821 293 829; x_wconf 39' lang='lat'><em>.</em></span> <span class='ocrx_word' id='word_1_86' title='bbox 337 752 615 805; x_wconf 75' lang='lat' dir='ltr'><strong>naturales</strong></span> <span class='ocrx_word' id='word_1_87' title='bbox 651 751 835 822; x_wconf 78' lang='lat' dir='ltr'><strong>fruges</strong></span> <span class='ocrx_word' id='word_1_88' title='bbox 869 763 1119 824; x_wconf 75' lang='lat' dir='ltr'><strong>prompte</strong></span> <span class='ocrx_word' id='word_1_89' title='bbox 1158 768 1222 807; x_wconf 88' lang='lat' dir='ltr'><strong>ac</strong></span> <span class='ocrx_word' id='word_1_90' title='bbox 1252 753 1485 807; x_wconf 75' lang='lat' dir='ltr'><strong>libenter</strong></span> <span class='ocrx_word' id='word_1_91' title='bbox 1514 754 1735 819; x_wconf 89' lang='lat' dir='ltr'><strong>emittit,</strong></span> <span class='ocrx_word' id='word_1_92' title='bbox 1777 760 1830 810; x_wconf 86' lang='lat' dir='ltr'><strong>et</strong></span> <span class='ocrx_word' id='word_1_93' title='bbox 1860 756 1927 811; x_wconf 90' lang='lat' dir='ltr'><strong>ab</strong></span> 
     </span>
    </p>
   </div>
   <div class='ocr_carea' id='block_1_14' title="bbox 2094 751 3618 833">
    <p class='ocr_par' dir='ltr' id='par_1_14' title="bbox 2094 758 3618 833">
     <span class='ocr_line' id='line_1_14' title="bbox 2094 758 3618 833; baseline -0.005 -13"><span class='ocrx_word' id='word_1_94' title='bbox 2094 775 2164 820; x_wconf 68' lang='lat' dir='ltr'><strong>9t;</strong></span> <span class='ocrx_word' id='word_1_95' title='bbox 2194 758 2393 828; x_wconf 75' lang='grc' dir='ltr'><em>ἤκουσε</em></span> <span class='ocrx_word' id='word_1_96' title='bbox 2410 776 2419 789; x_wconf 76' lang='grc' dir='ltr'><strong><em>ο</em></strong></span> <span class='ocrx_word' id='word_1_97' title='bbox 2439 760 2684 830; x_wconf 81' lang='grc' dir='ltr'><strong>Πνεῦμα</strong></span> <span class='ocrx_word' id='word_1_98' title='bbox 2700 762 2921 831; x_wconf 82' lang='grc' dir='ltr'><strong>Κυρίου</strong></span> <span class='ocrx_word' id='word_1_99' title='bbox 2950 758 3389 833; x_wconf 72' lang='grc' dir='ltr'><strong>[ἐπελεύσεται]</strong></span> <span class='ocrx_word' id='word_1_100' title='bbox 3411 760 3511 813; x_wconf 72' lang='grc' dir='ltr'><strong>ἐπὶ</strong></span> <span class='ocrx_word' id='word_1_101' title='bbox 3528 761 3618 821; x_wconf 81' lang='grc' dir='ltr'><strong>σὲ,</strong></span> 
     </span>
    </p>
   </div>
   <div class='ocr_carea' id='block_1_15' title="bbox 335 844 1928 917">
    <p class='ocr_par' dir='ltr' id='par_1_15' title="bbox 335 844 1928 917">
     <span class='ocr_line' id='line_1_15' title="bbox 335 844 1928 917; baseline 0.003 -17"><span class='ocrx_word' id='word_1_102' title='bbox 335 845 527 900; x_wconf 89' lang='lat' dir='ltr'><strong>eodem</strong></span> <span class='ocrx_word' id='word_1_103' title='bbox 570 859 766 900; x_wconf 87' lang='lat' dir='ltr'><strong>rursus</strong></span> <span class='ocrx_word' id='word_1_104' title='bbox 799 844 1105 916; x_wconf 79' lang='lat' dir='ltr'><strong>accipiendi</strong></span> <span class='ocrx_word' id='word_1_105' title='bbox 1144 846 1340 917; x_wconf 83' lang='lat' dir='ltr'><strong>majori</strong></span> <span class='ocrx_word' id='word_1_106' title='bbox 1370 846 1645 903; x_wconf 88' lang='lat' dir='ltr'><strong>desiderio</strong></span> <span class='ocrx_word' id='word_1_107' title='bbox 1688 856 1928 904; x_wconf 88' lang='lat' dir='ltr'><strong>tenetur.</strong></span> 
     </span>
    </p>
   </div>
   <div class='ocr_carea' id='block_1_16' title="bbox 338 932 1927 1008">
    <p class='ocr_par' dir='ltr' id='par_1_16' title="bbox 338 932 1927 1008">
     <span class='ocr_line' id='line_1_16' title="bbox 338 932 1927 1008; baseline 0.004 -20"><span class='ocrx_word' id='word_1_108' title='bbox 338 932 431 988; x_wconf 89' lang='lat' dir='ltr'><strong>Sic</strong></span> <span class='ocrx_word' id='word_1_109' title='bbox 483 943 538 989; x_wconf 88' lang='lat' dir='ltr'><strong>et</strong></span> <span class='ocrx_word' id='word_1_110' title='bbox 568 933 737 988; x_wconf 81' lang='lat' dir='ltr'><strong>Maria</strong></span> <span class='ocrx_word' id='word_1_111' title='bbox 770 933 939 1006; x_wconf 81' lang='lat' dir='ltr'><strong>Virgo</strong></span> <span class='ocrx_word' id='word_1_112' title='bbox 990 952 1113 990; x_wconf 91' lang='lat' dir='ltr'><strong>cum</strong></span> <span class='ocrx_word' id='word_1_113' title='bbox 1172 938 1247 991; x_wconf 92' lang='lat' dir='ltr'><strong>ita</strong></span> <span class='ocrx_word' id='word_1_114' title='bbox 1289 939 1700 1008; x_wconf 86' lang='lat' dir='ltr'><strong>respondisset:</strong></span> <span class='ocrx_word' id='word_1_115' title='bbox 1760 939 1927 1007; x_wconf 84' lang='lat' dir='ltr'><strong>Unde,</strong></span> 
     </span>
    </p>
   </div>
   <div class='ocr_carea' id='block_1_17' title="bbox 337 1022 1926 1102">
    <p class='ocr_par' dir='ltr' id='par_1_17' title="bbox 337 1022 1926 1102">
     <span class='ocr_line' id='line_1_17' title="bbox 337 1022 1926 1102; baseline 0.004 -21"><span class='ocrx_word' id='word_1_116' title='bbox 337 1028 549 1098; x_wconf 84' lang='lat' dir='ltr'><strong>inquit,</strong></span> <span class='ocrx_word' id='word_1_117' title='bbox 606 1045 917 1099; x_wconf 83' lang='lat' dir='ltr'><strong>cognoscam</strong></span> <span class='ocrx_word' id='word_1_118' title='bbox 974 1022 1101 1083; x_wconf 77' lang='lat' dir='ltr'><strong>milii</strong></span> <span class='ocrx_word' id='word_1_119' title='bbox 1142 1030 1285 1085; x_wconf 89' lang='lat' dir='ltr'><strong>istud</strong></span> <span class='ocrx_word' id='word_1_120' title='bbox 1316 1032 1671 1102; x_wconf 79' lang='lat' dir='ltr'><strong>adfuturum?</strong></span> <span class='ocrx_word' id='word_1_121' title='bbox 1716 1034 1926 1088; x_wconf 86' lang='lat' dir='ltr'><strong>audiit:</strong></span> 
     </span>
    </p>
   </div>
   <div class='ocr_carea' id='block_1_18' title="bbox 340 1120 1930 1188">
    <p class='ocr_par' dir='ltr' id='par_1_18' title="bbox 340 1120 1930 1188">
     <span class='ocr_line' id='line_1_18' title="bbox 340 1120 1930 1188; baseline 0.003 -12"><span class='ocrx_word' id='word_1_122' title='bbox 340 1120 572 1188; x_wconf 78' lang='lat' dir='ltr'><strong>Spiritus</strong></span> <span class='ocrx_word' id='word_1_123' title='bbox 604 1120 817 1176; x_wconf 84' lang='lat' dir='ltr'><strong>Domini</strong></span> <span class='ocrx_word' id='word_1_124' title='bbox 850 1123 902 1175; x_wconf 85' lang='lat' dir='ltr'><strong>in</strong></span> <span class='ocrx_word' id='word_1_125' title='bbox 944 1132 992 1177; x_wconf 87' lang='lat' dir='ltr'><strong>te</strong></span> <span class='ocrx_word' id='word_1_126' title='bbox 1019 1125 1333 1187; x_wconf 84' lang='lat' dir='ltr'><strong>descendet,</strong></span> <span class='ocrx_word' id='word_1_127' title='bbox 1380 1136 1428 1180; x_wconf 87' lang='lat' dir='ltr'><strong>et</strong></span> <span class='ocrx_word' id='word_1_128' title='bbox 1464 1127 1630 1179; x_wconf 84' lang='lat' dir='ltr'><strong>virtus</strong></span> <span class='ocrx_word' id='word_1_129' title='bbox 1662 1126 1930 1180; x_wconf 62' lang='lat' dir='ltr'><strong>ditissimi</strong></span> 
     </span>
    </p>
   </div>
   <div class='ocr_carea' id='block_1_19' title="bbox 2034 850 3623 922">
    <p class='ocr_par' dir='ltr' id='par_1_19' title="bbox 2034 850 3623 922">
     <span class='ocr_line' id='line_1_19' title="bbox 2034 850 3623 922; baseline 0.003 -20"><span class='ocrx_word' id='word_1_130' title='bbox 2034 850 2136 903; x_wconf 75' lang='grc' dir='ltr'><strong>καὶ</strong></span> <span class='ocrx_word' id='word_1_131' title='bbox 2167 850 2415 920; x_wconf 75' lang='grc' dir='ltr'><strong>δύναμις</strong></span> <span class='ocrx_word' id='word_1_132' title='bbox 2462 852 2754 922; x_wconf 71' lang='grc' dir='ltr'><em>Ὑψίστου</em></span> <span class='ocrx_word' id='word_1_133' title='bbox 2782 853 3126 908; x_wconf 79' lang='grc' dir='ltr'><strong>ἐπισκιάσει</strong></span> <span class='ocrx_word' id='word_1_134' title='bbox 3149 868 3248 907; x_wconf 88' lang='grc' dir='ltr'><em>σοι</em></span> <span class='ocrx_word' id='word_1_135' title='bbox 3268 870 3282 884; x_wconf 83' lang='grc'><em>’</em></span> <span class='ocrx_word' id='word_1_136' title='bbox 3310 852 3403 905; x_wconf 79' lang='grc' dir='ltr'><strong>διὸ</strong></span> <span class='ocrx_word' id='word_1_137' title='bbox 3434 852 3536 907; x_wconf 80' lang='grc' dir='ltr'><strong>καὶ</strong></span> <span class='ocrx_word' id='word_1_138' title='bbox 3561 854 3623 906; x_wconf 74' lang='lat' dir='ltr'><em>t6</em></span> 
     </span>
    </p>
   </div>
   <div class='ocr_carea' id='block_1_20' title="bbox 2035 940 3626 1013">
    <p class='ocr_par' dir='ltr' id='par_1_20' title="bbox 2035 940 3626 1013">
     <span class='ocr_line' id='line_1_20' title="bbox 2035 940 3626 1013; baseline 0 -17"><span class='ocrx_word' id='word_1_139' title='bbox 2035 940 2413 1013; x_wconf 75' lang='grc' dir='ltr'><strong>γεννώμενον</strong></span> <span class='ocrx_word' id='word_1_140' title='bbox 2457 941 2527 996; x_wconf 69' lang='grc' dir='ltr'><strong>ὲκ</strong></span> <span class='ocrx_word' id='word_1_141' title='bbox 2574 941 2692 997; x_wconf 86' lang='grc' dir='ltr'><em>σοῦ</em></span> <span class='ocrx_word' id='word_1_142' title='bbox 2710 943 2882 1013; x_wconf 81' lang='grc' dir='ltr'><em>ἅγιον</em></span> <span class='ocrx_word' id='word_1_143' title='bbox 2906 944 3100 1007; x_wconf 77' lang='grc' dir='ltr'><em>ἔσται,</em></span> <span class='ocrx_word' id='word_1_144' title='bbox 3142 943 3241 997; x_wconf 76' lang='grc' dir='ltr'><strong>καὶ</strong></span> <span class='ocrx_word' id='word_1_145' title='bbox 3288 942 3424 1007; x_wconf 73' lang='grc' dir='ltr'><strong>Υἱὸς</strong></span> <span class='ocrx_word' id='word_1_146' title='bbox 3467 944 3626 1010; x_wconf 61' lang='grc' dir='ltr'><strong>Ὑψί-</strong></span> 
     </span>
    </p>
   </div>
   <div class='ocr_carea' id='block_1_21' title="bbox 2038 1033 3625 1105">
    <p class='ocr_par' dir='ltr' id='par_1_21' title="bbox 2038 1033 3625 1105">
     <span class='ocr_line' id='line_1_21' title="bbox 2038 1033 3625 1105; baseline -0.001 -19"><span class='ocrx_word' id='word_1_147' title='bbox 2038 1049 2195 1088; x_wconf 84' lang='grc' dir='ltr'><em>στου</em></span> <span class='ocrx_word' id='word_1_148' title='bbox 2234 1034 2626 1103; x_wconf 76' lang='grc' dir='ltr'><strong>κληθήσεται.</strong></span> <span class='ocrx_word' id='word_1_149' title='bbox 2680 1034 2914 1105; x_wconf 80' lang='grc' dir='ltr'><strong>Χριστὸς</strong></span> <span class='ocrx_word' id='word_1_150' title='bbox 2941 1037 2998 1089; x_wconf 80' lang='grc' dir='ltr'><strong>ὲν</strong></span> <span class='ocrx_word' id='word_1_151' title='bbox 3028 1034 3247 1104; x_wconf 77' lang='grc' dir='ltr'>ἀγγέλῳ</span> <span class='ocrx_word' id='word_1_152' title='bbox 3286 1033 3470 1086; x_wconf 84' lang='grc' dir='ltr'>λαλεῖ·</span> <span class='ocrx_word' id='word_1_153' title='bbox 3502 1034 3625 1086; x_wconf 83' lang='grc' dir='ltr'>ἀνα-</span> 
     </span>
    </p>
   </div>
   <div class='ocr_carea' id='block_1_22' title="bbox 2037 1127 3621 1198">
    <p class='ocr_par' dir='ltr' id='par_1_22' title="bbox 2037 1127 3621 1198">
     <span class='ocr_line' id='line_1_22' title="bbox 2037 1127 3621 1198; baseline 0 -18"><span class='ocrx_word' id='word_1_154' title='bbox 2037 1127 2264 1181; x_wconf 82' lang='grc' dir='ltr'><strong>πλάττει</strong></span> <span class='ocrx_word' id='word_1_155' title='bbox 2312 1128 2371 1180; x_wconf 79' lang='grc' dir='ltr'>δὲ</span> <span class='ocrx_word' id='word_1_156' title='bbox 2406 1128 2594 1180; x_wconf 72' lang='grc' dir='ltr'>ἑαυτὸν</span> <span class='ocrx_word' id='word_1_157' title='bbox 2622 1129 2679 1181; x_wconf 84' lang='grc' dir='ltr'><strong>ὲν</strong></span> <span class='ocrx_word' id='word_1_158' title='bbox 2709 1130 2773 1198; x_wconf 80' lang='grc' dir='ltr'>τῇ</span> <span class='ocrx_word' id='word_1_159' title='bbox 2804 1127 2998 1182; x_wconf 80' lang='grc' dir='ltr'>ἑαυτοῦ</span> <span class='ocrx_word' id='word_1_160' title='bbox 3029 1128 3224 1183; x_wconf 77' lang='grc' dir='ltr'><strong>πλάσει</strong></span> <span class='ocrx_word' id='word_1_161' title='bbox 3263 1129 3293 1181; x_wconf 90' lang='lat'><strong>6</strong></span> <span class='ocrx_word' id='word_1_162' title='bbox 3320 1127 3621 1197; x_wconf 70' lang='grc' dir='ltr'><strong>Δεσπότης,</strong></span> 
     </span>
    </p>
   </div>
   <div class='ocr_carea' id='block_1_23' title="bbox 338 1214 1947 1288">
    <p class='ocr_par' dir='ltr' id='par_1_23' title="bbox 338 1214 1928 1288">
     <span class='ocr_line' id='line_1_23' title="bbox 338 1214 1928 1288; baseline 0.003 -20"><span class='ocrx_word' id='word_1_163' title='bbox 338 1214 672 1268; x_wconf 85' lang='lat' dir='ltr'><strong>obumbrabit</strong></span> <span class='ocrx_word' id='word_1_164' title='bbox 732 1225 820 1277; x_wconf 88' lang='lat' dir='ltr'><strong>te;</strong></span> <span class='ocrx_word' id='word_1_165' title='bbox 876 1214 1090 1286; x_wconf 82' lang='lat' dir='ltr'><strong>ideoque</strong></span> <span class='ocrx_word' id='word_1_166' title='bbox 1148 1225 1197 1271; x_wconf 88' lang='lat' dir='ltr'><strong>et</strong></span> <span class='ocrx_word' id='word_1_167' title='bbox 1251 1218 1388 1288; x_wconf 86' lang='lat' dir='ltr'><strong>quod</strong></span> <span class='ocrx_word' id='word_1_168' title='bbox 1456 1226 1701 1272; x_wconf 81' lang='lat' dir='ltr'><strong>nascetur</strong></span> <span class='ocrx_word' id='word_1_169' title='bbox 1754 1234 1819 1272; x_wconf 80' lang='lat' dir='ltr'><strong>ea:</strong></span> <span class='ocrx_word' id='word_1_170' title='bbox 1881 1226 1928 1272; x_wconf 89' lang='lat' dir='ltr'><strong>te</strong></span> 
     </span>
    </p>
   </div>
   <div class='ocr_carea' id='block_1_24' title="bbox 2094 1214 2769 1288">
    <p class='ocr_par' dir='ltr' id='par_1_24' title="bbox 2094 1216 2769 1286">
     <span class='ocr_line' id='line_1_24' title="bbox 2094 1216 2769 1286; baseline 0.006 -17"><span class='ocrx_word' id='word_1_171' title='bbox 2094 1216 2273 1286; x_wconf 61' lang='lat' dir='ltr'><strong>)pSO&#39;I‘jV‘</strong></span> <span class='ocrx_word' id='word_1_172' title='bbox 2297 1217 2523 1272; x_wconf 78' lang='grc' dir='ltr'><strong>δούλου</strong></span> <span class='ocrx_word' id='word_1_173' title='bbox 2550 1217 2769 1273; x_wconf 78' lang='grc' dir='ltr'><strong>λαϐὼν.</strong></span> 
     </span>
    </p>
   </div>
   <div class='ocr_carea' id='block_1_25' title="bbox 339 1306 3629 1384">
    <p class='ocr_par' dir='ltr' id='par_1_25' title="bbox 339 1306 3629 1384">
     <span class='ocr_line' id='line_1_25' title="bbox 339 1306 3629 1384; baseline 0.001 -22"><span class='ocrx_word' id='word_1_174' title='bbox 339 1316 582 1362; x_wconf 81' lang='lat' dir='ltr'><strong>sanctum</strong></span> <span class='ocrx_word' id='word_1_175' title='bbox 626 1309 760 1373; x_wconf 81' lang='lat' dir='ltr'><strong>erit,</strong></span> <span class='ocrx_word' id='word_1_176' title='bbox 802 1318 849 1362; x_wconf 87' lang='lat' dir='ltr'><strong>et</strong></span> <span class='ocrx_word' id='word_1_177' title='bbox 886 1306 1061 1363; x_wconf 81' lang='lat' dir='ltr'><strong>Filius</strong></span> <span class='ocrx_word' id='word_1_178' title='bbox 1122 1310 1392 1364; x_wconf 85' lang='lat' dir='ltr'><strong>Altissimi</strong></span> <span class='ocrx_word' id='word_1_179' title='bbox 1456 1312 1729 1367; x_wconf 80' lang='lat' dir='ltr'><strong>vocabitur</strong></span> <span class='ocrx_word' id='word_1_180' title='bbox 1755 1312 1790 1364; x_wconf 88' lang='grc'><strong>³.</strong></span> <span class='ocrx_word' id='word_1_181' title='bbox 1864 1311 2118 1367; x_wconf 75' lang='lat' dir='ltr'><strong>Christus</strong></span> <span class='ocrx_word' id='word_1_182' title='bbox 2175 1312 2231 1367; x_wconf 91' lang='lat' dir='ltr'><strong>in</strong></span> <span class='ocrx_word' id='word_1_183' title='bbox 2294 1312 2489 1383; x_wconf 77' lang='lat' dir='ltr'><strong>angelo</strong></span> <span class='ocrx_word' id='word_1_184' title='bbox 2530 1313 2811 1383; x_wconf 86' lang='lat' dir='ltr'><strong>loquitur,</strong></span> <span class='ocrx_word' id='word_1_185' title='bbox 2864 1322 2919 1369; x_wconf 91' lang='lat' dir='ltr'><strong>et</strong></span> <span class='ocrx_word' id='word_1_186' title='bbox 2953 1330 3008 1368; x_wconf 83' lang='lat' dir='ltr'><strong>In</strong></span> <span class='ocrx_word' id='word_1_187' title='bbox 3060 1314 3145 1370; x_wconf 90' lang='lat' dir='ltr'><strong>sui</strong></span> <span class='ocrx_word' id='word_1_188' title='bbox 3208 1312 3386 1384; x_wconf 82' lang='lat' dir='ltr'><strong>ipsius</strong></span> <span class='ocrx_word' id='word_1_189' title='bbox 3433 1310 3629 1365; x_wconf 79' lang='lat' dir='ltr'><strong>fortna-</strong></span> 
     </span>
    </p>
   </div>
   <div class='ocr_carea' id='block_1_26' title="bbox 342 1402 2262 1477">
    <p class='ocr_par' dir='ltr' id='par_1_26' title="bbox 342 1402 2262 1477">
     <span class='ocr_line' id='line_1_26' title="bbox 342 1402 2262 1477; baseline 0.004 -20"><span class='ocrx_word' id='word_1_190' title='bbox 342 1403 487 1458; x_wconf 90' lang='lat' dir='ltr'><strong>tione</strong></span> <span class='ocrx_word' id='word_1_191' title='bbox 534 1402 889 1475; x_wconf 88' lang='lat' dir='ltr'><strong>semetipsum</strong></span> <span class='ocrx_word' id='word_1_192' title='bbox 956 1402 1221 1473; x_wconf 67' lang='lat' dir='ltr'><strong>Dominus</strong></span> <span class='ocrx_word' id='word_1_193' title='bbox 1270 1404 1495 1477; x_wconf 75' lang='lat' dir='ltr'><strong>efﬁngit,</strong></span> <span class='ocrx_word' id='word_1_194' title='bbox 1536 1408 1673 1461; x_wconf 86' lang='lat' dir='ltr'><strong>servi</strong></span> <span class='ocrx_word' id='word_1_195' title='bbox 1704 1407 1935 1477; x_wconf 78' lang='lat' dir='ltr'><strong>formant</strong></span> <span class='ocrx_word' id='word_1_196' title='bbox 1969 1407 2192 1462; x_wconf 78' lang='lat' dir='ltr'><strong>inductis</strong></span> <span class='ocrx_word' id='word_1_197' title='bbox 2220 1408 2262 1464; x_wconf 76' lang='grc'><strong>⁸.</strong></span> 
     </span>
    </p>
   </div>
   <div class='ocr_carea' id='block_1_27' title="bbox 411 1520 1926 1595">
    <p class='ocr_par' dir='ltr' id='par_1_27' title="bbox 411 1520 1926 1595">
     <span class='ocr_line' id='line_1_27' title="bbox 411 1520 1926 1595; baseline 0.001 -18"><span class='ocrx_word' id='word_1_198' title='bbox 411 1521 678 1577; x_wconf 63' lang='lat' dir='ltr'><strong>Caeterum</strong></span> <span class='ocrx_word' id='word_1_199' title='bbox 732 1521 903 1575; x_wconf 87' lang='lat' dir='ltr'><strong>Maria</strong></span> <span class='ocrx_word' id='word_1_200' title='bbox 946 1520 1187 1577; x_wconf 79' lang='lat' dir='ltr'><strong>Verbum</strong></span> <span class='ocrx_word' id='word_1_201' title='bbox 1243 1524 1335 1578; x_wconf 88' lang='lat' dir='ltr'><strong>Dei</strong></span> <span class='ocrx_word' id='word_1_202' title='bbox 1392 1524 1460 1578; x_wconf 89' lang='lat' dir='ltr'><strong>ad</strong></span> <span class='ocrx_word' id='word_1_203' title='bbox 1519 1524 1926 1595; x_wconf 77' lang='lat' dir='ltr'><strong>generationem</strong></span> 
     </span>
    </p>
   </div>
   <div class='ocr_carea' id='block_1_28' title="bbox 2104 1522 3624 1597">
    <p class='ocr_par' dir='ltr' id='par_1_28' title="bbox 2104 1522 3624 1597">
     <span class='ocr_line' id='line_1_28' title="bbox 2104 1522 3624 1597; baseline -0.003 -20"><span class='ocrx_word' id='word_1_204' title='bbox 2104 1525 2215 1578; x_wconf 76' lang='grc' dir='ltr'><strong>Καὶ</strong></span> <span class='ocrx_word' id='word_1_205' title='bbox 2251 1524 2439 1597; x_wconf 86' lang='grc' dir='ltr'>Μαρία</span> <span class='ocrx_word' id='word_1_206' title='bbox 2470 1524 2568 1595; x_wconf 79' lang='grc' dir='ltr'><strong>μὲν</strong></span> <span class='ocrx_word' id='word_1_207' title='bbox 2615 1525 2877 1595; x_wconf 78' lang='grc' dir='ltr'><strong>ἀνιμᾶται</strong></span> <span class='ocrx_word' id='word_1_208' title='bbox 2921 1524 3013 1578; x_wconf 80' lang='grc' dir='ltr'><strong>τὸν</strong></span> <span class='ocrx_word' id='word_1_209' title='bbox 3041 1524 3210 1591; x_wconf 84' lang='grc' dir='ltr'>Λόγον</span> <span class='ocrx_word' id='word_1_210' title='bbox 3243 1524 3324 1588; x_wconf 84' lang='grc' dir='ltr'><em>είς</em></span> <span class='ocrx_word' id='word_1_211' title='bbox 3350 1522 3624 1591; x_wconf 70' lang='grc' dir='ltr'>σύλληψιν,</span> 
     </span>
    </p>
   </div>
   <div class='ocr_carea' id='block_1_29' title="bbox 341 1612 1947 1695">
    <p class='ocr_par' dir='ltr' id='par_1_29' title="bbox 341 1612 1927 1682">
     <span class='ocr_line' id='line_1_29' title="bbox 341 1612 1927 1682; baseline 0.003 -17"><span class='ocrx_word' id='word_1_212' title='bbox 341 1612 485 1667; x_wconf 77' lang='lat' dir='ltr'><strong>velut</strong></span> <span class='ocrx_word' id='word_1_213' title='bbox 519 1623 663 1667; x_wconf 86' lang='lat' dir='ltr'><strong>terra</strong></span> <span class='ocrx_word' id='word_1_214' title='bbox 710 1613 947 1682; x_wconf 83' lang='lat' dir='ltr'><strong>pluviam</strong></span> <span class='ocrx_word' id='word_1_215' title='bbox 981 1612 1163 1667; x_wconf 89' lang='lat' dir='ltr'><strong>haurit</strong></span> <span class='ocrx_word' id='word_1_216' title='bbox 1213 1623 1268 1668; x_wconf 90' lang='lat' dir='ltr'><strong>et</strong></span> <span class='ocrx_word' id='word_1_217' title='bbox 1304 1615 1571 1669; x_wconf 85' lang='lat' dir='ltr'><strong>attrahit:</strong></span> <span class='ocrx_word' id='word_1_218' title='bbox 1610 1615 1753 1670; x_wconf 89' lang='lat' dir='ltr'><strong>Deus</strong></span> <span class='ocrx_word' id='word_1_219' title='bbox 1795 1630 1927 1671; x_wconf 77' lang='lat' dir='ltr'><strong>vero</strong></span> 
     </span>
    </p>
   </div>
   <div class='ocr_carea' id='block_1_30' title="bbox 2094 1612 3625 1695">
    <p class='ocr_par' dir='ltr' id='par_1_30' title="bbox 2094 1613 3625 1690">
     <span class='ocr_line' id='line_1_30' title="bbox 2094 1613 3625 1690; baseline -0.01 -10"><span class='ocrx_word' id='word_1_220' title='bbox 2094 1634 2109 1680; x_wconf 80' lang='grc' dir='ltr'><strong><em>ῖ</em></strong></span> <span class='ocrx_word' id='word_1_221' title='bbox 2141 1617 2293 1671; x_wconf 82' lang='grc' dir='ltr'><em>ὑετὸν</em></span> <span class='ocrx_word' id='word_1_222' title='bbox 2323 1619 2356 1688; x_wconf 87' lang='grc' dir='ltr'><strong>ή</strong></span> <span class='ocrx_word' id='word_1_223' title='bbox 2384 1618 2455 1688; x_wconf 87' lang='grc' dir='ltr'>γῆ</span> <span class='ocrx_word' id='word_1_224' title='bbox 2480 1635 2492 1647; x_wconf 79' lang='grc' dir='ltr'><strong>ο</strong></span> <span class='ocrx_word' id='word_1_225' title='bbox 2532 1617 2723 1671; x_wconf 74' lang='grc' dir='ltr'>ἑαυτὸν</span> <span class='ocrx_word' id='word_1_226' title='bbox 2753 1618 2808 1671; x_wconf 85' lang='grc' dir='ltr'><strong>δὲ</strong></span> <span class='ocrx_word' id='word_1_227' title='bbox 2834 1619 3045 1690; x_wconf 79' lang='grc' dir='ltr'>καρπὸν</span> <span class='ocrx_word' id='word_1_228' title='bbox 3074 1617 3229 1686; x_wconf 73' lang='grc' dir='ltr'>ἅγιον</span> <span class='ocrx_word' id='word_1_229' title='bbox 3258 1613 3625 1679; x_wconf 81' lang='grc' dir='ltr'><strong>ἀποδείκνυσι,</strong></span> 
     </span>
    </p>
   </div>
   <div class='ocr_carea' id='block_1_31' title="bbox 344 1701 1947 1782">
    <p class='ocr_par' dir='ltr' id='par_1_31' title="bbox 344 1704 1933 1776">
     <span class='ocr_line' id='line_1_31' title="bbox 344 1704 1933 1776; baseline -0.001 -15"><span class='ocrx_word' id='word_1_230' title='bbox 344 1712 595 1761; x_wconf 87' lang='lat' dir='ltr'><strong>sanetum</strong></span> <span class='ocrx_word' id='word_1_231' title='bbox 622 1720 746 1760; x_wconf 88' lang='lat' dir='ltr'><strong>sese</strong></span> <span class='ocrx_word' id='word_1_232' title='bbox 771 1704 1011 1759; x_wconf 73' lang='lat' dir='ltr'><strong>fructum</strong></span> <span class='ocrx_word' id='word_1_233' title='bbox 1039 1704 1092 1758; x_wconf 92' lang='lat' dir='ltr'><strong>in</strong></span> <span class='ocrx_word' id='word_1_234' title='bbox 1122 1705 1337 1759; x_wconf 86' lang='lat' dir='ltr'><strong>mortali</strong></span> <span class='ocrx_word' id='word_1_235' title='bbox 1369 1713 1566 1759; x_wconf 85' lang='lat' dir='ltr'><strong>natura</strong></span> <span class='ocrx_word' id='word_1_236' title='bbox 1596 1705 1933 1776; x_wconf 88' lang='lat' dir='ltr'><strong>capessenda</strong></span> 
     </span>
    </p>
   </div>
   <div class='ocr_carea' id='block_1_32' title="bbox 2094 1701 3623 1782">
    <p class='ocr_par' dir='ltr' id='par_1_32' title="bbox 2094 1701 3623 1782">
     <span class='ocr_line' id='line_1_32' title="bbox 2094 1701 3623 1782; baseline -0.005 -19"><span class='ocrx_word' id='word_1_237' title='bbox 2094 1710 2589 1782; x_wconf 65' lang='grc' dir='ltr'><strong>νοσλαμϐανόμενος</strong></span> <span class='ocrx_word' id='word_1_238' title='bbox 2643 1710 2839 1781; x_wconf 81' lang='grc' dir='ltr'><strong>θνητοῦ</strong></span> <span class='ocrx_word' id='word_1_239' title='bbox 2879 1710 3062 1779; x_wconf 78' lang='grc' dir='ltr'><strong>φύσιν.</strong></span> <span class='ocrx_word' id='word_1_240' title='bbox 3115 1701 3287 1771; x_wconf 77' lang='grc' dir='ltr'>Οὗτος</span> <span class='ocrx_word' id='word_1_241' title='bbox 3330 1703 3398 1779; x_wconf 83' lang='grc' dir='ltr'><strong>ἦν</strong></span> <span class='ocrx_word' id='word_1_242' title='bbox 3442 1705 3504 1770; x_wconf 79' lang='grc' dir='ltr'>ἐξ</span> <span class='ocrx_word' id='word_1_243' title='bbox 3539 1706 3623 1757; x_wconf 64' lang='grc' dir='ltr'><strong>αὖ.</strong></span> 
     </span>
    </p>
   </div>
   <div class='ocr_carea' id='block_1_33' title="bbox 341 1795 1934 1867">
    <p class='ocr_par' dir='ltr' id='par_1_33' title="bbox 341 1795 1934 1867">
     <span class='ocr_line' id='line_1_33' title="bbox 341 1795 1934 1867; baseline 0.001 -18"><span class='ocrx_word' id='word_1_244' title='bbox 341 1795 708 1850; x_wconf 76' lang='lat' dir='ltr'><strong>demonstrat.</strong></span> <span class='ocrx_word' id='word_1_245' title='bbox 735 1795 879 1867; x_wconf 82' lang='lat' dir='ltr'><strong>Ergo</strong></span> <span class='ocrx_word' id='word_1_246' title='bbox 928 1796 1019 1850; x_wconf 91' lang='lat' dir='ltr'><strong>hic</strong></span> <span class='ocrx_word' id='word_1_247' title='bbox 1050 1811 1117 1852; x_wconf 78' lang='lat' dir='ltr'><strong>ex</strong></span> <span class='ocrx_word' id='word_1_248' title='bbox 1148 1796 1240 1850; x_wconf 88' lang='lat' dir='ltr'><strong>illa</strong></span> <span class='ocrx_word' id='word_1_249' title='bbox 1270 1806 1430 1853; x_wconf 68' lang='lat' dir='ltr'><strong>terrae</strong></span> <span class='ocrx_word' id='word_1_250' title='bbox 1464 1796 1641 1851; x_wconf 87' lang='lat' dir='ltr'><strong>instar</strong></span> <span class='ocrx_word' id='word_1_251' title='bbox 1695 1812 1760 1851; x_wconf 89' lang='lat' dir='ltr'><strong>ac</strong></span> <span class='ocrx_word' id='word_1_252' title='bbox 1822 1798 1934 1852; x_wconf 85' lang='lat' dir='ltr'><strong>vel-</strong></span> 
     </span>
    </p>
   </div>
   <div class='ocr_carea' id='block_1_34' title="bbox 346 1887 1937 1958">
    <p class='ocr_par' dir='ltr' id='par_1_34' title="bbox 346 1887 1937 1958">
     <span class='ocr_line' id='line_1_34' title="bbox 346 1887 1937 1958; baseline 0.001 -18"><span class='ocrx_word' id='word_1_253' title='bbox 346 1887 475 1943; x_wconf 72' lang='lat' dir='ltr'><strong>leris</strong></span> <span class='ocrx_word' id='word_1_254' title='bbox 503 1888 813 1944; x_wconf 83' lang='lat' dir='ltr'><strong>attrahente</strong></span> <span class='ocrx_word' id='word_1_255' title='bbox 842 1887 1126 1958; x_wconf 81' lang='lat' dir='ltr'><strong>prolectus</strong></span> <span class='ocrx_word' id='word_1_256' title='bbox 1184 1896 1271 1944; x_wconf 90' lang='lat' dir='ltr'><strong>est</strong></span> <span class='ocrx_word' id='word_1_257' title='bbox 1313 1904 1458 1945; x_wconf 71' lang='lat' dir='ltr'><strong>vera:</strong></span> <span class='ocrx_word' id='word_1_258' title='bbox 1490 1889 1788 1958; x_wconf 65' lang='lat' dir='ltr'><strong>solidaeque</strong></span> <span class='ocrx_word' id='word_1_259' title='bbox 1819 1888 1937 1958; x_wconf 89' lang='lat' dir='ltr'><strong>spei</strong></span> 
     </span>
    </p>
   </div>
   <div class='ocr_carea' id='block_1_35' title="bbox 349 1979 1936 2053">
    <p class='ocr_par' dir='ltr' id='par_1_35' title="bbox 349 1979 1936 2053">
     <span class='ocr_line' id='line_1_35' title="bbox 349 1979 1936 2053; baseline 0.002 -20"><span class='ocrx_word' id='word_1_260' title='bbox 349 1979 599 2047; x_wconf 75' lang='lat' dir='ltr'><strong>fructus,</strong></span> <span class='ocrx_word' id='word_1_261' title='bbox 638 1990 694 2037; x_wconf 87' lang='lat' dir='ltr'><strong>et</strong></span> <span class='ocrx_word' id='word_1_262' title='bbox 740 1997 770 2035; x_wconf 88' lang='lat' dir='ltr'><strong>a</strong></span> <span class='ocrx_word' id='word_1_263' title='bbox 821 1983 1031 2050; x_wconf 77' lang='lat' dir='ltr'><strong>sanctis</strong></span> <span class='ocrx_word' id='word_1_264' title='bbox 1061 1991 1432 2053; x_wconf 77' lang='lat' dir='ltr'><strong>exspectatus.</strong></span> <span class='ocrx_word' id='word_1_265' title='bbox 1466 1982 1936 2049; x_wconf 87' lang='lat' dir='ltr'><strong>Quemadmodum</strong></span> 
     </span>
    </p>
   </div>
   <div class='ocr_carea' id='block_1_36' title="bbox 347 2072 1941 2142">
    <p class='ocr_par' dir='ltr' id='par_1_36' title="bbox 347 2072 1941 2142">
     <span class='ocr_line' id='line_1_36' title="bbox 347 2072 1941 2142; baseline 0.001 -15"><span class='ocrx_word' id='word_1_266' title='bbox 347 2072 659 2131; x_wconf 83' lang='lat' dir='ltr'><strong>Elisabetha</strong></span> <span class='ocrx_word' id='word_1_267' title='bbox 690 2074 830 2129; x_wconf 73' lang='lat' dir='ltr'><strong>dixit</strong></span> <span class='ocrx_word' id='word_1_268' title='bbox 856 2093 870 2130; x_wconf 91' lang='lat'><strong>:</strong></span> <span class='ocrx_word' id='word_1_269' title='bbox 902 2073 1187 2133; x_wconf 74' lang='lat' dir='ltr'><strong>Benedicta</strong></span> <span class='ocrx_word' id='word_1_270' title='bbox 1216 2085 1273 2128; x_wconf 89' lang='lat' dir='ltr'><strong>tu</strong></span> <span class='ocrx_word' id='word_1_271' title='bbox 1296 2078 1434 2130; x_wconf 85' lang='lat' dir='ltr'><strong>inter</strong></span> <span class='ocrx_word' id='word_1_272' title='bbox 1464 2076 1734 2142; x_wconf 83' lang='lat' dir='ltr'><strong>mulieres,</strong></span> <span class='ocrx_word' id='word_1_273' title='bbox 1773 2086 1824 2130; x_wconf 90' lang='lat' dir='ltr'><strong>et</strong></span> <span class='ocrx_word' id='word_1_274' title='bbox 1856 2075 1941 2129; x_wconf 85' lang='lat' dir='ltr'><strong>be-</strong></span> 
     </span>
    </p>
   </div>
   <div class='ocr_carea' id='block_1_37' title="bbox 348 2167 1942 2237">
    <p class='ocr_par' dir='ltr' id='par_1_37' title="bbox 348 2167 1942 2237">
     <span class='ocr_line' id='line_1_37' title="bbox 348 2167 1942 2237; baseline 0.001 -16"><span class='ocrx_word' id='word_1_275' title='bbox 348 2168 588 2222; x_wconf 73' lang='lat' dir='ltr'><strong>nedictus</strong></span> <span class='ocrx_word' id='word_1_276' title='bbox 623 2167 832 2237; x_wconf 76' lang='lat' dir='ltr'><strong>fructus</strong></span> <span class='ocrx_word' id='word_1_277' title='bbox 883 2169 1079 2224; x_wconf 77' lang='lat' dir='ltr'><strong>uentris</strong></span> <span class='ocrx_word' id='word_1_278' title='bbox 1130 2170 1209 2221; x_wconf 86' lang='lat' dir='ltr'><strong>tui</strong></span> <span class='ocrx_word' id='word_1_279' title='bbox 1233 2169 1276 2222; x_wconf 79' lang='grc'><strong>³.</strong></span> <span class='ocrx_word' id='word_1_280' title='bbox 1323 2167 1437 2224; x_wconf 86' lang='lat' dir='ltr'><strong>Hoc</strong></span> <span class='ocrx_word' id='word_1_281' title='bbox 1467 2176 1647 2222; x_wconf 87' lang='lat' dir='ltr'><strong>autem</strong></span> <span class='ocrx_word' id='word_1_282' title='bbox 1676 2181 1839 2222; x_wconf 86' lang='lat' dir='ltr'><strong>omne</strong></span> <span class='ocrx_word' id='word_1_283' title='bbox 1874 2182 1942 2222; x_wconf 81' lang='lat' dir='ltr'><strong>ex</strong></span> 
     </span>
    </p>
   </div>
   <div class='ocr_carea' id='block_1_38' title="bbox 2035 1794 3630 1875">
    <p class='ocr_par' dir='ltr' id='par_1_38' title="bbox 2035 1794 3630 1875">
     <span class='ocr_line' id='line_1_38' title="bbox 2035 1794 3630 1875; baseline -0.011 -9"><span class='ocrx_word' id='word_1_284' title='bbox 2035 1802 2136 1871; x_wconf 77' lang='grc' dir='ltr'><strong>τῆς</strong></span> <span class='ocrx_word' id='word_1_285' title='bbox 2190 1801 2506 1875; x_wconf 81' lang='grc' dir='ltr'><strong>ἀνιμὼσης,</strong></span> <span class='ocrx_word' id='word_1_286' title='bbox 2549 1801 2625 1865; x_wconf 83' lang='grc' dir='ltr'><strong>ὡς</strong></span> <span class='ocrx_word' id='word_1_287' title='bbox 2666 1805 2733 1874; x_wconf 83' lang='grc' dir='ltr'>γῆ</span> <span class='ocrx_word' id='word_1_288' title='bbox 2792 1801 2887 1854; x_wconf 74' lang='grc' dir='ltr'><strong>καὶ</strong></span> <span class='ocrx_word' id='word_1_289' title='bbox 2931 1801 3136 1865; x_wconf 82' lang='grc' dir='ltr'><em>ποκὰς,</em></span> <span class='ocrx_word' id='word_1_290' title='bbox 3188 1804 3217 1854; x_wconf 88' lang='lat'><strong>6</strong></span> <span class='ocrx_word' id='word_1_291' title='bbox 3258 1800 3358 1870; x_wconf 79' lang='grc' dir='ltr'><strong>τῆς</strong></span> <span class='ocrx_word' id='word_1_292' title='bbox 3404 1794 3630 1867; x_wconf 73' lang='grc' dir='ltr'><strong>ἀληθοῦς</strong></span> 
     </span>
    </p>
   </div>
   <div class='ocr_carea' id='block_1_39' title="bbox 2039 1888 3632 1967">
    <p class='ocr_par' dir='ltr' id='par_1_39' title="bbox 2039 1888 3632 1967">
     <span class='ocr_line' id='line_1_39' title="bbox 2039 1888 3632 1967; baseline -0.005 -17"><span class='ocrx_word' id='word_1_293' title='bbox 2039 1896 2253 1959; x_wconf 76' lang='grc' dir='ltr'><strong>ἐλπίδος</strong></span> <span class='ocrx_word' id='word_1_294' title='bbox 2285 1894 2497 1967; x_wconf 84' lang='grc' dir='ltr'>καρπὸς</span> <span class='ocrx_word' id='word_1_295' title='bbox 2524 1894 2701 1963; x_wconf 79' lang='grc' dir='ltr'><strong>ἁγίοις</strong></span> <span class='ocrx_word' id='word_1_296' title='bbox 2732 1897 2791 1948; x_wconf 86' lang='grc' dir='ltr'><strong>ὲν</strong></span> <span class='ocrx_word' id='word_1_297' title='bbox 2830 1893 3159 1967; x_wconf 79' lang='grc' dir='ltr'><strong>προσδοκίᾳ·</strong></span> <span class='ocrx_word' id='word_1_298' title='bbox 3210 1890 3398 1953; x_wconf 79' lang='grc' dir='ltr'><strong>καθὼς</strong></span> <span class='ocrx_word' id='word_1_299' title='bbox 3424 1888 3632 1942; x_wconf 74' lang='grc' dir='ltr'><strong>Ἐλιεά-</strong></span> 
     </span>
    </p>
   </div>
   <div class='ocr_carea' id='block_1_40' title="bbox 2040 1982 3633 2056">
    <p class='ocr_par' dir='ltr' id='par_1_40' title="bbox 2040 1982 3633 2056">
     <span class='ocr_line' id='line_1_40' title="bbox 2040 1982 3633 2056; baseline -0.003 -16"><span class='ocrx_word' id='word_1_300' title='bbox 2040 1988 2135 2040; x_wconf 79' lang='grc' dir='ltr'><strong>ϐετ</strong></span> <span class='ocrx_word' id='word_1_301' title='bbox 2160 1987 2367 2056; x_wconf 77' lang='grc' dir='ltr'><strong>ἔλεγεν·</strong></span> <span class='ocrx_word' id='word_1_302' title='bbox 2401 1983 2798 2056; x_wconf 72' lang='grc' dir='ltr'><strong>Εὐλογημένη</strong></span> <span class='ocrx_word' id='word_1_303' title='bbox 2827 1982 2908 2038; x_wconf 84' lang='grc' dir='ltr'><em>σὺ</em></span> <span class='ocrx_word' id='word_1_304' title='bbox 2940 1985 3009 2038; x_wconf 81' lang='grc' dir='ltr'><strong>ἐν</strong></span> <span class='ocrx_word' id='word_1_305' title='bbox 3034 1982 3293 2053; x_wconf 73' lang='grc' dir='ltr'><strong>γυναιξὶ,</strong></span> <span class='ocrx_word' id='word_1_306' title='bbox 3327 1982 3428 2034; x_wconf 78' lang='grc' dir='ltr'><strong>καὶ</strong></span> <span class='ocrx_word' id='word_1_307' title='bbox 3470 1982 3633 2035; x_wconf 73' lang='grc' dir='ltr'><em>εὐλο-</em></span> 
     </span>
    </p>
   </div>
   <div class='ocr_carea' id='block_1_41' title="bbox 2040 2070 3632 2148">
    <p class='ocr_par' dir='ltr' id='par_1_41' title="bbox 2040 2070 3632 2148">
     <span class='ocr_line' id='line_1_41' title="bbox 2040 2070 3632 2148; baseline -0.004 -17"><span class='ocrx_word' id='word_1_308' title='bbox 2040 2077 2303 2148; x_wconf 75' lang='grc' dir='ltr'><strong>γημένος</strong></span> <span class='ocrx_word' id='word_1_309' title='bbox 2337 2080 2371 2132; x_wconf 83' lang='grc' dir='ltr'><strong>ό</strong></span> <span class='ocrx_word' id='word_1_310' title='bbox 2399 2075 2628 2145; x_wconf 77' lang='grc' dir='ltr'><strong>καρπὸς</strong></span> <span class='ocrx_word' id='word_1_311' title='bbox 2659 2074 2766 2144; x_wconf 80' lang='grc' dir='ltr'><em>τῆς</em></span> <span class='ocrx_word' id='word_1_312' title='bbox 2814 2076 3045 2141; x_wconf 74' lang='grc' dir='ltr'>κοιλίας</span> <span class='ocrx_word' id='word_1_313' title='bbox 3094 2090 3210 2127; x_wconf 89' lang='grc' dir='ltr'><em>σου</em></span> <span class='ocrx_word' id='word_1_314' title='bbox 3231 2088 3245 2103; x_wconf 83' lang='lat'><strong><em>°</em></strong></span> <span class='ocrx_word' id='word_1_315' title='bbox 3315 2072 3345 2125; x_wconf 83' lang='lat'><strong>6</strong></span> <span class='ocrx_word' id='word_1_316' title='bbox 3369 2070 3632 2141; x_wconf 75' lang='grc' dir='ltr'><strong>προσελὰο</strong></span> 
     </span>
    </p>
   </div>
   <div class='ocr_carea' id='block_1_42' title="bbox 2042 2163 3634 2241">
    <p class='ocr_par' dir='ltr' id='par_1_42' title="bbox 2042 2163 3634 2241">
     <span class='ocr_line' id='line_1_42' title="bbox 2042 2163 3634 2241; baseline -0.003 -18"><span class='ocrx_word' id='word_1_317' title='bbox 2042 2170 2167 2223; x_wconf 78' lang='grc' dir='ltr'><strong>ϐετο</strong></span> <span class='ocrx_word' id='word_1_318' title='bbox 2204 2168 2265 2234; x_wconf 82' lang='grc' dir='ltr'>ὲξ</span> <span class='ocrx_word' id='word_1_319' title='bbox 2294 2168 2735 2241; x_wconf 80' lang='grc' dir='ltr'><strong>ἁνθρωπότητος,</strong></span> <span class='ocrx_word' id='word_1_320' title='bbox 2762 2166 2953 2222; x_wconf 82' lang='grc' dir='ltr'>παθὼν</span> <span class='ocrx_word' id='word_1_321' title='bbox 2984 2166 3202 2236; x_wconf 74' lang='grc' dir='ltr'><strong>ἀπαθὴς</strong></span> <span class='ocrx_word' id='word_1_322' title='bbox 3246 2163 3321 2218; x_wconf 78' lang='grc' dir='ltr'><strong>ὢν</strong></span> <span class='ocrx_word' id='word_1_323' title='bbox 3369 2166 3399 2216; x_wconf 97' lang='lat'><strong>6</strong></span> <span class='ocrx_word' id='word_1_324' title='bbox 3447 2164 3634 2231; x_wconf 80' lang='grc' dir='ltr'>Λόγος.</span> 
     </span>
    </p>
   </div>
   <div class='ocr_carea' id='block_1_43' title="bbox 350 2256 1947 2340">
    <p class='ocr_par' dir='ltr' id='par_1_43' title="bbox 350 2257 1945 2318">
     <span class='ocr_line' id='line_1_43' title="bbox 350 2257 1945 2318; baseline 0 -3"><span class='ocrx_word' id='word_1_325' title='bbox 350 2257 592 2315; x_wconf 86' lang='lat' dir='ltr'><strong>humana</strong></span> <span class='ocrx_word' id='word_1_326' title='bbox 642 2258 959 2317; x_wconf 86' lang='lat' dir='ltr'><strong>conditione</strong></span> <span class='ocrx_word' id='word_1_327' title='bbox 1012 2276 1078 2318; x_wconf 85' lang='lat' dir='ltr'><strong>ac</strong></span> <span class='ocrx_word' id='word_1_328' title='bbox 1151 2269 1353 2318; x_wconf 89' lang='lat' dir='ltr'><strong>natura</strong></span> <span class='ocrx_word' id='word_1_329' title='bbox 1397 2261 1454 2316; x_wconf 92' lang='lat' dir='ltr'><strong>in</strong></span> <span class='ocrx_word' id='word_1_330' title='bbox 1510 2276 1632 2317; x_wconf 88' lang='lat' dir='ltr'><strong>sese</strong></span> <span class='ocrx_word' id='word_1_331' title='bbox 1666 2260 1945 2316; x_wconf 86' lang='lat' dir='ltr'><strong>transtulit</strong></span> 
     </span>
    </p>
   </div>
   <div class='ocr_carea' id='block_1_44' title="bbox 2094 2256 3638 2340">
    <p class='ocr_par' dir='ltr' id='par_1_44' title="bbox 2094 2256 3638 2340">
     <span class='ocr_line' id='line_1_44' title="bbox 2094 2256 3638 2340; baseline -0.007 -21"><span class='ocrx_word' id='word_1_332' title='bbox 2094 2259 2227 2328; x_wconf 81' lang='grc' dir='ltr'><em>ὗτος</em></span> <span class='ocrx_word' id='word_1_333' title='bbox 2255 2265 2288 2317; x_wconf 84' lang='grc' dir='ltr'><em>ὁ</em></span> <span class='ocrx_word' id='word_1_334' title='bbox 2317 2261 2494 2331; x_wconf 79' lang='grc' dir='ltr'><em>ἄρτος</em></span> <span class='ocrx_word' id='word_1_335' title='bbox 2540 2264 2574 2316; x_wconf 84' lang='grc' dir='ltr'><em>ὀ</em></span> <span class='ocrx_word' id='word_1_336' title='bbox 2619 2260 2747 2326; x_wconf 82' lang='grc' dir='ltr'><em>ζῶν,</em></span> <span class='ocrx_word' id='word_1_337' title='bbox 2776 2264 2809 2314; x_wconf 82' lang='grc' dir='ltr'><strong>ό</strong></span> <span class='ocrx_word' id='word_1_338' title='bbox 2836 2259 3097 2325; x_wconf 80' lang='grc' dir='ltr'><em>καταϐὰς</em></span> <span class='ocrx_word' id='word_1_339' title='bbox 3132 2258 3201 2323; x_wconf 78' lang='grc' dir='ltr'><strong>ἐξ</strong></span> <span class='ocrx_word' id='word_1_340' title='bbox 3220 2256 3522 2340; x_wconf 76' lang='grc' dir='ltr'><strong>οοὐρανοῦ,</strong></span> <span class='ocrx_word' id='word_1_341' title='bbox 3552 2258 3638 2309; x_wconf 72' lang='grc' dir='ltr'><strong>καὶ</strong></span> 
     </span>
    </p>
   </div>
   <div class='ocr_carea' id='block_1_45' title="bbox 352 2351 1944 2424">
    <p class='ocr_par' dir='ltr' id='par_1_45' title="bbox 352 2351 1944 2424">
     <span class='ocr_line' id='line_1_45' title="bbox 352 2351 1944 2424; baseline -0.001 -16"><span class='ocrx_word' id='word_1_342' title='bbox 352 2351 592 2410; x_wconf 81' lang='lat' dir='ltr'><strong>Verbum</strong></span> <span class='ocrx_word' id='word_1_343' title='bbox 622 2353 757 2409; x_wconf 89' lang='lat' dir='ltr'><strong>illud</strong></span> <span class='ocrx_word' id='word_1_344' title='bbox 783 2392 800 2419; x_wconf 90' lang='lat'><strong>,</strong></span> <span class='ocrx_word' id='word_1_345' title='bbox 841 2352 992 2424; x_wconf 90' lang='lat' dir='ltr'><strong>quod</strong></span> <span class='ocrx_word' id='word_1_346' title='bbox 1026 2367 1224 2423; x_wconf 80' lang='lat' dir='ltr'><strong>expers</strong></span> <span class='ocrx_word' id='word_1_347' title='bbox 1269 2353 1472 2424; x_wconf 83' lang='lat' dir='ltr'><strong>alioqui</strong></span> <span class='ocrx_word' id='word_1_348' title='bbox 1508 2352 1784 2424; x_wconf 84' lang='lat' dir='ltr'><strong>passionis</strong></span> <span class='ocrx_word' id='word_1_349' title='bbox 1822 2367 1944 2422; x_wconf 87' lang='lat' dir='ltr'><strong>per-</strong></span> 
     </span>
    </p>
   </div>
   <div class='ocr_carea' id='block_1_46' title="bbox 352 2443 1943 2517">
    <p class='ocr_par' dir='ltr' id='par_1_46' title="bbox 352 2443 1943 2517">
     <span class='ocr_line' id='line_1_46' title="bbox 352 2443 1943 2517; baseline -0.003 -16"><span class='ocrx_word' id='word_1_350' title='bbox 352 2447 465 2517; x_wconf 88' lang='lat' dir='ltr'><strong>peti</strong></span> <span class='ocrx_word' id='word_1_351' title='bbox 498 2446 690 2502; x_wconf 91' lang='lat' dir='ltr'><strong>voluit.</strong></span> <span class='ocrx_word' id='word_1_352' title='bbox 748 2445 854 2501; x_wconf 80' lang='lat' dir='ltr'><strong>llic</strong></span> <span class='ocrx_word' id='word_1_353' title='bbox 895 2457 975 2501; x_wconf 79' lang='lat' dir='ltr'><strong>est</strong></span> <span class='ocrx_word' id='word_1_354' title='bbox 1020 2446 1176 2516; x_wconf 80' lang='lat' dir='ltr'><strong>panis</strong></span> <span class='ocrx_word' id='word_1_355' title='bbox 1210 2446 1300 2501; x_wconf 81' lang='lat' dir='ltr'><strong>ille</strong></span> <span class='ocrx_word' id='word_1_356' title='bbox 1350 2446 1532 2511; x_wconf 79' lang='lat' dir='ltr'><strong>vivus,</strong></span> <span class='ocrx_word' id='word_1_357' title='bbox 1580 2446 1671 2516; x_wconf 77' lang='lat' dir='ltr'><strong>qui</strong></span> <span class='ocrx_word' id='word_1_358' title='bbox 1718 2444 1783 2499; x_wconf 81' lang='lat' dir='ltr'><strong>de</strong></span> <span class='ocrx_word' id='word_1_359' title='bbox 1814 2443 1943 2499; x_wconf 66' lang='lat' dir='ltr'><strong>creto</strong></span> 
     </span>
    </p>
   </div>
   <div class='ocr_carea' id='block_1_47' title="bbox 352 2537 1943 2609">
    <p class='ocr_par' dir='ltr' id='par_1_47' title="bbox 352 2537 1943 2609">
     <span class='ocr_line' id='line_1_47' title="bbox 352 2537 1943 2609; baseline 0.003 -20"><span class='ocrx_word' id='word_1_360' title='bbox 352 2537 622 2593; x_wconf 75' lang='lat' dir='ltr'><strong>descendit</strong></span> <span class='ocrx_word' id='word_1_361' title='bbox 647 2539 689 2606; x_wconf 80' lang='grc'><strong>⁸,</strong></span> <span class='ocrx_word' id='word_1_362' title='bbox 720 2554 786 2594; x_wconf 90' lang='lat' dir='ltr'><strong>ac</strong></span> <span class='ocrx_word' id='word_1_363' title='bbox 831 2539 1000 2595; x_wconf 83' lang='lat' dir='ltr'><strong>vitam</strong></span> <span class='ocrx_word' id='word_1_364' title='bbox 1050 2539 1333 2609; x_wconf 87' lang='lat' dir='ltr'><strong>impertiit.</strong></span> <span class='ocrx_word' id='word_1_365' title='bbox 1375 2538 1477 2595; x_wconf 86' lang='lat' dir='ltr'><strong>Hic</strong></span> <span class='ocrx_word' id='word_1_366' title='bbox 1508 2547 1595 2595; x_wconf 88' lang='lat' dir='ltr'><strong>est</strong></span> <span class='ocrx_word' id='word_1_367' title='bbox 1638 2553 1781 2595; x_wconf 64' lang='lat' dir='ltr'><strong>verae</strong></span> <span class='ocrx_word' id='word_1_368' title='bbox 1826 2537 1943 2593; x_wconf 82' lang='lat' dir='ltr'><strong>fru-</strong></span> 
     </span>
    </p>
   </div>
   <div class='ocr_carea' id='block_1_48' title="bbox 354 2630 1942 2702">
    <p class='ocr_par' dir='ltr' id='par_1_48' title="bbox 354 2630 1942 2702">
     <span class='ocr_line' id='line_1_48' title="bbox 354 2630 1942 2702; baseline 0.001 -18"><span class='ocrx_word' id='word_1_369' title='bbox 354 2640 478 2687; x_wconf 87' lang='lat' dir='ltr'><strong>ctus</strong></span> <span class='ocrx_word' id='word_1_370' title='bbox 515 2632 681 2698; x_wconf 80' lang='lat' dir='ltr'><strong>oleae,</strong></span> <span class='ocrx_word' id='word_1_371' title='bbox 722 2630 1000 2686; x_wconf 87' lang='lat' dir='ltr'><strong>unctionis</strong></span> <span class='ocrx_word' id='word_1_372' title='bbox 1033 2639 1089 2686; x_wconf 91' lang='lat' dir='ltr'><strong>et</strong></span> <span class='ocrx_word' id='word_1_373' title='bbox 1117 2631 1534 2702; x_wconf 80' lang='lat' dir='ltr'><strong>compositionis</strong></span> <span class='ocrx_word' id='word_1_374' title='bbox 1566 2632 1748 2687; x_wconf 88' lang='lat' dir='ltr'><strong>oleum</strong></span> <span class='ocrx_word' id='word_1_375' title='bbox 1787 2630 1942 2696; x_wconf 85' lang='lat' dir='ltr'><strong>illud,</strong></span> 
     </span>
    </p>
   </div>
   <div class='ocr_carea' id='block_1_49' title="bbox 355 2723 1944 2796">
    <p class='ocr_par' dir='ltr' id='par_1_49' title="bbox 355 2723 1944 2796">
     <span class='ocr_line' id='line_1_49' title="bbox 355 2723 1944 2796; baseline 0.001 -18"><span class='ocrx_word' id='word_1_376' title='bbox 355 2723 504 2795; x_wconf 88' lang='lat' dir='ltr'><strong>quod</strong></span> <span class='ocrx_word' id='word_1_377' title='bbox 556 2726 780 2796; x_wconf 83' lang='lat' dir='ltr'><strong>Moyses</strong></span> <span class='ocrx_word' id='word_1_378' title='bbox 828 2725 1014 2796; x_wconf 85' lang='lat' dir='ltr'><strong>specie</strong></span> <span class='ocrx_word' id='word_1_379' title='bbox 1053 2726 1288 2796; x_wconf 85' lang='lat' dir='ltr'><strong>quadam</strong></span> <span class='ocrx_word' id='word_1_380' title='bbox 1336 2725 1681 2781; x_wconf 82' lang='lat' dir='ltr'><strong>adumbravit</strong></span> <span class='ocrx_word' id='word_1_381' title='bbox 1712 2726 1755 2780; x_wconf 69' lang='grc' dir='ltr'><strong>ἵ.</strong></span> <span class='ocrx_word' id='word_1_382' title='bbox 1798 2724 1944 2780; x_wconf 90' lang='lat' dir='ltr'><strong>Idem</strong></span> 
     </span>
    </p>
   </div>
   <div class='ocr_carea' id='block_1_50' title="bbox 356 2812 1947 2888">
    <p class='ocr_par' dir='ltr' id='par_1_50' title="bbox 356 2812 1947 2888">
     <span class='ocr_line' id='line_1_50' title="bbox 356 2812 1947 2888; baseline 0.001 -17"><span class='ocrx_word' id='word_1_383' title='bbox 356 2832 482 2871; x_wconf 77' lang='lat' dir='ltr'><strong>vera</strong></span> <span class='ocrx_word' id='word_1_384' title='bbox 514 2816 642 2871; x_wconf 86' lang='lat' dir='ltr'><strong>vitis</strong></span> <span class='ocrx_word' id='word_1_385' title='bbox 670 2824 779 2881; x_wconf 89' lang='lat' dir='ltr'><strong>est,</strong></span> <span class='ocrx_word' id='word_1_386' title='bbox 809 2832 976 2887; x_wconf 88' lang='lat' dir='ltr'><strong>quam</strong></span> <span class='ocrx_word' id='word_1_387' title='bbox 1007 2818 1159 2874; x_wconf 89' lang='lat' dir='ltr'><strong>solus</strong></span> <span class='ocrx_word' id='word_1_388' title='bbox 1197 2818 1357 2873; x_wconf 87' lang='lat' dir='ltr'><strong>Pater</strong></span> <span class='ocrx_word' id='word_1_389' title='bbox 1378 2819 1509 2872; x_wconf 89' lang='lat' dir='ltr'><strong>colit</strong></span> <span class='ocrx_word' id='word_1_390' title='bbox 1540 2818 1581 2885; x_wconf 84' lang='grc'><strong>⁸,</strong></span> <span class='ocrx_word' id='word_1_391' title='bbox 1611 2818 1704 2888; x_wconf 85' lang='lat' dir='ltr'><strong>qui</strong></span> <span class='ocrx_word' id='word_1_392' title='bbox 1746 2812 1947 2873; x_wconf 63' lang='lat' dir='ltr'><strong>laetitiis</strong></span> 
     </span>
    </p>
   </div>
   <div class='ocr_carea' id='block_1_51' title="bbox 355 2908 1945 2980">
    <p class='ocr_par' dir='ltr' id='par_1_51' title="bbox 355 2908 1945 2980">
     <span class='ocr_line' id='line_1_51' title="bbox 355 2908 1945 2980; baseline 0 -18"><span class='ocrx_word' id='word_1_393' title='bbox 355 2910 517 2963; x_wconf 86' lang='lat' dir='ltr'><strong>nobis</strong></span> <span class='ocrx_word' id='word_1_394' title='bbox 545 2924 704 2963; x_wconf 89' lang='lat' dir='ltr'><strong>uvam</strong></span> <span class='ocrx_word' id='word_1_395' title='bbox 734 2911 1044 2980; x_wconf 79' lang='lat' dir='ltr'><strong>progenuit.</strong></span> <span class='ocrx_word' id='word_1_396' title='bbox 1071 2908 1171 2964; x_wconf 86' lang='lat' dir='ltr'><strong>llic</strong></span> <span class='ocrx_word' id='word_1_397' title='bbox 1199 2917 1286 2965; x_wconf 90' lang='lat' dir='ltr'><strong>est</strong></span> <span class='ocrx_word' id='word_1_398' title='bbox 1314 2925 1457 2979; x_wconf 86' lang='lat' dir='ltr'><strong>aqua</strong></span> <span class='ocrx_word' id='word_1_399' title='bbox 1491 2910 1583 2963; x_wconf 91' lang='lat' dir='ltr'><strong>illa</strong></span> <span class='ocrx_word' id='word_1_400' title='bbox 1605 2910 1749 2972; x_wconf 89' lang='lat' dir='ltr'><strong>viva,</strong></span> <span class='ocrx_word' id='word_1_401' title='bbox 1781 2922 1945 2979; x_wconf 87' lang='lat' dir='ltr'><strong>quam</strong></span> 
     </span>
    </p>
   </div>
   <div class='ocr_carea' id='block_1_52' title="bbox 2044 2349 3639 2426">
    <p class='ocr_par' dir='ltr' id='par_1_52' title="bbox 2044 2349 3639 2426">
     <span class='ocr_line' id='line_1_52' title="bbox 2044 2349 3639 2426; baseline -0.003 -20"><span class='ocrx_word' id='word_1_402' title='bbox 2044 2353 2189 2426; x_wconf 76' lang='grc' dir='ltr'><strong>ζωὴν</strong></span> <span class='ocrx_word' id='word_1_403' title='bbox 2218 2353 2414 2418; x_wconf 81' lang='grc' dir='ltr'><strong>διδούς.</strong></span> <span class='ocrx_word' id='word_1_404' title='bbox 2446 2349 2616 2417; x_wconf 74' lang='grc' dir='ltr'>Οὗτος</span> <span class='ocrx_word' id='word_1_405' title='bbox 2638 2355 2667 2406; x_wconf 92' lang='lat'><strong>6</strong></span> <span class='ocrx_word' id='word_1_406' title='bbox 2693 2352 2792 2423; x_wconf 84' lang='grc' dir='ltr'><strong>τῆς</strong></span> <span class='ocrx_word' id='word_1_407' title='bbox 2817 2350 3055 2425; x_wconf 81' lang='grc' dir='ltr'><strong>ἀληθοῦς</strong></span> <span class='ocrx_word' id='word_1_408' title='bbox 3093 2352 3279 2414; x_wconf 76' lang='grc' dir='ltr'>ἐλαίας</span> <span class='ocrx_word' id='word_1_409' title='bbox 3313 2349 3551 2420; x_wconf 77' lang='grc' dir='ltr'>καρπὸς,</span> <span class='ocrx_word' id='word_1_410' title='bbox 3583 2349 3639 2401; x_wconf 72' lang='grc' dir='ltr'><strong>τὸ</strong></span> 
     </span>
    </p>
   </div>
   <div class='ocr_carea' id='block_1_53' title="bbox 2046 2440 3638 2518">
    <p class='ocr_par' dir='ltr' id='par_1_53' title="bbox 2046 2440 3638 2518">
     <span class='ocr_line' id='line_1_53' title="bbox 2046 2440 3638 2518; baseline -0.003 -20"><span class='ocrx_word' id='word_1_411' title='bbox 2046 2444 2221 2499; x_wconf 77' lang='grc' dir='ltr'>ἔλαιον</span> <span class='ocrx_word' id='word_1_412' title='bbox 2271 2447 2371 2518; x_wconf 83' lang='grc' dir='ltr'><strong>τῆς</strong></span> <span class='ocrx_word' id='word_1_413' title='bbox 2412 2447 2645 2518; x_wconf 80' lang='grc' dir='ltr'><em>χρίσεως</em></span> <span class='ocrx_word' id='word_1_414' title='bbox 2693 2445 2789 2500; x_wconf 75' lang='grc' dir='ltr'><strong>καὶ</strong></span> <span class='ocrx_word' id='word_1_415' title='bbox 2825 2445 2925 2516; x_wconf 84' lang='grc' dir='ltr'><strong>τῆς</strong></span> <span class='ocrx_word' id='word_1_416' title='bbox 2969 2444 3291 2507; x_wconf 76' lang='grc' dir='ltr'><strong>συνθέσεως,</strong></span> <span class='ocrx_word' id='word_1_417' title='bbox 3323 2442 3384 2496; x_wconf 80' lang='grc' dir='ltr'><strong>ὃν</strong></span> <span class='ocrx_word' id='word_1_418' title='bbox 3413 2440 3638 2511; x_wconf 73' lang='grc' dir='ltr'><strong>προετύ-</strong></span> 
     </span>
    </p>
   </div>
   <div class='ocr_carea' id='block_1_54' title="bbox 2049 2532 3641 2612">
    <p class='ocr_par' dir='ltr' id='par_1_54' title="bbox 2049 2532 3641 2612">
     <span class='ocr_line' id='line_1_54' title="bbox 2049 2532 3641 2612; baseline -0.004 -19"><span class='ocrx_word' id='word_1_419' title='bbox 2049 2556 2199 2593; x_wconf 81' lang='grc' dir='ltr'><em>πωσε</em></span> <span class='ocrx_word' id='word_1_420' title='bbox 2234 2540 2492 2612; x_wconf 81' lang='grc' dir='ltr'><strong>Μωῦσῆς.</strong></span> <span class='ocrx_word' id='word_1_421' title='bbox 2526 2532 2693 2603; x_wconf 74' lang='grc' dir='ltr'>Οὗτος</span> <span class='ocrx_word' id='word_1_422' title='bbox 2724 2541 2757 2611; x_wconf 81' lang='grc' dir='ltr'>ἠ</span> <span class='ocrx_word' id='word_1_423' title='bbox 2789 2538 3017 2610; x_wconf 78' lang='grc' dir='ltr'><strong>ἀληθινὴ</strong></span> <span class='ocrx_word' id='word_1_424' title='bbox 3060 2536 3325 2609; x_wconf 80' lang='grc' dir='ltr'><strong>ἄμπελος,</strong></span> <span class='ocrx_word' id='word_1_425' title='bbox 3362 2535 3429 2606; x_wconf 74' lang='grc' dir='ltr'><strong>ἧν</strong></span> <span class='ocrx_word' id='word_1_426' title='bbox 3470 2551 3641 2604; x_wconf 76' lang='grc' dir='ltr'>γεωρ·</span> 
     </span>
    </p>
   </div>
   <div class='ocr_carea' id='block_1_55' title="bbox 2046 2626 3637 2702">
    <p class='ocr_par' dir='ltr' id='par_1_55' title="bbox 2046 2626 3637 2702">
     <span class='ocr_line' id='line_1_55' title="bbox 2046 2626 3637 2702; baseline -0.004 -19"><span class='ocrx_word' id='word_1_427' title='bbox 2046 2632 2135 2698; x_wconf 78' lang='grc' dir='ltr'>γεί</span> <span class='ocrx_word' id='word_1_428' title='bbox 2152 2630 2310 2700; x_wconf 81' lang='grc' dir='ltr'><strong>μόνος</strong></span> <span class='ocrx_word' id='word_1_429' title='bbox 2333 2631 2428 2684; x_wconf 72' lang='grc' dir='ltr'><strong>καὶ</strong></span> <span class='ocrx_word' id='word_1_430' title='bbox 2451 2631 2481 2683; x_wconf 88' lang='lat'><strong>6</strong></span> <span class='ocrx_word' id='word_1_431' title='bbox 2496 2628 2706 2702; x_wconf 84' lang='grc' dir='ltr'>Πατὴρ,</span> <span class='ocrx_word' id='word_1_432' title='bbox 2728 2629 2921 2702; x_wconf 80' lang='grc' dir='ltr'>βότρυν</span> <span class='ocrx_word' id='word_1_433' title='bbox 2946 2629 3121 2700; x_wconf 80' lang='grc' dir='ltr'>χαρᾶς</span> <span class='ocrx_word' id='word_1_434' title='bbox 3143 2626 3472 2698; x_wconf 78' lang='grc' dir='ltr'><strong>γεννήσας“⁷</strong></span> <span class='ocrx_word' id='word_1_435' title='bbox 3495 2626 3637 2696; x_wconf 75' lang='grc' dir='ltr'><strong>ἡμῖν.</strong></span> 
     </span>
    </p>
   </div>
   <div class='ocr_carea' id='block_1_56' title="bbox 2049 2714 3640 2795">
    <p class='ocr_par' dir='ltr' id='par_1_56' title="bbox 2049 2714 3640 2795">
     <span class='ocr_line' id='line_1_56' title="bbox 2049 2714 3640 2795; baseline -0.003 -21"><span class='ocrx_word' id='word_1_436' title='bbox 2049 2714 2219 2785; x_wconf 80' lang='grc' dir='ltr'>Οὗτος</span> <span class='ocrx_word' id='word_1_437' title='bbox 2247 2722 2310 2775; x_wconf 82' lang='grc' dir='ltr'><strong>τὸ</strong></span> <span class='ocrx_word' id='word_1_438' title='bbox 2331 2720 2478 2795; x_wconf 77' lang='grc' dir='ltr'>ὕδωρ</span> <span class='ocrx_word' id='word_1_439' title='bbox 2506 2722 2567 2775; x_wconf 85' lang='grc' dir='ltr'><strong>τὸ</strong></span> <span class='ocrx_word' id='word_1_440' title='bbox 2595 2722 2723 2789; x_wconf 75' lang='grc' dir='ltr'><strong>ζῶν,</strong></span> <span class='ocrx_word' id='word_1_441' title='bbox 2758 2721 2805 2791; x_wconf 35' lang='grc' dir='ltr'><strong>ὃ,</strong></span> <span class='ocrx_word' id='word_1_442' title='bbox 2825 2720 2997 2791; x_wconf 70' lang='grc' dir='ltr'>διψῶν</span> <span class='ocrx_word' id='word_1_443' title='bbox 3038 2720 3328 2792; x_wconf 74' lang='grc' dir='ltr'><strong>ἄνθρωπος</strong></span> <span class='ocrx_word' id='word_1_444' title='bbox 3358 2717 3563 2779; x_wconf 75' lang='grc' dir='ltr'>λαϐὼν,</span> <span class='ocrx_word' id='word_1_445' title='bbox 3586 2718 3640 2771; x_wconf 74' lang='grc' dir='ltr'><strong>οὐ</strong></span> 
     </span>
    </p>
   </div>
   <div class='ocr_carea' id='block_1_57' title="bbox 2047 2808 3642 2885">
    <p class='ocr_par' dir='ltr' id='par_1_57' title="bbox 2047 2808 3642 2885">
     <span class='ocr_line' id='line_1_57' title="bbox 2047 2808 3642 2885; baseline -0.005 -17"><span class='ocrx_word' id='word_1_446' title='bbox 2047 2814 2261 2885; x_wconf 68' lang='grc' dir='ltr'><em>διψήσει</em></span> <span class='ocrx_word' id='word_1_447' title='bbox 2290 2814 2450 2869; x_wconf 86' lang='grc' dir='ltr'>πάλιν</span> <span class='ocrx_word' id='word_1_448' title='bbox 2470 2830 2484 2844; x_wconf 75' lang='grc'><strong><em>⁸</em></strong></span> <span class='ocrx_word' id='word_1_449' title='bbox 2516 2814 2630 2867; x_wconf 76' lang='grc' dir='ltr'>ἀλλ’</span> <span class='ocrx_word' id='word_1_450' title='bbox 2658 2813 2803 2867; x_wconf 74' lang='grc' dir='ltr'><em>ἐστιν</em></span> <span class='ocrx_word' id='word_1_451' title='bbox 2830 2815 2887 2866; x_wconf 84' lang='grc' dir='ltr'>ὲν</span> <span class='ocrx_word' id='word_1_452' title='bbox 2916 2816 2982 2885; x_wconf 85' lang='grc' dir='ltr'>τῇ</span> <span class='ocrx_word' id='word_1_453' title='bbox 3006 2812 3183 2882; x_wconf 70' lang='grc' dir='ltr'>κοιλίᾳ</span> <span class='ocrx_word' id='word_1_454' title='bbox 3216 2809 3381 2864; x_wconf 72' lang='grc' dir='ltr'>αὑτοῦ</span> <span class='ocrx_word' id='word_1_455' title='bbox 3420 2808 3642 2879; x_wconf 79' lang='grc' dir='ltr'>ἁλλόμε-</span> 
     </span>
    </p>
   </div>
   <div class='ocr_carea' id='block_1_58' title="bbox 2048 2902 3643 2978">
    <p class='ocr_par' dir='ltr' id='par_1_58' title="bbox 2048 2902 3643 2978">
     <span class='ocr_line' id='line_1_58' title="bbox 2048 2902 3643 2978; baseline -0.003 -19"><span class='ocrx_word' id='word_1_456' title='bbox 2048 2923 2138 2960; x_wconf 88' lang='grc' dir='ltr'><strong>νον</strong></span> <span class='ocrx_word' id='word_1_457' title='bbox 2174 2908 2253 2969; x_wconf 85' lang='grc' dir='ltr'><em>είς</em></span> <span class='ocrx_word' id='word_1_458' title='bbox 2289 2904 2433 2978; x_wconf 81' lang='grc' dir='ltr'><strong>ζωὴν</strong></span> <span class='ocrx_word' id='word_1_459' title='bbox 2458 2904 2694 2960; x_wconf 87' lang='grc' dir='ltr'><strong>αίώνιον.</strong></span> <span class='ocrx_word' id='word_1_460' title='bbox 2726 2906 2819 2959; x_wconf 87' lang='grc' dir='ltr'><strong>Ἐκ</strong></span> <span class='ocrx_word' id='word_1_461' title='bbox 2846 2905 3038 2959; x_wconf 82' lang='grc' dir='ltr'>τούτου</span> <span class='ocrx_word' id='word_1_462' title='bbox 3058 2904 3314 2967; x_wconf 77' lang='grc' dir='ltr'>λαὸόντες</span> <span class='ocrx_word' id='word_1_463' title='bbox 3339 2902 3643 2974; x_wconf 78' lang='grc' dir='ltr'><strong>μετέδωκαν</strong></span> 
     </span>
    </p>
   </div>
   <div class='ocr_carea' id='block_1_59' title="bbox 356 2993 1947 3070">
    <p class='ocr_par' dir='ltr' id='par_1_59' title="bbox 356 2999 1943 3069">
     <span class='ocr_line' id='line_1_59' title="bbox 356 2999 1943 3069; baseline 0 -17"><span class='ocrx_word' id='word_1_464' title='bbox 356 3000 553 3055; x_wconf 84' lang='lat' dir='ltr'><strong>sitiens</strong></span> <span class='ocrx_word' id='word_1_465' title='bbox 601 3000 766 3055; x_wconf 88' lang='lat' dir='ltr'><strong>homo</strong></span> <span class='ocrx_word' id='word_1_466' title='bbox 799 3016 922 3055; x_wconf 91' lang='lat' dir='ltr'><strong>cum</strong></span> <span class='ocrx_word' id='word_1_467' title='bbox 962 3001 1208 3065; x_wconf 84' lang='lat' dir='ltr'><strong>biberit,</strong></span> <span class='ocrx_word' id='word_1_468' title='bbox 1238 3016 1349 3055; x_wconf 89' lang='lat' dir='ltr'><strong>non</strong></span> <span class='ocrx_word' id='word_1_469' title='bbox 1376 3000 1523 3055; x_wconf 85' lang='lat' dir='ltr'><strong>sitiet</strong></span> <span class='ocrx_word' id='word_1_470' title='bbox 1549 2999 1814 3069; x_wconf 87' lang='lat' dir='ltr'><strong>amplius;</strong></span> <span class='ocrx_word' id='word_1_471' title='bbox 1851 3000 1943 3053; x_wconf 89' lang='lat' dir='ltr'><strong>sed</strong></span> 
     </span>
    </p>
   </div>
   <div class='ocr_carea' id='block_1_60' title="bbox 2094 2993 3645 3070">
    <p class='ocr_par' dir='ltr' id='par_1_60' title="bbox 2094 2996 3645 3070">
     <span class='ocr_line' id='line_1_60' title="bbox 2094 2996 3645 3070; baseline -0.003 -19"><span class='ocrx_word' id='word_1_472' title='bbox 2094 3004 2098 3051; x_wconf 70' lang='grc' dir='ltr'><strong>ι</strong></span> <span class='ocrx_word' id='word_1_473' title='bbox 2126 2998 2235 3053; x_wconf 85' lang='grc' dir='ltr'><strong>νέοι</strong></span> <span class='ocrx_word' id='word_1_474' title='bbox 2266 2999 2503 3070; x_wconf 74' lang='grc' dir='ltr'>γεωργοὶ</span> <span class='ocrx_word' id='word_1_475' title='bbox 2531 2999 2612 3062; x_wconf 86' lang='grc' dir='ltr'><em>είς</em></span> <span class='ocrx_word' id='word_1_476' title='bbox 2648 2997 2739 3051; x_wconf 74' lang='grc' dir='ltr'><strong>τὸν</strong></span> <span class='ocrx_word' id='word_1_477' title='bbox 2778 2998 3012 3069; x_wconf 73' lang='grc' dir='ltr'>κόσμονο</span> <span class='ocrx_word' id='word_1_478' title='bbox 3059 2996 3281 3050; x_wconf 73' lang='grc' dir='ltr'>παλαιοὶ</span> <span class='ocrx_word' id='word_1_479' title='bbox 3324 2996 3383 3050; x_wconf 84' lang='grc' dir='ltr'>δὲ</span> <span class='ocrx_word' id='word_1_480' title='bbox 3418 2996 3645 3066; x_wconf 69' lang='grc' dir='ltr'>γεωργοὶ</span> 
     </span>
    </p>
   </div>
   <div class='ocr_carea' id='block_1_61' title="bbox 360 3093 1950 3164">
    <p class='ocr_par' dir='ltr' id='par_1_61' title="bbox 360 3093 1950 3164">
     <span class='ocr_line' id='line_1_61' title="bbox 360 3093 1950 3164; baseline -0.002 -17"><span class='ocrx_word' id='word_1_481' title='bbox 360 3095 415 3147; x_wconf 91' lang='lat' dir='ltr'><strong>in</strong></span> <span class='ocrx_word' id='word_1_482' title='bbox 457 3097 579 3163; x_wconf 88' lang='lat' dir='ltr'><strong>ejus</strong></span> <span class='ocrx_word' id='word_1_483' title='bbox 628 3103 1158 3164; x_wconf 7' lang='lat' dir='ltr'><strong>ventrejpermanet</strong></span> <span class='ocrx_word' id='word_1_484' title='bbox 1207 3094 1413 3149; x_wconf 84' lang='lat' dir='ltr'><strong>saliens</strong></span> <span class='ocrx_word' id='word_1_485' title='bbox 1461 3093 1515 3147; x_wconf 92' lang='lat' dir='ltr'><strong>in</strong></span> <span class='ocrx_word' id='word_1_486' title='bbox 1572 3094 1740 3146; x_wconf 83' lang='lat' dir='ltr'><strong>vitam</strong></span> <span class='ocrx_word' id='word_1_487' title='bbox 1786 3098 1950 3146; x_wconf 64' lang='lat' dir='ltr'><strong>atter-</strong></span> 
     </span>
    </p>
   </div>
   <div class='ocr_carea' id='block_1_62' title="bbox 360 3184 1952 3255">
    <p class='ocr_par' dir='ltr' id='par_1_62' title="bbox 360 3184 1952 3255">
     <span class='ocr_line' id='line_1_62' title="bbox 360 3184 1952 3255; baseline -0.001 -17"><span class='ocrx_word' id='word_1_488' title='bbox 360 3200 487 3238; x_wconf 87' lang='lat' dir='ltr'><strong>nam</strong></span> <span class='ocrx_word' id='word_1_489' title='bbox 522 3185 565 3238; x_wconf 72' lang='grc'><strong>⁸.</strong></span> <span class='ocrx_word' id='word_1_490' title='bbox 591 3184 674 3239; x_wconf 75' lang='lat' dir='ltr'><strong>Ab</strong></span> <span class='ocrx_word' id='word_1_491' title='bbox 708 3184 813 3241; x_wconf 90' lang='lat' dir='ltr'><strong>hoc</strong></span> <span class='ocrx_word' id='word_1_492' title='bbox 847 3185 971 3239; x_wconf 90' lang='lat' dir='ltr'><strong>novi</strong></span> <span class='ocrx_word' id='word_1_493' title='bbox 1004 3185 1257 3254; x_wconf 60' lang='lat' dir='ltr'><strong>agricola</strong></span> <span class='ocrx_word' id='word_1_494' title='bbox 1293 3184 1645 3255; x_wconf 77' lang='lat' dir='ltr'><strong>propaginem</strong></span> <span class='ocrx_word' id='word_1_495' title='bbox 1676 3184 1952 3253; x_wconf 87' lang='lat' dir='ltr'><strong>capientes</strong></span> 
     </span>
    </p>
   </div>
   <div class='ocr_carea' id='block_1_63' title="bbox 362 3272 1955 3344">
    <p class='ocr_par' dir='ltr' id='par_1_63' title="bbox 362 3272 1955 3344">
     <span class='ocr_line' id='line_1_63' title="bbox 362 3272 1955 3344; baseline 0.001 -19"><span class='ocrx_word' id='word_1_496' title='bbox 362 3281 479 3327; x_wconf 90' lang='lat' dir='ltr'><strong>toto</strong></span> <span class='ocrx_word' id='word_1_497' title='bbox 506 3273 640 3328; x_wconf 83' lang='lat' dir='ltr'><strong>orbe</strong></span> <span class='ocrx_word' id='word_1_498' title='bbox 674 3282 1019 3344; x_wconf 89' lang='lat' dir='ltr'><strong>sparserunt.</strong></span> <span class='ocrx_word' id='word_1_499' title='bbox 1054 3272 1281 3329; x_wconf 84' lang='lat' dir='ltr'><strong>Veteres</strong></span> <span class='ocrx_word' id='word_1_500' title='bbox 1317 3282 1497 3329; x_wconf 88' lang='lat' dir='ltr'><strong>autem</strong></span> <span class='ocrx_word' id='word_1_501' title='bbox 1533 3274 1775 3328; x_wconf 87' lang='lat' dir='ltr'><strong>cultores</strong></span> <span class='ocrx_word' id='word_1_502' title='bbox 1800 3273 1955 3329; x_wconf 86' lang='lat' dir='ltr'><strong>evul-</strong></span> 
     </span>
    </p>
   </div>
   <div class='ocr_carea' id='block_1_64' title="bbox 363 3362 1955 3435">
    <p class='ocr_par' dir='ltr' id='par_1_64' title="bbox 363 3362 1955 3435">
     <span class='ocr_line' id='line_1_64' title="bbox 363 3362 1955 3435; baseline -0.004 -12"><span class='ocrx_word' id='word_1_503' title='bbox 363 3381 480 3423; x_wconf 87' lang='lat' dir='ltr'><strong>sam</strong></span> <span class='ocrx_word' id='word_1_504' title='bbox 535 3372 730 3435; x_wconf 82' lang='lat' dir='ltr'><strong>suapte</strong></span> <span class='ocrx_word' id='word_1_505' title='bbox 764 3364 990 3434; x_wconf 81' lang='lat' dir='ltr'><strong>perﬁdia</strong></span> <span class='ocrx_word' id='word_1_506' title='bbox 1040 3362 1423 3435; x_wconf 82' lang='lat' dir='ltr'><strong>proﬂigarunt.</strong></span> <span class='ocrx_word' id='word_1_507' title='bbox 1478 3362 1574 3419; x_wconf 91' lang='lat' dir='ltr'><strong>Ille</strong></span> <span class='ocrx_word' id='word_1_508' title='bbox 1618 3372 1805 3435; x_wconf 81' lang='lat' dir='ltr'><strong>gentes</strong></span> <span class='ocrx_word' id='word_1_509' title='bbox 1854 3377 1955 3418; x_wconf 91' lang='lat' dir='ltr'><strong>suo</strong></span> 
     </span>
    </p>
   </div>
   <div class='ocr_carea' id='block_1_65' title="bbox 370 3455 1957 3527">
    <p class='ocr_par' dir='ltr' id='par_1_65' title="bbox 370 3455 1957 3527">
     <span class='ocr_line' id='line_1_65' title="bbox 370 3455 1957 3527; baseline -0.001 -14"><span class='ocrx_word' id='word_1_510' title='bbox 370 3473 569 3514; x_wconf 84' lang='lat' dir='ltr'><strong>cruore</strong></span> <span class='ocrx_word' id='word_1_511' title='bbox 596 3457 938 3523; x_wconf 79' lang='lat' dir='ltr'><strong>sanctiﬁcat;</strong></span> <span class='ocrx_word' id='word_1_512' title='bbox 975 3455 1064 3511; x_wconf 89' lang='lat' dir='ltr'><strong>ille</strong></span> <span class='ocrx_word' id='word_1_513' title='bbox 1096 3471 1193 3526; x_wconf 88' lang='lat' dir='ltr'><strong>per</strong></span> <span class='ocrx_word' id='word_1_514' title='bbox 1236 3456 1499 3527; x_wconf 85' lang='lat' dir='ltr'><strong>Spiritum</strong></span> <span class='ocrx_word' id='word_1_515' title='bbox 1531 3464 1784 3512; x_wconf 85' lang='lat' dir='ltr'><strong>sanctum</strong></span> <span class='ocrx_word' id='word_1_516' title='bbox 1815 3471 1957 3527; x_wconf 89' lang='lat' dir='ltr'><strong>quos</strong></span> 
     </span>
    </p>
   </div>
   <div class='ocr_carea' id='block_1_66' title="bbox 366 3548 1959 3631">
    <p class='ocr_par' dir='ltr' id='par_1_66' title="bbox 366 3548 1959 3631">
     <span class='ocr_line' id='line_1_66' title="bbox 366 3548 1959 3631; baseline -0.002 -24"><span class='ocrx_word' id='word_1_517' title='bbox 366 3552 583 3609; x_wconf 82' lang='lat' dir='ltr'><strong>vocavit</strong></span> <span class='ocrx_word' id='word_1_518' title='bbox 616 3551 683 3606; x_wconf 87' lang='lat' dir='ltr'><strong>ad</strong></span> <span class='ocrx_word' id='word_1_519' title='bbox 717 3565 945 3631; x_wconf 78' lang='lat' dir='ltr'><strong>regnum</strong></span> <span class='ocrx_word' id='word_1_520' title='bbox 987 3551 1214 3607; x_wconf 76' lang='lat' dir='ltr'><strong>cmleste</strong></span> <span class='ocrx_word' id='word_1_521' title='bbox 1245 3550 1515 3620; x_wconf 84' lang='lat' dir='ltr'><strong>perducit.</strong></span> <span class='ocrx_word' id='word_1_522' title='bbox 1549 3548 1695 3604; x_wconf 88' lang='lat' dir='ltr'><strong>Sane</strong></span> <span class='ocrx_word' id='word_1_523' title='bbox 1727 3550 1959 3621; x_wconf 84' lang='lat' dir='ltr'><strong>quicun-</strong></span> 
     </span>
    </p>
   </div>
   <div class='ocr_carea' id='block_1_67' title="bbox 367 3638 1959 3713">
    <p class='ocr_par' dir='ltr' id='par_1_67' title="bbox 367 3638 1959 3713">
     <span class='ocr_line' id='line_1_67' title="bbox 367 3638 1959 3713; baseline -0.002 -17"><span class='ocrx_word' id='word_1_524' title='bbox 367 3658 476 3713; x_wconf 79' lang='lat' dir='ltr'><strong>que</strong></span> <span class='ocrx_word' id='word_1_525' title='bbox 509 3640 685 3712; x_wconf 88' lang='lat' dir='ltr'><strong>ipsius</strong></span> <span class='ocrx_word' id='word_1_526' title='bbox 716 3648 955 3711; x_wconf 81' lang='lat' dir='ltr'><strong>aguntur</strong></span> <span class='ocrx_word' id='word_1_527' title='bbox 986 3639 1196 3710; x_wconf 90' lang='lat' dir='ltr'><strong>Spiritu</strong></span> <span class='ocrx_word' id='word_1_528' title='bbox 1220 3641 1285 3703; x_wconf 72' lang='grc' dir='ltr'><strong>ιο,</strong></span> <span class='ocrx_word' id='word_1_529' title='bbox 1322 3638 1432 3695; x_wconf 87' lang='lat' dir='ltr'><strong>Deo</strong></span> <span class='ocrx_word' id='word_1_530' title='bbox 1463 3639 1569 3709; x_wconf 91' lang='lat' dir='ltr'><strong>ipsi</strong></span> <span class='ocrx_word' id='word_1_531' title='bbox 1592 3640 1802 3696; x_wconf 83' lang='lat' dir='ltr'><strong>vivunt.</strong></span> <span class='ocrx_word' id='word_1_532' title='bbox 1834 3639 1959 3706; x_wconf 87' lang='lat' dir='ltr'><strong>Qui-</strong></span> 
     </span>
    </p>
   </div>
   <div class='ocr_carea' id='block_1_68' title="bbox 372 3731 1957 3804">
    <p class='ocr_par' dir='ltr' id='par_1_68' title="bbox 372 3731 1957 3804">
     <span class='ocr_line' id='line_1_68' title="bbox 372 3731 1957 3804; baseline -0.003 -15"><span class='ocrx_word' id='word_1_533' title='bbox 372 3748 593 3804; x_wconf 87' lang='lat' dir='ltr'><strong>cunque</strong></span> <span class='ocrx_word' id='word_1_534' title='bbox 631 3747 763 3788; x_wconf 88' lang='lat' dir='ltr'><strong>vero</strong></span> <span class='ocrx_word' id='word_1_535' title='bbox 797 3748 909 3789; x_wconf 89' lang='lat' dir='ltr'><strong>non</strong></span> <span class='ocrx_word' id='word_1_536' title='bbox 960 3741 1234 3802; x_wconf 81' lang='lat' dir='ltr'><strong>aguntur,</strong></span> <span class='ocrx_word' id='word_1_537' title='bbox 1273 3732 1434 3787; x_wconf 88' lang='lat' dir='ltr'><strong>morti</strong></span> <span class='ocrx_word' id='word_1_538' title='bbox 1488 3731 1669 3787; x_wconf 89' lang='lat' dir='ltr'><strong>adhuc</strong></span> <span class='ocrx_word' id='word_1_539' title='bbox 1711 3732 1957 3787; x_wconf 85' lang='lat' dir='ltr'><strong>attributi</strong></span> 
     </span>
    </p>
   </div>
   <div class='ocr_carea' id='block_1_69' title="bbox 372 3823 1963 3895">
    <p class='ocr_par' dir='ltr' id='par_1_69' title="bbox 372 3823 1963 3895">
     <span class='ocr_line' id='line_1_69' title="bbox 372 3823 1963 3895; baseline -0.001 -14"><span class='ocrx_word' id='word_1_540' title='bbox 372 3826 665 3893; x_wconf 88' lang='lat' dir='ltr'><strong>animales,</strong></span> <span class='ocrx_word' id='word_1_541' title='bbox 697 3827 783 3881; x_wconf 87' lang='lat' dir='ltr'><strong>vel</strong></span> <span class='ocrx_word' id='word_1_542' title='bbox 814 3825 1069 3880; x_wconf 84' lang='lat' dir='ltr'><strong>carnales</strong></span> <span class='ocrx_word' id='word_1_543' title='bbox 1100 3825 1283 3895; x_wconf 88' lang='lat' dir='ltr'><strong>potius</strong></span> <span class='ocrx_word' id='word_1_544' title='bbox 1318 3824 1684 3895; x_wconf 89' lang='lat' dir='ltr'><strong>appellantur.</strong></span> <span class='ocrx_word' id='word_1_545' title='bbox 1726 3823 1963 3880; x_wconf 84' lang='lat' dir='ltr'><strong>Proinde</strong></span> 
     </span>
    </p>
   </div>
   <div class='ocr_carea' id='block_1_70' title="bbox 371 3917 1966 3989">
    <p class='ocr_par' dir='ltr' id='par_1_70' title="bbox 371 3917 1966 3989">
     <span class='ocr_line' id='line_1_70' title="bbox 371 3917 1966 3989; baseline -0.002 -14"><span class='ocrx_word' id='word_1_546' title='bbox 371 3919 555 3975; x_wconf 87' lang='lat' dir='ltr'><strong>carnis</strong></span> <span class='ocrx_word' id='word_1_547' title='bbox 603 3918 910 3987; x_wconf 71' lang='lat' dir='ltr'><strong>exstinguit</strong></span> <span class='ocrx_word' id='word_1_548' title='bbox 948 3932 1151 3988; x_wconf 88' lang='lat' dir='ltr'><strong>opera,</strong></span> <span class='ocrx_word' id='word_1_549' title='bbox 1198 3933 1322 3987; x_wconf 62' lang='lat' dir='ltr'><strong>quae</strong></span> <span class='ocrx_word' id='word_1_550' title='bbox 1355 3917 1754 3974; x_wconf 89' lang='lat' dir='ltr'><strong>munimentum</strong></span> <span class='ocrx_word' id='word_1_551' title='bbox 1787 3917 1966 3989; x_wconf 88' lang='lat' dir='ltr'><strong>quod-</strong></span> 
     </span>
    </p>
   </div>
   <div class='ocr_carea' id='block_1_71' title="bbox 371 4006 1963 4079">
    <p class='ocr_par' dir='ltr' id='par_1_71' title="bbox 371 4006 1963 4079">
     <span class='ocr_line' id='line_1_71' title="bbox 371 4006 1963 4079; baseline -0.001 -15"><span class='ocrx_word' id='word_1_552' title='bbox 371 4010 496 4064; x_wconf 84' lang='lat' dir='ltr'><strong>dam</strong></span> <span class='ocrx_word' id='word_1_553' title='bbox 544 4018 629 4064; x_wconf 90' lang='lat' dir='ltr'><strong>est</strong></span> <span class='ocrx_word' id='word_1_554' title='bbox 669 4008 925 4078; x_wconf 79' lang='lat' dir='ltr'><strong>peccati;</strong></span> <span class='ocrx_word' id='word_1_555' title='bbox 976 4018 1032 4063; x_wconf 86' lang='lat' dir='ltr'><strong>et</strong></span> <span class='ocrx_word' id='word_1_556' title='bbox 1083 4006 1331 4063; x_wconf 86' lang='lat' dir='ltr'><strong>membra</strong></span> <span class='ocrx_word' id='word_1_557' title='bbox 1389 4008 1586 4062; x_wconf 87' lang='lat' dir='ltr'><strong>mortis</strong></span> <span class='ocrx_word' id='word_1_558' title='bbox 1638 4022 1739 4063; x_wconf 91' lang='lat' dir='ltr'><strong>sua</strong></span> <span class='ocrx_word' id='word_1_559' title='bbox 1788 4009 1963 4079; x_wconf 87' lang='lat' dir='ltr'><strong>gratia</strong></span> 
     </span>
    </p>
   </div>
   <div class='ocr_carea' id='block_1_72' title="bbox 375 4097 1966 4171">
    <p class='ocr_par' dir='ltr' id='par_1_72' title="bbox 375 4097 1966 4171">
     <span class='ocr_line' id='line_1_72' title="bbox 375 4097 1966 4171; baseline -0.001 -16"><span class='ocrx_word' id='word_1_560' title='bbox 375 4101 692 4156; x_wconf 80' lang='lat' dir='ltr'><strong>inortiticat.</strong></span> <span class='ocrx_word' id='word_1_561' title='bbox 726 4099 897 4156; x_wconf 77' lang='lat' dir='ltr'><strong>Idem</strong></span> <span class='ocrx_word' id='word_1_562' title='bbox 921 4099 1175 4171; x_wconf 89' lang='lat' dir='ltr'><strong>accipere</strong></span> <span class='ocrx_word' id='word_1_563' title='bbox 1212 4097 1475 4170; x_wconf 86' lang='lat' dir='ltr'><strong>Spiritum</strong></span> <span class='ocrx_word' id='word_1_564' title='bbox 1519 4109 1802 4163; x_wconf 86' lang='lat' dir='ltr'><strong>sanctum,</strong></span> <span class='ocrx_word' id='word_1_565' title='bbox 1856 4115 1966 4171; x_wconf 89' lang='lat' dir='ltr'><strong>quo</strong></span> 
     </span>
    </p>
   </div>
   <div class='ocr_carea' id='block_1_73' title="bbox 373 4193 1969 4264">
    <p class='ocr_par' dir='ltr' id='par_1_73' title="bbox 373 4193 1969 4264">
     <span class='ocr_line' id='line_1_73' title="bbox 373 4193 1969 4264; baseline -0.001 -15"><span class='ocrx_word' id='word_1_566' title='bbox 373 4194 703 4249; x_wconf 86' lang='lat' dir='ltr'><strong>carebamus</strong></span> <span class='ocrx_word' id='word_1_567' title='bbox 726 4234 742 4261; x_wconf 95' lang='lat'><strong>,</strong></span> <span class='ocrx_word' id='word_1_568' title='bbox 796 4195 1066 4264; x_wconf 88' lang='lat' dir='ltr'><strong>imperat:</strong></span> <span class='ocrx_word' id='word_1_569' title='bbox 1101 4194 1199 4264; x_wconf 87' lang='lat' dir='ltr'><strong>qui</strong></span> <span class='ocrx_word' id='word_1_570' title='bbox 1226 4208 1312 4251; x_wconf 89' lang='lat' dir='ltr'><strong>me</strong></span> <span class='ocrx_word' id='word_1_571' title='bbox 1352 4193 1564 4264; x_wconf 87' lang='lat' dir='ltr'><strong>pridem</strong></span> <span class='ocrx_word' id='word_1_572' title='bbox 1598 4201 1849 4249; x_wconf 90' lang='lat' dir='ltr'><strong>enectum</strong></span> <span class='ocrx_word' id='word_1_573' title='bbox 1882 4208 1969 4249; x_wconf 88' lang='lat' dir='ltr'><strong>re-</strong></span> 
     </span>
    </p>
   </div>
   <div class='ocr_carea' id='block_1_74' title="bbox 377 4286 1968 4358">
    <p class='ocr_par' dir='ltr' id='par_1_74' title="bbox 377 4286 1968 4358">
     <span class='ocr_line' id='line_1_74' title="bbox 377 4286 1968 4358; baseline 0.001 -19"><span class='ocrx_word' id='word_1_574' title='bbox 377 4286 593 4343; x_wconf 80' lang='lat' dir='ltr'><strong>vocavit</strong></span> <span class='ocrx_word' id='word_1_575' title='bbox 621 4287 689 4343; x_wconf 91' lang='lat' dir='ltr'><strong>ad</strong></span> <span class='ocrx_word' id='word_1_576' title='bbox 718 4288 920 4343; x_wconf 87' lang='lat' dir='ltr'><strong>vitam:</strong></span> <span class='ocrx_word' id='word_1_577' title='bbox 958 4303 1120 4358; x_wconf 86' lang='lat' dir='ltr'><strong>quem</strong></span> <span class='ocrx_word' id='word_1_578' title='bbox 1154 4287 1259 4343; x_wconf 91' lang='lat' dir='ltr'><strong>nisi</strong></span> <span class='ocrx_word' id='word_1_579' title='bbox 1287 4300 1568 4357; x_wconf 88' lang='lat' dir='ltr'><strong>recepero,</strong></span> <span class='ocrx_word' id='word_1_580' title='bbox 1598 4286 1833 4342; x_wconf 85' lang='lat' dir='ltr'><strong>subinde</strong></span> <span class='ocrx_word' id='word_1_581' title='bbox 1857 4302 1968 4340; x_wconf 84' lang='lat' dir='ltr'><strong>mo-</strong></span> 
     </span>
    </p>
   </div>
   <div class='ocr_carea' id='block_1_75' title="bbox 380 4377 1963 4450">
    <p class='ocr_par' dir='ltr' id='par_1_75' title="bbox 380 4377 1963 4450">
     <span class='ocr_line' id='line_1_75' title="bbox 380 4377 1963 4450; baseline -0.001 -16"><span class='ocrx_word' id='word_1_582' title='bbox 380 4381 509 4434; x_wconf 87' lang='lat' dir='ltr'><strong>riar.</strong></span> <span class='ocrx_word' id='word_1_583' title='bbox 528 4380 665 4434; x_wconf 85' lang='lat' dir='ltr'><strong>Nam</strong></span> <span class='ocrx_word' id='word_1_584' title='bbox 698 4380 911 4449; x_wconf 85' lang='lat' dir='ltr'><strong>absque</strong></span> <span class='ocrx_word' id='word_1_585' title='bbox 937 4379 1061 4450; x_wconf 83' lang='lat' dir='ltr'><strong>ejus</strong></span> <span class='ocrx_word' id='word_1_586' title='bbox 1096 4377 1306 4449; x_wconf 89' lang='lat' dir='ltr'><strong>Spiritu</strong></span> <span class='ocrx_word' id='word_1_587' title='bbox 1326 4379 1557 4448; x_wconf 85' lang='lat' dir='ltr'><strong>quilibet</strong></span> <span class='ocrx_word' id='word_1_588' title='bbox 1580 4388 1667 4435; x_wconf 88' lang='lat' dir='ltr'><strong>est</strong></span> <span class='ocrx_word' id='word_1_589' title='bbox 1692 4387 1963 4436; x_wconf 90' lang='lat' dir='ltr'><strong>mortuus.</strong></span> 
     </span>
    </p>
   </div>
   <div class='ocr_carea' id='block_1_76' title="bbox 2054 3088 3642 3164">
    <p class='ocr_par' dir='ltr' id='par_1_76' title="bbox 2054 3088 3642 3164">
     <span class='ocr_line' id='line_1_76' title="bbox 2054 3088 3642 3164; baseline -0.004 -18"><span class='ocrx_word' id='word_1_590' title='bbox 2054 3092 2277 3164; x_wconf 75' lang='grc' dir='ltr'><strong>ἐξῆραν,</strong></span> <span class='ocrx_word' id='word_1_591' title='bbox 2307 3093 2402 3145; x_wconf 72' lang='grc' dir='ltr'>καὶ</span> <span class='ocrx_word' id='word_1_592' title='bbox 2422 3091 2679 3163; x_wconf 78' lang='grc' dir='ltr'><strong>ἕφθειραν</strong></span> <span class='ocrx_word' id='word_1_593' title='bbox 2706 3090 2794 3145; x_wconf 85' lang='grc' dir='ltr'><strong>διὰ</strong></span> <span class='ocrx_word' id='word_1_594' title='bbox 2831 3089 3110 3144; x_wconf 84' lang='grc' dir='ltr'>ἀπιστίαν.</span> <span class='ocrx_word' id='word_1_595' title='bbox 3138 3090 3341 3160; x_wconf 79' lang='grc' dir='ltr'>Αἴματι</span> <span class='ocrx_word' id='word_1_596' title='bbox 3377 3088 3477 3159; x_wconf 82' lang='grc' dir='ltr'><strong>μὲν</strong></span> <span class='ocrx_word' id='word_1_597' title='bbox 3522 3089 3642 3141; x_wconf 75' lang='grc' dir='ltr'>ἑαυ-</span> 
     </span>
    </p>
   </div>
   <div class='ocr_carea' id='block_1_77' title="bbox 2053 3181 3644 3256">
    <p class='ocr_par' dir='ltr' id='par_1_77' title="bbox 2053 3181 3644 3256">
     <span class='ocr_line' id='line_1_77' title="bbox 2053 3181 3644 3256; baseline -0.003 -19"><span class='ocrx_word' id='word_1_598' title='bbox 2053 3183 2148 3237; x_wconf 75' lang='grc' dir='ltr'><strong>τοῦ</strong></span> <span class='ocrx_word' id='word_1_599' title='bbox 2179 3182 2395 3252; x_wconf 75' lang='grc' dir='ltr'><strong>ἁγιάζει</strong></span> <span class='ocrx_word' id='word_1_600' title='bbox 2422 3183 2491 3237; x_wconf 83' lang='grc' dir='ltr'><strong>τὰ</strong></span> <span class='ocrx_word' id='word_1_601' title='bbox 2531 3182 2658 3256; x_wconf 79' lang='grc' dir='ltr'><strong>ἔθνη</strong></span> <span class='ocrx_word' id='word_1_602' title='bbox 2682 3200 2695 3214; x_wconf 74' lang='grc' dir='ltr'>ο</span> <span class='ocrx_word' id='word_1_603' title='bbox 2728 3182 3009 3255; x_wconf 82' lang='grc' dir='ltr'><strong>Πνεύματι</strong></span> <span class='ocrx_word' id='word_1_604' title='bbox 3042 3181 3098 3236; x_wconf 78' lang='grc' dir='ltr'><strong>δὲ</strong></span> <span class='ocrx_word' id='word_1_605' title='bbox 3133 3181 3287 3253; x_wconf 81' lang='grc' dir='ltr'>ἀϊδίῳ</span> <span class='ocrx_word' id='word_1_606' title='bbox 3306 3181 3349 3212; x_wconf 78' lang='grc'><strong>³⁸</strong></span> <span class='ocrx_word' id='word_1_607' title='bbox 3383 3181 3505 3248; x_wconf 80' lang='grc' dir='ltr'><em>ἄγει</em></span> <span class='ocrx_word' id='word_1_608' title='bbox 3527 3181 3644 3241; x_wconf 61' lang='grc' dir='ltr'><strong>τοῦς</strong></span> 
     </span>
    </p>
   </div>
   <div class='ocr_carea' id='block_1_78' title="bbox 2056 3271 3643 3348">
    <p class='ocr_par' dir='ltr' id='par_1_78' title="bbox 2056 3271 3643 3348">
     <span class='ocr_line' id='line_1_78' title="bbox 2056 3271 3643 3348; baseline -0.004 -19"><span class='ocrx_word' id='word_1_609' title='bbox 2056 3276 2287 3348; x_wconf 66' lang='grc' dir='ltr'><strong>κλητοὺς</strong></span> <span class='ocrx_word' id='word_1_610' title='bbox 2328 3277 2406 3341; x_wconf 82' lang='grc' dir='ltr'><em>είς</em></span> <span class='ocrx_word' id='word_1_611' title='bbox 2447 3275 2729 3347; x_wconf 76' lang='grc' dir='ltr'>οὐρανούς.</span> <span class='ocrx_word' id='word_1_612' title='bbox 2760 3276 2913 3330; x_wconf 83' lang='grc' dir='ltr'><em>Ὅσοι</em></span> <span class='ocrx_word' id='word_1_613' title='bbox 2967 3273 3098 3343; x_wconf 75' lang='grc' dir='ltr'>γοῦν</span> <span class='ocrx_word' id='word_1_614' title='bbox 3151 3273 3437 3344; x_wconf 81' lang='grc' dir='ltr'><strong>Πνεύματι</strong></span> <span class='ocrx_word' id='word_1_615' title='bbox 3486 3271 3643 3325; x_wconf 78' lang='grc' dir='ltr'><strong>αὖτοῦ</strong></span> 
     </span>
    </p>
   </div>
   <div class='ocr_carea' id='block_1_79' title="bbox 2055 3366 3647 3441">
    <p class='ocr_par' dir='ltr' id='par_1_79' title="bbox 2055 3366 3647 3441">
     <span class='ocr_line' id='line_1_79' title="bbox 2055 3366 3647 3441; baseline -0.005 -17"><span class='ocrx_word' id='word_1_616' title='bbox 2055 3371 2297 3439; x_wconf 87' lang='grc' dir='ltr'><strong>ἄγονται,</strong></span> <span class='ocrx_word' id='word_1_617' title='bbox 2334 3370 2485 3422; x_wconf 73' lang='grc' dir='ltr'>αὐτοὶ</span> <span class='ocrx_word' id='word_1_618' title='bbox 2521 3368 2653 3434; x_wconf 82' lang='grc' dir='ltr'><em>ζῶσι</em></span> <span class='ocrx_word' id='word_1_619' title='bbox 2693 3368 2833 3441; x_wconf 81' lang='grc' dir='ltr'><strong>Θεῷ.</strong></span> <span class='ocrx_word' id='word_1_620' title='bbox 2871 3370 3027 3422; x_wconf 83' lang='grc' dir='ltr'><em>Ὀσοι</em></span> <span class='ocrx_word' id='word_1_621' title='bbox 3069 3368 3124 3422; x_wconf 83' lang='grc' dir='ltr'><strong>δὲ</strong></span> <span class='ocrx_word' id='word_1_622' title='bbox 3171 3368 3268 3439; x_wconf 76' lang='grc' dir='ltr'><strong>μὴ,</strong></span> <span class='ocrx_word' id='word_1_623' title='bbox 3305 3367 3386 3421; x_wconf 80' lang='grc' dir='ltr'><strong>ἔτι</strong></span> <span class='ocrx_word' id='word_1_624' title='bbox 3438 3366 3647 3435; x_wconf 73' lang='grc' dir='ltr'>Θανάτῳ</span> 
     </span>
    </p>
   </div>
   <div class='ocr_carea' id='block_1_80' title="bbox 2056 3450 3647 3531">
    <p class='ocr_par' dir='ltr' id='par_1_80' title="bbox 2056 3450 3647 3531">
     <span class='ocr_line' id='line_1_80' title="bbox 2056 3450 3647 3531; baseline -0.003 -19"><span class='ocrx_word' id='word_1_625' title='bbox 2056 3458 2425 3531; x_wconf 83' lang='grc' dir='ltr'><strong>λελογισμένοι</strong></span> <span class='ocrx_word' id='word_1_626' title='bbox 2464 3460 2594 3522; x_wconf 75' lang='grc' dir='ltr'><em>εἰσὶ,</em></span> <span class='ocrx_word' id='word_1_627' title='bbox 2629 3458 2851 3529; x_wconf 70' lang='grc' dir='ltr'><strong>ψυχικοὶ</strong></span> <span class='ocrx_word' id='word_1_628' title='bbox 2898 3460 3017 3530; x_wconf 72' lang='grc' dir='ltr'><em>ἦτοι</em></span> <span class='ocrx_word' id='word_1_629' title='bbox 3065 3456 3319 3529; x_wconf 67' lang='lat' dir='ltr'><strong>caputin</strong></span> <span class='ocrx_word' id='word_1_630' title='bbox 3362 3450 3507 3510; x_wconf 67' lang='grc' dir='ltr'>οὗτοι</span> <span class='ocrx_word' id='word_1_631' title='bbox 3556 3474 3647 3508; x_wconf 67' lang='grc' dir='ltr'><strong>κι-</strong></span> 
     </span>
    </p>
   </div>
   <div class='ocr_carea' id='block_1_81' title="bbox 2057 3548 3644 3622">
    <p class='ocr_par' dir='ltr' id='par_1_81' title="bbox 2057 3548 3644 3622">
     <span class='ocr_line' id='line_1_81' title="bbox 2057 3548 3644 3622; baseline -0.004 -17"><span class='ocrx_word' id='word_1_632' title='bbox 2057 3551 2292 3607; x_wconf 84' lang='grc' dir='ltr'><strong>λοῦνται.</strong></span> <span class='ocrx_word' id='word_1_633' title='bbox 2342 3550 2535 3605; x_wconf 82' lang='grc' dir='ltr'>Τοίνυν</span> <span class='ocrx_word' id='word_1_634' title='bbox 2583 3551 2766 3606; x_wconf 83' lang='grc' dir='ltr'><strong>ἀθετεῖ</strong></span> <span class='ocrx_word' id='word_1_635' title='bbox 2809 3550 2876 3605; x_wconf 86' lang='grc' dir='ltr'><strong>τὰ</strong></span> <span class='ocrx_word' id='word_1_636' title='bbox 2920 3550 3058 3622; x_wconf 81' lang='grc' dir='ltr'>ἔργα</span> <span class='ocrx_word' id='word_1_637' title='bbox 3114 3551 3214 3621; x_wconf 82' lang='grc' dir='ltr'><strong>τῆς</strong></span> <span class='ocrx_word' id='word_1_638' title='bbox 3252 3548 3488 3621; x_wconf 73' lang='grc' dir='ltr'>σαρκὸς,</span> <span class='ocrx_word' id='word_1_639' title='bbox 3526 3548 3644 3618; x_wconf 62' lang='grc' dir='ltr'><strong>ὀχύ-</strong></span> 
     </span>
    </p>
   </div>
   <div class='ocr_carea' id='block_1_82' title="bbox 2062 3640 3639 3717">
    <p class='ocr_par' dir='ltr' id='par_1_82' title="bbox 2062 3640 3639 3717">
     <span class='ocr_line' id='line_1_82' title="bbox 2062 3640 3639 3717; baseline -0.003 -20"><span class='ocrx_word' id='word_1_640' title='bbox 2062 3662 2220 3717; x_wconf 79' lang='grc' dir='ltr'>ρωμα</span> <span class='ocrx_word' id='word_1_641' title='bbox 2251 3642 2419 3713; x_wconf 71' lang='grc' dir='ltr'>οὔσης</span> <span class='ocrx_word' id='word_1_642' title='bbox 2451 3644 2756 3716; x_wconf 80' lang='grc' dir='ltr'>ἁμαρτίας·</span> <span class='ocrx_word' id='word_1_643' title='bbox 2794 3646 2982 3716; x_wconf 84' lang='grc' dir='ltr'><em>νεκροῖ</em></span> <span class='ocrx_word' id='word_1_644' title='bbox 3020 3643 3076 3697; x_wconf 77' lang='grc' dir='ltr'><strong>δὲ</strong></span> <span class='ocrx_word' id='word_1_645' title='bbox 3120 3642 3189 3696; x_wconf 76' lang='grc' dir='ltr'>τὰ</span> <span class='ocrx_word' id='word_1_646' title='bbox 3212 3641 3380 3713; x_wconf 79' lang='grc' dir='ltr'><strong>’μέλη</strong></span> <span class='ocrx_word' id='word_1_647' title='bbox 3421 3640 3513 3694; x_wconf 74' lang='grc' dir='ltr'>τοῦ</span> <span class='ocrx_word' id='word_1_648' title='bbox 3553 3641 3639 3694; x_wconf 76' lang='grc' dir='ltr'><strong>θα·</strong></span> 
     </span>
    </p>
   </div>
   <div class='ocr_carea' id='block_1_83' title="bbox 2064 3732 3646 3809">
    <p class='ocr_par' dir='ltr' id='par_1_83' title="bbox 2064 3732 3646 3809">
     <span class='ocr_line' id='line_1_83' title="bbox 2064 3732 3646 3809; baseline -0.006 -16"><span class='ocrx_word' id='word_1_649' title='bbox 2064 3739 2229 3793; x_wconf 83' lang='grc' dir='ltr'>νάτου</span> <span class='ocrx_word' id='word_1_650' title='bbox 2270 3738 2358 3792; x_wconf 80' lang='grc' dir='ltr'><strong>διὰ</strong></span> <span class='ocrx_word' id='word_1_651' title='bbox 2409 3737 2511 3807; x_wconf 84' lang='grc' dir='ltr'><strong>τῆς</strong></span> <span class='ocrx_word' id='word_1_652' title='bbox 2562 3737 2784 3809; x_wconf 85' lang='grc' dir='ltr'><strong>χάριτος</strong></span> <span class='ocrx_word' id='word_1_653' title='bbox 2834 3735 3022 3790; x_wconf 75' lang='grc' dir='ltr'>αὐτοῦ.</span> <span class='ocrx_word' id='word_1_654' title='bbox 3078 3734 3279 3789; x_wconf 77' lang='grc' dir='ltr'><strong>Λαϐεῖν</strong></span> <span class='ocrx_word' id='word_1_655' title='bbox 3329 3734 3386 3787; x_wconf 83' lang='grc' dir='ltr'><strong>δὲ</strong></span> <span class='ocrx_word' id='word_1_656' title='bbox 3431 3732 3646 3801; x_wconf 75' lang='grc' dir='ltr'><strong>Πνεῦμα</strong></span> 
     </span>
    </p>
   </div>
   <div class='ocr_carea' id='block_1_84' title="bbox 2066 3826 3647 3903">
    <p class='ocr_par' dir='ltr' id='par_1_84' title="bbox 2066 3826 3647 3903">
     <span class='ocr_line' id='line_1_84' title="bbox 2066 3826 3647 3903; baseline -0.005 -18"><span class='ocrx_word' id='word_1_657' title='bbox 2066 3832 2226 3901; x_wconf 76' lang='grc' dir='ltr'>ἅγιον</span> <span class='ocrx_word' id='word_1_658' title='bbox 2254 3832 2282 3885; x_wconf 87' lang='grc' dir='ltr'><strong>ὃ</strong></span> <span class='ocrx_word' id='word_1_659' title='bbox 2309 3832 2409 3885; x_wconf 81' lang='grc' dir='ltr'><strong>οὐκ</strong></span> <span class='ocrx_word' id='word_1_660' title='bbox 2435 3832 2651 3903; x_wconf 73' lang='grc' dir='ltr'><strong>εἴχομεν</strong></span> <span class='ocrx_word' id='word_1_661' title='bbox 2680 3830 3033 3901; x_wconf 82' lang='grc' dir='ltr'><strong>προστάσσει,</strong></span> <span class='ocrx_word' id='word_1_662' title='bbox 3060 3830 3121 3883; x_wconf 83' lang='grc' dir='ltr'><strong>τὸ</strong></span> <span class='ocrx_word' id='word_1_663' title='bbox 3154 3827 3451 3893; x_wconf 79' lang='grc' dir='ltr'><strong>ζωοποιοῦν</strong></span> <span class='ocrx_word' id='word_1_664' title='bbox 3480 3827 3571 3897; x_wconf 73' lang='grc' dir='ltr'><strong>ἐμὲ</strong></span> <span class='ocrx_word' id='word_1_665' title='bbox 3591 3826 3647 3878; x_wconf 60' lang='grc' dir='ltr'><em>τι</em></span> 
     </span>
    </p>
   </div>
   <div class='ocr_carea' id='block_1_85' title="bbox 2064 3918 3647 3996">
    <p class='ocr_par' dir='ltr' id='par_1_85' title="bbox 2064 3918 3647 3996">
     <span class='ocr_line' id='line_1_85' title="bbox 2064 3918 3647 3996; baseline -0.005 -18"><span class='ocrx_word' id='word_1_666' title='bbox 2064 3924 2232 3978; x_wconf 83' lang='grc' dir='ltr'>πάλαι</span> <span class='ocrx_word' id='word_1_667' title='bbox 2265 3923 2565 3995; x_wconf 79' lang='grc' dir='ltr'><strong>τεθνηκότα</strong></span> <span class='ocrx_word' id='word_1_668' title='bbox 2586 3939 2599 3954; x_wconf 83' lang='grc'><em>’</em></span> <span class='ocrx_word' id='word_1_669' title='bbox 2628 3926 2767 3996; x_wconf 83' lang='grc' dir='ltr'><strong>ὅπερ</strong></span> <span class='ocrx_word' id='word_1_670' title='bbox 2811 3924 2886 3994; x_wconf 84' lang='grc' dir='ltr'><strong>μὴ</strong></span> <span class='ocrx_word' id='word_1_671' title='bbox 2928 3921 3107 3976; x_wconf 79' lang='grc' dir='ltr'>λαϐὼν</span> <span class='ocrx_word' id='word_1_672' title='bbox 3152 3920 3501 3992; x_wconf 77' lang='grc' dir='ltr'><strong>τεθνήξομαι.</strong></span> <span class='ocrx_word' id='word_1_673' title='bbox 3525 3918 3647 3990; x_wconf 65' lang='grc' dir='ltr'>Δίχα</span> 
     </span>
    </p>
   </div>
   <div class='ocr_carea' id='block_1_86' title="bbox 2062 4008 3645 4086">
    <p class='ocr_par' dir='ltr' id='par_1_86' title="bbox 2062 4008 3645 4086">
     <span class='ocr_line' id='line_1_86' title="bbox 2062 4008 3645 4086; baseline -0.004 -20"><span class='ocrx_word' id='word_1_674' title='bbox 2062 4013 2173 4086; x_wconf 85' lang='grc' dir='ltr'><strong>γὰρ</strong></span> <span class='ocrx_word' id='word_1_675' title='bbox 2209 4012 2529 4083; x_wconf 83' lang='grc' dir='ltr'><strong>Πνεύματος</strong></span> <span class='ocrx_word' id='word_1_676' title='bbox 2574 4012 2734 4068; x_wconf 73' lang='grc' dir='ltr'>αὐτοῦ</span> <span class='ocrx_word' id='word_1_677' title='bbox 2779 4015 2887 4078; x_wconf 72' lang='grc' dir='ltr'>πᾶς</span> <span class='ocrx_word' id='word_1_678' title='bbox 2940 4012 3150 4083; x_wconf 84' lang='grc' dir='ltr'><strong>νεκρός.</strong></span> <span class='ocrx_word' id='word_1_679' title='bbox 3213 4015 3279 4066; x_wconf 79' lang='grc' dir='ltr'><em>ΕΞ</em></span> <span class='ocrx_word' id='word_1_680' title='bbox 3337 4011 3544 4064; x_wconf 77' lang='grc' dir='ltr'><em>τοίνυν</em></span> <span class='ocrx_word' id='word_1_681' title='bbox 3584 4008 3645 4060; x_wconf 81' lang='lat' dir='ltr'><em>r6</em></span> 
     </span>
    </p>
   </div>
   <div class='ocr_carea' id='block_1_87' title="bbox 2064 4100 3648 4173">
    <p class='ocr_par' dir='ltr' id='par_1_87' title="bbox 2064 4100 3648 4173">
     <span class='ocr_line' id='line_1_87' title="bbox 2064 4100 3648 4173; baseline -0.002 -18"><span class='ocrx_word' id='word_1_682' title='bbox 2064 4103 2307 4171; x_wconf 79' lang='grc' dir='ltr'><strong>Πνεῦμα</strong></span> <span class='ocrx_word' id='word_1_683' title='bbox 2337 4101 2525 4157; x_wconf 83' lang='grc' dir='ltr'>αὑτοῦ</span> <span class='ocrx_word' id='word_1_684' title='bbox 2565 4103 2638 4156; x_wconf 83' lang='grc' dir='ltr'><em>ἐν</em></span> <span class='ocrx_word' id='word_1_685' title='bbox 2666 4102 2830 4172; x_wconf 77' lang='grc' dir='ltr'><em>ἡμῖν,</em></span> <span class='ocrx_word' id='word_1_686' title='bbox 2882 4106 2913 4157; x_wconf 84' lang='grc' dir='ltr'><strong>ό</strong></span> <span class='ocrx_word' id='word_1_687' title='bbox 2950 4103 3183 4173; x_wconf 77' lang='grc' dir='ltr'>ἐγείρας</span> <span class='ocrx_word' id='word_1_688' title='bbox 3230 4102 3422 4156; x_wconf 72' lang='grc' dir='ltr'><em>αὑτὸν</em></span> <span class='ocrx_word' id='word_1_689' title='bbox 3462 4100 3525 4154; x_wconf 75' lang='grc' dir='ltr'><strong>ἐκ</strong></span> <span class='ocrx_word' id='word_1_690' title='bbox 3556 4116 3648 4152; x_wconf 73' lang='grc' dir='ltr'><strong>γε·</strong></span> 
     </span>
    </p>
   </div>
   <div class='ocr_carea' id='block_1_88' title="bbox 2064 4192 3647 4267">
    <p class='ocr_par' dir='ltr' id='par_1_88' title="bbox 2064 4192 3647 4267">
     <span class='ocr_line' id='line_1_88' title="bbox 2064 4192 3647 4267; baseline -0.001 -20"><span class='ocrx_word' id='word_1_691' title='bbox 2064 4193 2231 4264; x_wconf 74' lang='grc' dir='ltr'><em>κρῶν</em></span> <span class='ocrx_word' id='word_1_692' title='bbox 2261 4195 2613 4262; x_wconf 70' lang='grc' dir='ltr'><em>ζὶοοποιήσει</em></span> <span class='ocrx_word' id='word_1_693' title='bbox 2640 4196 2713 4249; x_wconf 86' lang='grc' dir='ltr'><em>τὰ</em></span> <span class='ocrx_word' id='word_1_694' title='bbox 2736 4197 2924 4265; x_wconf 83' lang='grc' dir='ltr'><em>θνητὰ</em></span> <span class='ocrx_word' id='word_1_695' title='bbox 2961 4195 3205 4267; x_wconf 83' lang='grc' dir='ltr'><em>σώματα</em></span> <span class='ocrx_word' id='word_1_696' title='bbox 3234 4195 3408 4265; x_wconf 76' lang='grc' dir='ltr'><strong>ἡμῶν</strong></span> <span class='ocrx_word' id='word_1_697' title='bbox 3431 4194 3523 4248; x_wconf 75' lang='grc' dir='ltr'><strong>διὰ</strong></span> <span class='ocrx_word' id='word_1_698' title='bbox 3553 4192 3647 4246; x_wconf 83' lang='grc' dir='ltr'><strong>τοῦ</strong></span> 
     </span>
    </p>
   </div>
   <div class='ocr_carea' id='block_1_89' title="bbox 2067 4283 3647 4358">
    <p class='ocr_par' dir='ltr' id='par_1_89' title="bbox 2067 4283 3647 4358">
     <span class='ocr_line' id='line_1_89' title="bbox 2067 4283 3647 4358; baseline 0.003 -17"><span class='ocrx_word' id='word_1_699' title='bbox 2067 4288 2450 4355; x_wconf 81' lang='grc' dir='ltr'><em>ἐνοικοῦντος</em></span> <span class='ocrx_word' id='word_1_700' title='bbox 2501 4289 2854 4358; x_wconf 78' lang='grc' dir='ltr'><em>Πνεύματος</em></span> <span class='ocrx_word' id='word_1_701' title='bbox 2897 4288 3084 4342; x_wconf 82' lang='grc' dir='ltr'><em>αὐτοῦ</em></span> <span class='ocrx_word' id='word_1_702' title='bbox 3138 4288 3213 4341; x_wconf 77' lang='grc' dir='ltr'><em>ἐν</em></span> <span class='ocrx_word' id='word_1_703' title='bbox 3266 4286 3433 4357; x_wconf 76' lang='grc' dir='ltr'><strong>ἡμῖν.</strong></span> <span class='ocrx_word' id='word_1_704' title='bbox 3502 4283 3647 4345; x_wconf 72' lang='grc' dir='ltr'>Ἀλλ’.</span> 
     </span>
    </p>
   </div>
   <div class='ocr_carea' id='block_1_90' title="bbox 2072 4376 3649 4454">
    <p class='ocr_par' dir='ltr' id='par_1_90' title="bbox 2072 4376 3649 4454">
     <span class='ocr_line' id='line_1_90' title="bbox 2072 4376 3649 4454; baseline 0.004 -21"><span class='ocrx_word' id='word_1_705' title='bbox 2072 4376 2247 4451; x_wconf 76' lang='grc' dir='ltr'><strong>οἶμαι,</strong></span> <span class='ocrx_word' id='word_1_706' title='bbox 2274 4382 2562 4454; x_wconf 73' lang='grc' dir='ltr'>ἀμφότερα</span> <span class='ocrx_word' id='word_1_707' title='bbox 2603 4384 2852 4437; x_wconf 82' lang='grc' dir='ltr'><strong>κατοικεῖ</strong></span> <span class='ocrx_word' id='word_1_708' title='bbox 2881 4384 2938 4436; x_wconf 84' lang='grc' dir='ltr'><strong>ὲν</strong></span> <span class='ocrx_word' id='word_1_709' title='bbox 2977 4382 3054 4453; x_wconf 81' lang='grc' dir='ltr'><strong>τῷ</strong></span> <span class='ocrx_word' id='word_1_710' title='bbox 3091 4380 3306 4451; x_wconf 83' lang='grc' dir='ltr'><strong>δικαίῳ,</strong></span> <span class='ocrx_word' id='word_1_711' title='bbox 3353 4382 3382 4434; x_wconf 91' lang='lat'><strong>6</strong></span> <span class='ocrx_word' id='word_1_712' title='bbox 3435 4376 3649 4451; x_wconf 56' lang='grc' dir='ltr'><strong>Χριστὸς</strong></span> 
     </span>
    </p>
   </div>
   <div class='ocr_carea' id='block_1_91' title="bbox 381 4470 1947 4547">
    <p class='ocr_par' dir='ltr' id='par_1_91' title="bbox 381 4470 1947 4542">
     <span class='ocr_line' id='line_1_91' title="bbox 381 4470 1947 4542; baseline 0.002 -18"><span class='ocrx_word' id='word_1_713' title='bbox 381 4472 536 4538; x_wconf 80' lang='lat' dir='ltr'><strong>Quod</strong></span> <span class='ocrx_word' id='word_1_714' title='bbox 589 4472 635 4526; x_wconf 87' lang='lat' dir='ltr'><strong>si</strong></span> <span class='ocrx_word' id='word_1_715' title='bbox 671 4470 905 4538; x_wconf 77' lang='lat' dir='ltr'><strong>Spiritus</strong></span> <span class='ocrx_word' id='word_1_716' title='bbox 958 4473 1074 4541; x_wconf 81' lang='lat' dir='ltr'><strong>ejus</strong></span> <span class='ocrx_word' id='word_1_717' title='bbox 1112 4474 1171 4526; x_wconf 81' lang='lat' dir='ltr'><strong>in</strong></span> <span class='ocrx_word' id='word_1_718' title='bbox 1227 4472 1377 4526; x_wconf 84' lang='lat' dir='ltr'><strong>nobis</strong></span> <span class='ocrx_word' id='word_1_719' title='bbox 1424 4481 1540 4536; x_wconf 81' lang='lat' dir='ltr'><strong>est,</strong></span> <span class='ocrx_word' id='word_1_720' title='bbox 1583 4473 1671 4542; x_wconf 85' lang='lat' dir='ltr'><strong>qui</strong></span> <span class='ocrx_word' id='word_1_721' title='bbox 1723 4474 1947 4527; x_wconf 72' lang='lat' dir='ltr'><strong>excitavi</strong></span> 
     </span>
    </p>
   </div>
   <div class='ocr_carea' id='block_1_92' title="bbox 2094 4470 2734 4547">
    <p class='ocr_par' dir='ltr' id='par_1_92' title="bbox 2094 4473 2734 4547">
     <span class='ocr_line' id='line_1_92' title="bbox 2094 4473 2734 4547; baseline 0 -17"><span class='ocrx_word' id='word_1_722' title='bbox 2094 4478 2171 4530; x_wconf 57' lang='lat' dir='ltr'><strong>tul.</strong></span> <span class='ocrx_word' id='word_1_723' title='bbox 2197 4476 2260 4529; x_wconf 78' lang='grc' dir='ltr'>τὸ</span> <span class='ocrx_word' id='word_1_724' title='bbox 2290 4475 2515 4547; x_wconf 84' lang='grc' dir='ltr'>Πνεῦμα</span> <span class='ocrx_word' id='word_1_725' title='bbox 2544 4473 2734 4530; x_wconf 81' lang='grc' dir='ltr'>αὐτοῦ.</span> 
     </span>
    </p>
   </div>
   <div class='ocr_carea' id='block_1_93' title="bbox 343 4566 3649 4641">
    <p class='ocr_par' dir='ltr' id='par_1_93' title="bbox 343 4566 3649 4641">
     <span class='ocr_line' id='line_1_93' title="bbox 343 4566 3649 4641; baseline -0 -20"><span class='ocrx_word' id='word_1_726' title='bbox 343 4566 532 4622; x_wconf 78' lang='lat' dir='ltr'><strong>&#39;itlum</strong></span> <span class='ocrx_word' id='word_1_727' title='bbox 562 4584 599 4621; x_wconf 84' lang='grc' dir='ltr'><strong>α</strong></span> <span class='ocrx_word' id='word_1_728' title='bbox 633 4569 879 4631; x_wconf 76' lang='lat' dir='ltr'><strong>mortuis,</strong></span> <span class='ocrx_word' id='word_1_729' title='bbox 914 4568 1199 4637; x_wconf 78' lang='lat' dir='ltr'><strong>viviﬁcabit</strong></span> <span class='ocrx_word' id='word_1_730' title='bbox 1228 4568 1482 4622; x_wconf 83' lang='lat' dir='ltr'><strong>mortalia</strong></span> <span class='ocrx_word' id='word_1_731' title='bbox 1510 4578 1734 4636; x_wconf 85' lang='lat' dir='ltr'><strong>corpora</strong></span> <span class='ocrx_word' id='word_1_732' title='bbox 1780 4582 1964 4623; x_wconf 85' lang='lat' dir='ltr'><strong>nostra</strong></span> <span class='ocrx_word' id='word_1_733' title='bbox 2028 4586 2118 4640; x_wconf 82' lang='lat' dir='ltr'><strong>per</strong></span> <span class='ocrx_word' id='word_1_734' title='bbox 2155 4571 2539 4627; x_wconf 83' lang='lat' dir='ltr'><strong>inhabitantem</strong></span> <span class='ocrx_word' id='word_1_735' title='bbox 2591 4569 2849 4641; x_wconf 86' lang='lat' dir='ltr'><strong>Spiritum</strong></span> <span class='ocrx_word' id='word_1_736' title='bbox 2902 4571 3015 4641; x_wconf 78' lang='lat' dir='ltr'><strong>ejus</strong></span> <span class='ocrx_word' id='word_1_737' title='bbox 3066 4570 3119 4623; x_wconf 84' lang='lat' dir='ltr'><strong>in</strong></span> <span class='ocrx_word' id='word_1_738' title='bbox 3174 4570 3324 4624; x_wconf 83' lang='lat' dir='ltr'><strong>nobis</strong></span> <span class='ocrx_word' id='word_1_739' title='bbox 3361 4569 3429 4623; x_wconf 85' lang='grc'><strong>¹¹.</strong></span> <span class='ocrx_word' id='word_1_740' title='bbox 3475 4566 3649 4623; x_wconf 76' lang='lat' dir='ltr'><strong>Verum</strong></span> 
     </span>
    </p>
   </div>
   <div class='ocr_carea' id='block_1_94' title="bbox 384 4658 2491 4737">
    <p class='ocr_par' dir='ltr' id='par_1_94' title="bbox 384 4658 2491 4737">
     <span class='ocr_line' id='line_1_94' title="bbox 384 4658 2491 4737; baseline 0.002 -22"><span class='ocrx_word' id='word_1_741' title='bbox 384 4661 547 4716; x_wconf 84' lang='lat' dir='ltr'><strong>ambo</strong></span> <span class='ocrx_word' id='word_1_742' title='bbox 576 4660 630 4714; x_wconf 90' lang='lat' dir='ltr'><strong>in</strong></span> <span class='ocrx_word' id='word_1_743' title='bbox 655 4658 997 4737; x_wconf 69' lang='lat' dir='ltr'><strong>justo,891</strong></span> <span class='ocrx_word' id='word_1_744' title='bbox 1034 4668 1094 4714; x_wconf 91' lang='lat' dir='ltr'><strong>ut</strong></span> <span class='ocrx_word' id='word_1_745' title='bbox 1122 4661 1354 4730; x_wconf 90' lang='lat' dir='ltr'><strong>opinor,</strong></span> <span class='ocrx_word' id='word_1_746' title='bbox 1390 4661 1660 4724; x_wconf 87' lang='lat' dir='ltr'><strong>habitant,</strong></span> <span class='ocrx_word' id='word_1_747' title='bbox 1689 4660 1943 4718; x_wconf 85' lang='lat' dir='ltr'><strong>Christus</strong></span> <span class='ocrx_word' id='word_1_748' title='bbox 1972 4664 2201 4736; x_wconf 88' lang='lat' dir='ltr'><strong>ejusque</strong></span> <span class='ocrx_word' id='word_1_749' title='bbox 2229 4664 2491 4735; x_wconf 86' lang='lat' dir='ltr'><strong>Spiritus.</strong></span> 
     </span>
    </p>
   </div>
   <div class='ocr_carea' id='block_1_95' title="bbox 455 4774 1968 4850">
    <p class='ocr_par' dir='ltr' id='par_1_95' title="bbox 455 4774 1968 4850">
     <span class='ocr_line' id='line_1_95' title="bbox 455 4774 1968 4850; baseline -0.001 -14"><span class='ocrx_word' id='word_1_750' title='bbox 455 4781 545 4837; x_wconf 84' lang='lat' dir='ltr'><strong>IV.</strong></span> <span class='ocrx_word' id='word_1_751' title='bbox 576 4780 695 4835; x_wconf 84' lang='lat' dir='ltr'><strong>Jam</strong></span> <span class='ocrx_word' id='word_1_752' title='bbox 747 4794 878 4836; x_wconf 84' lang='lat' dir='ltr'><strong>vero</strong></span> <span class='ocrx_word' id='word_1_753' title='bbox 924 4793 1049 4833; x_wconf 91' lang='lat' dir='ltr'><strong>cum</strong></span> <span class='ocrx_word' id='word_1_754' title='bbox 1099 4774 1433 4835; x_wconf 50' lang='lat' dir='ltr'><strong>Christus&#39;a</strong></span> <span class='ocrx_word' id='word_1_755' title='bbox 1473 4778 1635 4833; x_wconf 84' lang='lat' dir='ltr'><strong>Patre</strong></span> <span class='ocrx_word' id='word_1_756' title='bbox 1669 4778 1968 4850; x_wconf 80' lang='lat' dir='ltr'><strong>profectus,</strong></span> 
     </span>
    </p>
   </div>
   <div class='ocr_carea' id='block_1_96' title="bbox 388 4869 1972 4942">
    <p class='ocr_par' dir='ltr' id='par_1_96' title="bbox 388 4869 1972 4942">
     <span class='ocr_line' id='line_1_96' title="bbox 388 4869 1972 4942; baseline -0.003 -12"><span class='ocrx_word' id='word_1_757' title='bbox 388 4874 532 4932; x_wconf 89' lang='lat' dir='ltr'><strong>Deus</strong></span> <span class='ocrx_word' id='word_1_758' title='bbox 584 4872 840 4929; x_wconf 86' lang='lat' dir='ltr'><strong>videlicet</strong></span> <span class='ocrx_word' id='word_1_759' title='bbox 888 4886 917 4925; x_wconf 94' lang='lat' dir='ltr'><strong>a</strong></span> <span class='ocrx_word' id='word_1_760' title='bbox 952 4870 1062 4927; x_wconf 90' lang='lat' dir='ltr'><strong>Deo</strong></span> <span class='ocrx_word' id='word_1_761' title='bbox 1112 4871 1400 4936; x_wconf 88' lang='lat' dir='ltr'><strong>credatur,</strong></span> <span class='ocrx_word' id='word_1_762' title='bbox 1431 4878 1487 4926; x_wconf 91' lang='lat' dir='ltr'><strong>et</strong></span> <span class='ocrx_word' id='word_1_763' title='bbox 1536 4869 1630 4925; x_wconf 89' lang='lat' dir='ltr'><strong>Dei</strong></span> <span class='ocrx_word' id='word_1_764' title='bbox 1670 4871 1908 4942; x_wconf 87' lang='lat' dir='ltr'><strong>Spiritus</strong></span> <span class='ocrx_word' id='word_1_765' title='bbox 1943 4888 1972 4926; x_wconf 91' lang='lat' dir='ltr'><strong>a</strong></span> 
     </span>
    </p>
   </div>
   <div class='ocr_carea' id='block_1_97' title="bbox 2142 4773 3646 4855">
    <p class='ocr_par' dir='ltr' id='par_1_97' title="bbox 2142 4773 3646 4855">
     <span class='ocr_line' id='line_1_97' title="bbox 2142 4773 3646 4855; baseline -0.008 -17"><span class='ocrx_word' id='word_1_766' title='bbox 2142 4786 2214 4838; x_wconf 86' lang='lat' dir='ltr'><strong>A&#39;.</strong></span> <span class='ocrx_word' id='word_1_767' title='bbox 2256 4785 2317 4838; x_wconf 86' lang='lat' dir='ltr'><strong>Ei</strong></span> <span class='ocrx_word' id='word_1_768' title='bbox 2349 4782 2406 4836; x_wconf 82' lang='grc' dir='ltr'><strong>δὲ</strong></span> <span class='ocrx_word' id='word_1_769' title='bbox 2436 4781 2670 4855; x_wconf 82' lang='grc' dir='ltr'><em>Χριστὸς</em></span> <span class='ocrx_word' id='word_1_770' title='bbox 2715 4782 2778 4836; x_wconf 81' lang='grc' dir='ltr'>ὲκ</span> <span class='ocrx_word' id='word_1_771' title='bbox 2810 4780 2905 4835; x_wconf 79' lang='grc' dir='ltr'>τοῦ</span> <span class='ocrx_word' id='word_1_772' title='bbox 2940 4780 3150 4852; x_wconf 80' lang='grc' dir='ltr'>Πατρὸς</span> <span class='ocrx_word' id='word_1_773' title='bbox 3186 4777 3505 4832; x_wconf 75' lang='grc' dir='ltr'><em>πιστεύεται</em></span> <span class='ocrx_word' id='word_1_774' title='bbox 3531 4773 3646 4836; x_wconf 74' lang='grc' dir='ltr'><strong>Θεὸς</strong></span> 
     </span>
    </p>
   </div>
   <div class='ocr_carea' id='block_1_98' title="bbox 2074 4866 3649 4944">
    <p class='ocr_par' dir='ltr' id='par_1_98' title="bbox 2074 4866 3649 4944">
     <span class='ocr_line' id='line_1_98' title="bbox 2074 4866 3649 4944; baseline -0.01 -14"><span class='ocrx_word' id='word_1_775' title='bbox 2074 4878 2136 4930; x_wconf 79' lang='grc' dir='ltr'>ὲκ</span> <span class='ocrx_word' id='word_1_776' title='bbox 2172 4875 2329 4942; x_wconf 80' lang='grc' dir='ltr'><em>Θεοῦ,</em></span> <span class='ocrx_word' id='word_1_777' title='bbox 2365 4876 2458 4928; x_wconf 82' lang='grc' dir='ltr'><strong>καὶ</strong></span> <span class='ocrx_word' id='word_1_778' title='bbox 2493 4874 2553 4928; x_wconf 84' lang='grc' dir='ltr'><strong>τὸ</strong></span> <span class='ocrx_word' id='word_1_779' title='bbox 2606 4875 2826 4944; x_wconf 81' lang='grc' dir='ltr'><strong>Πνεῦμα</strong></span> <span class='ocrx_word' id='word_1_780' title='bbox 2869 4872 3034 4926; x_wconf 79' lang='grc' dir='ltr'>αὐτοῦ</span> <span class='ocrx_word' id='word_1_781' title='bbox 3082 4874 3145 4926; x_wconf 75' lang='grc' dir='ltr'><strong>ἐκ</strong></span> <span class='ocrx_word' id='word_1_782' title='bbox 3189 4868 3284 4924; x_wconf 71' lang='grc' dir='ltr'>τοῦ</span> <span class='ocrx_word' id='word_1_783' title='bbox 3329 4866 3584 4940; x_wconf 71' lang='grc' dir='ltr'><strong>Χριστοῦ,</strong></span> <span class='ocrx_word' id='word_1_784' title='bbox 3610 4866 3649 4917; x_wconf 80' lang='grc' dir='ltr'><em>εξ</em></span> 
     </span>
    </p>
   </div>
   <div class='ocr_carea' id='block_1_99' title="bbox 388 4957 1947 5041">
    <p class='ocr_par' dir='ltr' id='par_1_99' title="bbox 388 4962 1947 5037">
     <span class='ocr_line' id='line_1_99' title="bbox 388 4962 1947 5037; baseline -0.006 -14"><span class='ocrx_word' id='word_1_785' title='bbox 388 4969 610 5023; x_wconf 86' lang='lat' dir='ltr'><strong>Christo</strong></span> <span class='ocrx_word' id='word_1_786' title='bbox 640 5005 654 5031; x_wconf 90' lang='lat'><strong>,</strong></span> <span class='ocrx_word' id='word_1_787' title='bbox 685 4975 874 5037; x_wconf 90' lang='lat' dir='ltr'><strong>utpote</strong></span> <span class='ocrx_word' id='word_1_788' title='bbox 910 4965 1003 5035; x_wconf 91' lang='lat' dir='ltr'><strong>qui</strong></span> <span class='ocrx_word' id='word_1_789' title='bbox 1039 4964 1108 5020; x_wconf 89' lang='lat' dir='ltr'><strong>ab</strong></span> <span class='ocrx_word' id='word_1_790' title='bbox 1139 4975 1374 5035; x_wconf 89' lang='lat' dir='ltr'><strong>utroque</strong></span> <span class='ocrx_word' id='word_1_791' title='bbox 1420 4963 1670 5035; x_wconf 88' lang='lat' dir='ltr'><strong>procedit</strong></span> <span class='ocrx_word' id='word_1_792' title='bbox 1690 5005 1703 5028; x_wconf 93' lang='lat'><strong>,</strong></span> <span class='ocrx_word' id='word_1_793' title='bbox 1746 4962 1799 5018; x_wconf 89' lang='lat' dir='ltr'><strong>id</strong></span> <span class='ocrx_word' id='word_1_794' title='bbox 1829 4979 1947 5035; x_wconf 52' lang='lat' dir='ltr'><strong>quot</strong></span> 
     </span>
    </p>
   </div>
   <div class='ocr_carea' id='block_1_100' title="bbox 2094 4957 3652 5041">
    <p class='ocr_par' dir='ltr' id='par_1_100' title="bbox 2094 4957 3652 5041">
     <span class='ocr_line' id='line_1_100' title="bbox 2094 4957 3652 5041; baseline -0.008 -18"><span class='ocrx_word' id='word_1_795' title='bbox 2094 4972 2203 5041; x_wconf 78' lang='grc' dir='ltr'>ταρ’</span> <span class='ocrx_word' id='word_1_796' title='bbox 2230 4968 2576 5041; x_wconf 75' lang='grc' dir='ltr'><strong>ἀμφοτέρων,</strong></span> <span class='ocrx_word' id='word_1_797' title='bbox 2608 4967 2683 5032; x_wconf 78' lang='grc' dir='ltr'><strong>ὣς</strong></span> <span class='ocrx_word' id='word_1_798' title='bbox 2721 4984 2886 5039; x_wconf 80' lang='grc' dir='ltr'><em>φησιν</em></span> <span class='ocrx_word' id='word_1_799' title='bbox 2922 4969 2949 5019; x_wconf 83' lang='grc' dir='ltr'>ὁ</span> <span class='ocrx_word' id='word_1_800' title='bbox 2984 4964 3319 5038; x_wconf 80' lang='grc' dir='ltr'><strong>Χριστὸς,“’0</strong></span> <span class='ocrx_word' id='word_1_801' title='bbox 3367 4960 3527 5031; x_wconf 76' lang='grc' dir='ltr'>παρὰ</span> <span class='ocrx_word' id='word_1_802' title='bbox 3566 4957 3652 5011; x_wconf 81' lang='grc' dir='ltr'><em>τοῦ</em></span> 
     </span>
    </p>
   </div>
   <div class='ocr_carea' id='block_1_101' title="bbox 387 5055 1977 5130">
    <p class='ocr_par' dir='ltr' id='par_1_101' title="bbox 387 5055 1977 5130">
     <span class='ocr_line' id='line_1_101' title="bbox 387 5055 1977 5130; baseline -0.003 -14"><span class='ocrx_word' id='word_1_803' title='bbox 387 5062 643 5117; x_wconf 89' lang='lat' dir='ltr'><strong>Christus</strong></span> <span class='ocrx_word' id='word_1_804' title='bbox 678 5060 794 5130; x_wconf 85' lang='lat' dir='ltr'><strong>ipse</strong></span> <span class='ocrx_word' id='word_1_805' title='bbox 838 5066 1115 5115; x_wconf 87' lang='lat' dir='ltr'><strong>testatur:</strong></span> <span class='ocrx_word' id='word_1_806' title='bbox 1153 5056 1311 5123; x_wconf 82' lang='lat' dir='ltr'><strong>Quia</strong></span> <span class='ocrx_word' id='word_1_807' title='bbox 1346 5056 1507 5111; x_wconf 87' lang='lat' dir='ltr'><strong>Patre</strong></span> <span class='ocrx_word' id='word_1_808' title='bbox 1532 5055 1851 5126; x_wconf 80' lang='lat' dir='ltr'><strong>procedit&quot;,</strong></span> <span class='ocrx_word' id='word_1_809' title='bbox 1891 5057 1977 5111; x_wconf 89' lang='lat' dir='ltr'><strong>in-</strong></span> 
     </span>
    </p>
   </div>
   <div class='ocr_carea' id='block_1_102' title="bbox 390 5149 1978 5224">
    <p class='ocr_par' dir='ltr' id='par_1_102' title="bbox 390 5149 1978 5224">
     <span class='ocr_line' id='line_1_102' title="bbox 390 5149 1978 5224; baseline -0.002 -16"><span class='ocrx_word' id='word_1_810' title='bbox 390 5154 529 5224; x_wconf 88' lang='lat' dir='ltr'><strong>quit,</strong></span> <span class='ocrx_word' id='word_1_811' title='bbox 558 5163 611 5209; x_wconf 92' lang='lat' dir='ltr'><strong>et</strong></span> <span class='ocrx_word' id='word_1_812' title='bbox 638 5171 649 5207; x_wconf 95' lang='lat'>:</span> <span class='ocrx_word' id='word_1_813' title='bbox 677 5151 781 5205; x_wconf 87' lang='lat' dir='ltr'><strong>Hic</strong></span> <span class='ocrx_word' id='word_1_814' title='bbox 807 5151 871 5205; x_wconf 87' lang='lat' dir='ltr'><strong>de</strong></span> <span class='ocrx_word' id='word_1_815' title='bbox 899 5167 1011 5205; x_wconf 87' lang='lat' dir='ltr'><strong>meo</strong></span> <span class='ocrx_word' id='word_1_816' title='bbox 1042 5151 1258 5219; x_wconf 85' lang='lat' dir='ltr'><strong>accipiet</strong></span> <span class='ocrx_word' id='word_1_817' title='bbox 1276 5149 1356 5205; x_wconf 78' lang='lat' dir='ltr'><strong>&quot;z</strong></span> <span class='ocrx_word' id='word_1_818' title='bbox 1394 5166 1629 5221; x_wconf 88' lang='lat' dir='ltr'><strong>cumque</strong></span> <span class='ocrx_word' id='word_1_819' title='bbox 1658 5149 1915 5205; x_wconf 90' lang='lat' dir='ltr'><strong>Christus</strong></span> <span class='ocrx_word' id='word_1_820' title='bbox 1949 5167 1978 5205; x_wconf 91' lang='lat' dir='ltr'><strong>e</strong></span> 
     </span>
    </p>
   </div>
   <div class='ocr_carea' id='block_1_103' title="bbox 396 5242 1983 5315">
    <p class='ocr_par' dir='ltr' id='par_1_103' title="bbox 396 5242 1983 5315">
     <span class='ocr_line' id='line_1_103' title="bbox 396 5242 1983 5315; baseline 0 -18"><span class='ocrx_word' id='word_1_821' title='bbox 396 5246 603 5315; x_wconf 85' lang='lat' dir='ltr'><strong>Spiritu</strong></span> <span class='ocrx_word' id='word_1_822' title='bbox 629 5253 819 5299; x_wconf 89' lang='lat' dir='ltr'><strong>sancto</strong></span> <span class='ocrx_word' id='word_1_823' title='bbox 860 5253 1025 5298; x_wconf 89' lang='lat' dir='ltr'><strong>natus</strong></span> <span class='ocrx_word' id='word_1_824' title='bbox 1060 5243 1131 5297; x_wconf 84' lang='lat' dir='ltr'><strong>sit</strong></span> <span class='ocrx_word' id='word_1_825' title='bbox 1162 5261 1177 5299; x_wconf 84' lang='lat'><strong>:</strong></span> <span class='ocrx_word' id='word_1_826' title='bbox 1213 5242 1367 5310; x_wconf 85' lang='lat' dir='ltr'><strong>Quod</strong></span> <span class='ocrx_word' id='word_1_827' title='bbox 1400 5244 1535 5297; x_wconf 84' lang='lat' dir='ltr'><strong>enim</strong></span> <span class='ocrx_word' id='word_1_828' title='bbox 1568 5243 1621 5296; x_wconf 88' lang='lat' dir='ltr'><strong>in</strong></span> <span class='ocrx_word' id='word_1_829' title='bbox 1645 5242 1764 5312; x_wconf 86' lang='lat' dir='ltr'><strong>ipsa</strong></span> <span class='ocrx_word' id='word_1_830' title='bbox 1791 5252 1889 5304; x_wconf 86' lang='lat' dir='ltr'><strong>est,</strong></span> <span class='ocrx_word' id='word_1_831' title='bbox 1920 5242 1983 5297; x_wconf 86' lang='lat' dir='ltr'><strong>de</strong></span> 
     </span>
    </p>
   </div>
   <div class='ocr_carea' id='block_1_104' title="bbox 399 5333 1979 5408">
    <p class='ocr_par' dir='ltr' id='par_1_104' title="bbox 399 5333 1979 5408">
     <span class='ocr_line' id='line_1_104' title="bbox 399 5333 1979 5408; baseline 0.001 -18"><span class='ocrx_word' id='word_1_832' title='bbox 399 5337 601 5404; x_wconf 85' lang='lat' dir='ltr'><strong>Spiritu</strong></span> <span class='ocrx_word' id='word_1_833' title='bbox 630 5346 812 5391; x_wconf 88' lang='lat' dir='ltr'><strong>sancto</strong></span> <span class='ocrx_word' id='word_1_834' title='bbox 844 5350 1027 5389; x_wconf 83' lang='lat' dir='ltr'><strong>natum</strong></span> <span class='ocrx_word' id='word_1_835' title='bbox 1056 5345 1134 5391; x_wconf 86' lang='lat' dir='ltr'><strong>est</strong></span> <span class='ocrx_word' id='word_1_836' title='bbox 1158 5377 1173 5401; x_wconf 92' lang='lat'><strong>,</strong></span> <span class='ocrx_word' id='word_1_837' title='bbox 1221 5344 1281 5391; x_wconf 91' lang='lat' dir='ltr'><strong>ut</strong></span> <span class='ocrx_word' id='word_1_838' title='bbox 1313 5338 1489 5408; x_wconf 79' lang='lat' dir='ltr'><strong>angeli</strong></span> <span class='ocrx_word' id='word_1_839' title='bbox 1533 5335 1714 5391; x_wconf 83' lang='lat' dir='ltr'><strong>verbis</strong></span> <span class='ocrx_word' id='word_1_840' title='bbox 1750 5333 1872 5389; x_wconf 87' lang='lat' dir='ltr'><strong>utar</strong></span> <span class='ocrx_word' id='word_1_841' title='bbox 1897 5335 1979 5391; x_wconf 75' lang='lat'><strong>”:</strong></span> 
     </span>
    </p>
   </div>
   <div class='ocr_carea' id='block_1_105' title="bbox 481 5515 1580 5583">
    <p class='ocr_par' dir='ltr' id='par_1_105' title="bbox 481 5515 1580 5583">
     <span class='ocr_line' id='line_1_105' title="bbox 481 5515 1580 5583; baseline 0.017 -18"><span class='ocrx_word' id='word_1_842' title='bbox 481 5516 495 5545; x_wconf 88' lang='grc'>¹</span> <span class='ocrx_word' id='word_1_843' title='bbox 536 5515 691 5569; x_wconf 84' lang='lat' dir='ltr'><strong>Deut.</strong></span> <span class='ocrx_word' id='word_1_844' title='bbox 734 5535 906 5579; x_wconf 71' lang='lat' dir='ltr'><strong>xxx&quot;.</strong></span> <span class='ocrx_word' id='word_1_845' title='bbox 935 5520 990 5573; x_wconf 67' lang='lat'><strong>9.</strong></span> <span class='ocrx_word' id='word_1_846' title='bbox 1099 5519 1118 5548; x_wconf 83' lang='lat'><strong>’</strong></span> <span class='ocrx_word' id='word_1_847' title='bbox 1162 5517 1303 5573; x_wconf 78' lang='lat' dir='ltr'><strong>Psal.</strong></span> <span class='ocrx_word' id='word_1_848' title='bbox 1337 5537 1484 5583; x_wconf 52' lang='lat' dir='ltr'><strong>LXXI.</strong></span> <span class='ocrx_word' id='word_1_849' title='bbox 1526 5519 1580 5573; x_wconf 80' lang='grc'><strong>6·</strong></span> 
     </span>
    </p>
   </div>
   <div class='ocr_carea' id='block_1_106' title="bbox 2078 5045 3653 5130">
    <p class='ocr_par' dir='ltr' id='par_1_106' title="bbox 2078 5045 3653 5130">
     <span class='ocr_line' id='line_1_106' title="bbox 2078 5045 3653 5130; baseline -0.009 -15"><span class='ocrx_word' id='word_1_850' title='bbox 2078 5060 2306 5130; x_wconf 73' lang='grc' dir='ltr'>Πατρός</span> <span class='ocrx_word' id='word_1_851' title='bbox 2352 5056 2766 5130; x_wconf 71' lang='grc' dir='ltr'><strong>ἐκπορεύεταὶο</strong></span> <span class='ocrx_word' id='word_1_852' title='bbox 2816 5059 2909 5112; x_wconf 75' lang='grc' dir='ltr'><strong>καὶ</strong></span> <span class='ocrx_word' id='word_1_853' title='bbox 2942 5098 2956 5122; x_wconf 94' lang='grc'><em>,</em></span> <span class='ocrx_word' id='word_1_854' title='bbox 3019 5052 3207 5121; x_wconf 85' lang='grc' dir='ltr'><em>Οὗτος</em></span> <span class='ocrx_word' id='word_1_855' title='bbox 3258 5055 3333 5107; x_wconf 82' lang='grc' dir='ltr'><strong><em>ἐκ</em></strong></span> <span class='ocrx_word' id='word_1_856' title='bbox 3374 5052 3485 5106; x_wconf 82' lang='grc' dir='ltr'><em>τοῦ</em></span> <span class='ocrx_word' id='word_1_857' title='bbox 3530 5045 3653 5117; x_wconf 77' lang='grc' dir='ltr'><strong>ἐμοῦ</strong></span> 
     </span>
    </p>
   </div>
   <div class='ocr_carea' id='block_1_107' title="bbox 2086 5138 3651 5218">
    <p class='ocr_par' dir='ltr' id='par_1_107' title="bbox 2086 5138 3651 5218">
     <span class='ocr_line' id='line_1_107' title="bbox 2086 5138 3651 5218; baseline -0.005 -15"><span class='ocrx_word' id='word_1_858' title='bbox 2086 5146 2372 5216; x_wconf 61' lang='grc' dir='ltr'><strong>λήψεταν</strong></span> <span class='ocrx_word' id='word_1_859' title='bbox 2405 5150 2432 5201; x_wconf 88' lang='lat'><strong>6</strong></span> <span class='ocrx_word' id='word_1_860' title='bbox 2456 5147 2511 5200; x_wconf 80' lang='grc' dir='ltr'>δὲ</span> <span class='ocrx_word' id='word_1_861' title='bbox 2534 5148 2768 5218; x_wconf 78' lang='grc' dir='ltr'><em>Χριστὸς</em></span> <span class='ocrx_word' id='word_1_862' title='bbox 2792 5148 2855 5200; x_wconf 84' lang='grc' dir='ltr'><strong>ὲκ</strong></span> <span class='ocrx_word' id='word_1_863' title='bbox 2885 5147 3202 5217; x_wconf 73' lang='grc' dir='ltr'><strong>Πνεῦματος</strong></span> <span class='ocrx_word' id='word_1_864' title='bbox 3232 5143 3390 5212; x_wconf 82' lang='grc' dir='ltr'>ἁγίου</span> <span class='ocrx_word' id='word_1_865' title='bbox 3411 5160 3425 5173; x_wconf 79' lang='grc'><em>’</em></span> <span class='ocrx_word' id='word_1_866' title='bbox 3466 5140 3535 5196; x_wconf 83' lang='grc' dir='ltr'><strong>Τὸ</strong></span> <span class='ocrx_word' id='word_1_867' title='bbox 3562 5138 3651 5208; x_wconf 74' lang='grc' dir='ltr'>γὰρ</span> 
     </span>
    </p>
   </div>
   <div class='ocr_carea' id='block_1_108' title="bbox 2086 5232 3651 5311">
    <p class='ocr_par' dir='ltr' id='par_1_108' title="bbox 2086 5232 3651 5311">
     <span class='ocr_line' id='line_1_108' title="bbox 2086 5232 3651 5311; baseline -0.009 -14"><span class='ocrx_word' id='word_1_868' title='bbox 2086 5243 2157 5297; x_wconf 82' lang='grc' dir='ltr'><em>ἐν</em></span> <span class='ocrx_word' id='word_1_869' title='bbox 2194 5240 2369 5309; x_wconf 72' lang='grc' dir='ltr'>αὐτῇ,</span> <span class='ocrx_word' id='word_1_870' title='bbox 2419 5241 2602 5311; x_wconf 76' lang='grc' dir='ltr'><em>φησὶν,</em></span> <span class='ocrx_word' id='word_1_871' title='bbox 2640 5241 2711 5294; x_wconf 81' lang='grc' dir='ltr'><strong>ἐκ</strong></span> <span class='ocrx_word' id='word_1_872' title='bbox 2776 5241 3120 5309; x_wconf 84' lang='grc' dir='ltr'><em>Πνεύματος</em></span> <span class='ocrx_word' id='word_1_873' title='bbox 3176 5237 3390 5308; x_wconf 73' lang='grc' dir='ltr'>ἁγίου,</span> <span class='ocrx_word' id='word_1_874' title='bbox 3447 5232 3651 5303; x_wconf 69' lang='grc' dir='ltr'>ἀγγέλου</span> 
     </span>
    </p>
   </div>
   <div class='ocr_carea' id='block_1_109' title="bbox 2093 5328 3650 5407">
    <p class='ocr_par' dir='ltr' id='par_1_109' title="bbox 2093 5328 3650 5407">
     <span class='ocr_line' id='line_1_109' title="bbox 2093 5328 3650 5407; baseline -0.008 -18"><span class='ocrx_word' id='word_1_875' title='bbox 2093 5336 2270 5407; x_wconf 76' lang='grc' dir='ltr'><strong>φωνή·</strong></span> <span class='ocrx_word' id='word_1_876' title='bbox 2306 5332 2468 5387; x_wconf 80' lang='grc' dir='ltr'>συνίω</span> <span class='ocrx_word' id='word_1_877' title='bbox 2509 5333 2569 5387; x_wconf 80' lang='grc' dir='ltr'>τὸ</span> <span class='ocrx_word' id='word_1_878' title='bbox 2619 5333 2982 5406; x_wconf 83' lang='grc' dir='ltr'>λυτρούμενόν</span> <span class='ocrx_word' id='word_1_879' title='bbox 3014 5350 3079 5404; x_wconf 85' lang='grc' dir='ltr'><em>με</em></span> <span class='ocrx_word' id='word_1_880' title='bbox 3118 5332 3443 5403; x_wconf 81' lang='grc' dir='ltr'>μυστήριον,</span> <span class='ocrx_word' id='word_1_881' title='bbox 3477 5328 3650 5383; x_wconf 79' lang='grc' dir='ltr'><em>πίστει,</em></span> 
     </span>
    </p>
   </div>
   <div class='ocr_carea' id='block_1_110' title="bbox 1688 5488 1947 5584">
    <p class='ocr_par' dir='ltr' id='par_1_110' title="bbox 1688 5488 1947 5571">
     <span class='ocr_line' id='line_1_110' title="bbox 1688 5488 1947 5571; baseline -0.015 0"><span class='ocrx_word' id='word_1_882' title='bbox 1688 5516 1707 5550; x_wconf 86' lang='grc'><em>³</em></span> <span class='ocrx_word' id='word_1_883' title='bbox 1742 5488 1882 5571; x_wconf 50' lang='grc' dir='ltr'><strong>Ἰμυρ.</strong></span> <span class='ocrx_word' id='word_1_884' title='bbox 1922 5533 1947 5569; x_wconf 47' lang='grc' dir='ltr'><strong>ιη</strong></span> 
     </span>
    </p>
   </div>
   <div class='ocr_carea' id='block_1_111' title="bbox 2094 5488 3648 5584">
    <p class='ocr_par' dir='ltr' id='par_1_111' title="bbox 2094 5503 3648 5584">
     <span class='ocr_line' id='line_1_111' title="bbox 2094 5503 3648 5584; baseline -0.005 -17"><span class='ocrx_word' id='word_1_885' title='bbox 2094 5530 2211 5583; x_wconf 82' lang='lat' dir='ltr'><strong>sqq.</strong></span> <span class='ocrx_word' id='word_1_886' title='bbox 2290 5520 2312 5551; x_wconf 68' lang='grc' dir='ltr'>ι</span> <span class='ocrx_word' id='word_1_887' title='bbox 2353 5514 2630 5584; x_wconf 83' lang='lat' dir='ltr'><strong>Philip.lt.</strong></span> <span class='ocrx_word' id='word_1_888' title='bbox 2661 5513 2713 5565; x_wconf 89' lang='lat'><strong>7.</strong></span> <span class='ocrx_word' id='word_1_889' title='bbox 2791 5513 2816 5584; x_wconf 14' lang='lat'><strong>‘7</strong></span> <span class='ocrx_word' id='word_1_890' title='bbox 2851 5510 3053 5584; x_wconf 13' lang='lat' dir='ltr'><strong>Lucil,</strong></span> <span class='ocrx_word' id='word_1_891' title='bbox 3082 5508 3201 5584; x_wconf 26' lang='grc' dir='ltr'><strong>ἄξι’</strong></span> <span class='ocrx_word' id='word_1_892' title='bbox 3247 5510 3267 5584; x_wconf 60' lang='grc' dir='ltr'><strong>ξ</strong></span> <span class='ocrx_word' id='word_1_893' title='bbox 3305 5508 3462 5561; x_wconf 86' lang='lat' dir='ltr'><strong>.Ioan.</strong></span> <span class='ocrx_word' id='word_1_894' title='bbox 3488 5503 3648 5584; x_wconf 59' lang='grc' dir='ltr'><strong>τμξξι</strong></span> 
     </span>
    </p>
   </div>
   <div class='ocr_carea' id='block_1_112' title="bbox 404 5572 3649 5652">
    <p class='ocr_par' dir='ltr' id='par_1_112' title="bbox 404 5572 3649 5652">
     <span class='ocr_line' id='line_1_112' title="bbox 404 5572 3649 5652; baseline -0.004 -15"><span class='ocrx_word' id='word_1_895' title='bbox 404 5584 425 5604; x_wconf 88' lang='grc'><em>’</em></span> <span class='ocrx_word' id='word_1_896' title='bbox 469 5584 641 5638; x_wconf 70' lang='lat' dir='ltr'><strong>Exod.</strong></span> <span class='ocrx_word' id='word_1_897' title='bbox 698 5604 822 5651; x_wconf 74' lang='lat' dir='ltr'><strong>xxx,</strong></span> <span class='ocrx_word' id='word_1_898' title='bbox 857 5572 988 5641; x_wconf 36' lang='grc' dir='ltr'><strong>ἓξὲξ</strong></span> <span class='ocrx_word' id='word_1_899' title='bbox 1024 5590 1045 5619; x_wconf 79' lang='grc'>⁸</span> <span class='ocrx_word' id='word_1_900' title='bbox 1083 5586 1240 5643; x_wconf 86' lang='lat' dir='ltr'><strong>Joan.</strong></span> <span class='ocrx_word' id='word_1_901' title='bbox 1277 5572 1484 5652; x_wconf 52' lang='lat' dir='ltr'><strong>xv,</strong></span> <span class='ocrx_word' id='word_1_902' title='bbox 1526 5592 1546 5621; x_wconf 70' lang='grc'><strong>³</strong></span> <span class='ocrx_word' id='word_1_903' title='bbox 1584 5588 1741 5642; x_wconf 80' lang='lat' dir='ltr'><strong>Joan.</strong></span> <span class='ocrx_word' id='word_1_904' title='bbox 1795 5605 1867 5646; x_wconf 83' lang='lat' dir='ltr'><strong>tv,</strong></span> <span class='ocrx_word' id='word_1_905' title='bbox 1931 5572 2011 5640; x_wconf 74' lang='lat' dir='ltr'><strong>l3.</strong></span> <span class='ocrx_word' id='word_1_906' title='bbox 2093 5572 2333 5639; x_wconf 54' lang='lat' dir='ltr'><strong>“diem.</strong></span> <span class='ocrx_word' id='word_1_907' title='bbox 2387 5572 2512 5645; x_wconf 63' lang='lat' dir='ltr'><strong>rm:</strong></span> <span class='ocrx_word' id='word_1_908' title='bbox 2560 5584 2625 5638; x_wconf 70' lang='grc'><strong>14</strong></span> <span class='ocrx_word' id='word_1_909' title='bbox 2726 5583 2763 5613; x_wconf 89' lang='grc'>¹¹</span> <span class='ocrx_word' id='word_1_910' title='bbox 2810 5583 2938 5636; x_wconf 85' lang='lat' dir='ltr'><strong>ibid.</strong></span> <span class='ocrx_word' id='word_1_911' title='bbox 2996 5572 3078 5636; x_wconf 84' lang='lat' dir='ltr'><strong>Il.</strong></span> <span class='ocrx_word' id='word_1_912' title='bbox 3163 5581 3205 5611; x_wconf 84' lang='lat'>“</span> <span class='ocrx_word' id='word_1_913' title='bbox 3241 5579 3400 5652; x_wconf 66' lang='lat' dir='ltr'><strong>Jgan.</strong></span> <span class='ocrx_word' id='word_1_914' title='bbox 3449 5595 3534 5652; x_wconf 59' lang='lat' dir='ltr'><strong>sv,</strong></span> <span class='ocrx_word' id='word_1_915' title='bbox 3578 5572 3649 5629; x_wconf 70' lang='lat' dir='ltr'><strong>E8.</strong></span> 
     </span>
    </p>
   </div>
   <div class='ocr_carea' id='block_1_113' title="bbox 408 5653 1029 5723">
    <p class='ocr_par' dir='ltr' id='par_1_113' title="bbox 408 5653 1029 5723">
     <span class='ocr_line' id='line_1_113' title="bbox 408 5653 1029 5723; baseline 0.003 -12"><span class='ocrx_word' id='word_1_916' title='bbox 408 5661 457 5687; x_wconf 79' lang='lat'>&quot;</span> <span class='ocrx_word' id='word_1_917' title='bbox 494 5653 648 5711; x_wconf 79' lang='lat' dir='ltr'><strong>Joan.</strong></span> <span class='ocrx_word' id='word_1_918' title='bbox 676 5673 785 5723; x_wconf 74' lang='lat' dir='ltr'><strong>XVI,</strong></span> <span class='ocrx_word' id='word_1_919' title='bbox 826 5658 908 5723; x_wconf 75' lang='lat' dir='ltr'><strong>Ii,</strong></span> <span class='ocrx_word' id='word_1_920' title='bbox 948 5659 1029 5713; x_wconf 77' lang='grc'><strong>15.</strong></span> 
     </span>
    </p>
   </div>
   <div class='ocr_carea' id='block_1_114' title="bbox 1110 5657 2047 5728">
    <p class='ocr_par' dir='ltr' id='par_1_114' title="bbox 1110 5657 2047 5728">
     <span class='ocr_line' id='line_1_114' title="bbox 1110 5657 2047 5728; baseline -0.002 -15"><span class='ocrx_word' id='word_1_921' title='bbox 1110 5659 1150 5689; x_wconf 78' lang='lat'>“</span> <span class='ocrx_word' id='word_1_922' title='bbox 1192 5658 1378 5715; x_wconf 77' lang='lat' dir='ltr'><strong>Matth.</strong></span> <span class='ocrx_word' id='word_1_923' title='bbox 1419 5659 1575 5727; x_wconf 73' lang='lat'><strong>1,20.</strong></span> <span class='ocrx_word' id='word_1_924' title='bbox 1656 5660 1699 5691; x_wconf 71' lang='grc'><strong>⁸⁵</strong></span> <span class='ocrx_word' id='word_1_925' title='bbox 1738 5657 1800 5714; x_wconf 86' lang='lat' dir='ltr'><strong>F.</strong></span> <span class='ocrx_word' id='word_1_926' title='bbox 1830 5658 1906 5728; x_wconf 73' lang='grc' dir='ltr'>τῷ</span> <span class='ocrx_word' id='word_1_927' title='bbox 1936 5657 2047 5727; x_wconf 75' lang='grc' dir='ltr'><strong>δέχ.</strong></span> 
     </span>
    </p>
   </div>
   <div class='ocr_carea' id='block_1_115' title="bbox 2152 5647 3521 5725">
    <p class='ocr_par' dir='ltr' id='par_1_115' title="bbox 2152 5647 3521 5725">
     <span class='ocr_line' id='line_1_115' title="bbox 2152 5647 3521 5725; baseline -0.008 -13"><span class='ocrx_word' id='word_1_928' title='bbox 2152 5658 2193 5689; x_wconf 75' lang='grc' dir='ltr'><strong>¹θ</strong></span> <span class='ocrx_word' id='word_1_929' title='bbox 2234 5655 2294 5711; x_wconf 78' lang='lat' dir='ltr'><strong>F.</strong></span> <span class='ocrx_word' id='word_1_930' title='bbox 2330 5655 2420 5711; x_wconf 75' lang='grc' dir='ltr'><strong>τοῦ</strong></span> <span class='ocrx_word' id='word_1_931' title='bbox 2451 5657 2525 5710; x_wconf 81' lang='grc' dir='ltr'><strong>δέ.</strong></span> <span class='ocrx_word' id='word_1_932' title='bbox 2608 5656 2647 5687; x_wconf 77' lang='grc'><strong>¹⁷</strong></span> <span class='ocrx_word' id='word_1_933' title='bbox 2689 5652 2750 5708; x_wconf 67' lang='grc' dir='ltr'><strong>ι’.</strong></span> <span class='ocrx_word' id='word_1_934' title='bbox 2785 5654 3109 5725; x_wconf 81' lang='grc' dir='ltr'>γεννήσασα.</span> <span class='ocrx_word' id='word_1_935' title='bbox 3188 5652 3232 5689; x_wconf 73' lang='grc'><strong>⁸³</strong></span> <span class='ocrx_word' id='word_1_936' title='bbox 3273 5647 3332 5705; x_wconf 77' lang='lat' dir='ltr'><strong>F.</strong></span> <span class='ocrx_word' id='word_1_937' title='bbox 3367 5648 3521 5719; x_wconf 79' lang='grc' dir='ltr'>ἁγίῳ.</span> 
     </span>
    </p>
   </div>
  </div>
