3798 6212
157 336 254 391 481

758 331 1129 390 ADVERSUS
1167 333 1510 391 HERESES
1547 335 1675 391 LIB.
1711 337 1716 390 ί

1831 323 2002 412 _To‘.\t.
2047 337 2086 392 ι.
2127 368 2194 380 -
2235 335 2508 394 ΙΙΑΞΒΕΒ.
2551 338 2784 395 Lxxw.

3311 347 3426 408 {82

155 459 292 527 ἀπιοῆ
339 455 496 529 μόνῃ,
542 454 694 525 φιλίᾳ
739 457 805 526 τῇ
859 455 996 528 πρὸς
1039 455 1130 508 τὸν
1173 455 1392 510 ἐλθόντα
1445 459 1580 529 πρὸς
1617 459 1716 530 ἐμέ

1845 460 2161 530 mysterium
2207 459 2336 514 illud
2365 498 2378 524 ,
2412 473 2508 530 per
2553 461 2699 530 quod
2755 477 2876 518 sunt
2927 463 3282 536 redemptus,
3320 468 3422 524 ﬁdo

169 545 389 602 Ἑαυτὸν
425 547 533 618 γὰρ
569 547 598 598 6
640 545 770 609 Θεὸς
803 545 1091 615 γινώσκει,
1139 549 1332 602 ἑαυτὸν
1367 551 1598 622 Χριστὸς
1637 569 1738 623 κη-

157 639 360 709 ρύττει,
399 638 562 692 ἑαυτὸ
609 639 662 692 ιδ
701 637 926 710 Πνεῦμα
951 640 1012 693 τὸ
1051 641 1204 710 ἅγιον
1229 642 1380 715 δηλοί
1409 645 1520 708 τοῖς
1547 644 1736 712 ἀξίοις.

165 729 254 782 Ἑν
291 729 534 800 Γραφαϊς
591 723 648 783 δὲ
698 731 884 799 ἁγίαις
923 732 1096 804 Τριὰς
1132 735 1264 804 ἡμῖν
1314 736 1739 806 καταγγέλλεται

151 822 245 873 καὶ
286 821 620 887 πιστεύεται,
653 823 1019 896 ἀπεριέργως,
1064 825 1422 895 ἀφιλονείκως
1445 830 1486 894 ⁸,
1547 829 1741 902 συνθη-

155 911 344 981 μάτων
369 915 582 978 ἀκοαῖς.
620 913 714 968 Ἐκ
737 915 974 980 πίστεως
1007 915 1064 972 δὲ
1111 917 1282 990 αὐτῆς
1308 921 1340 988 ἡ
1373 921 1614 992 σωτηρία
1641 923 1740 992 τῆς

149 1003 410 1075 χάριτοςο
439 1007 504 1059 ἐκ
535 1005 770 1070 πίστεως
807 1007 846 1078 ἡ·
882 1007 1194 1080 δικαιοσύνη
1235 1013 1406 1084 χωρὶς
1450 1011 1624 1083 ἔργων
1654 1014 1748 1069 v6-

153 1114 256 1166 μου
301 1097 631 1170 γέγραπται,
683 1099 744 1165 ἐξ
786 1100 960 1170 ἀκοῆς
1001 1101 1240 1166 πίστεως
1279 1103 1340 1158 τὸ
1376 1103 1600 1175 Πνεῦμα
1645 1104 1736 1158 τοῦ

151 1189 394 1262 Χριστοῦ
470 1189 748 1245 δίδοσθαι³
789 1193 904 1256 τοῖς
959 1191 1307 1265 σωζομένοις.
1359 1197 1548 1261 Πίστις
1598 1198 1654 1250 δὲ
1703 1197 1736 1269 ἡ

149 1282 380 1336 καθόλου
408 1281 662 1355 κηρύκων
685 1287 890 1353 φωναῖς
919 1283 1058 1356 αὕτη
1089 1303 1156 1356 ση
1165 1286 1434 1356 μαίνεται,
1459 1288 1532 1350 ὡς
1563 1289 1736 1358 ἔγωγε

147 1370 732 1445 οἷμαι,καιηχοῦμενος
763 1376 830 1429 ἐκ
853 1377 1102 1447 Γραφῶν,
1125 1379 1254 1449 τρία
1282 1378 1432 1447 ἅγια,
1461 1380 1586 1451 τρία
1615 1397 1739 1435 συν-

149 1468 302 1535 ἅγια,
325 1467 452 1537 τρία
491 1467 764 1538 ὑπαρκτὰ,
792 1469 918 1539 τρία
959 1468 1332 1541 συνύπαρκτα,
1363 1471 1488 1543 τρία
1531 1473 1744 1544 ἔμμορο-

149 1575 246 1626 qm,
267 1557 396 1628 τρία
428 1557 746 1630 σῦμμορφα,
781 1559 907 1630 τρία
935 1559 1154 1632 ἐνεργὰ,
1172 1561 1296 1635 τρία
1326 1565 1578 1634 συνεργὰ,
1611 1566 1738 1636 τρία

147 1650 523 1714 ἐνυπόστατα,
578 1649 706 1721 τρία
757 1652 1138 1706 συνυπόστατα
1195 1653 1444 1726 ἀλλήλοις
1487 1656 1732 1710 συνόντα.

145 1739 318 1811 Τριὰς
350 1738 487 1810 αῦτη
525 1739 653 1810 ἁγία
679 1741 944 1808 καλεῖται,
983 1744 1110 1814 τρία
1157 1743 1307 1808 ὄντα,
1361 1746 1460 1816 μία
1509 1763 1734 1818 συμφω-

1844 559 2008 621 atque
2035 551 2223 606 auditu
2257 551 2524 606 duntaxat
2575 553 2821 624 intelligo
2845 596 2860 621 ,
2909 562 3022 609 tum
3059 571 3248 614 amore
3291 575 3418 628 erga

1842 641 1991 696 illum
2034 658 2098 698 ac
2131 644 2530 710 benevolentia,
2562 645 2654 716 qui
2691 646 2756 701 ad
2789 661 2875 702 me
2907 663 3083 718 usque
3111 649 3416 705 descendit.

1841 730 1984 788 Deus
2010 735 2154 790 enim
2183 736 2424 806 seipsum
2467 739 2789 808 cognoscit,
2825 739 3082 798 Christus
3119 759 3242 799 sese
3283 761 3421 814 prae-

1839 823 2027 889 dicat,
2087 823 2328 896 Spiritus
2383 835 2607 883 sanctus
2661 829 2896 902 denique
2939 831 3178 902 seipsum
3217 835 3285 890 iis
3325 836 3419 907 qui

1839 915 1988 986 digni
2016 925 2168 981 sunt,
2205 919 2463 975 ostendit.
2503 919 2674 975 Porro
2707 923 2888 976 sacris
2930 922 2986 978 in
3023 923 3248 981 Litteris
3277 943 3422 982 nun-

1841 1009 1969 1061 tiata
2011 1009 2165 1064 nobis
2203 1017 2306 1074 est,
2351 1003 2582 1082 ﬁdeique
2619 1021 2823 1068 nostra
2847 1015 3124 1082 proposita
3154 1014 3418 1080 Trinitas,

1841 1099 1894 1153 in
1945 1115 2050 1170 qua
2105 1100 2239 1154 nihil
2291 1101 2572 1157 curiosum
2627 1109 2753 1167 est,
2808 1105 3210 1161 contentiosum
3259 1107 3418 1171 nihil,

1838 1207 2002 1262 quam
2033 1209 2098 1248 ex
2136 1192 2320 1246 audita
2359 1201 2569 1248 tessera
2603 1194 2961 1264 symboloque
2991 1175 3180 1252 didici.
3210 1196 3422 1269 Quippe

1838 1297 1901 1335 ex
1935 1283 2050 1351 ipsa
2087 1283 2187 1336 lide
2213 1281 2404 1352 gratia:
2435 1281 2606 1342 salus,
2631 1295 2698 1335 ex
2727 1281 2828 1338 ﬁde
2853 1284 3088 1352 justitia,
3113 1286 3250 1340 citra
3284 1287 3420 1358 legis

1837 1388 2023 1442 opera,
2061 1375 2140 1428 uti
2175 1375 2438 1444 scriptum
2464 1374 2612 1438 est’,
2645 1389 2708 1429 ex
2749 1375 2907 1444 ﬁdei,
2938 1377 3196 1447 inquam,
3229 1381 3420 1436 auditu

1839 1465 1908 1521 iis
1935 1466 2028 1535 qui
2079 1468 2314 1522 salutem
2349 1467 2618 1529 obtinent,
2651 1467 2888 1536 Spiritus
2921 1469 3129 1526 Christi
3161 1473 3418 1527 concedi-

1837 1557 2248 1612 tur.'Cmterum
2277 1567 2542 1630 quantum
2589 1573 2622 1614 e
2669 1557 3082 1629 Scripturarum
3133 1562 3418 1633 disciplina

1832 1649 2082 1718 judicare
2133 1665 2356 1720 possum
2387 1691 2402 1715 ,
2459 1651 2730 1722 generalis
2789 1652 2880 1706 illa
2927 1653 3060 1709 ﬁdes
3107 1669 3418 1725 praeconum

1839 1739 2064 1796 vocibus
2085 1741 2398 1795 declaratur
2425 1740 2735 1810 ejusmodi:
2769 1743 2871 1796 tria
2910 1757 3034 1798 esse
3065 1754 3276 1812 sancta,
3313 1747 3416 1798 tria

144 1807 253 1897 νία,
290 1831 390 1903 μία
411 1807 596 1904 θεοτης
623 1837 720 1906 τῆς
745 1837 915 1906 αὐτῆς
943 1807 1242 1908 δυνάμεως,
1269 1807 1374 1910 τῆς
1398 1807 1716 1911 αὑτῆς-’ἔνιιο¹

1838 1830 1998 1885 simul
2032 1835 2222 1886 sancta
2248 1848 2262 1899 ;
2299 1831 2402 1886 tria
2433 1832 2776 1900 exsistentia,
2819 1834 2922 1888 tria
2951 1834 3116 1890 simul
3147 1836 3420 1892 exsisten-

145 1923 422 1988 στάσεως·
462 1927 622 1996 ὁμοία
658 1927 718 1991 ἐξ
767 1929 972 1999 ὁμοίου,
1011 1930 1232 2000 ἰσότητα
1261 1932 1482 2002 χάριτος
1511 1933 1610 2004 τῆς
1633 1937 1730 1988 αὺ-

139 2017 243 2086 τῆς
269 2015 494 2088 χάριτος
525 2019 838 2090 ἐργάζεται,
889 2021 1102 2092 Πατρδς
1133 2023 1226 2076 καὶ
1259 2021 1406 2088 Υἱοῦ,
1450 2025 1544 2080 καὶ
1575 2025 1732 2094 ἁγίου

139 2109 482 2181 Πνεῦματος.
541 2111 614 2166 Τὸ
664 2113 722 2166 δὲ
769 2113 908 2178 πιῖις,
965 2115 1150 2178 αὐτοῖς
1195 2115 1543 2171 ἀπολείπεται
1593 2117 1736 2172 διδά-

141 2218 318 2257 σκειν.
351 2202 560 2270 Οὐδείς
587 2199 710 2259 οἶδε
738 2205 844 2260 τὸν
881 2205 1112 2276 Πατέρα
1142 2211 1194 2262 εί
1213 2208 1312 2276 μὴ’
1333 2213 1366 2264 ό
1404 2211 1556 2276 Υἱὸς,
1591 2211 1734 2265 οὐδὲ

137 2295 249 2350 τὸν
291 2295 450 2362 risv,
484 2298 532 2350 εί
556 2277 650 2366 pii
678 2299 709 2351 δ
733 2296 968 2367 Πατὴρ,
999 2299 1097 2352 καί
1129 2292 1176 2365 ᾧ
1205 2301 1312 2354 ἐὰν
1343 2303 1376 2354 δ
1417 2300 1550 2367 Υἱὸς
1581 2303 1732 2356 ἀπο-

138 2386 460 2442 καλύπτει.
491 2387 890 2443 ’Δποκαλύπτει
942 2390 998 2444 δὲ
1051 2389 1140 2444 διὰ
1184 2391 1500 2462 Πνεύματος
1550 2391 1728 2461 ἁγίου.

139 2477 356 2534 οὐκοῦν
383 2478 512 2551 τρία
539 2477 714 2534 ταῦτα
743 2480 891 2545 ὄντα,
923 2481 955 2554 ἢ
991 2482 1050 2550 ἐξ
1101 2482 1290 2545 αὑτοῦ,
1321 2483 1354 2556 ἢ
1387 2484 1514 2558 παρ’
1542 2484 1728 2548 αὑτοῦ,

138 2570 172 2642 ἦ
204 2572 346 2644 πρὸς
373 2572 558 2639 αὐτὸν,
586 2573 800 2645 ἑκάστῳ
827 2573 992 2641 ἀξίως
1021 2573 1307 2648 νοούμενα,
1350 2575 1534 2640 καθὼς
1562 2578 1732 2632 ἑαυτὰ

135 2663 540 2728 ἀποκαλύπτει,
573 2664 709 2735 φῶς,
745 2666 876 2738 πῦρ.
911 2666 1150 2738 πνεῦμα,
1186 2669 1278 2721 καὶ
1321 2668 1524 2735 ἄλλαις,
1555 2666 1728 2742 οἶμαι,

136 2760 388 2832 ὁράσεων
445 2757 774 2830 ὁμοιώσεσι,
819 2757 1000 2823 καθὼς
1045 2759 1194 2826 ἄξιος
1238 2762 1266 2814 6
1318 2759 1732 2833 διακονούμενος

135 2849 451 2921 ἄνθρωπος.
513 2849 681 2913 Αὐτὸς
723 2849 902 2904 τοίνυν
931 2853 959 2903 6
988 2849 1120 2914 Θεὸς
1163 2853 1192 2904 6
1231 2853 1288 2905 ὲν
1333 2853 1474 2924 ἀρχῇ
1524 2853 1728 2908 εἰπών·

135 2941 466 3010 Γενηθήτω
519 2941 666 3011 φῶς,
728 2943 826 2995 καί
863 2941 1101 3012 ἐγένετο
1147 2941 1294 3013 φῶς,
1327 2944 1389 2997 τὸ
1413 2943 1690 3016 ὁρώμενον
1713 2987 1728 3009 ,

135 3034 304 3098 οὗτος
333 3035 360 3087 6
390 3033 632 3104 φωτίσας
665 3035 810 3105 ἡμᾶς
849 3034 910 3088 τὸ
937 3034 1054 3104 φῶς
1087 3034 1212 3088 ίόεϊν
1255 3036 1316 3089 τδ
1363 3037 1632 3108 ἀληθινὸν,
1668 3038 1730 3092 τὸ

1836 1924 1908 1977 tia
1937 1942 1951 1990 ;
1989 1925 2098 1979 tria
2137 1924 2313 1979 forma
2343 1925 2598 1994 praedita,
2635 1927 2738 1979 tria
2779 1925 3024 1982 eamdem
3055 1927 3284 1983 formam
3313 1929 3416 1984 ha—

1834 2014 2014 2070 bentia
2045 2032 2060 2080 ;
2097 2016 2200 2069 tria
2253 2016 2532 2082 elﬂcacia,
2591 2017 2695 2071 tria
2737 2017 2902 2073 simul
2955 2019 3279 2085 efﬁcientia;
3313 2023 3434 2096 tria

1834 2109 2222 2175 subsistentia,
2275 2110 2380 2164 tria
2427 2109 2590 2166 simul
2625 2111 2980 2167 subsistentia
3006 2157 3021 2178 ,
3079 2123 3140 2169 et
3181 2115 3412 2172 invicem

1833 2202 2144 2271 conjuncta.
2167 2202 2345 2271 Atque
2375 2216 2438 2256 ea
2465 2202 2684 2258 domum
2715 2211 2904 2258 sancta
2940 2204 3182 2262 Trinitas
3229 2209 3414 2278 appel-

1835 2295 2007 2356 latur.
2047 2297 2100 2350 in
2132 2313 2238 2366 qua
2269 2297 2371 2352 tria
2427 2305 2590 2360 sunt,
2639 2298 2734 2353 sed
2769 2313 2876 2352 una
2903 2299 3068 2353 trium
3098 2305 3410 2365 consensio,
3461 2317 3464 2320 ‘

1833 2385 2128 2455 singularis
2153 2387 2413 2442 divinitas
2438 2429 2452 2453 ,
2485 2387 2730 2457 ejusdem
2761 2389 3015 2453 virtutis,
3061 2387 3418 2461 ejusdemque

1832 2478 2172 2542 substantiae,
2212 2481 2410 2536 similis
2439 2495 2470 2535 e
2513 2482 2701 2545 simili,
2737 2496 2845 2551 qua
2874 2481 3136 2551 aequalem
3183 2485 3412 2554 gratiam

1831 2583 1898 2625 ex
1937 2572 2126 2626 eadem
2161 2571 2322 2628 cﬁicit
2352 2574 2556 2644 gratia,
2587 2573 2764 2628 Patris
2807 2583 2862 2630 et
2889 2573 3034 2641 Filii,
3073 2590 3138 2630 ac
3175 2573 3416 2646 Spiritus

1832 2664 2028 2718 sancti.
2055 2664 2290 2730 Quinam
2319 2681 2446 2721 vero
2471 2669 2648 2738 possit
2685 2667 2828 2720 istud
2861 2666 2998 2734 ﬁeri,
3023 2668 3274 2736 ipsismet
3303 2670 3414 2724 illis

1832 2752 2137 2809 docendum
2171 2756 2521 2824 relinquitur.
2556 2755 2748 2822 Nemo,
2787 2758 2985 2827 inquit,
3021 2759 3162 2812 novit
3194 2757 3412 2813 Patrem

1833 2844 1937 2898 nisi
1966 2842 2142 2899 Filius
2165 2883 2182 2910 ,
2227 2861 2390 2916 neque
2421 2845 2641 2913 Filium,
2685 2849 2786 2902 nisi
2816 2846 2978 2902 Pater
3001 2887 3015 2912 ,
3045 2857 3094 2903 et
3123 2850 3210 2902 cui
3239 2847 3416 2904 Filius

1833 2939 2075 2996 temtari:
2102 2941 2144 2994 ‘.
2181 2941 2338 3007 Quod
2375 2943 2424 2998 is
2457 2957 2554 3013 per
2592 2941 2856 3013 Spiritum
2893 2951 3144 2998 sanctum
3183 2944 3410 3000 revelat.

1833 3034 1962 3090 Tria
1993 3035 2160 3104 igitur
2192 3034 2296 3090 ista
2321 3043 2470 3099 sunt,
2507 3045 2598 3090 aut
2625 3051 2688 3090 ex
2717 3037 2836 3106 ipso
2863 3076 2878 3100 ,
2906 3043 3002 3092 aut
3036 3037 3108 3091 ab
3139 3036 3292 3107 ipso,
3319 3047 3414 3092 aut

135 3120 391 3190 φωτίζον
452 3121 646 3176 πάντα
711 3122 1024 3192 ἄνθρωπον
1086 3124 1414 3197 ἐρχόμενον
1480 3131 1566 3195 εἰς
1624 3129 1716 3184 τὸν

1837 3129 1902 3182 ad
1933 3127 2110 3195 ipsum
2131 3171 2146 3194 ,
2176 3141 2298 3196 quae
2343 3127 2398 3182 in
2443 3141 2808 3198 unoquoque,
2837 3135 2896 3182 ut
2927 3141 3026 3196 par
3057 3135 3175 3188 est,
3209 3126 3414 3182 intelli-

135 3215 394 3284 κόσμον.
445 3213 910 3280 Ἐξαπόστειλον
962 3216 1030 3270 τὸ
1083 3216 1211 3288 φῶς
1261 3235 1378 3273 σου
1397 3258 1412 3284 ,
1465 3220 1564 3274 καὶ
1617 3220 1734 3290 τὴν

133 3304 434 3373 ἀλήθειάν
469 3322 608 3368 σου,
655 3306 686 3358 6
733 3306 898 3359 Δαείδ
934 3323 1128 3378 φησιν·
1171 3309 1328 3373 αὐτός
1375 3312 1521 3365 ἐστιν
1555 3311 1583 3364 ὸ
1617 3312 1730 3366 Κύ-

137 3415 252 3468 ριος
292 3401 324 3451 ὁ
347 3398 570 3452 ιείπὼν·
619 3400 720 3454 Ἐν
761 3400 890 3467 ταῖς
926 3400 1214 3471 ἐσχάταις
1253 3402 1498 3472 ἡμέραις
1543 3405 1730 3476 ἐκχεῶ

133 3491 254 3543 ἀπὸ
282 3489 398 3544 τοῦ
435 3493 781 3562 Πνεύματός
809 3511 928 3562 μου
974 3493 1070 3546 ἐπί
1120 3491 1328 3548 πᾶσαν
1361 3496 1558 3564 σάρκα
1581 3515 1596 3529 ·
1627 3497 1726 3551 καί

133 3583 671 3652 προφητεύσουσιν
704 3587 762 3640 αἱ
793 3585 1112 3656 θυγατέρες
1142 3584 1360 3647 αὐτῶν.
1389 3587 1488 3640 καὶ
1512 3591 1566 3641 οι
1591 3607 1728 3643 νεα-

133 3673 336 3727 νίσκοι
397 3673 598 3728 αὐτῶν
647 3675 886 3744 δράσεις
948 3678 1196 3746 ὄψονται
1214 3693 1227 3708 ·
1280 3677 1406 3750 τρία
1459 3680 1724 3751 πρόσωπα

134 3763 299 3833 ἁγίας
341 3763 680 3835 λειτουργίας
707 3765 920 3830 δεικνὺς
947 3769 1098 3838 ἡμῖν,
1135 3767 1482 3833 ὑποστάσεως
1509 3769 1568 3835 ἐξ
1591 3771 1740 3824 ὑπο--

137 3857 385 3920 στάσεως
405 3855 572 3928 οῦσης
599 3858 810 3929 τρίτης.

1833 3230 2038 3292 guutur
2060 3261 2075 3286 ,
2115 3227 2275 3291 prout
2305 3219 2520 3289 seipsas
2553 3233 2804 3289 persona
2861 3219 2970 3274 illa;
3001 3219 3302 3274 declarant.
3333 3216 3412 3272 Ita

1833 3325 1886 3370 et
1929 3315 2020 3368 lux
2041 3353 2057 3378 ,
2085 3314 2256 3382 ignis,
2297 3311 2522 3382 spiritus
2543 3353 2556 3374 ,
2591 3319 2912 3367 caeterarum
2949 3325 3130 3366 rerum
3161 3317 3412 3379 aspecta-

1831 3405 2022 3462 hilium
2071 3403 2384 3459 nominibus
2405 3403 2792 3472 appellantur,
2825 3417 2926 3473 pro
2974 3417 3040 3457 ee
3091 3413 3156 3455 ac
3185 3401 3408 3470 quilihrt

1832 3497 2112 3551 hominum
2143 3496 2345 3564 dignus
2381 3505 2494 3561 cst,
2521 3497 2610 3550 cui
2637 3495 2742 3550 hoc
2789 3495 2949 3550 oﬁicii
2984 3509 3156 3566 genus
3199 3495 3412 3566 impen—

1830 3590 1998 3644 ditur.
2037 3587 2182 3643 Deus
2209 3588 2376 3657 igitur
2405 3589 2516 3653 ille,
2549 3589 2640 3658 qui
2669 3587 2828 3642 initio
2849 3587 3016 3641 dixit:
3057 3585 3184 3640 Fiat
3209 3587 3330 3651 luat,
3361 3597 3410 3640 et

1830 3681 1976 3752 facta
2020 3690 2098 3736 est
2143 3679 2492 3751 aspectabilis
2537 3681 2626 3734 illa
2660 3679 2827 3741 lux“,
2861 3681 2980 3750 ipse
3027 3687 3151 3742 est,
3199 3679 3290 3748 qni
3343 3677 3412 3732 ad

1827 3787 2018 3827 verum
2053 3772 2234 3827 lumen
2267 3771 2586 3826 intuendum
2613 3771 2768 3826 nobis
2789 3771 3002 3837 illuxit,
3031 3769 3169 3840 quod
3201 3771 3410 3824 illumi-

1833 3873 1924 3918 nat
1996 3881 2200 3918 omnem
2265 3863 2527 3918 hominem
2595 3864 2879 3918 venientem
2961 3865 3014 3918 in
3081 3863 3334 3917 mundum
3361 3865 3404 3916 ⁸.

141 3949 338 4006 Emitte
366 3953 536 4006 lucem
577 3961 746 4016 tuam,
784 3953 862 4006 ait
914 3953 1082 4008 david
1129 3955 1169 4019 ",
1205 3962 1255 4007 et
1278 3953 1549 4009 veritatem
1599 3965 1762 4012 tuum.
1823 3957 1921 4014 Ille
1974 3959 2094 4028 ipse
2143 3957 2405 4013 Dominus
2444 3967 2567 4022 est,
2611 3957 2702 4028 qui
2755 3957 2890 4012 dixit
2918 3999 2930 4010 .
2995 3953 3058 4010 In
3109 3955 3408 4010 novissimis

135 4043 300 4113 392
363 4043 574 4098 diebus.
611 4043 878 4114 e/j’undam
919 4046 982 4100 de
1028 4045 1234 4115 Spiritu
1265 4063 1376 4100 meo
1408 4049 1460 4100 in
1513 4065 1718 4102 omnem
1748 4067 2000 4112 carnem:
2055 4061 2106 4105 et
2155 4051 2538 4120 prophetabunt
2570 4051 2699 4120 ﬁlice
2751 4051 2984 4114 illorum,
3025 4057 3076 4102 et
3107 4045 3408 4101 adolescen-

139 4145 208 4189 tes
247 4139 488 4204 ipsorum
517 4135 742 4190 visiones
789 4136 1032 4190 videbunt
1069 4139 1110 4192 '.
1149 4138 1225 4193 Ac
1278 4149 1388 4193 tres
1439 4141 1740 4197 functionis
1775 4137 1948 4196 saera:
2001 4157 2268 4212 personas
2309 4143 2468 4196 nobis
2516 4141 2778 4204 ostendit,
2819 4155 2941 4193 cum
2993 4141 3150 4193 tertia
3195 4155 3258 4192 ex
3311 4139 3406 4209 hyv

139 4231 344 4298 postasi
373 4231 635 4300 procedat
675 4231 1008 4302 hypostasis.

201 4327 280 4379 E'.
347 4325 512 4396 Λέγω
563 4321 675 4380 οὖν
723 4327 980 4396 Χριστὸν
1032 4325 1315 4382 διάκονον
1365 4327 1716 4398 γεγενῆσθαι

1897 4323 1962 4378 ν.
1999 4323 2126 4378 Dico
2162 4323 2324 4393 igitur
2351 4321 2622 4376 Christum
2657 4321 2956 4374 ministrum
2989 4320 3156 4388 fuisse
3177 4323 3402 4375 circum~

140 4415 462 4486 περιτομῆς
495 4417 645 4485 ὑπὲρ
668 4418 951 4486 ἀληθείας
984 4417 1152 4480 Θεοῦ,
1185 4421 1272 4486 είς
1308 4419 1375 4474 τὸ
1406 4419 1718 4488 πληρῶσαι

139 4505 244 4572 τὰς
271 4503 653 4578 ἐπαγγελίας.
706 4509 1074 4562 Συνδιακονεῖν
1115 4511 1173 4564 δὲ
1213 4511 1438 4582 Πνεῦμα
1472 4511 1532 4565 τὸ
1565 4511 1718 4579 ἅγιον

141 4600 556 4674 παρειλήφαμεν
584 4603 648 4655 ἐκ
687 4602 842 4656 θείων
873 4603 1102 4678 Γραφῶν
1125 4602 1295 4666 οὕτως
1316 4623 1328 4635 ·
1375 4603 1720 4658 Ἀποστέλλε-

139 4707 227 4744 ται
251 4694 278 4746 6
309 4693 547 4764 Χριστὸς
579 4691 686 4746 ἀπὸ
715 4695 948 4766 Πατρὸς,
979 4695 1367 4750 ἀποστέλλεται
1405 4697 1466 4749 τὸ
1495 4695 1718 4765 Πνεῦμα

143 4779 201 4834 τδ
227 4781 378 4850 ἅγιον
397 4799 410 4812 ·
441 4782 592 4836 λαλεῖ
624 4785 682 4836 ὲν
714 4783 888 4852 ἁγίοις
921 4784 1174 4854 Χριστὸς,
1213 4783 1363 4837 λαλεῖ
1406 4785 1465 4837 τὺ
1494 4785 1718 4855 Πνεῦμα

144 4869 200 4922 τὸ
223 4869 406 4941 ἅγιον·
439 4875 584 4927 ἰᾶται
613 4873 863 4946 Χριστὸς,
901 4877 1047 4930 ἰᾶται
1076 4875 1135 4929 τὸ
1179 4875 1403 4947 Πνεῦμα
1439 4877 1498 4929 τὸ
1527 4877 1679 4946 ἅγιον
1699 4895 1714 4908 ·

147 4963 350 5032 ἁγιάζει
411 4965 678 5038 Χριστὸς,
742 4966 956 5034 ἁγιάζει
1013 4967 1074 5020 τὺ
1135 4967 1360 5037 Πνεῦμα
1414 4967 1474 5019 τὸ
1525 4967 1710 5036 ἅγιον·

153 5055 390 5124 βαπτίζει
425 5059 660 5131 Χριστὸς
703 5061 762 5112 ὲν
813 5059 890 5129 τῷ
945 5059 1170 5130 ὀνόματι
1215 5059 1415 5122 αὐτοῦ,
1465 5059 1762 5129 βαπτίζει,

149 5147 204 5199 τὸ
241 5149 460 5222 Πνεῦμα
513 5151 572 5204 τὸ
625 5149 799 5220 ἅγιον.
842 5151 1030 5214 Οὕτως
1073 5151 1324 5219 λέγουσιν
1369 5151 1423 5204 αἱ
1473 5151 1712 5222 Γραφαίο

159 5241 517 5311 Ἀποστελεῒς
569 5243 638 5297 τὸ
691 5241 930 5311 Πνεῦμά
987 5257 1104 5296 σου
1129 5283 1143 5308 ,
1207 5243 1306 5295 καὶ
1351 5243 1714 5308 ἀνακαινιεῖς

149 5340 208 5391 τὸ
267 5341 584 5408 πρόσωπον
623 5335 730 5404 τῆς
781 5335 926 5406 γῆς’
965 5335 1147 5405 ὅμοιον
1201 5335 1278 5406 τῷ
1325 5333 1531 5402 λέγειν*
1583 5333 1712 5399 Ἐξ-

149 5429 486 5496 αποστελεῒς
547 5429 654 5482 τὸν
709 5429 904 5498 Λόγον
953 5443 1070 5482 σου
1099 5466 1114 5490 ,
1175 5427 1273 5480 καὶ
1328 5426 1492 5491 τήξει
1537 5425 1707 5480 αὐτά.

151 5525 646 5593 Λειτουργούντων
681 5521 738 5574 δὲ
788 5519 1006 5586 αὐτῶν,
1037 5521 1196 5590 φησὶ,
1241 5519 1320 5584 τῷ
1348 5519 1564 5586 Κυρίῳ,
1609 5519 1708 5571 καί

216 5663 230 5690 ¹
267 5679 350 5728 rp.
385 5660 754 5761 ἀπερίεργος,
798 5657 1158 5726 ἀφιλόνεικο-ς.
1271 5659 1292 5688 ⁸
1329 5655 1456 5709 Cor.
1485 5655 1706 5707 δίδοται.

216 5729 300 5761 7....
359 5747 372 5761 .
428 5731 460 5761 κ
650 5727 774 5761 1......
833 5744 846 5761 .
902 5731 934 5761 ο
1059 5729 1077 5759 τ
1121 5725 1242 5761 ῡςιιι
1303 5741 1410 5761 ...ι
1468 5727 1500 5761 τ
1597 5729 1616 5757 s
1655 5723 1706 5761 In

149 5729 176 5762 ⁸
204 5725 322 5784 Gen.
359 5747 396 5792 I,
428 5725 512 5783 5.’
579 5725 600 5761 ‘
641 5727 798 5783 Juau.
833 5725 872 5792 ιθ,
902 5731 954 5782 9.
1059 5729 1077 5759 ⁷
1121 5725 1264 5782 Psal.
1303 5741 1434 5790 uti,
1467 5727 1522 5784 5.

143 5813 332 5867 cum,
369 5805 430 5856 t8

1597 5729 1616 5757 "
1651 5723 1764 5778 Joel
1801 5724 1974 5788 tt,‘.’.8.
2053 5725 2072 5754 ’
2113 5721 2270 5779 Rom.
2315 5739 2402 5787 xv,
2445 5727 2496 5776 8.

1824 4417 2037 4471 cisiwtis
2092 4431 2186 4485 pro
2219 4416 2436 4468 veritate
2471 4413 2568 4467 Dei
2589 4453 2604 4476 ,
2651 4423 2709 4466 ut
2752 4413 3020 4482 promissa
3049 4414 3326 4481 compleret
3357 4415 3406 4468 ⁸.·

1824 4509 1996 4563 Porro
2035 4505 2299 4578 Spiritum
2353 4515 2606 4561 sanctum
2655 4521 2758 4559 una
2797 4505 3114 4561 ministrare
3151 4519 3182 4559 e
3213 4519 3402 4561 εποισο-

1823 4617 1942 4657 rum
1974 4601 2264 4655 Librorum
2297 4599 2622 4653 auctoritate
2661 4600 2734 4652 ita
2773 4599 3046 4653 dic-imus:
3081 4597 3337 4653 Christus
3371 4613 3402 4654 a

1822 4693 1983 4749 Patre
2061 4693 2337 4757 mittitur,
2421 4689 2656 4744 mittitur
2713 4695 2768 4743 et
2837 4685 3075 4758 Spiritus
3133 4695 3398 4750 sanctus,

1822 4783 2078 4839 Christus
2127 4783 2183 4837 in
2225 4781 2433 4835 sanctis
2485 4780 2726 4850 loquitur
2750 4821 2762 4844 ,
2795 4779 3035 4848 loquitur
3066 4785 3120 4834 ct
3159 4777 3402 4850 Spiritus
3447 4773 3452 4778 ’

1823 4885 2070 4940 sanctus,
2099 4881 2256 4930 sanat
2279 4873 2534 4928 Christus
2561 4910 2575 4936 ,
2602 4879 2840 4926 sanat'et
2875 4865 3396 4947 Spirituslsanctus,

1821 4967 2136 5032 sanctiﬁcat
2155 4965 2431 5028 Christus,
2461 4963 2770 5018 sanctiﬁcat
2797 4970 2851 5016 et
2885 4961 3124 5032 Spiritus
3149 4971 3395 5027 sanctus,

1821 5062 2060 5131 baptizat
2107 5059 2160 5112 in
2201 5073 2300 5114 suo
2329 5057 2553 5111 nomine
2575 5055 2830 5111 Christus
2855 5094 2868 5117 ,
2907 5053 3147 5123 baptizat
3179 5061 3232 5106 et
3273 5051 3398 5123 Spi-

1818 5157 1960 5208 ritus
1990 5160 2234 5207 sanctus.
2265 5149 2346 5204 Ad
2377 5165 2500 5203 eum
2535 5147 2752 5202 modum
2795 5145 3079 5216 Scriptura
3107 5145 3348 5214 loquitur
3378 5165 3392 5196 :

1824 5244 2042 5299 Emittes
2077 5242 2330 5312 Spiritum
2361 5251 2529 5304 tuum,
2555 5251 2604 5293 et
2639 5240 2909 5293 renovabis
2936 5239 3125 5307 [aciem
3159 5239 3392 5293 terra”.

1818 5337 1972 5402 Quod
2013 5337 2138 5388 item
2169 5343 2256 5389 est
2286 5340 2450 5402 atque
2477 5331 2657 5385 istud:
2698 5329 2920 5384 Emittes
2955 5328 3182 5382 Verbum
3225 5337 3394 5391 tuum,

1817 5439 1865 5481 et
1896 5425 2198 5496 liquefaciet
2230 5441 2292 5477 ea
2315 5426 2378 5478 “.
2423 5421 2854 5476 Ministrantibus
2893 5418 3116 5490 (inquit)
3148 5418 3256 5473 illis
3293 5418 3398 5470 Do-

1819 5519 1982 5584 mino,
2014 5533 2075 5569 ac
2097 5514 2465 5585 jejunautibus
2498 5515 2634 5567 dixit
2659 5513 2888 5582 Spiritus
2925 5521 3178 5567 sanctus:
3213 5509 3396 5580 Segre-

1821 5654 1840 5683 ³
1883 5651 2160 5726 Romani.
2217 5653 2326 5718 εὶος
2381 5651 2554 5704 Galat.
2608 5649 2791 5726 tt._15._
2899 5651 2920 5682 ‘
2963 5649 3404 5726 Mamurri”.-

2591 5725 2630 5752 ¹⁰
2671 5721 2816 5778 Psul.
2847 5738 2962 5786 CIII,
2993 5721 3082 5776 50.
3115 5719 3123 5726 ’
3153 5719 3202 5796 _“
3248 5721 3394 5777 Psu!.
