3798 6212
406 315 512 371 ιεδ

1808 303 1930 360 8.1

2091 304 2262 360 ιΑΝιι
3546 301 3632 360 434

405 442 526 502 gate
558 429 683 484 mihi
716 427 1021 483 Barnabam
1043 471 1057 495 ,
1086 437 1136 482 et
1167 425 1393 485 Saulum
1435 427 1504 483 ad
1533 443 1661 497 opus
1684 467 1698 491 ,
1743 426 1812 480 ad
1847 443 1930 497 qut

2091 429 2530 496 νηστευόντων,
2557 423 2690 482 εἶπε
2712 427 2780 481 τὸ
2823 425 3069 496 Πνεῦμα
3103 423 3170 480 τὸ
3219 424 3420 497 ἅγιον·
3452 425 3638 495 Ἀφορι.

405 540 494 577 eos
547 521 724 576 vocavi
759 522 799 576 ¹.
857 519 1004 575 Idem
1059 519 1162 574 hoc
1216 529 1302 575 est
1365 535 1490 574 cum
1537 520 1692 574 isto:
1729 518 1988 573 Dominus

407 624 584 667 autem
614 610 779 666 dicit:
805 609 1155 682 lngredimiui
1198 611 1413 675 urbem,
1452 619 1502 664 et
1545 610 1618 663 ibi
1658 609 1861 663 dicetur
1901 626 1990 662 vo-

407 704 510 768 bis,
534 701 660 773 quid
686 709 923 771 oporteat
953 701 1126 770 facere
1151 702 1192 754 ’.
1227 699 1516 767 Illi,iqitur
1540 700 1690 753 missi
1720 715 1754 752 a
1786 697 1989 767 Spiritu

405 803 591 848 sancto
642 793 884 846 abierunt
932 790 1226 846 Seleuciam
1251 791 1292 846 ³.
1333 789 1804 856 Quemadmodum
1831 789 1992 844 Chri-

406 897 529 942 stus
570 887 686 956 ipse
735 884 981 941 diceret:
1021 882 1154 937 Ecce
1201 884 1355 938 mitto
1403 899 1534 950 vos,
1567 884 1706 936 sicut
1761 899 1877 937 oves
1932 883 1988 936 in

407 978 579 1034 medio
630 977 876 1046 luporum
905 975 948 1030 ⁸.
990 975 1175 1030 Visum
1229 985 1306 1030 est
1359 975 1590 1045 Spiritui
1620 986 1805 1030 sancto
1855 976 1988 1030 nihil

407 1072 557 1126 aliud
596 1072 857 1140 imponere
882 1069 1023 1122 vobis
1046 1069 1244 1133 oneris,
1265 1076 1457 1137 pra'ter
1489 1069 1599 1122 [nec
1627 1069 1922 1123 necessaria
1943 1069 1986 1121 ⁸.

405 1161 541 1218 Cum
588 1177 700 1233 quo
743 1156 932 1217 eo’dem
991 1161 1139 1216 istud
1189 1161 1421 1216 recidit:
1471 1162 1603 1216 Dico
1661 1171 1835 1215 autem
1871 1177 1986 1230 ego,

405 1271 510 1311 non
552 1255 873 1311 Dominus:
923 1268 1145 1308 uxorem
1186 1251 1252 1306 ab
1280 1252 1492 1306 homine
1535 1270 1638 1306 non
1666 1255 1981 1322 separari‘.

361 1394 363 1396 .
404 1346 772 1418 Peragrarunt
807 1362 927 1400 vero
967 1344 1257 1414 Phrygiam
1283 1385 1299 1409 ,
1351 1353 1401 1398 et
1449 1341 1679 1399 Galatia:
1733 1354 1985 1425 tractum,

401 1439 656 1507 prohibiti
681 1457 715 1492 a
743 1437 947 1507 Spiritu
975 1445 1160 1492 sancto
1185 1435 1479 1505 prtedicare
1513 1435 1722 1491 verbum
1754 1437 1808 1489 in
1833 1435 1986 1489 Asia.

404 1529 541 1586 Cum
586 1538 764 1584 autem
788 1529 1146 1600 pervenissent
1183 1529 1240 1582 in
1271 1527 1524 1598 Mysiam,
1555 1525 1882 1581 conabantur
1932 1529 1990 1582 in

401 1619 709 1690 Bithyniam
738 1621 1042 1690 proficisci:
1085 1636 1246 1690 neque
1296 1619 1416 1673 sivit
1455 1635 1543 1674 eos
1581 1619 1815 1686 Spiritus
1859 1637 1987 1674 stm-

402 1725 520 1766 ctus
547 1713 612 1778 ';
675 1712 902 1783 perinde
951 1727 1015 1767 ac
1061 1713 1318 1768 Christus
1364 1711 1542 1766 dixit:
1575 1711 1773 1766 Euntes
1815 1711 1987 1780 bapti—

2091 539 2239 575 σατε
2274 521 2349 589 δή
2379 539 2481 591 μοι
2508 512 2822 592 Βαρνάϐαν
2849 521 2950 574 και
2983 519 3223 575 Σαῦλον
3265 521 3354 586 εις
3395 518 3460 572 τὸ
3491 518 3637 588 ἔργον

2093 615 2124 666 ὃ
2168 615 2621 683 προσκέκλημαι
2667 614 2912 682 αὐτούς.
2961 612 3187 683 ’Ὅμοιον
3235 611 3314 682 τῷ
3359 611 3551 680 λέγειν·
3585 611 3636 664 '0

2090 701 2159 754 δὲ
2183 704 2399 772 Κύριος
2425 702 2587 774 λέγει
2606 719 2619 732 ·
2649 701 2971 759 Είσέλθετε
2998 704 3084 768 εἰς
3114 701 3229 770 τὴν
3266 701 3469 764 πόλιν,
3501 700 3644 756 κάκεῖ

2089 794 2500 863 λαληθήσεται
2540 795 2703 866 ὑμῖν,
2744 797 2804 851 τί
2827 795 2918 850 δεῖ
2952 793 3164 850 ποιεῖν.
3193 793 3369 866 Αὐτοὶ
3401 794 3512 865 μὲν
3532 789 3643 862 οὖν,

2089 888 2529 958 ἐκπεμφθέντες
2579 890 2690 945 ὑπὸ
2745 888 2855 944 τοῦ
2904 890 3253 959 Πνεύματος
3299 888 3410 943 τοῦ
3460 888 3642 958 ἁγίου.

2089 978 2396 1048 κατῆλθον
2431 982 2519 1046 είς
2548 979 2942 1034 Σελεύκειαν·
2989 978 3066 1044 ὡς
3117 977 3184 1033 ἂν
3227 978 3370 1032 εἴποι
3410 977 3640 1050 Χριστὸς,

2104 1071 2246 1126 Ἰδοὺ
2279 1072 2635 1127 ἀποστέλλω
2679 1070 2839 1142 ὑμᾶς
2878 1071 2960 1139 ὡς
2988 1072 3252 1140 πρόϐατα
3278 1071 3348 1125 ἐν
3368 1070 3530 1140 μέσῳ
3553 1070 3647 1124 λύο

2089 1181 2230 1218 κων.
2253 1164 2469 1229 Ἔδοξε
2491 1164 2602 1235 γὰρ
2621 1163 2702 1230 τῷ
2720 1165 3020 1234 Πνεύματι
3043 1162 3123 1229 τῷ
3141 1163 3288 1234 ἁγιῳ
3309 1161 3501 1232 μηδὲν
3517 1161 3650 1216 ἄλλο

2089 1259 2456 1313 ἐπιτίθεσθαι
2486 1257 2700 1326 βάρος,
2743 1256 2911 1326 πλὴν
2949 1254 3068 1311 τῶν
3096 1255 3452 1324 ἐπάναγκες.
3488 1255 3566 1318 Ὠς
3595 1254 3650 1308 ἂν

2091 1351 2233 1404 εἴποι
2253 1365 2268 1380 ·
2309 1349 2471 1415 Λέγω
2499 1348 2568 1402 δὲ
2595 1347 2731 1420 ἐγὼ,
2761 1351 2874 1418 οὐχ
2911 1351 2944 1403 ό
2984 1349 3200 1418 Κύριος
3223 1363 3236 1376 ·
3273 1347 3526 1419 γυναῖκα
3548 1347 3650 1402 ἀπὸ

2089 1441 2404 1509 ἀνθρώπου
2427 1441 2473 1472 ³⁸
2495 1439 2582 1510 μὴ
2613 1440 2978 1510 χωρίζεσθαι.
3013 1440 3272 1510 Διῆλθον
3299 1440 3367 1493 δὲ
3393 1437 3505 1507 τὴν
3524 1442 3654 1508 Φρυ-

2088 1535 2227 1604 γίαν
2250 1533 2348 1587 καὶ
2375 1532 2488 1602 τὴν
2509 1533 2858 1600 Γαλατικὴν
2891 1531 3108 1604 χώραν,
3157 1531 3524 1599 κωλυθέντες
3553 1531 3655 1586 ὑπὸ

2087 1625 2194 1679 τοῦ
2222 1629 2569 1695 Πνεύματος
2600 1624 2708 1679 τοῦ
2746 1625 2918 1695 ἁγίου
2951 1621 3220 1691 λαλῆσαι
3259 1623 3369 1677 τὸν
3400 1623 3576 1691 λόγον
3595 1623 3655 1676 ἐν

2089 1715 2164 1784 τῆ
2202 1716 2394 1784 Ἀσίᾳ.
2436 1714 2750 1781 Ἐλθόντες
2785 1714 2855 1768 δὲ
2877 1716 2965 1781 εἷς
2993 1713 3110 1782 τὴν
3149 1714 3415 1778 Mucia"
3444 1713 3658 1783 ἐπείρφ

401 1815 524 1864 sate
563 1821 739 1860 omnes
796 1814 971 1875 gentes
995 1805 1034 1856 ⁸.
1087 1802 1268 1858 Nolite
1307 1813 1522 1872 portare
1551 1820 1774 1873 peram,
1825 1821 1930 1875 neq:

2091 1807 2188 1870 ζον
2208 1811 2296 1876 εις
2319 1809 2434 1877 τὴν
2458 1807 2744 1861 Βιθυνίαν
2772 1807 3151 1876 πορεύεσθαι,
3184 1805 3283 1859 καὶ
3325 1807 3437 1861 οὐκ
3472 1806 3660 1859 εἴασεν

402 1897 639 1968 uirgam,
683 1911 846 1966 neque
886 1895 1242 1950 calceamenta
1263 1896 1306 1948 ’.
1369 1894 1474 1960 Qui
1517 1895 1749 1965 quidem,
1783 1895 1983 1966 inquit,

402 1988 577 2044 Paulo
623 1987 866 2043 dicebant
915 2003 1005 2058 per
1035 1987 1326 2056 Spiritum,
1367 2005 1430 2042 ne
1462 1989 1761 2044 ascenderet
1797 1987 1990 2043 Hiero-

401 2082 702 2153 solyma“;
754 2082 882 2136 item
927 2081 1150 2152 Agabus
1185 2099 1198 2135 :
1239 2080 1368 2136 Haec
1405 2079 1535 2134 dicit
1578 2080 1856 2150 Spiritus:
1898 2080 1990 2134 Vi-

315 2200 320 2204 —
403 2191 524 2230 rum
562 2175 714 2244 cujus
765 2185 842 2228 est
889 2174 1002 2229 hazc
1042 2191 1179 2228 zona
1209 2175 1275 2229 ".
1331 2174 1432 2230 Cui
1488 2175 1666 2230 simile
1718 2181 1802 2230 est
1855 2173 1987 2228 illud

409 2265 697 2337 Apostoli:
757 2264 843 2318 An
887 2265 1300 2332 experimentum
1340 2266 1578 2335 quaeritis
1625 2264 1883 2336 loquentis
1930 2264 1988 2318 in

405 2378 489 2417 me
531 2359 734 2415 Christi
761 2359 841 2412 “‘l
891 2359 1020 2413 vel:
1062 2356 1374 2413 Mementote
1419 2359 1692 2414 verborum
1736 2358 1989 2424 Domini;

404 2453 655 2524 quoniam
704 2454 814 2522 ipse
851 2451 1027 2506 dixit:
1069 2451 1264 2506 Helius
1309 2462 1388 2507 est
1438 2452 1610 2519 dare,
1652 2469 1810 2522 quam
1859 2453 1993 2506 acci-

403 2559 522 2612 pere
553 2543 617 2596 ⁸³.
657 2541 728 2595 Et
755 2559 891 2596 nunc
925 2558 1019 2612 ego
1048 2540 1249 2611 Spiritu
1280 2542 1532 2612 alligatus
1561 2542 1687 2596 abeo
1716 2543 1780 2596 “.
1820 2539 1990 2608 Quasi

407 2635 594 2688 dicat:
626 2633 834 2687 Paulus
865 2634 1070 2695 uinctus
1099 2631 1229 2688 Jesu
1276 2631 1478 2689 Christi
1507 2635 1569 2687 ¹⁸.
1624 2633 1991 2688 Verumtamen

406 2724 637 2793 Spiritus
668 2734 998 2778 contestatur
1026 2725 1154 2778 mihi
1171 2740 1264 2792 per
1298 2724 1450 2780 urbes
1476 2725 1656 2780 dicens
1688 2727 1754 2782 ”.
1787 2726 1991 2796 Cujus-

407 2815 554 2872 modi
577 2823 664 2872 est
689 2817 854 2883 illud:
879 2816 1142 2872 Dominus
1166 2819 1312 2872 testis
1333 2828 1412 2873 est
1433 2819 1626 2874 animm
1649 2819 1813 2890 893
1837 2835 1987 2883 mete,

403 2908 542 2979 quod
589 2925 695 2964 non
741 2909 968 2964 mentior
985 2909 1052 2963 ¹⁷.
1089 2907 1156 2963 In
1184 2910 1372 2964 virtute
1409 2909 1693 2964 secundum
1730 2909 1991 2980 Spiritum

403 3000 850 3069 sanctificationis
874 3001 938 3054 ¹⁸.
965 2999 1156 3056 Simile
1195 3008 1282 3056 est
1315 3001 1475 3058 huic:
1512 3000 1742 3056 Sanctus
1782 3002 1837 3057 in
1866 3017 1992 3056 san-

405 3090 504 3144 ctis
536 3091 859 3160 requiescens
885 3091 950 3145 η.
998 3089 1162 3144 Item:
1198 3089 1544 3144 Circumcisio
1569 3087 1744 3156 cordis
1779 3092 1833 3146 in
1864 3091 1990 3162 Spi-

2087 1899 2311 1965 αὺτοὺς
2342 1899 2410 1953 τὸ
2445 1897 2687 1969 Πνεῦμα
2711 1897 2775 1951 τὸ
2805 1896 2994 1967 ἅγιον.
3034 1898 3120 1961 Ὠς
3149 1897 3216 1952 ἂν
3249 1898 3394 1950 εἴποι
3422 1897 3655 1968 Χριστός·

2100 1992 2482 2058 Ἀπελθόντες
2518 1991 2862 2056 βαπτίσατε
2907 1992 2995 2057 εὶς
3035 1990 3232 2044 πάντα
3279 1987 3351 2042 τὰ
3387 1991 3550 2056 ἔθνη.
3573 1989 3658 2057 Μὴ

2083 2079 2412 2145 ,βαστάζετε
2449 2077 2538 2148 μὴ
2582 2079 2804 2149 πήραν,
2857 2079 2943 2150 μὴ
2971 2078 3221 2148 ῥάϐδον,
3257 2080 3412 2150 μήτε
3451 2078 3661 2145 ὑποδή-

2085 2190 2263 2244 ματα.
2291 2173 2538 2239 Οἵτινες,
2589 2174 2773 2244 φησὶν,
2829 2174 3041 2242 ἔλεγον
3079 2172 3160 2239 τῷ
3191 2174 3411 2240 Παύλῳ
3447 2173 3542 2226 διὰ
3566 2169 3661 2227 τοῦ

2089 2267 2432 2336 Πνεύματος
2477 2265 2563 2336 μὴ
2613 2265 2961 2321 ἀναϐαίνειν
3002 2267 3091 2333 είς
3151 2265 3554 2336 Ἰερουσαλήμ.
3600 2266 3663 2318 Ἦ

2094 2357 2332 2427 ’Ἄγαϐος
2356 2374 2370 2389 ·
2409 2357 2554 2412 Τάδε
2605 2357 2768 2427 λέγει
2808 2357 2873 2411 τὸ
2919 2356 3163 2427 Πνεῦμα
3205 2356 3274 2410 τό
3323 2356 3526 2426 ἅγιον·
3560 2353 3663 2410 Τὸν

2088 2447 2279 2517 ἄνδρα
2328 2443 2401 2504 οὗ
2455 2446 2626 2501 ἐστιν
2675 2448 2714 2515 ἡ
2762 2445 2910 2516 ζώνη
2956 2447 3143 2514 αὕτη·
3202 2446 3387 2514 ὅμοιον
3423 2442 3508 2512 οἷς
3555 2440 3662 2498 εἷπε

2090 2538 2302 2603 Παῦλος
2320 2554 2336 2571 ·
2364 2539 2434 2592 El
2468 2537 2725 2608 δοκιμὴν
2753 2535 2972 2606 ζητεῖτε
3018 2537 3125 2593 τοῦ
3156 2537 3228 2592 ὲν
3255 2537 3386 2608 ἐμοὶ
3414 2537 3665 2592 λαλοῦν-

2090 2648 2194 2695 τος
2234 2628 2532 2699 Χριστοῦ;
2586 2630 2653 2702 ἦ·
2712 2630 3130 2699 Μνημονεύετε
3180 2627 3299 2683 τῶν
3325 2629 3526 2699 λόγων
3562 2632 3666 2684 Ku-

2081 2722 2258 2792 ρίου·
2311 2721 2402 2775 ὅτι
2446 2720 2630 2788 αὐτὸς
2656 2715 2825 2776 εἶπεν
2877 2721 3103 2792 ἀγαθὸν
3152 2720 3384 2775 διδόναι
3435 2719 3667 2791 μᾶλλον

2090 2816 2130 2883 ἦ
2164 2814 2521 2885 λαμϐάνειν·
2576 2813 2692 2879 καὶ,
2733 2812 2864 2868 Νῦν
2903 2812 3030 2868 ἰδοὺ
3075 2812 3187 2883 ἐγὼ
3239 2811 3558 2882 δεδεμένος
3599 2810 3668 2875 τῷ

2091 2907 2392 2976 Πνεύματι
2427 2907 2781 2976 πορεύομαι·
2815 2905 2890 2971 ὡς
2945 2904 3040 2959 ἐὰν
3083 2904 3256 2958 εἴποι·
3289 2903 3535 2971 Παῦλος
3582 2902 3670 2956 δέ-

2093 3012 2271 3068 σμιος
2299 2996 2498 3066 Ἰησοῦ
2532 2995 2816 3065 Χριστοῦ.
2850 2994 3026 3065 Πλὴν
3051 2993 3120 3050 τὸ
3157 2993 3402 3064 Πνεῦμά
3421 3011 3525 3064 μοι
3553 2993 3670 3048 διας

2087 3085 2450 3156 μαρτύρεται
2494 3085 2646 3140 κατὰ
2698 3086 2899 3150 πόλιν,
2943 3085 3158 3156 λέγον·
3194 3085 3378 3156 ὅμοιον
3408 3085 3484 3149 ὡς
3528 3080 3668 3138 εἶπε·

405 3151 724 3236 ritum-Cui
753 3181 1050 3250 respondet
1074 3181 1206 3236 illud
1236 3201 1249 3238 :
1290 3182 1355 3236 Et
1385 3152 1728 3240 circumcisus
1762 3151 1930 3241 σίτοιιί

2091 3151 2308 3247 Κύριος
2329 3177 2622 3248 μαρτυρεῖ
2646 3175 2721 3246 τῇ
2749 3175 2865 3247 ἐμῇ
2901 3151 3097 3247 φυῇ,
3126 3151 3239 3233 ὅτι-
3259 3177 3332 3231 οὐ
3361 3175 3670 3247 ψεύδομαι.

407 3273 605 3328 cisione
655 3289 760 3328 non
789 3289 951 3328 manu
993 3273 1179 3343 facta,
1241 3276 1296 3328 in
1325 3276 1706 3345 exspoliatione
1756 3282 1990 3350 corporis

405 3374 741 3436 peccatorum
791 3367 846 3418 in
890 3365 1289 3421 circumcisione
1328 3364 1612 3422 Christi“.
1647 3369 1786 3425 Illud
1815 3388 1943 3429 vero
1975 3393 1988 3431 :

407 3457 471 3514 Si
501 3445 731 3528 Spiritus
764 3457 864 3512 Dei
903 3458 1109 3512 habitat
1141 3459 1197 3513 in
1239 3459 1467 3526 vobis",
1498 3461 1627 3517 huic
1675 3471 1760 3518 est
1791 3463 1987 3522 atrme:

411 3548 871 3617 Quemadmodum
913 3552 1191 3621 accepistis
1221 3550 1524 3618 Christum,
1576 3555 1630 3608 in
1659 3556 1773 3625 ipso
1802 3557 1993 3612 ambu-

404 3642 613 3710 late";
643 3650 739 3700 et:
772 3642 1008 3713 Spiritus
1039 3643 1250 3698 Domini
1295 3645 1502 3700 locutus
1551 3655 1630 3702 est
1672 3648 1728 3702 in
1777 3665 1878 3706 me.
1917 3649 1991 3706 Et

405 3731 622 3788 uerbum
649 3731 765 3801 ejus
794 3733 848 3785 in
882 3747 971 3786 ore
1000 3747 1114 3787 meo
1135 3731 1206 3800 “,
1240 3733 1367 3788 item
1399 3746 1418 3786 :
1453 3733 1732 3791 Primitias
1757 3735 1989 3805 Spiritus

406 3822 747 3889 habentes",
783 3823 852 3879 ad
879 3823 1012 3878 illud
1045 3824 1255 3880 accedit
1292 3842 1307 3878 :
1344 3821 1614 3880 Primitiae
1660 3826 1985 3885 Christus".

408 3913 516 3971 Sed
543 3913 898 3985 ipseSpiritus
919 3914 1155 3985 postulat
1185 3931 1282 3986 pro
1309 3917 1544 3985 nobis",
1575 3917 1716 3972 idem
1747 3928 1832 3975 est
1863 3935 1987 3975 cum

407 4006 542 4062 illo:
584 4005 692 4074 Qui
739 4016 817 4061 est
857 4005 927 4060 ad
965 4006 1239 4062 dexteram
1281 4006 1410 4076 Dei,
1447 4011 1538 4079 qui
1567 4009 1864 4079 interpellat
1890 4027 1987 4081 pro

405 4097 558 4152 nobis
585 4096 651 4152 ".
687 4095 756 4152 Ut
781 4098 853 4152 sit
884 4097 1082 4152 oblatio
1115 4098 1347 4168 gentium
1377 4109 1612 4170 accepta,
1651 4101 1988 4169 sanctiﬁcata

2105 3270 2209 3326 Ἐν
2240 3269 2489 3342 δυνάμει
2515 3269 2666 3326 κατὰ
2696 3269 2936 3339 Πνεῦμα
2972 3269 3333 3341 ἀτιοσύνης·
3374 3268 3561 3340 ὅμοιον
3601 3267 3672 3338 τῷ

2093 3363 2298 3416 εἰπεῖν·
2339 3361 2528 3433 Ἄγιος
2581 3364 2612 3417 ό
2654 3361 2725 3415 ἐν
2772 3361 2964 3431 ἁγίοις
3017 3360 3504 3440 ἀναπαυόμενος·
3551 3360 3668 3413 καί·

2092 3452 2384 3522 Περιτομὴ
2415 3451 2663 3522 καρδίας
2693 3451 2763 3506 ἐν
2788 3453 3106 3524 Πνεύματι,
3135 3453 3318 3524 ὅμοιον
3359 3450 3439 3523 τῷ
3473 3453 3666 3505 εἰπεῖν·

2090 3543 2200 3598 Καὶ
2254 3542 2612 3614 περιετμήθη
2661 3542 2952 3614 περιτομῇ
3001 3542 3432 3614 ἀχειροποιήτῳ
3481 3543 3554 3596 ἐν
3603 3540 3669 3609 τῇ

2090 3635 2418 3690 ἀπεκδύσει
2446 3636 2553 3692 τοῦ
2576 3635 2850 3706 σώματος
2877 3637 2996 3691 τῶν
3020 3633 3318 3706 αμαρτιῶν
3345 3636 3417 3689 ἐν
3456 3633 3533 3703 τῇ
3577 3650 3668 3687 πε-

2081 3726 2299 3798 ριτομῇ
2329 3728 2436 3783 τοῦ
2463 3728 2748 3797 Χριστοῦ.
2772 3729 2954 3798 Εἴπερ
2982 3728 3226 3798 Πνεῦμα
3254 3727 3404 3783 Θεοῦ
3429 3727 3584 3782 οικεῖ
3607 3728 3667 3779 ἐν

2088 3820 2254 3892 ὑμῖν,
2289 3821 2473 3892 ὅμοιον
2518 3821 2596 3893 τῷ
2644 3822 2846 3876 εἰπεῖν·
2879 3822 3085 3889 Καθὼς
3117 3821 3360 3875 ἐλάϐετε
3399 3820 3662 3890 Χριστὸν,

2087 3912 2159 3968 ἐν
2184 3912 2344 3979 αὐτῷ
2386 3913 2792 3983 περιπατεῖτε·
2829 3913 2954 3969 καί·
3006 3913 3248 3983 Πνεῦμα
3291 3913 3516 3982 Κυρίου
3538 3911 3662 3965 ἐλά-

2088 4009 2285 4075 λησεν
2331 4006 2402 4060 ἐν
2438 4007 2590 4076 ἐμοί.
2637 4007 2745 4062 Καὶ
2778 4007 2959 4078 λόγος
2987 4006 3176 4062 αὐτοῦ
3199 4007 3273 4061 ὲν
3314 4005 3396 4072 τῷ
3424 4006 3664 4076 στόματί

2082 4115 2224 4168 μου.
2253 4097 2382 4163 Καὶ,
2415 4098 2534 4167 Τὴν
2571 4097 2855 4167 ἀπαρχὴν
2885 4099 2991 4153 τοῦ
3030 4099 3379 4167 Πνεύματος
3407 4099 3662 4166 ἔχοντες.

405 4191 462 4244 in
489 4189 692 4259 Spiritu
739 4199 922 4244 sancto
954 4191 1020 4244 ”.
1049 4189 1149 4245 Cui
1193 4189 1300 4245 hoc
1352 4191 1532 4246 simile
1558 4201 1641 4247 est
1673 4211 1686 4248 :
1727 4191 1930 4248 Domina

2091 4189 2272 4260 ὅμοιον
2317 4187 2396 4260 τῷ
2441 4190 2652 4244 εἰπεῖν·
2691 4187 2954 4260 Ἀπαρχὴ
3007 4191 3279 4258 Χριστός.
3327 4189 3482 4243 Ἀλλ’
3530 4189 3666 4240 acti

405 4291 582 4338 autem
624 4283 920 4352 sancti/icet
950 4299 1038 4337 vos
1059 4324 1076 4348 ,
1109 4283 1319 4340 ut'sitis
1341 4283 1571 4350 sinceri,
1606 4294 1655 4339 et
1683 4286 1796 4340 sine
1821 4287 1930 4356 o/fe:

2091 4279 2153 4335 τὸ
2187 4279 2431 4350 Πνεῦμα
2458 4280 2960 4350 ὑπερεντυγχάνει
2989 4281 3141 4348 ὑπὲρ
3170 4279 3358 4350 ἡμῶν,
3387 4281 3572 4350 ὅμοιον
3598 4276 3668 4345 τῷ

404 4374 552 4428 sione
578 4373 633 4428 in
651 4373 788 4427 diem
822 4373 1037 4427 Domini
1061 4373 1126 4427 ³ο.
1164 4371 1335 4430 Nobis
1375 4392 1494 4430 vero
1525 4376 1767 4432 reuelauit
1801 4377 1930 4433 Dant

2091 4373 2262 4426 εἰπεῖν
2282 4386 2296 4400 ·
2329 4373 2436 4438 ’Ὃς
2465 4371 2636 4425 ἐστιν
2665 4371 2733 4426 ἐν
2781 4370 2950 4439 δεξιᾷ
2995 4371 3104 4425 τοῦ
3151 4371 3323 4435 Θεοῦ,
3369 4371 3438 4437 ὃς
3471 4371 3670 4436 ἐντυγ-

405 4479 506 4518 nus
526 4479 616 4532 per
642 4464 808 4532 ipsius
830 4463 1090 4532 Spiritum
1107 4465 1174 4532 ³¹;
1203 4464 1347 4522 idem
1371 4481 1496 4523 .cum
1521 4467 1636 4530 isto
1667 4469 1788 4524 loco
1812 4470 1930 4541 sign

2092 4463 2260 4534 χάνει
2289 4463 2441 4531 ὑπὲρ
2475 4462 2662 4532 ἡμῶν.
2691 4463 2816 4517 Ἵνα
2843 4463 3080 4534 γένηται
3131 4463 3169 4531 ἡ
3206 4462 3528 4532 προσφορὰ
3559 4459 3670 4513 τῶν

297 4557 300 4560 ’
408 4554 571 4608 licat:
602 4553 826 4619 Quando
847 4554 1050 4622 placuit
1078 4555 1152 4620 ei,
1189 4556 1279 4625 qui
1313 4571 1393 4611 me
1418 4559 1709 4628 segregavit
1737 4559 1804 4612 ab
1836 4569 1930 4614 ute:

2091 4553 2281 4610 ἐθνῶν
2330 4555 2773 4624 εὐπρόσδεκτος
2793 4596 2808 4622 ,
2862 4554 3218 4624 άγιασθεῖσα
3259 4555 3330 4607 έν
3376 4554 3668 4624 Πνειτματι

405 4645 597 4699 matris
628 4661 756 4701 mete
774 4684 789 4710 ,
815 4661 907 4714 per
926 4647 1159 4716 gratiam
1182 4645 1346 4715 ipsius
1367 4687 1385 4714 ,
1426 4648 1655 4702 revelare
1686 4650 1743 4704 in
1780 4667 1862 4706 me
1891 4649 1990 4706 Fi-

406 4743 535 4797 lium
561 4758 714 4796 suum
743 4742 809 4796 ³¹.
849 4739 962 4796 Nos
996 4751 1170 4796 autem
1206 4758 1310 4796 non
1346 4741 1531 4796 mundi
1558 4744 1804 4813 spiritum
1832 4761 1985 4800 acce-

403 4833 602 4902 pimus,
653 4831 744 4887 sed
796 4831 1052 4899 Spiritum
1090 4832 1265 4888 Dei”.
1296 4833 1434 4888 Cum
1475 4849 1542 4890 eo
1587 4833 1984 4893 conferendum

403 4923 550 4978 istud
619 4934 734 4979 est:
785 4923 1138 4994 Vosmetipsos
1174 4925 1428 4995 probate,
1477 4942 1604 4980 num
1633 4925 1879 4983 Christus
1915 4929 1984 4983 sit

401 5015 456 5069 in
483 5014 703 5073 vobis“.
741 5016 1011 5086 Templum
1052 5017 1148 5070 Dei
1188 5017 1337 5082 estis,
1369 4999 1421 5070 et
1472 5016 1706 5086 Spiritus
1751 5017 1850 5072 Dei
1889 5019 1986 5073 ha-

401 5106 536 5162 bitat
563 5109 616 5163 in
661 5110 806 5164 vobis
830 5109 909 5164 “z
948 5109 1176 5180 perinde
1223 5118 1384 5180 atque
1427 5108 1558 5164 illud
1590 5129 1602 5166 :
1631 5108 1896 5164 llabitabo
1930 5111 1984 5164 in

470 5377 488 5408 ⁸
527 5375 649 5432 Act.
679 5392 803 5440 ιιιι,
839 5376 894 5431 2.
1018 5378 1039 5408 ⁸
1079 5377 1199 5433 Act.
1242 5395 1316 5442 ix,
1356 5378 1406 5432 7.
1513 5381 1532 5411 ³
1573 5382 1691 5433 Act.
1724 5397 1848 5440 xui,
1877 5382 1930 5436 4.

2035 5382 2056 5413 ⁸
2095 5381 2285 5436 Μηιιιι.
2318 5399 2372 5443 x,
2406 5383 2494 5437 l6.

2087 4648 2252 4718 ἁγίῳ,
2277 4648 2462 4718 ὅμοιον
2496 4647 2574 4719 τῷ
2617 4649 2818 4718 εἰπεῖνί·
2862 4647 2924 4701 '0
2971 4647 3187 4716 Κύριος
3223 4645 3468 4717 ἁγιάσαι
3497 4643 3670 4714 ὑμᾶς,

2088 4741 2189 4793 ἵνα
2211 4731 2316 4811 ἦτε
2338 4739 2697 4809 εἰλικρινεῖς,
2737 4738 2835 4794 καὶ
2870 4739 3281 4808 ἀπρόσκοπτοι
3317 4741 3406 4806 εἰς
3449 4737 3676 4808 ἡμέραν

2085 4835 2328 4903 Κυρίου.
2370 4834 2539 4904 Ἡμῖν
2585 4833 2652 4888 δὲ
2694 4833 3090 4902 ἀπεκάλυψεν
3143 4837 3175 4888 ό
3227 4833 3373 4900 Θεὸς
3419 4833 3524 4886 διὰ
3573 4830 3673 4885 τοῦ

2086 4927 2430 4997 Πνεύματος
2458 4925 2666 4991 αὑτοῦ,
2693 4927 2878 4996 ὅμοιον
2906 4925 2985 4994 τῷ
3013 4926 3216 4980 εἰπεῖν·
3247 4926 3388 4979 Ὅτε
3421 4925 3676 4988 εὐδόκη-

2086 5032 2200 5072 σεν
2227 5021 2259 5073 ό
2285 5019 2582 5088 ἀφορίσας
2606 5035 2684 5088 με
2708 5019 2777 5072 ἐκ
2798 5017 3029 5084 κοιλίας
3048 5016 3277 5089 μητρός
3297 5036 3416 5088 μου
3438 5015 3544 5070 διὰ
3571 5013 3675 5080 τῆς

2085 5109 2326 5183 χάριτος
2350 5112 2536 5167 αὑτοῦ
2576 5112 2966 5180 ἀποκαλύψαι
3007 5112 3079 5166 ἐν
3105 5111 3235 5183 ἐμοὶ
3273 5112 3380 5166 τὸν
3407 5110 3551 5165 Υίόν
3576 5109 3678 5162 αὺ-

2607 5386 2628 5416 “
2668 5382 2789 5439 Act.
2824 5402 2915 5449 xv,
2952 5387 3043 5443 28.
3151 5387 3172 5416 ‘
3210 5387 3232 5440 ι
3276 5387 3399 5442 Cor.
3434 5401 3535 5451 ισιι,
3587 5382 3672 5451 10-

401 5448 438 5521 :
459 5446 584 5500 Act.
617 5461 739 5521 ut,
759 5448 813 5513 6,
854 5446 909 5521 7.
957 5448 1007 5521 _'
1039 5447 1227 5521 Matth.
1250 5465 1440 5521 sxvm,
1462 5449 1549 5505 l9.
1580 5520 1586 5521 ί
1623 5451 1643 5482 ⁹
1681 5450 1868 5521 Matth.
1899 5468 1930 5521 ι

2091 5475 2096 5512 μ
2139 5452 2301 5507 Marc.
2337 5468 2411 5515 Vl,
2444 5454 2498 5507 8.
2591 5455 2636 5486 ¹⁰
2675 5454 2798 5509 Act.
2843 5446 2952 5521 uit,
2983 5458 3039 5513 b.
3129 5457 3171 5488 "
3215 5458 3348 5512 ibid.
3386 5459 3472 5511 Η.
3521 5446 3598 5486 ’¹’
3632 5450 3671 5521 ΙΙ

399 5516 525 5592 Cor.
557 5532 676 5580 χιιι,
707 5517 762 5574 '5.
799 5519 901 5592 ω¹³
942 5518 1186 5592 Acus“,
1213 5520 1284 5574 33
1365 5520 1444 5592 Af"
1482 5520 1614 5577 ibid.
1643 5520 1733 5574 22.
1813 5523 1854 5554 ³⁵
1894 5520 1930 5574 Ρ

2091 5540 2122 5577 ι.
2169 5523 2217 5577 1.
2295 5524 2340 5555 ¹⁶
2372 5523 2536 5578 llebr.
2574 5525 2733 5590 3,15.
2816 5527 2856 5557 ν’
2897 5516 3015 5584 Cal.
3043 5545 3080 5592 ι,
3112 5527 3206 5582 20.
3284 5529 3328 5560 "
3358 5526 3514 5583 Rom.
3553 5541 3593 5588 1.
3616 5520 3671 5574 ιο

401 5586 444 5616 ¹⁹
485 5586 591 5641 lsa.
623 5601 756 5651 Lvu,
793 5587 882 5641 15.

992 5589 1038 5618 ὀ
1081 5589 1236 5642 Rom.
1270 5606 1331 5654 ιι,
1356 5589 1448 5644 29.
1560 5593 1600 5621 "
1644 5592 1761 5646 Col.
1795 5607 1853 5657 ll,
1885 5593 1969 5645 Η.

2082 5595 2126 5624 ’³
2168 5594 2616 5667 Ιλίζοιζηιιιηιϐη
2689 5595 2750 5667 _"
2786 5597 2985 5664 Col.n,
3015 5591 3075 5652 6.7
3181 5599 3230 5631 “
3270 5591 3668 5667 Regnum}-

486 5652 642 5737 μιλιιι.
673 5656 912 5737 νιιιιὲὂ.
950 5656 1267 5737 Ἀ’χιροτ.
1415 5661 1520 5737 (25..-
1564 5662 1646 5737 _"_
1668 5652 1925 5737 ltomfvu

2091 5704 2097 5737 ἶ
2151 5663 2392 5737 β’ᾼίὶΜ.
2424 5652 2550 5737 5'4,
2603 5652 3092 5737 "Rom.xv.'16.
3173 5669 3218 5701 ³·
3258 5652 3485 5737 Philipp.
3517 5652 3670 5737 1,10.

401 5724 444 5760 ⁸⁸
486 5721 751 5792 ICor.-|I,
789 5727 874 5781 l0.
950 5727 993 5758 ³²
1033 5725 1209 5780 Galat.
1237 5743 1276 5794 ι,
1314 5728 1400 5783 15.
1479 5730 1522 5761 ³³
1564 5730 1736 5786 lCor.
1767 5748 1828 5797 ιι,
1904 5731 1927 5783 1

2091 5734 2107 5765 ⁵
2151 5733 2188 5787 ιι
2212 5734 2337 5788 Cor.
2371 5748 2484 5802 xm,
2522 5735 2572 5788 5.
2652 5736 2754 5808 "_l
2787 5721 3023 5807 conn;
3049 5721 3134 5794 lii.
3214 5721 3581 5806 ’δ’ῗξᾶἷιὲρόέ.
