3822 6342
213 408 328 467 £35

903 403 1274 463 ADVERSUS
1310 405 1654 464 HEBESES
1693 407 1819 465 LIB.
1853 409 1938 464 Ill.
1979 409 2142 466 TOM.
2188 414 2230 466 ι.
2259 443 2322 454 —-
2346 413 2618 470 llrERES.
2661 416 2892 474 LXXIV.

3392 425 3500 484 498

213 522 346 580 τοῦ.
386 519 573 591 Ἡμεῖς
611 518 679 572 δὲ
715 519 787 572 οὐ
814 515 881 571 τὸ
927 517 1162 588 πνεῦμα
1199 521 1304 574 τοῦ
1346 523 1578 590 κόσμου
1603 520 1807 575 ἐλάϐο-

1915 521 2021 575 illis
2043 567 2057 588 ,
2092 533 2140 577 et
2195 523 2534 580 inambulabo
2560 568 2574 592 ,
2613 540 2662 581 et
2711 545 2798 582 ero
2851 530 3065 584 illorum
3101 533 3239 590 Deus
3265 578 3277 602 ,
3308 549 3358 592 et
3391 541 3497 607 ipsi

207 631 348 680 μεν,
372 612 536 669 ἀλλὰ
573 610 640 665 τὸ
669 607 910 678 Πνεῦμα
943 608 1048 663 τοῦ
1083 609 1252 676 Θεοῦ,
1275 611 1458 681 ὅμοιον
1487 610 1564 681 τῷ
1592 613 1764 665 εἰπεῖν
1783 627 1799 644 θ

1909 624 2062 669 erunt
2083 615 2210 668 mihi
2241 618 2464 687 populus
2483 619 2522 672 ’.

221 709 515 774 Ἑαυτοὺς
537 703 895 776 δοκιμάζετε,
929 706 978 756 ει
1011 706 1044 758 ὁ
1083 705 1340 773 Χριστὸς
1370 705 1442 760 ἐν
1459 706 1618 774 ὑμῖν.
1649 705 1808 773 Ναὸς
1831 709 1937 764 τοῦ
1964 711 2110 764 Θεοῦ
2135 711 2296 776 ἐστε,
2326 713 2422 768 καὶ
2467 713 2536 767 τὸ
2580 715 2822 785 Πνεῦμα
2854 717 2961 772 τοῦ
3016 721 3160 776 Θεοῦ
3216 723 3372 777 olus?
3421 725 3492 778 ἑν

211 893 476 948 ἔσονται
493 909 599 962 μοι
623 891 793 954 λαός.

289 985 384 1050 ς’.
429 981 594 1036 Ἀλλὰ
619 981 720 1051 τὴν
747 977 1030 1032 δικαίωσιν
1061 975 1120 1042 ἐξ
1151 977 1352 1047 ἀμφοῖν
1391 977 1540 1047 λέγει
1569 980 1665 1034 καὶ
1693 979 1792 1051 τὴν

215 1077 402 1148 ιάριν.
430 1071 851 1138 Δικαιωθέντες
881 1071 948 1124 δὲ
975 1071 1045 1124 ἐν
1073 1068 1153 1135 τῷ
1181 1065 1547 1140 ὀνόματιτοῦ
1580 1071 1803 1140 Kvplov

213 1167 392 1238 ἡμῶν
433 1166 642 1236 Ἰησοῦ
665 1163 946 1234 Χριστοῦ,
986 1163 1082 1217 καὶ
1107 1163 1178 1217 ἐν
1225 1162 1306 1226 τῷ
1353 1164 1650 1234 Πνεύματι
1698 1163 1806 1218 τοῦ

215 1261 374 1316 Θεοῦ
399 1257 591 1329 ἡμῶν,
615 1259 800 1330 ὅμοιον
838 1255 918 1326 τῷ
947 1257 1150 1309 εἰπεῖν·
1181 1253 1599 1321 Δικαιωθέντες
1646 1253 1714 1307 δὲ
1737 1255 1806 1308 ἐκ

213 1351 505 1418 πίστεως,
539 1347 788 1418 εἰρήνην
816 1348 1038 1416 ἔχομεν
1060 1345 1212 1414 πρὸς
1235 1343 1508 1400 τὸνθεόν
1551 1342 1650 1397 διὰ
1700 1342 1806 1398 τοῦ

215 1441 446 1511 Κυρίου
505 1436 672 1508 ἡμῶν
725 1436 931 1504 Ἰησοῦ
977 1434 1257 1503 Χριστοῦ.
1301 1433 1513 1501 Οὐδεὶς
1561 1433 1810 1488 δύναται

213 1531 416 1588 sissis-
433 1532 656 1598 Κύριοι·
693 1528 956 1596 Ἰησοῦν,
1001 1529 1050 1580 ει
1086 1525 1172 1596 μὴ
1206 1526 1276 1579 ἐν
1304 1525 1600 1593 Πνεύματι
1625 1525 1807 1596 ἁγίῳ*

217 1625 336 1689 καὶ,
370 1622 586 1688 οὐδεὶς
607 1621 858 1674 δύναται
885 1618 1126 1686 Πνεῦμα
1157 1615 1329 1687 ἅγιον
1356 1615 1565 1670 λαϐεῖν
1585 1614 1624 1683 ἢ
1650 1615 1810 1683 παρὰ

219 1718 467 1785 Κυρίου.
517 1712 844 1782 Διαιρέσεις
898 1710 967 1763 δὲ
1005 1711 1389 1780 χαρισμάτων
1437 1706 1554 1761 εἰσὶ
1577 1747 1590 1770 ,
1631 1707 1694 1760 τὸ
1742 1706 1810 1759 δὲ

1985 971 2076 1028 Vl.
2101 973 2244 1040 Quin
2261 975 2422 1030 etiam
2435 976 2882 1045 justiﬁeationem
2913 980 2980 1036 ab
3007 993 3241 1055 utroque
3269 1003 3494 1048 manare

1911 1066 2250 1122 demonstrat
2289 1075 2342 1122 et
2390 1068 2646 1137 gratiam.
2671 1069 2973 1141 Justiﬁcati
2997 1089 3158 1142 porro
3193 1079 3248 1133 in
3284 1087 3495 1140 nomine

1913 1157 2128 1212 Domini
2165 1159 2334 1212 nostri
2371 1158 2502 1214 Jesu
2547 1159 2781 1223 Christi,
2817 1171 2868 1216 et
2905 1165 2961 1218 in
3012 1165 3218 1236 Spiritu
3259 1171 3358 1228 Dei
3393 1193 3492 1230 no-

1913 1250 2068 1303 stri'.
2105 1249 2205 1304 Cui
2253 1251 2434 1306 simile
2477 1260 2561 1307 est
2587 1271 2600 1306 :
2631 1251 2928 1322 Justiﬁcati
2955 1267 3130 1313 autem
3160 1277 3226 1315 ea:
3256 1263 3364 1333 ﬁde
3395 1281 3494 1336 pa-

1913 1354 2024 1392 cem
2053 1338 2306 1394 habemus
2333 1357 2452 1394 cum
2480 1342 2590 1396 Deo
2609 1359 2702 1412 per
2723 1343 3013 1402 Dominum
3043 1362 3283 1408 nostrum
3309 1355 3492 1413 Iesum

1915 1427 2249 1484 Christum‘.
2305 1430 2476 1486 Nemo
2527 1444 2696 1502 potest
2750 1435 2924 1490 dicere
2963 1438 3245 1497 Dominum
3281 1445 3488 1510 Iesum.

1908 1521 2016 1575 nisi
2051 1523 2104 1574 in
2139 1520 2345 1592 Spiritu
2379 1527 2603 1578 sancto‘
2635 1542 2650 1590 ;
2685 1536 2738 1582 et
2783 1542 2798 1580 :
2833 1526 3002 1583 Nemo
3045 1543 3216 1598 potest
3258 1540 3494 1608 accipere

1917 1611 2178 1680 Spiritum
2209 1625 2474 1679 sanetum,
2502 1617 2609 1670 nisi
2647 1635 2678 1671 a
2715 1618 2962 1677 Domino.
2998 1623 3295 1682 Divisiones
3329 1645 3492 1699 porro

1908 1707 2208 1775 gratiarum
2242 1719 2387 1774 sunt,
2451 1709 2586 1764 idem
2631 1727 2750 1765 vero
2793 1711 3026 1782 Spiritus
3063 1733 3082 1771 :
3118 1727 3172 1773 et
3209 1721 3492 1778 divisiones

217 1811 368 1863 αὐτύ
425 1805 670 1875 Πνεῦμα
693 1821 707 1834 ·
737 1804 835 1857 καὶ
863 1800 1184 1870 διαιρέσεις
1219 1799 1543 1854 διακονιῶν
1567 1800 1744 1864 εἰσιν,
1781 1800 1807 1851 ὁ

1915 1798 2332 1852 ministeriorum
2361 1809 2524 1864 sunt,
2559 1802 2696 1856 idem
2724 1814 2902 1859 autem
2924 1807 3086 1873 Deus,
3121 1813 3214 1879 qui
3241 1825 3492 1881 operatur

215 1901 289 1955 δὲ
319 1899 508 1966 αὐτὸς
540 1899 705 1965 Θεὸς,
729 1900 762 1952 ὁ
781 1893 1039 1965 ἐνεργῶν
1062 1894 1133 1947 τὰ
1165 1894 1361 1946 πάντα
1381 1893 1451 1946 ἐν
1473 1889 1624 1945 πᾶσι
1645 1908 1660 1922 ·
1691 1891 1803 1956 καὶ,

231 1993 380 2049 Ἀπὸ
407 1993 596 2062 δόξης
621 1993 710 2057 εις
760 1989 967 2054 δόξαν.
1009 1985 1202 2054 καθὼς
1229 1985 1348 2040 ἀπὸ
1375 1985 1596 2054 Κυρίου
1619 1985 1807 2038 Πνεὺ-

215 2104 438 2159 ματοςι
475 2087 590 2150 καὶ,
619 2085 714 2152 Μὴ
737 2082 984 2138 λυπεῖτε
1007 2080 1072 2134 τὸ
1099 2079 1340 2150 Πνεῦμα
1385 2079 1452 2132 τὸ
1493 2077 1685 2145 ἄτιον,
1738 2077 1808 2130 ἐν

219 2176 270 2249 ᾧ
296 2178 744 2250 ἐσφραγίσθητε
767 2177 855 2241 εις
872 2171 1102 2244 ἡμέραν
1121 2169 1609 2240 ἀπολυτρώσεως,
1624 2169 1806 2238 ὅμοιον

221 2273 299 2344 τῷ
313 2273 525 2325 εἰπεῖν·
565 2271 636 2323 Et
665 2263 1122 2336 παραζηλοῦμεν
1149 2263 1256 2317 τόν
1275 2263 1513 2329 Κύριον,
1534 2259 1620 2330 μὴ
1639 2262 1810 2327 ὶσχυο

215 2368 452 2434 ρότεροι
485 2359 673 2414 αὑτοῦ
695 2359 912 2428 ἐσμεν;
947 2357 1018 2410 Τὸ
1045 2356 1113 2410 δὲ
1141 2355 1382 2425 Πνεῦμα
1393 2353 1590 2422 ῥητῶς
1623 2352 1805 2422 λέγει,

221 2460 408 2526 ὅμοιον
433 2453 512 2524 τῷ
539 2453 714 2505 εἰπεῖν
737 2465 752 2480 ν
779 2449 923 2504 Τάδε
947 2449 1109 2518 λέγει
1129 2448 1341 2515 Κύριος
1363 2441 1803 2512 παντοκράτωρ.

223 2550 356 2612 Καὶ,
396 2545 469 2601 Τὸ
491 2541 746 2612 Πνεῦμα
780 2559 898 2611 μου
933 2539 1273 2610 ἐφέστηκεν
1309 2537 1378 2590 ἑν
1409 2535 1578 2606 μέσῳ
1617 2534 1804 2603 ὑμῶν.

235 2640 375 2696 Ἐάν
393 2657 492 2705 τις
517 2637 648 2708 ἐμοὶ
679 2633 894 2702 ἀνοίξῃ
940 2631 1258 2692 εισελθεῖν,
1280 2629 1394 2700 ἐγὼ
1423 2628 1520 2682 καὶ
1545 2631 1576 2682 ὁ
1605 2626 1808 2695 Πατὴρ

219 2731 424 2804 μονὴν
449 2729 587 2799 παρ’
614 2725 774 2793 αὐτῷ
799 2723 1158 2792 ποιήσομεν.
1191 2722 1418 2783 Ἡσαΐας
1455 2720 1540 2773 δέ·
1577 2719 1688 2772 Καὶ
1712 2719 1806 2772 ἐπ’

225 2825 406 2878 αὑτὸν
443 2821 688 2890 Πνεῦμα
719 2817 885 2874 Θεοῦ.
931 2817 990 2870 Ὀ
1021 2815 1078 2870 δὲ
1101 2813 1366 2884 Χριστός’
1405 2812 1647 2881 Πνεῦμα
1692 2814 1808 2866 Kv-

225 2915 356 2982 piov
382 2915 480 2968 ἑπ’
512 2913 638 2980 ἐμὲ,
681 2907 754 2967 οὗ
781 2911 992 2964 ἕνεκεν
1021 2905 1227 2977 ἓχρισέ
1245 2922 1320 2976 με
1340 2919 1355 2934 ⁸
1409 2905 1525 2969 καὶ,
1572 2902 1808 2970 Ἰησοῦν

227 3007 334 3060 τὸν
365 3005 488 3060 άπὸ
527 3001 806 3072 Ναζαρὲτ,
845 3000 918 3055 ὃν
961 2999 1207 3069 ἔχρισεν
1258 3001 1292 3052 ά
1329 2995 1474 3062 Θεὸς
1512 2995 1807 3064 Πνεύματι

229 3099 374 3168 άγίφ
393 3115 408 3128 ο
447 3097 514 3172 ἡ·
555 3096 770 3164 Κύριος
802 3090 1148 3148 ἀπέσταλκέ
1177 3105 1274 3160 με.
1303 3087 1406 3142 καὶ
1456 3087 1524 3141 τὸ
1566 3086 1807 3156 Πνεῦμα

227 3186 436 3243 αὐτοῦ.
453 3186 667 3258 Φανερὰ
689 3186 746 3238 δὲ
766 3183 860 3238 καὶ
881 3183 916 3254 ἡ
942 3180 1092 3253 φωνὴ
1111 3181 1220 3234 τῶν
1239 3197 1296 3234 σε
1306 3180 1480 3252 ραφὶμ
1506 3179 1803 3251 κράξουσιν

233 3283 456 3351 Ἀτιος,
483 3279 672 3347 ἅγιος,
706 3277 874 3345 ἅγιος
901 3276 1112 3342 Κύριος
1129 3271 1390 3327 Σαϐαὼθ.
1421 3269 1546 3324 Ἐὰν
1570 3270 1627 3324 δὲ
1651 3269 1808 3323 ἀκού-

231 3384 350 3443 σῃς,
403 3371 492 3423 δτι
548 3365 629 3436 Τῇ
681 3362 852 3431 δεξιᾷ
887 3363 994 3418 τοῦ
1043 3363 1190 3417 Θεοῦ
1229 3362 1492 3430 ὑψωθείς
1511 3378 1524 3391 ·
1557 3360 1656 3416 καὶ
1697 3359 1809 3428 τὴν

229 3458 596 3533 ἐπα-Πελίαν
630 3456 738 3512 τοῦ
779 3455 1124 3524 Πνεύματος
1153 3452 1357 3508 λαϐὼν
1377 3450 1538 3520 παρὰ
1558 3449 1664 3504 τοῦ
1693 3453 1811 3504 Πα-

229 3553 396 3622 τρός·
425 3551 483 3621 ἢ,
515 3547 862 3619 Περιμένειν
879 3546 996 3632 τὴν
1029 3545 1393 3615 ἐπαγγελίαν
1421 3542 1530 3598 τοῦ
1555 3541 1804 3632 Πατρός,

231 3644 310 3712 ἣν
329 3643 638 3712 ἠκούσατε
663 3655 676 3668 ·
699 3637 756 3710 ἢ,
799 3637 880 3690 ὅτι
900 3631 982 3692 Τὸ
1037 3635 1277 3705 Πνεῦμα
1323 3633 1510 3688 αὑτὸν
1531 3631 1809 3687 ἐκϐάλλει

229 3738 314 3802 εις
331 3733 453 3802 τὴν
482 3731 709 3801 ἔρημον
729 3748 742 3760 ·
794 3729 854 3800 ἢ,
882 3729 966 3783 ὅτι
993 3728 1154 3790 αὐτὸς
1188 3727 1336 3795 λέγει
1360 3743 1375 3758 ⁸
1404 3725 1504 3794 Μὴ
1531 3727 1811 3796 μεριμνή·

231 3843 376 3896 σητε
433 3823 494 3878 τι
547 3823 745 3877 εἷπετε
764 3838 778 3854 ·
813 3819 902 3875 ὅτι
943 3821 1007 3874 τὸ
1061 3819 1306 3890 Πνεῦμα
1342 3818 1410 3872 τὸ
1450 3819 1688 3874 λαλοῦν
1739 3819 1810 3873 ἐν

231 3918 370 3986 ὑμῖν
391 3935 407 3949 ·
449 3915 486 3988 ἦ
505 3930 520 3944 ⁸
545 3915 618 3970 El
673 3913 744 3968 δὲ
785 3913 856 3967 ἐν
893 3911 1192 3982 Πνεύματι
1245 3911 1392 3966 Θεοῦ
1429 3910 1700 3966 ἐκϐάλλω
1739 3911 1809 3966 τὰ

229 4011 506 4080 δαιμόνια
527 4024 544 4040 ο
573 4007 610 4078 ἦ
631 4024 646 4039 ·
689 4007 744 4059 Ὀ
777 4005 846 4060 δὲ
875 4003 1262 4074 ,ϐλασφημῶν
1279 4007 1364 4069 εις
1387 4003 1451 4058 τὸ
1475 4003 1718 4073 Πνεῦμα
1743 4003 1807 4056 τὸ

232 4103 420 4172 ἀΐων,
481 4103 596 4156 οὐκ
647 4099 1014 4168 ἀφεθήσεται
1051 4096 1210 4163 αὐτῷ
1230 4138 1245 4164 ,
1297 4098 1391 4152 καὶ
1434 4096 1500 4151 τὰ
1537 4095 1691 4168 ἑξῆς·
1731 4097 1766 4167 ἦ
1791 4113 1804 4127 ·

235 4195 446 4264 Πάτερ,
481 4195 573 4256 εἰς
603 4190 807 4261 χεῖράς
857 4204 974 4244 σου
1005 4187 1427 4258 παραθήσομαι
1476 4190 1544 4241 τὸ
1573 4187 1810 4256 πνεῦμά

231 4307 344 4357 μου
363 4302 378 4317 ο
401 4287 440 4358 ἡ
462 4303 476 4316 ·
518 4285 592 4340 Τὸ
613 4283 857 4338 παιδίον
897 4281 1144 4350 ηὔξανε,
1191 4279 1290 4335 καὶ
1324 4278 1704 4349 ἐκραταιοῦτο
1729 4277 1810 4345 τῷ

231 4380 553 4449 Πνεύματι.
586 4374 826 4442 Ἰησοῦς
839 4374 927 4438 δὲ,
948 4375 1245 4440 πλησθεὶς
1255 4372 1600 4442 Πνεύματος
1611 4371 1806 4440 ἁγίου,

1909 1890 2088 1943 omnia
2123 1891 2178 1943 in
2223 1891 2529 1958 omnibus“;
2561 1901 2616 1948 et
2657 1911 2670 1946 :
2709 1895 2748 1948 Α
2787 1897 2960 1965 gloria
2993 1902 3046 1954 in
3078 1903 3326 1971 gloriam,
3365 1917 3488 1960 tan-

1918 1995 2078 2049 quam
2129 1997 2162 2033 a
2205 1981 2422 2036 Domini
2487 1983 2761 2053 Spiritu“;
2808 1997 2906 2042 et:
2941 1987 3123 2046 Nolite
3173 1998 3490 2053 contristare

1925 2069 2182 2138 Spiritum
2207 2085 2476 2136 sanctum,
2506 2077 2560 2128 in
2599 2093 2702 2146 quo
2731 2079 2928 2148 signati
2950 2083 3074 2137 estis
3113 2085 3166 2138 in
3203 2085 3340 2140 diem
3367 2090 3492 2143 red-

1911 2163 2264 2230 emptionis';
2295 2181 2420 2218 cum
2489 2167 2582 2222 illo
2628 2171 2982 2227 consentiunt
3013 2193 3026 2228 :
3064 2173 3123 2228 Si
3151 2191 3488 2243 provocemus

1915 2252 2227 2322 Dominum,
2275 2273 2344 2310 an
2375 2257 2620 2326 fortiores
2659 2261 2772 2328 ipso
2802 2265 3056 2318 sumus“?
3087 2265 3200 2322 Hoc
3253 2281 3432 2324 autem
3469 2291 3480 2325 :

1908 2342 2138 2411 Spiritus
2169 2347 2448 2409 manifeste
2473 2348 2660 2414 dicit’,
2687 2352 2866 2408 simile
2894 2362 2978 2408 est
3031 2355 3160 2410 huic
3195 2375 3208 2411 :
3243 2357 3376 2412 Hac
3401 2361 3489 2414 di-

1908 2437 1978 2489 cit
2014 2435 2274 2492 Dominus
2311 2441 2757 2508 onmipotens;-et
2791 2460 2802 2496 :
2842 2443 3078 2516 Spiritus
3111 2465 3256 2504 meus
3289 2462 3398 2506 stat
3431 2455 3487 2506 in

1911 2529 2078 2582 medio
2133 2531 2370 2596 vestri“,
2427 2549 2550 2588 cum
2602 2535 2710 2589 isto
2771 2537 3126 2608 (onjungitur
3175 2556 3189 2592 :
3254 2541 3313 2597 Si
3369 2547 3486 2613 quis

1909 2625 2169 2690 aperuerit
2211 2624 2338 2678 mihi
2382 2636 2438 2678 ut
2495 2627 2844 2697 ingrediar“.
2877 2646 2968 2700 ego
3016 2637 3064 2684 el
3109 2633 3278 2705 894
3328 2631 3489 2690 Pater

1909 2719 2232 2772 mansionem
2262 2719 2403 2788 apud
2443 2720 2613 2788 ipsum
2639 2722 2972 2790 faciemus“.
3007 2724 3130 2780 Haec
3162 2726 3334 2782 Isaias
3365 2744 3377 2779 :
3417 2729 3484 2782 lit

1908 2825 2066 2878 super
2093 2810 2284 2879 ipsum,
2315 2811 2573 2881 inquit",
2605 2813 2838 2882 Spiritus
2873 2814 2994 2870 Dei.
3021 2817 3275 2872 Christus
3305 2835 3434 2874 vero
3467 2837 3482 2873 :

1909 2899 2140 2968 Spiritus
2173 2901 2390 2956 Domini
2420 2917 2574 2972 super
2595 2921 2697 2970 me,
2719 2915 2931 2975 propter
2957 2908 3096 2977 quod
3127 2910 3278 2962 unxit
3309 2912 3482 2976 me“;

1907 3001 1962 3046 et
2000 3009 2012 3046 :
2055 2991 2240 3047 Iesum
2269 3009 2302 3048 α
2337 2995 2610 3050 Nasaretlt
2631 3037 2645 3061 ,
2691 3013 2843 3068 quem
2875 3001 3032 3053 unxit
3083 3001 3222 3055 Deus
3274 2999 3482 3072 Spiritu

1909 3094 2094 3139 saneto
2112 3084 2275 3141 ".Vel
2303 3102 2316 3138 :
2354 3086 2610 3142 Dominus
2637 3090 2780 3143 misit
2809 3107 2911 3154 me,
2945 3101 2996 3145 et
3023 3091 3256 3161 Spiritus
3285 3093 3400 3162 ejus
3419 3095 3482 3146 “.

1910 3175 2022 3232 Nec
2071 3178 2306 3233 obscura
2343 3182 2762 3250 seraphinorum
2801 3183 3155 3238 clamantium
3193 3199 3296 3240 vos
3345 3195 3427 3240 est
3469 3202 3482 3236 :

1910 3265 2160 3332 Sanetus,
2189 3278 2429 3328 sanctus.
2457 3280 2676 3326 sanctus
2704 3271 2964 3329 Dominus
2993 3273 3230 3329 Sabaoth
3249 3277 3312 3330 ".
3338 3274 3488 3331 Prai-

1911 3369 2060 3414 terca
2099 3376 2224 3416 cum
2269 3361 2401 3416 illud
2436 3363 2662 3419 audiet:
2701 3365 2902 3420 Dextra
2932 3367 3030 3422 Dei
3072 3369 3342 3423 excitatus
3377 3385 3396 3424 :
3435 3378 3486 3424 et

1907 3453 2311 3520 promissionem
2363 3453 2596 3523 Spiritus
2652 3457 2914 3526 accipiens
2971 3475 3006 3512 a
3060 3456 3304 3514 Patre".
3340 3458 3481 3516 Vel:

1911 3542 2232 3614 Exspectare
2267 3548 2665 3614 promissionem
2693 3546 2910 3613 Patris,
2954 3565 3114 3619 quam
3157 3547 3388 3605 audistis
3411 3553 3484 3612 ης

1910 3636 1994 3692 vel
2027 3637 2488 3705 quemadmodum
2537 3635 2768 3708 Spiritus
2823 3638 2976 3694 illum
3009 3640 3068 3695 in
3103 3641 3366 3696 desertam
3395 3657 3488 3696 eo:-

1907 3727 2040 3797 pulit
2059 3727 2140 3796 ";
2171 3730 2254 3784 vel
2287 3728 2432 3803 quod
2459 3729 2600 3786 idem
2637 3731 2714 3784 ait
2739 3749 2755 3786 :
2785 3729 2968 3786 Nolite
2995 3733 3232 3803 cogitare
3251 3733 3380 3802 quid
3403 3735 3488 3789 la-

1908 3822 2167 3892 quamini,
2202 3823 2452 3890 quoniam
2483 3821 2722 3892 Spiritus
2750 3825 2985 3895 loquitur
3009 3826 3068 3880 in
3091 3827 3235 3882 nobis
3252 3828 3335 3894 ἰς
3369 3829 3490 3882 sive

1911 3915 2040 3971 illud
2077 3933 2090 3970 :
2123 3913 2184 3970 Si
2221 3925 2400 3970 autem
2449 3917 2504 3971 in
2535 3914 2742 3986 Spiritu
2785 3916 2884 3972 Dei
2927 3917 3082 3987 ejicio
3111 3919 3376 3972 dtemouia
3395 3920 3482 3982 ³³ς

1910 4007 1993 4062 γει
2027 4025 2041 4060 :
2077 4007 2183 4074 Qui
2233 4018 2410 4061 autem
2463 4007 2898 4077 blasphemuverit
2947 4011 3002 4063 in
3061 4007 3320 4078 Spiritum
3359 4025 3486 4064 san-

1909 4111 2073 4164 etum,
2105 4115 2210 4154 non
2237 4099 2530 4154 remittetur
2558 4099 2608 4154 ei
2628 4099 2695 4166 ”,
2727 4107 2871 4167 etc.;
2911 4099 2996 4154 vel
3025 4115 3038 4150 :
3071 4097 3253 4162 Pater,
3283 4101 3339 4153 in
3373 4115 3487 4154 ma-

1911 4207 2008 4244 nus
2057 4199 2177 4244 tuas
2225 4187 2532 4244 commendo
2571 4191 2818 4258 spiritum
2863 4205 3038 4245 meum
3058 4191 3133 4258 “;
3175 4192 3258 4244 vel
3287 4209 3316 4266 ε,
3343 4189 3488 4244 Puer

1909 4281 2208 4347 crescebat,
2255 4289 2306 4336 et
2333 4281 2778 4336 carroborabatur
2821 4279 3030 4351 Spiritu
3053 4282 3122 4338 ³⁸.
3180 4281 3339 4336 Iesus
3367 4299 3488 4338 vero

1909 4373 2136 4443 repletus
2196 4373 2404 4444 Spiritu
2452 4383 2636 4428 saneto
2677 4389 2912 4429 reversus
2949 4383 3029 4427 est
3078 4391 3112 4428 a
3155 4373 3396 4430 Jordane
3418 4377 3484 4429 ".

231 4472 618 4542 ὑπέστρεψεν
645 4467 766 4522 ἀπὸ
789 4465 898 4520 τοῦ
927 4464 1234 4534 Ἰορδάνου
1260 4479 1274 4494 ·
1305 4464 1339 4534 ἡ
1359 4480 1376 4496 υ
1409 4461 1807 4530 Ὑπέστρεψεν

1913 4467 2040 4522 Sive
2069 4483 2082 4518 :
2112 4465 2366 4522 Reuersus
2411 4475 2492 4520 est
2535 4463 2693 4520 Jesus
2727 4469 2920 4520 virtute
2963 4463 3294 4535 Spiritus";
3347 4469 3430 4524 vel
3470 4487 3484 4523 :

243 4565 476 4636 Ἰησοῦς
529 4561 608 4632 τῇ
661 4559 910 4630 δυνάμει
957 4559 1064 4614 ι’οὲ
1103 4557 1472 4627 Πνεύματοςο
1507 4556 1574 4626 ῆο
1615 4557 1686 4610 Τὸ
1719 4572 1812 4625 τε-

229 4654 603 4728 τεννημένον
663 4653 732 4707 ἐκ
781 4652 887 4706 τοῦ
931 4651 1271 4718 Πνεύματος
1327 4645 1564 4716 πνεῦμά
1607 4647 1808 4700 ἐστιν·

229 4751 410 4821 ὅμοιον
459 4747 542 4819 τῷ
590 4747 764 4800 εἰπεῖν
782 4761 796 4777 ο
831 4747 891 4797 ’Ὀ
921 4743 1170 4813 γέγονεν
1231 4742 1302 4795 ἐν
1343 4739 1505 4806 αὐτῷ
1543 4739 1658 4807 ζωὴ
1699 4735 1810 4809 ἦν.

229 4840 297 4910 ἡ·
341 4835 522 4908 Κάγὼ
571 4833 974 4904 παρακαλέσω
1023 4833 1132 4887 τὸν
1179 4831 1429 4900 Πατέρα,
1481 4830 1580 4885 καὶ
1619 4829 1813 4884 ἄλλον

235 4929 630 5000 Παράκλητον
655 4928 832 4982 δώσει
855 4925 1017 4996 ὑμῖν,
1035 4924 1100 4979 τὸ
1119 4925 1362 4994 Πνεῦμα
1380 4923 1490 4992 τῆς
1499 4924 1808 4991 ἀληθείας·

1907 4557 2062 4628 Quod
2092 4568 2276 4614 natum
2297 4567 2424 4614 este
2449 4558 2672 4628 Spiritu,
2701 4559 2934 4628 Spiritus
2955 4567 3036 4612 est
3051 4558 3119 4614 “.
3143 4557 3270 4614 Haec
3301 4559 3486 4614 omnia

1905 4651 2098 4706 eodem
2133 4665 2258 4704 cum
2301 4650 2435 4706 iisce
2491 4648 2788 4704 recidunt:
2823 4648 2978 4716 Quod
3025 4649 3226 4720 factum
3275 4659 3352 4705 est
3377 4691 3392 4712 ,
3435 4652 3490 4704 in

1905 4743 2018 4812 ipso
2047 4744 2154 4798 vita
2181 4743 2390 4808 erat";
2427 4742 2512 4798 vel
2549 4757 2674 4797 cum
2705 4757 2772 4798 eo
2804 4761 2818 4799 :
2854 4740 2968 4814 Ego
2999 4743 3198 4814 rogabo
3243 4743 3486 4804 Patrem,

1906 4845 1956 4890 et
2005 4837 2172 4890 alium
2205 4835 2546 4890 Paracletum
2593 4834 2742 4888 dabit
2771 4835 2949 4898 vobis,
2992 4833 3250 4904 Spiritum
3295 4835 3492 4888 serita-

1909 4929 1976 4982 tis
1997 4928 2043 4960 ³⁸
2069 4945 2083 4991 ;
2115 4927 2196 4982 vel
2221 4941 2346 4980 cum
2371 4927 2479 4982 isto
2509 4943 2523 4980 :
2563 4924 2674 4980 Cur
2697 4926 2932 4993 implevit
2957 4941 3050 4980 cor
3073 4935 3218 4978 tuum
3257 4922 3490 4978 Satanas

233 5023 264 5092 η
287 5041 300 5052 .
327 5023 432 5076 Διὰ
451 5021 512 5074 τι
541 5020 860 5088 ἐπλήρωσε
879 5017 996 5087 τὴν
1025 5018 1277 5086 καρδίαν
1303 5034 1419 5072 σου
1449 5021 1482 5072 ό
1515 5019 1807 5085 Σατανᾶς,

1912 5019 2005 5088 [ait
2027 5021 2223 5075 Petrus
2241 5019 2489 5087 Anauite)
2503 5017 2762 5086 fraudare
2785 5027 2834 5071 te
2853 5015 3112 5084 Spiritum
3133 5028 3380 5070 sanctum
3407 5015 3492 5068 "1’

233 5110 306 5182 τῷ
348 5112 572 5182 Ἁνανία
617 5111 818 5180 λέγων,
867 5111 1218 5178 ψεύσασθαί
1269 5125 1342 5164 σε
1383 5109 1448 5164 τὸ
1471 5111 1717 5180 Πνεῦμα
1745 5111 1812 5164 τὸ

237 5203 434 5272 (irier;
472 5205 569 5256 καὶ
619 5203 758 5273 μετὰ
789 5201 982 5266 ταῦτα,
1023 5203 1145 5256 οὐκ
1181 5201 1515 5270 ἀνθρώποις
1543 5203 1810 5272 ἐψεύσω,

239 5296 390 5350 ἀλλὰ
429 5295 573 5362 Θεῷ.
605 5297 748 5366 ’Δρα
779 5294 914 5360 Θεὸς
933 5296 998 5349 ἐκ
1017 5294 1176 5360 Θεοῦ,
1211 5296 1306 5350 καὶ
1325 5295 1460 5359 Θεὸς
1489 5296 1545 5352 si
1589 5295 1812 5367 Πνεῦμα

241 5388 296 5440 τὸ
311 5388 462 5458 ἄτιον
482 5429 498 5454 ,
521 5381 568 5458 ᾧ
605 5390 902 5460 ἐψεύσαντο
937 5389 988 5442 οἱ
1019 5387 1114 5442 τοῦ
1153 5389 1461 5461 τιμήματος
1481 5391 1578 5443 τοῦ
1607 5390 1811 5462 χωρίου

310 5567 326 5596 ¹
362 5565 549 5622 llCor.
592 5581 664 5622 τι.
699 5563 786 5619 16.
863 5567 884 5597 ³
922 5563 1090 5620 lCor.
1118 5582 1190 5626 vr,
1223 5565 1305 5619 ll.
1407 5567 1426 5596 ³
1467 5566 1628 5620 Rom.
1671 5583 1724 5631 ν,
1760 5566 1807 5620 l.

1903 5567 1924 5596 ⁸
1964 5565 1980 5620 l
2015 5565 2144 5620 Cor.
2179 5582 2278 5624 xu.
2319 5566 2372 5620 '5.

1909 5111 2116 5166 Deinde
2163 5111 2388 5179 subjicit
2419 5127 2434 5162 :
2469 5107 2593 5163 Non
2627 5109 2932 5166 hominibus
2965 5107 3218 5162 mentitus
3257 5122 3312 5160 es
3333 5143 3348 5165 .
3399 5106 3490 5159 sed

1910 5203 2038 5258 Deo.
2080 5201 2250 5272 Igitur
2281 5201 2424 5257 Deus
2455 5217 2522 5257 ex
2551 5201 2683 5268 Deo,
2719 5200 2864 5256 Deus
2891 5207 3000 5262 est,
3037 5199 3284 5268 inquam,
3319 5195 3491 5267 Spiri-

1909 5305 2000 5350 tus
2023 5293 2287 5362 sanctus,
2319 5295 2408 5349 cui
2439 5294 2652 5350 mentiti
2705 5299 2866 5360 sunt,
2893 5293 2988 5362 qui
3038 5307 3106 5348 ex
3153 5291 3270 5362 agri
3319 5291 3491 5361 pretio

1909 5388 2160 5444 nonnihil
2190 5391 2633 5444 interiret-terant.
2665 5385 2950 5457 Ejusmodi
2975 5391 3062 5441 est
3083 5393 3140 5440 et
3170 5383 3320 5440 istud
3347 5399 3360 5435 :
3387 5383 3492 5448 Qui

2461 5563 2685 5620 ἨΜΛ
2724 5579 2878 5634 seqq.
2986 5565 3005 5594 '
3041 5563 3082 5618 ll
3117 5563 3243 5618 Cor.
3285 5577 3369 5634 ιιι.
3394 5562 3470 5634 iis

245 5633 262 5664 '
299 5633 488 5706 Ephes.
524 5653 598 5700 tv,
631 5637 718 5690 '50.
760 5635 782 5666 "
824 5635 838 5687 Ι
869 5634 1068 5692 Cor.x.
1095 5636 1182 5691 92.
1224 5639 1244 5669 ⁸
1280 5637 1296 5689 1
1329 5635 1560 5706 Tiva.
1593 5635 1643 5702 i.
1724 5637 1766 5668 ¹⁰
1804 5681 1807 5689 .

1912 5655 1932 5698 ς.
1965 5651 2024 5706 ιι.
2052 5639 2102 5692 6.
2175 5639 2215 5668 “
2259 5638 2524 5705 APOOJII,
2555 5633 2651 5706 ΞΟ.
2727 5637 2768 5667 ¹²
2805 5633 2962 5690 Joan.
2996 5651 3107 5698 xw,
3137 5635 3228 5690 23.
3307 5633 3352 5664 "
3389 5633 3491 5686 lsa.

249 5705 392 5767 11,2.
483 5707 528 5739 “
569 5707 701 5760 Luc.
727 5721 800 5767 tv,
835 5705 920 5760 18.
1025 5709 1067 5739 ³⁸
1106 5709 1228 5762 Act.
1272 5723 1324 5766 χ,
1352 5705 1440 5760 58.

1520 5707 1562 5738 "
1605 5706 1706 5762 lsa.
1741 5705 1930 5772 ιιγιιι,
1963 5705 2045 5760 16.

248 5777 288 5848 ξ’
325 5773 484 5848 gare.
536 5793 574 5838 I,
615 5777 704 5833 12.
763 5776 1020 5830 "ilatth.
1070 5793 1122 5840 κ,
1175 5778 1260 5848 l9.
1336 5775 1602 5846 “Matth.
1649 5778 1880 5848 xu._28.

2125 5709 2165 5738 ”
2209 5707 2311 5762 Isti.
2365 5723 2440 5768 τι,
2483 5709 2536 5762 5.
2617 5705 2658 5738 ¹⁸
2698 5706 2818 5764 Act.
2871 5721 2928 5772 ιι,
2955 5707 3042 5760 55.
3124 5707 3166 5736 ¹⁹
3205 5706 3326 5760 Act.
3365 5719 3402 5762 ι.
3439 5705 3492 5755 ι.

1957 5780 2004 5809 ’³
2042 5777 2207 5833 Marc.
2243 5793 2322 5836 Ill.
2353 5776 2444 5834 29.
2520 5777 2564 5808 “
2603 5775 2736 5832 Lur.
2771 5771 3040 5841 “111,46.
3087 5777 3134 5808 ’⁵
3175 5775 3305 5829 Luc.
3341 5791 3380 5838 ι,
3405 5771 3493 5828 80.

251 5845 290 5874 ¹⁶
325 5841 450 5901 Luc.
490 5864 564 5916 tv,
595 5848 643 5903 l.
723 5849 766 5881 ²⁷
810 5848 941 5903 ibid.
979 5849 1064 5904 14.
1142 5848 1186 5882 ³⁸
1223 5846 1378 5904 Joan.
1413 5855 1498 5916 tu,
1523 5841 1586 5904 '6.
1665 5851 1709 5880 ’³³
1748 5845 1807 5903 iu

1945 5866 1982 5917 ι,
2013 5849 2066 5920 5,
2093 5849 2144 5903 4.
2225 5851 2267 5882 ³ο
2307 5847 2464 5905 Joan.
2503 5865 2613 5916 xw,
2653 5849 2738 5903 '16.
2819 5849 2858 5881 ⁸¹
2886 5851 3006 5902 Act.
3045 5863 3096 5912 ι’,
3137 5848 3172 5900 5
3202 5863 3321 5917 sqq.
