3822 6338
337 396 443 457 6ῖ-7

1770 386 1827 438 S.
1874 379 2213 438 L‘l’lPllANll

3527 375 3632 433 -188

336 513 710 583 manifestatus
756 518 833 565 est
870 511 924 564 in
972 524 1165 575 carne,
1209 508 1555 582 justi/iratus
1601 514 1679 561 est
1727 507 1781 558 in
1823 504 1931 572 spi-

2046 498 2451 570 νοσφισάμενοι.
2492 497 2599 551 ’⁸ίί-
2641 498 2739 562 Ὃς
2772 494 3118 565 ἐφανερώθη
3169 494 3240 548 ἐν
3273 494 3480 563 σαρκὶ,
3517 494 3634 551 ἐδι-

336 604 504 659 ritu‘.
562 601 678 657 Hoc
724 616 824 672 ego
873 602 1050 670 majus
1098 601 1234 655 nihil
1268 601 1482 662 habeo,
1536 598 1680 668 quod
1720 596 1923 649 dicam.

336 695 509 753 Porro
537 694 682 750 Deus
716 703 800 750 est
826 692 1021 749 Filius.
1050 692 1184 748 Nam
1219 693 1521 763 Apostolus
1550 708 1562 743 :
1599 689 1681 744 Ea:
1714 689 1926 759 quibus,

336 787 549 858 inquit,
578 785 824 840 Christus
856 783 1147 838 secundum
1183 799 1436 844 carnem,
1485 782 1577 851 qui
1625 781 1726 834 etsi
1764 795 1929 849 supra

334 879 515 932 omnia
549 877 691 931 Deus
716 879 758 929 ³.
797 876 985 940 Crede,
1025 876 1241 945 inquit,
1275 877 1329 929 in
1376 874 1665 927 Dominum
1718 871 1926 936 Iesum,

334 981 383 1027 et
411 970 773 1036 saluaberis’;
813 970 942 1024 item
973 987 987 1020 ;
1022 967 1260 1023 Locutus
1304 978 1405 1032 est,
1438 968 1636 1036 inquit,
1665 965 1775 1020 illis
1816 982 1929 1020 scr-

338 1079 543 1119 mouem
574 1062 813 1118 Domini.
852 1060 921 1114 Et
964 1060 1229 1117 deducens
1258 1078 1346 1116 eos
1387 1062 1441 1115 in
1484 1061 1734 1122 domum,
1770 1074 1932 1128 appo-

337 1160 444 1214 suit
486 1158 599 1212 illis
630 1174 896 1221 mensam,
927 1166 978 1210 et
1030 1156 1247 1210 lwtatus
1283 1164 1362 1209 est
1408 1170 1529 1208 cum
1560 1154 1814 1208 universa
1846 1153 1933 1221 fa-

336 1250 797 1323 milia‘postquam
845 1248 1071 1304 credidit
1106 1248 1294 1313 Deo‘;
1331 1248 1449 1302 sive
1487 1245 1620 1300 illud
1676 1242 1932 1298 conside-

336 1361 460 1400 res:
491 1343 559 1398 In
588 1344 853 1412 principio
882 1354 999 1398 erat
1030 1340 1279 1401 Verbum.
1307 1349 1357 1394 et
1399 1339 1626 1393 Verbum
1650 1347 1764 1392 erat
1788 1334 1929 1405 apud

336 1435 506 1491 Deum
532 1476 548 1500 ,
576 1446 626 1491 et
662 1437 802 1489 Deus
862 1443 978 1488 erat
1018 1432 1246 1488 Verbum
1265 1434 1323 1497 ’.ς
1360 1433 1443 1485 vel
1478 1452 1491 1485 ε
1529 1430 1597 1483 Ut
1632 1429 1933 1483 doctrinam

336 1528 505 1581 nostri
553 1526 856 1581 Saluatoris
931 1525 1199 1590 ornent‘;
1261 1524 1376 1578 sive
1424 1541 1435 1575 :
1489 1522 1749 1588 Apparuit
1800 1520 1933 1574 enim

335 1620 513 1690 gratia
548 1617 763 1670 Domini
811 1626 858 1670 et
896 1615 1193 1671 Saluatoris
1226 1614 1399 1667 nostri
1424 1610 1554 1666 .lesu
1586 1610 1788 1666 Christi
1815 1627 1934 1662 om-

337 1709 490 1765 nibus
521 1708 824 1763 hominibus
858 1707 1108 1763 erudiens
1151 1724 1244 1760 nos
1268 1714 1324 1772 7;
1374 1704 1460 1759 vel
1492 1720 1505 1755 :
1549 1703 1932 1771 Exspectantes

337 1805 545 1860 beatam
577 1818 760 1872 spem,
814 1811 864 1857 et
913 1802 1193 1857 adventum
1242 1800 1430 1868 gloria:
1470 1798 1651 1868 magni
1708 1796 1843 1859 Dei,
1883 1805 1933 1850 et

337 1895 633 1952 Saluatoris
654 1895 820 1966 895
848 1895 1019 1949 nostri
1042 1891 1172 1947 Jesu
1199 1890 1470 1954 Christi";
1505 1889 1633 1943 item
1661 1905 1675 1941 :
1706 1886 1823 1941 Hoc
1851 1894 1929 1941 est

336 1988 688 2043 ministerium
720 1986 980 2056 Spiritus,
1012 1996 1061 2039 ct
1099 1984 1260 2038 verbi.
1298 1980 1591 2046 Attendite,‘
1616 1981 1816 2050 inquit,
1843 1997 1933 2033 vo-

339 2082 443 2145 bis,
477 2090 524 2136 et
550 2081 796 2135 universo
827 2080 992 2150 gregi,
1017 2080 1071 2132 in
1096 2095 1199 2148 quo
1226 2076 1404 2145 posuit
1437 2092 1525 2129 vos
1548 2073 1781 2143 Spiritus
1806 2091 1933 2127 san-

338 2183 453 2229 ctus
493 2175 760 2243 episcopos
782 2214 797 2238 ,
840 2188 1019 2242 regere
1063 2169 1362 2224 Ecclesium
1402 2167 1534 2222 Dei'
1566 2186 1580 2221 :
1613 2167 1840 2237 perinde
1870 2182 1934 2221 ac

340 2267 384 2320 si
437 2264 647 2320 diceret
687 2279 701 2315 :
740 2260 960 2315 Gratias
1011 2277 1110 2329 ago
1171 2258 1541 2314 corroboranti
1592 2274 1674 2311 me
1720 2255 1933 2311 Christo

336 2357 466 2413 Jeru
494 2357 724 2411 Domino
744 2366 965 2418 nostra;
992 2352 1133 2423 quod
1164 2368 1242 2406 me
1268 2351 1478 2422 ﬁdelem
1509 2349 1805 2404 arbitratus
1831 2359 1931 2413 est,

341 2449 409 2503 ad
444 2448 800 2504 ministerium
831 2448 1153 2501 constituens
1176 2447 1241 2500 ¹⁰.

413 2624 527 2681 Vl.
558 2626 749 2696 Itaque
775 2624 949 2679 Filius
973 2632 1027 2678 et
1058 2624 1301 2693 Spiritus
1328 2632 1556 2678 sanctus
1587 2638 1712 2678 cum
1748 2621 1930 2685 Patre,

342 2718 422 2773 uti
475 2718 1014 2779 demonstravimus,
1073 2722 1242 2786 agunt
1306 2716 1695 2769 communiter.
1772 2713 1935 2767 Verbo

340 2813 478 2869 enim
510 2811 728 2866 Domini
755 2809 875 2864 casli
909 2810 1116 2878 firmati
1136 2816 1281 2873 sunt,
1314 2817 1363 2861 et
1395 2805 1601 2876 Spiritu
1633 2807 1740 2861 oris
1767 2807 1933 2875 ipsius

343 2905 513 2960 omnis
538 2904 704 2957 virtus
731 2894 844 2967 eius
866 2901 930 2956 “.
952 2900 1193 2970 Spiritus
1217 2914 1347 2954 vero
1372 2907 1597 2954 sanctus
1620 2898 1935 2955 adorandus

341 3003 428 3053 est
458 3014 472 3052 :
506 2995 612 3062 Qui
640 2995 780 3049 enim
804 2992 1035 3047 adorant
1069 2990 1257 3055 Deum,
1289 2990 1497 3058 Spiritu
1523 2990 1755 3044 adorare
1785 3004 1939 3057 opor-

345 3098 414 3145 tet
455 3104 502 3144 et
554 3089 767 3143 reritate
812 3086 875 3139 ¹².
926 3084 1137 3150 Quodsi
1168 3085 1376 3139 veritas
1408 3083 1777 3140 communiter
1800 3086 1933 3155 agit,

342 3190 596 3237 creatura
627 3188 938 3235 creaturam
968 3178 1134 3231 aliain
1180 3191 1291 3232 non
1319 3176 1516 3242 edicit,
1548 3192 1729 3246 neque
1757 3179 1934 3233 creari
1962 3213 2008 3275 ο

342 3275 606 3330 divinitas
628 3280 844 3342 potest;
874 3286 1055 3342 neque
1083 3277 1237 3325 certo
1271 3268 1455 3333 modo.
1486 3284 1550 3324 ac
1581 3270 1934 3325 circumscri-

344 3364 532 3433 ptione
590 3361 853 3417 detinitus
906 3360 1265 3431 cognoscitur
1320 3358 1486 3414 Deus.
1540 3358 1939 3417 Circumscribi

342 3453 490 3511 enim
526 3468 635 3508 non
666 3459 886 3522 potest,
920 3462 1017 3506 aut
1045 3451 1205 3521 capi,
1240 3460 1337 3505 aut
1385 3451 1749 3522 intelligentia
1781 3467 1937 3508 com-

344 3546 609 3618 prehendi
631 3586 647 3610 ,
680 3560 806 3600 cum
838 3544 1098 3600 universa
1137 3543 1235 3600 Dei
1268 3559 1437 3615 opera
1485 3546 1787 3603 contineat.
1831 3546 1938 3603 Sed

344 3656 528 3713 neque
576 3646 847 3696 creaturae
895 3637 1247 3695 serviendum
1283 3656 1297 3693 :
1337 3637 1644 3693 Serrierunt
1668 3679 1684 3703 ,
1721 3641 1934 3711 inquit,

344 3744 607 3789 creatura:
626 3733 803 3802 potius
825 3746 985 3801 quam
1007 3729 1271 3795 Creatori,
1289 3739 1338 3785 et
1360 3731 1499 3806 fatui
1514 3714 1708 3787 redditi
1730 3743 1853 3787 sunt
1870 3734 1934 3787 υ.

343 3821 538 3878 Nonne
570 3822 835 3878 stolidum
880 3830 966 3878 est
996 3830 1266 3878 creatura:
1290 3823 1634 3879 divinitatem
1668 3824 1934 3888 tribuere,

346 3930 412 3970 ac
464 3915 647 3970 Patris
694 3914 799 3969 hoc
846 3914 1051 3969 violare
1097 3923 1477 3986 praeceptum:
1513 3916 1692 3982 Audi,
1740 3916 1934 3981 Israel,

346 4008 609 4064 Dominus
636 4006 778 4061 Deus
812 4016 931 4060 tuus
961 4022 1099 4061 unus
1132 4015 1210 4061 est
1234 4006 1298 4062 “.
1332 4005 1460 4061 Non
1496 4009 1599 4062 erit
1627 4008 1683 4060 in
1715 4017 1763 4062 te
1795 4010 1937 4064 Deus

347 4111 525 4151 recens
546 4093 923 4159 fﬂCaetcrum
953 4094 1190 4150 diversis
1225 4094 1280 4149 in
1312 4092 1600 4165 Scriptura
1623 4097 1937 4152 nominibus

346 4185 509 4242 Pater
530 4227 545 4253 ,
579 4194 634 4242 et
663 4185 837 4241 Filius
860 4224 875 4249 ,
902 4192 959 4241 et
998 4186 1237 4255 Spiritus
1274 4196 1503 4242 sanctus
1552 4186 1805 4258 insigniri
1847 4204 1938 4245 so-

346 4282 460 4335 lent
498 4296 510 4331 :
552 4288 744 4349 utputa
778 4278 965 4344 Pater,
1007 4277 1169 4334 Pater
1216 4280 1589 4350 omnipotens,
1628 4279 1791 4337 Pater
1818 4297 1938 4337 om-

346 4372 522 4433 nium,
569 4370 734 4425 Pater
762 4370 970 4425 Christi
1008 4379 1274 4434 vocatur;
1303 4368 1576 4427 Dominus
1609 4386 1763 4439 vero,
1804 4371 1939 4429 Ver-

346 4464 501 4524 bum,
535 4461 815 4527 Christus,
848 4459 1048 4525 Filius,
1082 4461 1176 4517 lux
1211 4477 1376 4527 vera;
1429 4460 1669 4533 Spiritus
1706 4474 1936 4521 sanctus

2031 588 2251 655 καιώθη
2282 589 2355 641 ἐν
2393 588 2707 656 πνεύματι.
2742 585 2947 639 Τούτου
2980 585 3163 655 μεῖζον
3184 585 3283 638 οὐκ
3301 584 3409 656 ἔχω
3430 584 3630 655 λέγειν.

2030 683 2163 747 θεὸς
2198 683 2282 736 ,δὲ
2325 682 2355 734 6
2398 682 2550 744 Υἱός.
2606 679 2702 744 Ἐξ
2728 671 2834 742 ὧν,
2875 680 3061 749 φησὶν,
3104 682 3136 732 ὀ
3174 679 3433 747 Χριστὸς
3478 678 3634 734 κατὰ

2030 774 2253 844 σάρκα.
2279 777 2310 827 ὁ
2338 771 2423 826 ὢν
2442 771 2542 827 ἐπὶ
2571 771 2816 826 πάντων
2847 772 3012 837 Θεός.
3045 772 3411 837 Πίστευσον,
3442 773 3630 840 φησιν,

2031 864 2120 934 είς
2152 866 2260 921 τὸν
2292 868 2514 934 Κύριον
2558 865 2816 932 Ἰησοῦν,
2850 863 2949 918 καί
2985 862 3268 939 σωθήσῃ·
3302 864 3419 930 καὶ,
3462 864 3635 918 Ἐλάι

2030 964 2210 1028 λησε,
2236 959 2421 1031 φησὶν,
2445 956 2653 1024 αὐτοῖς
2667 957 2772 1011 τὸν
2788 958 2975 1027 λόγον
2992 956 3097 1011 τοῦ
3121 957 3369 1024 Κυρίου.
3389 959 3632 1024 Ἀναγαο

2031 1052 2153 1121 quin-
2196 1068 2258 1106 τε
2309 1050 2533 1115 αὐτοὺς
2560 1052 2648 1115 εὶς
2685 1048 2792 1102 τὸν
2822 1044 3012 1112 οἷκον,
3062 1048 3403 1117 παρέθηκεν
3427 1048 3635 1115 αὐτοῖς

2034 1143 2351 1212 τράπεζαν,
2375 1143 2475 1197 καὶ
2502 1140 2919 1211 ἠγαλλιάσατο
2945 1142 3189 1196 πανοικὶ
3211 1142 3635 1209 πεπιστευκὼς

2034 1236 2114 1302 τῷ
2152 1236 2301 1301 Θεῷ·
2341 1236 2373 1307 ἦ
2408 1237 2489 1289 ὅτι
2530 1235 2627 1288 Ἐν
2657 1234 2816 1303 ἀρχῇ
2846 1231 2926 1305 ἦν
2950 1238 2983 1289 ό
3003 1236 3215 1305 Λόγος,
3239 1235 3337 1288 καί
3375 1238 3410 1288 ό
3440 1236 3635 1305 Λόγος

2033 1323 2113 1399 ἦν
2140 1328 2289 1396 πρὸς
2309 1328 2415 1381 τὸν
2455 1327 2629 1390 Θεὸν,
2653 1327 2754 1379 καί
2785 1325 2930 1392 Θεὸς
2955 1321 3035 1396 ἦν
3069 1329 3101 1380 ό
3134 1326 3357 1395 Λόγος·
3396 1327 3431 1398 ἦ
3452 1344 3464 1356 ·
3500 1325 3635 1381 Ἵνα

2034 1422 2150 1490 τὴν
2186 1420 2596 1476 διδασκαλίαν
2643 1419 2754 1474 τοῦ
2780 1418 3059 1487 Σωτῆρος
3092 1418 3263 1487 ἡμῶν
3312 1418 3637 1488 κοσμήσω-

2034 1530 2175 1567 σινο
2207 1516 2241 1585 ἦ
2265 1531 2278 1544 ·
2325 1513 2622 1581 Ἐπεφάνη
2662 1511 2773 1582 γὰρ
2824 1514 2862 1581 η
2904 1513 3077 1582 χάρις
3112 1511 3217 1565 τοῦ
3256 1512 3479 1580 Κυρίου
3534 1510 3631 1565 καί

2035 1606 2311 1675 Σωτῆρος
2336 1605 2508 1676 ἡμῶν
2544 1606 2805 1674 Χριστοῦ
2847 1606 3040 1661 πᾶσιν
3072 1604 3432 1675 ἀνθρώποις,
3469 1605 3633 1661 διδά-

2035 1713 2278 1751 σκουσα
2300 1694 2484 1767 ἡμᾶς·
2508 1698 2573 1767 ἦ·
2595 1695 2911 1765 Δεχόμενοι
2943 1694 3057 1765 τὴν
3067 1698 3372 1766 μακαρίαν
3387 1698 3629 1763 ἐλπίδα,

2036 1784 2513 1856 καί’ἐπιφὰνειαν
2532 1786 2643 1855 τῆς
2677 1785 2864 1854 δόξης
2892 1786 2998 1841 τοῦ
3020 1787 3291 1857 μεγάλου
3318 1789 3490 1853 Θεοῦ,
3532 1790 3630 1859 καί

2034 1881 2309 1948 Σωτῆρος
2347 1880 2519 1951 ἡμῶν
2551 1880 2757 1950 Ἰησοῦ
2807 1882 3067 1949 Χριστοῦ
3091 1897 3105 1911 ·
3145 1882 3214 1954 ἦ·
3246 1883 3403 1952 Αὕτη
3441 1883 3479 1950 ἡ
3507 1883 3635 1941 δια-

2032 1975 2208 2027 κονία
2238 1971 2343 2027 τοῦ
2372 1974 2746 2043 Πνεύματος,
2772 1972 2999 2029 καὶτοῦ
3027 1975 3235 2044 λόγου.
3268 1975 3630 2045 Προσέχετε,

2034 2066 2220 2135 φησὶν,
2247 2065 2508 2134 ἑαυτοῖς,
2537 2067 2637 2121 καί
2670 2067 2850 2120 παντί
2885 2065 2968 2133 τῷ
2996 2068 3272 2138 ποιμνίῳ,
3300 2067 3370 2121 ἐν
3389 2058 3438 2133 ᾧ
3464 2070 3633 2123 ἔθετο

2033 2157 2190 2228 ὑμᾶς
2213 2159 2278 2211 τι)
2310 2159 2552 2230 Πνεῦμα
2575 2159 2641 2212 τὸ
2671 2159 2843 2228 ἅγιον
2867 2158 3264 2226 ἐπισκόπους,
3288 2162 3634 2231 ποιμαίνειν

2034 2249 2190 2321 ὑμᾶς
2224 2251 2338 2320 τὴν
2373 2252 2742 2320 Ἐκκλησίαν
2765 2252 2870 2306 τοῦ
2892 2253 3040 2308 Θεοῦ
3057 2270 3071 2287 ο
3102 2255 3287 2325 ὅμοιον
3312 2255 3393 2323 τῷ
3418 2257 3596 2310 εἰπεῖν
3615 2272 3630 2285 ’

2036 2343 2221 2414 Χάριν
2261 2344 2380 2415 ἔχω
2428 2344 2508 2411 τῷ
2566 2344 3014 2416 ἐνδυναμοῦντί
3052 2364 3128 2418 με
3156 2347 3389 2416 Χριστῷ
3428 2348 3634 2417 Ἰησοῦ

2036 2436 2116 2502 τῷ
2145 2439 2339 2506 Κιξρίῳ
2375 2437 2565 2508 ὴμῶν,
2602 2439 2692 2494 ὅτι
2732 2442 2956 2495 πιστόν
2970 2456 3049 2510 με
3066 2440 3337 2510 ἡγήσατο
3383 2444 3473 2509 είς
3517 2441 3635 2497 δια·

2036 2531 2249 2583 κονίαν
2276 2530 2545 2600 θέμενος.

2108 2622 2183 2674 Z'.
2224 2622 2489 2690 Συνεργεῖ
2533 2620 2735 2685 τοίνυν,
2765 2621 2840 2686 ὡς
2868 2621 3272 2688 ἀποδέδεικται,
3294 2622 3371 2694 τῷ
3404 2625 3583 2697 Πατρὶ
3606 2628 3635 2678 6

2038 2712 2165 2775 Υἱὸς
2193 2713 2286 2765 καὶ
2311 2712 2373 2765 τὸ
2403 2712 2628 2785 Πνεῦμα
2656 2714 2718 2767 τὸ
2754 2713 2928 2782 ἅγιον.
2965 2712 3048 2779 Τῷ
3062 2715 3234 2785 Λόγῳ
3261 2716 3373 2785 γὰρ
3407 2718 3634 2784 Kvpiov

2035 2808 2089 2859 ot
2111 2803 2355 2872 οἱζρανοί
2415 2804 2890 2874 ἐστερεώθησαν,
2948 2806 3048 2861 καὶ
3094 2805 3176 2873 τῷ
3204 2810 3502 2878 Πνεύματι
3525 2810 3635 2865 τοῦ

2035 2897 2337 2964 στόματος
2386 2897 2575 2951 αὺτοῦ
2618 2894 2795 2953 πᾶσα
2837 2899 2876 2966 ἡ
2924 2897 3181 2969 δύναμις
3213 2900 3634 2971 αὐτοῦλιροσδ

2036 2988 2267 3059 κυνητὸν
2305 2988 2361 3043 δὲ
2380 2989 2443 3041 τὸ
2482 2989 2708 3061 Πνεῦμα
2763 2990 2826 3043 τὸ
2858 2990 3035 3059 ἅγιον·
3102 2992 3246 3059 Τοὺς
3300 2993 3411 3062 γὰρ
3449 3009 3638 3063 apoc-

2035 3080 2378 3144 κυνοῦντας
2418 3078 2561 3146 Θεῷ,
2603 3082 2907 3151 Πνεύματι
2974 3082 3070 3136 δεῖ
3115 3084 3486 3153 προσκυνεῖν
3533 3087 3638 3140 καὶ

2037 3171 2313 3239 ἀληθείᾳ.
2344 3172 2408 3225 Εἰ
2446 3172 2503 3225 δὲ
2544 3176 2797 3245 συνεργεί
2843 3176 2873 3247 ἡ
2930 3173 3182 3245 ἀλήθεια,
3232 3176 3409 3241 κτίσις
3453 3179 3635 3232 κτίσιν

2040 3267 2140 3318 οὐκ
2168 3264 2483 3337 ἐργάζεται,
2541 3265 2663 3320 οὐδὲ
2719 3266 2912 3338 κτιστὴ
2943 3267 2977 3337 ἡ
3004 3265 3195 3339 Θεότης
3221 3268 3453 3337 γίνεται,
3512 3262 3637 3325 οὐδὲ

2041 3357 2100 3410 ὲν
2164 3356 2348 3428 μέτρῳ
2403 3356 2436 3428 ἦ
2489 3360 2711 3429 περιοχῇ
2745 3357 2879 3423 Θεὸς
2925 3358 3275 3427 γινώσκεται.
3305 3361 3460 3417 Ἔστι
3523 3362 3636 3435 γὰρ

2039 3449 2443 3520 ἀπερίγραφος,
2505 3449 2821 3522 ἀχώρητος,
2869 3451 3246 3524 ἁπερινόητος,
3286 3454 3467 3509 πάντα
3531 3472 3635 3510 πε-

2042 3542 2355 3614 ριεχόμενος
2405 3542 2475 3595 τὰ
2536 3544 2810 3615 ποιήματα
2851 3543 2944 3598 τοῦ
3001 3544 3162 3598 Θεοῦ.
3205 3545 3280 3599 Οὐ
3327 3546 3634 3619 λατρευτὲα

2036 3635 2096 3688 δὲ
2152 3636 2184 3705 ἡ
2236 3634 2435 3699 κτίσις.
2476 3634 2885 3703 Ἐλιίτρευσαν
2941 3635 3049 3707 γὰρ
3105 3635 3181 3706 τῇ
3231 3640 3425 3693 κτίσει
3469 3642 3635 3709 παρὰ

2038 3727 2149 3781 τὸν
2194 3729 2509 3794 κτίσαντα,
2582 3728 2681 3782 καὶ
2709 3728 3188 3799 ῗέμωράνθησαν.
3246 3731 3373 3795 Πῶς
3417 3733 3528 3806 γὰρ
3568 3736 3631 3788 οὐ

2043 3819 2251 3892 μωρὸν,
2311 3820 2490 3874 κτίσιν
2540 3820 2833 3889 θεολογεῑν,
2891 3820 3105 3875 ἀθετεῖν
3164 3821 3223 3875 δὲ
3265 3824 3481 3895 Πατρὸς
3534 3828 3632 3897 τὴν

2038 3911 2261 3982 ἐντολὴν
2289 3913 2389 3982 τὴν
2417 3911 2685 3980 λέγουσαν
2710 3929 2723 3942 ⁸
2761 3912 2989 3972 Ἄκουε.
3035 3911 3303 3981 Ἰσραὴλ,
3345 3916 3566 3984 Κύριος
3597 3922 3632 3972 ό

2042 4006 2188 4071 Θεός
2240 4020 2359 4060 σου
2407 4000 2497 4072 εἷς
2540 4005 2732 4059 ἐστιν.
2770 4004 2897 4060 Οὐκ
2947 4004 3119 4060 ἔσται
3138 4008 3189 4039 ¹⁶
3215 4006 3285 4062 ἐν
3328 4007 3429 4061 σοι
3486 4010 3632 4075 Θεὸς

2040 4096 2427 4165 πρόσφατος
2476 4097 2563 4150 Ἐν
2623 4097 2661 4149 Γ
2669 4098 2868 4167 ραφαῖς
2916 4097 2974 4151 δὲ
3026 4098 3211 4167 ἁγίαις
3247 4100 3491 4171 ὀνόματα
3514 4102 3634 4156 διά-

2040 4207 2182 4260 φορα
2236 4190 2482 4245 καλεῖται
2540 4190 2776 4260 Πατρὸς,
2804 4190 2900 4244 καὶ
2930 4190 3083 4254 Υἱοῦ,
3139 4193 3233 4247 καὶ
3270 4192 3426 4261 ἁγίου
3459 4196 3631 4249 Ilvati-

2043 4297 2244 4352 ματοςο
2300 4280 2516 4351 Πατρὸς
2576 4281 2673 4350 μὲν
2724 4280 2915 4353 Πατὴρ
2963 4283 3376 4355 παντοκράτωρ,
3438 4284 3629 4357 Πατὴρ

2040 4372 2317 4437 ἁπάντων,
2336 4373 2530 4443 Πατὴρ
2551 4373 2812 4443 Χριστοῦ·
2838 4375 3043 4446 Κυρίου
3066 4374 3123 4428 δὲ
3147 4375 3340 4443 Λόγος,
3368 4377 3625 4448 Χριστὸς,

2039 4464 2191 4529 Υἱὸς,
2227 4465 2343 4534 φῶς
2358 4466 2614 4536 ἀληθινόν
2637 4483 2651 4499 ο
2675 4467 2772 4521 τοῦ
2800 4467 2857 4520 δὲ
2892 4468 3048 4537 ἁγίου
3085 4469 3404 4540 Πνεύματος
3435 4471 3627 4543 Παρά-

348 4554 615 4623 deuique,
669 4550 1013 4617 Paracletus,
1070 4552 1312 4622 Spiritus
1359 4555 1644 4620 veritatis,
1695 4556 1931 4626 Spiritus

2046 4558 2252 4627 ιιλητος,
2299 4557 2526 4629 Πνεῦμα
2588 4558 2869 4629 ἀληθείας,
2904 4560 3131 4632 Πνεῦμα
3184 4562 3341 4624 Θεοῦ.
3401 4563 3625 4635 Πνεῦμα

348 4648 466 4710 Dei,
492 4647 731 4715 Spiritus
761 4643 1153 4711 Christi.Quin
1181 4645 1344 4701 etiam
1374 4645 1520 4702 Deus
1552 4648 1643 4704 ille
1683 4648 1825 4705 idem
1867 4664 1933 4706 ac

349 4741 509 4797 Pater
541 4741 633 4793 lux
666 4738 1010 4808 intelligitur,
1059 4744 1113 4793 et
1139 4738 1359 4808 quidem
1390 4738 1704 4795 admirabili
1745 4742 1933 4811 splen-

348 4835 481 4891 dore
512 4833 816 4898 collucens,
864 4845 1075 4887 necnon
1105 4840 1159 4885 et
1184 4831 1382 4900 virtus,
1413 4840 1469 4887 et
1501 4833 1789 4903 sapientia.
1830 4834 1931 4888 At-

349 4941 457 4997 que
486 4927 565 4980 uti
596 4925 689 4978 lux
715 4931 799 4978 est
837 4922 979 4978 Deus
1018 4930 1074 4977 et
1100 4920 1284 4987 Pater,
1320 4924 1395 4977 ita
1437 4923 1533 4977 lux
1572 4930 1657 4978 est
1687 4922 1757 4978 de
1790 4924 1931 4980 luce.

351 5019 507 5077 Unde
532 5028 589 5074 et
615 5019 783 5074 lucem
809 5017 1073 5072 inhabitat
1106 5018 1430 5071 inaccessam
1452 5018 1519 5073 ¹⁶.
1553 5016 1725 5073 Porro
1759 5015 1934 5074 virtus

347 5124 433 5170 est
466 5122 614 5169 totus
659 5111 821 5169 Deus.
872 5110 1028 5167 Unde
1065 5122 1119 5168 ct
1162 5112 1415 5166 virtutum
1457 5118 1541 5165 est
1586 5110 1933 5166 Dominus".

349 5206 627 5276 Sapientia
667 5214 817 5261 totus
852 5213 935 5261 est
971 5203 1136 5260 Deus.
1170 5204 1340 5277 igitur
1371 5204 1641 5273 sapientia
1673 5210 1758 5260 est
1786 5218 1816 5258 e
1848 5218 1938 5259 sa.

347 5299 548 5368 pientia
581 5296 774 5361 Filius,
811 5298 866 5350 in
887 5313 989 5367 quo
1029 5296 1305 5367 sapientia:
1336 5294 1573 5349 thesauri
1601 5302 1725 5348 sunt
1754 5310 1932 5349 omnes

347 5391 605 5444 reconditi
630 5390 694 5443 ".
715 5389 839 5444 Vita
872 5398 1020 5445 totus
1050 5397 1135 5445 est
1161 5387 1326 5443 Deus.
1354 5386 1496 5457 Ergo
1518 5387 1629 5441 vita
1660 5393 1746 5441 est
1768 5402 1798 5441 e
1819 5385 1930 5441 vita

347 5479 537 5538 Filius.
577 5480 686 5552 Ego
713 5482 850 5535 enim
885 5497 1001 5535 sum
1024 5521 1038 5545 ,
1073 5481 1271 5551 inquit,
1304 5481 1520 5542 veritas,
1552 5489 1600 5533 ct
1636 5479 1743 5533 vita
1769 5478 1833 5531 ¹’.
1863 5481 1930 5532 At

417 5636 436 5672 ¹
478 5632 665 5689 ΙΤίιιι.
698 5635 895 5692 "1.16.
973 5638 992 5667 ⁸
1034 5635 1193 5690 Rom.
1230 5652 1305 5697 ix,
1334 5635 1389 5689 ὁ.
1467 5636 1486 5667 ³
1522 5634 1645 5688 Act.
1677 5650 1786 5688 xvt.
1814 5634 1903 5687 δὲ.

2046 5633 2171 5688 ibid.
2207 5633 2294 5688 5-1.
2388 5634 2409 5664 ⁸
2446 5631 2604 5689 Joan.
2636 5652 2673 5698 ι,
2704 5637 2752 5689 1.

2040 4648 2300 4719 Χριστοῦ.
2325 4649 2448 4702 Τί¹¹
2482 4649 2661 4703 τοίνυν
2694 4650 2828 4715 Θεὸς
2852 4654 3077 4719 νοεῖται,
3107 4653 3201 4707 καὶ
3230 4653 3440 4725 Πατὴρ,
3485 4654 3621 4722 φῶς,

2041 4742 2157 4796 ἀλλ’
2206 4744 2283 4807 ὡς
2340 4743 2760 4817 ὑπέρλαμπρον,
2810 4745 3061 4817 δύναμις,
3106 4748 3287 4816 σοφία.
3320 4748 3385 4802 Et
3421 4747 3481 4801 δὲ
3511 4748 3624 4817 φῶς

2041 4837 2069 4889 6
2093 4835 2224 4899 Θεὸς
2258 4837 2353 4889 καὶ
2408 4838 2621 4909 Πατὴρ,
2658 4837 2775 4906 φῶς
2819 4840 2884 4892 ἐκ
2930 4838 3111 4908 φωτὸς
3149 4841 3177 4892 6
3224 4839 3383 4903 Υἱός
3413 4840 3510 4893 καὶ
3539 4839 3624 4893 διὰ

2041 4927 2201 4983 τοῦτο
2237 4926 2364 4999 φῶς
2396 4929 2576 4983 οίκῶν
2608 4929 2676 4983 τὸ
2705 4931 3057 4998 ἀπρόσιτον.
3081 4930 3322 5002 Δύναμις
3355 4930 3412 4984 δὲ
3434 4930 3558 4994 ὅλος
3597 4933 3623 4984 6

2042 5020 2194 5085 Θεὸς,
2239 5022 2332 5074 καὶ
2357 5020 2446 5075 διὰ
2484 5021 2644 5075 τοῦτο
2692 5021 2894 5095 Κύριος
2932 5021 3051 5075 τῶν
3086 5021 3421 5092 δυνάμεων.
3457 5021 3623 5089 Σοφία

2042 5112 2161 5175 ὅλος
2209 5114 2238 5165 6
2284 5112 2437 5176 Θεός·
2490 5113 2686 5167 οὐκοῦν
2732 5115 2892 5183 σοφία
2921 5115 2949 5167 6
2977 5113 3104 5178 Υἱὸς
3148 5115 3213 5167 ὲκ
3246 5114 3460 5183 σοφίας,
3494 5107 3624 5179 ὲνῷ

2043 5203 2266 5268 πάντες
2297 5207 2350 5258 oi
2390 5205 2682 5273 θησαυροὶ
2717 5205 2826 5274 τῆς
2856 5208 3078 5276 σοφίας
3104 5207 3463 5275 ἀπόκρυφοι.
3507 5206 3621 5277 Ζωὴ

2042 5293 2097 5347 δὲ
2131 5295 2252 5358 ὅλος
2309 5297 2338 5348 6
2386 5295 2547 5359 Θεὸς·
2582 5295 2781 5349 οὐκοῦν
2810 5295 2924 5368 ζωὴ
2965 5298 3028 5350 ὲκ
3057 5296 3205 5366 ζωῆς
3226 5298 3255 5350 6
3289 5296 3443 5360 Υἱός·
3487 5296 3623 5367 Ἐγὼ

2038 5385 2148 5455 γάρ
2177 5387 2293 5455 ειμι
2314 5385 2353 5452 ἠ
2386 5386 2640 5451 ἀλήθεια
2676 5389 2774 5442 καὶ
2804 5390 2842 5456 ἡ
2873 5388 3006 5456 ζωή.
3030 5390 3105 5442 Τὸ
3132 5390 3189 5444 δὲ
3220 5390 3377 5459 ἅγιον
3403 5392 3620 5461 Πνεῦμα

2038 5478 2167 5547 παρ’
2222 5476 2570 5548 ἀμφοτέρων,
2623 5478 2848 5550 Πνεῦμα
2900 5482 2963 5533 ὲκ
3002 5479 3339 5546 Πνεῦματος.
3386 5481 3619 5551 Πνεῦμα

2857 5638 2879 5667 ⁸
2918 5634 3024 5690 Tit.
3050 5654 3107 5701 ιι,
3137 5638 3223 5692 10.
3324 5639 3343 5666 ⁷
3374 5638 3505 5693 ibid.
3536 5638 3616 5693 19.

348 5706 369 5738 ⁸
394 5705 525 5760 ibid.
562 5706 647 5759 15.
723 5709 744 5738 ⁹
782 5707 905 5759 Act.
942 5723 1034 5769 xx,
1060 5707 1152 5759 28.
1230 5709 1272 5737 ¹⁰
1318 5704 1498 5757 ITim.
1523 5721 1559 5767 ι,
1592 5705 1680 5759 1‘2.
1757 5704 1972 5759 F’ll’sal.
2006 5720 2178 5766 xxxii,
2209 5705 2257 5759 9.
2338 5705 2380 5735 ¹¹
2422 5704 2559 5759 Joan
2594 5722 2667 5769 iv,
2696 5707 2789 5762 2i.
2866 5708 2909 5738 ”
2950 5705 3111 5761 Ronn.
3146 5724 3181 5767 ι,
3212 5708 3283 5761 25
3385 5710 3429 5740 “
3466 5708 3615 5763 Deut.

349 5790 425 5839 v1,
455 5776 509 5831 4.

350 5845 485 5903 δυ’τι.
561 5848 602 5878 ἰ
646 5844 707 5901 F.
733 5847 872 5900 .ETL

590 5777 632 5806 "
672 5774 815 5845 Psal.
853 5791 1017 5839 ιλιι,
1058 5779 1140 5830 10.
1222 5778 1263 5807 ¹⁶
1304 5774 1486 5828 l'l‘un.
1524 5791 1597 5837 νι,
1636 5774 1714 5829 16.
1799 5776 1837 5804 ¹⁷
1883 5774 1931 5828 l’:

2060 5791 2211 5843 LVIII,
2254 5776 2307 5829 ti.
2389 5776 2431 5807 ¹⁸
2470 5776 2586 5829 Col.
2609 5793 2679 5845 .n,
2724 5778 2778 5832 3.

2883 5780 2925 5810 ¹⁹
2963 5776 3120 5833 Joan.
3154 5793 3266 5842 xw,
3298 5778 3355 5833 6.
3446 5780 3493 5812 ”
3531 5795 3615 5852 πο.
