3822 6308
176 315 263 373 e8?)

743 308 1109 365 ADVERSUS
1150 308 1486 364 lleliESES
1523 309 1650 366 LIB.
1693 302 1720 362 ll

1827 308 1983 364 TOM.
2009 309 2049 364 1.
2071 340 2137 352 -
2165 310 2440 369 ΙΙᾹΞΒΕΒ.
2481 313 2711 369 LXXIV.

3276 316 3380 371 490

171 427 265 496 γάρ
294 428 325 477 ό
349 424 506 489 Θειῗς,
566 420 781 491 θεότης,
825 421 1176 492 χαρισμάτων
1222 423 1337 474 ἐστὶ
1363 423 1547 495 δοτὴρ,
1587 424 1720 492 άλη-

1827 422 2060 491 Spiritus
2090 430 2313 479 sanctus
2342 424 2409 478 ab
2437 426 2699 480 ambobus
2720 426 2911 492 oritur,
2945 427 3179 498 Spiritus
3200 447 3230 486 e
3260 430 3383 502 Spi-

168 519 411 576 θέστατον,
452 513 810 581 φωτιστικδν,
860 513 1288 582 παρακλητικὸν,
1337 512 1719 583 βουλευμάτων

167 604 245 657 τοῦ
296 605 499 676 Πατρὸς
546 603 889 673 ἁγγελτικὸν.
936 604 1023 665 Ὠς
1082 603 1190 673 γὰρ
1234 597 1417 669 ὀΥίδς
1475 606 1721 677 μεγάλης

167 696 340 767 βουλῆς
374 695 609 763 ἄγγελος
636 735 651 757 ,
695 692 838 746 οὕτω
886 694 979 745 καὶ
1039 693 1099 746 τὸ
1162 692 1385 763 Πνεῦμα
1432 694 1493 747 τὸ
1539 694 1715 763 ἅγιον.

176 789 307 842 Ἀλλ’
329 785 640 855 ἐλάϐομεν,
683 787 835 854 φησὶ,
872 785 1115 851 Πνεῦμα
1149 785 1315 845 Θεοῦ,
1363 787 1463 839 ἵνα
1501 786 1722 855 ἴδωμεν

163 878 224 931 τὰ
258 874 618 946 χαρισθέντα
649 875 795 944 ἡμῖν
827 876 941 928 ὑπὸ
973 874 1140 934 Θεοῦ,
1174 875 1214 928 d
1257 875 1353 928 καὶ
1386 877 1716 946 λαλοῦμεν,

161 967 341 1021 οὐκὲν
367 965 598 1034 πειθοῑς
632 967 647 997 ¹
683 967 906 1035 σοφίας
948 966 1172 1031 λόγοις,
1204 966 1341 1020 ἀλλ’
1377 968 1447 1020 ἐν
1478 966 1721 1022 ἀποδεί-

162 1058 238 1121 ξει
273 1059 615 1127 Πνεύματος
662 1057 835 1120 Θεοῦ,
878 1057 1299 1125 πνευματικοῖς
1349 1058 1721 1128 πνευματικὰ

161 1149 592 1218 συγκρίνοντες.

219 1346 292 1400 ﬂ’.
333 1346 472 1400 Ἀλλ’
494 1347 610 1418 ἐ.ρεῖ
634 1364 717 1412 τις
742 1365 756 1379 ·
795 1346 1003 1403 Οὐκοῦν
1027 1366 1207 1418 φαμεν
1233 1348 1326 1403 δύο
1358 1342 1494 1402 εἶναι
1534 1348 1713 1415 Υἱούς.

160 1437 255 1492 Καὶ
284 1437 395 1500 πῶς
418 1438 768 1510 Μονογενήςς
805 1438 1112 1509 Μενοῦνγε,
1166 1436 1249 1494 Σὺ
1277 1441 1367 1508 τις
1400 1436 1462 1496 εἷ
1480 1445 1513 1496 ὀ
1551 1444 1717 1498 ἀντιε-

159 1529 514 1600 λογιζόμενος
544 1529 625 1595 τῷ
679 1529 837 1596 Θεῷ;
895 1531 958 1583 Ei
1002 1532 1110 1603 γάρ
1147 1532 1238 1587 τὸν
1278 1532 1377 1604 μὲν
1401 1533 1528 1588 Υἱδν
1563 1537 1720 1589 καλεῖ

158 1620 236 1672 τὸν
258 1619 312 1686 ἐξ
337 1619 526 1684 αὐτοῦ,
549 1619 610 1673 τὸ
632 1619 688 1673 δὲ
710 1621 864 1689 ἅγιον
882 1621 1106 1692 Πνεῦμα
1128 1622 1190 1676 τὸ
1209 1623 1337 1696 παρ’
1365 1625 1715 1697 ἀμφοτέρων,

162 1709 300 1780 μόνον
331 1711 514 1765 πίστει
546 1709 812 1782 νοούμενα
840 1712 943 1766 ὑπὸ
974 1712 1082 1767 τῶν
1099 1713 1287 1782 ἁγίων,
1328 1716 1583 1785 φωτεινὰ,
1612 1734 1715 1787 φω-

159 1802 346 1864 τοδὸτα,
379 1802 649 1872 φωτεινὴν
678 1803 777 1873 τὴν
820 1804 1100 1875 ἐνέργειαν
1131 1803 1267 1874 ἔχει,
1306 1806 1623 1877 συμφωνίαν
1655 1825 1712 1862 τε

159 1892 278 1966 πρὸς
301 1893 461 1948 αὑτὸν
475 1894 567 1948 τὸν
580 1893 801 1965 Πατέρα
829 1897 1058 1949 ποιεῖται
1082 1896 1259 1966 φωτὸς
1277 1896 1477 1953 πίστει.
1494 1899 1712 1962 Ἀκουε,

159 1978 198 2037 ὦ
219 1979 387 2053 οὗτος,
410 1987 494 2039 ὅτι
529 1989 558 2040 6
585 1986 776 2057 Πατὴρ
805 1987 1020 2058 άληθῶς
1049 1988 1180 2042 Υἱοῦ
1221 1991 1336 2042 ἐστι
1371 1989 1569 2062 πατὴρ,
1600 1991 1714 2060 φῶς

160 2075 283 2141 610;,
322 2077 416 2131 καὶ
439 2078 569 2141 Υἱὸς
600 2079 813 2148 Πατρὸς
841 2078 1096 2149 ἀληθοῦς,
1132 2079 1246 2149 φῶς
1289 2081 1484 2150 φωτὸς,
1518 2082 1616 2152 οὐχ
1640 2082 1718 2144 ὡς

159 2170 217 2221 τά
260 2170 456 2240 ποιητὰ
508 2170 541 2241 ἢ
590 2170 660 2224 τὰ
722 2169 949 2231 κτιστὰ,
1007 2170 1351 2243 προσηγορίᾳ
1398 2172 1568 2244 μόνῃ·
1623 2173 1717 2227 καὶ

160 2258 367 2330 Πνεῦμα
430 2259 583 2327 ἆγιον
622 2257 847 2325 Πνεῦμα
900 2258 1157 2329 ἀληθείας
1202 2260 1337 2324 ἐστὶ,
1378 2260 1494 2329 φῶς
1539 2261 1717 2332 τρίτον

162 2350 289 2419 παρὰ
318 2347 531 2419 Πατρὸς
560 2348 655 2401 καὶ
682 2348 814 2400 Υἱοῦ
843 2365 855 2378 ο
903 2348 970 2400 τὰ
1002 2348 1047 2400 δ’
1082 2348 1214 2402 ἄλλα
1272 2350 1445 2403 πάντα
1497 2350 1644 2403 θέσει
1681 2352 1714 2421 ἢ

160 2438 463 2509 παραθέσει,
508 2439 542 2509 ἢ
591 2439 802 2512 κλήσει,
838 2440 937 2511 οὐχ
974 2442 1137 2513 ὁμοίᾳ
1166 2442 1354 2496 τούτου
1391 2445 1659 2516 ἐνεργείᾳ,
1681 2446 1715 2516 ἢ

161 2530 391 2601 δυνάμει,
425 2530 640 2602 ἢφωτὶ,
666 2532 700 2602 ἦ
737 2532 916 2603 ἐννοίᾳ
936 2549 949 2562 ·
980 2532 1012 2603 ἥ
1035 2533 1109 2597 ὡς
1136 2533 1201 2587 ἃν
1228 2535 1368 2587 εἴποι
1402 2551 1512 2598 τις’
1550 2538 1719 2603 Υἰοὺς

160 2620 441 2689 ἐγέννησα
500 2622 601 2677 καί
634 2623 853 2692 iiwaa
880 2641 893 2654 -
942 2624 976 2692 ἤ
1022 2624 1099 2687 ὡς
1140 2625 1207 2678 ἂν
1245 2626 1386 2680 εἴποι
1420 2644 1535 2690 τις·
1581 2629 1719 2699 Ἐγὼ

162 2708 310 2766 εἶπιν
349 2713 480 2768 Θεοί
511 2713 652 2767 ἐστε
697 2714 795 2769 καί
821 2715 934 2769 υἱοὶ
972 2715 1263 2784 Ὑψίστου
1308 2717 1527 2784 πάντες
1547 2736 1560 2751 ο
1591 2719 1720 2790 ἠὼς

162 2805 219 2857 ἂν
267 2805 413 2859 εἴποι
455 2822 572 2870 τιςο
617 2808 670 2859 '0
708 2807 961 2873 τετοκὼς
993 2806 1235 2872 ,ϐώλους
1279 2806 1597 2881 δρόσου⁶ἢ
1645 2810 1721 2873 ὡς

173 2894 230 2948 ἂν
261 2895 402 2949 εἴποι
421 2912 533 2958 τις⁸
574 2895 676 2960 Ἐξ
705 2891 777 2951 οὗ
802 2894 968 2949 πᾶσα
989 2898 1203 2963 πατριὰ
1222 2897 1292 2949 ἐν
1319 2898 1595 2964 οὐρανοῖς
1622 2898 1719 2950 καὶ

167 2988 252 3040 ἐπὶ
283 2987 396 3056 τῆς
416 2986 560 3059 γῆς’
592 2986 626 3059 ἢ
658 2988 733 3051 ὡς
762 2990 830 3042 ἂν
858 2988 1001 3042 εἴποι
1031 3005 1115 3051 τις
1138 3007 1150 3017 ·
1193 2988 1334 3058 Ἐγὼ
1377 2992 1409 3043 ὁ
1465 2987 1723 3057 στερεῶν

162 3079 432 3147 βροντὴν,
467 3079 568 3134 καί
607 3079 815 3140 κτίζων
836 3080 1100 3149 Πνεῦμα.
1134 3081 1211 3135 Οὐ
1236 3080 1344 3151 γὰρ
1364 3080 1439 3144 ὡς
1469 3083 1517 3133 οἱ
1546 3080 1723 3134 λοιποὶ

1822 513 1950 568 ritu.
2012 513 2239 583 Spiritus
2265 516 2448 585 quippe
2479 515 2615 570 Deus
2645 519 2788 584 est';
2826 518 2965 573 idem
2997 529 3051 575 et
3080 523 3383 579 caelestium

1820 603 2087 657 donorum
2118 604 2345 674 largitor
2371 612 2454 659 est
2474 643 2489 667 ,
2527 607 2864 669 verissimus,
2895 608 3030 663 lucis
3072 607 3384 666 eﬂicacissi-

1822 708 1965 757 mus,
2001 696 2333 761 consolator,
2376 696 2731 751 consiliorum
2772 695 2950 754 Patris
3006 699 3274 769 interpres
3316 715 3384 755 ac

1820 782 2220 839 nuntius.Nam
2251 794 2310 839 ut
2356 784 2527 842 Filius
2561 788 2740 857 magni
2762 790 2974 845 consilii
2996 792 3221 862 angelus
3239 801 3322 849 est
3338 795 3381 857 ⁸,

1822 873 1895 927 ita
1931 876 2169 944 Spiritus
2207 886 2451 934 sanctus.
2494 877 2596 934 Sed
2645 881 2956 947 accepimus,
2987 882 3182 951 inquit,
3222 882 3388 952 Spiri-

1822 974 1930 1018 tum
1962 964 2081 1030 Dei,
2110 967 2279 1039 896
2307 978 2364 1021 ut
2389 970 2658 1025 videamus
2682 987 2799 1040 qua:
2829 987 2861 1024 a
2903 971 3009 1026 Deo
3034 974 3234 1028 donata
3261 984 3385 1030 sunt

1821 1059 2000 1118 nobis,
2032 1074 2149 1128 quin
2189 1069 2240 1112 et
2270 1061 2550 1129 loquimur,
2584 1078 2687 1115 non
2721 1061 2931 1115 blandis
2960 1065 3232 1132 sapientiae
3268 1080 3384 1120 ser-

1821 1148 2062 1202 monibus
2087 1189 2103 1216 ,
2134 1150 2224 1202 sed
2273 1152 2579 1218 probatione
2617 1152 2844 1221 Spiritus
2879 1153 3009 1219 Dei,
3058 1156 3389 1223 spiritalibus

1819 1239 2090 1305 spiritalia
2116 1252 2480 1311 comparantes
2505 1243 2544 1297 ⁸.

1890 1350 2025 1406 VIII.
2071 1352 2226 1409 Dicat
2254 1354 2453 1426 aliquis
2488 1374 2501 1411 :
2536 1354 2683 1414 Duos
2711 1371 2841 1429 ergo
2878 1356 3046 1414 Filios
3075 1360 3384 1420 statuimus.

1820 1441 1974 1509 Quod
2009 1443 2056 1499 si
2087 1445 2159 1499 ita
2201 1453 2317 1514 est,
2356 1447 2447 1518 qui
2484 1446 2701 1504 tandem
2746 1465 2869 1506 esse
2904 1460 3082 1520 potest
3131 1450 3390 1523 Unigeni-

1820 1533 1942 1588 tus?
1963 1531 2074 1589 lino
2096 1550 2247 1600 vero,
2267 1546 2323 1591 tu
2351 1538 2466 1609 quis
2496 1555 2549 1592 es
2573 1540 2660 1609 qui
2691 1540 3024 1595 rontradicas
3047 1541 3154 1596 Deo
3178 1544 3232 1596 ’ἲ
3250 1544 3412 1601 Cum.

1819 1627 1964 1681 enim
2017 1623 2214 1683 Filium
2246 1637 2423 1694 vocet,
2453 1631 2547 1699 qui
2580 1644 2610 1684 a
2642 1646 2701 1687 se
2727 1634 2923 1691 oritur.
2970 1632 3230 1704 Spiritum
3258 1651 3389 1691 vero

1819 1727 2091 1783 sanctum,
2120 1720 2213 1790 qui
2244 1719 2313 1773 ab
2333 1728 2565 1792 utroque
2592 1722 2856 1792 procedit,
2904 1737 2981 1779 eae
3007 1733 3116 1781 tres
3141 1740 3388 1796 persona:

1822 1809 1936 1865 sola
1969 1810 2071 1865 ﬁde
2099 1826 2128 1865 a
2165 1812 2372 1869 sanctis
2409 1812 2542 1869 viris
2583 1821 2855 1884 percepta:
2895 1814 3109 1882 lucidas,
3150 1832 3213 1870 ac
3248 1818 3388 1873 lucis

1819 1909 2072 1956 auctores
2098 1900 2277 1955 lucida
2306 1910 2436 1958 sunt
2479 1905 2696 1960 actione
2734 1906 2989 1976 praeditas,
3025 1914 3225 1963 etcum
3268 1911 3389 1980 ipso

1820 1992 1980 2046 Patre
2013 1988 2132 2045 lidei
2166 1991 2286 2047 luce
2311 1994 2663 2049 concordiam
2692 2002 2932 2050 servant.
2982 1995 3128 2053 Heus
3154 2000 3243 2052 tn!
3285 1999 3388 2069 igi-

1819 2091 1908 2137 tur
1939 2082 2091 2148 audi,
2122 2083 2577 2152 quemadmodum
2608 2083 2767 2139 Pater
2789 2100 2917 2142 vere
2944 2087 3017 2142 sit
3047 2084 3169 2142 Filii
3236 2100 3389 2156 pater

1819 2182 2077 2244 totusque
2129 2174 2253 2240 lux;
2299 2183 2351 2230 et
2394 2171 2568 2232 Filius
2596 2175 2710 2232 veri
2759 2178 2829 2232 sit
2864 2174 3045 2233 Patris
3078 2175 3267 2243 Filius,
3304 2179 3388 2234 lu-

1819 2279 1941 2319 men
1972 2264 2039 2320 de
2063 2265 2288 2328 lumine,
2335 2281 2444 2322 non
2476 2276 2535 2320 ut
2568 2264 2710 2321 facta
2770 2276 3018 2323 creatave
3046 2277 3259 2334 caetera,
3290 2283 3388 2339 ap-

1822 2355 2115 2425 pellatione
2144 2354 2442 2423 duntaxat;
2499 2355 2736 2425 Spiritus
2771 2356 3005 2427 denique
3044 2368 3267 2415 sanctus
3295 2373 3390 2414 ve-

1820 2446 1999 2501 ritatis
2037 2444 2108 2499 sit
2136 2443 2373 2514 Spiritus
2437 2460 2499 2500 ac
2526 2447 2745 2503 tertium
2776 2461 2805 2500 a
2845 2446 3003 2502 Patre
3032 2447 3276 2519 Filioque
3303 2451 3389 2504 lu-
3430 2484 3434 2489 ι

1821 2553 1983 2603 men;
2026 2545 2219 2593 caetera
2261 2538 2445 2592 omnia
2496 2539 2806 2610 adoptione,
2846 2541 2931 2596 vel
2960 2542 3384 2613 comparatione,

1820 2630 1906 2684 vel
1941 2628 2316 2700 appositione,
2357 2630 2442 2684 vel
2471 2630 2832 2700 appellatione
2855 2671 2870 2695 ,
2920 2648 3027 2687 non
3063 2633 3226 2688 simili
3263 2649 3387 2690 cum

1821 2734 1887 2775 eo
1918 2719 2156 2785 actione,
2205 2719 2291 2775 vel
2323 2718 2552 2784 virtute,
2603 2721 2688 2775 vel
2718 2722 2857 2784 luce,
2890 2722 2973 2775 vel
3008 2724 3227 2778 notione
3263 2737 3391 2778 cen-

1824 2820 2035 2865 sentur.
2065 2808 2192 2865 Sive
2229 2809 2355 2880 quis
2382 2809 2513 2864 illud
2554 2810 2754 2866 dixerit
2787 2828 2800 2863 :
2842 2810 3008 2868 Filios
3031 2815 3186 2881 genui
3214 2823 3263 2867 et
3294 2829 3390 2868 ex-

1825 2900 2065 2969 altavi';
2097 2902 2213 2957 sive
2249 2900 2382 2956 illud
2414 2920 2427 2955 :
2465 2899 2575 2972 Ego
2605 2901 2717 2954 dixi
2746 2919 2761 2955 :
2797 2900 2885 2954 Dii
2912 2903 3035 2956 estis
3083 2913 3131 2956 et
3162 2903 3263 2972 ﬁlii
3295 2904 3392 2956 Al—

1827 2993 2018 3047 tissimi
2049 3009 2226 3049 omnes
2250 2994 2270 3025 ⁷
2297 3012 2312 3060 ;
2358 2995 2475 3049 sive
2506 2993 2651 3050 istud
2683 3008 2697 3045 :
2741 2992 2843 3060 Qui
2880 2994 3055 3063 genuit
3087 2993 3263 3048 stillas
3303 3011 3391 3046 ro-

1828 3085 1980 3150 ris';
2012 3086 2128 3139 sive
2154 3086 2259 3139 hoc
2289 3086 2467 3156 ipsum
2505 3102 2516 3137 :
2560 3088 2598 3139 Α
2659 3102 2758 3153 quo
2799 3088 2967 3140 omnis
3012 3087 3302 3153 paternitaa
3336 3088 3392 3139 iu

167 3171 401 3243 πατέρες,
441 3172 474 3243 ἢ
515 3172 846 3243 πατριάρχαι
878 3174 907 3226 ὀ
929 3172 1178 3244 ἀληθινὸς
1204 3172 1393 3243 Πατὴρ
1420 3172 1720 3246 ἀρξάμενος

1827 3176 1967 3231 cadis
2007 3186 2056 3231 et
2104 3178 2158 3231 in
2194 3177 2409 3244 terra';
2458 3178 2616 3233 sive:
2665 3175 2774 3249 Ego
2814 3180 3035 3247 ﬁrmans
3070 3178 3266 3231 tonitru
3289 3215 3303 3239 ,
3342 3192 3393 3231 et

166 3259 249 3315 τοῦ
288 3258 425 3319 εἶναι
462 3262 731 3335 "atth
773 3263 1035 3318 ἐλλείπων
1082 3265 1209 3318 ποτε
1268 3265 1346 3335 τῷ
1393 3265 1567 3335 χρόνῳ
1629 3265 1722 3318 τοῦ

166 3351 527 3428 εἷναιλῐῐατήρ.
560 3356 623 3409 Ei
663 3355 773 3428 γὰρ
820 3357 1044 3427 ἄρχεται
1067 3356 1160 3410 τοῦ
1191 3353 1328 3410 εἶναι
1361 3358 1569 3427 Πατὴρ,
1600 3358 1724 3421 Υἱὸς

168 3449 261 3517 ἄρα
276 3426 345 3517 ἧν
372 3464 506 3501 ποτε
534 3448 723 3518 ἑτέρου
744 3426 973 3519 πάτρος,
1009 3448 1115 3519 πρὸ
1140 3447 1233 3501 τοῦ
1259 3444 1396 3502 εἶναι
1419 3426 1581 3501 αὐτον
1611 3450 1722 3502 Πα-

168 3540 286 3608 τέρα
311 3538 671 3607 Μονογενοῠς.
704 3538 845 3592 Καθ’
875 3538 1166 3609 ὁμοιότητα
1199 3539 1255 3592 δὲ
1286 3540 1521 3612 πατέρες
1565 3540 1726 3592 πατέ-

169 3629 531 3697 ροιννοοῦνται
594 3629 780 3695 τέκνα,
841 3631 936 3685 καὶ
991 3632 1070 3694 εἰς
1113 3630 1338 3702 ἄπειρον
1383 3631 1475 3684 τὸν
1512 3631 1728 3701 ἀληθῶς

169 3722 364 3794 πατέρα
403 3722 504 3793 τῆς
547 3722 932 3792 ἀρχαιολογίας
969 3723 1149 3792 εὑρεῖν
1192 3722 1357 3778 ἔστιν.
1395 3723 1529 3777 Οὐδὲ
1559 3723 1634 3787 ὡς
1660 3722 1728 3777 τὰ

173 3813 318 3868 λοιπὰ
359 3814 525 3867 τέκνα
582 3812 727 3867 θέσει
754 3816 784 3868 6
814 3814 936 3878 Υἱὸς
965 3816 994 3867 6
1033 3814 1281 3885 ἀληθινὸς
1316 3815 1431 3879 νέος
1459 3815 1550 3869 τοῦ
1589 3810 1726 3868 εἶναι

171 3907 302 3965 Υἱός.
320 3909 386 3961 ει
419 3909 529 3978 γάρ
554 3908 673 3971 νέος
699 3907 792 3961 τοῦ
829 3904 967 3962 εἶναι
994 3908 1139 3975 Υἱὸς,
1172 3904 1240 3980 ἦν
1262 3927 1390 3964 ποτε
1426 3912 1613 3981 χρῦνος
1639 3911 1725 3964 ὅτε

168 4001 257 4053 οὐκ
292 3997 360 4072 ἦν
413 4003 444 4055 6
490 4001 704 4073 Πατὴρ,
760 4000 949 4072 Πατὴρ
984 4002 1340 4070 Μονογενοῦς.
1385 3996 1517 4056 Οὐδὲ
1557 4003 1632 4067 ὡς
1660 4004 1727 4057 τὰ

172 4090 315 4146 λοιπὰ
348 4094 635 4164 πνεύματα
675 4095 734 4147 τὸ
770 4093 991 4164 Πνεῦμα
1021 4092 1122 4163 τῆς
1164 4094 1417 4164 ἀληθείας
1445 4096 1661 4151 κτιστὸν
1692 4097 1724 4166 ἢ

173 4187 408 4255 ποιητόν·
463 4186 587 4240 οὐδὲ
628 4185 706 4250 ὡς
739 4187 786 4241 οἱ
824 4185 1001 4239 λοιποὶ
1040 4186 1257 4255 ἄγγελοι
1293 4190 1322 4241 6
1353 4188 1451 4259 τῆς
1486 4188 1727 4258 μεγάλης

175 4274 610 4348 βουλῆςἈτγελος
626 4276 892 4332 καλεῖται.
924 4280 988 4331 Ἀ
1014 4278 1111 4348 μὲν
1129 4279 1236 4349 γὰρ
1262 4278 1433 4349 ἀρχὴν
1459 4280 1548 4332 καὶ
1577 4279 1725 4342 τέλος

176 4366 295 4434 ἔχει,
316 4366 353 4421 ἃ.
371 4366 430 4421 δὲ
456 4366 809 4438 ἁνεπινόητον
835 4366 948 4437 ἔχει
978 4365 1038 4419 τὸ
1061 4366 1259 4437 κράτος
1285 4367 1378 4419 καὶ
1408 4365 1508 4436 τὴν
1529 4365 1722 4436 ἀρχήν.

177 4457 272 4510 Καὶ
298 4459 333 4513 ἃ
351 4460 450 4528 μὲν
475 4457 648 4523 κτίζει
667 4459 737 4512 τὰ
752 4458 929 4513 πάντα
954 4460 1033 4522 εἰς
1053 4458 1309 4530 ἀπείρους
1322 4456 1521 4520 αἰῶνας
1544 4473 1727 4527 συνερ-

175 4548 357 4612 nam
375 4549 456 4620 τῷ
472 4550 668 4621 Πατρὶ,
692 4549 796 4604 se:
820 4549 1061 4613 κτίζεται
1073 4549 1179 4602 ὑπὸ
1196 4550 1402 4602 τούτων
1418 4549 1492 4610 ὡς
1514 4549 1580 4602 ἂν
1613 4547 1744 4601 eos»
1761 4529 1804 4583 ι)

175 4636 321 4692 λοιεν.
342 4641 449 4694 Καὶ
481 4640 518 4694 ἆ
548 4640 648 4709 μὲν
668 4639 920 4709 λατρεύει
951 4640 1179 4704 τούτοις,
1204 4638 1308 4692 ἃδε
1338 4636 1605 4706 λατρευτὰ
1630 4637 1734 4689 ὑπὸ

175 4732 270 4784 τῶν
293 4732 429 4786 ὅλων
448 4733 782 4803 κτισμάτων.
813 4731 970 4785 Καὶᾶ
996 4732 1091 4801 μὲν
1112 4732 1255 4784 ἰᾶται
1288 4729 1355 4783 τὰ
1376 4732 1671 4801 ποιήματα,
1698 4729 1734 4782 ἃ

176 4819 224 4873 ἓ
248 4823 341 4893 τὴν
370 4824 515 4878 ἴασιν
542 4823 808 4893 λαμϐάνει
839 4822 1177 4894 παράὑτῶν.
1194 4821 1353 4876 Καὶᾶ
1379 4821 1475 4893 μὲν
1489 4822 1734 4893 κρίνεται

178 4915 284 4968 κατ’
310 4915 493 4981 ἀξίαν,
526 4914 562 4968 ἃ
583 4915 640 4969 δὲ
669 4915 769 4986 τὴν
807 4910 989 4987 κρίσιν
1037 4914 1149 4985 ἔχει
1175 4916 1274 4986 τὴν
1307 4915 1542 4969 δικαίαν.
1562 4915 1671 4968 Καὶ
1701 4915 1735 4967 ἂ

182 5002 269 5072 μιν
294 5009 468 5079 χρόνῳ
498 5007 667 5068 ἐστὶν,
698 5006 734 5061 ἃ
759 5006 814 5059 δὲ
843 5007 943 5058 οὐκ
990 5007 1047 5059 ὲν
1087 5008 1278 5083 χρόνῳ,
1314 5008 1585 5075 τυγχάνει.
1634 5005 1737 5060 Καὶ

180 5094 209 5146 ἃ
242 5099 333 5165 μὲν
355 5096 582 5167 φωτίζει
602 5098 670 5151 τὰ
697 5098 893 5153 πάντα.
929 5098 963 5150 ἃ
994 5099 1049 5151 δὲ
1097 5097 1409 5167 φωτίζεται.
1443 5099 1609 5153 Καὶᾰ
1639 5100 1736 5170 μὲν

180 5186 318 5239 καλεῖ
344 5188 571 5256 νηπίους
595 5190 674 5250 εἰς
690 5187 841 5256 ὕψος,
856 5187 892 5241 ἃ
912 5187 970 5240 δὲ
992 5189 1236 5242 καλεῖται
1261 5190 1367 5241 ὑπὸ
1387 5188 1481 5240 τοῦ
1509 5189 1734 5243 τελείου.

183 5277 328 5332 Κιὶᾶ
363 5279 460 5348 μὲν
487 5278 768 5349 χαρίζεται
785 5280 970 5339 πᾶσιν,
996 5279 1099 5333 ἃδε
1115 5281 1427 5350 χαρίσματα
1450 5280 1736 5350 λαμϐάνει.

183 5367 277 5422 Καὶ
308 5370 555 5437 καθάπαξ
592 5372 784 5437 εἰπεῖν,
809 5370 845 5425 ἃ
877 5372 976 5438 μὲν
1006 5372 1227 5442 ἐξυμνεί
1250 5371 1348 5444 τὴν
1383 5371 1647 5443 ἁγιότητα
1681 5374 1737 5425 ἐν

247 5651 266 5685 ³
302 5674 403 5723 ΊῬ.-
424 5658 619 5710 πειθοῖ.
699 5660 719 5687 ¹
757 5657 912 5714 Joan.
946 5676 1019 5724 IV,
1042 5660 1131 5715 24.
1209 5662 1228 5692 ³
1271 5662 1371 5718 lsa.
1404 5680 1479 5724 rx.
1511 5665 1561 5717 6.

187 5732 352 5783 unt.
385 5729 433 5779 ὃ.
511 5728 532 5758 ⁸
566 5727 667 5780 Joh
696 5746 918 5786 surtu.
947 5731 1038 5784 28.
1117 5735 1137 5762 "
1180 5730 1373 5803 Εμξιυδ.
1403 5752 1486 5794 ιιι,
1525 5735 1604 5789 l3.

374 5822 642 5882 PATBOL.
679 5823 723 5881 (Ξ
738 5843 793 5881 n.
834 5825 1024 5885 XL“.

1676 5666 1693 5694 ⁸
1724 5663 1738 5716 1
1775 5664 1897 5717 Cor.
1928 5679 1988 5724 ιι,
2020 5662 2107 5721 12,
2144 5662 2224 5716 1'5.

1687 5738 1726 5766 ¹⁰
1758 5736 1924 5789 Alnus
1978 5749 2050 5795 tv,
2085 5735 2151 5788 13
2183 5751 2246 5789 ex
2281 5733 2441 5789 LXX.
2525 5738 2563 5767 “
2595 5737 2696 5791 isa.
2726 5752 2799 5801 lx,
2833 5738 2882 5791 li.

1827 3286 2010 3324 creans
2044 3268 2305 3339 Spiritum
2364 3269 2428 3323 '°.
2478 3267 2593 3322 Non
2634 3271 2779 3324 enim
2824 3281 3145 3325 cancrorum
3180 3277 3394 3341 patrum

1828 3360 2331 3427 patriarcharumve
2377 3375 2529 3416 more
2580 3375 2742 3416 verus
2792 3360 2882 3415 ille
2935 3358 3098 3416 Pater
3131 3368 3228 3414 aut
3271 3374 3396 3417 esse

1826 3449 1987 3505 Pater
2017 3452 2306 3521 aliquando
2328 3453 2513 3523 erepit,
2543 3460 2638 3506 aut
2664 3466 2957 3524 progressu
2987 3450 3248 3522 temporis
3271 3465 3397 3506 esse

1828 3542 2152 3611 quandoque
2182 3542 2412 3599 desinet.
2444 3543 2579 3599 Nam
2609 3545 2654 3599 si
2682 3543 2843 3599 Pater
2862 3557 2987 3599 esse
3011 3542 3261 3614 creperit,
3298 3558 3395 3598 ne-

1829 3646 1983 3691 cesse
2021 3644 2107 3691 est
2136 3643 2194 3688 ut
2219 3634 2388 3691 Filius
2413 3628 2639 3692 alterius
2668 3635 2841 3706 patris
2863 3636 2996 3689 olim
3030 3633 3215 3697 fuerit,
3240 3642 3396 3690 ante-

1827 3741 1992 3796 quam
2035 3738 2180 3784 esset
2243 3726 2515 3799 Unigeniti
2578 3726 2755 3782 Pater.
2812 3726 2983 3782 Porro
3040 3724 3403 3782 similitudine

1829 3818 2065 3888 quadam
2096 3827 2311 3890 patrum
2347 3829 2530 3890 patres
2561 3820 2937 3890 intelliguntur
2958 3833 3082 3874 esse
3116 3817 3231 3881 lilii,
3257 3824 3309 3872 et
3338 3819 3396 3870 in

1832 3911 2101 3965 inﬁnitum
2134 3926 2293 3967 verus
2333 3913 2560 3982 originis
2600 3919 2751 3966 sator
2811 3925 2874 3965 ac
2913 3924 3110 3980 parens
3170 3907 3397 3979 perduci

1831 4013 2029 4073 potest.
2068 4003 2254 4074 Neque
2283 4020 2413 4058 vero
2442 4015 2760 4059 caeterorum
2800 4004 2973 4056 instar
3000 4001 3259 4064 filiorum,
3300 4002 3395 4070 qui

1831 4097 2119 4167 adoptione
2150 4095 2275 4151 facti
2303 4104 2428 4151 sunt
2450 4136 2464 4159 ,
2491 4110 2652 4150 verus
2683 4094 2854 4149 Filius
2881 4108 3073 4149 recens
3100 4101 3183 4147 est
3217 4091 3397 4146 factus

1829 4186 2022 4242 Filius.
2054 4188 2308 4257 Alioquin
2352 4186 2496 4241 enim
2529 4198 2743 4256 tempus
2774 4184 3067 4255 aliquando
3111 4183 3248 4249 fuit,
3287 4200 3399 4255 quo

1829 4279 1990 4335 Pater
2015 4279 2253 4333 nondum
2286 4286 2433 4333 esset
2463 4277 2734 4349 Unigeniti
2768 4278 2945 4332 Pater.
2981 4275 3083 4332 Sed
3110 4290 3286 4346 neque
3319 4278 3398 4332 uti

1830 4368 2020 4437 reliqui
2055 4367 2303 4438 spiritus,
2337 4367 2584 4423 veritatis
2614 4366 2838 4436 spiritus
2869 4373 3111 4420 creatum
3137 4364 3398 4436 quiddam

1830 4468 1914 4515 est
1936 4499 1949 4523 ,
2002 4468 2095 4514 aut
2125 4458 2365 4524 factum;
2415 4473 2589 4529 neque
2620 4466 2941 4514 cancrorum
2974 4458 3149 4513 instar
3176 4458 3399 4528 angelo-

1836 4568 1980 4614 rum,
2014 4551 2194 4623 magni
2228 4552 2317 4606 ille
2345 4551 2559 4608 consilii
2588 4551 2823 4621 Angelus
2861 4550 3145 4606 dicitur“.
3178 4549 3235 4601 Si
3276 4550 3397 4617 qui-

1834 4648 1955 4698 dem
1989 4643 2076 4697 illa
2118 4643 2334 4698 initium
2364 4643 2567 4699 habent
2596 4653 2653 4698 et
2693 4642 2874 4706 linem,
2929 4643 3044 4697 ha-c
3070 4641 3178 4696 duo
3209 4641 3398 4703 robur,

1832 4749 1895 4787 ac
1926 4734 2290 4805 principatum
2328 4735 2541 4798 habent,
2579 4750 2739 4805 quem
2770 4736 2915 4789 nulla
2951 4733 3273 4805 cujusquam
3314 4734 3402 4787 in-

1834 4823 2133 4895 telligentia
2186 4826 2358 4894 possit
2397 4826 2640 4895 assequi.
2681 4824 2803 4880 "me
2850 4827 3104 4879 universa
3146 4838 3402 4893 procreao

1832 4927 1984 4984 runt,
2009 4932 2128 4988 qua:
2156 4933 2281 4972 cum
2318 4917 2479 4973 Patre
2507 4934 2601 4988 per
2632 4919 2840 4973 inlinita
2874 4918 3073 4973 saecula
3096 4917 3402 4973 communi-

1835 5017 1919 5063 ter
1945 5010 2127 5064 omnia
2174 5010 2503 5073 moliuntur;
2555 5020 2748 5063 czctera
2788 5010 2857 5063 ab
2903 5009 3009 5062 illis
3053 5016 3214 5077 prout
3267 5007 3402 5075 ipsis

1836 5101 1967 5153 lihvt
2012 5108 2284 5154 creantur.
2339 5099 2429 5152 Illa
2473 5102 2718 5154 serviunt
2772 5101 2859 5161 iis,
2911 5107 2963 5152 ct
2995 5100 3215 5163 colunt;
3247 5098 3332 5153 his
3370 5115 3403 5153 ιι

1837 5192 2106 5244 creaturis
2160 5190 2417 5244 omnibus
2477 5192 2712 5245 servitus
2764 5190 3055 5258 enitusquc
3119 5190 3402 5243 tribuitur.

1836 5281 1998 5352 897
2033 5280 2156 5335 Haec
2179 5281 2438 5349 operibus
2477 5282 2592 5336 suis
2623 5279 2944 5335 medicinam
2974 5278 3269 5345 adhibent;
3311 5281 3404 5337 illa

1812 5390 1820 5395 ·
1846 5372 2172 5429 medicinam
2209 5365 2279 5421 ab
2308 5368 2429 5424 istis
2463 5367 2761 5438 accipiunt.
2788 5364 2916 5425 ιίιιεο
2942 5366 3197 5421 universa
3222 5366 3395 5421 collu-

2303 5664 2320 5695 ⁵
2352 5663 2506 5719 Rom.
2544 5680 2617 5726 Ix,
2647 5664 2734 5720 ΞΟ.
2813 5667 2834 5696 ⁸
2866 5676 2965 5720 tsa.
3005 5684 3041 5729 t,
3068 5667 3121 5721 ‘2.
3198 5670 3218 5701 '
3253 5665 3403 5728 Psal.

2964 5834 3036 5892 16
