3822 6320
399 290 508 346 191

1857 280 1913 336 S.
1952 278 2294 335 EPlPllANll

3566 277 3666 332 432

407 417 616 473 stram;
643 407 734 462 illa
761 406 1173 462 collustrantur.
1206 405 1330 460 Haec
1366 404 1604 459 infantes
1631 401 1695 458 ad
1731 401 1981 455 sublimi-

2108 399 2333 469 ,ὑρανοῖς
2377 396 2618 468 οὐρανῶν
2649 396 2741 450 καὶ
2777 398 2979 459 λοιποῖς
3007 397 3255 466 ἀοράτοις
3294 394 3501 456 τόποις,
3536 393 3570 446 ἃ
3612 393 3666 446 δὲ

403 507 571 552 tatem
621 508 847 562 vocant;
895 496 985 550 illa
1037 511 1066 549 a
1109 495 1352 566 perfecto
1385 503 1670 548 vocantur.
1719 491 1996 566 Ilaec‘lar-

2102 487 2473 558 ὲξυμνούμενα
2523 487 2590 539 τὰ
2643 487 2792 558 δῶρα
2859 486 3024 551 ἀξίως
3062 488 3292 557 παρέχει
3320 489 3432 548 τοῖς
3477 483 3666 548 ἀξίοις.

405 592 629 661 giuntur
673 590 954 656 omnibus;
1007 590 1097 643 illa
1150 588 1469 645 muneribus
1515 586 1846 641 atliciuntur.
1885 582 1966 637 Ad
2004 595 2273 636 summam
2309 581 2398 634 illa
2459 581 2512 633 in
2597 581 2755 634 (:ozlis
2803 581 3067 634 caelorum
3134 595 3196 633 ac
3241 578 3486 641 caeteris,
3553 589 3670 645 qua:

413 686 592 740 oculis
623 686 894 748 subducta
954 691 1107 749 sunt,
1140 683 1280 741 locis
1333 683 1681 739 saueiitatcm
1731 681 1880 734 illam
1948 677 2283 748 praedicant;
2335 677 2450 730 lizec
2504 674 2722 730 illorum
2768 676 3156 747 praedicatione
3208 675 3483 730 celebrata
3547 685 3666 723 eum

408 773 586 842 dignis
619 789 715 828 sua
748 773 911 844 digne
939 773 1083 830 dona
1113 775 1545 830 communicant.

478 868 566 921 IX.
607 868 870 922 Caeterum
913 871 1221 939 complures
1271 869 1498 939 spiritus
1543 882 1717 923 saera:
1764 865 1984 920 Littera:

406 977 527 1016 esse
561 959 906 1031 signiﬁcant:
941 961 1047 1028 Qui
1080 962 1232 1031 facit,
1265 963 1461 1032 inquit,
1490 962 1702 1032 angelos
1725 976 1848 1014 suos
1876 959 1984 1028 spi-

407 1053 564 1113 ritus,
596 1061 644 1105 et
682 1052 949 1107 ministros
993 1068 1114 1106 suos
1163 1055 1216 1106 in
1255 1055 1423 1124 ignem
1458 1063 1690 1106 urentem
1717 1054 1774 1117 ¹;
1814 1051 1982 1106 item:

412 1144 603 1199 Omnes
634 1144 879 1212 spiritus,
919 1144 1135 1199 laudate
1166 1145 1448 1199 Dominum
1469 1146 1509 1199 '.
1552 1143 1657 1200 Sed
1683 1153 1739 1198 et
1763 1145 1851 1204 iis.
1890 1142 1984 1210 qui

407 1236 555 1305 digni
575 1246 722 1297 sunt,
742 1235 1225 1290 discernendorum
1249 1237 1539 1306 spirituum
1562 1236 1705 1291 dona
1734 1235 1986 1289 tribuun-

405 1337 497 1379 tur
519 1326 559 1378 ³.
601 1325 734 1378 Nam
775 1327 863 1380 alii
895 1329 1152 1383 cmlestes
1189 1335 1317 1384 sunt
1351 1328 1598 1398 spiritus,
1631 1327 1727 1398 qui
1760 1327 1988 1381 veritate

407 1414 778 1480 delectantur;
816 1415 905 1468 alii
930 1415 1156 1480 terreni,
1187 1416 1280 1484 qui
1315 1414 1598 1468 fraudibus
1625 1421 1678 1469 et
1704 1411 1988 1468 erroribus

407 1506 628 1560 .~.buoxii
660 1514 821 1573 sunt;
871 1507 962 1559 alii
1002 1505 1240 1576 denique
1270 1505 1638 1567 subterranei,
1670 1503 1853 1576 abyssi
1907 1513 1986 1558 te-

406 1599 812 1668 nebraruinque
857 1599 971 1653 ﬁlii.
1026 1598 1281 1670 Rogabat-
1311 1600 1472 1663 enim,
1525 1608 1585 1654 ut
1632 1597 1985 1667 Evangeliuni

408 1692 540 1755 ait",
572 1706 632 1742 ne
664 1707 718 1744 se
748 1691 799 1742 in
835 1690 1082 1760 abyssum
1131 1693 1204 1744 ire
1224 1690 1454 1760 juberet.
1515 1690 1591 1744 lla
1621 1698 1676 1746 et
1703 1689 1988 1759 spiritibus

2156 858 2234 912 9'.
2276 857 2568 928 Πνεύματα
2627 857 2685 910 δὲ
2749 855 2978 910 πλεῖστά
3033 871 3197 925 φησιν
3255 855 3288 926 ἠ
3342 854 3572 926 Γραφή·
3620 855 3668 909 Ὀ

2088 949 2274 1004 ποιῶν
2294 949 2438 1014 τοὺς
2476 946 2771 1017 ἀγγέλους
2793 947 2980 1001 αὑτοῦ
3023 946 3353 1014 πνεύματα,
3403 944 3502 998 καὶ
3537 945 3674 1011 τοὺς

2086 1038 2468 1109 λειτοιιργοὺς
2504 1037 2690 1092 αὐτοῦ
2735 1037 2925 1105 πυρὸς
2965 1038 3258 1106 φλογίας·
3302 1037 3434 1103 καὶ,
3475 1038 3674 1092 Πάντα

2088 1133 2160 1185 τὰ
2209 1132 2536 1199 πνεύματα,
2569 1128 2789 1182 αὶνεῖτε
2851 1128 2957 1181 τὸν
2987 1127 3223 1196 Κύριον.
3263 1129 3595 1199 Χαρίσματα
3622 1131 3674 1184 δὲ

2089 1221 2260 1285 ἀξίοις
2307 1220 2507 1272 δίδοται
2547 1218 2871 1289 διακρίσεως
2913 1217 3259 1287 πνευμάτων.
3301 1219 3368 1270 Ἀ
3425 1217 3526 1287 μὲν
3571 1217 3676 1288 γὰρ

2090 1311 2390 1384 ὲπουράνιά
2415 1313 2531 1364 ἐστι
2555 1350 2570 1374 ,
2607 1311 2871 1380 χαίροντα
2896 1311 2962 1380 τῇ
2994 1307 3223 1379 ἀληθείᾳ
3241 1347 3255 1371 ,
3285 1307 3322 1362 ἃ
3350 1308 3408 1361 δὲ
3435 1309 3674 1375 ἐπίγεια,

2092 1402 2310 1473 ἀπάτης
2338 1403 2432 1455 καὶ
2470 1401 2676 1470 πλάνης
2719 1401 3029 1472 ἐπιτήδεια·
3068 1399 3103 1454 ἃ
3134 1401 3190 1453 δὲ
3215 1400 3448 1470 ὑπόγεια
3473 1442 3490 1467 ,
3515 1399 3678 1453 ἀϐύσ-

2093 1515 2186 1550 σου
2220 1497 2316 1550 καὶ
2351 1495 2578 1557 σκότους
2607 1492 2794 1546 τέκνα.
2847 1490 3178 1560 Παρεκάλει
3210 1492 3352 1561 γὰρ,
3401 1493 3462 1545 τὸ
3507 1492 3678 1559 Εὐαγ-

2092 1585 2272 1654 γέλιόν
2304 1600 2488 1656 φησιν,
2514 1583 2615 1636 ἵνα
2646 1581 2732 1651 μὴ
2773 1581 2984 1650 πέμψῃ
3018 1580 3208 1636 αὑτὸν
3241 1584 3327 1647 εἰς
3348 1581 3464 1650 τὴν
3497 1581 3679 1636 ἄϐυσ-

2091 1695 2207 1731 σον
2256 1673 2559 1730 ἀπελθεῖν.
2609 1669 2880 1736 Ὡσαύτως
2955 1672 3011 1725 δὲ
3064 1675 3174 1736 τοῖς
3226 1672 3534 1744 πνεύμασιν
3587 1673 3680 1725 £1:-

409 1777 709 1848 imperabat
737 1779 1010 1838 Christus,
1048 1788 1101 1833 et
1143 1779 1370 1848 spiritus
1403 1779 1568 1834 verbo
1612 1777 1853 1848 fugabat,
1891 1794 1989 1833 nec

2108 1769 2291 1823 ἔτασσε
2316 1786 2330 1800 ο
2379 1768 2474 1822 καὶ
2509 1765 2796 1838 πνεύματα
2832 1765 2889 1818 δὲ
2937 1764 3186 1830 ἐξεδίωκε
3241 1763 3405 1836 λόγῳ,
3447 1766 3544 1819 καὶ
3585 1768 3682 1820 οὐκ

409 1869 610 1924 sinebat
631 1886 716 1924 eos
743 1869 945 1940 loqui".
978 1868 1284 1936 Quinetiam
1332 1870 1558 1941 Spiritus
1577 1869 1790 1939 judicii,
1820 1877 1874 1923 et
1903 1885 1993 1922 ar-

406 1963 557 2016 doris
579 1962 804 2032 spiritus
825 1962 1142 2016 nominatur
1159 1962 1200 2017 ⁶.
1224 1961 1526 2032 Itidemque
1549 1959 1733 2015 mundi
1747 1961 1987 2030 spiritus.

411 2053 522 2121 [Nos
536 2055 695 2116 enim,
717 2053 911 2124 inquit,
929 2054 1111 2108 mundi
1127 2055 1371 2122 spiritum
1393 2071 1491 2108 non
1513 2055 1739 2120 accepim
1749 2071 1808 2107 us
1821 2055 1864 2104 ⁷.
1885 2051 1992 2108 Nec

409 2162 515 2200 non
543 2154 597 2202 et
626 2147 863 2201 hominis
893 2147 1142 2218 spiritus.
1199 2147 1330 2214 Quis
1361 2164 1564 2211 eorum,
1622 2147 1818 2216 inquit,
1851 2146 1992 2199 norit

405 2255 523 2307 quia
555 2248 677 2292 sunt
708 2238 950 2306 spiritus,
995 2240 1098 2293 nisi
1133 2239 1352 2308 spiritus
1391 2239 1481 2307 qui
1509 2249 1582 2293 est
1613 2238 1665 2290 in
1702 2236 1908 2289 homine
1932 2233 1993 2286 εἳ

408 2330 537 2384 Item
567 2351 579 2385 :
630 2328 863 2400 Spiritus
891 2331 1105 2394 vadens,
1139 2341 1188 2386 et
1235 2348 1338 2384 non
1374 2345 1630 2385 revertens
1652 2331 1693 2384 θ.
1729 2328 1993 2394 Quoniam

407 2423 626 2489 spiritus
667 2423 1005 2491 pertransibit
1033 2425 1084 2477 in
1116 2423 1231 2488 illo,
1274 2433 1321 2476 et
1365 2439 1468 2476 non
1502 2421 1750 2475 subsistet
1779 2419 1856 2486 ι⁰;
1905 2427 1990 2474 et:

409 2513 630 2583 Auferes
655 2516 901 2583 spiritum
927 2532 1126 2579 eorum,
1151 2526 1198 2570 et
1226 2516 1463 2584 deﬁcient
1484 2515 1547 2568 “.
1578 2513 1728 2568 Adde
1753 2522 1805 2567 et
1830 2511 1990 2566 illud:

411 2603 646 2670 Spiritus
684 2605 1057 2674 prophetarum
1088 2605 1351 2671 prophetis
1391 2601 1835 2668 subiiciuntur".
1893 2598 1991 2656 Et:

413 2690 547 2748 Ecce
579 2693 801 2762 s'piritus
848 2695 1072 2748 mendax
1100 2697 1242 2749 stetit
1280 2711 1460 2748 coram
1492 2693 1752 2748 Domino:
1782 2700 1829 2746 et
1860 2692 1996 2748 dixit

408 2788 541 2856 ipsi:
579 2784 643 2842 In
690 2805 791 2857 quo
830 2787 1053 2855 decipies
1086 2787 1310 2842 Achab?
1351 2786 1418 2840 Et
1448 2803 1561 2846 ero.
1606 2786 1804 2857 inquit,
1835 2788 1996 2857 spiri-

409 2891 495 2935 tus
526 2879 753 2935 meudax
774 2880 828 2932 in
862 2895 952 2934 ore
979 2881 1350 2949 prophetarum
1376 2880 1438 2934 ¹³.
1473 2878 1741 2936 Praeterea
1770 2880 1997 2950 spiritus

409 2972 630 3041 quidam
685 2971 1124 3040 compunctionis
1178 2972 1482 3040 appellatur
1517 2972 1596 3034 ",
1653 2979 1708 3028 et
1767 2971 1996 3043 spiritus

412 3063 662 3134 ignavia,
694 3072 747 3116 et
772 3064 1001 3134 spiritus
1029 3064 1290 3134 Pythonis
1317 3068 1380 3126 ",
1409 3072 1465 3119 et.
1495 3064 1724 3134 spiritus
1759 3063 1995 3118 fornica-
2027 3099 2067 3152 Ο

411 3157 600 3219 tionis,
645 3164 698 3210 et
724 3155 951 3224 spiritus
981 3157 1234 3225 procellae
1255 3157 1317 3216 ¹⁶,
1353 3166 1406 3210 et
1435 3156 1664 3226 spiritus
1696 3156 1896 3226 loquax
1929 3157 1992 3222 ",

410 3258 464 3300 ιιι
499 3248 728 3317 spiritus
772 3249 1104 3302 inﬁrmitatis
1130 3248 1194 3313 ¹⁸,
1234 3257 1287 3302 et
1319 3249 1547 3318 spiritus
1593 3248 1908 3304 immundus
1934 3251 1996 3316 ⁸³,

409 3347 466 3390 et
496 3339 720 3406 spiritus
753 3338 974 3398 surdus.
1015 3345 1069 3391 et
1108 3338 1335 3408 spiritus
1369 3347 1550 3393 mutus
1572 3339 1640 3402 ’°,
1690 3346 1743 3392 et
1773 3339 1999 3408 spiritus

411 3447 556 3502 aegre
582 3432 828 3500 loquens.
857 3437 911 3485 et
940 3429 1168 3499 spiritus
1187 3429 1427 3484 diﬁicilis
1455 3431 1630 3494 valde,
1658 3431 1750 3501 qui
1777 3439 2000 3486 vocatur

415 3524 639 3593 legio",
663 3530 717 3578 et
735 3524 1001 3594 spiritalia
1026 3524 1281 3594 nequitiae
1298 3525 1362 3577 “.
1389 3522 1672 3580 Postremo
1695 3524 1922 3581 inﬁnitis
1945 3525 1997 3580 in

411 3613 716 3685 Scriptura:
759 3613 895 3669 locis
933 3613 1224 3683 spirituum
1269 3612 1466 3668 factum
1500 3630 1624 3668 esse
1667 3617 1999 3670 mentionem

413 3707 691 3777 sapientes
744 3706 1076 3778 intelligunt.
1145 3704 1252 3762 Sed
1302 3706 1762 3778 quemadmodum
1817 3709 2000 3778 plures

417 3806 546 3852 sunt
585 3797 898 3868 adoptione.
948 3799 1032 3854 vel
1078 3799 1363 3854 vocatione
1410 3799 1523 3860 ﬁlii,
1581 3816 1686 3853 non
1733 3803 1996 3856 veritate:

415 3890 586 3961 898
612 3905 678 3946 eo
705 3890 850 3961 quod
881 3899 934 3946 et
965 3892 1120 3947 initio
1149 3900 1202 3947 et
1235 3893 1338 3947 ﬁne
1383 3901 1666 3955 constant,
1693 3901 1745 3946 et
1775 3891 1840 3946 ad
1877 3909 2002 3962 pec-

409 3986 653 4056 candum
696 3985 952 4053 propensi
990 3993 1151 4040 sunt:
1213 3985 1292 4040 sic
1331 3992 1385 4039 et
1435 3985 1662 4056 Spiritus
1708 3982 2003 4054 ad0ptione

411 4081 569 4136 sunt,
610 4082 702 4128 aut
736 4076 1023 4129 vocatione
1057 4076 1387 4144 complures,
1421 4075 1512 4144 qui
1549 4083 1603 4129 et
1634 4075 1686 4127 in
1719 4085 2000 4144 peccatum

417 4165 572 4235 proni
607 4174 736 4220 sunt
765 4181 826 4220 ac
858 4167 1146 4235 proclives.
1191 4167 1255 4220 At
1295 4167 1533 4237 Spiritus
1568 4176 1795 4221 sanctus
1848 4167 2002 4221 solus

419 4274 447 4311 a
472 4257 632 4314 Patre
661 4265 713 4314 et.
733 4255 895 4319 Filio,
921 4259 1161 4328 Spiritus
1190 4259 1515 4322 veritatis",
1536 4269 1586 4313 et
1616 4258 1707 4314 Dei
1738 4257 2000 4328 Spiritus,

417 4361 470 4405 et
509 4349 746 4419 Spiritus
786 4350 1014 4415 Christi,
1063 4361 1116 4403 et
1147 4351 1385 4420 Spiritus
1429 4352 1640 4420 gratiae
1668 4351 2000 4404 nominatur.

2093 1864 2186 1917 εἴα
2250 1862 2404 1916 αὐτὰ
2468 1859 2702 1914 λαλεῖν.
2755 1858 2987 1926 Λέγεται
3042 1857 3099 1910 δὲ
3153 1855 3370 1924 πνεῦμα
3424 1857 3679 1928 κρίσεως,

2094 1955 2189 2009 καὶ
2239 1953 2455 2025 πνεῦμα
2503 1952 2785 2014 καύσονος.
2828 1950 3064 2018 Λέγεται
3103 1950 3159 2002 δὲ
3195 1948 3413 2018 πνεῦμα
3451 1952 3677 2019 κόσμου.

2107 2045 2301 2118 Ἡμεῖς
2338 2045 2407 2100 δὲ
2438 2047 2510 2100 οὐ
2559 2044 2624 2099 τὸ
2666 2041 2902 2113 πνεῦμα
2940 2043 3048 2097 τοῦ
3095 2044 3327 2113 κόσμου
3366 2043 3681 2113 ἐλάϐομεν,

2097 2139 2230 2210 φησι
2253 2157 2265 2169 ·
2305 2139 2398 2193 καὶ
2441 2137 2658 2208 πνεῦμα
2711 2136 2766 2189 δὲ
2797 2135 3117 2209 ἀνθρώπου·
3167 2136 3262 2202 Τίς
3297 2136 3406 2206 γὰρ
3438 2132 3565 2190 οἶδε
3614 2139 3684 2191 τὰ

2097 2231 2201 2284 τοῦ
2235 2230 2596 2298 πνεύματος,
2628 2229 2680 2281 εὶ
2735 2226 2816 2297 μὴ
2864 2227 2928 2280 τὸ
2960 2227 3195 2296 πνεῦμα
3231 2227 3294 2281 τὸ
3340 2227 3411 2280 ἐν
3448 2226 3527 2293 τῷ
3579 2229 3682 2282 ἁν-

2097 2321 2344 2388 θρώπῳ;
2382 2319 2624 2389 Πνεῦμα
2661 2321 3101 2388 πορευόμενον,
3135 2320 3231 2373 καὶ
3255 2322 3365 2375 οὐκ
3412 2321 3686 2390 ἐπιστρέ-

2097 2432 2237 2483 φον.
2285 2415 2410 2467 Ὅτι
2451 2413 2686 2482 πνεῦμα
2735 2411 2988 2481 διῆλθεν
3039 2413 3109 2466 ἐν
3161 2411 3358 2478 αὐτῷ,
3416 2415 3518 2468 καὶ
3571 2417 3683 2482 οὐχ

2099 2503 2352 2571 ὑπάρξει
2372 2520 2386 2534 ο
2415 2503 2530 2567 καὶ,
2573 2499 2948 2568 Ἀντανελεῖς
2972 2502 3038 2555 τὸ
3073 2503 3310 2573 πνεῦμα
3337 2503 3556 2570 αὐτῶν,
3586 2507 3684 2559 καί

2097 2597 2451 2664 ἐκλείψουσι
2480 2611 2493 2625 ⁸
2534 2595 2628 2648 καὶ
2655 2634 2668 2659 ,
2711 2595 3026 2663 Πνεύματιι
3071 2595 3129 2648 δὲ
3187 2595 3510 2666 προφητῶν
3546 2615 3688 2667 προ-

2098 2688 2316 2757 φήταις
2352 2686 2764 2741 ὑποτάσσεται
2790 2703 2804 2716 ο
2837 2687 2962 2750 καὶ,
3005 2687 3151 2740 Ἰδοὺ
3200 2688 3437 2758 πνεῦμα
3462 2689 3690 2758 ψευδὲς

2099 2780 2246 2848 ἔστη
2277 2779 2540 2832 ἐνώπιον
2573 2778 2815 2847 Κιιοίου,
2846 2777 2943 2832 καὶ
2982 2774 3152 2832 εἶπεν
3183 2778 3344 2846 αὐτῷ
3368 2797 3382 2813 ο
3430 2781 3527 2834 Ἐν
3571 2784 3688 2834 τίνι

2099 2870 2433 2938 ἀπαιτήσεις
2457 2869 2564 2923 τὸν
2605 2869 2861 2938 Ἀχαά6;
2890 2870 3000 2924 Καὶ
3041 2871 3255 2942 ἔσομαι
3276 2913 3292 2939 ,
3316 2874 3470 2944 φησὶ,
3505 2875 3690 2928 arsi;-

2101 2979 2182 3030 μα
2218 2961 2444 3031 ψευδὲς
2492 2963 2562 3014 ἐν
2603 2963 2855 3031 στόματι
2898 2959 3016 3016 τῶν
3060 2962 3404 3032 προφητῶν.
3455 2965 3690 3032 Λέγεται

2101 3053 2156 3108 δὲ
2190 3053 2406 3125 πνεῦμα
2449 3053 2794 3120 κατανύξεως
2840 3050 2979 3108 εἶναι
3005 3094 3021 3117 ,
3060 3055 3279 3125 πνεῦμα.
3324 3055 3554 3119 δειλίας,
3595 3058 3691 3108 καὶ

2103 3147 2320 3219 πνεῦμα
2352 3147 2626 3212 Πύθωνος,
2651 3149 2743 3200 καὶ⁸
2781 3146 2996 3218 πνεῦμα
3027 3149 3283 3218 πορνείας
3306 3189 3320 3212 ,
3354 3148 3450 3200 xa‘t
3470 3148 3690 3219 πνεῦμα

2101 3239 2445 3309 καταιγίδος,
2490 3241 2583 3293 καὶ
2641 3239 2856 3310 πνεῦμα
2895 3239 3281 3311 πολυρῤἧμον,
3320 3241 3415 3293 καὶ
3469 3240 3690 3313 πνεῦμα

2102 3332 2419 3395 ἀσθενείας,
2451 3333 2546 3386 καὶ
2585 3331 2803 3403 πνεῦμα
2833 3332 3174 3402 ἀκάθαρτον,
3204 3333 3299 3385 καὶ
3329 3333 3548 3406 πνεῦμα
3581 3353 3691 3388 κω-

2103 3426 2201 3495 φὸν
2223 3465 2240 3488 ,
2299 3426 2393 3479 καὶ
2437 3425 2656 3497 πνεῦμα
2702 3425 2898 3480 ἄλαλον
2920 3467 2936 3492 ,
2974 3428 3067 3480 καὶ
3106 3426 3324 3498 πνεῦμα
3374 3428 3690 3498 μογιλάλον,

2104 3519 2198 3572 καὶ
2236 3518 2451 3590 πνεῦμα
2503 3519 2738 3590 χαλεπὸν
2770 3519 2889 3574 λίαν
2913 3560 2928 3585 ,
2977 3520 3005 3572 ὃ
3045 3520 3290 3574 καλεῖται
3339 3521 3567 3590 λεγεὼν,
3599 3525 3694 3580 καὶ

2105 3612 2451 3681 πνευματικά
2473 3613 2570 3682 τῆς
2598 3613 2884 3682 πονηρίας.
2930 3613 3164 3684 Ἀπειρα
3193 3612 3249 3667 δὲ
3277 3614 3346 3666 τὰ
3375 3615 3505 3685 περὶ
3536 3633 3693 3669 πνευ-

2105 3703 2292 3774 μάτων
2343 3702 2502 3771 λόγια
2555 3707 2757 3772 σοφοῖς.
2822 3704 2962 3758 Ἀλλ’
2999 3705 3187 3777 ὥσπερ
3241 3708 3290 3758 οί
3347 3706 3535 3760 πολλοὶ
3591 3710 3692 3760 υἱοὶ

2105 3793 2290 3857 θέσει,
2325 3793 2359 3865 ἢ
2395 3794 2607 3864 κλήσει,
2643 3795 2742 3848 οὐκ
2767 3795 2998 3869 ἀληθείᾳ.
3027 3798 3106 3860 δὲ,
3140 3798 3229 3851 διὰ
3258 3797 3317 3851 τὸ
3349 3798 3525 3869 ἀρχὴν
3552 3799 3691 3870 ἔχειν

2106 3883 2199 3936 καὶ
2231 3882 2382 3945 τέλος
2422 3884 2847 3955 άμαρτητικῶς·
2897 3886 3040 3940 οὕτω
3089 3887 3183 3941 καὶ
3221 3888 3510 3958 πνεύματα
3542 3889 3690 3942 πλεῖ-

2107 3991 2206 4028 στα
2234 3973 2384 4028 θέσει
2416 3975 2447 4044 ἢ
2479 3976 2692 4047 κλήσει,
2725 3977 2825 4030 κᾶν
2858 3979 3211 4048 ἁμαρτητικά
3238 3975 3326 4051 ἦν.
3360 3980 3434 4032 Τὸ
3462 3980 3518 4033 δὲ
3543 3982 3692 4050 ἅγιον

2103 4065 2332 4137 Πνεῦμα
2362 4067 2522 4136 μόνον
2548 4067 2790 4122 καλεῖται
2819 4071 2925 4123 ὑπὸ
2947 4073 3158 4143 Πατρὸς
3182 4073 3278 4127 καὶ
3309 4071 3441 4126 Υίοῦ
3469 4073 3689 4143 Πνεῦμα

2106 4155 2368 4228 ἀληθείας
2388 4197 2403 4219 ,
2444 4158 2538 4211 καὶ
2586 4158 2811 4230 Πνεῦμα
2849 4159 2984 4215 Θεοῦ
3010 4203 3024 4226 ,
3058 4163 3152 4216 καὶ
3181 4161 3410 4232 Πνεῦμα
3431 4162 3686 4233 Χριστοῦ,

2109 4249 2203 4301 καὶ
2232 4248 2456 4320 Πνεῦμα
2491 4250 2732 4321 χάριτος.
2765 4252 3064 4326 Χαρίζεται
3103 4254 3210 4326 γὰρ
3267 4254 3481 4326 ἑκάστῳ
3513 4255 3690 4326 διαφό-

2111 4359 2218 4412 ρως
2245 4342 2470 4410 ἀγαθὸν,
2504 4337 2580 4418 Ϊῼ
2607 4345 2724 4414 μὲν
2750 4346 2984 4415 πνεῦμα
3009 4349 3234 4416 σοφίας
3254 4388 3266 4411 ,
3296 4339 3347 4412 ᾦ
3374 4347 3442 4401 δὲ
3461 4348 3690 4418 πνεῦμα

419 4439 768 4494 Gratiﬁcatur
796 4441 938 4494 enim
966 4442 1280 4510 unicuique,
1305 4457 1373 4495 ac
1403 4443 1606 4495 bonum
1635 4443 1800 4494 variis
1828 4443 1989 4495 modis

2109 4434 2472 4501 προφητείας
2492 4474 2507 4497 ,
2558 4428 2606 4501 ᾧ
2638 4435 2704 4488 δὲ
2739 4436 2977 4505 πνεῦμα
3009 4437 3390 4506 διακρίσεως,
3425 4433 3474 4506 ᾧ
3503 4439 3575 4492 δὲ
3601 4441 3689 4510 ἐρα

421 4533 748 4599 impertitur.
808 4529 950 4583 Nam
981 4532 1076 4584 alii
1121 4533 1339 4598 spiritus
1379 4532 1650 4600 sapientia:
1679 4533 2001 4598 conceditur,

419 4620 577 4673 alteri
607 4621 823 4687 spiritus
851 4620 1105 4682 scientiae,
1145 4621 1264 4672 huic
1291 4621 1509 4686 spiritus
1539 4619 1893 4688 fortitudinis,
1923 4621 2005 4672 illi

419 4711 645 4777 spiritus
679 4710 1032 4771 curationum,
1069 4711 1159 4763 isti
1217 4711 1434 4777 spiritus
1496 4709 1815 4777 prophetiw,
1884 4709 2002 4762 huic

419 4803 636 4870 spiritus
653 4800 1008 4865 discretionis,
1026 4803 1514 4868 interpretationum
1533 4803 1614 4854 illi
1638 4803 1701 4854 “.
1723 4803 2003 4856 Accaetera

409 4892 654 4962 denique
696 4893 862 4953 dona.
910 4901 967 4946 ut
1007 4901 1238 4948 testatur
1274 4895 1602 4964 Apostolus:
1651 4891 1796 4946 Unus
1845 4911 2002 4962 porro

415 4995 465 5037 et
499 4984 633 5037 idem
666 4982 893 5050 Spiritus
921 4998 1018 5052 est,
1047 4986 1280 5040 dividens
1314 4987 1591 5055 unicuique
1615 4995 1770 5052 prout
1801 4986 1907 5038 vult
1937 4987 2000 5039 ’³.

419 5076 685 5142 Quoniam
726 5077 952 5144 Spiritus
998 5089 1115 5132 tuus
1151 5079 1313 5132 bonus
1349 5077 1568 5132 deducet
1602 5093 1700 5136 me,
1743 5076 1898 5139 Deus,
1931 5079 2007 5130 ait

422 5168 590 5224 David
617 5171 680 5222 ’⁵.
720 5169 854 5224 Vel:
904 5170 1132 5239 Spiritus
1177 5172 1266 5224 ubi
1325 5170 1431 5222 uult
1482 5172 1647 5238 spirat
1672 5171 1746 5223 27:
1811 5172 2009 5240 quibus

423 5263 603 5316 verbis
656 5262 1042 5316 subsistentem
1089 5278 1210 5315 esse
1253 5261 1513 5330 Spiritum
1564 5275 1811 5314 sanctum
1856 5263 2010 5316 nobis

504 5451 515 5476 ‘
566 5448 707 5500 l’sal.
745 5462 866 5509 cur,
891 5446 943 5497 1.
1033 5446 1054 5476 '
1095 5444 1236 5498 Psal.
1271 5459 1356 5504 CL,
1390 5446 1440 5496 li.

418 5518 437 5551 ’³
481 5518 656 5572 lCor.
685 5533 744 5578 ιι,
784 5518 866 5569 12.
944 5516 964 5543 ⁸
1005 5515 1132 5567 ibid.
1177 5515 1260 5567 ll.
1339 5519 1357 5545 ⁹
1401 5514 1542 5568 Psal.
1589 5531 1792 5580 Lxxvti,
1821 5517 1908 5570 59.

425 5659 510 5711 Η.
591 5659 631 5687 ¹³
676 5657 806 5708 Luc.
841 5674 911 5715 XI,
945 5657 1032 5707 ‘21.

427 5728 511 5781 l'i.
587 5728 629 5757 ’⁷⁸
676 5727 836 5781 lCor.
881 5742 973 5793 Ml,
1014 5725 1045 5778 8
1079 5741 1230 5793 seqq.

1114 5657 1156 5684 “
1202 5655 1365 5706 Marti.
1421 5671 1492 5710 ix.
1533 5653 1623 5707 2i.

1308 5722 1500 5777 "ibid.
1539 5723 1621 5778 il.

2101 4526 2382 4593 μηνειῶν,
2411 4530 2504 4580 καὶ
2530 4527 2595 4580 τά
2626 4527 2787 4581 λοιπά
2819 4529 2875 4582 δὲ
2908 4529 3332 4601 χαρίσματα,ὣς
3360 4549 3524 4601 φησιν
3543 4551 3555 4561 ·
3597 4534 3690 4584 Ἓν

2108 4617 2176 4668 δὲ
2228 4618 2324 4671 καὶ
2383 4618 2448 4671 τὸ
2499 4618 2646 4672 αὐτὸ
2695 4619 2938 4686 Πνεῦμα
2965 4662 2980 4685 ,
3021 4619 3292 4690 διαῖροῦν
3347 4623 3584 4687 ἑκάστῳ
3618 4624 3691 4687 ὡς

2104 4707 2412 4771 βούλεται.
2449 4709 2569 4762 Ὅτι
2622 4710 2686 4763 τὸ
2731 4710 2974 4779 Πνεῦμὰ
3015 4726 3132 4767 σου
3186 4715 3254 4768 τὸ
3301 4716 3531 4785 ἀγαθὸν
3564 4717 3691 4783 ἐδη-

2114 4799 2282 4868 γήσει
2312 4817 2410 4868 με,
2444 4802 2475 4852 ό
2508 4797 2652 4866 Θεὸς
2677 4845 2691 4867 ,
2734 4803 2898 4874 φησιν
2927 4806 2954 4857 ό
2985 4804 3175 4858 Δαϐίδ·
3225 4805 3296 4876 ἦ,
3353 4806 3419 4860 Ti)
3456 4807 3690 4876 Πνεῦμα

2111 4892 2264 4945 ὅπου
2297 4891 2452 4947 θέλει
2490 4893 2667 4956 πνεῖ,
2699 4895 2759 4947 τὸ
2794 4896 3157 4951 ὲνυπόστατον
3211 4897 3298 4952 διὰ
3354 4900 3560 4954 τούτων
3608 4899 3690 4954 τοῦ

2114 4982 2266 5050 ἁγίου
2299 4983 2614 5052 Πνεύματος
2654 4984 2928 5038 δείκνυσιν
2963 4989 3127 5058 ἡμῖν’
3174 4990 3290 5042 Kal
3332 4991 3447 5058 τὴν
3489 4991 3691 5061 φωνὴν

2112 5076 2298 5129 αὑτοῦ
2348 5077 2591 5141 ἀκούεις
2619 5095 2630 5106 °
2671 5078 2809 5132 ἀλλ’
2843 5082 2952 5132 οὐκ
3002 5076 3172 5146 οἶδας
3212 5084 3398 5136 πόθεν
3447 5083 3690 5152 ἔρχεται,

2119 5169 2215 5220 καί
2247 5169 2364 5222 ποῦ
2397 5169 2609 5239 ὑπάγει
2630 5188 2642 5200 ’
2677 5173 2790 5234 καὶ,
2836 5173 2970 5226 Ἐὰν
2993 5173 3078 5243 μὴ
3112 5175 3444 5243 γεννηθῆτε
3465 5175 3536 5238 ἐξ
3566 5175 3693 5228 ὕεα·

2119 5280 2218 5327 ῖος
2258 5263 2762 5330 κιιέΙ’1ι-·εύματος,
2801 5266 2985 5334 ὅμοιον
3027 5267 3103 5329 ὡς
3148 5262 3267 5319 εἷπε
3313 5267 3556 5330 Παῦλος.
3604 5268 3692 5319 εει.

1550 5444 1569 5474 ³
1611 5442 1777 5498 lCor.
1810 5461 1911 5510 xu,
1958 5447 1980 5499 l

1589 5531 1792 5572 Lxxvti.
1821 5517 1908 5570 59.

2151 5445 2173 5478 ‘
2211 5445 2345 5502 Luc.
2391 5465 2522 5512 vm,
2572 5449 2661 5504 5|.
2765 5451 2786 5482 ⁸
2831 5450 3000 5506 Marc.
3046 5468 3086 5515 ι,
3130 5453 3218 5507 34.
3323 5455 3343 5484 ⁸
3383 5454 3488 5508 lsa.
3525 5469 3596 5513 iv,
3641 5451 3687 5500 Α.

2108 5517 2219 5570 'sal.
2251 5531 2359 5572 Cll.
2397 5519 2484 5572 16.
2565 5522 2603 5551 ¹¹
2648 5520 2950 5572 Psal-cnt-
2989 5524 3074 5572 29.
3159 5526 3198 5556 ’³
3262 5521 3436 5572 ICor.
3473 5540 3579 5572 xw.
3609 5523 3687 5572 δῖ’.

421 5531 436 5551 ³
483 5531 656 5572 tuor.
685 5533 744 5578 ιι,
784 5531 866 5569 η.
944 5531 964 5543 η
1006 5531 1132 5567 iniu.
1177 5531 1260 5567 tt.
1340 5531 1357 5545 ⁷
1401 5531 1542 5568 rsat.
1589 5531 1792 5580 Lxxru,
1821 5531 1908 5570 ον.
1994 5531 2032 5548 ιν
2075 5531 2219 5570 rsat.
2251 5531 2359 5580 Cll,
2397 5531 2484 5572 to.
2565 5531 2603 5551 "
2651 5531 2950 5586 I'sal.cni,
2989 5531 3074 5577 29.
3159 5531 3198 5556 ιι
3262 5531 3275 5574 |

421 5587 466 5622 ⁸³
507 5588 569 5643 lll
609 5587 739 5654 Reg.
766 5585 1122 5648 xxu,“2l.2'2.
1186 5587 1226 5614 ¹⁴⁵
1265 5583 1420 5636 Rom.
1459 5587 1603 5641 “.8.
1646 5586 1704 5650 ,⁸⁸
1725 5587 1969 5650 Act.xvr,
1997 5588 2078 5640 lli.
2135 5589 2177 5618 ¹⁶
2217 5587 2360 5641 Psal.
2392 5604 2502 5652 CVI,
2534 5590 2624 5643 ‘25.
2694 5591 2822 5644 "’lll
2850 5593 2976 5664 Reg.
3016 5609 3149 5655 xxii,
3184 5593 3275 5646 22.

425 5659 510 5711 Η.
591 5659 631 5687 ¹³
676 5657 1032 5712 l.uc.x1.“.’-i.
1114 5657 1156 5684 “
1202 5655 1365 5706 Marti.
1421 5671 1492 5710 Ix.
1533 5653 1623 5707 2i.
1703 5658 1743 5686 ²¹
1791 5656 1919 5710 an.
1962 5675 2079 5712 ιἰι-ι.
2109 5659 2211 5712 ἧθε
2264 5659 2429 5712 Marc.
2462 5678 2510 5712 ιν.
2555 5662 2607 5712 7.
2687 5665 2733 5692 ’τ
2780 5662 2977 5712 lCnlies.
3017 5665 3216 5712 “.19.-

1811 5676 1919 5710 .ltC.
1962 5676 2079 5714 ιἰιιι.
2109 5676 2211 5714 ιἰυζ
2264 5676 2429 5712 mare.
2462 5678 2510 5714 ιν.
2564 5679 2607 5714 l.

1704 5677 1743 5686 --
1792 5677 1919 5710 huc.
1962 5677 2079 5721 vui,
2109 5677 2211 5722 au;
2264 5677 2429 5712 mare.
2462 5678 2510 5724 ιν,
2564 5679 2578 5713 ι

1703 5728 1748 5758 ²⁶
1793 5727 2128 5793 Psal.c.\Ltt,
2167 5730 2250 5783 ll.
2331 5728 2552 5784 "Joan.

2565 5522 2603 5551 "
2648 5520 2802 5578 Psal.
2827 5538 2950 5586 Cltl,
2989 5524 3074 5577 29.
3159 5526 3198 5556 "
3262 5521 3436 5577 lCor.
3473 5540 3579 5588 xw,
3609 5523 3690 5573 ὅτ’.

3359 5595 3402 5625 ⁸⁸
3422 5593 3548 5647 Luc.
3577 5607 3690 5649 ιιι..

2687 5665 2733 5692 ’τ
2780 5662 2977 5732 lelics.
3017 5683 3102 5726 τι,
3137 5665 3216 5718 1’2.
3303 5667 3346 5696 ⁸³
3386 5663 3544 5718 Joan.
3585 5675 3688 5718 XIV.

2331 5728 2552 5784 "Joan.
2587 5748 2670 5794 ιιι,
2709 5732 2762 5786 S.
