3798 6212
114 298 215 357 ινδ

772 290 1139 350 ADVERSUS
1182 287 1522 345 llrERESES
1558 286 1682 341 LIB.

1862 283 2022 340 TOM.
2072 283 2193 337 1.-
2222 282 2495 338 ΙΙΑΞΠΙΞΞ.
2541 276 2774 338 LXXIV.

3273 279 3379 334 αἰξὶ-ι

115 422 216 485 reip
254 412 483 485 Χριστῷ
518 396 713 479 Ἰησοῦ
742 409 857 481 ἐγὼ
882 408 1183 479 ἐγέννησα
1210 405 1378 475 ὑμᾶς.
1408 404 1543 478 Περὶ
1569 404 1689 457 τού-

1862 403 2050 456 lcndit.
2092 400 2156 454 Et
2178 418 2347 455 vorem
2374 401 2486 469 ejus
2520 399 2673 453 audis
2698 415 2714 452 :
2740 396 2829 453 sed
2851 398 3019 451 nescis
3056 397 3190 451 unde
3218 397 3378 456 venit.

116 525 199 560 του
251 508 282 560 ό
330 505 533 577 Κύριος
560 521 573 534 ’
631 504 809 556 Ὅταν
860 502 1010 568 ἔλθῃ
1070 501 1103 552 ὁ
1143 496 1533 566 Παρὰκλητος
1561 536 1573 556 ,
1617 494 1687 548 ὃν

108 597 220 668 ἐγὼ
259 596 468 666 πέμπω
507 593 652 665 ὑμῖν
676 634 690 656 ,
748 594 813 646 τὸ
854 591 1094 661 Πνεῦμα
1146 589 1258 658 τῆς
1303 588 1619 656 ἀληθείας,
1656 585 1685 639 ὃ

107 690 267 757 παρὰ
294 687 402 742 τοῦ
436 686 665 755 Πατρός
692 684 1099 754 ἐκπορεύεται,
1128 680 1363 745 ἐκεῖνος
1389 676 1689 748 μαρτυρή-

103 798 201 835 σει
235 782 370 851 περὶ
406 781 553 851 ἐμοῦ
577 798 590 813 ·
650 780 742 833 καὶ
768 820 780 842 ,
834 778 959 831 Ἔτι
1008 774 1210 829 πολλὰ
1261 772 1384 842 ἔχω
1437 771 1640 839 λέγειν
1672 785 1684 799 ·

101 873 244 928 ἀλλ’
305 875 378 928 οὐ
429 872 694 926 δύνασθε
746 865 1072 934 βαστάζειν
1117 863 1268 934 ἄρτι.
1313 864 1494 917 Ὅταν
1540 862 1689 931 ἔλθῃ

100 965 335 1031 ἐκεῖνος
356 1004 372 1028 ,
429 964 496 1019 τὸ
546 961 788 1031 Πνεῦμα
845 959 956 1027 τῆς
1004 958 1290 1027 ἀληθείας
1318 997 1333 1020 ,
1401 955 1689 1025 ὁδηγήσει

99 1056 261 1131 ὑμᾶς
296 1061 387 1125 είς
414 1055 620 1112 πᾶσαν
666 1055 782 1124 τὴν
816 1053 1124 1119 ἀλήθειαν.
1174 1056 1255 1108 Οὐ
1294 1054 1404 1123 γὰρ
1430 1051 1690 1117 λαλήσει

98 1155 205 1223 ἀφ’
237 1151 460 1208 ἑαυτοῦ
483 1169 496 1182 ·
523 1149 661 1205 ἀλλ’
706 1148 825 1203 ὅσα
853 1148 1105 1203 ἀκούσει
1137 1145 1399 1215 λαλήσει
1420 1186 1436 1211 ,
1488 1144 1585 1200 καί
1619 1145 1690 1201 τὰ

97 1247 401 1317 ἐρχόμενα
427 1241 753 1313 ἀναγγελεῖ
785 1239 950 1310 ὑμῖν.
995 1238 1255 1304 Ἐκεῖνός
1288 1255 1364 1309 με
1405 1236 1651 1302 δοξάσει
1672 1255 1686 1269 ·

99 1340 193 1393 ὅτι
244 1339 316 1392 ἐκ
355 1336 650 1407 τοῦ’ἐμοῦ
691 1332 987 1403 λήψεται,
1021 1332 1120 1386 καὶ
1176 1329 1501 1401 ἀναγγελεῖ
1546 1328 1690 1400 ὑμῖν

98 1448 325 1486 παντα.

174 1606 233 1659 I'.
265 1606 331 1659 Et
362 1604 539 1658 τοίνυν
586 1601 740 1674 παρὰ
788 1598 884 1655 τοῦ
911 1597 1124 1670 Πατρὸς
1168 1594 1562 1667 ἐκπορεύεται,
1595 1595 1691 1647 καὶ

1792 504 1885 547 aut
1916 510 2017 564 quo
2071 493 2278 547 vadit‘.
2340 491 2505 545 Item:
2550 489 2672 543 Nisi
2701 491 2863 561 geniti
2899 489 3107 560 fueritis
3146 504 3210 543 ex
3241 504 3381 558 aqua

1791 599 1838 642 et
1856 586 2061 659 Spiritu
2086 589 2123 641 ³.
2176 586 2273 641 Cui
2302 597 2730 640 consentaneum
2760 584 2889 639 illud
2913 591 2996 639 est
3020 582 3169 638 Pauli
3194 599 3205 633 :
3236 581 3379 636 Nam

1791 681 1845 733 in
1892 680 2103 735 Christo
2158 678 2287 732 Jesu
2335 694 2427 749 ego
2464 679 2619 749 genui
2660 694 2746 731 vos
2774 675 2813 732 ⁸.
2847 675 2922 732 De
2952 676 3141 732 eodem
3173 674 3378 746 Spiritu

1795 771 2055 827 Dominus
2081 772 2152 825 ita
2183 772 2424 842 loquitur
2448 788 2459 823 :
2493 768 2626 824 Cum
2652 770 2844 824 venerit
2872 768 3206 829 Paracletus.
3226 785 3379 837 quem

1791 882 1884 937 ego
1912 866 2115 920 mittam
2148 864 2313 926 vobis,
2343 862 2575 931 Spiritus
2605 864 2844 918 ueritatis
2879 862 2968 933 qui
3001 879 3033 915 a
3070 861 3235 914 Patre
3258 878 3382 928 pro-

1792 958 1948 1021 cedit,
1985 958 2074 1012 ille
2119 957 2478 1012 testimonium
2541 955 2825 1025 perhibebit
2874 955 2932 1010 de
2990 972 3068 1009 me
3092 956 3136 1009 ⁸.
3202 954 3376 1008 ltetu:

1794 1051 1976 1105 Adhuc
2000 1052 2172 1105 multa
2215 1049 2376 1106 habeo
2409 1048 2633 1105 dicenda
2667 1064 2685 1102 :
2720 1050 2811 1105 sed
2859 1066 2962 1103 non
2990 1050 3207 1120 potestis
3241 1048 3383 1118 ferre

1794 1143 1967 1199 modo.
1998 1141 2132 1199 Cum
2165 1144 2360 1197 venerit
2382 1142 2472 1197 ille
2503 1141 2735 1212 Spiritus
2775 1143 3027 1203 veritatis,
3059 1140 3270 1196 inducet
3291 1155 3379 1194 vos

1792 1236 1846 1288 in
1888 1249 2093 1288 onmem
2128 1233 2416 1287 veritatem.
2474 1230 2596 1286 Non
2638 1232 2777 1285 enim
2824 1232 3064 1301 loquetur
3105 1248 3137 1284 a
3167 1231 3380 1299 seipso:

1792 1328 1883 1383 sed
1914 1342 2235 1399 quwcunque
2265 1325 2443 1381 audiet
2477 1324 2740 1396 loquetur,
2775 1334 2823 1378 et
2861 1332 3075 1379 ventura
3114 1324 3382 1379 nuntiabit

1795 1418 1957 1473 vobis.
2010 1417 2112 1473 Ille
2148 1433 2229 1473 me
2255 1418 2616 1487 ctariﬁcabit;
2663 1415 2787 1487 quia
2815 1419 2878 1471 de
2912 1434 3023 1471 meo
3059 1418 3299 1489 accipiet,
3329 1426 3382 1474 et

1795 1512 1935 1567 vobis
1961 1513 2141 1566 omnia
2171 1511 2435 1566 nuntiabit
2463 1512 2503 1567 °.

1868 1596 1935 1653 Χ.
1977 1599 2169 1669 Igitur,
2212 1598 2257 1653 si
2309 1612 2339 1652 a
2369 1596 2532 1654 Patre
2592 1598 2841 1669 procedit
2864 1600 2906 1662 ⁷,
2952 1609 3003 1655 et
3035 1600 3101 1655 de
3137 1616 3280 1663 meo,
3311 1600 3386 1656 ait

97 1700 168 1751 ὲκ
206 1697 305 1750 τοῦ
344 1695 504 1768 ἐμοῦ,
538 1695 704 1766 φησιν
738 1696 767 1747 ὁ
792 1691 995 1766 Κύριος
1015 1730 1031 1754 ,
1065 1688 1293 1760 λήψεται
1320 1727 1335 1749 ,
1376 1686 1436 1740 ὃν
1485 1685 1691 1758 τρόπον

1862 1689 2085 1752 ιιηίηιιε,
2127 1689 2326 1760 accipit
2343 1690 2385 1753 “,
2411 1690 2868 1760 quemadmodum
2918 1688 3084 1745 Nemo
3117 1694 3256 1745 novit
3279 1691 3386 1746 Pa-

100 1789 323 1855 Οὐδείς
348 1764 504 1858 sm.
535 1764 643 1841 ter
679 1764 934 1852 Πατέρα,
974 1783 1025 1836 ει
1049 1780 1136 1852 μὴ
1168 1783 1201 1834 δ
1237 1779 1386 1845 mc.
1422 1776 1564 1832 οὐδὲ
1587 1774 1695 1830 τὸν

1862 1796 1929 1835 2m
1983 1780 2087 1835 nisi
2132 1776 2330 1845 Filius,
2384 1797 2545 1852 neque
2585 1778 2783 1836 Filium
2818 1783 2922 1837 nisi
2962 1781 3165 1838 Pater’
3216 1802 3229 1838 :

110 1880 275 1943 nar,
306 1882 357 1933 εί
411 1877 492 1947 μὴ
543 1880 576 1931 ό
630 1874 863 1944 Πατήρ·
904 1872 1079 1937 οὕτως
1126 1868 1368 1943 τολμῶσι
1419 1868 1603 1937 λέγειν
1637 1868 1689 1899 ⁸ο

98 1971 225 2025 οὐδὲ.
271 1970 334 2024 τὸ
365 1968 591 2040 Πνεῦμα
616 1969 665 2021 εί
706 1966 782 2040 μὴ
818 1968 849 2022 ό
875 1967 1004 2032 Υἱὸς
1033 1965 1093 2031 ἐξ
1120 1960 1181 2021 οῦ
1210 1964 1479 2037 λαμϐάνει
1499 2005 1514 2028 ,
1547 1964 1642 2019 καὶ
1666 1966 1695 2018 ὁ

100 2064 304 2136 Πατὴρ
329 2065 461 2132 παρ’
499 2056 560 2117 οῦ
588 2059 948 2133 ἐκπορεύεται
968 2076 982 2090 ο
1009 2059 1110 2114 καὶ
1140 2058 1262 2113 οὐδὲ
1291 2056 1386 2111 τὸν
1417 2056 1567 2121 Υίὺν,
1600 2056 1697 2109 καὶ

97 2158 196 2209 τὸν
230 2156 453 2228 Πατέρα
473 2194 488 2217 ,
531 2156 580 2208 εἰ
612 2154 687 2226 μὴ
717 2153 779 2209 τὸ
808 2150 1032 2222 Πνεῦμα
1058 2151 1121 2205 τὺ
1152 2149 1307 2220 ἅγιον
1333 2188 1349 2213 ,
1382 2149 1443 2203 τὸ
1475 2146 1697 2216 δοξάζον

100 2249 357 2322 ἀληθῶς,
403 2248 462 2304 τὺ
502 2247 752 2302 διδάσκον
796 2238 868 2299 τὰ
906 2245 1082 2299 πάντα
1105 2286 1120 2309 ,
1172 2244 1233 2297 τὸ
1285 2239 1596 2315 μαρτυροῦν
1628 2241 1698 2295 τὰ

102 2344 240 2414 περὶ
270 2342 366 2396 τοῦ
398 2341 529 2395 Υἱοῦ
556 2383 572 2407 ,
601 2340 631 2394 ὃ
662 2340 812 2413 παρὰ
847 2338 943 2393 τοῦ
978 2339 1221 2410 Πατρὸς,
1258 2338 1288 2392 δ
1319 2340 1383 2392 ὲκ
1420 2336 1514 2392 τοῦ
1540 2336 1694 2401 Υίοῦ,

106 2436 275 2505 μόνος
324 2432 520 2507 eam;
582 2432 838 2505 ἀληθείας
876 2451 889 2465 ·
948 2433 1130 2504 νόμων
1180 2429 1452 2503 ἐξηγητὴς
1507 2430 1697 2500 ἁγίων,

108 2524 488 2604 πνευματικοῦ
542 2529 709 2596 νόμου
762 2525 1077 2597 ὑφηγητὴς,
1111 2522 1406 2597 προφητῶν
1454 2521 1702 2592 καθηγη-

105 2622 205 2692 τὴς
226 2664 240 2685 ,
269 2618 582 2674 ἀποστόλων
616 2617 936 2681 διδάσκαλος
955 2658 969 2680 ,
1006 2615 1375 2686 εὐαγγελικῶν
1414 2614 1701 2686 δογμάτων

106 2711 344 2783 φωστὴρ
368 2751 385 2776 ,
422 2711 590 2778 ἁγίων
621 2708 877 2779 ὲκλογεὺς
896 2751 910 2774 ,
958 2707 1075 2779 φῶς
1104 2707 1166 2761 τὸ
1195 2704 1450 2778 ἀληθινὸν
1484 2704 1544 2770 ἐξ
1569 2704 1668 2774 atq
1686 2734 1701 2743 -

109 2799 264 2854 θινοῦ
308 2798 506 2869 φωτός.
540 2799 670 2863 Υἱὸς
696 2798 924 2869 φυσικὸς
947 2837 961 2860 ,
993 2797 1119 2860 Υἱὸς
1148 2795 1353 2866 ἀληθὴς
1373 2835 1387 2859 ,
1419 2795 1545 2859 Υἱὸς
1568 2795 1701 2865 γνή-

112 2910 268 2956 σιος,
318 2891 479 2961 μόνος
527 2891 593 2943 ὲκ
628 2889 822 2962 μόνου,
863 2891 958 2943 σὺν
1010 2886 1160 2958 αὐτῷ
1212 2887 1309 2942 καὶ
1354 2887 1417 2940 τὸ
1455 2883 1701 2956 Πνεῦμα,

113 2985 250 3038 ἀλλὰ
287 2981 514 3054 Πνεῦμα
567 2981 987 3061 ὀνομαζόμενον.
1031 2976 1199 3045 Οὗτος
1255 2981 1284 3032 ὁ
1321 2978 1451 3043 Θεὸς
1483 2976 1702 3045 δοξαζό-

118 3092 281 3147 μενος
312 3075 371 3128 ὲν
410 3072 706 3144 Ἐκκλησία
729 3088 742 3101 ·
769 3072 959 3143 Πατὴρ
989 3071 1095 3134 ἀεὶ,
1123 3069 1250 3133 Υἱὸς
1278 3070 1383 3135 ἀεὶ,
1413 3070 1509 3123 καὶ
1536 3067 1705 3122 Πνεῦ-

3312 1784 3387 1840 ita

1793 1872 2067 1929 Catholici
2084 1873 2267 1929 dicere
2289 1873 2522 1929 audent:
2564 1873 2749 1947 Neque
2773 1874 3039 1946 Spiritum
3063 1865 3212 1931 novit
3234 1876 3388 1945 quis-

1795 1966 1966 2036 piam.
2012 1965 2115 2021 nisi
2145 1962 2338 2029 Filius,
2385 1981 2415 2020 a
2455 1982 2565 2037 quo
2599 1967 2833 2039 accepit,
2880 1978 2935 2024 et
2967 1966 3150 2034 Pater,
3202 1985 3232 2024 a
3274 1985 3387 2039 quo

1796 2060 2083 2131 procedit;
2130 2074 2306 2130 neque
2346 2057 2543 2114 Filium
2587 2069 2643 2113 et
2685 2057 2902 2115 Patrem
2953 2062 3104 2116 novit
3162 2044 3391 2133 aliquis:

1800 2152 1903 2208 nisi
1940 2150 2178 2223 Spiritus
2206 2158 2465 2207 sanctus:
2517 2151 2608 2222 qui
2644 2167 2772 2209 vere
2804 2152 3044 2208 celebrat
3093 2169 3157 2209 ac
3191 2156 3389 2225 praedi.

1799 2253 1914 2297 cat:
1967 2242 2060 2313 qui
2109 2241 2271 2296 docet
2321 2243 2530 2307 omnia,
2561 2244 2656 2314 qui
2706 2243 2774 2299 de
2823 2242 2962 2299 Filio
3010 2246 3385 2302 testimonium

1798 2337 1954 2401 dicit,
1987 2336 2079 2407 qui
2124 2350 2154 2389 a
2185 2334 2366 2404 Patre,
2395 2336 2487 2407 qui
2521 2352 2551 2392 e
2581 2336 2718 2393 Filio
2750 2338 3020 2410 procedit,
3064 2340 3217 2396 solus
3245 2343 3390 2396 veri-

1801 2428 1929 2483 tatis
1973 2427 2105 2494 dux,
2173 2436 2489 2483 sanctarum
2552 2428 2730 2501 legum
2781 2430 3071 2502 interpres,
3123 2431 3391 2503 spiritalis

1804 2520 1936 2590 legis
1964 2526 2274 2581 enarrator,
2295 2518 2685 2589 prophetarum
2713 2520 2993 2593 magister.
3013 2523 3389 2593 apostolorum

1804 2618 2125 2681 praeceptor,
2169 2609 2611 2680 evangelii-orum
2666 2612 2982 2683 dogmatum
3016 2615 3101 2668 [οι
3132 2626 3184 2669 et
3214 2615 3388 2679 sidus,

1804 2713 2118 2759 sanctorum
2170 2706 2397 2770 elector,
2444 2700 2640 2759 verum
2680 2704 2862 2759 lumen
2913 2721 2943 2761 e
2995 2721 3123 2761 vero
3163 2706 3390 2762 lumine.

1805 2793 1978 2850 Filius
2022 2797 2292 2853 naturalis
2341 2806 2459 2862 est,
2507 2812 2672 2853 verus
2720 2794 2922 2862 Filius,
2957 2812 3251 2868 germanus
3302 2797 3392 2851 Fi-

1805 2888 1935 2952 lius,
1978 2888 2131 2945 solus
2177 2905 2207 2945 c
2236 2874 2383 2955 salo,
2431 2888 2602 2960 899
2643 2903 2881 2960 quocum
2913 2897 2966 2944 et
2995 2888 3233 2960 Spiritus
3263 2905 3394 2945 san-

1806 2989 1930 3037 ctus
1979 2981 2349 3053 coniungitur,
2394 2982 2487 3053 qui
2514 2979 2754 3052 Spiritus
2804 2982 3023 3052 proprie
3052 2980 3392 3037 neminatur.

1811 3068 1909 3125 llic
1935 3070 2025 3125 ille
2057 3070 2198 3126 Deus
2239 3070 2292 3125 in
2325 3069 2570 3127 Ecclesia
2607 3071 2937 3133 celebratur.
2970 3086 3186 3141 semper
3210 3069 3394 3135 Pater.

120 3185 195 3239 μα
222 3167 386 3235 ἅγιον
418 3166 505 3219 ἀεὶ
526 3204 539 3225 ,
592 3161 794 3234 ὑψηλὸς
828 3160 1033 3234 ὑψηλοῦ
1075 3163 1168 3216 καὶ
1215 3160 1438 3232 ὕψιστος
1459 3201 1472 3223 ,
1514 3158 1706 3232 νοερὰν

1862 3177 2026 3233 emper
2065 3161 2260 3226 Filius,
2310 3176 2526 3233 semper
2556 3160 2795 3232 Spiritus
2844 3173 3091 3230 sanctus,
3141 3164 3398 3222 excelsus

118 3260 277 3324 δόξαν
313 3259 453 3329 ἔχων
483 3257 824 3327 ἀμέτρητον,
858 3247 904 3324 ᾧ
928 3253 1237 3325 ὑποδέδηκε
1276 3254 1345 3308 τὰ
1393 3251 1586 3307 κτιστὰ
1617 3252 1709 3306 καὶ

118 3352 186 3407 τὰ
215 3350 423 3421 ποιητὰ
451 3348 600 3413 ἅπαξ
632 3346 811 3411 ἅπλῶς
836 3346 906 3400 τὰ
928 3346 1219 3417 σύμπαντα
1249 3344 1591 3417 μετρούμενα
1617 3345 1711 3398 καὶ

123 3442 496 3517 περιεχόμενα
524 3440 750 3494 ἕκαστα.
778 3438 983 3511 Θεότης
1010 3439 1069 3492 δὲ
1101 3439 1198 3509 μία
1233 3439 1291 3492 ὲν
1339 3438 1565 3493 Μωῦσεῖ
1605 3438 1709 3507 μά·-

122 3540 284 3591 lis-.1
312 3532 740 3602 καταγγέλλεται
763 3544 778 3559 ο
805 3529 936 3594 δυὰς
983 3530 1040 3583 δὲ
1081 3530 1140 3581 ὲν
1169 3529 1476 3601 προφήταις
1506 3527 1714 3598 σφόδρα

123 3628 496 3701 κηρύσσεται·
530 3623 700 3695 Τριὰς
747 3621 804 3676 δὲ
854 3623 912 3675 ὲν
959 3619 1313 3689 Εὐαγγελίοις
1362 3615 1711 3691 φανεροῦται,

127 3721 311 3774 πλεῖον
339 3716 485 3771 κατὰ
533 3713 758 3785 καιροὺς
803 3712 896 3766 καὶ
928 3712 1120 3780 γενεὰς
1167 3706 1484 3779 ἁρμόζουσα
1529 3704 1608 3777 τῷ
1637 3704 1715 3758 δι-

128 3812 269 3882 καίῳ
311 3811 393 3871 εἰς
438 3806 638 3876 γνῶσιν
665 3805 760 3859 καὶ
786 3803 988 3857 πίστιν.
1021 3801 1227 3865 nam;
1256 3800 1313 3853 δὲ
1342 3798 1481 3870 αῦτη
1512 3798 1714 3852 ἀθανα-

132 3901 377 3965 σίας,ὲκ
433 3897 666 3959 πίστεως
732 3895 788 3947 δὲ
840 3893 1011 3964 αὐτῆς
1065 3894 1098 3964 ἢ
1163 3891 1432 3955 υἱοθεσίας
1486 3890 1712 3959 γίνεται.

145 3994 306 4048 Ἀλλὰ
359 3991 579 4062 πρῶτον
629 3984 977 4057 δικαιώματα
1033 3985 1236 4056 σαρκὸς
1286 3982 1552 4056 ὲκφρόιζει
1580 4023 1593 4043 ,
1642 3980 1718 4043 ὡς

135 4084 420 4157 περίῦολον
445 4080 577 4135 ναοῦ
603 4079 694 4133 τὸν
728 4077 833 4142 ἔξω
858 4077 1199 4149 διεγείρουσα
1228 4077 1285 4127 ἐν
1313 4075 1538 4128 Μωῦσεῖ
1560 4089 1572 4102 ·
1605 4071 1720 4125 δεύ-

134 4190 289 4245 τερον
330 4172 388 4226 δὲ
421 4168 766 4240 δικαιώματα
790 4165 971 4239 ψυχῆς
999 4164 1353 4237 ἐκδιηγεῖται,
1378 4163 1453 4226 ὼς
1486 4164 1554 4215 τὰ
1587 4161 1719 4231 ἅγια

138 4265 419 4336 κοσμοῦσα
467 4264 527 4318 ὲν
571 4260 786 4324 λοιπαῖς
842 4258 1199 4331 προφητείαις
1223 4273 1237 4289 ο
1292 4255 1475 4328 τρίτον
1508 4252 1721 4308 δικαιώ-

143 4376 284 4429 ματα
318 4355 657 4428 πνεύματος,
684 4353 762 4419 ὡς
792 4353 855 4409 τὸ
880 4352 1193 4422 ἱλαστήριον
1226 4350 1320 4404 καὶ
1346 4349 1415 4403 τὰ
1456 4349 1589 4417 ἅγια
1612 4346 1719 4401 τῶν

1811 3251 1879 3305 ab
1911 3251 2150 3314 excelso,
2175 3252 2285 3306 imo
2313 3251 2686 3315 celsissimus;
2716 3252 2809 3323 qui
2844 3252 3175 3325 intelligibili
3198 3254 3373 3326 gloria
3386 3306 3398 3319 ,Α

1812 3350 1862 3395 et
1894 3343 2114 3415 quidem
2162 3343 2371 3399 inﬁnita
2407 3343 2669 3415 praeditus
2697 3349 2780 3400 est
2808 3362 2821 3410 ;
2876 3346 2966 3401 cui
2999 3353 3183 3403 creata
3214 3347 3400 3403 omnia

1817 3435 2069 3506 factaque
2106 3444 2237 3490 sunt
2281 3436 2509 3491 omnino
2541 3436 2809 3506 subiecta,
2846 3453 2968 3509 quae
2996 3438 3219 3509 quidem
3248 3451 3401 3496 certa

1815 3540 2094 3593 mensura,
2121 3542 2185 3581 ac
2210 3527 2722 3599 circumscriptione
2745 3518 3102 3585 deﬁniuntur.
3127 3529 3399 3586 Caeterum

1815 3617 2072 3673 divinitas
2112 3633 2219 3672 una
2262 3617 2407 3689 apud
2444 3616 2666 3689 Moysen
2718 3622 2987 3690 prmeipue
3031 3622 3399 3692 praedicatur:

1815 3711 2064 3767 binarius
2096 3711 2149 3764 in
2185 3710 2466 3782 prophetis
2499 3711 2814 3783 diligentius
2851 3713 3157 3768 mmtiatur.
3217 3711 3401 3769 Trini-

1819 3812 1905 3858 tas
1941 3818 2067 3859 vero
2115 3804 2170 3857 in
2223 3803 2532 3874 Evangeliis
2580 3799 2912 3870 ostenditur,
2946 3823 3066 3877 qua:
3118 3822 3216 3878 per
3265 3816 3402 3863 tem-

1819 3909 1953 3964 pura
1985 3896 2475 3967 generationesque
2517 3896 2764 3968 singulas
2807 3898 2956 3965 iusto
2997 3898 3064 3952 ad
3109 3899 3399 3955 scientiam

1822 3986 2089 4057 ﬁdemque
2115 3988 2348 4059 amplius
2380 3990 2722 4046 conveniret.
2777 3988 2851 4042 Ea
2883 4004 3048 4061 porro
3076 3990 3402 4046 immortali-

1807 4075 1951 4133 tatis
1982 4080 2208 4135 scientia
2236 4096 2304 4134 ex
2346 4079 2449 4134 ﬁde
2485 4082 2628 4150 ipsa,
2672 4081 2754 4136 vel
2796 4080 3085 4151 adoptione
3129 4082 3397 4138 nascitur.

1824 4169 1931 4247 Sed
1986 4170 2224 4241 primum
2274 4172 2700 4241 iustiﬁcationes
2757 4174 2943 4227 carnis
2990 4173 3191 4237 edicit,
3258 4175 3403 4229 velut

1824 4263 2005 4333 templi
2046 4263 2319 4334 quoddam
2371 4265 2614 4319 exterius
2667 4273 2880 4335 septum
2922 4264 2977 4318 in
3009 4264 3194 4337 Moyse
3237 4247 3405 4321 fabri-

1824 4368 1978 4410 cans.
2033 4352 2229 4411 Postea
2269 4369 2400 4410 vero
2443 4355 2638 4411 animae
2679 4355 3107 4426 iustiﬁcationes
3152 4357 3398 4428 expauit,

141 4451 309 4519 ἁγίων
356 4447 697 4521 ρυθμίζουσα
736 4446 794 4497 ἐν
828 4440 1183 4513 Εὐαγγελίοις
1272 4441 1408 4513 πρὸς
1458 4440 1714 4511 κατοίκη-

1862 4461 2083 4516 mquam
2125 4455 2314 4503 sancta
2354 4447 2602 4519 quaadam
2653 4448 2794 4520 apud
2841 4438 3069 4503 caeteros
3107 4449 3404 4520 prophetas

145 4562 227 4597 σιν
259 4542 474 4613 ἑαυτῆς.
512 4538 725 4610 Σκηνὴν
771 4537 828 4591 δὲ
857 4535 1053 4605 ἁγίαν,
1090 4535 1216 4589 λαὸν
1266 4534 1421 4603 ἅγιον
1445 4574 1459 4597 ,
1504 4534 1595 4587 τον
1646 4533 1722 4586 δίι

144 4653 295 4689 καιον
325 4633 440 4704 ἔχει
503 4632 664 4703 μόνον
705 4630 797 4684 τὸν
829 4628 1054 4683 συνόντα
1095 4626 1322 4690 τούτοις.
1368 4628 1626 4680 Κατοικεῖ
1665 4624 1722 4678 δὲ

147 4727 206 4777 ἐν
241 4725 383 4796 αὐτῷ
437 4723 535 4795 μία
574 4721 766 4793 θεότης
803 4720 1106 4795 ᾄφθαρτος,
1162 4718 1258 4789 μία
1298 4718 1489 4789 θεότης
1530 4718 1722 4787 ἀπερι-

146 4806 328 4888 von-tog
357 4857 373 4882 ,
444 4815 829 4887 ἀκατάληπτος
857 4856 871 4875 ,
933 4812 1328 4884 ἀνεκδιήγητος
1366 4852 1381 4875 ,
1458 4811 1718 4883 ἀόρατος,

149 4911 340 4982 ἑαυτὴν
377 4908 724 4979 γινώσκουσα
764 4906 899 4977 μόνη
925 4945 940 4969 ,
992 4905 1193 4975 ἑαυτὴν
1242 4904 1612 4974 ἐμφανίζουσα
1641 4898 1720 4965 οἷς

154 5001 391 5079 βούλεται
417 5043 434 5070 ,
466 5003 752 5074 μάρτυρας
802 4998 1001 5068 ἑαυτῆς
1032 4998 1372 5069 διεγείρουσα
1396 5036 1410 5059 ,
1466 4993 1720 5056 καλοῦσα,

153 5096 527 5168 προορίζουσα,
556 5092 873 5159 δοξάζουσα,
901 5091 961 5156 ἐξ
984 5091 1109 5162 ᾅδου
1140 5090 1370 5159 ὑψοῦσα,
1402 5087 1721 5157 ἁγιάζουσα,

1827 4552 2121 4594 exornans.
2176 4537 2364 4595 Tertio
2409 4539 2645 4610 denique
2674 4539 3097 4610 iustiﬁcationes
3149 4542 3401 4610 Spiritus,

1829 4631 1985 4699 quasi
2011 4631 2447 4702 propitiatorium
2481 4641 2535 4687 et
2588 4642 2780 4689 sancta
2807 4641 3127 4687 sanctorum
3157 4632 3210 4686 in
3240 4630 3409 4688 Evan-

1826 4719 1983 4791 geliis
2011 4719 2077 4775 ad
2112 4722 2194 4776 sui
2220 4722 2553 4777 domicilium
2587 4723 2890 4781 instruens.
2928 4723 2995 4775 At
3026 4723 3201 4778 sancti
3230 4725 3411 4781 taber-

1830 4814 2011 4868 naculi
2048 4814 2192 4879 loco,
2222 4814 2510 4886 sanctique
2546 4816 2753 4887 populi,
2779 4816 2990 4884 iustum
3020 4816 3183 4872 habet
3212 4830 3408 4879 unum,

1829 4906 1921 4975 qui
1948 4905 2000 4960 in
2027 4907 2149 4971 istis
2178 4918 2447 4963 versatur.
2505 4907 2561 4963 ln
2588 4910 2677 4963 his
2709 4924 2836 4963 vero
2859 4924 2965 4964 una
2992 4908 3168 4964 deitas
3194 4910 3409 4962 habitat

1827 4998 2165 5068 incorrupta.
2226 5014 2333 5052 una
2396 5000 2596 5063 deitas.
2634 5015 2755 5067 quae
2797 5001 3128 5070 cogitatione
3191 5000 3409 5068 concipi

1828 5088 2308 5158 comprehendive,
2335 5092 2417 5146 vel
2446 5091 2730 5161 explicari,
2758 5104 2851 5145 aut
2876 5091 3048 5145 videri
3078 5105 3186 5145 non
3209 5098 3411 5163 potest,

153 5186 463 5241 ἑνοποιοῦσα
492 5185 663 5268 πάλιν,
693 5184 828 5256 πρὸς
854 5184 954 5253 τὴν
986 5181 1185 5252 ἑαυτῆς
1225 5179 1381 5243 δόξαν
1411 5180 1504 5231 καὶ
1542 5178 1714 5231 πίστιν

1862 5196 1951 5234 me
1979 5181 2213 5250 seipsam
2248 5183 2362 5237 sola
2398 5185 2700 5254 cognoscit,
2734 5192 2788 5238 et
2816 5184 3016 5254 quibus
3050 5184 3283 5239 voluerit
3312 5200 3411 5254 pa-

154 5277 225 5328 ea:
246 5280 363 5349 τρία
394 5278 590 5342 ταῦτα,
625 5278 943 5349 ἐπουράνια,
976 5275 1068 5328 καὶ
1101 5274 1339 5343 ἐπίγεια,
1373 5272 1721 5342 καταχθόνιοι*

158 5364 360 5437 πνεῦμα
379 5409 395 5429 ,
424 5367 634 5437 φυγὴν,
684 5367 863 5437 σάρκα
884 5407 897 5423 .
943 5367 1124 5418 πίστιν
1150 5405 1164 5425 ,
1204 5363 1393 5417 ἐλπίδα
1418 5403 1432 5425 ,
1472 5363 1722 5433 ἀγάπην·

1833 5270 2042 5325 tefacit.
2090 5270 2290 5327 Eadem
2328 5280 2495 5327 testes
2524 5286 2657 5327 suos
2687 5274 2911 5338 excitat,
2941 5281 3125 5339 vocat,
3155 5280 3283 5328 ante
3308 5273 3410 5328 de-

1834 5364 2019 5430 stinat,
2052 5363 2214 5419 afﬁcit
2249 5366 2444 5437 gloria,
2497 5366 2563 5419 ab
2606 5364 2798 5422 inieris
2830 5365 3029 5429 evehit,
3081 5366 3411 5429 sanctiﬁcat.

158 5456 500 5527 παρελθόντα,
543 5458 754 5512 ἑστῶτα
777 5498 791 5522 ,
832 5457 1113 5528 μέλλοντα,
1144 5456 1311 5510 αἰῶνα
1344 5456 1538 5521 αἰῶνος
1560 5497 1574 5521 ,
1600 5455 1714 5510 αἰῶ

1868 5466 1885 5510 ι
1923 5457 1990 5511 ad
2040 5458 2267 5528 gloriam
2312 5458 2579 5529 ﬁdemque
2628 5472 2788 5515 suam
2831 5458 2934 5514 tria
2988 5459 3100 5512 haec
3152 5459 3207 5511 in
3239 5473 3413 5514 unum

235 5654 248 5681 ‘
287 5653 546 5728 τολμῶ
589 5658 889 5725 συλλέγειν.
1004 5659 1035 5728 _’
1074 5654 1233 5710 Joan.
1274 5656 1446 5728 "1,8.

1555 5655 1573 5687 Ι
1614 5655 1683 5687 ζΙιῖ

235 5655 248 5681 ¹
287 5655 546 5728 [τολμῶ
589 5658 889 5725 συλλέγειν.
1013 5659 1035 5688 ⁹
1074 5655 1233 5710 Joan.
1274 5672 1357 5718 ιιι,
1396 5656 1446 5710 8.
1555 5655 1573 5687 ¹
1614 5655 1714 5708 ibid

160 5720 335 5784 “alii.
408 5729 427 5758 "
464 5727 624 5785 Joan.
656 5746 742 5795 xv,
766 5729 855 5782 26.
935 5728 955 5760 ⁸
993 5725 1152 5783 Joan.
1179 5743 1287 5791 XVI,
1326 5727 1410 5792 Η,
1447 5726 1527 5780 15.
1603 5725 1626 5757 ⁹
1668 5726 1714 5779 Μ

1931 5656 1948 5687 ⁸
1988 5656 2074 5710 lC

1894 5727 2077 5815 x527.

1931 5656 1948 5687 ⁸
1988 5656 2002 5707 1
2034 5656 2159 5712 Cor.
2195 5673 2266 5723 tv,
2299 5659 2381 5714 15.
2481 5662 2500 5691 ⁵
2538 5658 2695 5714 luan.
2736 5676 2825 5723 xv,
2857 5658 2945 5714 26.
3027 5660 3045 5688 ⁸
3083 5655 3241 5712 Joan.
3301 5667 3416 5721 avt.
