3822 6312
413 295 520 351 49ΐῖ

1824 293 1880 348 S.
1925 293 2260 349 EPlPllANll

3601 302 3705 353 «£96

416 418 561 484 cogit
595 430 655 467 ac
688 413 966 466 consociat
1001 434 1011 468 :
1051 414 1313 476 cmlestia,
1341 421 1578 474 terrena,
1611 413 2001 475 subterranea;

2146 429 2207 473 ας
2242 409 2447 462 αἰώνων
2505 409 2747 462 σάϐϐατα
2801 409 3104 471 σαϐϐάτων,
3143 414 3442 483 περιτομὴν
3476 417 3705 482 σαρκὸς,

419 508 696 578 spiritum,
754 507 991 560 animate
1081 516 1240 578 atque
1282 523 1542 570 carnem;
1595 507 1776 568 tidem,
1825 523 1998 576 spem,

417 599 775 661 charitaxem;
825 600 1120 669 prtrterita,
1153 601 1460 669 prmsentia,
1489 599 1705 660 futura;
1741 598 1998 652 sarculum

419 691 628 758 saeculi,
680 691 876 746 smcula
924 692 1272 755 szeculorum,
1331 691 1557 748 sabbata
1613 690 1999 750 sabbatorum;

419 784 894 840 circumcisionem
955 787 1170 838 carnis.
1250 785 1726 839 circumcisionem
1791 783 1999 844 cordis,

420 875 900 932 circumcisionem
943 875 1147 932 Christi
1213 877 1267 930 in
1316 875 1712 943 exspoliatione
1760 872 2009 943 corporis

423 970 822 1040 pcccatorum'.
851 967 1093 1038 Denique
1115 968 1707 1038 sibimetipsiuniversa
1726 972 2002 1036 repurgat,

424 1071 534 1114 tam
576 1075 696 1131 qum
730 1059 900 1116 videri
944 1071 1244 1130 nequeunt,
1287 1077 1449 1131 quam
1502 1077 1622 1131 quae
1655 1058 2008 1129 Apertabilia

425 1160 576 1217 sunt,
612 1154 862 1215 thronos,
911 1153 1334 1219 dominationes,
1375 1156 1735 1226 principatus,
1767 1159 2009 1224 potesta-

426 1252 528 1310 tes,
565 1243 812 1301 virtutes.
872 1245 928 1300 In
977 1247 1230 1300 omnibus
1262 1264 1389 1302 vero
1426 1247 1612 1300 eadem
1658 1243 1922 1315 sapientia
1956 1249 2009 1295 et

427 1349 614 1392 sancta
665 1355 768 1392 vox
818 1355 846 1392 a
896 1339 1068 1409 gloria
1110 1341 1162 1393 in
1203 1341 1427 1407 gloriam
1481 1338 1732 1403 Sanctus,
1772 1344 2008 1396 sanctus.

2117 505 2413 574 περιτομὴν
2458 503 2702 572 καρδίας.
2750 503 3048 574 περιτομὴν
3098 505 3334 575 Χριστοῦ
3380 508 3437 558 ὲν
3482 510 3550 577 τῇ
3600 509 3710 560 ἁπ-

2119 597 2329 649 εκδύσει
2368 597 2456 648 τοῦ
2491 595 2740 666 σώματος
2780 595 2888 648 τῶν
2927 598 3235 666 ἁμαρτιῶν·
3269 597 3502 651 καθόλου
3535 598 3712 653 καθα-

2123 689 2328 760 ροποιεῖ
2375 689 2541 758 ἑαυτῇ
2581 688 2754 741 πάντα
2795 689 2863 740 τὰ
2895 688 3107 755 ἀόρατα
3143 690 3236 742 καὶ
3264 689 3331 742 τὰ
3358 689 3552 760 ὁρατὰ,
3583 693 3714 761 Opo-

2120 799 2263 844 νους,
2309 781 2667 852 κυριότητας,
2696 783 2905 852 ἀρχὰς,
2954 783 3232 846 ἐξουσίας,
3287 783 3566 852 δυνάμεις.
3623 785 3714 835 Ἐν

2120 876 2256 928 πᾶσι
2299 874 2356 926 δὲ
2399 876 2432 944 ἡ
2473 875 2608 946 αὐτὴ
2654 875 2814 943 σοφία
2863 875 2954 927 καὶ
3004 873 3156 944 φωνὴ
3202 875 3354 942 ἁγία,
3395 875 3504 929 ἀπὺ
3548 875 3714 945 66%,;

2120 972 2198 1032 εἰς
2239 967 2424 1043 δόξαν,
2460 970 2680 1038 Ἄγιος,
2727 967 2913 1038 ἅγιος,
2955 968 3121 1036 ἅγιος
3163 968 3444 1036 φωνοῦσα,
3493 969 3716 1037 Πατέρα

2121 1065 2178 1115 ὲν
2221 1061 2350 1126 rari,
2398 1064 2524 1116 Υίὸν
2571 1047 2627 1115 δὲ
2677 1063 2736 1114 ὲν
2780 1061 2954 1132 Πατρι
2994 1062 3091 1114 σύν
3130 1061 3270 1131 ἁγίῳ
3320 1061 3633 1130 Πνεύματι-
3671 1053 3717 1126 ᾧ

2122 1157 2155 1224 ἡ
2186 1155 2310 1219 δόξα
2350 1157 2442 1208 καὶ
2489 1155 2548 1206 τὸ
2577 1154 2776 1222 κράτος
2804 1155 2883 1217 είς
2915 1155 3041 1217 τούς
3078 1153 3279 1216 αἰῶνας
3321 1153 3429 1205 τῶν
3472 1151 3712 1206 αἰώνων.

2137 1249 2325 1316 Ἀμήν.
2393 1248 2498 1298 Καὶ
2548 1247 2664 1316 ἐρεῖ
2710 1248 2738 1298 ὁ
2788 1245 2928 1299 οὕτω
2979 1244 3283 1298 πιστεύων·
3334 1244 3575 1309 Γένοιτο,
3621 1246 3716 1311 γέ,-

2127 1358 2267 1393 νοιτο
2284 1341 2295 1390 l

428 1443 644 1486 sanctus
688 1436 707 1465 ⁸
741 1434 1078 1496 exclamans,
1112 1449 1173 1488 ac
1206 1431 1421 1488 Patrem
1458 1433 1510 1487 in
1551 1431 1709 1494 Filio,
1743 1429 1938 1483 Filium
1978 1427 2032 1480 in
2085 1424 2243 1486 Patre
2276 1445 2399 1484 cum
2433 1428 2636 1499 Spiritu
2687 1437 2878 1485 sancto
2924 1428 3227 1498 praedicans
3262 1446 3274 1483 :
3315 1429 3404 1482 cui
3445 1427 3625 1498 gloria
3663 1436 3719 1480 et

429 1524 715 1592 imperiunm
754 1524 805 1576 in
851 1524 1048 1578 saecula
1086 1524 1428 1576 saeculorum.
1466 1525 1654 1576 Amen.
1689 1520 1754 1573 Et
1784 1521 1928 1574 dicet
1957 1517 2048 1586 qui
2080 1516 2156 1574 ita
2192 1522 2404 1576 credit;
2444 1521 2578 1585 Fiat,
2616 1523 2725 1574 nat.

504 1613 778 1669 Hactenus
807 1630 871 1669 ex
902 1615 1187 1668 Ancorato.

499 1707 662 1777 900
697 1705 786 1759 ΧΙ.
821 1705 943 1761 Haec
973 1720 1123 1767 sunt,
1159 1722 1277 1776 quze
1317 1706 1385 1759 de
1423 1705 1524 1758 [ide
1561 1703 1738 1758 Patris
1773 1718 1835 1757 ac
1892 1700 2011 1754 Filii
2051 1717 2093 1770 Β

431 1812 486 1856 et
514 1801 760 1869 Spiritus
788 1799 962 1852 sancti
988 1798 1191 1868 scripta
1219 1797 1518 1868 quondam,
1549 1805 1600 1850 et
1633 1811 1728 1866 pro
1753 1794 2016 1848 tenuitate

434 1898 620 1943 nostra
656 1888 954 1953 declarata,
991 1889 1229 1942 breviter
1270 1889 1450 1942 denuo
1488 1887 1588 1941 hoc
1621 1887 1740 1939 loco
1775 1893 2020 1950 repetere

381 1969 390 1978 ’
435 1984 732 2037 voluimus.
771 1980 927 2036 Nunc
961 1982 1028 2034 ad
1061 1981 1222 2034 vitam
1261 1988 1506 2034 nostram
1548 1976 1905 2034 asserendam
1954 1991 2017 2029 ac

435 2074 902 2129 corroborandam
955 2075 1058 2127 alia
1112 2073 1358 2143 quantum
1407 2071 1720 2128 testimonia
1765 2070 1852 2140 pie
1895 2083 2020 2138 pro-

433 2168 601 2226 ferre,
648 2175 700 2220 et
747 2182 812 2220 ex
865 2175 1010 2220 recta
1065 2165 1279 2219 ratione
1330 2165 1583 2234 religiose
1620 2163 1686 2218 de
1730 2160 2021 2215 divinitate

437 2259 640 2313 sentire
663 2273 972 2327 pergemus.
1008 2257 1220 2310 ιίιιιιιίιιι
1249 2255 1500 2326 pluribus
1534 2255 1802 2309 hactenus
1827 2261 2018 2306 aucto-

441 2348 700 2402 ritatibus
736 2347 912 2416 palam
958 2345 1088 2398 illud
1123 2354 1206 2398 est
1245 2344 1470 2407 factum,
1516 2341 1865 2411 Uuigeuitum
1896 2352 2021 2391 cum

442 2439 604 2493 Patre
647 2439 808 2494 simul
855 2437 1109 2493 universa
1158 2437 1370 2501 moliri;
1423 2443 1477 2490 et
1504 2433 1732 2504 aaqualia
1763 2431 2026 2501 perlicere

445 2536 499 2588 in
530 2535 784 2588 omnibus
829 2547 894 2586 ac
931 2531 1137 2602 largiri,
1163 2539 1349 2600 utpote
1382 2530 1472 2599 qui
1504 2529 1571 2583 ab
1601 2529 1718 2596 ipso
1747 2523 2024 2596 procedat,

447 2640 544 2679 nec
578 2641 604 2677 a
638 2633 862 2696 paterna
896 2623 1096 2676 virtute
1148 2637 1208 2674 ac
1249 2619 1535 2673 divinitate
1586 2618 1886 2686 discrepet,
1927 2615 2024 2668 scd

445 2714 690 2783 ejusdem
722 2716 936 2768 sitcum
963 2709 1119 2765 Patre
1140 2710 1478 2765 substantize.
1520 2707 1702 2778 Neque
1724 2722 1854 2760 vero
1876 2705 2027 2759 solus

447 2806 642 2866 Filius,
674 2805 767 2860 sed
788 2814 840 2859 et
859 2804 1096 2874 Spiritus
1119 2810 1344 2858 sanctus
1372 2803 1424 2855 in
1461 2800 1651 2871 agendi
1687 2796 2028 2852 communio-

449 2915 571 2952 ueni
604 2913 728 2951 cum
759 2896 918 2952 Patre
950 2895 1198 2965 Filioque
1233 2894 1400 2954 venit,
1431 2901 1485 2946 et
1532 2889 1758 2961 aequalia
1789 2894 2026 2958 pra-stat,

451 3005 548 3058 pro
583 3004 649 3043 eo
679 3004 741 3042 ac
771 2987 922 3053 libet,
965 2986 1380 3042 communicaus
1424 2998 1487 3037 ac
1522 2982 1758 3050 largiens
1790 2997 1802 3031 :
1831 2978 2030 3046 quippe

2199 1612 2559 1684 Πεπλήρωται
2585 1613 2653 1666 τὰ
2681 1611 2774 1665 τοῦ
2813 1611 3192 1680 Ἀγκιιρωτοᾶ

2199 1709 2297 1762 IA'.
2331 1707 2440 1760 Καὶ
2467 1704 2640 1759 ταῦτα
2671 1705 2768 1775 μὲν
2796 1703 2963 1766 ἐστιν,
2992 1703 3028 1758 ἃ
3061 1704 3162 1775 ἥδη
3197 1705 3324 1775 περὶ
3350 1701 3452 1773 τῆς
3483 1701 3722 1763 πίστεως

2120 1792 2332 1863 Ιῐατρὸς
2357 1833 2373 1858 ,
2407 1793 2502 1846 καὶ
2541 1792 2692 1855 Υίοῦ,
2723 1793 2817 1847 καὶ
2839 1792 2996 1860 ἁγίου
3032 1791 3347 1862 Πνεύματος
3377 1790 3709 1862 γράφοντες,

2121 1887 2261 1940 κατὰ
2312 1887 2371 1939 τὸ
2419 1885 2754 1958 βραχύτατον
2793 1886 2950 1958 ἡμῶν
2983 1886 3082 1956 τῆς
3115 1887 3471 1956 μετριότητος
3506 1884 3713 1954 ἐξηγη-

2123 1975 2376 2048 σάμεθα.
2414 1977 2509 2030 καὶ
2565 1979 2629 2031 ἐκ
2680 1977 2787 2030 τῶν
2846 1976 3267 2049 προρρηθέντων
3328 1975 3712 2046 παρεθέμεθα.

2126 2069 2247 2122 Ἔτι
2282 2069 2337 2122 δὲ
2373 2069 2739 2140 ἐπιμενοῦμεν
2774 2072 2852 2133 εἰς
2896 2069 3154 2122 σύστασιν
3180 2069 3279 2137 τῆς
3304 2067 3513 2120 ἑαυτῶν
3540 2067 3713 2134 ζωῆς.

2126 2162 2363 2226 εὐσεϐῶς
2427 2165 2730 2234 μαρτυρίας
2794 2164 3089 2232 φέροντες,
3150 2163 3244 2215 καὶ
3303 2162 3360 2227 ἐξ
3411 2160 3578 2234 ὀρθοῦ
3626 2161 3718 2212 λο-

2126 2252 2328 2323 γισμοῦ
2362 2252 2603 2316 εὐσεϐῶς
2639 2254 2768 2322 περὶ
2795 2253 3045 2322 θεότητος
3083 2252 3563 2322 διαλαμϐάνοντες.
3594 2251 3720 2301 Ὅτι

2130 2345 2226 2414 μὲν
2255 2345 2361 2416 γὰρ
2409 2345 2465 2396 ἐν
2497 2347 2608 2407 τοῖς
2649 2345 2754 2398 ὑπὸ
2793 2344 2980 2397 τούτου
3028 2344 3324 2414 ἀπεδείχθη
3373 2343 3461 2396 διὰ
3501 2343 3720 2394 πολλῶν

2131 2434 2445 2507 μαρτυριῶν
2475 2437 2504 2488 ὁ
2541 2436 2850 2506 Μονογενὴς
2879 2435 3246 2505 συμπράττων
3273 2435 3350 2506 τῷ
3385 2436 3586 2504 Πατρὶ,
3627 2435 3722 2486 καὶ

2127 2527 2195 2580 τὰ
2249 2525 2338 2578 ίσα
2371 2528 2428 2580 ἐν
2468 2525 2642 2579 ἅπασι
2687 2526 2908 2580 τελειῶν
2939 2529 3033 2580 καὶ
3092 2526 3483 2597 χαριζόμενος,
3527 2525 3610 2586 ὡς
3665 2524 3722 2587 ἐξ

2130 2618 2293 2672 αὐτοῦ
2328 2617 2424 2680 ὣν,
2459 2619 2554 2672 καὶ
2578 2622 2677 2673 οὐκ
2704 2619 2914 2683 ἀλλοῖος
2955 2619 3106 2690 παρὰ
3132 2619 3230 2690 τὴν
3259 2618 3354 2672 τοῦ
3388 2618 3610 2690 Πατρὸς
3635 2617 3725 2671 δύ-

2130 2729 2294 2782 ναμιν
2319 2712 2413 2764 καὶ
2447 2710 2674 2783 θεότητα
2699 2751 2714 2768 .
2745 2711 2880 2765 ἀλλὰ
2908 2711 3192 2783 ὁμοούσιος
3225 2712 3397 2782 Πατρί
3421 2729 3434 2740 ·
3459 2713 3521 2764 οὐ
3557 2712 3724 2782 μόνον

2131 2803 2187 2856 δὲ
2225 2805 2253 2855 ὁ
2277 2801 2406 2864 Υἱὸς
2429 2843 2443 2865 ,
2474 2801 2613 2856 ἀλλὰ
2656 2803 2749 2856 καὶ
2800 2802 2860 2856 τὸ
2907 2803 3060 2870 ἆγιον
3101 2801 3322 2871 Πνεῦμα
3352 2803 3726 2872 συμπράττον

2136 2893 2246 2962 Υἱῷ
2282 2893 2375 2946 καὶ
2410 2893 2618 2964 Πατρὶ,
2657 2893 2843 2946 καὶτὰ
2877 2892 2966 2945 ἶσα
3025 2892 3390 2964 ἐργαζόμενον
3438 2893 3727 2962 δωρούμε-

2135 2985 2223 3038 νόν
2267 3003 2325 3038 τε
2378 2986 2473 3039 καὶ
2501 2986 2856 3056 χαριζόμενον
2881 3026 2896 3050 ,
2930 2986 3005 3051 ὡς
3042 2986 3290 3056 βούλεται
3310 3027 3324 3049 ,
3356 2987 3432 3048 ὡς
3459 2988 3555 3039 καὶ
3592 2988 3727 3040 αὐτὸ

449 3099 574 3137 cum
618 3090 673 3136 et
713 3082 827 3150 ipse
863 3095 986 3133 vere
1028 3094 1093 3132 ex
1137 3076 1244 3131 Deo
1276 3077 1365 3139 sit,
1405 3090 1507 3128 nec
1554 3073 1763 3126 alienus
1799 3085 1828 3121 a
1870 3067 2025 3121 Patre

2143 3077 2302 3139 ὅντως
2346 3077 2412 3129 ὲκ
2463 3055 2594 3128 Θεοῦ
2632 3055 2714 3140 ὃν,
2750 3077 2844 3130 καὶ
2888 3077 2986 3129 οὐκ
3038 3077 3315 3149 ἀλλότριον
3361 3078 3579 3149 Harpe;
3637 3080 3728 3131 καὶ

449 3176 718 3244 Filioque,
767 3173 860 3228 sed
916 3171 1133 3241 utrique
1178 3164 1690 3222 consubstantialis.
1750 3160 1892 3223 Haec,
1943 3161 2027 3212 iii-

450 3281 638 3335 quam,
683 3263 884 3318 nemini
934 3279 1040 3315 non
1073 3269 1259 3330 aperte
1308 3267 1387 3312 tot
1418 3256 1669 3312 adductis
1702 3251 2030 3307 testimoniis

451 3357 831 3420 ostendimus;
849 3371 911 3411 ac
938 3355 1196 3423 deinceps
1222 3351 1592 3406 ostendemus.
1620 3347 1737 3402 Jam
1761 3361 1888 3399 vero
1905 3359 2032 3415 pro-

454 3461 574 3521 pter
608 3451 785 3506 sancti
829 3449 1066 3520 Spiritus
1100 3445 1445 3501 adversarios
1503 3453 1555 3499 et
1591 3442 1860 3501 inimicos,
1894 3456 2032 3493 nou-

446 3545 603 3600 nulla
669 3545 940 3601 uberioris
1017 3541 1400 3612 explicationis
1460 3539 1632 3609 gratia
1695 3536 1890 3605 partim
1945 3532 2032 3603 pia

452 3637 704 3706 qiuedam
749 3643 1066 3703 argumenta
1121 3650 1185 3686 ex
1239 3640 1386 3686 recta
1433 3629 1646 3683 ratione
1687 3626 2030 3696 deprompta,

447 3731 654 3798 partim
682 3728 926 3798 ejusdem
964 3726 1262 3794 Scriptum
1305 3722 1618 3778 testimonia
1651 3719 2032 3788 superioribus

457 3821 742 3882 addemus,
773 3821 907 3873 adeo
940 3828 991 3872 ut
1030 3819 1084 3871 in
1114 3815 1372 3870 omnibus
1407 3830 1593 3868 verum
1621 3830 1683 3868 ac
1719 3811 2032 3880 religiosum

457 3914 523 3965 de
557 3909 760 3981 Spiritu
787 3918 980 3966 sancto
1011 3909 1202 3979 dogma
1237 3922 1530 3976 sequamur
1591 3903 1800 3958 Etenim
1840 3903 2034 3955 unicus

460 4020 521 4056 ac
551 4002 845 4073 singularis
869 4010 950 4055 est
986 3999 1226 4070 Spiritus
1257 3998 1346 4051 ille
1377 4005 1621 4056 sanctus,
1641 3999 1733 4065 qui
1766 3994 1832 4047 ab
1857 3993 2034 4046 omni-

459 4100 562 4151 bus
612 4096 893 4158 adoratur,
931 4095 999 4148 ab
1051 4093 1306 4146 omnibus
1348 4091 1614 4147 creaturis
1669 4087 2034 4158 operibusque

452 4189 828 4245 desideratur.
875 4187 976 4253 Qui
1025 4202 1146 4239 cum
1198 4185 1346 4238 nullo
1379 4182 1649 4252 adcequari
1689 4188 1885 4250 potest,
1925 4192 2033 4231 uou

459 4282 673 4352 angelo,
723 4296 832 4333 non
869 4281 1042 4333 altero
1079 4276 1298 4346 spiritu,
1351 4275 1443 4330 sed
1480 4289 1620 4328 unus
1649 4287 1711 4324 ac
1743 4269 2035 4339 singularis

449 4382 560 4426 est.
615 4371 749 4424 Nam
801 4386 924 4424 cum
979 4369 1133 4422 multi
1183 4367 1291 4421 sint
1331 4364 1580 4434 spiritus,
1628 4361 1885 4416 omnibus
1933 4361 2036 4414 iste

465 4465 717 4532 superior
747 4470 852 4526 est,
889 4469 1076 4530 utpote
1106 4461 1197 4529 qui
1230 4472 1443 4528 semper
1472 4473 1500 4509 a
1535 4455 1690 4509 Patre
1720 4456 1810 4516 sit,
1845 4467 1943 4505 nec
1967 4452 2035 4504 ab

461 4555 586 4608 aliis
616 4568 735 4624 qua:
780 4569 809 4606 e
845 4553 1014 4605 nihilo
1041 4551 1302 4620 producta
1353 4556 1500 4610 sunt,
1533 4547 1784 4601 exsistat.
1843 4542 2035 4596 Plures

461 4653 611 4705 sunt,
641 4643 896 4712 inquam,
927 4643 1184 4712 spiritus;
1225 4639 1317 4695 sed
1350 4655 1493 4694 unus
1523 4647 1605 4692 cst
1637 4636 1874 4706 Spiritus
1904 4649 2035 4687 sau-

460 4745 621 4797 ctus,
657 4733 1116 4804 quemadmodum
1154 4748 1296 4786 unus
1335 4739 1419 4786 est
1463 4728 1626 4788 Deus,
1683 4737 1735 4780 et
1767 4742 1908 4778 unus
1943 4723 2033 4775 Dei

461 4828 635 4883 Filius
677 4826 1010 4896 unigenitus.
1077 4824 1166 4879 Sic
1211 4835 1263 4879 et.
1319 4829 1544 4877 sanctus
1584 4819 1672 4873 Dei
1733 4816 1974 4888 Spiritus
2010 4832 2038 4869 a

463 4922 574 4974 Deo
608 4930 688 4976 est
721 4929 774 4974 et
815 4923 864 4974 iu
899 4919 1028 4975 Deo.
1065 4918 1247 4989 Itaque
1281 4926 1336 4973 ct
1393 4914 1709 4986 unigenitus
1737 4910 1911 4966 Filius
1955 4911 2042 4964 in-

455 5013 975 5084 comprehensibilis
1001 5019 1105 5074 est,
1121 5018 1172 5064 et
1196 5009 1433 5078 Spiritus
1449 5003 2039 5077 incomprehensibilis.

452 5109 564 5176 Qui
594 5116 648 5161 et
681 5124 711 5160 a
747 5107 854 5162 Deo
887 5104 1154 5177 procedit,
1185 5118 1284 5158 nec
1319 5117 1347 5156 a
1378 5099 1539 5154 Patre
1577 5109 1629 5154 et
1657 5096 1796 5152 Filio
1827 5096 2041 5152 alienus

461 5211 566 5257 est.
619 5199 805 5270 Neque
832 5216 961 5254 vero
1001 5212 1125 5252 cum
1158 5195 1317 5250 Patre
1365 5204 1419 5248 et
1448 5193 1585 5247 Filio
1629 5193 1775 5245 velut
1803 5189 2038 5261 quadam

464 5291 788 5346 confusione
823 5289 1104 5354 coalescit,
1139 5287 1231 5340 sed
1275 5283 1517 5338 Trinitas
1547 5281 1790 5351 ejusdem
1827 5295 2042 5349 semper

459 5389 549 5434 cst
601 5379 943 5437 substantiaz.
989 5393 1096 5432 non
1144 5376 1367 5430 alterius
1418 5389 1445 5426 a
1491 5373 1811 5438 divinitate;
1865 5387 2042 5440 neque

464 5472 723 5527 divinitas
762 5472 928 5525 altera
962 5478 1045 5524 est
1090 5483 1119 5521 a
1153 5465 1482 5524 substantia.
1512 5465 1604 5519 sed
1649 5465 1763 5534 ipsa
1798 5479 1892 5533 per
1921 5479 2042 5518 sese

464 5565 744 5619 divinitas.
775 5572 827 5618 et
857 5578 922 5618 ex
951 5562 1138 5617 eadem
1167 5560 1450 5613 divinitate
1480 5555 1649 5610 Filius
1704 5573 1765 5611 ac
1799 5558 2037 5625 Spiritus

542 5678 553 5705 ¹
597 5675 712 5727 Col.
745 5690 805 5737 ιι,
843 5674 926 5730 Η.
1007 5675 1026 5705 ⁸
1069 5674 1170 5727 Isa.
1205 5688 1278 5738 vr,
1313 5671 1365 5724 5.

1453 5671 1473 5702 ³
1515 5669 1879 5739 Espunxerim
1911 5673 2036 5743 γάρ.

467 5748 494 5799 ὁ
520 5748 643 5815 μέν,

2135 3166 2264 3220 Υἱοῦ
2289 3209 2304 3231 ,
2337 3167 2450 3220 ἀλλ’
2475 3167 2759 3238 ὁμοούσιον
2786 3168 2962 3240 Πατρὶ
3009 3168 3103 3221 καὶ
3132 3167 3276 3236 Υίῷ,
3310 3171 3473 3222 παντί
3503 3186 3588 3240 τῳ
3629 3187 3725 3224 σα-

2139 3259 2235 3328 φὲς
2285 3257 2425 3312 κατὰ
2460 3259 2638 3312 πάντα
2681 3261 2745 3312 ἐκ
2783 3257 2889 3311 τῶν
2934 3259 3204 3312 τοσούτων
3266 3261 3589 3331 μαρτυριῶν
3621 3263 3727 3314 ἀπ’

2136 3351 2351 3422 εδείχθη
2381 3369 2438 3404 τε
2496 3352 2590 3404 καὶ
2626 3351 3100 3422 ἀποδειχθήσεται.
3121 3351 3234 3404 Νῦν
3262 3351 3318 3405 δὲ
3349 3353 3436 3406 διὰ
3463 3355 3598 3416 τοὺς
3631 3356 3723 3406 ἁν-

2135 3443 2378 3507 τιθέτους
2427 3443 2518 3496 καὶ
2551 3442 2780 3514 ἐχθροὺς
2823 3442 2916 3497 τοῦ
2967 3445 3124 3512 ἁγίου
3175 3443 3494 3515 Πνεύματος
3525 3447 3602 3498 τὰ
3639 3448 3724 3498 εὐ-

2137 3535 2270 3606 σεὸῆ
2296 3535 2390 3588 τοῦ
2420 3535 2582 3606 ὀρθοῦ
2610 3535 2870 3606 λογισμοῦ
2903 3537 3001 3590 καὶ
3028 3536 3097 3589 τὰ
3136 3537 3242 3590 ἀπδ
3273 3537 3597 3608 μαρτυριῶν
3628 3541 3723 3606 τῆς

2136 3629 2305 3698 αὐτῆς
2329 3628 2478 3692 θείας
2502 3629 2721 3699 Γραφῆς
2751 3628 3141 3698 διηγησάμενοι
3174 3629 3584 3701 περισσοτέρως
3615 3632 3723 3683 τῶν

2137 3721 2400 3791 πρότερον
2440 3719 2867 3792 παραθησόμεθα
2921 3721 3251 3793 μαρτυρίαις
3297 3721 3614 3786 ἀκολούθως
3657 3728 3720 3791 τῇ

2139 3810 2264 3882 περὶ
2298 3803 2466 3880 ἁγίου
2504 3810 2820 3881 Πνεύματος
2866 3810 3090 3880 ἀληθινῇ
3155 3811 3421 3881 εὐσεϐείᾳ.
3468 3811 3552 3874 Ὡς
3611 3813 3720 3880 ἔχει

2136 3903 2246 3975 γὰρ
2272 3904 2292 3934 ³
2327 3904 2420 3956 καὶ
2449 3903 2562 3956 ἔστι
2597 3903 2822 3972 Πνεῦμα
2868 3902 3021 3971 ἅγιον
3069 3903 3276 3968 ἐνοωῲν
3299 3903 3338 3966 ⁸,
3371 3903 3475 3957 ὑπὸ
3503 3907 3718 3959 πάντων

2137 3996 2632 4068 προσκυνούμενον,
2668 3998 2833 4049 πᾶσιν
2869 3995 3197 4065 ὲπιπόθητον
3226 3999 3337 4061 τοῖς
3368 3997 3632 4068 κτίσμασι
3666 4017 3716 4048 τε

2138 4091 2231 4144 καὶ
2257 4091 2557 4160 ποιήμασιν
2577 4130 2591 4154 ,
2622 4089 2798 4142 οὐδενὶ
2824 4089 3169 4158 ἐξισούμενον
3187 4130 3201 4150 ,
3226 4089 3324 4141 οῦκ
3353 4089 3572 4158 ἀγγέλῳ
3592 4131 3606 4147 .
3658 4093 3715 4141 οὐ

2137 4182 2408 4252 πνεύματι
2434 4182 2626 4252 ἑτέρῳ,
2656 4180 2770 4234 ἀλλ’
2807 4182 3006 4234 ἑνικόν.
3045 4181 3261 4250 Ἐπειδὴ
3286 4182 3394 4252 γὰρ
3427 4183 3521 4235 καὶ
3551 4182 3715 4234 πολλὰ

2139 4275 2427 4347 πνεύματά
2468 4278 2608 4338 ἐστι,
2636 4275 2792 4328 τοῦτο
2819 4276 2875 4328 δὲ
2917 4274 3192 4328 ἀνώτατον
3225 4275 3442 4327 πάντων
3475 4278 3714 4343 πνευμα-

2070 4395 2111 4449 D
2141 4384 2246 4421 των
2267 4407 2281 4430 ,
2315 4366 2391 4430 ὡς
2417 4366 2477 4420 ὃν
2519 4367 2605 4419 ἀεὶ
2640 4369 2702 4420 ὲκ
2737 4367 2967 4438 Πατρὸς,
3017 4367 3111 4419 καὶ
3143 4365 3216 4436 μὴ
3245 4365 3354 4419 ἀπὸ
3401 4367 3510 4418 τῶν
3544 4367 3712 4420 ἄλλων

2141 4459 2249 4512 τῶν
2283 4457 2340 4524 ἐξ
2371 4455 2471 4510 οὐκ
2517 4458 2686 4512 ὄντων
2716 4460 3006 4527 γενόμενον
3034 4458 3054 4486 ⁸
3105 4457 3162 4509 ὃν
3192 4474 3203 4485 ·
3243 4457 3412 4508 tolli
3458 4458 3564 4528 γάρ
3604 4460 3712 4510 ἐστι

2144 4549 2451 4620 πνεύματα,
2488 4549 2546 4602 ἓν
2569 4547 2626 4601 δὲ
2653 4549 2712 4601 τὸ
2740 4547 2894 4616 ἄτιον
2929 4547 3152 4617 Πνεῦμα
3186 4585 3200 4608 ,
3233 4547 3423 4616 ῶσπερ
3462 4542 3543 4611 εἷς
3589 4548 3714 4610 Θεὲς

2145 4641 2239 4694 καὶ
2272 4635 2352 4703 εἷς
2381 4638 2677 4710 μονογενὴς
2707 4638 2830 4701 Υἱὺς
2865 4637 2960 4690 τοῦ
2993 4637 3160 4691 Θεοῦ’
3197 4637 3341 4691 οὕτω
3371 4639 3464 4692 καὶ
3499 4639 3712 4708 Πνεῦμα

2146 4731 2297 4800 ἅγιον
2323 4729 2480 4792 Θεοῦ,
2520 4729 2630 4783 ἀπὸ
2657 4729 2712 4782 δὲ
2741 4728 2874 4781 Θεοῦ
2905 4730 2997 4782 καὶ
3029 4731 3086 4781 ὲν
3113 4729 3249 4800 Θεῷ.
3292 4729 3448 4782 Ἀλλὰ
3479 4730 3540 4782 τὸ
3573 4733 3668 4798 μὲν
3696 4730 3713 4757 ‘

2145 4822 2438 4894 μονογενὴς
2471 4823 2596 4886 Υἱὸς
2635 4804 3058 4892 ἀκατάληπτοξ,
3083 4822 3143 4873 τὸ
3173 4821 3230 4873 δὲ
3269 4820 3495 4892 Πνεῦμα
3525 4824 3714 4876 ἀκατά-

2142 4915 2345 4985 ληπτον
2362 4953 2376 4978 ,
2407 4917 2470 4967 ὲκ
2498 4913 2633 4966 Θεοῦ
2659 4913 2715 4968 δὲ
2738 4954 2751 4978 ,
2803 4915 2897 4968 καὶ
2923 4914 3022 4966 οὐκ
3058 4914 3335 4985 ἀλλότριον
3389 4915 3598 4985 Πατρὸς
3624 4917 3711 4968 καὶ

2147 5003 2294 5060 Υίοῦ.
2343 5005 2416 5057 Οὐ
2463 5003 2754 5074 συναλοιφῇ
2797 5003 2854 5056 δέ
2893 5003 3008 5055 ἐστι
3039 5003 3214 5072 Πατρὶ
3249 5002 3344 5054 καὶ
3391 5001 3506 5071 Υίῷ
3532 5018 3544 5030 ο
3584 5000 3710 5054 ἀλλὰ

2143 5097 2313 5169 Τριὰς
2346 5097 2432 5150 ἀεὶ
2458 5093 2592 5151 οὖσα
2617 5097 2716 5167 τῆς
2742 5097 2910 5166 αὐτῆς
2934 5095 3121 5157 οὐσίας
3140 5135 3155 5154 ,
3179 5095 3280 5164 οὐχ
3315 5094 3510 5164 ἑτέρας
3533 5094 3710 5152 οὐσίας

2145 5185 2295 5258 παρὰ
2333 5186 2429 5257 τὴν
2459 5185 2708 5256 θεότητα,
2747 5186 2844 5254 οὐχ
2878 5184 3038 5255 ἑτέρα
3080 5183 3270 5254 θεά-της
3314 5184 3462 5253 παρᾶ
3489 5186 3582 5251 τὴν
3628 5183 3708 5233 οὐ·

2146 5278 2286 5340 σίαν,
2321 5277 2453 5329 ἀλλὰ
2504 5276 2828 5346 αὐτοοεὸτης
2880 5276 2971 5328 καὶ
3017 5277 3080 5328 ἐκ
3125 5275 3222 5345 τῆς
3271 5274 3442 5344 αὐτῆς
3470 5273 3708 5340 θεότητος

2147 5371 2271 5434 Υἱὸς
2295 5371 2388 5424 καὶ
2414 5370 2477 5422 τὸ
2500 5369 2654 5438 ἅγιον
2684 5368 2926 5440 Πνεῦμα.
2953 5369 3062 5420 Καὶ
3091 5369 3152 5421 τὸ
3182 5369 3279 5438 μὲν
3312 5368 3530 5438 Πνεῦμα
3557 5364 3706 5416 Πνεῦ-

2123 5475 2222 5533 ¹μα
2253 5464 2406 5533 ἅγιον
2429 5504 2444 5526 ,
2495 5466 2523 5516 ὁ
2555 5464 2611 5518 δὲ
2647 5463 2772 5527 Υἱὸς
2799 5463 2947 5526 Υἱός.
2991 5463 3062 5515 Τὸ
3088 5462 3144 5513 δὲ
3181 5461 3406 5531 Πνεῦμα
3443 5457 3707 5531 παρὰ-Πα-

2143 5557 2272 5628 τρὺς
2327 5559 2755 5630 ἐκπορευόμενον
2824 5557 2919 5611 καὶ
2950 5557 3042 5610 τοῦ
3079 5555 3206 5610 Υἱοῦ
3238 5555 3540 5626 λαμϐάνον·
3570 5554 3686 5620 ἐρευ

2144 5673 2162 5703 ⁸
2205 5672 2262 5727 F.
2299 5673 2496 5736 ὲνικὸν,
2538 5674 2621 5730 vel
2681 5673 2946 5726 ἐνοικοῦν.
3023 5673 3043 5704 ⁵
3084 5669 3144 5725 F.
3180 5670 3502 5740 γενομένων.
3603 5660 3701 5722 ‘F.
