3798 6212
139 305 238 359 4οἸ

823 312 1190 370 ADVERSUS
1231 313 1568 374 HIERESES
1607 318 1715 372 LIB

1852 363 1864 374 .
1907 321 2066 376 T051.
2111 323 2232 379 1.-
2259 322 2529 380 ηιΕιιΕε.
2562 321 2790 378 LXXIV.

3280 319 3384 369 itis

139 422 244 476 νῶν
291 425 358 477 τὰ
400 423 539 496 βάοη
570 426 662 480 τοῦ
691 427 826 482 Θεοῦ
851 468 866 493 ,
905 431 1234 500 ἀναγγέλλον
1262 432 1328 486 τὰ
1377 433 1506 486 Υἱοῦ
1542 436 1600 488 ἐν
1626 437 1708 488 κό-

1846 449 2036 494 auctus
2068 441 2299 496 exsistit.
2345 437 2530 510 Itaque
2575 439 2835 508 Spiritus,
2881 437 3120 508 Spiritus
3164 445 3388 490 sanctus

143 530 278 584 σμῳ,
304 515 546 585 ἁγιάζον,
591 519 777 587 ἁγίους
821 521 1006 574 ποιοῦν
1035 523 1122 576 διὰ
1160 524 1259 594 τῆς
1294 523 1552 596 Τριάδος·
1583 527 1702 600 τρῖ-

139 619 228 655 τον
268 607 332 676 τῇ
366 607 662 679 ὀνομασίᾳ,
696 609 883 681 ἐπειδὴ
922 613 954 682 ὴ
995 613 1165 682 Τριάς
1210 615 1326 666 ἐστι
1361 616 1578 688 Πατὴρ,
1609 619 1706 670 καὶ

141 694 264 760 Υἱὸς
285 735 300 758 ,
335 697 431 750 καὶ
472 697 626 768 ἅγιον
659 701 902 773 Πνεῦμα.
941 705 1322 771 Ἀπελθόντες
1361 705 1470 777 γὰρ
1495 748 1510 772 ,
1553 711 1708 781 φησὶ,

137 786 466 849 βαπτίσατε
494 793 582 858 εἰς
617 791 686 844 τὸ
739 793 928 862 ὄνομα
977 795 1085 850 τοῦ
1139 797 1371 866 Πατρός
1399 840 1413 863 ,
1469 801 1566 855 καὶ
1601 802 1709 856 τοῦ

149 877 302 940 Υὲοὗ,
331 879 428 931 καὶ
466 880 1011 953 ἁγίουἼΙνειῖματος
1033 899 1046 914 ·
1077 887 1410 960 ἐπισφραγὶς
1472 891 1574 962 τῆς
1619 894 1710 966 χά-

141 982 318 1036 ριτος,
366 970 426 1022 οὐ
481 973 498 1002 ³
533 971 829 1044 σύνδεσμος
860 977 960 1046 τῆς
987 978 1250 1048 Τριὰδος,
1300 983 1398 1035 οὐκ
1437 983 1716 1056 ἀλλότριον

139 1057 230 1110 τοῦ
277 1061 547 1132 ἁγιασμοῦ
577 1104 592 1130 ,
631 1066 690 1117 οὺ
734 1065 956 1132 διεστὼς
1003 1071 1069 1140 τῇ
1119 1071 1388 1144 ὀνομασίᾳ
1415 1115 1428 1138 ,
1468 1075 1568 1128 οὐκ
1611 1073 1710 1128 ἀλα

141 1149 348 1222 λάτριον
381 1153 481 1223 τῆς
509 1155 718 1226 δωρεᾶς
739 1172 752 1186 ·
809 1158 927 1212 ἀλλ’
955 1155 1062 1224 ἐἷς
1099 1161 1232 1225 Θεὸς
1253 1201 1268 1224 ,
1336 1165 1434 1234 μία
1493 1165 1676 1230 πίστις
1701 1207 1714 1231 ,

139 1235 218 1301 εἷς
249 1242 478 1314 Κύριος,
543 1245 602 1300 ἓν
644 1248 924 1320 χάρισμα,
970 1251 1069 1320 μία
1109 1252 1435 1325 Ἐκκλησία,
1501 1256 1559 1310 ἓν
1617 1257 1715 1330 βά-

143 1349 369 1402 πτισμα.

1811 541 1916 594 est,
1952 541 1998 584 et
2037 529 2225 594 Filius,
2257 529 2463 596 Filius;
2509 527 2748 598 Spiritus
2781 541 2909 581 vero
2944 541 2973 580 a
3001 523 3162 579 Patre
3196 539 3388 596 procc—

1812 627 2004 690 dens’,
2035 627 2193 697 θυι
2233 634 2285 680 et
2317 625 2500 680 aFilio
2529 624 2807 692 accipiens
2827 623 2870 686 ³,
2903 637 2966 676 ac
2997 620 3091 676 Dei
3124 619 3390 690 profunda

1813 731 2166 786 perscrutans
2189 717 2230 781 ⁸,
2279 727 2334 772 et.
2371 732 2492 788 qua
2547 715 2614 770 ad
2659 713 2850 768 Filium
2900 721 3146 784 spectant
3189 711 3394 765 mundo

1815 810 2110 864 nuntians:
2166 809 2542 873 sanctiﬁcans,
2583 817 2635 863 et
2665 815 2889 864 sanctos
2933 819 3027 876 per
3069 802 3392 858 Trinitatem

1815 899 2071 956 eﬂiciens.
2130 900 2233 966 Qui
2267 908 2320 954 et
2367 901 2727 970 appellatione
2757 897 2950 952 tertius
2997 901 3104 960 est,
3135 893 3392 964 quoniam

1823 985 2064 1043 Trinitas
2119 997 2202 1044 est
2249 988 2410 1044 Pater
2443 997 2498 1044 et
2531 989 2702 1044 Filius
2775 997 2830 1043 et
2867 986 3108 1058 Spiritus
3150 991 3394 1040 sanctus.

1826 1077 2021 1134 Euntes
2051 1081 2209 1142 enim,
2255 1083 2452 1150 inquit,
2491 1081 2754 1150 baptizata
2788 1082 2840 1134 in
2873 1080 3081 1133 nomine
3115 1077 3293 1132 Patria
3347 1083 3398 1129 et

1825 1168 1960 1225 Filii
2006 1172 2317 1241 eLSpt'rittts
2345 1177 2517 1228 sancti
2541 1177 2580 1228 '.
2645 1173 2788 1228 idem
2822 1173 2910 1228 ille
2941 1161 3128 1242 gratia:
3161 1169 3398 1240 sigillum

1824 1273 1908 1318 est
1963 1280 2026 1318 ac
2070 1264 2352 1322 Trinitatis
2381 1267 2678 1334 vinculum,
2713 1267 2804 1336 qui
2841 1281 2941 1320 nec
2973 1280 3004 1318 a
3043 1261 3400 1334 productione

1828 1357 2136 1412 sanctitatis
2170 1359 2500 1426 excluditur,
2559 1371 2660 1413 nec
2700 1357 3061 1430 appellatione
3095 1355 3397 1422 discrepat,

141 1437 296 1520 iteca
333 1425 616 1520 largitione
647 1431 891 1487 muneris
940 1432 1151 1490 alienus
1187 1445 1293 1505 est.
1325 1437 1420 1494 sed
1481 1455 1624 1496 unus
1681 1452 1765 1498 cst
1809 1445 1972 1516 Deus,
2025 1465 2128 1504 una
2175 1449 2332 1516 ﬁdes,
2382 1467 2526 1508 unus
2577 1425 2860 1518 Dominus,
2920 1465 3029 1506 una
3067 1449 3264 1520 gratia,
3295 1460 3399 1500 una

139 1509 404 1579 Ecclesia,
434 1514 740 1584 baptismus
771 1533 934 1576 unus.

211 1604 306 1658 lB’.
347 1606 457 1659 Ἀεὶ
480 1607 586 1678 γὰρ
624 1610 870 1681 ήΤριὰς,
911 1611 985 1676 ὡς
1021 1613 1280 1679 πολλάκις
1308 1617 1465 1689 ἔφην,
1505 1621 1598 1674 καὶ
1627 1625 1718 1675 οὺ-

1903 1624 2016 1680 Xll.
2061 1629 2268 1699 Quippe
2300 1628 2541 1684 Trinitas
2567 1644 2781 1708 semper
2813 1638 2916 1696 est,
2949 1639 3007 1684 ut
3037 1609 3236 1700 saepius
3265 1630 3404 1694 dixi,

137 1692 326 1746 δέποτε
347 1697 380 1765 ή
404 1696 572 1766 Τριέις
594 1698 910 1769 προσθήκην
930 1701 1214 1772 λαμϐάνει,
1229 1704 1305 1768 ὡς
1327 1705 1564 1775 γλυκέως
1583 1711 1715 1766 ἔστιν.

1851 1735 1930 1773 nec
1975 1721 2138 1774 ullam
2171 1737 2408 1792 unquam
2449 1724 2816 1778 accessionem
2851 1721 2996 1792 capit
3027 1741 3040 1777 :
3085 1723 3136 1776 id
3177 1723 3320 1792 quod
3353 1735 3407 1778 et

137 1789 440 1857 ὁμολογεῖν,
471 1793 562 1844 καὶ
591 1795 906 1863 ἁκορέστως
942 1796 1142 1865 λέγειν.
1181 1801 1421 1856 Γλυκέα
1449 1807 1578 1873 γὰρ,
1617 1825 1722 1877 φησ-

141 1881 282 1934 σὶνὸ
316 1884 620 1954 προφήτης,
667 1885 748 1950 τῷ
797 1886 1054 1958 λάρυγγί
1085 1907 1204 1957 μου
1240 1891 1311 1946 τὰ
1363 1895 1537 1964 λόγιά
1585 1915 1721 1952 σου.

141 1971 254 2022 Καὶ
285 1973 334 2023 εί
359 1972 428 2026 τὰ
475 1972 630 2042 λόγια
677 1977 902 2044 γλυκέα,
946 1979 1098 2050 πόσῳ
1126 1997 1188 2049 γε
1239 1982 1438 2053 μᾶλλον
1467 1985 1528 2037 τὸ
1556 1986 1726 2057 δνομα

139 2061 202 2150 το
233 2063 441 2135 ἃγιονή
471 2065 658 2136 Τριὰς,
695 2070 728 2138 ἡ
762 2070 912 2140 πηγή
941 2071 1122 2143 πάσης
1147 2073 1519 2145 γλυκύτητοςς
1558 2079 1728 2150 Τριάς

141 2147 236 2205 οῦν
267 2153 440 2218 οὕτως
471 2157 872 2230 ἀριθμουμένη,
901 2161 1113 2234 Πατὴρ,
1143 2165 1238 2217 καὶ
1271 2165 1417 2232 Υἱὸς,
1453 2171 1546 2222 καὶ
1575 2147 1726 2239 ἅγιον

143 2243 388 2315 Πνεῦμα.
427 2245 502 2299 Οὐ
547 2249 840 2322 συναλοιφή
861 2251 918 2303 δὲ
955 2253 988 2322 ή
1015 2253 1204 2321 Τριὰς,
1239 2257 1300 2308 οὐ
1332 2255 1596 2313 διεστῶσα
1627 2261 1727 2331 τῆς

145 2337 344 2408 ἑαυτῆς
373 2338 626 2407 μονάδος·
659 2343 716 2394 ὲν
748 2341 1042 2398 ὑποστάσει
1067 2345 1124 2398 δὲ
1155 2347 1492 2420 τελειότητος
1518 2352 1725 2418 τέλειος

145 2429 178 2482 ὁ
211 2429 420 2501 Πατὴρ,
459 2431 663 2495 τέλειος
700 2436 728 2487 ὁ
761 2435 912 2500 Υἱὸς,
941 2437 1146 2491 τέλειον
1195 2439 1253 2492 τὸ
1291 2441 1448 2509 ἅγιον
1479 2445 1726 2516 Πνεῦμα,

145 2520 340 2592 Πατὴρ
391 2523 484 2576 καὶ
543 2523 670 2588 Υἱὸς
709 2527 801 2580 καὶ
845 2527 1000 2596 ἅγιον
1043 2530 1285 2604 Πνεῦμα.
1321 2535 1395 2588 Τὸ
1425 2537 1482 2589 δὲ
1521 2537 1732 2592 ἀνάπα-

143 2617 228 2666 λιν
255 2613 482 2686 Πνεῦμα
523 2619 850 2689 ταττόμενον
900 2624 956 2674 ὲν
1007 2624 1350 2697 χαρίσμασι·
1409 2629 1730 2698 Διαιρέσεις

145 2707 256 2778 ττὶρ
300 2710 686 2779 χαρισμάτων
719 2713 860 2779 εἰσὶ,
903 2716 969 2770 τὸ
1003 2717 1071 2770 δὲ
1114 2719 1263 2773 αὑτό
1310 2721 1583 2792 Πνεῦμα·
1631 2725 1729 2778 καὶ

141 2800 466 2868 διαιρέσεις
510 2801 828 2858 διακονιῶν
868 2809 1044 2876 εἰσιν,
1079 2812 1112 2864 ό
1150 2809 1218 2863 δὲ
1250 2813 1433 2880 αὐτὸς
1481 2816 1729 2883 Κύριος·

143 2893 242 2943 καὶ
301 2891 622 2961 διαιρέσεις
669 2896 1085 2968 ἐνεργημάτων
1133 2903 1312 2968 εἰσιν,
1362 2908 1394 2958 ό
1433 2903 1502 2958 δὲ
1551 2909 1732 2974 αὐτὸς

145 2982 314 3050 Θεὸς,
341 2988 375 3038 ό
409 2985 668 3056 ἐνεργῶν
692 2987 766 3042 τὰ
796 2989 992 3044 πάντα
1021 2991 1090 3045 ἐν
1118 2992 1293 3052 πᾶσι.

215 3256 258 3306 Τ
261 3255 438 3319 ούτων
469 3257 528 3310 δὲ
559 3257 734 3323 οὕτως
773 3260 1026 3330 ἐχόντων,
1062 3263 1488 3336 ἀσφαλισώμεθα
1526 3266 1602 3337 μὴ
1625 3269 1732 3320 ὲκ·-

143 3350 406 3419 πέαωμεν
441 3351 540 3421 τῆς
563 3345 818 3424 ἀληθείας
843 3371 856 3384 ·
889 3355 1002 3408 ἀλλ’
1031 3357 1458 3428 ὁμολογήσωμεν
1485 3358 1584 3428 τὴν
1605 3358 1730 3430 ἀλή-

140 3443 324 3504 θειαν,
369 3443 431 3496 οὐ
481 3445 908 3517 συνηγοροῦντες
952 3448 1092 3519 ὑπὲρ
1123 3449 1278 3512 Θεοῦ,
1333 3449 1451 3503 ἀλλ’
1494 3449 1733 3514 εὐσεϐῶς

137 3533 415 3597 νοοῦντες,
453 3535 540 3588 ἵνα
575 3536 650 3608 μή
689 3537 1041 3609 ἀπολώμεθα.
1079 3540 1418 3594 Ἀνένδεκτον
1467 3544 1574 3613 γὰρ
1617 3559 1734 3596 κτι-

143 3628 274 3680 στὸν
307 3645 356 3680 τι
385 3630 444 3678 ὲν
473 3628 661 3698 Τριάδι
695 3629 895 3698 λέγειν,
926 3632 960 3703 ῆ
1003 3631 1350 3696 διανοεῖσθαι,
1381 3631 1414 3704 ἢ
1449 3635 1736 3704 ὲπιγεννη-

139 3720 234 3770 τόν
253 3738 268 3752 ·
303 3719 442 3772 ἀλλὰ
468 3715 534 3790 ἦν
565 3721 652 3775 ἀεὶ
675 3723 864 3794 Πατὴρ
893 3725 986 3777 καὶ
1013 3724 1136 3788 Υἱὸς
1189 3726 1284 3777 καὶ
1312 3725 1465 3792 ἅγιον
1491 3725 1734 3798 Πνεῦμα.

141 3813 288 3866 Οὔτε
325 3811 646 3881 συνάδελφος
689 3813 814 3877 Υίὺς
859 3815 1054 3887 Πατρὶ,
1103 3815 1227 3868 οὔτε
1277 3817 1606 3886 συναλοιφή·
1644 3819 1738 3872 καὶ

141 3905 202 3956 τὸ
233 3903 466 3974 Πνεῦμα
514 3903 635 3958 οὔτε
681 3905 998 3979 συναλοιφή,
1045 3901 1529 3978 οῦτέσυνάδελφον
1563 3909 1740 3978 Πατρὶ

141 3999 240 4050 καὶ
271 3999 406 4069 Υἱῴ,
438 3999 584 4071 [οὔτε
609 4001 902 4073 συναλοιφή
930 4001 990 4054 τὸ
1013 4001 1238 4074 Πνεῦμα
1263 4003 1436 4074 Ila-cpt
1458 4005 1551 4056 καὶ
1579 4001 1738 4073 Υίῷ·]

143 4091 280 4154 Υἱὸς
327 4090 386 4144 δὲ
415 4093 670 4162 γεννητὸς
699 4095 762 4148 ὲκ
806 4095 1040 4165 Πατρὸς,
1073 4095 1166 4148 καὶ
1212 4093 1434 4165 Πνεῦμα
1480 4094 1740 4166 προελθὸν

141 4183 206 4234 ἐκ
237 4183 482 4252 Πατρός.
499 4181 925 4254 Ἀνεκδιηγήτως
952 4184 1052 4254 τῆς
1079 4185 1304 4256 Τριάὸος
1328 4183 1494 4254 οὔσης
1523 4186 1581 4237 ὲν
1610 4201 1740 4238 ταυ-

141 4275 338 4344 τότητι
365 4273 664 4342 δοξολογία,
717 4276 808 4329 καὶ
841 4276 1242 4347 ἀκαταλήπτως
1283 4275 1414 4328 Υἱοῦ
1447 4276 1598 4339 ὖντος
1643 4275 1741 4327 σὺν

145 4367 330 4436 Πατρὶ
374 4365 470 4418 καὶ
514 4365 790 4438 Πνεῦματι
835 4367 976 4437 ἁγίῳ
1014 4367 1294 4430 ὡσαύτως,
1338 4367 1432 4420 καὶ
1473 4366 1742 4436 μηδέποτε

1833 1812 2075 1881 proﬁteri
2107 1815 2494 1870 suavissimum
2522 1822 2627 1876 est,
2667 1823 2720 1867 ct
2751 1814 2871 1869 sine
2910 1814 3016 1868 ulla
3045 1813 3295 1870 satietate
3323 1816 3407 1870 di-

1833 1903 1993 1956 citur.
2019 1901 2152 1956 Nam
2183 1901 2457 1974 Propheta
2500 1905 2698 1958 cecinit
2726 1920 2740 1957 :
2779 1903 2972 1956 Dulcia
3011 1917 3133 1958 sunt
3165 1903 3420 1972 faucilms’

1833 1993 1962 2047 meis
1989 1993 2198 2064 eloquia
2227 2004 2319 2048 tua
2350 1997 2390 2050 °.
2424 1993 2627 2062 Quodsi
2674 1997 2886 2064 eloquia
2914 1997 3026 2066 ipsa
3060 1995 3240 2050 dulcia
3275 1997 3406 2062 sint,

1833 2094 2040 2156 quanto
2091 2095 2175 2142 est
2219 2103 2417 2142 nomen
2465 2087 2643 2158 ipsum
2679 2086 2967 2142 Trinitatis
3013 2087 3249 2152 dulcius,
3287 2105 3407 2160 qme

1833 2173 2051 2241 quidem
2094 2173 2215 2230 fons
2245 2182 2298 2230 et
2323 2175 2476 2244 origo
2521 2175 2810 2230 suavitatis
2852 2178 3027 2232 omnis
3066 2178 3187 2232 est?
3230 2180 3408 2244 Quare

1835 2262 2079 2318 Trinitas
2131 2265 2308 2322 tribus
2341 2267 2490 2322 hisce
2544 2277 2884 2332 numeratur,
2931 2269 3110 2334 Patre,
3159 2269 3300 2326 Filio
3355 2279 3409 2324 et

1837 2353 2042 2426 Spiritu
2079 2369 2302 2424 sancto;
2339 2373 2516 2428 neque
2559 2374 2686 2414 vero
2723 2359 3048 2416 confusione
3082 2363 3317 2434 quadam
3355 2365 3408 2416 in

1837 2465 2002 2505 unum
2035 2451 2321 2522 redigitur,
2357 2466 2459 2507 nec
2488 2468 2517 2506 a
2549 2467 2647 2508 sua
2681 2455 2888 2508 unitate
2919 2454 3274 2526 disjnngitur,
3314 2457 3410 2510 sed

1835 2541 1890 2595 in
1919 2539 2156 2610 perfecta
2196 2541 2550 2600 subsistentia
2584 2544 2858 2614 perfectus
2893 2556 2976 2602 est
3000 2545 3178 2612 Pater,
3215 2547 3396 2616 perte.

1797 2643 1810 2656 '
1835 2643 1958 2690 ctus
1989 2631 2198 2696 Filius,
2237 2637 2513 2705 perfectus
2550 2637 2785 2708 Spiritus
2830 2647 3090 2702 sanctus,
3141 2639 3300 2694 Pater
3353 2649 3410 2694 et

1835 2719 2007 2776 Filius
2054 2731 2106 2774 et
2167 2723 2403 2793 Spiritus
2431 2733 2674 2780 sanctus.
2723 2723 2964 2780 Rursum
3001 2741 3132 2780 vero
3171 2725 3411 2796 Spiritus

1835 2811 2132 2882 largiendis
2172 2812 2330 2866 donis
2380 2813 2699 2868 attribuitur
2741 2834 2752 2868 :
2801 2815 3091 2870 Divisiones
3125 2816 3262 2869 enim
3291 2833 3414 2886 gra-

1839 2905 2035 2956 tiarum
2065 2915 2184 2958 51ml
2205 2945 2219 2968 ,
2252 2905 2342 2959 sed
2385 2904 2521 2959 idem
2554 2905 2822 2973 Spiritus;
2855 2915 2905 2960 et
2939 2908 3218 2961 divisiones
3259 2909 3413 2960 mini-

1837 2995 2116 3048 steriorum
2163 3004 2305 3060 sunt,
2337 2995 2472 3049 idem
2523 3012 2641 3049 vero
2698 2996 2987 3060 Dominus;
3039 3007 3083 3051 et
3131 2999 3411 3052 divisiones

1749 3086 1796 3146 C
1829 3087 2192 3154 operatiomtm
2253 3098 2395 3146 sunt.
2453 3085 2590 3142 idem
2635 3103 2750 3140 vero
2817 3085 2973 3156 Deus,
3027 3089 3114 3159 qui
3166 3101 3414 3158 operatur

1832 3180 2007 3230 ontnia
2047 3178 2098 3233 in
2124 3179 2362 3234 omnibus
2393 3181 2436 3231 ".

1906 3272 2036 3336 Quae
2064 3286 2187 3324 eum
2214 3273 2284 3324 ita
2318 3287 2378 3326 se
2399 3271 2658 3338 habeant,
2685 3287 2981 3329 caveamus
3002 3272 3312 3344 diligenter,
3348 3289 3416 3329 ne

1835 3379 1862 3416 a
1891 3364 2115 3419 veritate
2161 3365 2512 3430 aberremus;
2563 3365 2660 3421 sed
2710 3365 2990 3421 veritatem
3035 3365 3411 3438 proﬁteantur.

1837 3470 1945 3508 non
1977 3453 2086 3508 Deo
2115 3455 2549 3524 patrocinantes,
2591 3455 2683 3510 sed
2721 3457 2807 3525 pie
2842 3456 2894 3510 id
2928 3455 3314 3528 intelligentes,
3348 3473 3416 3513 ne

1838 3543 2131 3612 aliquando
2160 3559 2470 3614 pereamus.
2505 3541 2645 3598 Fieri
2679 3547 2878 3615 quippe
2917 3547 3071 3600 nullo
3110 3545 3274 3601 modo
3311 3561 3412 3617 po-

1837 3641 1966 3698 test,
2019 3639 2078 3688 ut
2127 3640 2372 3688 creatum
2423 3631 2682 3704 quiddam
2735 3633 2790 3687 in
2838 3631 3106 3690 Trinitate
3143 3633 3414 3699 dicamus,

1838 3726 1921 3778 vel
1951 3725 2253 3795 cogitemus
2282 3723 2469 3790 etiam,
2502 3733 2594 3778 aut
2617 3724 2775 3793 cujus
2807 3732 2992 3793 postea
3031 3725 3173 3780 facta
3211 3725 3282 3780 sit
3321 3742 3418 3780 ac-

1839 3815 2051 3880 cessio;
2092 3815 2184 3870 sed
2209 3826 2471 3886 perpetuo
2531 3813 2690 3870 Pater
2719 3815 2822 3869 fuit
2853 3823 2907 3870 et
2951 3813 3122 3872 Filius
3155 3825 3207 3870 et
3249 3815 3419 3888 Spiri-

1841 3917 1928 3964 tus
1969 3917 2212 3963 sanctus.
2245 3906 2431 3978 Neque
2479 3901 2651 3962 Filius
2689 3923 2986 3978 germanus
3019 3907 3204 3964 Patris
3229 3907 3417 3973 frater,

1841 4017 2019 4071 neque
2057 4016 2180 4055 cum
2223 4001 2315 4056 illo
2337 4000 2600 4056 confusus
2631 4009 2734 4056 est.
2768 3999 3034 4055 Similiter
3068 4017 3243 4072 neque
3274 4015 3407 4056 con-

1843 4095 2000 4150 fusus
2028 4103 2111 4150 est
2169 4093 2436 4163 Spiritus,
2481 4108 2656 4162 neque
2701 4091 2879 4149 Patris
2925 4091 3157 4164 Filiique
3195 4109 3407 4164 germa-

1843 4201 1950 4240 nus
1988 4193 2072 4240 est
2101 4203 2114 4239 :
2145 4184 2316 4238 Filius
2354 4200 2383 4238 a
2419 4183 2577 4238 Patre
2603 4184 2837 4254 genitus,
2872 4199 2912 4262 a‘
2941 4197 3050 4253 quo
3080 4183 3324 4254 procedit
3353 4191 3408 4238 et

1847 4275 2104 4348 Spiritus.
2128 4275 2278 4332 Adeo
2301 4283 2362 4331 ut
2385 4275 2624 4331 Trinitas
2657 4291 2721 4330 eo
2751 4275 2936 4340 modo,
2965 4276 3057 4346 qui
3097 4275 3284 4331 verbis
3322 4291 3418 4330 ex-

1845 4367 2037 4438 plicari
2071 4383 2180 4420 non
2215 4375 2416 4436 potest,
2457 4367 2514 4420 in
2551 4367 2744 4421 eadem
2787 4365 2958 4436 gloria
2994 4379 3058 4420 ac
3103 4365 3419 4420 laudatione

143 4456 542 4528 διαλειπούσης
571 4460 668 4528 τῆς
702 4459 929 4528 Τριάδος
957 4458 1057 4528 τῆς
1086 4459 1254 4529 αὐτῆς
1281 4459 1598 4528 ἀῖδιότητος.
1625 4459 1712 4512 Ila

1847 4458 2146 4524 consistat;
2187 4467 2239 4512 et
2285 4455 2452 4512 Filius
2510 4471 2632 4510 cum
2675 4455 2832 4511 Patre
2875 4455 3196 4527 Spirituque
3229 4464 3421 4512 sancto

143 4549 250 4621 τηρ
288 4543 388 4602 οὗν
421 4550 512 4603 ἀεὶ
552 4550 846 4621 ἀγέννητος
900 4551 989 4604 καὶ
1023 4549 1278 4614 ἄκτιστος
1337 4550 1431 4604 καὶ
1469 4549 1743 4620 ἀκατάλη-

127 4659 284 4706 πτος
311 4662 326 4678 ·
357 4641 496 4706 Υἱὸς
525 4642 582 4696 δὲ
635 4645 909 4715 γεννητὸς,
953 4643 1068 4699 ἀλλ’
1113 4643 1366 4708 ἄκτιστος
1401 4643 1493 4698 καὶ
1540 4643 1744 4698 ἀκατά-

147 4733 378 4806 ληπτος.
405 4734 629 4806 Πνεῦμα
651 4736 804 4805 ἆγιον
826 4737 932 4804 ἀεὶ,
959 4737 1018 4789 οὐ
1037 4737 1314 4808 γεννητὸν,
1331 4737 1390 4790 οὺ
1419 4737 1662 4792 κτιστὸν.
1681 4739 1740 4791 οῦ

151 4827 512 4897 συνάδελφον,
534 4829 596 4881 οὐ
625 4829 992 4899 προπάτορον,
1017 4829 1116 4882 οὐκ
1141 4827 1380 4896 ἔγγονον,
1409 4827 1522 4882 ἀλλ’
1549 4830 1614 4882 ὲκ
1645 4827 1744 4898 τῆς

151 4919 328 4989 αὐτῆς
363 4919 556 4983 οὐσίας
595 4920 804 4992 Πατρὺς
832 4923 925 4974 καὶ
965 4921 1112 4975 Υῐοῦ.
1149 4920 1371 4990 Πνεῦμα
1407 4920 1564 4992 γὰρό
1591 4920 1742 4983 Θεός.

1847 4549 2386 4621 incomprehensibili
2431 4549 2642 4602 ratione
2699 4549 2770 4604 sit
2815 4547 3181 4618 conjunctus,
3241 4563 3423 4618 neque

1846 4641 2090 4699 Trinitas
2129 4643 2198 4698 ab
2230 4655 2328 4697 sua
2365 4656 2603 4710 unquam
2637 4642 2940 4696 aiter-nitate
2982 4641 3232 4695 desistat;
3262 4637 3423 4693 Sem-

1847 4751 1944 4808 per
1973 4736 2139 4805 igitur
2176 4733 2450 4805 ingenitus
2507 4739 2591 4786 est
2627 4733 3012 4801 increatusque
3043 4729 3204 4784 Pater
3251 4737 3304 4783 et
3339 4729 3423 4782 in-

1847 4825 2405 4899 comprehensibilis:
2461 4821 2633 4878 Filius
2684 4823 2900 4893 genitus
2946 4820 3202 4892 quidem,
3253 4819 3417 4890 902

1849 4918 1942 4975 sed
1987 4919 2262 4973 increatus
2285 4922 2342 4971 et
2371 4913 2980 4985 incomprehensibilis:
3013 4910 3252 4981 Spiritus
3287 4925 3422 4963 sano

153 5019 280 5065 ctus
314 5026 426 5066 non
451 5012 692 5081 genitus.
728 5027 834 5066 non
868 5020 1104 5076 creatus,
1137 5026 1246 5065 non
1281 5025 1600 5082 germanus,
1626 5023 1736 5064 non
1774 5025 1931 5074 avus,
1969 5023 2077 5062 non
2105 5021 2298 5077 nepos,
2327 5005 2420 5061 sed
2445 5019 2510 5061 ex
2558 5004 2745 5059 eadem
2798 5015 2924 5057 cum
2961 5001 3122 5056 Patre
3177 4999 3422 5070 Filioque

155 5104 495 5158 substantia.
527 5101 807 5172 Ejusmodi
837 5111 922 5158 est
941 5103 1200 5173 Spiritus,
1229 5104 1472 5172 inquam,
1497 5110 1750 5174 sanctus:
1783 5099 2022 5172 Spiritus
2043 5100 2188 5154 enim
2215 5097 2358 5152 Deus
2386 5105 2490 5152 est.

229 5199 331 5252 il".
363 5197 480 5267 Τῆς
507 5195 564 5249 δὲ
585 5187 840 5266 τοιαύτης
869 5195 1284 5266 ἠσφαλισμένης
1315 5193 1472 5264 ἡμῶν
1512 5192 1657 5262 ζωῆς
1686 5195 1740 5244 αἱ

163 5292 464 5364 μαρτυρίαι
499 5291 558 5341 ἐν
596 5290 742 5360 πάσῃ
779 5287 969 5359 Γραφῇ
1005 5287 1355 5358 ὲμφὲρονται.
1393 5287 1526 5339 Ἀπδ
1549 5287 1605 5340 δὲ
1636 5287 1744 5339 τῶν

161 5383 422 5435 πλειόνων
459 5381 620 5449 ὀλίγα
663 5379 1046 5449 παραθήσομαι
1080 5379 1219 5431 κατὰ
1249 5379 1308 5430 τὸ
1353 5377 1576 5432 δυνατόν
1597 5396 1608 5407 ·
1661 5378 1745 5430 ἵνα

162 5476 240 5542 μὴ
273 5475 592 5544 ἀμάρτυρον
632 5472 759 5542 περὶ
803 5469 1120 5540 llus-Juno;
1151 5470 1243 5523 καὶ
1292 5471 1347 5523 ὲν
1393 5469 1468 5538 τῷ
1522 5469 1745 5539 παρόντι

239 5655 252 5682 ⁸
303 5653 560 5723 Expungo
608 5657 789 5723 negat.
825 5650 918 5723 r,_-‘J._
966 5649 1008 5723 __'
1049 5647 1202 5700 Joan.
1237 5663 1326 5723 xy.

165 5725 191 5751 ‘
230 5716 600 5784 Ρειιὶξιιῖιῇιι,
652 5721 767 5776 105.
845 5721 861 5750 ⁷
905 5719 920 5772 l
957 5720 1080 5772 Cor.
1123 5733 1220 5784 λιι,
1267 5716 1296 5770 li
1338 5733 1460 5786 sqq.

1363 5645 1452 5700 (ἐϋ.
1533 5646 1550 5674 ³
1591 5645 1748 5700 Juan.
1780 5661 1890 5708 xw,
1931 5645 2015 5708 ii,
2057 5645 2134 5698 Ιῖι.

1923 5189 2062 5244 XIII.
2096 5190 2274 5258 Atque
2307 5188 2472 5256 hujus
2510 5186 2730 5257 quidem
2765 5185 2910 5239 hunc
2945 5187 3000 5238 in
3036 5184 3256 5239 modum
3291 5199 3424 5238 con-

1853 5283 2058 5337 stitutae
2087 5277 2347 5334 salutaris
2379 5277 2500 5332 ﬁdei
2529 5277 2732 5346 passim
2764 5274 2820 5328 in
2847 5273 3146 5344 Scripturis
3170 5273 3424 5328 omnibus

1853 5381 2073 5430 exstant
2100 5371 2422 5440 consignata
2463 5370 2800 5424 testimonia.
2841 5364 2950 5421 Nos
2985 5374 3166 5420 autem
3201 5381 3266 5418 ex
3307 5365 3425 5434 plu-

1853 5465 2007 5520 ribus
2047 5479 2218 5535 pauca
2255 5461 2502 5532 quatdam
2539 5477 2636 5532 pro
2672 5460 2808 5514 virili
2848 5459 3184 5538 colligemus,
3233 5473 3302 5512 ne
3336 5473 3426 5511 ca-

2216 5643 2234 5674 δ
2279 5641 2450 5697 Hier.
2497 5657 2554 5704 tt,
2593 5641 2672 5694 i0.
2753 5641 2772 5670 ⁵
2809 5637 2996 5692 Matth.
3093 5645 3254 5685 xxvnt
3287 5670 3298 5690 ,
3344 5631 3430 5686 i9.
