3798 6212
455 291 553 340 ιρι)

1846 291 1902 345 S.
1943 287 2284 344 ΕΙῚΡΙΙΑΝΙΙ
3615 279 3705 332 5M

449 407 712 459 tholicum
743 406 874 460 Illud
903 407 969 460 de
1015 405 1220 478 Spir.tu
1274 417 1466 465 sancto
1504 410 1698 480 dogma
1751 410 1870 464 sine
1905 410 2029 465 ullis

2140 405 2666 480 παρελεύσωμαιτὴν
2689 385 2980 478 ύφήγησιν.
3012 404 3184 467 Εὐθὺς
3213 403 3311 473 μὲν
3335 401 3442 473 γὰρ
3469 404 3496 454 ὁ
3527 401 3708 469 Πατήρ

448 498 830 553 conﬁrmatum
859 501 1284 557 auctoritatibus
1317 505 1419 558 hoc
1458 503 1577 556 loco
1618 514 2058 573 prmtcreatnus.‘

449 591 507 645 In
550 592 743 662 primis
782 593 926 646 enim
963 591 1124 648 Pater
1156 595 1270 666 ipse
1308 594 1374 651 de
1401 595 1633 649 adventu
1665 593 1789 650 Filii
1839 599 1918 651 sic
1952 597 2029 650 lo-

448 683 638 752 quitur
667 701 680 737 :
715 681 917 736 Portam
938 727 952 748 ,
992 685 1202 757 inquit,
1241 685 1499 756 Spiritum
1532 703 1701 741 meum
1735 689 1786 740 in
1815 689 1956 757 ipso,
1981 698 2029 742 et

447 775 707 840 iudicium
747 776 988 844 gentibus
1029 778 1294 832 nuntiabit
1329 779 1366 832 ¹.
1394 777 1608 844 Quibus
1646 779 1826 834 verbis
1856 778 2031 850 Spiri-

449 871 563 919 tu‘m
601 881 759 920 suum
795 877 1046 921 sanctum
1091 868 1340 925 ﬁdelibus
1385 871 1640 926 erunibus
1679 871 1744 926 ad
1781 872 2032 927 obtinen-

447 958 572 1011 dam
598 958 828 1013 salutem
867 974 1055 1014 verum
1110 975 1173 1014 ac
1196 976 1517 1032 germanum
1551 961 1719 1016 Deum
1755 979 1879 1020 esse
1901 979 2032 1034 pra:-

449 1049 618 1103 dicat.
659 1050 886 1105 Accedit
915 1051 980 1105 ad
1013 1052 1114 1106 hoc
1145 1054 1520 1108 testimonium
1554 1053 1830 1126 Unigeniti
1858 1056 2031 1125 ipsius

447 1143 751 1198 auctoritas
786 1162 798 1196 :
826 1142 1080 1213 Spiritus.
1110 1145 1310 1215 inquit,
1343 1145 1557 1201 Domini
1589 1164 1746 1216 super
1781 1163 1880 1212 me,
1901 1164 2028 1216 pro-

444 1241 560 1298 pter
590 1230 728 1300 quod
765 1233 914 1285 unrit
965 1249 1044 1288 me
1078 1236 1133 1298 ¹;
1168 1249 1278 1306 quo
1338 1235 1487 1290 illius
1543 1239 1922 1292 incarnatione
1977 1247 2030 1291 et

448 1324 654 1393 Spiritu
725 1334 914 1379 sancto
976 1326 1250 1390 stabilita,
1315 1335 1368 1382 et
1433 1327 1686 1384 ﬁdelibus
1744 1333 2027 1393 nuntiata,

445 1414 733 1484 ipsiusmct
763 1414 973 1472 Christi
1020 1419 1405 1474 testilicatione
1446 1431 1596 1476 certo
1628 1420 1759 1474 illud
1808 1435 2027 1476 assera-

445 1522 568 1562 mus
625 1508 865 1562 alienum
917 1523 944 1562 a
1006 1508 1116 1564 Deo
1193 1527 1538 1582 nequaquam
1583 1529 1706 1568 esse
1763 1512 2026 1583 Spiritum

445 1605 720 1652 sanctum.
759 1595 997 1653 Rursum
1044 1599 1110 1654 de
1152 1599 1358 1670 Spiritu
1405 1600 1712 1658 Dominus:
1763 1604 2025 1671 Spiritus.

445 1689 643 1758 inquit,
675 1687 856 1743 Patris
905 1692 1003 1746 mei
1027 1701 1127 1754 est,
1157 1693 1246 1761 qui
1283 1693 1513 1763 loquitur
1544 1695 1597 1748 in
1635 1695 1779 1750 vobis
1814 1695 1855 1749 ³.
1882 1693 2030 1750 Pras-

443 1791 594 1836 terea
641 1787 702 1834 ut
740 1781 809 1837 ab
845 1781 961 1852 ipsa
1008 1782 1298 1838 divinitate
1331 1800 1440 1839 non
1473 1785 1873 1841 excludendum
1907 1801 2030 1842 esse

382 1943 390 1952 ν
445 1871 711 1942 Spiritum
747 1873 1080 1935 ostenderet,
1119 1874 1293 1928 vultui
1324 1875 1696 1945 apostolorum
1727 1875 1948 1943 aﬁlavit,
1977 1886 2031 1932 et

441 1964 582 2018 dixit
639 1984 650 2020 :
721 1964 955 2033 Accipite
1000 1963 1257 2032 Spiritum
1306 1968 1612 2022 sanctum‘.
1691 1968 1911 2033 Adhacc,
1973 1977 2032 2023 ut

442 2058 705 2127 :equalem
741 2073 805 2113 ac
833 2061 1360 2116 consubstantialem
1422 2076 1522 2117 suo
1553 2059 1841 2131 Patrisque
1868 2061 2032 2131 Spiri-

443 2151 523 2204 tui
556 2159 746 2207 sancto
769 2166 825 2206 se
848 2166 971 2207 esse
993 2161 1344 2213 monstraret.
1377 2153 1434 2208 Si
1456 2153 1680 2222 diligitis
1707 2170 1806 2218 me,
1832 2155 2030 2224 inquit,

444 2244 699 2300 mandata
733 2261 846 2299 mea
872 2256 1107 2299 servate:
1133 2257 1180 2300 et
1204 2263 1296 2316 ego
1322 2246 1514 2317 rogabo
1534 2244 1771 2311 Patrem,
1797 2257 1845 2301 et
1867 2247 2033 2300 alium

445 2335 789 2391 Paracletum
843 2337 992 2392 dabit
1049 2338 1255 2392 vobis“.
1299 2337 1466 2406 Quasi
1523 2348 1576 2392 et
1624 2337 1886 2393 Dominus
1919 2339 2033 2409 ipse

444 2428 768 2486 Paraeletus
794 2430 886 2496 sit,
919 2439 973 2485 et
1005 2430 1246 2500 Spiritus
1278 2439 1504 2487 sanctus
1538 2431 1730 2486 eodem
1768 2429 1930 2484 modo
1960 2433 2032 2485 sit

445 2520 788 2576 Paracletus.
817 2520 1062 2592 Apostoli
1098 2537 1247 2586 vero,
1284 2530 1343 2575 ut
1377 2519 1730 2576 ostenderent
1769 2519 2032 2590 Spiritum

446 2623 700 2669 sanctum
765 2629 876 2670 non
918 2629 1042 2670 esse
1081 2629 1329 2678 servum,
1359 2613 1454 2670 sed
1498 2615 1690 2669 eadem
1741 2613 2032 2670 divinitate

447 2705 764 2778 pu-azditum,
834 2706 978 2762 illius
1040 2707 1423 2760 auctoritatem
1467 2721 1531 2761 ac
1601 2708 1900 2775 potentiam
1946 2707 2031 2761 his

444 2797 626 2853 verbis
672 2795 982 2868 signiﬁcant
1028 2814 1041 2850 :
1081 2795 1148 2850 Et
1193 2796 1329 2850 dixit
1367 2795 1598 2864 Spiritus
1638 2807 1897 2850 sanctus:
1933 2794 2027 2851 Se-

443 2900 652 2961 gregute
682 2889 809 2942 mihi
841 2887 1148 2942 Barnabam
1187 2897 1237 2942 et
1280 2887 1506 2944 Saulum
1553 2889 1606 2941 in
1639 2903 1766 2957 opus
1797 2889 1866 2942 ad
1890 2889 2030 2958 quod

443 2999 529 3037 eos
587 2982 762 3037 vocavi
798 2981 839 3044 ⁸,
891 2982 995 3036 etc.
1051 2979 1188 3035 Tum
1243 2982 1540 3051 Apostolus
1590 2983 1780 3036 eadem
1829 2981 2032 3036 diserte

445 3075 707 3133 declarat.
764 3073 1018 3130 Dominus
1070 3091 1210 3137 vero,
1266 3075 1466 3142 inquit,
1521 3074 1752 3144 Spiritus
1792 3082 1889 3129 est.
1932 3072 2030 3128 Ubi

445 3179 620 3224 autem
675 3167 910 3237 Spiritus
955 3167 1167 3222 Domini
1201 3179 1313 3231 est,
1365 3168 1475 3222 illic
1513 3167 1732 3223 libertas
1766 3169 1806 3222 ⁷.
1855 3166 2026 3223 Item:

459 3261 558 3314 Vos
593 3259 836 3327 templum
884 3258 982 3313 Dei
1011 3261 1134 3314 estis
1159 3301 1171 3322 ,
1218 3269 1266 3313 et
1303 3259 1536 3329 Spiritus
1574 3259 1784 3314 Domini
1828 3260 2034 3315 habitat

449 3354 501 3404 in
535 3351 676 3406 vobis
712 3349 751 3403 ⁸.
793 3348 913 3404 Jam
961 3366 1090 3404 vero
1131 3365 1255 3404 cum
1312 3353 1570 3420 templum
1617 3349 1708 3406 Dei
1760 3352 1830 3406 ob
1884 3352 2032 3405 illam

450 3445 622 3500 sancti
672 3443 914 3514 Spiritus
944 3444 1336 3498 habitationem
1373 3460 1652 3509 vocemur,
1698 3447 1824 3515 quis
1857 3444 2036 3514 Spiri~

445 3547 575 3594 tum.
600 3535 890 3607 repudiare
947 3535 1146 3592 audeat
1179 3543 1234 3590 et
1263 3551 1293 3589 a
1316 3533 1406 3589 Dei
1439 3535 1742 3592 substantia
1776 3536 2034 3605 rejicere;

447 3643 571 3682 cum
604 3629 811 3684 diserte
856 3628 960 3682 hoc
1000 3628 1297 3695 Apostolus
1347 3637 1592 3692 asserat,
1635 3627 1898 3697 templum
1932 3644 2035 3684 nos

447 3733 570 3778 esse
607 3717 739 3784 Dei,
793 3728 1018 3791 propter
1046 3718 1209 3790 903
1256 3717 1522 3788 Spiritum
1559 3718 1712 3773 illum
1759 3728 2034 3782 sanetum,

450 3809 543 3877 qui
589 3809 645 3863 in
693 3808 876 3878 dignis
919 3809 1222 3864 habitat"?
1263 3807 1532 3864 Prmtcrea
1590 3825 1828 3880 quonam
1875 3819 2036 3880 pacto

449 3903 662 3960 alienus
711 3917 739 3955 a
778 3901 888 3957 Deo
940 3912 1118 3973 potest
1179 3917 1302 3956 esse
1357 3899 1598 3972 Spiritus
1652 3902 1762 3966 ille,
1809 3904 1900 3972 qui
1943 3902 2035 3958 Dei

448 3993 722 4067 profunda
751 4003 1034 4050 scrutatur
1071 3994 1153 4048 ὀἳ
1179 3993 1287 4049 Nec
1321 4002 1406 4049 cst
1435 3994 1578 4064 quod
1611 3993 1743 4048 illud
1781 3994 2033 4064 objicias,

443 4091 684 4145 scrutari
727 4090 816 4144 illa
850 4088 1102 4160 quidem,
1147 4089 1379 4143 necdum
1422 4096 1605 4144 tamen
1667 4104 2034 4160 cognoscere,

446 4193 508 4236 ut
555 4183 804 4238 nonnulli
838 4181 1238 4237 contumeliose
1281 4182 1464 4251 jacere
1497 4198 1621 4236 cum
1660 4198 1757 4237 sua
1794 4183 2039 4252 pernicie

448 4276 567 4329 ausi
605 4282 754 4330 sunt.
783 4273 929 4329 Nihil
961 4274 1106 4328 enim
1134 4281 1304 4338 vetat,
1338 4275 1469 4343 quin
1507 4274 1646 4328 idem
1676 4273 1741 4330 de
1768 4271 1928 4328 Patre
1955 4275 2038 4328 di-

446 4375 597 4429 cant,
628 4367 696 4422 de
725 4381 836 4438 quo
878 4365 1143 4436 scriptum
1183 4374 1305 4430 est,
1351 4366 1590 4420 scrutari
1641 4366 1792 4419 illum
1827 4366 2036 4421 ventris

2135 519 2268 572 φησι
2299 501 2430 571 περὶ
2457 502 2555 572 τῆς
2586 501 2681 553 τοῦ
2719 500 2848 553 Υἱοῦ
2893 497 3215 569 παρουσίας,
3238 497 3320 548 ὅτι
3351 492 3620 562 ϐήσομαι
3651 491 3708 543 τὸ

2134 593 2377 664 Πνεῦμὰ
2405 611 2524 662 μου
2557 592 2650 646 ἐπ’
2689 593 2894 655 αὐτὸν,
2933 590 3029 644 καὶ
3060 590 3265 659 κρίσιν
3294 587 3420 653 τοῖς
3468 589 3708 640 ἔθνει-ιν

2132 687 2476 757 ἀπαγγελεῖ,
2509 687 2594 739 ἵνα
2620 689 2839 758 γνήσιον
2888 681 3097 756 κηρύξῃ
3122 681 3254 734 Θεὸν
3281 681 3342 734 τὸ
3367 682 3522 747 ἅγιον
3555 678 3708 731 αύτοῦ

2133 775 2356 846 Πνεῦμα
2381 777 2516 829 πᾶσι
2549 779 2760 838 πιστοῖς
2785 775 2865 838 εἰς
2914 773 3206 845 σωτηρίαν.
3245 773 3308 824 Ei
3336 770 3393 824 δὲ
3425 772 3454 823 ὁ
3481 771 3712 836 Move-rt.-

2133 867 2229 936 νὴς
2265 869 2330 940 τῇ
2377 869 2515 938 αὐτῇ
2566 867 2846 940 μαρτυρίᾳ
2885 864 3144 938 προσθεὶς
3185 863 3384 932 φάσκει
3408 878 3421 890 ·
3477 858 3711 926 Πνεῦμα

2133 960 2356 1028 Κυρίου
2405 959 2499 1014 ἐπ’
2531 960 2656 1030 ἐμὲ,
2689 955 2762 1016 οὗ
2804 959 3016 1013 ἕνεκεν
3048 957 3257 1026 ἐχρισέ
3286 971 3397 1024 με·
3432 955 3519 1007 ἴνα
3566 954 3601 1022 ἡ
3638 954 3710 1003 ἕν-

2135 1070 2335 1123 σαρκος
2365 1051 2530 1106 αὑτοῦ
2577 1052 2868 1123 παρουσία,
2904 1052 2998 1105 καὶ⁵
3028 1050 3104 1121 τῷ
3138 1049 3418 1120 Πνεῦματι
3464 1047 3544 1116 τῷ
3585 1047 3710 1114 erit?
3766 1085 3767 1123 ᾖ

2131 1119 2530 1215 ἡτέραλισμένη,
2699 1145 2912 1206 πιστοῖς
2942 1119 3344 1214 κηρυττομένη,
3378 1138 3571 1206 σαφῶς
3595 1139 3710 1204 ὁμο·
3766 1119 3767 1138 γ

2131 1235 2336 1308 λογηθῇ
2366 1237 2476 1290 ἀπὸ
2505 1237 2602 1307 τῆς
2631 1235 2726 1290 τοῦ
2760 1233 2996 1308 Χριστοῦ
3028 1232 3356 1305 μαρτυρίας,
3379 1230 3463 1282 ὃτι
3491 1229 3596 1280 οὒκ
3626 1227 3708 1279 ἀλ.

2132 1329 2340 1400 λάτριον
2370 1329 2430 1381 τὸ
2464 1327 2688 1398 Πνεῦμά
2726 1329 2842 1381 ἐστι
2865 1326 2961 1380 τοῦ
3001 1324 3156 1379 Θεοῦ.
3189 1324 3359 1376 Πάλιν
3379 1321 3438 1374 δὲ
3459 1323 3486 1374 ὁ
3516 1319 3710 1389 Κύριος

2134 1422 2262 1492 περὶ
2303 1419 2398 1474 τοῦ
2434 1420 2772 1490 Πνεῦματος,
2815 1421 2896 1474 ὅτι
2937 1419 3008 1474 Τὸ
3060 1417 3304 1486 Πνεῦμα
3347 1415 3458 1469 τοῦ
3490 1417 3706 1479 Πατίίς

2126 1532 2245 1582 μου
2274 1513 2404 1566 ἐστὶ
2439 1513 2506 1567 τὸ
2552 1512 2790 1568 λαλοῦν
2829 1512 2899 1565 ἐν
2930 1511 3093 1581 ὑμῖν.
3132 1509 3243 1562 Καὶ
3291 1507 3475 1570 πάλιν,
3507 1505 3589 1567 ὼς
3622 1506 3708 1556 οἰκ

2132 1606 2414 1677 ἀλλοτρίου
2448 1604 2542 1658 τοῦ
2574 1605 2892 1675 Πνεύματος
2938 1603 3294 1672 τυγχάνοντος
3337 1600 3435 1671 τῆς
3467 1598 3562 1652 τοῦ
3588 1598 3706 1650 Θεοί

2134 1700 2405 1771 θεότητος,
2430 1697 2763 1770 ἐνεφύσησεν
2796 1699 2876 1761 εἰς
2894 1697 2956 1750 τὸ
2983 1696 3275 1768 πρόσωπον
3302 1693 3414 1748 τῶν
3439 1692 3707 1762 μαθητῶν,

2135 1791 2226 1845 καὶ
2280 1787 2431 1846 εἶπε·
2468 1788 2689 1844 Λάϐετε
2739 1788 2982 1858 Πνεῦμα
3014 1787 3208 1858 ἅγιον.
3253 1786 3367 1838 Καὶ
3406 1784 3593 1844 πάλιν,
3637 1785 3709 1834 ἵνα

2129 1882 2277 1954 δείξῃ
2299 1881 2396 1952 τὴν
2427 1880 2622 1935 ἑαυτοῦ
2661 1880 2880 1952 ἰσότητα
2913 1880 3006 1935 καὶ
3064 1878 3462 1949 ὁμοουσιότητα
3494 1874 3631 1946 πρὸς
3664 1875 3710 1924 τὸ

2133 1971 2356 2042 Πνεῦμα
2401 1971 2568 2027 αὑτοῦ
2597 1989 2656 2026 τε
2703 1968 2920 2026 καὶτοῦ
2959 1969 3174 2041 Πατρὸς
3225 1967 3392 2023 αὑτοῦ
3435 1967 3496 2019 τὸ
3544 1965 3708 2032 ἅγιον,

2132 2061 2330 2132 φησίν·
2381 2063 2517 2118 Ἐὰν
2552 2059 2824 2133 ἀγαπᾶτέ
2869 2078 2966 2131 με,
3006 2059 3113 2126 τὰς
3145 2057 3403 2124 ἐντολάς
3447 2075 3571 2126 μου
3621 2073 3708 2114 τηε

2124 2152 2368 2221 θήσετε.
2425 2153 2572 2223 Ἐγὼ
2625 2151 2905 2222 ἐρωτήσω
2955 2151 3062 2205 τὸν
3093 2152 3354 2217 Πατέρα,
3391 2147 3490 2201 καὶ
3526 2147 3710 2199 ἄλλοι·

2133 2244 2532 2313 Παράκλητον
2575 2245 2755 2300 δώσει
2805 2243 2979 2313 ὺμῒνσ
3030 2242 3107 2305 ὡς
3159 2239 3324 2295 αὐτοῦ
3374 2237 3473 2292 τοῦ
3514 2239 3709 2307 κυρίην

2134 2340 2491 2412 Παρακλήτου
2547 2339 2729 2403 δντος,
2780 2338 2875 2392 καὶ
2912 2335 3007 2390 τοῦ
3056 2335 3373 2404 Πνεῦματος
3421 2331 3516 2386 τοῦ
3568 2333 3708 2398 ἁγίω

2136 2433 2604 2504 συμπαρακλήτου
2646 2432 2798 2495 ὄντος
2835 2429 3148 2507 ὁμοίως.οῑ
3177 2427 3235 2481 δὲ
3285 2427 3599 2481 ἀπόστολοι.
3621 2426 3711 2478 δει-

2135 2529 2410 2593 κνύοντες,
2446 2530 2527 2581 ὅτι
2568 2527 2630 2580 οὐ
2659 2524 2846 2580 δοῦλον
2886 2524 3144 2594 τυγχάνει
3183 2521 3244 2576 τὺ
3291 2519 3539 2590 Πνεῦμα,
3593 2517 3712 2571 ἀλλὰ

2133 2620 2230 2690 τῆς
2261 2619 2430 2690 αὐτῆς
2455 2618 2727 2689 θεότητος,
2755 2617 2853 2688 τὴν
2875 2614 3042 2668 αὐτοῦ
3064 2612 3352 2669 αύθεντίαν
3386 2610 3712 2665 ὑποδεικνύν-

2137 2729 2229 2776 τες
2257 2711 2423 2780 φασί·
2460 2710 2570 2764 Καὶ
2617 2705 2746 2762 εἷπε
2778 2707 2846 2761 τὸ
2881 2705 3123 2775 Πνεῦμα
3159 2704 3224 2758 τὸ
3264 2703 3460 2772 ἅγιον·
3505 2700 3712 2768 Ἀμομ-

2135 2803 2283 2857 σατέ
2317 2817 2413 2871 μοι
2463 2798 2779 2868 Βαρνάϐαν
2826 2798 2923 2851 καὶ
2971 2796 3211 2850 Σαῦλον
3251 2796 3338 2859 εις
3368 2791 3436 2846 τὸ
3469 2791 3647 2859 ἑρττν
3687 2790 3710 2836 ι²

2137 2897 2591 2965 προσκέκλημαι
2615 2893 2856 2959 αὐτοὺς,
2899 2890 3090 2946 καὶτὰ
3129 2889 3279 2960 ἑξῆς.
3323 2889 3388 2940 '0
3407 2886 3476 2940 δὲ
3509 2886 3711 2953 Κίνίιίς

2135 2989 2268 3044 ἐστι
2305 2987 2372 3042 τὸ
2411 2987 2673 3057 Πνεῦμα.
2701 2981 2784 3042 Οὗ
2812 2985 2880 3039 δὲ
2921 2983 2988 3038 τὸ
3039 2983 3282 3052 Πνεῦμα
3325 2980 3570 3048 Ktvplov,
3600 2977 3710 3029 ἐκεῖ

2136 3081 2480 3150 ἐλευθερία·
2539 3081 2653 3143 καὶ,
2703 3078 2900 3149 Ὑμεῖς
2929 3077 3076 3142 ναὸς
3115 3075 3267 3131 Θεοῦ
3315 3076 3481 3134 ἐστε.
3528 3072 3622 3125 καὶ
3657 3072 3709 3122 r4."

2137 3174 2381 3244 Πνεῦμα
2415 3173 2637 3240 Κυρίου
2663 3170 2818 3225 οἰκεῖ
2834 3171 2903 3224 ἐν
2927 3169 3090 3240 ὑμῖν.
3125 3170 3189 3222 El
3229 3168 3407 3221 τοίνυν
3438 3166 3562 3227 ναὸς
3588 3163 3710 3216 Θεοῦ

2139 3267 2449 3338 καλούμεθα
2473 3265 2562 3319 διὰ
2595 3265 2808 3336 οἴκησιν
2849 3265 3006 3332 ἁγίου
3043 3262 3383 3333 Πνεύματος,
3409 3259 3493 3322 τίς
3520 3258 3708 3326 τολμήο

2140 3377 2252 3414 σειε
2288 3357 2731 3430 παραιτήσασθαι
2762 3357 2822 3410 τὸ
2858 3355 3103 3426 Πνεῦμα,
3138 3354 3232 3407 καὶ
3281 3349 3709 3422 ἀπαλλοτριῶσαι

2136 3455 2234 3524 τῆς
2263 3451 2359 3505 τοῦ
2389 3449 2523 3504 Θεοῦ
2565 3449 2772 3513 ούσίας,
2819 3447 3006 3518 σαφῶς
3045 3447 3138 3500 τοῦ
3176 3444 3499 3499 Ἀποστόλου
3543 3443 3710 3510 λέγονο

2139 3561 2228 3607 τος
2275 3545 2422 3614 ἡμᾶς
2489 3543 2650 3604 ναοὺς
2702 3538 2839 3592 Θεοῦ
2913 3536 3192 3606 γίνεσθαι,
3242 3536 3326 3588 διὰ
3373 3535 3436 3586 τὸ
3482 3532 3712 3586 ἐνοικοῦν

2139 3634 2368 3706 Πνεῦμα
2399 3635 2552 3702 ἅγιον
2588 3634 2645 3685 ὲν
2670 3635 2782 3695 τοῖς
2813 3631 3016 3698 ἀξίοις
3052 3630 3175 3693 Πῶς
3196 3629 3252 3682 δὲ
3285 3627 3564 3698 ἀλλότριον
3588 3623 3708 3678 Θεοῦ

2139 3727 2292 3780 ἔσται
2326 3726 2386 3779 τὸ
2431 3725 2655 3796 Πνεῦμα
2692 3723 2756 3776 τὸ
2803 3723 2940 3795 βάθη
2981 3723 3075 3776 τοῦ
3120 3719 3256 3775 Θεοῦ
3291 3719 3563 3792 ὲρευνῶν;
3612 3719 3706 3768 Καὶ

2145 3820 2217 3889 μὴ
2247 3818 2373 3887 λέγε
2402 3835 2524 3888 μοι·
2567 3818 2811 3889 Ἐρευνᾷ,
2856 3817 2948 3869 καὶ
2979 3815 3132 3869 οῦπω
3160 3814 3440 3883 γινώσκει,
3482 3814 3554 3875 ὡς
3579 3828 3706 3870 τινες

2137 3912 2380 3983 τολμῶσι
2428 3911 2789 3980 βλασφημεῖν,
2833 3910 2927 3962 καὶ
2972 3909 3197 3971 ἑαυτοὺς
3242 3905 3518 3960 ἀπολύειν.
3570 3903 3704 3955 Ἐπεὶ

2139 4004 2204 4059 ἂν
2234 4003 2329 4058 καὶ
2360 4003 2492 4056 αὐτὸ
2522 4001 2716 4066 λέξωσι
2747 4002 2874 4072 περὶ
2918 3999 3010 4054 τοῦ
3068 3999 3302 4070 Πατρὸς,
3337 3998 3420 4051 ὅτι
3465 3997 3552 4049 καὶ
3593 3994 3705 4064 περὶ

2141 4097 2306 4149 αὑτοῦ
2337 4095 2668 4165 γέγραπται,
2692 4093 2774 4145 ὅτι
2821 4091 3069 4159 Ἐρευνᾷ
3102 4089 3309 4160 ταμεῖα
3334 4090 3579 4153 κοιλίας.
3610 4087 3703 4137 Καὶ

2139 4191 2187 4240 εἰ
2223 4187 2434 4248 ἀσεϐῶς
2455 4187 2690 4256 νοήσεις,
2717 4184 2804 4237 διὰ
2837 4183 2896 4234 τὸ
2947 4183 3022 4253 μὴ
3051 4181 3357 4235 ἐπικεῖσθαι
3397 4181 3474 4250 τῷ
3502 4179 3700 4249 ὲρευνᾷν

2140 4281 2199 4332 τὸ
2229 4278 2518 4348 γινώσκειν
2556 4278 2650 4330 ἐπὶ
2690 4277 2782 4329 τοῦ
2829 4276 3161 4346 Πνεῦματος.
3193 4274 3491 4345 ἀσεϐήσαις
3527 4273 3585 4325 ἂν
3619 4273 3700 4323 καὶ

2144 4374 2269 4445 περὶ
2292 4371 2385 4424 τοῦ
2417 4373 2627 4442 Πατρὸς
2654 4369 2750 4439 τὴν
2774 4369 2944 4440 αὐτὴν
2975 4368 3422 4438 ἀναγκαζόμενος
3455 4364 3699 4436 napaer-

447 4474 704 4516 recessus
729 4459 792 4510 “.
824 4457 1007 4525 Quare
1057 4457 1102 4511 si
1146 4466 1432 4526 propterea
1473 4458 1620 4526 quod
1653 4458 1718 4512 ad
1752 4459 2034 4512 scrutandi

2145 4481 2259 4535 ρειν
2292 4462 2567 4518 ὑπόνοιαν.
2601 4461 2738 4515 Οῦτε
2769 4460 2878 4531 γὰρ
2913 4461 3006 4514 ἐπὶ
3037 4461 3248 4531 Πατρὸς
3287 4460 3599 4529 ὲρευιιῶντος
3617 4474 3700 4508 τα-

448 4552 676 4607 verbnm
701 4550 1072 4622 cognoscendi
1104 4550 1250 4604 aliud
1277 4565 1383 4603 non
1405 4559 1486 4605 est
1516 4550 1858 4619 adjunctum,
1890 4551 2038 4621 ejus-

449 4645 598 4700 modi
631 4644 893 4714 quiddam
946 4644 1109 4713 impie
1137 4643 1204 4697 de
1239 4641 1449 4712 Spiritu
1498 4651 1653 4713 potes
1684 4645 1867 4698 animo
1903 4660 2037 4698 con-

449 4737 662 4809 cipere,
700 4752 808 4791 non
844 4736 1028 4794 minus
1071 4738 1122 4791 in
1166 4737 1383 4791 Patrem
1420 4737 1619 4806 impius
1665 4737 1742 4792 sis
1786 4746 2033 4807 oportet,

449 4830 518 4886 de
540 4845 651 4901 quo
673 4828 919 4884 eamdem
950 4831 1163 4899 cogeris
1187 4829 1429 4899 proferre
1460 4830 1807 4885 sententiam.
1824 4829 2036 4900 Quippe

449 4938 574 4979 cum
601 4924 810 4980 ventris
836 4924 957 4976 illos
982 4938 1236 4978 recessus
1258 4924 1594 4994 perscrutari
1620 4921 1780 4978 Pater
1805 4924 2030 4985 dicitur,

445 5018 602 5077 nulla
645 5017 704 5072 ﬁt
753 5017 1085 5087 cognitionis
1139 5017 1362 5072 mentio.
1399 5015 1586 5086 Neque
1624 5032 1753 5071 vero
1808 5033 2034 5072 necesse

447 5109 552 5166 fuit
580 5110 725 5167 istud
766 5110 986 5171 addere,
1022 5124 1146 5162 cum
1182 5105 1274 5162 Dei
1322 5109 1622 5177 anticipata
1658 5109 1746 5162 illa
1793 5110 2036 5178 cognitio

2146 4558 2271 4626 μεῖα
2294 4554 2501 4617 κοιλίας
2526 4554 2844 4623 πρόσκειται
2871 4553 2931 4605 τὸ
2952 4551 3270 4620 γινώσκειν·
3300 4550 3422 4603 οῦτε
3443 4550 3544 4620 γὰρ
3563 4547 3698 4618 χρεία

2144 4643 2208 4718 ἦν
2245 4650 2440 4708 εἰπεῖν,
2476 4646 2662 4714 σαφῶς
2693 4647 3028 4717 δηλουμένης
3055 4646 3156 4714 τῆς
3193 4643 3290 4696 τοῦ
3315 4643 3451 4695 Θεοῦ
3484 4658 3699 4711 προγνω-

2147 4738 2424 4802 σξας,ἀπὸ
2462 4736 2561 4790 τοῦ
2612 4737 2840 4808 ὲρευνᾷν
2892 4736 2951 4788 τὸ
3002 4734 3203 4788 τέλειον
3250 4735 3348 4803 τῆς
3406 4731 3696 4799 ἀποφάσει-ις

2145 4825 2402 4901 ἐχούσης.
2443 4829 2598 4883 Οῦτω
2640 4847 2729 4898 μοι
2774 4828 2869 4882 καὶ
2915 4829 3039 4898 περὶ
3069 4826 3386 4895 Πνεῦματος
3437 4824 3523 4876 καὶ
3581 4818 3695 4871 Tia-3

2145 4923 2238 4975 καὶ
2274 4923 2487 4994 Πατρὸς
2523 4921 2620 4991 τὴν
2670 4923 2798 4990 μίαν
2829 4919 3030 4988 γνῶσιν
3065 4921 3156 4972 καὶ
3212 4920 3312 4988 τὴν
3359 4915 3691 4987 προγνωσὴν.

2145 5013 2331 5084 σαφῶς
2361 5013 2591 5086 ἐχούσης
2621 5013 2718 5083 τῆς
2750 5014 2908 5081 ἁγίας
2943 5012 3167 5083 Τριάδος
3201 5010 3297 5081 τὴν
3328 5009 3606 5074 τελειότητα
3640 5021 3688 5053 τε

2142 5111 2235 5162 καὶ
2269 5109 2592 5178 ταυτότητα.

447 5205 736 5274 perspicue
757 5204 1118 5272 signiﬁcetur.
1145 5213 1200 5257 et
1221 5219 1289 5257 ex
1335 5206 1456 5273 ipso
1508 5203 1789 5258 scrutandi
1840 5205 2109 5257 vocabulo
2159 5203 2395 5273 perlecta
2444 5204 2714 5257 sententia
2769 5200 3050 5256 reddatur.
3103 5198 3181 5252 Ad
3243 5199 3478 5252 eumdem
3527 5194 3680 5257 imam

447 5296 671 5350 modum
709 5296 776 5350 de
809 5295 1014 5365 Spiritu
1058 5305 1113 5349 et
1171 5293 1307 5349 Filio
1369 5305 1422 5350 ct
1472 5293 1634 5349 Patre
1702 5295 2064 5364 pronuntiare
2099 5295 2376 5360 convenit,
2400 5305 2453 5350 et
2504 5309 2667 5346 unam
2693 5295 2759 5347 iis
2818 5292 3185 5362 cognitionem
3226 5305 3288 5343 ac
3331 5286 3686 5358 prudentiam

449 5388 697 5443 tribuere
719 5431 733 5450 ,
767 5404 833 5442 eo
893 5390 1038 5457 quod
1083 5398 1436 5458 sacrosancta
1481 5387 1724 5444 Trinitas
1766 5404 1864 5443 sua
1901 5389 2044 5443 haud
2075 5388 2240 5443 dubie
2270 5388 2607 5457 perfectione
2636 5395 2688 5440 et
2717 5385 3000 5440 identitatc
3029 5391 3262 5437 constet.

529 5482 668 5538 XIV.
709 5483 813 5538 Sed
839 5483 907 5540 de
936 5485 1025 5542 his
1053 5486 1309 5540 omnibus
1338 5486 1546 5540 inﬁnita
1577 5485 1826 5555 quaedam
1850 5484 2035 5555 dispu-

526 5664 539 5692 ‘
582 5660 689 5714 lsa.
724 5677 854 5723 mi,
899 5664 944 5716 ι.
1047 5665 1066 5695 ²
1110 5662 1209 5716 lsa.
1240 5680 1360 5726 ur,
1395 5665 1446 5717 1.

1523 5666 1544 5696 ³
1583 5664 1774 5718 Matth.
1811 5681 1862 5724 ι,
1895 5664 1986 5716 20.
2066 5664 2085 5693 ⁸
2125 5661 2280 5716 Joan.
2316 5679 2404 5724 xx,
2433 5661 2521 5715 9.2.

453 5731 472 5766 τ
507 5731 549 5793 li
573 5732 698 5790 Cor.
738 5747 818 5796 ιιι,
848 5734 930 5786 t7.
1007 5734 1024 5760 "
1067 5735 1233 5787 lCor.
1273 5750 1354 5799 ιιι,
1394 5733 1473 5788 16.
1553 5737 1568 5765 ’³
1601 5737 1617 5788 ι
1655 5735 1759 5788 Cor
1814 5749 1910 5799 xu,
1939 5735 1970 5788 9
2012 5750 2137 5804 sqq.

2216 5486 2310 5538 IA'.
2346 5485 2454 5536 Καὶ
2499 5482 2755 5554 ἀμύθητὰ
2807 5477 2922 5534 ἔστι
2976 5482 3107 5551 περὶ
3156 5479 3359 5531 τούτων
3387 5474 3554 5540 λέγειν,
3597 5465 3686 5517 κιὶ

2605 5663 2622 5691 ⁸
2664 5659 2820 5714 Joan.
2857 5675 2966 5720 xlv,
3018 5657 3198 5721 l5,16.
3279 5657 3298 5687 ⁸
3329 5655 3438 5710 Act.
3483 5665 3590 5710 llll,
3625 5643 3683 5700 ‘3.

2220 5733 2258 5764 "‘
2295 5735 2310 5787 ί
2345 5736 2536 5799 LCL",
2581 5730 2659 5785 10,
2743 5733 2782 5762 ¹¹
2817 5729 2975 5785 Prov.
3010 5745 3096 5792 xx,
3127 5728 3213 5781 27.
