3798 6212
145 343 252 399 ενι

889 337 1249 405 ADVERSUS
1285 349 1620 406 lleRESES
1662 351 1746 406 Lu

1855 355 1915 410 ΙΙ.
1958 356 2118 412 ΤΟΜ.
2163 355 2560 420 1.-11ί1ἰιὶΕ8,
2601 356 2833 411 LXXIV.

3284 365 3389 421 50‘).

145 461 261 513 ἀπὸ
294 461 440 524 θείας
475 463 690 534 Γραφῆς
739 463 895 532 Βγ-διον
930 467 1242 538 μαρτυριῶν
1276 467 1480 538 φέρειν,
1513 468 1602 520 καὶ
1645 469 1722 530 είς

1851 475 1926 524 ari
1967 483 2213 550 possunt,
2247 476 2613 532 ctinnumerae
2641 479 2815 532 sacris
2847 493 2876 532 e
2908 476 3122 532 Litteris
3151 479 3390 533 auctori-

147 551 356 614 πλάτος
386 553 764 623 ὲπιμηκύνειν,
794 557 886 609 καὶ
931 557 1174 626 κάματον
1209 559 1454 628 ἐμποιεῖν
1481 560 1592 620 τοῖς
1637 559 1724 610 ἐν·

145 639 530 707 τυγχάνουσιν.
575 641 842 712 Ἀρκετῶς
875 645 988 716 γὰρ
1015 646 1072 698 ὲν
1117 647 1268 718 πάση
1298 646 1504 714 αἱρέσει
1559 647 1728 700 πολλὰ

143 729 421 796 εἰπόντες,
453 731 550 794 τὰς
578 733 752 796 πάσας
785 737 842 786 ὲν
873 735 1008 788 Θεοῦ
1043 736 1266 806 δυνάμει
1495 738 1540 789 οί
1571 736 1730 790 ἀσθε-

147 821 266 882 νεῖς
301 821 694 893 ἀνετρὲψαμεν,
730 826 824 878 καὶ
865 825 1226 896 ἀπεδείξαμεν
1250 826 1536 898 ἀλλοτρίας
1565 826 1730 888 οὔσας

153 911 257 980 τῆς
283 911 558 982 ἀληθείας,
584 915 674 968 καὶ
695 916 932 988 ἑκάστην
959 916 1138 970 αὐτῶν
1167 917 1614 988 βλασφημοῦσαν,
1640 919 1731 972 καὶ

153 1001 500 1074 ἀρνουμένην
524 1005 620 1076 τὴν
657 1005 932 1077 ἀλήθειαν,
967 1008 1070 1061 κᾶν
1099 1025 1156 1061 τε
1189 1011 1247 1061 ὲν
1289 1008 1500 1078 βραχεῖ,
1538 1009 1638 1063 κάν
1667 1026 1726 1061 τε

149 1094 214 1143 ἐν
251 1095 430 1168 πολλῷ
455 1113 468 1126 ’
498 1097 572 1161 ὡς
604 1099 696 1151 καὶ
740 1095 883 1152 οὗτοι
917 1101 1092 1169 μάτην
1126 1100 1208 1163 είς
1239 1099 1328 1153 τὸν
1367 1099 1566 1171 Κύριον
1602 1099 1730 1170 βλα-

149 1185 499 1257 σφημοῦντες
561 1189 652 1242 καὶ
687 1190 765 1251 εἰς
791 1191 852 1242 τδ
886 1190 1038 1257 ἅγιον
1079 1189 1319 1260 Πνεῦμα,
1349 1191 1442 1244 καὶ
1485 1191 1558 1262 μὴ
1587 1190 1734 1261 ἔχον-

149 1295 244 1340 τες
279 1281 414 1350 μήτε
443 1279 692 1344 ἐνταῦθα,
731 1281 865 1352 μήτε
905 1282 962 1334 ὲν
987 1281 1064 1351 τῷ
1106 1281 1350 1351 μέλλοντι
1383 1282 1563 1344 αἰῶνι,
1596 1280 1735 1336 κατά

151 1370 223 1423 τὰ
279 1372 384 1425 ὑπὸ
445 1373 647 1440 Κυρίου
713 1373 1006 1444 εἰρημένα,
1069 1373 1259 1442 ἄφεσιν
1317 1372 1597 1444 αμαρτιῶν
1649 1373 1734 1426 διὰ

151 1460 254 1530 τὴν
283 1463 361 1525 είς
389 1462 447 1528 τὸ
477 1463 630 1529 ἅγιον
665 1461 888 1532 Πνεῦμα
917 1460 1281 1533 βλασφημίαν,
1317 1461 1726 1532 καταπατηθέν-

151 1569 246 1614 τες
285 1553 377 1604 ὑπ’
422 1553 589 1624 αὐτῆς
617 1555 716 1625 τῆς
748 1553 1004 1625 ἀληθείας
1050 1555 1205 1626 δίκην
1252 1556 1516 1626 κεράστου
1560 1555 1733 1609 δεινοῦ

155 1642 550 1714 μονοκέρωτος,
603 1643 696 1697 τοῦ
737 1643 828 1698 νοῦ
873 1644 974 1715 τῆς
1025 1643 1372 1717 βλασφημίας
1437 1645 1734 1716 δυναμένου

152 1731 278 1785 ὅλον
323 1734 382 1786 τὸ
422 1733 577 1804 σῶμα
620 1733 902 1808 φθείρειν·
939 1735 1252 1800 πεισθέντες
1303 1737 1379 1804 τῷ
1433 1735 1528 1789 τοῦ
1578 1737 1733 1803 ξύλου

153 1823 324 1893 λόγῳ,
364 1825 456 1877 καὶ
478 1828 546 1896 τῇ
575 1825 667 1878 τοῦ
701 1826 1038 1896 Μονογενοῦς
1080 1827 1306 1898 ἀληθινῇ
1347 1827 1627 1898 ὁμολογίᾳ,
1654 1829 1734 1880 ὅτι

155 1913 234 1980 τῷ
271 1911 678 1984 βλασφημοῦντι
711 1916 792 1979 είς
831 1917 894 1968 τὸ
929 1914 1152 1986 Πνεῦμα
1199 1916 1322 1970 οὔτε
1366 1917 1422 1968 ὲν
1461 1918 1537 1986 τῷ
1580 1916 1734 1970 αἰῶνι
1769 1905 1807 1957 Β

154 2004 354 2074 τούτῳ,
400 2004 520 2058 οὔτε
559 2007 618 2059 ὲν
657 2005 736 2076 τῷ
781 2007 1023 2077 μέλλοντι
1053 2007 1403 2078 ἀφεθήσεται,
1451 2009 1525 2072 ὡς
1565 2008 1733 2078 ἔφην’

155 2095 638 2168 καταπατηθέντες
663 2099 753 2151 καὶ
777 2099 1170 2171 συντριϐέντες,
1204 2099 1278 2170 μὴ
1308 2100 1577 2170 ἰσχύοντες
1601 2099 1737 2152 κατὰ

155 2186 259 2256 τῆς
282 2185 558 2258 ἀληθείας.
585 2187 754 2243 Πύλαι
777 2191 884 2262 γὰρ
915 2191 1040 2262 ᾅδου
1067 2191 1281 2261 ἀληθῶς
1312 2193 1482 2245 πᾶσαι
1513 2193 1568 2246 αἱ
1591 2193 1739 2262 αίρέ-

159 2293 277 2340 σεις
299 2294 313 2308 ν
344 2277 479 2331 ἀλλά
517 2279 660 2334 κατὰ
689 2282 784 2352 τῆς
820 2283 1024 2354 πέτρας
1049 2283 1110 2336 ού
1152 2283 1558 2353 κατισχύσουσι,
1585 2297 1738 2333 τουτ-

159 2364 280 2416 έστι
321 2365 460 2418 κατά
497 2367 596 2437 τῆς
634 2367 906 2438 ἀληθείας.
939 2371 1054 2425 Κάν
1085 2389 1144 2424 τε
1169 2371 1276 2444 γὰρ
1311 2371 1371 2436 ἐξ
1391 2371 1566 2424 αὐτῶν
1594 2385 1738 2432 τινες

160 2451 450 2523 θελήσειαν
477 2453 676 2524 λέγειν,
703 2458 784 2510 ὅτι
812 2459 922 2530 Τὴν
953 2461 1048 2530 μὲν
1086 2461 1267 2514 πίστιν
1301 2463 1398 2527 τὴν
1427 2459 1738 2513 ἐκτεθεῖσαν

161 2544 308 2598 κατά
331 2541 566 2600 Νίκαιαν
593 2550 685 2602 καὶ
714 2549 865 2602 αὐτοὶ¹
893 2551 1278 2622 ὁμολογοῦμεν.

161 2640 394 2694 omnino
439 2641 632 2696 virium
675 2642 872 2698 habere
917 2653 1166 2715 possunt.
1213 2645 1436 2706 Etiamsi

1836 571 1974 616 tates
1997 565 2199 628 aflerri,
2236 576 2295 619 ut
2330 567 2381 620 in
2409 567 2625 638 longum
2661 567 2926 637 producta
2957 567 3248 623 lectoribus
3274 583 3390 622 mo-

1831 653 1962 707 lesta
1993 657 2064 709 sit
2093 659 2286 711 oratio.
2343 657 2448 712 Sed
2493 675 2592 714 nos
2621 659 2676 712 in
2713 673 3033 727 unaquaque
3061 658 3389 713 confulanda

1833 743 2020 798 haeresi
2053 747 2192 800 satis
2233 749 2400 801 multa
2433 749 2545 815 jant
2580 747 2840 809 diximus,
2879 757 2934 800 et
2981 761 3172 800 omnes
3205 747 3392 800 divino

1833 835 2082 902 praesidio
2120 837 2239 892 freti
2271 855 2370 895 nos
2400 840 2537 894 licet
2557 839 2855 894 imbecilles
2883 839 3200 901 evertimus,
3231 846 3392 908 atque

1835 939 1864 977 a
1892 927 2118 982 veritate
2146 943 2268 986 esse
2295 931 2500 986 alienas
2553 932 2915 996 ostendimus;
2958 944 3168 984 necnon
3193 937 3246 982 et
3280 928 3394 982 sin-

1830 1018 1986 1086 gulas
2013 1017 2128 1074 sive
2156 1020 2208 1074 in
2241 1022 2435 1090 exigua
2467 1022 2648 1092 aliqua
2683 1038 2739 1076 re
2760 1063 2773 1087 ,
2807 1021 2920 1076 sive
2949 1021 3003 1073 in
3037 1018 3229 1088 majori
3259 1017 3395 1072 veri-

1834 1107 1928 1159 tati
1964 1099 2358 1164 cdntnmeliose
2391 1109 2674 1174 detrahere
2735 1117 2898 1180 atque
2945 1107 3194 1178 ablegare
3224 1105 3396 1160 fundi-

1832 1201 1941 1251 tus.
1973 1197 2128 1263 Quod
2156 1199 2372 1268 quidem
2405 1207 2459 1256 et
2487 1201 2576 1256 isti
2612 1200 2791 1255 facere
2819 1199 3136 1258 instituunt.
3173 1200 3264 1268 qui
3289 1196 3396 1250 Do-

1833 1289 2038 1342 minum
2091 1305 2154 1344 ac
2215 1290 2476 1360 Spiritum
2524 1301 2771 1346 sanetum
2811 1291 3008 1348 frustra
3053 1289 3395 1344 eotttueliis

1833 1388 2096 1443 onerant,
2143 1397 2320 1450 neque
2363 1373 2572 1438 aut—hic
2606 1393 2699 1436 aut
2745 1383 2798 1436 in
2851 1382 3036 1436 futuro
3071 1380 3300 1442 sarculo,
3341 1391 3398 1432 ut

1835 1467 2048 1523 Domini
2077 1471 2258 1526 verbis
2287 1484 2408 1527 utar
2434 1475 2478 1538 ί,
2509 1483 2856 1544 peccatorum
2894 1474 3278 1528 relaxationem
3331 1471 3398 1522 ob

1835 1571 1990 1612 suam
2039 1557 2186 1612 illam
2240 1560 2294 1614 in
2371 1560 2635 1632 Spiritum
2707 1570 2954 1617 sanctum
3010 1561 3399 1630 blasphemiam

1833 1647 2080 1704 obtinere
2124 1661 2397 1720 possunt:
2437 1655 2528 1724 qui
2581 1655 2649 1708 ab
2684 1655 2800 1724 ipsa
2831 1654 3058 1708 veritate
3101 1652 3400 1722 proculcati

1835 1747 1984 1802 sunt,
2044 1749 2271 1796 cerastae
2318 1743 2602 1810 cujusdam
2659 1745 2830 1800 instar
2860 1745 3082 1810 atrocis,
3135 1752 3187 1798 et
3239 1744 3406 1796 unico

1839 1842 2008 1882 cornu
2036 1831 2331 1886 metuendi.
2353 1831 2501 1890 Talis
2531 1835 2676 1888 enim
2703 1843 2784 1890 est
2811 1835 3157 1904 blasphemia:
3184 1847 3401 1896 sensus,

1835 1919 1927 1987 qui
1964 1935 2163 1990 corpus
2214 1923 2530 1980 universum
2565 1943 2922 1997 corrumpere
2961 1934 3158 1998 potest.
3205 1924 3404 1990 Etnos

1837 2009 2056 2078 quidem
2107 2009 2318 2065 Domini
2361 2028 2610 2070 sermone
2644 2026 2698 2070 et
2729 2017 3002 2087 Uuigeniti
3037 2031 3164 2070 vera
3199 2015 3405 2084 profes-

1837 2097 1990 2152 sione
2016 2101 2260 2168 persuasi
2286 2102 2560 2160 credimus
2575 2105 2646 2167 ei,
2668 2105 2758 2174 qui
2787 2105 3174 2175 blasphemarit
3197 2104 3248 2157 in
3276 2103 3398 2173 Spi-

1839 2189 2002 2242 ritttm
2043 2199 2314 2255 sanctum,
2351 2209 2528 2265 neque
2563 2196 2616 2268 in
2644 2197 2745 2252 hoc
2781 2199 2979 2250 saeculo
3011 2212 3110 2250 nec
3140 2197 3192 2250 in
3217 2196 3398 2250 futuro

1841 2278 2258 2336 eondonandum
2295 2299 2418 2340 esse
2464 2295 2776 2355 peceatum,
2827 2295 2890 2340 ut
2932 2287 3190 2342 diximus.
3225 2287 3405 2351 Quare

1845 2371 2142 2438 proculcati
2213 2373 2288 2427 illi
2344 2383 2397 2430 et
2437 2377 2618 2432 obtriti
2657 2391 2818 2444 sunt;
2871 2393 2969 2433 nec
3012 2377 3221 2432 veritati
3269 2377 3409 2430 resi-

1843 2469 1986 2514 stere
2013 2469 2320 2528 potuerunt.
2349 2461 2482 2518 Nam
2516 2465 2749 2522 luereses
2777 2483 2968 2522 onmes
3021 2483 3206 2522 revera
3237 2474 3408 2535 portae

1845 2557 1972 2603 sunt
1999 2547 2294 2607 inferorum
2325 2556 2366 2620 ',
2399 2557 2706 2629 quarm
2737 2559 2998 2614 adversus
3039 2567 3240 2628 petram
3265 2557 3400 2611 nilnl

1559 2659 1624 2698 ex
1691 2641 1798 2698 illis
1865 2645 2108 2698 nonnulli
2151 2647 2294 2701 istud
2341 2648 2580 2719 objicere
2628 2651 2894 2706 voluerint
2927 2649 3070 2707 :Nos
3123 2665 3242 2704 eam
3287 2650 3406 2702 thlei

165 2729 461 2788 formulam
483 2772 518 2798 ,.
539 2751 660 2804 qua:
685 2737 738 2791 in
770 2735 985 2792 Nicaena
1023 2737 1234 2808 synodo
1259 2737 1510 2807 exposita
1549 2744 1653 2800 est,
1686 2743 1738 2788 et
1767 2733 1870 2803 ipsi
1901 2737 2241 2804 prolitemur.

238 2851 422 2916 Δεῖξον
447 2851 506 2906 δέ
541 2869 630 2924 μοι
659 2855 752 2908 ἀπ’
793 2857 983 2926 αὐτῆς,
1019 2858 1100 2910 δτι
1135 2859 1194 2910 τὸ
1235 2857 1386 2924 ἅγιον
1433 2855 1656 2925 Πνεῦμα
1688 2853 1745 2905 ἐν

167 2945 234 3012 τῇ
275 2941 488 3015 θεότητι
513 2947 932 3018 ,συναριθμεῖται
952 2965 966 2979 ο
995 2949 1377 3020 εὑρεθήσονται
1417 2949 1508 3000 καὶ
1535 2947 1628 2999 ἀπ’
1656 2947 1718 3001 αἱ

167 3035 268 3104 τῆς
297 3035 661 3108 ἐλεγχόμενοι.
687 3041 761 3093 Oti
783 3040 972 3108 γέγονε
1001 3041 1056 3094 δὲ
1085 3043 1204 3094 τότε
1231 3041 1356 3112 περὶ
1382 3040 1474 3093 τοῦ
1507 3039 1746 3108 Πνεύμα-

167 3131 315 3199 τοςή
343 3127 586 3200 ζήτησις.
619 3131 762 3204 Πρὸς
785 3131 892 3204 γὰρ
932 3133 992 3186 τὸ
1023 3132 1323 3186 ὑποπίπτον
1363 3135 1418 3185 ἐν
1448 3129 1624 3200 καιρῷ
1651 3133 1743 3184 καὶ

1921 2855 2062 2912 Doce
2095 2858 2259 2929 ἱΒίιιιῐ·
2289 2867 2352 2916 ex
2393 2860 2482 2916 illa
2524 2862 2781 2932 Spiritum
2823 2872 3066 2918 sanetum
3115 2862 3167 2914 in
3210 2859 3409 2913 divini-

1847 2953 1958 3001 tate
1977 2950 2254 3003 numerari
2279 2969 2290 3003 :
2316 2951 2478 3006 etiam
2515 2953 2602 3006 illa
2645 2953 2760 3022 ipsa
2790 2951 3130 3006 confessione
3157 2947 3408 3004 refellen-

1848 3047 1954 3092 tnr.
1983 3037 2301 3110 Quanquam
2337 3043 2482 3095 nulla
2510 3053 2620 3096 tum
2662 3043 2728 3098 de
2761 3043 2962 3111 Spiritu
3001 3049 3192 3098 sancto
3237 3039 3414 3092 fuerat

1848 3128 2093 3182 instituta
2127 3130 2375 3198 quaestio.
2411 3131 2622 3201 Quippe
2664 3132 2730 3185 de
2757 3131 2838 3186 his
2863 3145 2982 3199 quae
3011 3129 3239 3200 singulis
3273 3137 3407 3181 tem-

171 3221 350 3293 καιρῷ
375 3225 432 3274 αἱ
462 3223 666 3277 σύνοδοι
695 3223 790 3296 τὴν
813 3225 1110 3294 ἀσφάλειαν
1138 3225 1435 3279 ποιοῦνται.
1475 3225 1624 3276 Ἐπεὶ
1652 3221 1744 3277 οὖν

1851 3222 2074 3287 poribus
2101 3233 2431 3288 occurrunt,
2465 3239 2656 3278 cavere
2683 3223 2876 3293 synodi
2912 3238 2976 3276 ac
3003 3223 3294 3277 decernere
3323 3233 3412 3271 so-

119 3343 122 3346 η
169 3318 198 3368 ὁ
227 3317 446 3388 Ἄρειος
469 3317 548 3380 είς
569 3318 659 3372 τὸν
681 3317 808 3372 Υἱδν
829 3317 928 3390 τὴν
951 3319 1257 3390 δυσφημίαν
1279 3318 1610 3382 ἀπετείνετο,
1629 3317 1748 3369 τού-

171 3423 264 3459 του
293 3407 456 3460 ἕνεκα
487 3407 625 3476 μετά
651 3410 915 3480 περισσῆς
949 3409 1202 3482 διαλογῆς
1230 3409 1484 3480 ἀκρίϐεια
1525 3409 1632 3460 τῶν
1659 3408 1746 3460 λό-

119 3529 122 3532 ~
173 3511 290 3562 γιον
327 3497 642 3569 γεγένηται.
680 3499 821 3571 Ὅρα
864 3500 920 3554 δὲ
963 3501 1057 3554 ἀπ’
1083 3501 1254 3570 αὐτῆς
1291 3501 1387 3570 τῆς
1441 3499 1747 3570 ὁμολογίας,

177 3587 258 3639 ὄτι
283 3587 408 3641 οὔτε
433 3591 500 3641 ὲν
523 3589 694 3662 τούτῳ
721 3590 1107 3663 εύρεθήσονταί
1137 3609 1184 3644 τι
1225 3591 1472 3659 λέγοντες
1506 3591 1554 3643 οἱ
1585 3590 1662 3653 είς
1695 3590 1778 3641 τὸ·

177 3677 406 3749 Πνεῦμα
450 3679 912 3752 βλασφημοῦντες,
961 3684 1008 3735 oi
1055 3682 1500 3753 Πνευματομάχοι
1532 3681 1626 3734 καὶ
1660 3681 1752 3734 ἀλ-

173 3769 376 3842 λᾶτριοι
399 3775 500 3843 τῆς
517 3773 679 3826 αὐτοῦ
700 3773 906 3844 δωρεᾶς
931 3773 1024 3826 καὶ
1053 3774 1358 3842 ἀγιαστίας.
1390 3773 1564 3836 Εὐθὺς
1585 3773 1692 3842 γὰρ
1719 3773 1750 3841 ἡ

177 3861 394 3925 ἕκθεσις
421 3863 692 3932 ὁμολογεῖ,
723 3863 815 3917 καὶ
836 3865 936 3917 οὐκ
957 3865 1218 3936 ἀρνεῖται.
1255 3865 1620 3932 Πιστεὺομεν
1645 3863 1752 3932 γὰρ

176 3957 260 4022 εἰς
293 3955 406 4009 ἕνα
440 3955 590 4010 Θεὸν
639 3957 870 4026 Πατέρα
908 3957 1373 4027 παντοκράτορα.
1426 3956 1500 4009 Τὸ
1542 3956 1620 4022 δὲ,
1651 3959 1752 4009 Πι-

177 4049 499 4116 στεύομεν,
532 4047 628 4118 οὐχ
653 4049 836 4113 ἁπλῶς
865 4035 1102 4121 εἴρηται,
1134 4048 1322 4119 ἀλλάή
1354 4049 1529 4112 πίστις
1563 4051 1641 4112 εἰς
1667 4047 1754 4100 τον

176 4140 332 4192 Θεόν.
363 4140 474 4194 Καὶ
524 4143 611 4206 είς
649 4141 756 4196 ἕνα
789 4143 1010 4210 Κύριον
1053 4141 1296 4208 Ἰησοῦν
1337 4142 1612 4210 Χριστόν.
1643 4141 1754 4208 υὺχ

127 4273 132 4276 -
176 4231 370 4295 ἁπλῶς
405 4227 641 4302 εἴρηται,
692 4231 804 4284 ἀλλ’
829 4233 907 4296 είς
939 4231 1068 4284 Θεὸν
1112 4233 1143 4302 ἡ
1193 4231 1392 4294 πίστις.
1444 4229 1551 4284 Καὶ
1580 4231 1664 4294 είς
1693 4229 1756 4281 τὸ

177 4323 350 4390 ἄτιον
391 4322 660 4392 Πνεῦμα·
716 4327 811 4378 καὶ
855 4324 953 4394 οὐχ
1004 4321 1189 4385 ἁπλῶς
1243 4321 1480 4392 εἴρηται,
1519 4319 1633 4374 ἀλλ’
1677 4321 1756 4382 εἰς

179 4415 312 4482 μίαν
371 4413 678 4482 δοξολογίαν
717 4415 810 4468 καὶ
839 4417 918 4476 εἰς
965 4415 1093 4484 μίαν
1145 4413 1338 4466 ’ἑνωσιν
1385 4411 1634 4481 θεότητος
1665 4410 1757 4463 καὶ

183 4507 314 4576 μίαν
333 4506 746 4576 ὁμοουσιότητα,
771 4509 847 4568 εἰς
873 4506 1001 4577 τρία
1023 4505 1224 4566 τέλεια,
1260 4504 1387 4573 μίαν
1417 4501 1474 4556 δὲ
1503 4501 1754 4570 θεότητα,

1851 3312 1979 3366 lent.
2011 3309 2190 3378 Quare
2229 3329 2352 3368 cum
2384 3314 2546 3369 Arius
2577 3315 2628 3368 in
2673 3313 2868 3367 Filium
2915 3313 3201 3367 maledicta
3237 3310 3412 3376 conji-

1850 3410 2029 3467 ceret,
2067 3414 2347 3475 propterea
2389 3405 2621 3460 uberiori
2650 3405 2882 3476 quadam
2927 3401 3294 3474 disputatione
3328 3415 3414 3453 ar-

1851 3505 2162 3562 gumentum
2205 3496 2332 3550 illttd
2382 3505 2464 3551 est
2501 3497 2909 3552 accuratissime
2961 3501 3272 3548 tractatum.
3315 3490 3415 3545 Ve-

1853 3601 1970 3638 runt
2027 3601 2090 3639 ex
2150 3586 2336 3642 eadem
2400 3585 2520 3640 fidei
2579 3585 2917 3656 professione
2977 3583 3414 3636 animadvertere

1853 3679 2008 3741 licet,
2045 3693 2115 3734 ne
2161 3679 2263 3733 hae
2306 3679 2359 3734 in
2404 3687 2553 3749 parte
2589 3678 2805 3750 quidem
2837 3675 3260 3732 contumeliosus
3293 3673 3417 3726 illos

1853 3771 1906 3823 in
1943 3767 2203 3840 Spiritum
2259 3770 2540 3825 haereticos
2579 3785 2638 3822 ac
2693 3768 2930 3838 Spiritus
2980 3771 3414 3837 oppugnatores,

1853 3869 1906 3916 et
1951 3861 2017 3915 ab
2047 3862 2487 3932 ejus-sanctitate
2523 3879 2586 3916 ae
2644 3861 2801 3914 donis
2843 3860 3071 3920 alienos,
3117 3853 3413 3924 quidquam

1854 3953 2077 4006 omnino
2108 3953 2308 4006 dicere.
2348 3951 2626 4021 Siquidem
2658 3949 2926 4019 expo~itio
2965 3950 3078 4015 ipsa
3131 3945 3414 4026 veritatem

1856 4042 2088 4098 subinde
2121 4041 2425 4112 profitetur,
2457 4057 2558 4096 nec
2591 4047 2766 4110 negat.
2795 4036 3092 4097 Credimus,
3127 4023 3325 4101 inquit;
3366 4031 3418 4081 in

1856 4147 2018 4186 unum
2055 4129 2221 4185 Deum
2261 4130 2478 4186 Patrem
2529 4130 2950 4196 omnipotentem.
2989 4122 3094 4179 Ubi
3141 4138 3242 4176 vox
3277 4120 3417 4183 ista,

1857 4223 2156 4290 Credimus,
2191 4239 2299 4278 non
2345 4221 2666 4291 simpliciter
2699 4217 3012 4287 accipienda
3039 4255 3052 4280 ,
3087 4213 3180 4269 sed
3216 4213 3282 4267 de
3317 4209 3421 4264 fide

1857 4317 1912 4370 in
1957 4313 2123 4370 Deum
2157 4313 2504 4384 intelligenda
2533 4313 2699 4366 venit.
2739 4309 2807 4363 Et
2845 4310 2900 4362 in
2941 4323 3102 4360 unum
3137 4304 3420 4358 Dominum

1857 4405 2038 4461 Jesum
2073 4405 2358 4462 Christum.
2401 4405 2598 4474 Neque-
2624 4405 2726 4458 hoc
2759 4409 3034 4470 utcunque
3062 4397 3292 4458 dictum,
3323 4393 3422 4448 sed

1860 4497 1924 4553 ad
1952 4497 2108 4554 fidem
2134 4499 2186 4553 in
2225 4497 2390 4553 Deum
2422 4496 2786 4552 referendum.
2824 4491 2888 4546 Et
2919 4493 2973 4544 in
2999 4489 3256 4560 Spiritum
3293 4503 3412 4540 san-

185 4595 318 4666 μίαν
345 4593 558 4658 οὐσίαν,
611 4595 736 4664 μίαν
771 4576 1096 4661 δοξολογίαν,
1139 4592 1265 4661 μίαν
1297 4589 1611 4660 κυριότητα,
1647 4588 1746 4640 ἀπὺ

1857 4599 2018 4646 clum.
2042 4591 2196 4658 Quod
2225 4605 2402 4660 neque
2445 4588 2764 4658 simpliciter
2795 4591 3117 4653 usurpatum
3155 4587 3241 4635 est
3273 4617 3286 4640 ,
3323 4576 3422 4631 sed

182 4686 276 4740 τοῦ
305 4687 694 4755 Πιστεύομεν,
719 4687 810 4739 καὶ
836 4685 1219 4753 Πιστεύομεν,
1247 4683 1342 4736 καὶ
1366 4681 1752 4749 Πιστεύομεν.

185 4779 296 4832 Καὶ
315 4777 550 4831 ἐνταῦθα
580 4777 826 4830 διέπεσεν
849 4778 876 4828 ὁ
904 4777 1010 4830 τῶν
1031 4775 1284 4829 τοιούτων
1307 4775 1482 4841 λόγος.
1513 4773 1620 4825 Καὶ
1651 4772 1755 4836 ἕως

137 4886 140 4888 '
187 4869 292 4923 ποῦ
319 4869 546 4940 μηκύνω
573 4869 660 4922 τὸν
685 4867 860 4933 λόγον,
891 4867 1136 4938 ἀρκετῶς
1163 4865 1504 4937 ἡγησάμενος
1525 4867 1632 4928 τοῖς
1659 4865 1754 4935 τὴν

191 4960 446 5031 ἀλήθειαν
479 4959 732 5029 ἀγαπῶσι
790 4960 859 5012 τὰ
916 4958 1055 5012 κατὰ
1095 4958 1296 5010 τούτων
1335 4955 1629 5028 εἰρημένα;
1667 4955 1756 5008 Διὸ

194 5053 574 5123 ὑπερὸήσομαι
599 5053 694 5105 καὶ
706 5051 928 5122 ταύτην,
950 5049 1199 5121 δεόμενος
1212 5048 1346 5102 Θεοῦ
1369 5050 1495 5119 ὑμῖν
1519 5047 1756 5120 συνήθως

197 5142 572 5198 ἀντιλαϐέσθαι
603 5143 736 5214 πρὸς
783 5143 878 5213 τὴν
902 5141 1106 5195 τούτων
1131 5139 1436 5212 ἀνατροπὴν
1463 5140 1716 5193 ἁπάντων
1744 5157 1756 5172 ⁸

197 5235 359 5298 ὃπως,
388 5235 445 5287 ὲν
475 5236 538 5304 τῇ
568 5233 730 5287 αὑτοῦ
767 5233 990 5302 δυνάμει
1013 5231 1073 5285 τὸ
1101 5229 1418 5300 ἐπάγγελμα
1448 5229 1762 5284 τελειώσαν-

199 5341 304 5389 τες,
337 5325 478 5379 κατά
498 5325 674 5380 πάντα
703 5322 849 5394 αὐτῷ
879 5321 1374 5394 εὐχαριστήσωμεν.

1863 4685 1917 4738 in
1951 4698 2114 4737 unam
2149 4681 2586 4754 pradicationem
2625 4694 2686 4731 ac
2715 4676 2940 4748 gloriam
2963 4713 2976 4738 ,
3005 4675 3058 4728 in
3093 4685 3254 4726 unam
3279 4667 3423 4722 divi-

1865 4769 2048 4829 nitatis
2083 4771 2556 4840 conjunctionem,
2593 4769 2646 4822 in
2679 4781 2841 4821 unam
2881 4759 3425 4819 consubstantialita—

1863 4875 2006 4932 tem;
2038 4865 2091 4918 in
2131 4863 2370 4933 perfecta
2405 4862 2530 4924 tria,
2560 4859 2652 4915 sed
2681 4873 2843 4912 unam
2865 4854 3228 4914 divinitatem,
3257 4863 3420 4902 ttnam

1864 4955 2262 5021 substantiam;
2296 4967 2458 5007 unam
2485 4949 2732 5020 gloriam,
2757 4945 3182 5000 dominationem
3213 4953 3377 4991 unam
3405 4950 3418 4984 :
3470 4993 3478 5002 _

1865 5051 2008 5121 quod
2031 5064 2106 5104 eae
2135 5063 2315 5108 voces.
2347 5043 2640 5121 Credimus.
2671 5047 2724 5094 et
2749 5037 3042 5098 Credimus,
3073 5043 3127 5086 et
3149 5029 3421 5121 Credimus

1865 5117 2164 5194 declarant.
2215 5137 2292 5190 Ex
2325 5149 2434 5205 quo
2467 5117 2682 5187 illorum
2714 5129 3028 5184 confutatur
3054 5122 3250 5179 oratio.
3281 5117 3424 5183 Quid

1867 5239 2046 5286 autem
2090 5229 2144 5283 in
2185 5243 2249 5284 ea
2287 5241 2407 5284 sum
2454 5223 2819 5295 disputatione
2866 5217 3100 5288 longior,
3135 5227 3264 5268 cum
3305 5225 3426 5279 quae

1869 5321 2134 5376 adversus
2155 5319 2289 5375 istos
2315 5319 2596 5386 hucusque
2618 5315 2762 5369 dicta
2790 5317 2916 5369 sunt
2940 5305 3187 5363 veritatis
3218 5302 3428 5359 studio-

202 5421 276 5474 sis
322 5421 454 5474 satis
509 5434 632 5475 esse
671 5435 778 5473 non
827 5417 1108 5474 dubitem?
1140 5417 1408 5483 Quocirca
1451 5416 1672 5472 missam
1713 5425 1767 5472 et
1808 5418 1948 5473 hanc
1998 5417 2249 5473 haeresim
2301 5413 2532 5479 faciam,
2584 5419 2639 5467 et
2683 5410 2852 5464 Deum
2910 5403 3197 5477 precabor,
3255 5407 3316 5453 ut
3359 5397 3425 5450 ad

201 5524 384 5565 omnes
416 5509 684 5578 ejusmodi
721 5509 1085 5580 prolligandas
1130 5522 1285 5578 opem
1325 5508 1480 5562 nobis
1535 5507 1742 5573 alierat,
1785 5517 1842 5564 ut
1877 5509 2019 5567 illius
2055 5509 2254 5564 virtute
2307 5507 2428 5561 freti
2482 5504 2624 5576 quod
2687 5499 3030 5572 suscepimus
3098 5491 3326 5564 exsequi
3371 5495 3428 5546 ct

205 5601 258 5656 in
291 5603 542 5659 omnibus
587 5603 794 5674 gratias
822 5601 1020 5656 habere
1053 5601 1346 5668 possimus.

281 5719 297 5748 ³
327 5718 514 5774 Matth.
594 5733 695 5784 ιιι,
733 5719 814 5773 32.
898 5721 915 5750 ‘
953 5717 1134 5772 Matth.
1171 5734 1278 5783 xw,
1321 5716 1403 5771 18.
