3798 6212
821 347 1186 405 ADVERSUS
1213 350 1500 413 AERIUM,

775 462 1008 519 [heresis
1053 464 1173 531 LV,
1211 469 1316 522 sive
1337 466 1486 520 LXX
1505 467 1562 521 V.

457 569 496 625 Ι.
537 569 732 626 Acrius
757 571 980 642 quidam
1020 574 1222 646 ingenti
1254 576 1477 644 perinde
1496 576 1694 630 damno
1721 578 1773 630 in
1804 592 1961 630 mun—

387 660 520 715 dum
576 662 921 720 introductus
979 673 1083 730 cst,
1125 666 1283 722 furiis
1329 667 1655 736 quibusdam
1701 672 1962 740 percitus,

387 761 442 806 et
496 755 784 811 insolentia
821 758 1079 827 majorem
1128 759 1180 812 in
1234 759 1455 815 modmn
1505 761 1699 816 elatus.
1753 761 1962 817 Etenim

389 846 624 902 haeresis.
669 848 848 904 omnis
900 849 1138 919 pessimo
1203 865 1266 905 ex
1323 866 1535 918 eorum,
1577 854 1667 922 qui
1700 853 1769 909 ab
1810 854 1967 908 initio

390 950 564 1005 usque
590 936 654 991 ad
699 939 856 992 linem
891 939 1238 1003 exstiterunt,
1261 941 1491 996 consilio
1520 941 1681 1012 905
1710 943 1967 1013 profectae

389 1034 539 1094 sunt,
594 1028 708 1082 sive
747 1028 868 1083 illos
913 1029 1099 1098 gloriae
1153 1031 1445 1100 cupiditas,
1507 1042 1600 1086 aut
1627 1036 1964 1104 arrogantia.

389 1119 507 1170 sive
544 1117 883 1187 voluptatum
915 1119 1103 1180 libido.
1129 1120 1245 1176 sive
1274 1121 1506 1176 aliorum
1532 1123 1825 1190 aemulatio,
1857 1125 1971 1181 sive

390 1209 686 1265 commotio
727 1212 973 1280 quaedam
1015 1213 1206 1277 animi,
1249 1221 1342 1268 aut
1374 1215 1967 1288 temeritasimpulerit.

391 1298 431 1350 Α
459 1297 675 1354 diabolo
697 1316 860 1371 porro
889 1303 1070 1361 omnis
1105 1305 1194 1360 illa
1239 1313 1323 1361 est
1355 1305 1558 1360 inﬂicta
1600 1309 1837 1376 caecitas,
1863 1325 1969 1364 non

390 1386 537 1455 quod
568 1387 657 1442 hic
687 1388 915 1444 invitum
972 1406 1036 1448 ac
1071 1394 1345 1449 nolentem
1377 1393 1630 1466 decipere
1659 1399 1967 1469 quempiam

392 1479 601 1547 possit,
645 1481 738 1537 sed
776 1483 920 1553 quod
973 1487 1353 1559 unusquisque
1399 1491 1609 1560 peccati
1656 1491 1758 1545 sibi
1807 1505 1972 1546 causa

392 1576 556 1640 atque
585 1580 777 1628 auctor
824 1576 916 1640 sit,
953 1576 1020 1631 Ut
1050 1579 1141 1649 qui
1179 1581 1388 1649 probati
1412 1591 1553 1647 sunt,
1581 1581 1774 1652 inquit,
1805 1584 1975 1636 mani-

393 1663 513 1730 festi
534 1665 870 1720 reddantur‘.
893 1668 1086 1726 Acrius
1104 1670 1206 1726 iste
1225 1687 1350 1728 vero
1369 1672 1436 1727 ad
1459 1672 1780 1727 hodiernum
1801 1688 1974 1744 usque

393 1759 610 1822 tempus
667 1766 937 1825 superest,
996 1765 1188 1830 estque
1237 1768 1388 1816 secta
1442 1761 1661 1832 penitus
1711 1761 1967 1818 Arianus.

1860 239 1912 292 S.
1948 234 2283 292 EPII’IIANII

3546 237 3651 295 ξιυι

2606 354 2791 408 ΚΑΤΑ
2830 355 3104 417 ΛΕΡΙΟΥ,
3144 414 3150 419 ,

2592 469 2702 520 NE'
2760 469 2796 536 τ’,
2853 467 2947 520 καὶ
2999 469 3126 520 οεν.

2134 576 2208 630 A'.
2231 576 2436 646 ’Δέριός
2456 593 2540 641 τις
2570 577 2730 633 πάλιν
2756 577 3020 640 ὡσαύτως
3043 575 3120 646 τῷ
3145 577 3335 648 κόσμῳ
3363 579 3655 647 γεγένηται

2072 666 2214 736 μέγα
2244 665 2432 730 κακον,
2464 667 2855 738 ἐμὸροντηθεὶς
2883 670 2983 738 τὴν
3032 669 3262 733 ἔννοιαν,
3297 669 3558 740 ἐπαρθεὶς
3596 671 3654 720 τι

2071 758 2343 828 φρόνημα.
2391 759 2578 812 Πᾶσαν
2607 758 2716 828 γάρ
2760 758 2977 829 αἵρεσις
3006 759 3338 813 κακοδουλία
3369 761 3476 813 τῶν
3504 778 3657 828 γενο-

2074 849 2249 918 μένων
2289 851 2384 903 ἀπ’
2416 849 2591 921 ἀρχῆς
2621 850 2747 922 ἄχρι
2786 849 3033 921 τέλους’ῆ
3082 851 3392 918 κενοδοξίας
3417 853 3450 921 ἦ
3480 854 3656 921 ἐπάρ-

2074 957 2210 1003 σεως
2235 940 2407 994 ταῦτα
2455 939 2748 1010 εἰργάσατο
2802 942 2836 1012 ἢ
2872 940 3169 1012 ἐπιθυμίας
3199 941 3395 1014 ὄρεξις,
3428 944 3461 1014 ἢ
3494 943 3659 1012 ζῆλος

2073 1029 2208 1101 πρὸς
2242 1033 2366 1096 τοὺς
2395 1031 2580 1097 πέλας,
2615 1033 2649 1102 ἢ
2679 1031 3049 1104 παροξυσμὸς,
3081 1033 3115 1104 ἦ
3148 1035 3470 1104 προπέτεια.
3505 1035 3585 1086 Τὸ
3607 1035 3662 1087 δὲ

2073 1123 2180 1174 πᾶν
2203 1123 2267 1174 ἐκ
2295 1122 2539 1176 διαϐόλου
2566 1126 2598 1193 ή
2627 1123 2918 1192 τύφλωσις,
2948 1125 3009 1177 ού
3039 1125 3133 1178 τοῦ
3167 1125 3415 1178 διαϐόλου
3448 1125 3663 1195 ἰσχύον-

2072 1229 2162 1276 τος
2189 1213 2402 1284 ἀπατᾷν
2422 1213 2514 1267 τὸν
2551 1214 2625 1285 μὴ
2664 1213 3006 1286 βουλόμενον,
3046 1215 3180 1268 ἀλλά
3206 1216 3442 1269 ἑκάστου
3479 1215 3662 1285 ἑαυτῴ

2075 1305 2363 1377 παραιτίου
2398 1306 2686 1376 γινομένου
2734 1307 2834 1377 τῆς
2869 1307 2997 1378 περὶ
3037 1307 3136 1377 τὴν
3171 1308 3450 1378 ἁμαρτίαν
3493 1309 3662 1378 ἐρταο

2076 1398 2214 1462 σίας,
2233 1397 2376 1460 Ἵνα,
2410 1396 2594 1468 φησὶν,
2613 1398 2668 1451 ol
2695 1395 2925 1466 δόκιμοι
2951 1397 3194 1466 φανεροὶ
3215 1398 3522 1467 γένωνται.
3555 1393 3660 1451 Οἶδα

2072 1503 2164 1550 τος
2183 1487 2212 1539 6
2256 1487 2462 1558 ’Λέριος
2497 1484 2576 1539 ἔτι
2598 1487 2691 1539 καὶ¹
2719 1485 2879 1558 δεῦρο
2905 1485 2972 1559 ζῇ
3003 1488 3059 1539 ἐν
3087 1489 3269 1558 σαρκὶ,
3299 1488 3393 1542 καὶ
3415 1489 3660 1558 περίεστι

2073 1577 2151 1648 τῷ
2177 1577 2295 1648 βίῳ,
2336 1576 2610 1648 Ἀρειανδς
2634 1577 2730 1648 μὲν
2763 1577 2825 1630 τὸ
2845 1579 2975 1632 πᾶν.
3002 1577 3211 1642 Ἄλλως
3247 1577 3358 1649 γὰρ
3380 1580 3443 1632 ού
3475 1584 3664 1648 φρονεῖ

2073 1669 2186 1723 ἀλλ’
2209 1668 2284 1732 ὡς
2305 1669 2542 1741 Ἄρειος,
2572 1669 2664 1721 καὶ
2687 1667 2766 1721 ἔτι
2796 1654 3051 1722 ἐπέκεινα
3077 1668 3343 1739 μειζόνως
3361 1670 3432 1724 τά
3454 1671 3663 1741 Ἀρείου

2077 1761 2437 1831 ἐπιζητήσας,
2487 1760 2810 1831 ὠξυμμένος
2862 1776 2923 1813 τε
2963 1760 3063 1830 τὴν
3105 1759 3373 1828 γλῶτταν,
3425 1760 3519 1812 καὶ
3583 1760 3663 1824 ἐξ-

392 1841 580 1913 Neque
636 1846 781 1901 enim
827 1849 985 1906 aliter
1039 1858 1203 1922 atque
1254 1852 1356 1907 iste
1403 1854 1568 1908 sentit
1599 1869 1612 1904 :
1649 1854 1761 1909 imo
1807 1854 1966 1908 etiam

2096 1852 2416 1924 υπλισμένος
2436 1852 2493 1905 ἐν
2519 1851 2753 1922 χείλεσιν
2769 1853 2828 1905 ἐν
2847 1852 3020 1922 τούτῳ
3039 1851 3118 1922 τῷ
3145 1851 3209 1922 μέ
3221 1868 3323 1922 ρει,
3349 1852 3498 1915 ὅπως
3529 1850 3665 1917 ἐξελ-

391 1936 584 1990 Arium
626 1929 806 2008 ipsum
853 1940 1166 2012 dogmatum
1217 1945 1458 2001 novitate
1490 1947 1782 2017 superavit.
1828 1947 1971 2012 Quin

395 2027 575 2082 hacin
625 2039 779 2099 parte
816 2031 1056 2103 linguam
1088 2049 1243 2089 suam
1304 2036 1624 2107 procudisse
1693 2047 1746 2093 et
1797 2039 1860 2091 ad
1892 2039 1974 2092 di-

395 2123 629 2179 cendum
680 2135 962 2196 promptus
999 2142 1122 2182 esse
1151 2128 1384 2195 videtur,
1419 2139 1476 2184 ut
1500 2130 1847 2202 deceptorum
1877 2132 1974 2185 bo-

397 2217 606 2271 minum
634 2210 935 2272 exercitum
986 2233 1304 2289 eorumque,
1333 2220 1533 2290 quibus
1567 2233 1619 2274 et
1659 2236 1818 2274 aures
1848 2236 1975 2291 pru:

398 2308 549 2362 riunt
583 2310 626 2371 ',
652 2315 704 2364 et
732 2309 948 2365 animus
979 2310 1223 2367 vanitate
1254 2313 1674 2384 arrugantiaque
1706 2313 1975 2370 distentus

397 2409 501 2465 est,
530 2401 929 2458 multitudinem
951 2401 1018 2457 ad
1050 2417 1172 2459 sese
1200 2403 1458 2474 pelliciat.
1491 2404 1696 2460 Etenim
1727 2421 1974 2477 magnam

397 2499 450 2544 et
504 2491 594 2548 ille
647 2508 866 2564 quoque
919 2509 1186 2565 nugarum
1218 2511 1282 2551 ac
1317 2496 1626 2552 fabularum
1673 2497 1884 2567 copiam
1921 2498 1975 2552 in

401 2584 700 2639 humanum
736 2602 911 2656 genus
943 2587 1166 2642 invexit.
1203 2587 1334 2654 Quae
1369 2589 1585 2643 tametsi
1619 2587 1979 2657 prudentiori-

400 2675 504 2730 bus
555 2676 786 2731 ridicula
836 2677 1106 2743 videatur,
1170 2679 1528 2734 nihilominus
1570 2679 1845 2749 plerisque
1883 2693 1979 2749 per

397 2765 546 2819 illam
610 2765 870 2836 imposuit
919 2776 974 2822 et
1040 2771 1095 2822 in
1154 2783 1395 2824 errorem
1440 2768 1689 2822 abduxit.
1734 2766 1860 2822 Fuit
1891 2768 1979 2824 hic

396 2853 669 2908 Eustathii
737 2854 999 2912 Sebastize
1028 2857 1268 2928 episcopi
1293 2863 1436 2928 (qua:
1472 2866 1557 2913 est
1594 2857 1650 2912 in
1677 2858 1833 2913 Ponti
1889 2875 1978 2915 rc-

397 2948 560 3016 gione
605 2949 721 3004 sive
769 2949 1002 3005 minoris
1045 2948 1337 3019 Armeniae)
1365 2949 1590 3005 sodalis.
1632 2949 1808 3004 Ambo
1832 2951 1976 3005 enim

399 3042 766 3094 uumasticum
811 3039 939 3095 vitae
971 3055 1145 3110 genus
1177 3040 1410 3110 amplexi
1445 3049 1594 3096 sunt.
1622 3039 1758 3095 Cum
1795 3049 1974 3096 autem

400 3128 720 3185 Eustathius
778 3130 844 3184 ad
877 3131 1252 3200 episcopatqu
1293 3139 1438 3184 esset
1469 3138 1714 3193 evectus,
1760 3129 1977 3193 Acrius,

2081 1944 2222 2015 κύσῃ
2246 1945 2324 2017 είς
2356 1943 2545 1997 ἑαυτὸν
2577 1942 2926 2015 ἠπατημένον
2955 1943 3183 2014 στρατὸν
3205 1942 3298 1997 καὶ
3324 1942 3535 2014 πληθὺν
3563 1942 3665 1994 τῶν

2081 2037 2166 2090 ἀεὶ
2197 2035 2298 2098 τὰς
2323 2035 2492 2098 ἀκοὰς
2516 2034 3020 2107 γαργαλιζομένων,
3043 2034 3138 2088 καὶ
3161 2033 3260 2105 τὴν
3281 2033 3523 2088 διάνοιαν
3547 2034 3667 2086 ὑπο-

2081 2125 2431 2197 χαλωμένων.
2457 2127 2566 2179 Καὶ
2585 2125 2691 2196 γὰρ
2716 2126 2809 2178 καὶ
2831 2125 2995 2188 αὐτὸς
3019 2124 3096 2195 τῷ
3125 2125 3223 2195 βίῳ
3242 2124 3522 2196 ἐφεύρατό
3551 2140 3665 2176 τινα

2087 2221 2328 2290 μεγάλην
2354 2218 2574 2290 μυθώδη
2607 2216 2933 2282 κενοδοξίαν,
2967 2216 3175 2286 γελοῖον
3207 2217 3306 2287 μὲν
3339 2214 3666 2286 ἐμποιοῦσαν

2081 2315 2194 2376 τοῖς
2219 2313 2505 2384 ἔμφροσιν,
2540 2311 2690 2380 ὅμως
2714 2309 2800 2363 διὰ
2823 2309 3012 2362 τούτου
3041 2308 3273 2372 πολλοὺς
3305 2310 3558 2379 ὴπάτησε
3582 2312 3670 2360 καὶ

2084 2402 2469 2474 παρείλκυσεν.
2507 2395 2674 2464 Οὗτος
2719 2400 2928 2470 γίνεται
2972 2397 3341 2470 συσχολαστὴς
3374 2398 3666 2452 Εύσταθίοσ

2085 2495 2377 2550 Σεϐαστίου
2403 2493 2495 2548 τοῦ
2530 2493 2628 2564 τῆς
2655 2491 2984 2555 Σεϐαστείας
3011 2490 3212 2543 Πόντου
3242 2505 3301 2542 τε
3332 2488 3668 2560 καλουμένης

2087 2587 2288 2659 χώρας,
2331 2587 2449 2658 ἦτοι
2507 2587 2710 2656 μικρᾶς
2745 2583 3076 2655 -Ἀρμενίας.
3137 2579 3306 2652 ’ομοὖ
3362 2581 3473 2652 γὰρ
3535 2575 3670 2652 ἦσαν

2086 2679 2379 2742 ἀσκοῦντες
2408 2679 2436 2731 ὃ
2456 2695 2514 2731 τε
2539 2676 2936 2748 προειρημένος
2958 2672 3257 2737 Εὑστάθιος
3275 2674 3371 2726 καὶ
3390 2675 3419 2726 6
3446 2673 3666 2744 ’Aéptog.

2088 2769 2216 2824 Ὅτε
2244 2768 2300 2821 δὲ
2322 2769 2350 2821 6
2379 2765 2674 2828 Εὑστάθιος
2693 2761 2858 2836 ἦλθεν
2881 2764 2960 2828 είς
2987 2762 3085 2834 τὴν
3108 2761 3436 2834 ἐπισκοπὴν,
3473 2763 3670 2824 ἐκεῖνος

2090 2860 2290 2930 μᾶλλον
2325 2858 2612 2930 ἐπεθύμει,
2649 2856 2763 2912 ἀλλ’
2795 2856 2896 2910 οὐκ
2941 2854 3179 2924 ἔφθασεν
3216 2854 3297 2916 είς
3340 2852 3520 2908 τοῦτο.
3564 2853 3670 2904 Ἐν-

2087 2951 2276 3006 τεῦθεν
2303 2950 2464 3022 ζῆλος
2494 2949 2724 3020 γίνεται.
2766 2947 2970 3000 Ἐδόκει
2997 2945 3055 2999 δὲ
3090 2945 3488 3016 προσλιπαρεῖν
3521 2946 3552 2997 6
3578 2943 3670 2996 Εὐ-

2091 3043 2308 3105 στάθιος
2338 3043 2430 3095 τὸν
2458 3041 2688 3112 Ἀέρων.
2723 3038 2932 3092 Λύτίκα
2961 3036 3189 3110 ὕστερον
3220 3037 3456 3108 καθιστᾷ
3490 3035 3668 3090 τοῦτον

2091 3133 2490 3206 πρεσϐύτερον,
2536 3132 2597 3185 τό
2643 3149 2702 3185 τε
2757 3129 3084 3200 ξενοδοχεῖον
3129 3128 3279 3199 αὐτῷ
3326 3128 3660 3198 ὲμπιστεύει,

398 3219 500 3273 etsi
535 3220 588 3274 id
618 3235 950 3290 magnopere
979 3229 1223 3292 cuperet,
1251 3237 1314 3275 eo
1344 3228 1522 3274 tamen
1558 3221 1841 3291 pervenire
1866 3235 1966 3275 non

2096 3192 2218 3297 Βπερ
2240 3226 2297 3277 ἐν
2320 3192 2395 3294 cii)
2413 3192 2598 3294 Πόντῳ
2616 3192 2860 3278 καλεῖται
2882 3192 2992 3292 (ἦ)
3013 3237 3226 3289 πτωχοτ
3235 3192 3470 3292 ροφεψίον.
3488 3219 3667 3274 Τοιαῦ-

401 3311 594 3379 potuit.
655 3309 796 3366 llinc
847 3311 1102 3366 simultas
1143 3327 1210 3366 ex
1249 3311 1598 3366 acnmlatione
1632 3309 1887 3365 conﬂata.
1915 3311 1966 3366 Et

2096 3332 2146 3370 τα
2178 3315 2286 3387 γάρ
2333 3332 2455 3370 τινα
2483 3314 2953 3376 κατασκευάζουσι
3003 3314 3144 3368 κατά
3195 3313 3538 3382 φιλοξενίαν·
3583 3317 3668 3368 καὶ

401 3402 619 3472 quidem
679 3401 997 3459 Eustathius
1050 3403 1213 3458 Aerio
1268 3402 1565 3473 plurimum
1617 3401 1899 3474 indulgere
1929 3416 1966 3455 e1

2096 3409 2204 3471 τοὺς
2233 3406 2644 3478 λελωϐημένους
2674 3407 2770 3461 καὶ
2803 3405 3096 3468 ἀδυνάτους
3121 3406 3231 3477 (75)
3260 3408 3441 3459 ἐκεῖσε
3467 3405 3668 3459 ποιοῦν-

401 3496 656 3552 addiclus
681 3511 804 3553 esse
833 3497 984 3552 visus
1021 3507 1122 3552 est.
1151 3495 1284 3549 Nam
1319 3506 1373 3550 et
1429 3495 1810 3566 presbyterum
1839 3495 1966 3550 hum

2096 3517 2182 3563 τες
2214 3501 2562 3572 καταμένειν,
2599 3497 2991 3570 ἐπιχορηγοῦσι
3037 3498 3180 3552 κατά
3216 3497 3448 3569 δύναμιν
3493 3501 3541 3551 οἱ
3571 3498 3666 3549 τῶν

401 3594 594 3654 postea
627 3587 853 3651 creavit,
887 3587 1300 3649 etxenodochii,
1336 3586 1480 3656 quod
1513 3585 1966 3657 ptochotropbiun

2103 3591 2441 3663 Ἐκκλησιῶν
2476 3591 2800 3663 προστάται.

401 3675 462 3739 in
501 3681 674 3736 Ponto
719 3691 966 3747 vocatur,
1012 3697 1200 3736 curam
1252 3683 1302 3736 ei
1340 3682 1634 3737 commisit.
1688 3681 1971 3752 Ejusmodi
2017 3689 2217 3759 quippe
2269 3689 2548 3744 domicilia
2603 3704 2714 3758 prae
2763 3703 2950 3744 amore
3008 3702 3138 3759 erga
3193 3687 3440 3758 hospites
3480 3687 3548 3740 ab
3579 3685 3665 3737 Ec-

403 3775 698 3831 clesiarum
735 3773 1074 3829 antistitibus
1111 3772 1338 3828 excitari
1391 3773 1602 3838 solent;
1647 3773 1703 3827 in
1753 3773 1954 3844 quibus
1989 3780 2275 3844 mutilatos
2329 3789 2383 3835 et
2425 3779 2726 3835 imbecillos
2782 3779 3074 3841 collocant,
3130 3778 3309 3849 iisque
3365 3778 3432 3830 ad
3475 3777 3664 3828 vit-tum

403 3867 718 3922 necessaria
743 3880 842 3935 pro
876 3865 1019 3918 virili
1061 3862 1433 3936 suppeditant.
2116 3855 2121 3860 ’

477 3957 540 4014 ll.
574 3957 680 4014 Sed
715 3974 840 4012 eum
877 3958 1086 4013 nullum
1122 3957 1482 4014 succensendi
1513 3958 1735 4013 modum
1787 3957 1965 4015 facere

2159 3957 2234 4013 B'.
2286 3956 2439 4012 Ἐπεὶ
2467 3952 2562 4010 οὖν
2591 3959 2624 4026 ἠ
2661 3955 2824 4028 μῆνις
2852 3956 2946 4011 ἀπ’
2971 3953 3236 4010 αὐτοῦιού
3269 3955 3528 4020 aratum,
3551 3956 3659 4009 καθ’

403 4052 619 4115 Acrius,
671 4051 803 4106 rixa:
859 4065 924 4105 ac
956 4049 1136 4123 jurgia
1185 4051 1238 4106 in
1296 4051 1414 4108 dies
1469 4052 1873 4123 ingravescere,
1914 4074 1966 4115 ac

2096 4049 2328 4120 ἑκάστην
2372 4049 2584 4120 ἡμέραν
2625 4046 2860 4119 ηὔξανον
2905 4048 2955 4101 οἱ
2997 4047 3168 4114 λόγοι,
3216 4047 3310 4100 καὶ
3350 4046 3657 4116 προέϐαινεν

402 4152 608 4199 mutuae
645 4141 952 4197 sinmltates
982 4143 1189 4212 augeri.
1230 4141 1312 4196 Ad
1364 4141 1480 4198 haec
1515 4143 1736 4212 pessimi
1767 4143 1966 4213 quidau

2096 4141 2358 4211 ἂναμέσον
2394 4139 2573 4194 αύτῶν
2607 4142 2633 4191 6
2674 4138 2854 4208 ζῆλος,
2901 4139 3048 4205 λόγοι
3091 4155 3149 4190 τε
3187 4138 3288 4190 οὐκ
3332 4137 3527 4205 ἀγαθοὶ
3579 4137 3656 4190 καὶ

402 4249 654 4290 rumores
679 4243 728 4288 et
757 4233 1043 4287 calumniae
1072 4233 1336 4288 adversus
1362 4232 1707 4288 Eustathium
1739 4235 1808 4293 ab
1827 4234 1966 4288 Aet‘lt

2096 4233 2328 4288 Βιαόολαὶ
2369 4232 2474 4285 ὑπὸ
2505 4231 2598 4284 τοῦ
2630 4231 2840 4303 Ἀερὶου
2883 4230 3026 4284 κατὰ
3066 4227 3368 4282 Εὐσταθὶου
3416 4229 3652 4298 ἐγίνοντο.

407 4325 609 4395 spargi.
656 4321 876 4378 Interim
925 4321 1246 4378 Eustathius
1273 4322 1568 4394 episcopus
1597 4333 1884 4380 evocatum
1917 4324 1985 4378 ad

2098 4325 2155 4378 Ὀ
2175 4324 2230 4378 δὲ
2255 4324 2552 4388 ἐπίσκοπος
2584 4323 2903 4386 Εὑστάθιος,
2940 4320 3416 4392 μετακαλούμενος
3440 4321 3531 4372 τὸν
3558 4321 3656 4375 Ἀέ-

411 4429 532 4467 sese
561 4412 785 4467 Aerium
810 4411 1072 4475 mulcere,
1101 4411 1405 4476 adhortari,
1435 4413 1956 4477 eomminari,irasci

2096 4432 2225 4485 ριον,
2263 4413 2528 4478 ἐθώπευε,
2565 4415 2821 4485 παρῄνει.
2853 4414 3066 4484 ἠπείλει
3092 4454 3107 4475 ,
3154 4414 3507 4483 ἐνεδριμᾶτο,
3538 4430 3656 4481 παρ-

411 4503 741 4573 supplicarc,
792 4517 967 4571 neque
999 4503 1295 4571 quidquam
1322 4512 1501 4557 tamen
1549 4503 1635 4557 bis
1671 4504 1834 4558 rebus
1868 4502 1983 4558 elli-

410 4610 554 4648 eerc.
592 4591 725 4645 Nam
774 4592 920 4662 quod
959 4592 1029 4647 ab
1055 4593 1212 4648 initio
1238 4595 1599 4649 constitutum
1635 4595 1981 4649 inchoatum-

405 4701 514 4756 que
550 4684 750 4749 fuerat,
781 4683 1056 4754 ingentem
1093 4689 1151 4742 in
1183 4685 1308 4738 mali
1345 4686 1452 4738 vim
1476 4685 1674 4755 erupit.
1705 4684 1986 4756 Postremo

403 4779 596 4835 relicto
624 4778 995 4833 mendicorum
1026 4777 1264 4847 hospitio
1286 4777 1516 4831 discedit
1540 4778 1754 4833 Acrius.
1781 4777 1901 4844 Quo
1920 4794 1984 4832 ex

406 4879 652 4940 tempore
679 4870 734 4924 in
757 4883 972 4922 omnem
996 4867 1339 4922 occasionem
1371 4867 1612 4922 intentus
1640 4867 1805 4939 906
1839 4867 1986 4922 velut

404 4962 499 5030 qui
541 4961 755 5018 hostem
809 4960 1120 5030 opprimere
1169 4974 1233 5013 ac
1298 4959 1422 5012 telis
1476 4971 1730 5028 appetere
1776 4960 1983 5022 studet,

404 5054 662 5111 versabat
694 5071 754 5110 se
787 5055 841 5107 in
876 5068 1068 5108 omnes
1099 5059 1280 5120 partes
1312 5064 1366 5108 ct
1391 5051 1533 5121 apud
1563 5067 1753 5108 omnes
1775 5053 1991 5106 calum-

403 5151 556 5204 niose
606 5147 864 5216 deinceps
921 5143 1208 5200 Eustathio
1259 5142 1554 5197 detrahens
1591 5141 1745 5200 :Non
1793 5143 1840 5200 is
1877 5150 1988 5208 est,

474 5307 491 5338 ¹
522 5306 540 5362 l
573 5307 699 5360 Cor.
741 5322 816 5364 τι.
842 5306 924 5357 υ).
1005 5302 1245 5356 ’llTim.
1287 5320 1357 5364 Iv,
1390 5305 1439 5353 3.
1521 5302 1540 5332 ³
1577 5299 1634 5353 F.
1665 5300 1809 5354 τινά.

471 5464 584 5532 (7:2)
623 5444 804 5527 Ὅίτερ
833 5462 901 5515 ἐν
930 5460 1009 5526 τῷ
1040 5461 1242 5524 Πόντῳ
1277 5478 1308 5511 ac
1333 5458 1558 5532 Lirim].
1580 5456 1707 5509 Vide
1737 5453 1972 5532 Nazian-

404 5525 523 5601 aeui
558 5525 853 5601 elegantem
897 5525 1040 5583 illam
1078 5540 1216 5583 urat.
1271 5530 1409 5594 Περὶ
1457 5525 1886 5595 φιλοπτωχίας.
1918 5534 1971 5578 et

403 5600 602 5658 Macta:
625 5600 690 5653 ad
718 5616 833 5652 eam
861 5602 1128 5653 scimlinn.

479 5669 590 5738 (Ἶῦ)
629 5672 734 5723 Καὶ
777 5673 914 5734 τοὺς
958 5666 1408 5735 λειοὲημὲνους
1445 5665 1540 5720 καὶ
1583 5664 1939 5730 ἀδυνάτους.

2090 4503 2292 4568 εκάλει,
2320 4505 2411 4558 καὶ
2439 4504 2588 4558 οὐδὲν
2627 4503 2777 4572 ἤνυε.
2798 4504 2872 4557 Τὸ
2901 4505 3009 4575 γὰρ
3040 4502 3106 4568 ἐξ
3127 4503 3304 4575 ἀρχῆς
3339 4503 3655 4573 καταϐληθὲν

2092 4598 2170 4658 εἰς
2201 4597 2342 4666 μέγα
2371 4596 2540 4650 κακὸν
2574 4595 2633 4648 τὸ
2665 4595 2825 4665 ἔργον
2862 4594 3083 4665 ἤλαυνε.
3136 4595 3319 4664 Πέρας
3352 4592 3484 4661 γοῦν
3512 4609 3655 4645 κατα-

2092 4686 2266 4741 λιπὼν
2299 4688 2359 4740 τὸ
2384 4688 2821 4758 πτωχοτροςρεῖον
2848 4688 2876 4738 ὁ
2915 4686 3125 4757 ’Λέριος
3159 4684 3527 4755 ἀνεχώρησεν.
3555 4684 3653 4736 Ἐν-

2093 4779 2282 4832 τεῦθεν
2306 4782 2405 4849 τὴν
2437 4780 2729 4851 πρόφασιν,
2755 4778 2944 4849 ὥσπερ
2967 4778 3108 4831 κατά
3135 4775 3330 4847 ἐχθροῦ
3362 4775 3652 4844 βουλόμενός

2093 4887 2177 4932 τις
2209 4870 2226 4900 ³
2257 4871 2458 4940 εὑρεῖν,
2496 4871 2528 4938 ἢ
2565 4870 2707 4923 κατά
2756 4869 3017 4940 πολεμίου
3066 4871 3356 4938 ἐπαφεῖναι
3384 4867 3548 4937 βέλος,
3579 4867 3651 4918 ἀν-

2095 4961 2327 5032 ηρεύνα·
2385 4961 2479 5014 καὶ
2505 4961 2690 5014 λοιπὸν
2735 4963 2870 5014 πᾶσι
2912 4959 3215 5015 διαϐάλλων
3257 4959 3350 5012 τὸν
3384 4955 3651 5013 Εὑστάθιιιν

2097 5053 2312 5121 ἔλεγεν·
2370 5055 2564 5107 Οὐκέτι
2623 5051 2861 5116 τοιοῦτος
2897 5053 3162 5123 ὑπάρχει·
3200 5051 3318 5104 ἀλλ’
3362 5050 3560 5102 ἔκλινεν
3587 5050 3650 5107 εὶς

2099 5144 2398 5216 χρημάτων
2448 5141 2768 5213 συναγωγὴν
2844 5143 2934 5195 καὶ
3007 5145 3084 5204 εἰς
3143 5143 3338 5209 κτῆσιν
3399 5137 3642 5193 παντοίαν.

2082 5451 2307 5523 ΡιὊῃνίθ
2342 5454 2636 5523 ἀδυνάτους
2681 5448 2958 5520 appellant
3001 5449 3312 5523 causaries.
3347 5439 3640 5523 Videmllar-

2080 5522 2448 5593 pocrationem
2517 5533 2569 5578 et
2616 5522 2839 5592 Lysiam
2910 5526 3050 5573 orat.

2080 5613 2207 5648 του.

3134 5518 3267 5584 ,τείὶ
3315 5515 3417 5568 τεῦ
3453 5511 3542 5567 ἀει.
3556 5507 3637 5563 rd-
