  <div class='ocr_page' id='page_1' title='image "/cluster/home/n/w/nwhite01/storage/ocr_20150623/42/hvd.32044011752995/252.png"; bbox 0 0 3798 6212; ppageno 0'>
   <div class='ocr_carea' id='block_1_1' title="bbox 93 301 206 360">
    <p class='ocr_par' dir='ltr' id='par_1_1' title="bbox 93 301 206 360">
     <span class='ocr_line' id='line_1_1' title="bbox 93 301 206 360; baseline -0.018 0"><span class='ocrx_word' id='word_1_1' title='bbox 93 301 206 360; x_wconf 77' lang='lat'><strong>505</strong></span> 
     </span>
    </p>
   </div>
   <div class='ocr_carea' id='block_1_2' title="bbox 793 312 1659 382">
    <p class='ocr_par' dir='ltr' id='par_1_2' title="bbox 793 312 1659 372">
     <span class='ocr_line' id='line_1_2' title="bbox 793 312 1659 372; baseline 0.009 -8"><span class='ocrx_word' id='word_1_2' title='bbox 793 312 1165 370; x_wconf 75' lang='lat' dir='ltr'><strong>ADVERSUS</strong></span> <span class='ocrx_word' id='word_1_3' title='bbox 1207 313 1548 372; x_wconf 68' lang='lat' dir='ltr'><strong>&quot;IERESES</strong></span> <span class='ocrx_word' id='word_1_4' title='bbox 1585 317 1659 372; x_wconf 72' lang='grc' dir='ltr'>ιι]</span> 
     </span>
    </p>
   </div>
   <div class='ocr_carea' id='block_1_3' title="bbox 1789 312 2776 382">
    <p class='ocr_par' dir='ltr' id='par_1_3' title="bbox 1789 317 2776 382">
     <span class='ocr_line' id='line_1_3' title="bbox 1789 317 2776 382; baseline 0.01 -10"><span class='ocrx_word' id='word_1_5' title='bbox 1789 317 1843 376; x_wconf 91' lang='lat' dir='ltr'><strong>ll.</strong></span> <span class='ocrx_word' id='word_1_6' title='bbox 1887 319 2048 376; x_wconf 71' lang='lat' dir='ltr'><strong>T0,“.</strong></span> <span class='ocrx_word' id='word_1_7' title='bbox 2093 322 2212 376; x_wconf 85' lang='grc' dir='ltr'><strong>ι.--</strong></span> <span class='ocrx_word' id='word_1_8' title='bbox 2243 325 2514 382; x_wconf 67' lang='grc' dir='ltr'>ιιτΕιιΕδ.</span> <span class='ocrx_word' id='word_1_9' title='bbox 2541 325 2776 382; x_wconf 65' lang='lat' dir='ltr'><strong>LXXIV.</strong></span> 
     </span>
    </p>
   </div>
   <div class='ocr_carea' id='block_1_4' title="bbox 3241 333 3346 386">
    <p class='ocr_par' dir='ltr' id='par_1_4' title="bbox 3241 333 3346 386">
     <span class='ocr_line' id='line_1_4' title="bbox 3241 333 3346 386; baseline 0.019 -2"><span class='ocrx_word' id='word_1_10' title='bbox 3241 333 3346 386; x_wconf 58' lang='lat'><strong>596</strong></span> 
     </span>
    </p>
   </div>
   <div class='ocr_carea' id='block_1_5' title="bbox 93 417 1659 510">
    <p class='ocr_par' dir='ltr' id='par_1_5' title="bbox 93 417 1659 506">
     <span class='ocr_line' id='line_1_5' title="bbox 93 417 1659 506; baseline 0.012 -36"><span class='ocrx_word' id='word_1_11' title='bbox 93 417 296 472; x_wconf 79' lang='grc' dir='ltr'>’Ἂτινα</span> <span class='ocrx_word' id='word_1_12' title='bbox 327 417 397 491; x_wconf 78' lang='grc' dir='ltr'>ἦν</span> <span class='ocrx_word' id='word_1_13' title='bbox 437 423 608 477; x_wconf 73' lang='grc' dir='ltr'>ταῦτα</span> <span class='ocrx_word' id='word_1_14' title='bbox 654 429 982 496; x_wconf 77' lang='grc' dir='ltr'><strong>συκοφαντία</strong></span> <span class='ocrx_word' id='word_1_15' title='bbox 1025 432 1124 500; x_wconf 82' lang='grc' dir='ltr'><strong>μὲν</strong></span> <span class='ocrx_word' id='word_1_16' title='bbox 1175 435 1300 503; x_wconf 82' lang='grc' dir='ltr'>παρ’</span> <span class='ocrx_word' id='word_1_17' title='bbox 1341 435 1573 498; x_wconf 84' lang='grc' dir='ltr'>ἐκείνου,</span> <span class='ocrx_word' id='word_1_18' title='bbox 1611 438 1659 506; x_wconf 67' lang='grc' dir='ltr'>τῇ</span> 
     </span>
    </p>
   </div>
   <div class='ocr_carea' id='block_1_6' title="bbox 1789 417 3345 510">
    <p class='ocr_par' dir='ltr' id='par_1_6' title="bbox 1789 436 3345 510">
     <span class='ocr_line' id='line_1_6' title="bbox 1789 436 3345 510; baseline 0.007 -23"><span class='ocrx_word' id='word_1_19' title='bbox 1789 436 2083 506; x_wconf 74' lang='lat' dir='ltr'><strong>inquiebat,</strong></span> <span class='ocrx_word' id='word_1_20' title='bbox 2109 439 2364 510; x_wconf 81' lang='lat' dir='ltr'><strong>amplius,</strong></span> <span class='ocrx_word' id='word_1_21' title='bbox 2416 439 2508 509; x_wconf 89' lang='lat' dir='ltr'><strong>qui</strong></span> <span class='ocrx_word' id='word_1_22' title='bbox 2563 441 2826 494; x_wconf 76' lang='lat' dir='ltr'><strong>hactenus</strong></span> <span class='ocrx_word' id='word_1_23' title='bbox 2865 441 2986 508; x_wconf 87' lang='lat' dir='ltr'><strong>fuit,</strong></span> <span class='ocrx_word' id='word_1_24' title='bbox 3023 441 3115 498; x_wconf 90' lang='lat' dir='ltr'><strong>sed</strong></span> <span class='ocrx_word' id='word_1_25' title='bbox 3135 446 3200 496; x_wconf 89' lang='lat' dir='ltr'><strong>ad</strong></span> <span class='ocrx_word' id='word_1_26' title='bbox 3235 461 3345 498; x_wconf 86' lang='lat' dir='ltr'><strong>rem</strong></span> 
     </span>
    </p>
   </div>
   <div class='ocr_carea' id='block_1_7' title="bbox 91 510 1659 604">
    <p class='ocr_par' dir='ltr' id='par_1_7' title="bbox 91 510 1659 596">
     <span class='ocr_line' id='line_1_7' title="bbox 91 510 1659 596; baseline 0.012 -34"><span class='ocrx_word' id='word_1_27' title='bbox 91 510 152 562; x_wconf 81' lang='grc' dir='ltr'>δὲ</span> <span class='ocrx_word' id='word_1_28' title='bbox 183 512 414 586; x_wconf 75' lang='grc' dir='ltr'><strong>ἀληθείᾳ</strong></span> <span class='ocrx_word' id='word_1_29' title='bbox 455 515 553 580; x_wconf 73' lang='grc' dir='ltr'>τὰς</span> <span class='ocrx_word' id='word_1_30' title='bbox 603 517 1064 589; x_wconf 79' lang='grc' dir='ltr'>ἐκκλησιαστικὰς</span> <span class='ocrx_word' id='word_1_31' title='bbox 1108 524 1297 594; x_wconf 85' lang='grc' dir='ltr'>χρείας</span> <span class='ocrx_word' id='word_1_32' title='bbox 1349 525 1486 596; x_wconf 78' lang='grc' dir='ltr'><strong>ἔχων</strong></span> <span class='ocrx_word' id='word_1_33' title='bbox 1539 527 1659 596; x_wconf 83' lang='grc' dir='ltr'>μετὲ</span> 
     </span>
    </p>
   </div>
   <div class='ocr_carea' id='block_1_8' title="bbox 1789 510 3343 604">
    <p class='ocr_par' dir='ltr' id='par_1_8' title="bbox 1789 531 3343 604">
     <span class='ocr_line' id='line_1_8' title="bbox 1789 531 3343 604; baseline 0.005 -22"><span class='ocrx_word' id='word_1_34' title='bbox 1789 537 2024 586; x_wconf 70' lang='lat' dir='ltr'><strong>attentus</strong></span> <span class='ocrx_word' id='word_1_35' title='bbox 2043 539 2147 592; x_wconf 87' lang='lat' dir='ltr'><strong>est.</strong></span> <span class='ocrx_word' id='word_1_36' title='bbox 2189 541 2242 586; x_wconf 90' lang='lat' dir='ltr'><strong>et</strong></span> <span class='ocrx_word' id='word_1_37' title='bbox 2277 531 2626 586; x_wconf 86' lang='lat' dir='ltr'><strong>cumulandis</strong></span> <span class='ocrx_word' id='word_1_38' title='bbox 2663 533 2858 604; x_wconf 87' lang='lat' dir='ltr'><strong>opibus</strong></span> <span class='ocrx_word' id='word_1_39' title='bbox 2890 541 3034 589; x_wconf 87' lang='lat' dir='ltr'><strong>totus</strong></span> <span class='ocrx_word' id='word_1_40' title='bbox 3061 535 3343 592; x_wconf 85' lang='lat' dir='ltr'><strong>incumbit.</strong></span> 
     </span>
    </p>
   </div>
   <div class='ocr_carea' id='block_1_9' title="bbox 91 605 1670 688">
    <p class='ocr_par' dir='ltr' id='par_1_9' title="bbox 91 605 1670 688">
     <span class='ocr_line' id='line_1_9' title="bbox 91 605 1670 688; baseline 0.012 -35"><span class='ocrx_word' id='word_1_41' title='bbox 91 605 284 688; x_wconf 76' lang='grc' dir='ltr'>χεῖρας</span> <span class='ocrx_word' id='word_1_42' title='bbox 319 607 350 657; x_wconf 86' lang='lat'><strong>6</strong></span> <span class='ocrx_word' id='word_1_43' title='bbox 385 606 702 672; x_wconf 83' lang='grc' dir='ltr'>Εὐστάθιος,</span> <span class='ocrx_word' id='word_1_44' title='bbox 749 609 925 674; x_wconf 76' lang='grc' dir='ltr'>ἄλλως</span> <span class='ocrx_word' id='word_1_45' title='bbox 973 612 1072 665; x_wconf 78' lang='grc' dir='ltr'>οὐκ</span> <span class='ocrx_word' id='word_1_46' title='bbox 1120 614 1352 683; x_wconf 71' lang='grc' dir='ltr'>ἠδύνατο</span> <span class='ocrx_word' id='word_1_47' title='bbox 1394 616 1670 688; x_wconf 85' lang='grc' dir='ltr'>πράττειν.</span> 
     </span>
    </p>
   </div>
   <div class='ocr_carea' id='block_1_10' title="bbox 91 687 1473 778">
    <p class='ocr_par' dir='ltr' id='par_1_10' title="bbox 91 687 1473 778">
     <span class='ocr_line' id='line_1_10' title="bbox 91 687 1473 778; baseline 0.014 -36"><span class='ocrx_word' id='word_1_48' title='bbox 91 691 206 744; x_wconf 74' lang='grc' dir='ltr'>Καὶ</span> <span class='ocrx_word' id='word_1_49' title='bbox 235 687 306 762; x_wconf 79' lang='grc' dir='ltr'>ἦν</span> <span class='ocrx_word' id='word_1_50' title='bbox 333 695 534 750; x_wconf 81' lang='grc' dir='ltr'>πιθανά</span> <span class='ocrx_word' id='word_1_51' title='bbox 562 697 629 751; x_wconf 77' lang='grc' dir='ltr'><strong>τὰ</strong></span> <span class='ocrx_word' id='word_1_52' title='bbox 668 699 774 752; x_wconf 84' lang='grc' dir='ltr'><strong>ὑπὸ</strong></span> <span class='ocrx_word' id='word_1_53' title='bbox 811 698 907 755; x_wconf 82' lang='grc' dir='ltr'>τοῦ</span> <span class='ocrx_word' id='word_1_54' title='bbox 946 703 1157 776; x_wconf 82' lang='grc' dir='ltr'>Ἀερίου</span> <span class='ocrx_word' id='word_1_55' title='bbox 1187 687 1473 778; x_wconf 83' lang='grc' dir='ltr'>λεγόμενα.</span> 
     </span>
    </p>
   </div>
   <div class='ocr_carea' id='block_1_11' title="bbox 165 961 1672 1043">
    <p class='ocr_par' dir='ltr' id='par_1_11' title="bbox 165 961 1672 1043">
     <span class='ocr_line' id='line_1_11' title="bbox 165 961 1672 1043; baseline 0.008 -31"><span class='ocrx_word' id='word_1_56' title='bbox 165 961 429 1031; x_wconf 76' lang='grc' dir='ltr'>Νομίσειε</span> <span class='ocrx_word' id='word_1_57' title='bbox 462 963 508 1016; x_wconf 81' lang='grc' dir='ltr'>δ’</span> <span class='ocrx_word' id='word_1_58' title='bbox 538 965 603 1019; x_wconf 79' lang='grc' dir='ltr'>ἄν</span> <span class='ocrx_word' id='word_1_59' title='bbox 645 982 729 1029; x_wconf 87' lang='grc' dir='ltr'><strong>τις</strong></span> <span class='ocrx_word' id='word_1_60' title='bbox 758 967 892 1038; x_wconf 77' lang='grc' dir='ltr'><strong>(Ἠ),</strong></span> <span class='ocrx_word' id='word_1_61' title='bbox 922 969 1241 1041; x_wconf 83' lang='grc' dir='ltr'>ἐπειδήπερ,</span> <span class='ocrx_word' id='word_1_62' title='bbox 1279 971 1420 1024; x_wconf 84' lang='grc' dir='ltr'>κατὰ</span> <span class='ocrx_word' id='word_1_63' title='bbox 1461 972 1672 1043; x_wconf 79' lang='grc' dir='ltr'>Ἀερίου</span> 
     </span>
    </p>
   </div>
   <div class='ocr_carea' id='block_1_12' title="bbox 87 1051 1674 1133">
    <p class='ocr_par' dir='ltr' id='par_1_12' title="bbox 87 1051 1674 1133">
     <span class='ocr_line' id='line_1_12' title="bbox 87 1051 1674 1133; baseline 0.008 -29"><span class='ocrx_word' id='word_1_64' title='bbox 87 1051 366 1120; x_wconf 84' lang='grc' dir='ltr'>λέγοντες,</span> <span class='ocrx_word' id='word_1_65' title='bbox 397 1055 689 1111; x_wconf 80' lang='grc' dir='ltr'>Εὑστάθιον</span> <span class='ocrx_word' id='word_1_66' title='bbox 713 1062 1128 1132; x_wconf 85' lang='grc' dir='ltr'>παρηγάγομεν,</span> <span class='ocrx_word' id='word_1_67' title='bbox 1170 1064 1296 1133; x_wconf 83' lang='grc' dir='ltr'><strong>μήτι</strong></span> <span class='ocrx_word' id='word_1_68' title='bbox 1331 1059 1440 1133; x_wconf 84' lang='grc' dir='ltr'>ἆρα</span> <span class='ocrx_word' id='word_1_69' title='bbox 1471 1064 1674 1118; x_wconf 72' lang='grc' dir='ltr'>καὶτὸν</span> 
     </span>
    </p>
   </div>
   <div class='ocr_carea' id='block_1_13' title="bbox 89 1144 1674 1224">
    <p class='ocr_par' dir='ltr' id='par_1_13' title="bbox 89 1144 1674 1224">
     <span class='ocr_line' id='line_1_13' title="bbox 89 1144 1674 1224; baseline 0.009 -29"><span class='ocrx_word' id='word_1_70' title='bbox 89 1144 392 1198; x_wconf 80' lang='grc' dir='ltr'>Εὐστάθιον</span> <span class='ocrx_word' id='word_1_71' title='bbox 418 1149 476 1198; x_wconf 84' lang='grc' dir='ltr'><strong>ἐν</strong></span> <span class='ocrx_word' id='word_1_72' title='bbox 509 1148 742 1214; x_wconf 78' lang='grc' dir='ltr'>ἐπαίνοις</span> <span class='ocrx_word' id='word_1_73' title='bbox 770 1149 1000 1222; x_wconf 77' lang='grc' dir='ltr'>ἔχομεν;</span> <span class='ocrx_word' id='word_1_74' title='bbox 1048 1153 1138 1207; x_wconf 85' lang='grc' dir='ltr'><strong>τὸν</strong></span> <span class='ocrx_word' id='word_1_75' title='bbox 1175 1153 1274 1222; x_wconf 83' lang='grc' dir='ltr'><strong>μὲν</strong></span> <span class='ocrx_word' id='word_1_76' title='bbox 1301 1153 1408 1224; x_wconf 76' lang='grc' dir='ltr'><strong>γὰρ</strong></span> <span class='ocrx_word' id='word_1_77' title='bbox 1443 1154 1555 1223; x_wconf 79' lang='grc' dir='ltr'>βίον</span> <span class='ocrx_word' id='word_1_78' title='bbox 1585 1155 1674 1208; x_wconf 84' lang='grc' dir='ltr'><strong>αὺ-</strong></span> 
     </span>
    </p>
   </div>
   <div class='ocr_carea' id='block_1_14' title="bbox 87 1233 1674 1315">
    <p class='ocr_par' dir='ltr' id='par_1_14' title="bbox 87 1233 1674 1315">
     <span class='ocr_line' id='line_1_14' title="bbox 87 1233 1674 1315; baseline 0.011 -31"><span class='ocrx_word' id='word_1_79' title='bbox 87 1233 184 1286; x_wconf 74' lang='grc' dir='ltr'><strong>τοῦ</strong></span> <span class='ocrx_word' id='word_1_80' title='bbox 217 1237 314 1289; x_wconf 75' lang='grc' dir='ltr'>καὶ</span> <span class='ocrx_word' id='word_1_81' title='bbox 352 1237 450 1308; x_wconf 74' lang='grc' dir='ltr'>τὴν</span> <span class='ocrx_word' id='word_1_82' title='bbox 483 1237 756 1294; x_wconf 82' lang='grc' dir='ltr'><strong>πολιτείαν</strong></span> <span class='ocrx_word' id='word_1_83' title='bbox 784 1242 885 1296; x_wconf 85' lang='grc' dir='ltr'><strong>οὐκ</strong></span> <span class='ocrx_word' id='word_1_84' title='bbox 929 1242 1098 1310; x_wconf 80' lang='grc' dir='ltr'><strong>ὀλίγοι</strong></span> <span class='ocrx_word' id='word_1_85' title='bbox 1130 1244 1321 1315; x_wconf 78' lang='grc' dir='ltr'>ἄνδρες</span> <span class='ocrx_word' id='word_1_86' title='bbox 1365 1244 1674 1315; x_wconf 76' lang='grc' dir='ltr'>θαυμάζου-</span> 
     </span>
    </p>
   </div>
   <div class='ocr_carea' id='block_1_15' title="bbox 87 1325 1670 1412">
    <p class='ocr_par' dir='ltr' id='par_1_15' title="bbox 87 1325 1670 1412">
     <span class='ocr_line' id='line_1_15' title="bbox 87 1325 1670 1412; baseline 0.009 -35"><span class='ocrx_word' id='word_1_87' title='bbox 87 1340 206 1377; x_wconf 71' lang='grc' dir='ltr'>σιν·</span> <span class='ocrx_word' id='word_1_88' title='bbox 243 1325 356 1378; x_wconf 81' lang='grc' dir='ltr'>εἴθε</span> <span class='ocrx_word' id='word_1_89' title='bbox 392 1326 448 1378; x_wconf 86' lang='grc' dir='ltr'><strong>δέ</strong></span> <span class='ocrx_word' id='word_1_90' title='bbox 481 1327 574 1380; x_wconf 58' lang='grc' dir='ltr'><strong>καλ⁵</strong></span> <span class='ocrx_word' id='word_1_91' title='bbox 599 1331 666 1399; x_wconf 81' lang='grc' dir='ltr'>τῇ</span> <span class='ocrx_word' id='word_1_92' title='bbox 695 1329 872 1384; x_wconf 80' lang='grc' dir='ltr'><strong>πίστει</strong></span> <span class='ocrx_word' id='word_1_93' title='bbox 917 1331 1092 1399; x_wconf 84' lang='grc' dir='ltr'>ὀρθῶς</span> <span class='ocrx_word' id='word_1_94' title='bbox 1120 1334 1385 1405; x_wconf 75' lang='grc' dir='ltr'><strong>ἐφρόνησε</strong></span> <span class='ocrx_word' id='word_1_95' title='bbox 1406 1337 1418 1388; x_wconf 87' lang='lat'>!</span> <span class='ocrx_word' id='word_1_96' title='bbox 1443 1337 1514 1389; x_wconf 87' lang='grc' dir='ltr'><strong>Τὸ</strong></span> <span class='ocrx_word' id='word_1_97' title='bbox 1563 1337 1670 1412; x_wconf 74' lang='grc' dir='ltr'>γὰρ</span> 
     </span>
    </p>
   </div>
   <div class='ocr_carea' id='block_1_16' title="bbox 89 1418 1671 1498">
    <p class='ocr_par' dir='ltr' id='par_1_16' title="bbox 89 1418 1671 1498">
     <span class='ocr_line' id='line_1_16' title="bbox 89 1418 1671 1498; baseline 0.008 -29"><span class='ocrx_word' id='word_1_98' title='bbox 89 1418 306 1488; x_wconf 66' lang='grc' dir='ltr'>’Ᾱερίου</span> <span class='ocrx_word' id='word_1_99' title='bbox 333 1419 350 1450; x_wconf 79' lang='grc'>⁸</span> <span class='ocrx_word' id='word_1_100' title='bbox 381 1419 475 1472; x_wconf 75' lang='grc' dir='ltr'><strong>καὶ</strong></span> <span class='ocrx_word' id='word_1_101' title='bbox 502 1419 658 1484; x_wconf 79' lang='grc' dir='ltr'>αὐτὸς</span> <span class='ocrx_word' id='word_1_102' title='bbox 692 1421 944 1493; x_wconf 70' lang='grc' dir='ltr'>ἀπαρχῆς</span> <span class='ocrx_word' id='word_1_103' title='bbox 964 1423 1069 1486; x_wconf 72' lang='grc' dir='ltr'><strong>ἕως</strong></span> <span class='ocrx_word' id='word_1_104' title='bbox 1096 1423 1280 1488; x_wconf 80' lang='grc' dir='ltr'><strong>τέλους</strong></span> <span class='ocrx_word' id='word_1_105' title='bbox 1303 1426 1556 1498; x_wconf 79' lang='grc' dir='ltr'><strong>κατέσχε,</strong></span> <span class='ocrx_word' id='word_1_106' title='bbox 1576 1429 1671 1482; x_wconf 75' lang='grc' dir='ltr'>καὶ</span> 
     </span>
    </p>
   </div>
   <div class='ocr_carea' id='block_1_17' title="bbox 85 1507 1666 1588">
    <p class='ocr_par' dir='ltr' id='par_1_17' title="bbox 85 1507 1666 1588">
     <span class='ocr_line' id='line_1_17' title="bbox 85 1507 1666 1588; baseline 0.008 -28"><span class='ocrx_word' id='word_1_107' title='bbox 85 1507 212 1561; x_wconf 71' lang='grc' dir='ltr'>οὔτε</span> <span class='ocrx_word' id='word_1_108' title='bbox 269 1511 324 1562; x_wconf 85' lang='grc' dir='ltr'>αἱ</span> <span class='ocrx_word' id='word_1_109' title='bbox 356 1509 563 1580; x_wconf 75' lang='grc' dir='ltr'><strong>θλίψεις</strong></span> <span class='ocrx_word' id='word_1_110' title='bbox 609 1510 716 1564; x_wconf 84' lang='grc' dir='ltr'>τῶν</span> <span class='ocrx_word' id='word_1_111' title='bbox 759 1513 1017 1583; x_wconf 80' lang='grc' dir='ltr'><strong>διωγμῶν</strong></span> <span class='ocrx_word' id='word_1_112' title='bbox 1068 1515 1230 1568; x_wconf 79' lang='grc' dir='ltr'>αὐτὸν</span> <span class='ocrx_word' id='word_1_113' title='bbox 1269 1516 1666 1588; x_wconf 85' lang='grc' dir='ltr'><strong>διωρθώσαντο.</strong></span> 
     </span>
    </p>
   </div>
   <div class='ocr_carea' id='block_1_18' title="bbox 87 1599 1668 1676">
    <p class='ocr_par' dir='ltr' id='par_1_18' title="bbox 87 1599 1668 1676">
     <span class='ocr_line' id='line_1_18' title="bbox 87 1599 1668 1676; baseline 0.005 -23"><span class='ocrx_word' id='word_1_114' title='bbox 87 1599 354 1672; x_wconf 80' lang='grc' dir='ltr'>Ὲδιώχθη</span> <span class='ocrx_word' id='word_1_115' title='bbox 391 1601 497 1672; x_wconf 85' lang='grc' dir='ltr'>γὰρ</span> <span class='ocrx_word' id='word_1_116' title='bbox 529 1603 668 1672; x_wconf 78' lang='grc' dir='ltr'>μετὰ</span> <span class='ocrx_word' id='word_1_117' title='bbox 704 1603 812 1656; x_wconf 84' lang='grc' dir='ltr'><strong>τῶν</strong></span> <span class='ocrx_word' id='word_1_118' title='bbox 845 1605 976 1676; x_wconf 75' lang='grc' dir='ltr'>περὶ</span> <span class='ocrx_word' id='word_1_119' title='bbox 1009 1606 1290 1660; x_wconf 82' lang='grc' dir='ltr'><strong>Βασίλειον</strong></span> <span class='ocrx_word' id='word_1_120' title='bbox 1355 1609 1450 1662; x_wconf 84' lang='grc' dir='ltr'>καὶ</span> <span class='ocrx_word' id='word_1_121' title='bbox 1484 1608 1668 1662; x_wconf 86' lang='grc' dir='ltr'>Ἐλεύ-</span> 
     </span>
    </p>
   </div>
   <div class='ocr_carea' id='block_1_19' title="bbox 89 1693 1665 1772">
    <p class='ocr_par' dir='ltr' id='par_1_19' title="bbox 89 1693 1665 1772">
     <span class='ocr_line' id='line_1_19' title="bbox 89 1693 1665 1772; baseline 0.008 -29"><span class='ocrx_word' id='word_1_122' title='bbox 89 1709 204 1744; x_wconf 83' lang='grc' dir='ltr'>σιον</span> <span class='ocrx_word' id='word_1_123' title='bbox 243 1693 340 1746; x_wconf 79' lang='grc' dir='ltr'><strong>καὶ</strong></span> <span class='ocrx_word' id='word_1_124' title='bbox 392 1693 631 1758; x_wconf 86' lang='grc' dir='ltr'>λοιπούς.</span> <span class='ocrx_word' id='word_1_125' title='bbox 661 1693 846 1763; x_wconf 85' lang='grc' dir='ltr'>Ἔδοξε</span> <span class='ocrx_word' id='word_1_126' title='bbox 873 1695 930 1748; x_wconf 84' lang='grc' dir='ltr'>δὲ</span> <span class='ocrx_word' id='word_1_127' title='bbox 974 1697 1068 1750; x_wconf 76' lang='grc' dir='ltr'><strong>καὶ</strong></span> <span class='ocrx_word' id='word_1_128' title='bbox 1097 1699 1234 1769; x_wconf 79' lang='grc' dir='ltr'>πρὸς</span> <span class='ocrx_word' id='word_1_129' title='bbox 1275 1699 1526 1772; x_wconf 81' lang='grc' dir='ltr'>Λιϐέριον</span> <span class='ocrx_word' id='word_1_130' title='bbox 1556 1701 1665 1768; x_wconf 83' lang='lat'><strong>(75)</strong></span> 
     </span>
    </p>
   </div>
   <div class='ocr_carea' id='block_1_20' title="bbox 1779 621 3348 692">
    <p class='ocr_par' dir='ltr' id='par_1_20' title="bbox 1779 621 3348 692">
     <span class='ocr_line' id='line_1_20' title="bbox 1779 621 3348 692; baseline 0.003 -18"><span class='ocrx_word' id='word_1_131' title='bbox 1779 621 1910 687; x_wconf 73' lang='lat' dir='ltr'><strong>Qua:</strong></span> <span class='ocrx_word' id='word_1_132' title='bbox 1966 622 2184 692; x_wconf 83' lang='lat' dir='ltr'><strong>quidem</strong></span> <span class='ocrx_word' id='word_1_133' title='bbox 2244 637 2338 692; x_wconf 87' lang='lat' dir='ltr'><strong>per</strong></span> <span class='ocrx_word' id='word_1_134' title='bbox 2381 637 2650 678; x_wconf 80' lang='lat' dir='ltr'><strong>summam</strong></span> <span class='ocrx_word' id='word_1_135' title='bbox 2705 624 3032 678; x_wconf 79' lang='lat' dir='ltr'><strong>calumniam</strong></span> <span class='ocrx_word' id='word_1_136' title='bbox 3075 625 3143 678; x_wconf 90' lang='lat' dir='ltr'><strong>ab</strong></span> <span class='ocrx_word' id='word_1_137' title='bbox 3183 627 3348 680; x_wconf 73' lang='lat' dir='ltr'><strong>Aet-io</strong></span> 
     </span>
    </p>
   </div>
   <div class='ocr_carea' id='block_1_21' title="bbox 1773 712 3346 787">
    <p class='ocr_par' dir='ltr' id='par_1_21' title="bbox 1773 712 3346 787">
     <span class='ocr_line' id='line_1_21' title="bbox 1773 712 3346 787; baseline 0.004 -22"><span class='ocrx_word' id='word_1_138' title='bbox 1773 712 2141 781; x_wconf 88' lang='lat' dir='ltr'><strong>jactabautur.</strong></span> <span class='ocrx_word' id='word_1_139' title='bbox 2187 713 2501 769; x_wconf 86' lang='lat' dir='ltr'><strong>Eustathius</strong></span> <span class='ocrx_word' id='word_1_140' title='bbox 2533 729 2681 780; x_wconf 81' lang='lat' dir='ltr'><strong>vero,</strong></span> <span class='ocrx_word' id='word_1_141' title='bbox 2720 715 2811 784; x_wconf 83' lang='lat' dir='ltr'><strong>qui</strong></span> <span class='ocrx_word' id='word_1_142' title='bbox 2846 714 3106 770; x_wconf 65' lang='lat' dir='ltr'><strong>Ecclesia:</strong></span> <span class='ocrx_word' id='word_1_143' title='bbox 3135 719 3346 787; x_wconf 79' lang='lat' dir='ltr'><strong>negotia</strong></span> 
     </span>
    </p>
   </div>
   <div class='ocr_carea' id='block_1_22' title="bbox 1776 802 3348 877">
    <p class='ocr_par' dir='ltr' id='par_1_22' title="bbox 1776 802 3348 877">
     <span class='ocr_line' id='line_1_22' title="bbox 1776 802 3348 877; baseline 0.003 -23"><span class='ocrx_word' id='word_1_144' title='bbox 1776 802 2064 866; x_wconf 90' lang='lat' dir='ltr'><strong>tractabat,</strong></span> <span class='ocrx_word' id='word_1_145' title='bbox 2096 803 2274 858; x_wconf 87' lang='lat' dir='ltr'><strong>facere</strong></span> <span class='ocrx_word' id='word_1_146' title='bbox 2309 804 2466 858; x_wconf 81' lang='lat' dir='ltr'><strong>aliter</strong></span> <span class='ocrx_word' id='word_1_147' title='bbox 2487 819 2594 857; x_wconf 91' lang='lat' dir='ltr'><strong>non</strong></span> <span class='ocrx_word' id='word_1_148' title='bbox 2635 812 2864 873; x_wconf 81' lang='lat' dir='ltr'><strong>poterat,</strong></span> <span class='ocrx_word' id='word_1_149' title='bbox 2891 805 3120 875; x_wconf 84' lang='lat' dir='ltr'><strong>ideoque</strong></span> <span class='ocrx_word' id='word_1_150' title='bbox 3148 807 3348 877; x_wconf 83' lang='lat' dir='ltr'><strong>proba-</strong></span> 
     </span>
    </p>
   </div>
   <div class='ocr_carea' id='block_1_23' title="bbox 1776 892 3268 950">
    <p class='ocr_par' dir='ltr' id='par_1_23' title="bbox 1776 892 3268 950">
     <span class='ocr_line' id='line_1_23' title="bbox 1776 892 3268 950; baseline 0.003 -4"><span class='ocrx_word' id='word_1_151' title='bbox 1776 892 1957 946; x_wconf 86' lang='lat' dir='ltr'><strong>biliter</strong></span> <span class='ocrx_word' id='word_1_152' title='bbox 1983 893 2100 948; x_wconf 66' lang='lat' dir='ltr'><strong>haec</strong></span> <span class='ocrx_word' id='word_1_153' title='bbox 2120 895 2190 948; x_wconf 85' lang='lat' dir='ltr'><strong>ab</strong></span> <span class='ocrx_word' id='word_1_154' title='bbox 2217 895 2380 950; x_wconf 84' lang='lat' dir='ltr'><strong>Aerio</strong></span> <span class='ocrx_word' id='word_1_155' title='bbox 2401 895 2738 949; x_wconf 86' lang='lat' dir='ltr'><strong>dicebantur.</strong></span> <span class='ocrx_word' id='word_1_156' title='bbox 3252 895 3268 902; x_wconf 79' lang='grc'><strong><em>“</em></strong></span> 
     </span>
    </p>
   </div>
   <div class='ocr_carea' id='block_1_24' title="bbox 1844 985 3348 1056">
    <p class='ocr_par' dir='ltr' id='par_1_24' title="bbox 1844 985 3348 1056">
     <span class='ocr_line' id='line_1_24' title="bbox 1844 985 3348 1056; baseline 0 -16"><span class='ocrx_word' id='word_1_157' title='bbox 1844 985 2110 1040; x_wconf 69' lang='lat' dir='ltr'><strong>Caeterum</strong></span> <span class='ocrx_word' id='word_1_158' title='bbox 2183 985 2454 1042; x_wconf 86' lang='lat' dir='ltr'><strong>dubitabit</strong></span> <span class='ocrx_word' id='word_1_159' title='bbox 2509 985 2737 1042; x_wconf 83' lang='lat' dir='ltr'><strong>forsitan</strong></span> <span class='ocrx_word' id='word_1_160' title='bbox 2789 986 3020 1056; x_wconf 82' lang='lat' dir='ltr'><strong>aliquis,</strong></span> <span class='ocrx_word' id='word_1_161' title='bbox 3091 987 3348 1055; x_wconf 88' lang='lat' dir='ltr'><strong>quoniam</strong></span> 
     </span>
    </p>
   </div>
   <div class='ocr_carea' id='block_1_25' title="bbox 1773 1075 3347 1140">
    <p class='ocr_par' dir='ltr' id='par_1_25' title="bbox 1773 1075 3347 1140">
     <span class='ocr_line' id='line_1_25' title="bbox 1773 1075 3347 1140; baseline 0.001 -12"><span class='ocrx_word' id='word_1_162' title='bbox 1773 1075 1919 1130; x_wconf 80' lang='lat' dir='ltr'><strong>Aerii</strong></span> <span class='ocrx_word' id='word_1_163' title='bbox 1945 1076 2105 1131; x_wconf 87' lang='lat' dir='ltr'><strong>istius</strong></span> <span class='ocrx_word' id='word_1_164' title='bbox 2128 1076 2416 1132; x_wconf 82' lang='lat' dir='ltr'><strong>occasione</strong></span> <span class='ocrx_word' id='word_1_165' title='bbox 2443 1077 2778 1131; x_wconf 86' lang='lat' dir='ltr'><strong>mentionem</strong></span> <span class='ocrx_word' id='word_1_166' title='bbox 2803 1075 3071 1131; x_wconf 86' lang='lat' dir='ltr'><strong>Eustathii</strong></span> <span class='ocrx_word' id='word_1_167' title='bbox 3099 1075 3347 1140; x_wconf 83' lang='lat' dir='ltr'><strong>fecimus,</strong></span> 
     </span>
    </p>
   </div>
   <div class='ocr_carea' id='block_1_26' title="bbox 1773 1165 3350 1235">
    <p class='ocr_par' dir='ltr' id='par_1_26' title="bbox 1773 1165 3350 1235">
     <span class='ocr_line' id='line_1_26' title="bbox 1773 1165 3350 1235; baseline 0 -15"><span class='ocrx_word' id='word_1_168' title='bbox 1773 1181 1903 1220; x_wconf 90' lang='lat' dir='ltr'><strong>num</strong></span> <span class='ocrx_word' id='word_1_169' title='bbox 1943 1166 2116 1235; x_wconf 90' lang='lat' dir='ltr'><strong>ipsum</strong></span> <span class='ocrx_word' id='word_1_170' title='bbox 2173 1167 2390 1221; x_wconf 87' lang='lat' dir='ltr'><strong>tandem</strong></span> <span class='ocrx_word' id='word_1_171' title='bbox 2430 1165 2772 1221; x_wconf 86' lang='lat' dir='ltr'><strong>Eustathium</strong></span> <span class='ocrx_word' id='word_1_172' title='bbox 2823 1165 3154 1221; x_wconf 88' lang='lat' dir='ltr'><strong>laudandum</strong></span> <span class='ocrx_word' id='word_1_173' title='bbox 3203 1168 3350 1220; x_wconf 86' lang='lat' dir='ltr'><strong>arbi-</strong></span> 
     </span>
    </p>
   </div>
   <div class='ocr_carea' id='block_1_27' title="bbox 1773 1254 3349 1324">
    <p class='ocr_par' dir='ltr' id='par_1_27' title="bbox 1773 1254 3349 1324">
     <span class='ocr_line' id='line_1_27' title="bbox 1773 1254 3349 1324; baseline 0.003 -18"><span class='ocrx_word' id='word_1_174' title='bbox 1773 1264 1982 1308; x_wconf 88' lang='lat' dir='ltr'><strong>tremur</strong></span> <span class='ocrx_word' id='word_1_175' title='bbox 2009 1254 2031 1307; x_wconf 85' lang='lat'><strong>?</strong></span> <span class='ocrx_word' id='word_1_176' title='bbox 2056 1271 2179 1308; x_wconf 85' lang='lat' dir='ltr'><strong>nam</strong></span> <span class='ocrx_word' id='word_1_177' title='bbox 2223 1255 2366 1324; x_wconf 90' lang='lat' dir='ltr'><strong>quod</strong></span> <span class='ocrx_word' id='word_1_178' title='bbox 2394 1254 2460 1309; x_wconf 86' lang='lat' dir='ltr'><strong>ad</strong></span> <span class='ocrx_word' id='word_1_179' title='bbox 2491 1255 2610 1324; x_wconf 85' lang='lat' dir='ltr'><strong>ejus</strong></span> <span class='ocrx_word' id='word_1_180' title='bbox 2633 1255 2758 1310; x_wconf 65' lang='lat' dir='ltr'><strong>vita:</strong></span> <span class='ocrx_word' id='word_1_181' title='bbox 2795 1255 3101 1310; x_wconf 84' lang='lat' dir='ltr'><strong>institutum</strong></span> <span class='ocrx_word' id='word_1_182' title='bbox 3135 1257 3349 1318; x_wconf 83' lang='lat' dir='ltr'><strong>attinet,</strong></span> 
     </span>
    </p>
   </div>
   <div class='ocr_carea' id='block_1_28' title="bbox 1772 1345 3352 1416">
    <p class='ocr_par' dir='ltr' id='par_1_28' title="bbox 1772 1345 3352 1416">
     <span class='ocr_line' id='line_1_28' title="bbox 1772 1345 3352 1416; baseline -0.001 -17"><span class='ocrx_word' id='word_1_183' title='bbox 1772 1361 1880 1399; x_wconf 89' lang='lat' dir='ltr'><strong>non</strong></span> <span class='ocrx_word' id='word_1_184' title='bbox 1913 1345 2101 1414; x_wconf 86' lang='lat' dir='ltr'><strong>paucis</strong></span> <span class='ocrx_word' id='word_1_185' title='bbox 2152 1345 2570 1402; x_wconf 85' lang='lat' dir='ltr'><strong>admirationem</strong></span> <span class='ocrx_word' id='word_1_186' title='bbox 2618 1346 2846 1416; x_wconf 85' lang='lat' dir='ltr'><strong>peperit.</strong></span> <span class='ocrx_word' id='word_1_187' title='bbox 2885 1345 2990 1412; x_wconf 85' lang='lat' dir='ltr'><strong>Qui</strong></span> <span class='ocrx_word' id='word_1_188' title='bbox 3031 1347 3238 1400; x_wconf 86' lang='lat' dir='ltr'><strong>utinam</strong></span> <span class='ocrx_word' id='word_1_189' title='bbox 3284 1347 3352 1400; x_wconf 83' lang='lat' dir='ltr'><strong>ad</strong></span> 
     </span>
    </p>
   </div>
   <div class='ocr_carea' id='block_1_29' title="bbox 1775 1436 3352 1494">
    <p class='ocr_par' dir='ltr' id='par_1_29' title="bbox 1775 1436 3352 1494">
     <span class='ocr_line' id='line_1_29' title="bbox 1775 1436 3352 1494; baseline 0.002 -6"><span class='ocrx_word' id='word_1_190' title='bbox 1775 1444 1974 1490; x_wconf 86' lang='lat' dir='ltr'><strong>rectam</strong></span> <span class='ocrx_word' id='word_1_191' title='bbox 2005 1451 2068 1490; x_wconf 89' lang='lat' dir='ltr'><strong>ac</strong></span> <span class='ocrx_word' id='word_1_192' title='bbox 2102 1437 2372 1492; x_wconf 89' lang='lat' dir='ltr'><strong>sinceram</strong></span> <span class='ocrx_word' id='word_1_193' title='bbox 2407 1437 2564 1493; x_wconf 81' lang='lat' dir='ltr'><strong>fidem</strong></span> <span class='ocrx_word' id='word_1_194' title='bbox 2623 1436 2980 1494; x_wconf 66' lang='lat' dir='ltr'><strong>adhaesisset!</strong></span> <span class='ocrx_word' id='word_1_195' title='bbox 3015 1437 3214 1492; x_wconf 85' lang='lat' dir='ltr'><strong>Verum</strong></span> <span class='ocrx_word' id='word_1_196' title='bbox 3260 1437 3352 1491; x_wconf 87' lang='lat' dir='ltr'><strong>hie</strong></span> 
     </span>
    </p>
   </div>
   <div class='ocr_carea' id='block_1_30' title="bbox 1771 1527 3352 1600">
    <p class='ocr_par' dir='ltr' id='par_1_30' title="bbox 1771 1527 3352 1600">
     <span class='ocr_line' id='line_1_30' title="bbox 1771 1527 3352 1600; baseline 0.002 -19"><span class='ocrx_word' id='word_1_197' title='bbox 1771 1529 1824 1581; x_wconf 89' lang='lat' dir='ltr'><strong>in</strong></span> <span class='ocrx_word' id='word_1_198' title='bbox 1843 1527 1958 1582; x_wconf 83' lang='lat' dir='ltr'><strong>Arii</strong></span> <span class='ocrx_word' id='word_1_199' title='bbox 1989 1527 2242 1598; x_wconf 74' lang='lat' dir='ltr'><strong>dogmate</strong></span> <span class='ocrx_word' id='word_1_200' title='bbox 2269 1543 2299 1583; x_wconf 88' lang='lat' dir='ltr'><strong>a</strong></span> <span class='ocrx_word' id='word_1_201' title='bbox 2331 1529 2599 1600; x_wconf 87' lang='lat' dir='ltr'><strong>principio</strong></span> <span class='ocrx_word' id='word_1_202' title='bbox 2625 1527 2693 1584; x_wconf 89' lang='lat' dir='ltr'><strong>ad</strong></span> <span class='ocrx_word' id='word_1_203' title='bbox 2721 1529 2878 1584; x_wconf 86' lang='lat' dir='ltr'><strong>finem</strong></span> <span class='ocrx_word' id='word_1_204' title='bbox 2903 1543 3076 1598; x_wconf 71' lang='lat' dir='ltr'><strong>usque</strong></span> <span class='ocrx_word' id='word_1_205' title='bbox 3105 1545 3352 1599; x_wconf 79' lang='lat' dir='ltr'><strong>perseve-</strong></span> 
     </span>
    </p>
   </div>
   <div class='ocr_carea' id='block_1_31' title="bbox 1771 1619 3346 1692">
    <p class='ocr_par' dir='ltr' id='par_1_31' title="bbox 1771 1619 3346 1692">
     <span class='ocr_line' id='line_1_31' title="bbox 1771 1619 3346 1692; baseline 0.001 -20"><span class='ocrx_word' id='word_1_206' title='bbox 1771 1619 1930 1684; x_wconf 84' lang='lat' dir='ltr'><strong>ravit,</strong></span> <span class='ocrx_word' id='word_1_207' title='bbox 1960 1619 2241 1692; x_wconf 87' lang='lat' dir='ltr'><strong>nihiloque</strong></span> <span class='ocrx_word' id='word_1_208' title='bbox 2264 1623 2702 1692; x_wconf 86' lang='lat' dir='ltr'><strong>persecutionum</strong></span> <span class='ocrx_word' id='word_1_209' title='bbox 2731 1623 3132 1676; x_wconf 81' lang='lat' dir='ltr'><strong>calamitatibus</strong></span> <span class='ocrx_word' id='word_1_210' title='bbox 3154 1622 3346 1676; x_wconf 87' lang='lat' dir='ltr'><strong>melior</strong></span> 
     </span>
    </p>
   </div>
   <div class='ocr_carea' id='block_1_32' title="bbox 1771 1707 3362 1782">
    <p class='ocr_par' dir='ltr' id='par_1_32' title="bbox 1771 1707 3362 1782">
     <span class='ocr_line' id='line_1_32' title="bbox 1771 1707 3362 1782; baseline 0.004 -22"><span class='ocrx_word' id='word_1_211' title='bbox 1771 1707 1948 1766; x_wconf 87' lang='lat' dir='ltr'><strong>factus</strong></span> <span class='ocrx_word' id='word_1_212' title='bbox 1965 1720 2068 1766; x_wconf 85' lang='lat' dir='ltr'><strong>est.</strong></span> <span class='ocrx_word' id='word_1_213' title='bbox 2090 1709 2368 1782; x_wconf 88' lang='lat' dir='ltr'><strong>Siquidem</strong></span> <span class='ocrx_word' id='word_1_214' title='bbox 2385 1727 2508 1768; x_wconf 89' lang='lat' dir='ltr'><strong>cum</strong></span> <span class='ocrx_word' id='word_1_215' title='bbox 2536 1711 2736 1768; x_wconf 86' lang='lat' dir='ltr'><strong>Basilio</strong></span> <span class='ocrx_word' id='word_1_216' title='bbox 2757 1719 2810 1768; x_wconf 86' lang='lat' dir='ltr'><strong>et</strong></span> <span class='ocrx_word' id='word_1_217' title='bbox 2837 1711 3053 1768; x_wconf 87' lang='lat' dir='ltr'><strong>Eleusio</strong></span> <span class='ocrx_word' id='word_1_218' title='bbox 3099 1729 3164 1767; x_wconf 86' lang='lat' dir='ltr'><strong>ac</strong></span> <span class='ocrx_word' id='word_1_219' title='bbox 3191 1721 3362 1767; x_wconf 62' lang='lat' dir='ltr'><strong>ca-tem</strong></span> 
     </span>
    </p>
   </div>
   <div class='ocr_carea' id='block_1_33' title="bbox 97 1783 1659 1874">
    <p class='ocr_par' dir='ltr' id='par_1_33' title="bbox 97 1783 1659 1862">
     <span class='ocr_line' id='line_1_33' title="bbox 97 1783 1659 1862; baseline 0.006 -26"><span class='ocrx_word' id='word_1_220' title='bbox 97 1783 322 1856; x_wconf 86' lang='grc' dir='ltr'>Ῥώμης</span> <span class='ocrx_word' id='word_1_221' title='bbox 347 1784 438 1862; x_wconf 77' lang='grc' dir='ltr'><strong>τὸν</strong></span> <span class='ocrx_word' id='word_1_222' title='bbox 471 1783 778 1857; x_wconf 81' lang='grc' dir='ltr'>μακαρίτην</span> <span class='ocrx_word' id='word_1_223' title='bbox 825 1787 1146 1858; x_wconf 77' lang='grc' dir='ltr'>πρεσσεύειν</span> <span class='ocrx_word' id='word_1_224' title='bbox 1175 1790 1291 1860; x_wconf 78' lang='grc' dir='ltr'><strong>ἅμα</strong></span> <span class='ocrx_word' id='word_1_225' title='bbox 1326 1790 1506 1856; x_wconf 77' lang='grc' dir='ltr'>ἄλλοις</span> <span class='ocrx_word' id='word_1_226' title='bbox 1549 1795 1659 1846; x_wconf 83' lang='grc' dir='ltr'>ἐπι·</span> 
     </span>
    </p>
   </div>
   <div class='ocr_carea' id='block_1_34' title="bbox 1789 1783 3352 1874">
    <p class='ocr_par' dir='ltr' id='par_1_34' title="bbox 1789 1802 3352 1874">
     <span class='ocr_line' id='line_1_34' title="bbox 1789 1802 3352 1874; baseline 0.004 -20"><span class='ocrx_word' id='word_1_227' title='bbox 1789 1802 1847 1858; x_wconf 75' lang='lat' dir='ltr'><strong>is</strong></span> <span class='ocrx_word' id='word_1_228' title='bbox 1868 1804 2246 1872; x_wconf 86' lang='lat' dir='ltr'><strong>persecutione</strong></span> <span class='ocrx_word' id='word_1_229' title='bbox 2269 1805 2508 1874; x_wconf 87' lang='lat' dir='ltr'><strong>jactatus</strong></span> <span class='ocrx_word' id='word_1_230' title='bbox 2529 1813 2648 1871; x_wconf 87' lang='lat' dir='ltr'><strong>est;</strong></span> <span class='ocrx_word' id='word_1_231' title='bbox 2683 1820 2747 1859; x_wconf 90' lang='lat' dir='ltr'><strong>ac</strong></span> <span class='ocrx_word' id='word_1_232' title='bbox 2772 1805 2988 1860; x_wconf 83' lang='lat' dir='ltr'><strong>videtur</strong></span> <span class='ocrx_word' id='word_1_233' title='bbox 3015 1813 3068 1860; x_wconf 90' lang='lat' dir='ltr'><strong>et</strong></span> <span class='ocrx_word' id='word_1_234' title='bbox 3091 1805 3158 1860; x_wconf 87' lang='lat' dir='ltr'><strong>ad</strong></span> <span class='ocrx_word' id='word_1_235' title='bbox 3191 1803 3352 1860; x_wconf 82' lang='lat' dir='ltr'><strong>Libe-</strong></span> 
     </span>
    </p>
   </div>
   <div class='ocr_carea' id='block_1_35' title="bbox 87 1875 1659 1967">
    <p class='ocr_par' dir='ltr' id='par_1_35' title="bbox 87 1875 1659 1954">
     <span class='ocr_line' id='line_1_35' title="bbox 87 1875 1659 1954; baseline 0.006 -28"><span class='ocrx_word' id='word_1_236' title='bbox 87 1875 336 1939; x_wconf 82' lang='grc' dir='ltr'>σκόποις,</span> <span class='ocrx_word' id='word_1_237' title='bbox 370 1876 464 1928; x_wconf 76' lang='grc' dir='ltr'><strong>καὶ</strong></span> <span class='ocrx_word' id='word_1_238' title='bbox 485 1877 548 1946; x_wconf 81' lang='grc' dir='ltr'>τῇ</span> <span class='ocrx_word' id='word_1_239' title='bbox 575 1876 789 1930; x_wconf 77' lang='grc' dir='ltr'>ἐκθέσει</span> <span class='ocrx_word' id='word_1_240' title='bbox 818 1877 918 1948; x_wconf 83' lang='grc' dir='ltr'>τῆς</span> <span class='ocrx_word' id='word_1_241' title='bbox 941 1878 1082 1932; x_wconf 86' lang='grc' dir='ltr'>κατὰ</span> <span class='ocrx_word' id='word_1_242' title='bbox 1105 1879 1342 1933; x_wconf 83' lang='grc' dir='ltr'>Νίκαιαν</span> <span class='ocrx_word' id='word_1_243' title='bbox 1370 1881 1659 1954; x_wconf 82' lang='grc' dir='ltr'>γενομένης</span> 
     </span>
    </p>
   </div>
   <div class='ocr_carea' id='block_1_36' title="bbox 1789 1875 3352 1967">
    <p class='ocr_par' dir='ltr' id='par_1_36' title="bbox 1789 1894 3352 1967">
     <span class='ocr_line' id='line_1_36' title="bbox 1789 1894 3352 1967; baseline 0.004 -21"><span class='ocrx_word' id='word_1_244' title='bbox 1789 1894 1910 1950; x_wconf 74' lang='grc' dir='ltr'>’ἰιιιιι</span> <span class='ocrx_word' id='word_1_245' title='bbox 1929 1896 2098 1952; x_wconf 66' lang='lat' dir='ltr'><strong>beatae</strong></span> <span class='ocrx_word' id='word_1_246' title='bbox 2129 1898 2401 1953; x_wconf 77' lang='lat' dir='ltr'><strong>memoria:</strong></span> <span class='ocrx_word' id='word_1_247' title='bbox 2423 1895 2726 1952; x_wconf 79' lang='lat' dir='ltr'><strong>Romanum</strong></span> <span class='ocrx_word' id='word_1_248' title='bbox 2756 1898 3068 1967; x_wconf 81' lang='lat' dir='ltr'><strong>episcopum</strong></span> <span class='ocrx_word' id='word_1_249' title='bbox 3091 1912 3216 1952; x_wconf 88' lang='lat' dir='ltr'><strong>eum</strong></span> <span class='ocrx_word' id='word_1_250' title='bbox 3230 1897 3352 1952; x_wconf 86' lang='lat' dir='ltr'><strong>aliis</strong></span> 
     </span>
    </p>
   </div>
   <div class='ocr_carea' id='block_1_37' title="bbox 85 1965 1659 2059">
    <p class='ocr_par' dir='ltr' id='par_1_37' title="bbox 85 1965 1659 2044">
     <span class='ocr_line' id='line_1_37' title="bbox 85 1965 1659 2044; baseline 0.006 -26"><span class='ocrx_word' id='word_1_251' title='bbox 85 1965 331 2030; x_wconf 76' lang='grc' dir='ltr'>συνόδου,</span> <span class='ocrx_word' id='word_1_252' title='bbox 369 1969 463 2020; x_wconf 75' lang='grc' dir='ltr'><strong>καὶ</strong></span> <span class='ocrx_word' id='word_1_253' title='bbox 491 1971 556 2039; x_wconf 81' lang='grc' dir='ltr'>τῇ</span> <span class='ocrx_word' id='word_1_254' title='bbox 598 1969 860 2042; x_wconf 83' lang='grc' dir='ltr'>ὁμολογίᾳ</span> <span class='ocrx_word' id='word_1_255' title='bbox 895 1971 993 2042; x_wconf 84' lang='grc' dir='ltr'>τῆς</span> <span class='ocrx_word' id='word_1_256' title='bbox 1029 1970 1334 2042; x_wconf 81' lang='grc' dir='ltr'>όρθοδοξίας</span> <span class='ocrx_word' id='word_1_257' title='bbox 1365 1974 1659 2044; x_wconf 82' lang='grc' dir='ltr'>ὑπογεγρα-</span> 
     </span>
    </p>
   </div>
   <div class='ocr_carea' id='block_1_38' title="bbox 1789 1965 3344 2059">
    <p class='ocr_par' dir='ltr' id='par_1_38' title="bbox 1789 1965 3344 2059">
     <span class='ocr_line' id='line_1_38' title="bbox 1789 1965 3344 2059; baseline 0.001 -19"><span class='ocrx_word' id='word_1_258' title='bbox 1789 1987 2038 2056; x_wconf 71' lang='lat' dir='ltr'><strong>episcopis</strong></span> <span class='ocrx_word' id='word_1_259' title='bbox 2091 1987 2412 2059; x_wconf 79' lang='lat' dir='ltr'><strong>legationem</strong></span> <span class='ocrx_word' id='word_1_260' title='bbox 2443 1989 2668 2053; x_wconf 86' lang='lat' dir='ltr'><strong>obiisse,</strong></span> <span class='ocrx_word' id='word_1_261' title='bbox 2715 1997 2770 2042; x_wconf 92' lang='lat' dir='ltr'><strong>et</strong></span> <span class='ocrx_word' id='word_1_262' title='bbox 2790 1965 3150 2058; x_wconf 68' lang='lat' dir='ltr'><strong>expositione</strong></span> <span class='ocrx_word' id='word_1_263' title='bbox 3189 1989 3344 2052; x_wconf 80' lang='lat' dir='ltr'><strong>fidei,</strong></span> 
     </span>
    </p>
   </div>
   <div class='ocr_carea' id='block_1_39' title="bbox 85 2058 1659 2150">
    <p class='ocr_par' dir='ltr' id='par_1_39' title="bbox 85 2058 1659 2135">
     <span class='ocr_line' id='line_1_39' title="bbox 85 2058 1659 2135; baseline 0.007 -27"><span class='ocrx_word' id='word_1_264' title='bbox 85 2058 268 2126; x_wconf 76' lang='grc' dir='ltr'>φέναι.</span> <span class='ocrx_word' id='word_1_265' title='bbox 299 2059 396 2123; x_wconf 69' lang='lat' dir='ltr'><strong>Ei;</strong></span> <span class='ocrx_word' id='word_1_266' title='bbox 439 2058 664 2132; x_wconf 74' lang='grc' dir='ltr'>ὕστερον</span> <span class='ocrx_word' id='word_1_267' title='bbox 695 2061 753 2114; x_wconf 83' lang='grc' dir='ltr'>δὲ</span> <span class='ocrx_word' id='word_1_268' title='bbox 791 2061 978 2135; x_wconf 84' lang='grc' dir='ltr'>ὥσπερ</span> <span class='ocrx_word' id='word_1_269' title='bbox 1011 2064 1294 2134; x_wconf 83' lang='grc' dir='ltr'>μνησθεὶς,</span> <span class='ocrx_word' id='word_1_270' title='bbox 1321 2067 1414 2118; x_wconf 81' lang='grc' dir='ltr'><strong>καὶ</strong></span> <span class='ocrx_word' id='word_1_271' title='bbox 1449 2066 1510 2130; x_wconf 82' lang='grc' dir='ltr'>ἐξ</span> <span class='ocrx_word' id='word_1_272' title='bbox 1531 2067 1659 2120; x_wconf 83' lang='grc' dir='ltr'>ὀνεί-</span> 
     </span>
    </p>
   </div>
   <div class='ocr_carea' id='block_1_40' title="bbox 1789 2058 3348 2150">
    <p class='ocr_par' dir='ltr' id='par_1_40' title="bbox 1789 2058 3348 2150">
     <span class='ocr_line' id='line_1_40' title="bbox 1789 2058 3348 2150; baseline 0.001 -19"><span class='ocrx_word' id='word_1_273' title='bbox 1789 2093 1896 2147; x_wconf 69' lang='lat' dir='ltr'><strong>juae</strong></span> <span class='ocrx_word' id='word_1_274' title='bbox 1923 2082 1980 2132; x_wconf 91' lang='lat' dir='ltr'><strong>in</strong></span> <span class='ocrx_word' id='word_1_275' title='bbox 2007 2058 2227 2134; x_wconf 68' lang='lat' dir='ltr'><strong>Niearna</strong></span> <span class='ocrx_word' id='word_1_276' title='bbox 2268 2079 2478 2150; x_wconf 75' lang='lat' dir='ltr'><strong>Synodo</strong></span> <span class='ocrx_word' id='word_1_277' title='bbox 2510 2078 2788 2149; x_wconf 84' lang='lat' dir='ltr'><strong>proposita</strong></span> <span class='ocrx_word' id='word_1_278' title='bbox 2817 2077 3014 2144; x_wconf 84' lang='lat' dir='ltr'><strong>fuerat,</strong></span> <span class='ocrx_word' id='word_1_279' title='bbox 3047 2094 3110 2134; x_wconf 89' lang='lat' dir='ltr'><strong>ac</strong></span> <span class='ocrx_word' id='word_1_280' title='bbox 3145 2080 3348 2134; x_wconf 82' lang='lat' dir='ltr'><strong>sinceri</strong></span> 
     </span>
    </p>
   </div>
   <div class='ocr_carea' id='block_1_41' title="bbox 85 2147 1659 2242">
    <p class='ocr_par' dir='ltr' id='par_1_41' title="bbox 85 2147 1659 2226">
     <span class='ocr_line' id='line_1_41' title="bbox 85 2147 1659 2226; baseline 0.008 -29"><span class='ocrx_word' id='word_1_281' title='bbox 85 2165 196 2216; x_wconf 79' lang='grc' dir='ltr'><strong>ρων</strong></span> <span class='ocrx_word' id='word_1_282' title='bbox 251 2147 510 2214; x_wconf 81' lang='grc' dir='ltr'>ἀναστὰς,</span> <span class='ocrx_word' id='word_1_283' title='bbox 562 2149 632 2204; x_wconf 83' lang='grc' dir='ltr'>τὰ</span> <span class='ocrx_word' id='word_1_284' title='bbox 679 2151 872 2204; x_wconf 84' lang='grc' dir='ltr'>ἑαυτοῦ</span> <span class='ocrx_word' id='word_1_285' title='bbox 932 2152 1093 2206; x_wconf 81' lang='grc' dir='ltr'>πάλιν</span> <span class='ocrx_word' id='word_1_286' title='bbox 1155 2153 1347 2224; x_wconf 85' lang='grc' dir='ltr'>πρῶτα</span> <span class='ocrx_word' id='word_1_287' title='bbox 1405 2157 1502 2226; x_wconf 83' lang='grc' dir='ltr'><strong>τῆς</strong></span> <span class='ocrx_word' id='word_1_288' title='bbox 1557 2157 1659 2210; x_wconf 77' lang='grc' dir='ltr'><strong>τῶν</strong></span> 
     </span>
    </p>
   </div>
   <div class='ocr_carea' id='block_1_42' title="bbox 1789 2147 3348 2242">
    <p class='ocr_par' dir='ltr' id='par_1_42' title="bbox 1789 2147 3348 2242">
     <span class='ocr_line' id='line_1_42' title="bbox 1789 2147 3348 2242; baseline 0 -18"><span class='ocrx_word' id='word_1_289' title='bbox 1789 2171 2046 2242; x_wconf 76' lang='lat' dir='ltr'><strong>iogmatis</strong></span> <span class='ocrx_word' id='word_1_290' title='bbox 2099 2147 2428 2242; x_wconf 76' lang='lat' dir='ltr'><strong>professioni</strong></span> <span class='ocrx_word' id='word_1_291' title='bbox 2491 2147 2908 2240; x_wconf 78' lang='lat' dir='ltr'><strong>subscripsisse.</strong></span> <span class='ocrx_word' id='word_1_292' title='bbox 2954 2167 3150 2226; x_wconf 83' lang='lat' dir='ltr'><strong>Postea</strong></span> <span class='ocrx_word' id='word_1_293' title='bbox 3198 2185 3348 2235; x_wconf 83' lang='lat' dir='ltr'><strong>vero,</strong></span> 
     </span>
    </p>
   </div>
   <div class='ocr_carea' id='block_1_43' title="bbox 85 2239 1662 2316">
    <p class='ocr_par' dir='ltr' id='par_1_43' title="bbox 85 2239 1662 2316">
     <span class='ocr_line' id='line_1_43' title="bbox 85 2239 1662 2316; baseline 0.009 -26"><span class='ocrx_word' id='word_1_294' title='bbox 85 2239 384 2310; x_wconf 78' lang='grc' dir='ltr'>’Δρειανῶν</span> <span class='ocrx_word' id='word_1_295' title='bbox 415 2241 732 2308; x_wconf 81' lang='grc' dir='ltr'>κακοδοξίας</span> <span class='ocrx_word' id='word_1_296' title='bbox 775 2245 1241 2316; x_wconf 85' lang='grc' dir='ltr'>ἐπισκεπτόμενος</span> <span class='ocrx_word' id='word_1_297' title='bbox 1274 2247 1333 2299; x_wconf 84' lang='grc' dir='ltr'><strong>ού</strong></span> <span class='ocrx_word' id='word_1_298' title='bbox 1377 2247 1662 2306; x_wconf 88' lang='grc' dir='ltr'>διέλειπεν.</span> 
     </span>
    </p>
   </div>
   <div class='ocr_carea' id='block_1_44' title="bbox 83 2331 1666 2413">
    <p class='ocr_par' dir='ltr' id='par_1_44' title="bbox 83 2331 1666 2413">
     <span class='ocr_line' id='line_1_44' title="bbox 83 2331 1666 2413; baseline 0.006 -29"><span class='ocrx_word' id='word_1_299' title='bbox 83 2331 276 2400; x_wconf 83' lang='grc' dir='ltr'>Ὅμως</span> <span class='ocrx_word' id='word_1_300' title='bbox 297 2333 424 2404; x_wconf 77' lang='grc' dir='ltr'>περὶ</span> <span class='ocrx_word' id='word_1_301' title='bbox 445 2333 656 2404; x_wconf 81' lang='grc' dir='ltr'>Ἀερίου</span> <span class='ocrx_word' id='word_1_302' title='bbox 684 2335 814 2406; x_wconf 82' lang='grc' dir='ltr'>ἡμῖν</span> <span class='ocrx_word' id='word_1_303' title='bbox 840 2338 868 2390; x_wconf 98' lang='lat'><strong>6</strong></span> <span class='ocrx_word' id='word_1_304' title='bbox 892 2335 1048 2406; x_wconf 82' lang='grc' dir='ltr'>λόγος</span> <span class='ocrx_word' id='word_1_305' title='bbox 1076 2337 1325 2400; x_wconf 52' lang='grc' dir='ltr'>ἐστίιΔιό</span> <span class='ocrx_word' id='word_1_306' title='bbox 1350 2334 1507 2404; x_wconf 83' lang='grc' dir='ltr'>αὖθις</span> <span class='ocrx_word' id='word_1_307' title='bbox 1529 2343 1666 2413; x_wconf 78' lang='grc' dir='ltr'>πρὸς</span> 
     </span>
    </p>
   </div>
   <div class='ocr_carea' id='block_1_45' title="bbox 83 2423 686 2495">
    <p class='ocr_par' dir='ltr' id='par_1_45' title="bbox 83 2423 686 2495">
     <span class='ocr_line' id='line_1_45' title="bbox 83 2423 686 2495; baseline 0.008 -19"><span class='ocrx_word' id='word_1_308' title='bbox 83 2423 246 2479; x_wconf 71' lang='grc' dir='ltr'>αὐτὸν</span> <span class='ocrx_word' id='word_1_309' title='bbox 275 2425 686 2495; x_wconf 83' lang='grc' dir='ltr'>ἐπιστρεπτέον.</span> 
     </span>
    </p>
   </div>
   <div class='ocr_carea' id='block_1_46' title="bbox 151 2685 1662 2766">
    <p class='ocr_par' dir='ltr' id='par_1_46' title="bbox 151 2685 1662 2766">
     <span class='ocr_line' id='line_1_46' title="bbox 151 2685 1662 2766; baseline 0.003 -18"><span class='ocrx_word' id='word_1_310' title='bbox 151 2693 225 2750; x_wconf 75' lang='grc' dir='ltr'><strong>Ρ.</strong></span> <span class='ocrx_word' id='word_1_311' title='bbox 263 2685 434 2759; x_wconf 77' lang='grc' dir='ltr'>Οὗτος</span> <span class='ocrx_word' id='word_1_312' title='bbox 464 2696 492 2748; x_wconf 98' lang='lat'><strong>6</strong></span> <span class='ocrx_word' id='word_1_313' title='bbox 518 2693 728 2766; x_wconf 78' lang='grc' dir='ltr'>’Λέριος</span> <span class='ocrx_word' id='word_1_314' title='bbox 752 2694 838 2750; x_wconf 77' lang='grc' dir='ltr'>διὰ</span> <span class='ocrx_word' id='word_1_315' title='bbox 867 2697 994 2762; x_wconf 79' lang='grc' dir='ltr'>τοὺς</span> <span class='ocrx_word' id='word_1_316' title='bbox 1036 2697 1312 2760; x_wconf 84' lang='grc' dir='ltr'>τοιούτους</span> <span class='ocrx_word' id='word_1_317' title='bbox 1357 2697 1547 2766; x_wconf 82' lang='grc' dir='ltr'>λόγους</span> <span class='ocrx_word' id='word_1_318' title='bbox 1573 2715 1662 2752; x_wconf 78' lang='grc' dir='ltr'>σε·</span> 
     </span>
    </p>
   </div>
   <div class='ocr_carea' id='block_1_47' title="bbox 84 2787 1667 2862">
    <p class='ocr_par' dir='ltr' id='par_1_47' title="bbox 84 2787 1667 2862">
     <span class='ocr_line' id='line_1_47' title="bbox 84 2787 1667 2862; baseline 0.002 -20"><span class='ocrx_word' id='word_1_319' title='bbox 84 2787 346 2858; x_wconf 84' lang='grc' dir='ltr'>μνύνεται</span> <span class='ocrx_word' id='word_1_320' title='bbox 391 2787 490 2859; x_wconf 88' lang='grc' dir='ltr'><strong>μὲν</strong></span> <span class='ocrx_word' id='word_1_321' title='bbox 529 2788 826 2856; x_wconf 81' lang='grc' dir='ltr'>ἀποταξίαν</span> <span class='ocrx_word' id='word_1_322' title='bbox 854 2791 911 2844; x_wconf 86' lang='grc' dir='ltr'><strong>ἐν</strong></span> <span class='ocrx_word' id='word_1_323' title='bbox 946 2791 1122 2862; x_wconf 80' lang='grc' dir='ltr'><strong>ἀρχῇ·</strong></span> <span class='ocrx_word' id='word_1_324' title='bbox 1171 2789 1488 2845; x_wconf 78' lang='grc' dir='ltr'>καταλιπὼν</span> <span class='ocrx_word' id='word_1_325' title='bbox 1513 2793 1568 2845; x_wconf 88' lang='grc' dir='ltr'>δὲ</span> <span class='ocrx_word' id='word_1_326' title='bbox 1606 2791 1667 2844; x_wconf 81' lang='grc' dir='ltr'><strong>τὸ</strong></span> 
     </span>
    </p>
   </div>
   <div class='ocr_carea' id='block_1_48' title="bbox 83 2879 1665 2955">
    <p class='ocr_par' dir='ltr' id='par_1_48' title="bbox 83 2879 1665 2955">
     <span class='ocr_line' id='line_1_48' title="bbox 83 2879 1665 2955; baseline 0.002 -21"><span class='ocrx_word' id='word_1_327' title='bbox 83 2882 537 2953; x_wconf 84' lang='grc' dir='ltr'>πτωχοτροφείον,</span> <span class='ocrx_word' id='word_1_328' title='bbox 583 2879 917 2952; x_wconf 83' lang='grc' dir='ltr'>παρείλκυσε</span> <span class='ocrx_word' id='word_1_329' title='bbox 952 2881 1126 2936; x_wconf 77' lang='grc' dir='ltr'>πολὺν</span> <span class='ocrx_word' id='word_1_330' title='bbox 1157 2883 1320 2954; x_wconf 76' lang='grc' dir='ltr'>χορὸν</span> <span class='ocrx_word' id='word_1_331' title='bbox 1357 2883 1566 2955; x_wconf 83' lang='grc' dir='ltr'>ἀνδρῶν</span> <span class='ocrx_word' id='word_1_332' title='bbox 1606 2901 1665 2937; x_wconf 88' lang='grc' dir='ltr'><strong>τε</strong></span> 
     </span>
    </p>
   </div>
   <div class='ocr_carea' id='block_1_49' title="bbox 81 2969 1663 3044">
    <p class='ocr_par' dir='ltr' id='par_1_49' title="bbox 81 2969 1663 3044">
     <span class='ocr_line' id='line_1_49' title="bbox 81 2969 1663 3044; baseline 0.003 -22"><span class='ocrx_word' id='word_1_333' title='bbox 81 2969 491 3036; x_wconf 77' lang='grc' dir='ltr'>καὶγυναικῶν.</span> <span class='ocrx_word' id='word_1_334' title='bbox 517 2969 888 3042; x_wconf 85' lang='grc' dir='ltr'>Ἀπηλαύνετο</span> <span class='ocrx_word' id='word_1_335' title='bbox 920 2970 975 3024; x_wconf 85' lang='grc' dir='ltr'>δὲ</span> <span class='ocrx_word' id='word_1_336' title='bbox 1003 2969 1168 3035; x_wconf 80' lang='grc' dir='ltr'>αὐτὸς</span> <span class='ocrx_word' id='word_1_337' title='bbox 1195 2971 1335 3042; x_wconf 82' lang='grc' dir='ltr'>μετὰ</span> <span class='ocrx_word' id='word_1_338' title='bbox 1370 2973 1469 3044; x_wconf 82' lang='grc' dir='ltr'>τῆς</span> <span class='ocrx_word' id='word_1_339' title='bbox 1497 2971 1663 3026; x_wconf 82' lang='grc' dir='ltr'>αὐτοῦ</span> 
     </span>
    </p>
   </div>
   <div class='ocr_carea' id='block_1_50' title="bbox 82 3061 1665 3140">
    <p class='ocr_par' dir='ltr' id='par_1_50' title="bbox 82 3061 1665 3140">
     <span class='ocr_line' id='line_1_50' title="bbox 82 3061 1665 3140; baseline 0 -22"><span class='ocrx_word' id='word_1_340' title='bbox 82 3062 184 3118; x_wconf 73' lang='grc' dir='ltr'>ἀπὸ</span> <span class='ocrx_word' id='word_1_341' title='bbox 213 3063 324 3115; x_wconf 84' lang='grc' dir='ltr'><strong>τῶν</strong></span> <span class='ocrx_word' id='word_1_342' title='bbox 363 3061 670 3134; x_wconf 79' lang='grc' dir='ltr'>ἐκκλησιῶν</span> <span class='ocrx_word' id='word_1_343' title='bbox 707 3063 802 3117; x_wconf 70' lang='grc' dir='ltr'><strong>καὶ</strong></span> <span class='ocrx_word' id='word_1_344' title='bbox 845 3062 1030 3135; x_wconf 81' lang='grc' dir='ltr'>ἀγρῶν</span> <span class='ocrx_word' id='word_1_345' title='bbox 1080 3064 1172 3118; x_wconf 74' lang='grc' dir='ltr'><strong>καὶ</strong></span> <span class='ocrx_word' id='word_1_346' title='bbox 1203 3064 1412 3140; x_wconf 77' lang='grc' dir='ltr'>κωμῶν</span> <span class='ocrx_word' id='word_1_347' title='bbox 1442 3067 1536 3119; x_wconf 82' lang='grc' dir='ltr'>καὶ</span> <span class='ocrx_word' id='word_1_348' title='bbox 1555 3064 1665 3119; x_wconf 86' lang='grc' dir='ltr'><strong>τῶν</strong></span> 
     </span>
    </p>
   </div>
   <div class='ocr_carea' id='block_1_51' title="bbox 83 3125 1736 3227">
    <p class='ocr_par' dir='ltr' id='par_1_51' title="bbox 83 3125 1736 3227">
     <span class='ocr_line' id='line_1_51' title="bbox 83 3125 1736 3227; baseline 0.002 -21"><span class='ocrx_word' id='word_1_349' title='bbox 83 3153 255 3208; x_wconf 73' lang='grc' dir='ltr'>ἄλλων</span> <span class='ocrx_word' id='word_1_350' title='bbox 287 3125 531 3208; x_wconf 47' lang='grc' dir='ltr'>πόλεων..</span> <span class='ocrx_word' id='word_1_351' title='bbox 569 3154 837 3218; x_wconf 88' lang='grc' dir='ltr'>Πολλάκις</span> <span class='ocrx_word' id='word_1_352' title='bbox 873 3125 936 3207; x_wconf 49' lang='grc' dir='ltr'>δὲ.</span> <span class='ocrx_word' id='word_1_353' title='bbox 960 3157 1102 3226; x_wconf 86' lang='grc' dir='ltr'>μετὰ</span> <span class='ocrx_word' id='word_1_354' title='bbox 1141 3125 1334 3210; x_wconf 74' lang='grc' dir='ltr'>πολλόῦ</span> <span class='ocrx_word' id='word_1_355' title='bbox 1372 3135 1528 3227; x_wconf 66' lang='grc' dir='ltr'>ὄχλου</span> <span class='ocrx_word' id='word_1_356' title='bbox 1569 3155 1661 3210; x_wconf 72' lang='grc' dir='ltr'>τοῦ</span> <span class='ocrx_word' id='word_1_357' title='bbox 1689 3125 1736 3184; x_wconf 73' lang='lat' dir='ltr'><strong>c</strong></span> 
     </span>
    </p>
   </div>
   <div class='ocr_carea' id='block_1_52' title="bbox 85 3247 1664 3321">
    <p class='ocr_par' dir='ltr' id='par_1_52' title="bbox 85 3247 1664 3321">
     <span class='ocr_line' id='line_1_52' title="bbox 85 3247 1664 3321; baseline 0.002 -22"><span class='ocrx_word' id='word_1_358' title='bbox 85 3247 210 3299; x_wconf 73' lang='grc' dir='ltr'>ἰδίου</span> <span class='ocrx_word' id='word_1_359' title='bbox 249 3247 530 3317; x_wconf 78' lang='grc' dir='ltr'>νιφόμενοι</span> <span class='ocrx_word' id='word_1_360' title='bbox 571 3247 804 3318; x_wconf 85' lang='grc' dir='ltr'>ἀγρόθεν</span> <span class='ocrx_word' id='word_1_361' title='bbox 843 3247 1132 3316; x_wconf 85' lang='grc' dir='ltr'>διετέλουν,</span> <span class='ocrx_word' id='word_1_362' title='bbox 1165 3249 1420 3321; x_wconf 78' lang='grc' dir='ltr'>ὕπαιθροί</span> <span class='ocrx_word' id='word_1_363' title='bbox 1465 3266 1522 3303; x_wconf 87' lang='grc' dir='ltr'><strong>τε</strong></span> <span class='ocrx_word' id='word_1_364' title='bbox 1571 3249 1664 3302; x_wconf 77' lang='grc' dir='ltr'><strong>καὶ</strong></span> 
     </span>
    </p>
   </div>
   <div class='ocr_carea' id='block_1_53' title="bbox 83 3337 1663 3410">
    <p class='ocr_par' dir='ltr' id='par_1_53' title="bbox 83 3337 1663 3410">
     <span class='ocr_line' id='line_1_53' title="bbox 83 3337 1663 3410; baseline 0.003 -19"><span class='ocrx_word' id='word_1_365' title='bbox 83 3339 182 3391; x_wconf 72' lang='grc' dir='ltr'><strong>ὑπὸ</strong></span> <span class='ocrx_word' id='word_1_366' title='bbox 205 3339 412 3407; x_wconf 82' lang='grc' dir='ltr'>πέτρας</span> <span class='ocrx_word' id='word_1_367' title='bbox 429 3338 789 3409; x_wconf 75' lang='grc' dir='ltr'>αὐλιζόμενοι,</span> <span class='ocrx_word' id='word_1_368' title='bbox 817 3341 874 3394; x_wconf 86' lang='grc' dir='ltr'>ὲν</span> <span class='ocrx_word' id='word_1_369' title='bbox 892 3341 1044 3404; x_wconf 75' lang='grc' dir='ltr'>ὕλαις</span> <span class='ocrx_word' id='word_1_370' title='bbox 1072 3341 1528 3410; x_wconf 72' lang='grc' dir='ltr'>καταφεύγοντες.</span> <span class='ocrx_word' id='word_1_371' title='bbox 1555 3337 1663 3402; x_wconf 82' lang='grc' dir='ltr'>Ἦν</span> 
     </span>
    </p>
   </div>
   <div class='ocr_carea' id='block_1_54' title="bbox 81 3431 1662 3506">
    <p class='ocr_par' dir='ltr' id='par_1_54' title="bbox 81 3431 1662 3506">
     <span class='ocr_line' id='line_1_54' title="bbox 81 3431 1662 3506; baseline 0.002 -21"><span class='ocrx_word' id='word_1_372' title='bbox 81 3433 134 3486; x_wconf 79' lang='grc' dir='ltr'>δὲ</span> <span class='ocrx_word' id='word_1_373' title='bbox 157 3431 321 3485; x_wconf 77' lang='grc' dir='ltr'>αὐτοῦ</span> <span class='ocrx_word' id='word_1_374' title='bbox 347 3433 376 3485; x_wconf 87' lang='lat'><strong>6</strong></span> <span class='ocrx_word' id='word_1_375' title='bbox 398 3432 557 3501; x_wconf 82' lang='grc' dir='ltr'>λόγος</span> <span class='ocrx_word' id='word_1_376' title='bbox 585 3431 857 3504; x_wconf 85' lang='grc' dir='ltr'>μανιώδης</span> <span class='ocrx_word' id='word_1_377' title='bbox 884 3433 1080 3504; x_wconf 84' lang='grc' dir='ltr'>μᾶλλον</span> <span class='ocrx_word' id='word_1_378' title='bbox 1105 3436 1248 3506; x_wconf 77' lang='grc' dir='ltr'>ἥπερ</span> <span class='ocrx_word' id='word_1_379' title='bbox 1278 3435 1662 3499; x_wconf 86' lang='grc' dir='ltr'>καταστάσεως</span> 
     </span>
    </p>
   </div>
   <div class='ocr_carea' id='block_1_55' title="bbox 83 3523 1660 3599">
    <p class='ocr_par' dir='ltr' id='par_1_55' title="bbox 83 3523 1660 3599">
     <span class='ocr_line' id='line_1_55' title="bbox 83 3523 1660 3599; baseline 0.003 -21"><span class='ocrx_word' id='word_1_380' title='bbox 83 3523 465 3596; x_wconf 81' lang='grc' dir='ltr'>ἀνθρωπίνης·</span> <span class='ocrx_word' id='word_1_381' title='bbox 527 3525 621 3577; x_wconf 88' lang='grc' dir='ltr'><strong>καί</strong></span> <span class='ocrx_word' id='word_1_382' title='bbox 689 3541 856 3596; x_wconf 72' lang='grc' dir='ltr'>φησιο</span> <span class='ocrx_word' id='word_1_383' title='bbox 899 3525 965 3578; x_wconf 86' lang='grc' dir='ltr'>Τί</span> <span class='ocrx_word' id='word_1_384' title='bbox 1013 3528 1160 3580; x_wconf 86' lang='grc' dir='ltr'>ἐστιν</span> <span class='ocrx_word' id='word_1_385' title='bbox 1206 3528 1503 3591; x_wconf 74' lang='grc' dir='ltr'>ἐπίσκοπος</span> <span class='ocrx_word' id='word_1_386' title='bbox 1549 3525 1660 3599; x_wconf 83' lang='grc'>(76)</span> 
     </span>
    </p>
   </div>
   <div class='ocr_carea' id='block_1_56' title="bbox 84 3613 1658 3688">
    <p class='ocr_par' dir='ltr' id='par_1_56' title="bbox 84 3613 1658 3688">
     <span class='ocr_line' id='line_1_56' title="bbox 84 3613 1658 3688; baseline 0.003 -21"><span class='ocrx_word' id='word_1_387' title='bbox 84 3618 216 3688; x_wconf 72' lang='grc' dir='ltr'>πρὸς</span> <span class='ocrx_word' id='word_1_388' title='bbox 253 3615 662 3688; x_wconf 76' lang='grc' dir='ltr'>πρεσϐύτερον;</span> <span class='ocrx_word' id='word_1_389' title='bbox 703 3617 868 3670; x_wconf 80' lang='grc' dir='ltr'>υύδὲν</span> <span class='ocrx_word' id='word_1_390' title='bbox 894 3617 1198 3673; x_wconf 85' lang='grc' dir='ltr'>διαλλάττει</span> <span class='ocrx_word' id='word_1_391' title='bbox 1244 3613 1397 3684; x_wconf 71' lang='grc' dir='ltr'>οὗτος</span> <span class='ocrx_word' id='word_1_392' title='bbox 1435 3619 1658 3673; x_wconf 72' lang='grc' dir='ltr'>τούτοιν</span> 
     </span>
    </p>
   </div>
   <div class='ocr_carea' id='block_1_57' title="bbox 87 3706 1662 3784">
    <p class='ocr_par' dir='ltr' id='par_1_57' title="bbox 87 3706 1662 3784">
     <span class='ocr_line' id='line_1_57' title="bbox 87 3706 1662 3784; baseline 0.004 -23"><span class='ocrx_word' id='word_1_393' title='bbox 87 3709 182 3778; x_wconf 81' lang='grc' dir='ltr'><strong>μία</strong></span> <span class='ocrx_word' id='word_1_394' title='bbox 222 3709 330 3780; x_wconf 82' lang='grc' dir='ltr'><strong>γάρ</strong></span> <span class='ocrx_word' id='word_1_395' title='bbox 391 3710 508 3761; x_wconf 82' lang='grc' dir='ltr'>ἐστι</span> <span class='ocrx_word' id='word_1_396' title='bbox 568 3706 722 3772; x_wconf 81' lang='grc' dir='ltr'>τάξις</span> <span class='ocrx_word' id='word_1_397' title='bbox 782 3711 876 3762; x_wconf 77' lang='grc' dir='ltr'><strong>καὶ</strong></span> <span class='ocrx_word' id='word_1_398' title='bbox 927 3711 1046 3780; x_wconf 88' lang='grc' dir='ltr'>μία,</span> <span class='ocrx_word' id='word_1_399' title='bbox 1100 3713 1254 3783; x_wconf 60' lang='grc' dir='ltr'>φησι,</span> <span class='ocrx_word' id='word_1_400' title='bbox 1303 3713 1566 3784; x_wconf 77' lang='grc' dir='ltr'>τιμὴ,καὶ</span> <span class='ocrx_word' id='word_1_401' title='bbox 1604 3714 1662 3768; x_wconf 81' lang='grc' dir='ltr'>ἓν</span> 
     </span>
    </p>
   </div>
   <div class='ocr_carea' id='block_1_58' title="bbox 85 3799 1661 3871">
    <p class='ocr_par' dir='ltr' id='par_1_58' title="bbox 85 3799 1661 3871">
     <span class='ocr_line' id='line_1_58' title="bbox 85 3799 1661 3871; baseline 0.004 -17"><span class='ocrx_word' id='word_1_402' title='bbox 85 3800 318 3871; x_wconf 80' lang='grc' dir='ltr'>ἀξίωμα.</span> <span class='ocrx_word' id='word_1_403' title='bbox 397 3799 734 3871; x_wconf 82' lang='grc' dir='ltr'>Χειροθετεί,</span> <span class='ocrx_word' id='word_1_404' title='bbox 795 3801 980 3870; x_wconf 72' lang='grc' dir='ltr'>φησὶν,</span> <span class='ocrx_word' id='word_1_405' title='bbox 1037 3803 1354 3868; x_wconf 83' lang='grc' dir='ltr'>ἐπίσκοπος,</span> <span class='ocrx_word' id='word_1_406' title='bbox 1394 3805 1526 3859; x_wconf 84' lang='grc' dir='ltr'>ἀλλὰ</span> <span class='ocrx_word' id='word_1_407' title='bbox 1567 3809 1661 3860; x_wconf 78' lang='grc' dir='ltr'><strong>καὶ</strong></span> 
     </span>
    </p>
   </div>
   <div class='ocr_carea' id='block_1_59' title="bbox 82 3893 1659 3969">
    <p class='ocr_par' dir='ltr' id='par_1_59' title="bbox 82 3893 1659 3969">
     <span class='ocr_line' id='line_1_59' title="bbox 82 3893 1659 3969; baseline 0.004 -24"><span class='ocrx_word' id='word_1_408' title='bbox 82 3896 110 3946; x_wconf 88' lang='lat'><strong>6</strong></span> <span class='ocrx_word' id='word_1_409' title='bbox 137 3893 525 3964; x_wconf 82' lang='grc' dir='ltr'>πρεσϐύτερος.</span> <span class='ocrx_word' id='word_1_410' title='bbox 562 3893 800 3964; x_wconf 84' lang='grc' dir='ltr'>Λουτρὸν</span> <span class='ocrx_word' id='word_1_411' title='bbox 825 3895 1040 3948; x_wconf 86' lang='grc' dir='ltr'>δίδωσιν</span> <span class='ocrx_word' id='word_1_412' title='bbox 1067 3897 1095 3950; x_wconf 88' lang='grc' dir='ltr'><strong>ό</strong></span> <span class='ocrx_word' id='word_1_413' title='bbox 1119 3898 1435 3963; x_wconf 81' lang='grc' dir='ltr'>ἐπίσκοπος,</span> <span class='ocrx_word' id='word_1_414' title='bbox 1459 3900 1659 3969; x_wconf 84' lang='grc' dir='ltr'>ὁμοίως</span> 
     </span>
    </p>
   </div>
   <div class='ocr_carea' id='block_1_60' title="bbox 84 3987 1659 4064">
    <p class='ocr_par' dir='ltr' id='par_1_60' title="bbox 84 3987 1659 4064">
     <span class='ocr_line' id='line_1_60' title="bbox 84 3987 1659 4064; baseline 0.003 -26"><span class='ocrx_word' id='word_1_415' title='bbox 84 3987 174 4038; x_wconf 66' lang='grc' dir='ltr'><strong>καὶ</strong></span> <span class='ocrx_word' id='word_1_416' title='bbox 201 3989 228 4039; x_wconf 89' lang='lat'><strong>6</strong></span> <span class='ocrx_word' id='word_1_417' title='bbox 253 3987 645 4057; x_wconf 71' lang='grc' dir='ltr'>πρεσϐύτερος.</span> <span class='ocrx_word' id='word_1_418' title='bbox 678 3987 789 4057; x_wconf 85' lang='grc' dir='ltr'><strong>Τὴν</strong></span> <span class='ocrx_word' id='word_1_419' title='bbox 811 3987 1124 4058; x_wconf 75' lang='grc' dir='ltr'>οἰκονομίαν</span> <span class='ocrx_word' id='word_1_420' title='bbox 1143 3991 1240 4061; x_wconf 79' lang='grc' dir='ltr'>τῆς</span> <span class='ocrx_word' id='word_1_421' title='bbox 1269 3991 1520 4064; x_wconf 85' lang='grc' dir='ltr'>λατρείας</span> <span class='ocrx_word' id='word_1_422' title='bbox 1547 3991 1659 4062; x_wconf 72' lang='grc' dir='ltr'><strong>(π)</strong></span> 
     </span>
    </p>
   </div>
   <div class='ocr_carea' id='block_1_61' title="bbox 87 4079 1662 4158">
    <p class='ocr_par' dir='ltr' id='par_1_61' title="bbox 87 4079 1662 4158">
     <span class='ocr_line' id='line_1_61' title="bbox 87 4079 1662 4158; baseline 0.002 -26"><span class='ocrx_word' id='word_1_423' title='bbox 87 4082 222 4132; x_wconf 73' lang='grc' dir='ltr'>ποιεῖ</span> <span class='ocrx_word' id='word_1_424' title='bbox 244 4081 272 4132; x_wconf 85' lang='lat'><strong>6</strong></span> <span class='ocrx_word' id='word_1_425' title='bbox 295 4079 614 4158; x_wconf 75' lang='grc' dir='ltr'>ἐπίσκοπος,</span> <span class='ocrx_word' id='word_1_426' title='bbox 640 4080 731 4132; x_wconf 77' lang='grc' dir='ltr'><strong>καὶ</strong></span> <span class='ocrx_word' id='word_1_427' title='bbox 755 4081 782 4132; x_wconf 89' lang='lat'><strong>6</strong></span> <span class='ocrx_word' id='word_1_428' title='bbox 813 4079 1183 4152; x_wconf 76' lang='grc' dir='ltr'>πρεσϐύτερος</span> <span class='ocrx_word' id='word_1_429' title='bbox 1203 4081 1485 4140; x_wconf 78' lang='grc' dir='ltr'>ὡσαύτως.</span> <span class='ocrx_word' id='word_1_430' title='bbox 1515 4081 1662 4134; x_wconf 83' lang='grc' dir='ltr'>Καθ-</span> 
     </span>
    </p>
   </div>
   <div class='ocr_carea' id='block_1_62' title="bbox 87 4171 1660 4243">
    <p class='ocr_par' dir='ltr' id='par_1_62' title="bbox 87 4171 1660 4243">
     <span class='ocr_line' id='line_1_62' title="bbox 87 4171 1660 4243; baseline 0.001 -17"><span class='ocrx_word' id='word_1_431' title='bbox 87 4173 260 4237; x_wconf 78' lang='grc' dir='ltr'>ἑζεται</span> <span class='ocrx_word' id='word_1_432' title='bbox 289 4173 318 4224; x_wconf 90' lang='lat'><strong>6</strong></span> <span class='ocrx_word' id='word_1_433' title='bbox 356 4172 657 4236; x_wconf 83' lang='grc' dir='ltr'>ἐπίσκοπος</span> <span class='ocrx_word' id='word_1_434' title='bbox 681 4172 773 4225; x_wconf 76' lang='grc' dir='ltr'><strong>ἐπὶ</strong></span> <span class='ocrx_word' id='word_1_435' title='bbox 807 4171 900 4225; x_wconf 83' lang='grc' dir='ltr'>τοῦ</span> <span class='ocrx_word' id='word_1_436' title='bbox 941 4171 1156 4243; x_wconf 88' lang='grc' dir='ltr'>θρόνου,</span> <span class='ocrx_word' id='word_1_437' title='bbox 1185 4172 1476 4239; x_wconf 78' lang='grc' dir='ltr'>καθέζεται</span> <span class='ocrx_word' id='word_1_438' title='bbox 1511 4175 1604 4228; x_wconf 80' lang='grc' dir='ltr'><strong>καὶ</strong></span> <span class='ocrx_word' id='word_1_439' title='bbox 1632 4176 1660 4227; x_wconf 88' lang='lat'><strong>6</strong></span> 
     </span>
    </p>
   </div>
   <div class='ocr_carea' id='block_1_63' title="bbox 89 4261 1661 4336">
    <p class='ocr_par' dir='ltr' id='par_1_63' title="bbox 89 4261 1661 4336">
     <span class='ocr_line' id='line_1_63' title="bbox 89 4261 1661 4336; baseline 0.001 -19"><span class='ocrx_word' id='word_1_440' title='bbox 89 4263 470 4335; x_wconf 78' lang='grc' dir='ltr'>πρεσὸύτερος.</span> <span class='ocrx_word' id='word_1_441' title='bbox 523 4261 616 4317; x_wconf 83' lang='grc' dir='ltr'>Ἐν</span> <span class='ocrx_word' id='word_1_442' title='bbox 668 4263 846 4335; x_wconf 85' lang='grc' dir='ltr'>τούτῳ</span> <span class='ocrx_word' id='word_1_443' title='bbox 879 4264 1108 4330; x_wconf 85' lang='grc' dir='ltr'>πολλοὺς</span> <span class='ocrx_word' id='word_1_444' title='bbox 1135 4265 1406 4336; x_wconf 82' lang='grc' dir='ltr'>ἠπάτησε,</span> <span class='ocrx_word' id='word_1_445' title='bbox 1442 4265 1535 4318; x_wconf 73' lang='grc' dir='ltr'>καὶ</span> <span class='ocrx_word' id='word_1_446' title='bbox 1564 4267 1661 4336; x_wconf 55' lang='lat' dir='ltr'><strong>dp,—</strong></span> 
     </span>
    </p>
   </div>
   <div class='ocr_carea' id='block_1_64' title="bbox 87 4353 1660 4430">
    <p class='ocr_par' dir='ltr' id='par_1_64' title="bbox 87 4353 1660 4430">
     <span class='ocr_line' id='line_1_64' title="bbox 87 4353 1660 4430; baseline 0.004 -23"><span class='ocrx_word' id='word_1_447' title='bbox 87 4355 244 4425; x_wconf 78' lang='grc' dir='ltr'>χηγὸν</span> <span class='ocrx_word' id='word_1_448' title='bbox 287 4355 478 4408; x_wconf 79' lang='grc' dir='ltr'>τοῦτον</span> <span class='ocrx_word' id='word_1_449' title='bbox 522 4355 841 4426; x_wconf 84' lang='grc' dir='ltr'>ἐσχήκασιν.</span> <span class='ocrx_word' id='word_1_450' title='bbox 885 4353 1020 4412; x_wconf 71' lang='grc' dir='ltr'>Εἶτά</span> <span class='ocrx_word' id='word_1_451' title='bbox 1098 4373 1271 4430; x_wconf 85' lang='grc' dir='ltr'>φησι·</span> <span class='ocrx_word' id='word_1_452' title='bbox 1322 4359 1386 4411; x_wconf 92' lang='grc' dir='ltr'><strong>Τί</strong></span> <span class='ocrx_word' id='word_1_453' title='bbox 1434 4359 1550 4412; x_wconf 81' lang='grc' dir='ltr'>ἐστι</span> <span class='ocrx_word' id='word_1_454' title='bbox 1599 4359 1660 4413; x_wconf 84' lang='grc' dir='ltr'><strong>τὸ</strong></span> 
     </span>
    </p>
   </div>
   <div class='ocr_carea' id='block_1_65' title="bbox 1766 2261 3345 2332">
    <p class='ocr_par' dir='ltr' id='par_1_65' title="bbox 1766 2261 3345 2332">
     <span class='ocr_line' id='line_1_65' title="bbox 1766 2261 3345 2332; baseline 0 -16"><span class='ocrx_word' id='word_1_455' title='bbox 1766 2263 1912 2318; x_wconf 77' lang='lat' dir='ltr'><strong>velut</strong></span> <span class='ocrx_word' id='word_1_456' title='bbox 1942 2277 1972 2316; x_wconf 90' lang='lat' dir='ltr'><strong>a</strong></span> <span class='ocrx_word' id='word_1_457' title='bbox 2003 2277 2198 2318; x_wconf 88' lang='lat' dir='ltr'><strong>somno</strong></span> <span class='ocrx_word' id='word_1_458' title='bbox 2228 2278 2288 2318; x_wconf 89' lang='lat' dir='ltr'><strong>se</strong></span> <span class='ocrx_word' id='word_1_459' title='bbox 2321 2267 2588 2318; x_wconf 68' lang='lat' dir='ltr'><strong>remeans</strong></span> <span class='ocrx_word' id='word_1_460' title='bbox 2616 2277 2681 2316; x_wconf 87' lang='lat' dir='ltr'><strong>ac</strong></span> <span class='ocrx_word' id='word_1_461' title='bbox 2715 2262 2960 2332; x_wconf 86' lang='lat' dir='ltr'><strong>priorum</strong></span> <span class='ocrx_word' id='word_1_462' title='bbox 2997 2261 3345 2324; x_wconf 84' lang='lat' dir='ltr'><strong>recordatus,</strong></span> 
     </span>
    </p>
   </div>
   <div class='ocr_carea' id='block_1_66' title="bbox 1766 2352 3346 2424">
    <p class='ocr_par' dir='ltr' id='par_1_66' title="bbox 1766 2352 3346 2424">
     <span class='ocr_line' id='line_1_66' title="bbox 1766 2352 3346 2424; baseline -0.001 -16"><span class='ocrx_word' id='word_1_463' title='bbox 1766 2353 1836 2408; x_wconf 87' lang='lat' dir='ltr'><strong>ad</strong></span> <span class='ocrx_word' id='word_1_464' title='bbox 1891 2353 2150 2410; x_wconf 84' lang='lat' dir='ltr'><strong>Arianam</strong></span> <span class='ocrx_word' id='word_1_465' title='bbox 2212 2352 2516 2424; x_wconf 81' lang='lat' dir='ltr'><strong>perfidiam,</strong></span> <span class='ocrx_word' id='word_1_466' title='bbox 2564 2368 2726 2423; x_wconf 89' lang='lat' dir='ltr'><strong>quam</strong></span> <span class='ocrx_word' id='word_1_467' title='bbox 2783 2352 2940 2408; x_wconf 87' lang='lat' dir='ltr'><strong>initio</strong></span> <span class='ocrx_word' id='word_1_468' title='bbox 2997 2365 3346 2424; x_wconf 80' lang='lat' dir='ltr'><strong>susceperat,</strong></span> 
     </span>
    </p>
   </div>
   <div class='ocr_carea' id='block_1_67' title="bbox 1767 2440 3348 2513">
    <p class='ocr_par' dir='ltr' id='par_1_67' title="bbox 1767 2440 3348 2513">
     <span class='ocr_line' id='line_1_67' title="bbox 1767 2440 3348 2513; baseline -0.002 -15"><span class='ocrx_word' id='word_1_469' title='bbox 1767 2443 2098 2513; x_wconf 84' lang='lat' dir='ltr'><strong>respiciendi</strong></span> <span class='ocrx_word' id='word_1_470' title='bbox 2127 2441 2288 2498; x_wconf 77' lang='lat' dir='ltr'><strong>finem</strong></span> <span class='ocrx_word' id='word_1_471' title='bbox 2311 2443 2522 2508; x_wconf 87' lang='lat' dir='ltr'><strong>nullum</strong></span> <span class='ocrx_word' id='word_1_472' title='bbox 2549 2442 2756 2498; x_wconf 82' lang='lat' dir='ltr'><strong>habuit.</strong></span> <span class='ocrx_word' id='word_1_473' title='bbox 2779 2440 2980 2496; x_wconf 84' lang='lat' dir='ltr'><strong>Verum</strong></span> <span class='ocrx_word' id='word_1_474' title='bbox 3007 2441 3076 2495; x_wconf 90' lang='lat' dir='ltr'><strong>ad</strong></span> <span class='ocrx_word' id='word_1_475' title='bbox 3100 2443 3348 2506; x_wconf 82' lang='lat' dir='ltr'><strong>Aerium,</strong></span> 
     </span>
    </p>
   </div>
   <div class='ocr_carea' id='block_1_68' title="bbox 1765 2533 3350 2605">
    <p class='ocr_par' dir='ltr' id='par_1_68' title="bbox 1765 2533 3350 2605">
     <span class='ocr_line' id='line_1_68' title="bbox 1765 2533 3350 2605; baseline 0 -17"><span class='ocrx_word' id='word_1_476' title='bbox 1765 2536 1833 2589; x_wconf 85' lang='lat' dir='ltr'><strong>de</strong></span> <span class='ocrx_word' id='word_1_477' title='bbox 1861 2551 1970 2605; x_wconf 88' lang='lat' dir='ltr'><strong>quo</strong></span> <span class='ocrx_word' id='word_1_478' title='bbox 2001 2535 2283 2592; x_wconf 86' lang='lat' dir='ltr'><strong>institutus</strong></span> <span class='ocrx_word' id='word_1_479' title='bbox 2315 2551 2346 2590; x_wconf 89' lang='lat' dir='ltr'><strong>a</strong></span> <span class='ocrx_word' id='word_1_480' title='bbox 2377 2535 2534 2592; x_wconf 84' lang='lat' dir='ltr'><strong>nobis</strong></span> <span class='ocrx_word' id='word_1_481' title='bbox 2561 2549 2740 2591; x_wconf 86' lang='lat' dir='ltr'><strong>sermo</strong></span> <span class='ocrx_word' id='word_1_482' title='bbox 2775 2535 2898 2602; x_wconf 88' lang='lat' dir='ltr'><strong>fuit,</strong></span> <span class='ocrx_word' id='word_1_483' title='bbox 2930 2533 3234 2590; x_wconf 76' lang='lat' dir='ltr'><strong>revocanda</strong></span> <span class='ocrx_word' id='word_1_484' title='bbox 3263 2541 3350 2590; x_wconf 86' lang='lat' dir='ltr'><strong>est</strong></span> 
     </span>
    </p>
   </div>
   <div class='ocr_carea' id='block_1_69' title="bbox 1769 2633 1973 2684">
    <p class='ocr_par' dir='ltr' id='par_1_69' title="bbox 1769 2633 1973 2684">
     <span class='ocr_line' id='line_1_69' title="bbox 1769 2633 1973 2684; baseline 0 0"><span class='ocrx_word' id='word_1_485' title='bbox 1769 2633 1973 2684; x_wconf 86' lang='lat' dir='ltr'><strong>oratio.</strong></span> 
     </span>
    </p>
   </div>
   <div class='ocr_carea' id='block_1_70' title="bbox 1837 2718 3348 2790">
    <p class='ocr_par' dir='ltr' id='par_1_70' title="bbox 1837 2718 3348 2790">
     <span class='ocr_line' id='line_1_70' title="bbox 1837 2718 3348 2790; baseline -0.001 -16"><span class='ocrx_word' id='word_1_486' title='bbox 1837 2719 1922 2774; x_wconf 88' lang='lat' dir='ltr'><strong>lll.</strong></span> <span class='ocrx_word' id='word_1_487' title='bbox 1951 2719 2050 2775; x_wconf 83' lang='lat' dir='ltr'><strong>llic</strong></span> <span class='ocrx_word' id='word_1_488' title='bbox 2081 2720 2247 2790; x_wconf 78' lang='lat' dir='ltr'><strong>igitur</strong></span> <span class='ocrx_word' id='word_1_489' title='bbox 2276 2727 2498 2790; x_wconf 89' lang='lat' dir='ltr'><strong>propter</strong></span> <span class='ocrx_word' id='word_1_490' title='bbox 2525 2719 2796 2787; x_wconf 85' lang='lat' dir='ltr'><strong>ejusmodi</strong></span> <span class='ocrx_word' id='word_1_491' title='bbox 2827 2721 3070 2774; x_wconf 84' lang='lat' dir='ltr'><strong>rationes</strong></span> <span class='ocrx_word' id='word_1_492' title='bbox 3101 2718 3348 2772; x_wconf 89' lang='lat' dir='ltr'><strong>omnium</strong></span> 
     </span>
    </p>
   </div>
   <div class='ocr_carea' id='block_1_71' title="bbox 1766 2809 3350 2879">
    <p class='ocr_par' dir='ltr' id='par_1_71' title="bbox 1766 2809 3350 2879">
     <span class='ocr_line' id='line_1_71' title="bbox 1766 2809 3350 2879; baseline -0.003 -11"><span class='ocrx_word' id='word_1_493' title='bbox 1766 2827 1948 2868; x_wconf 86' lang='lat' dir='ltr'><strong>rerum</strong></span> <span class='ocrx_word' id='word_1_494' title='bbox 2005 2813 2407 2868; x_wconf 84' lang='lat' dir='ltr'><strong>abdicationem</strong></span> <span class='ocrx_word' id='word_1_495' title='bbox 2465 2811 2626 2866; x_wconf 86' lang='lat' dir='ltr'><strong>initio</strong></span> <span class='ocrx_word' id='word_1_496' title='bbox 2671 2826 2782 2879; x_wconf 65' lang='lat' dir='ltr'><strong>prae</strong></span> <span class='ocrx_word' id='word_1_497' title='bbox 2832 2827 2892 2866; x_wconf 85' lang='lat' dir='ltr'><strong>se</strong></span> <span class='ocrx_word' id='word_1_498' title='bbox 2937 2811 3100 2875; x_wconf 91' lang='lat' dir='ltr'><strong>tulit;</strong></span> <span class='ocrx_word' id='word_1_499' title='bbox 3152 2809 3350 2864; x_wconf 85' lang='lat' dir='ltr'><strong>deinde</strong></span> 
     </span>
    </p>
   </div>
   <div class='ocr_carea' id='block_1_72' title="bbox 1769 2900 3337 2975">
    <p class='ocr_par' dir='ltr' id='par_1_72' title="bbox 1769 2900 3337 2975">
     <span class='ocr_line' id='line_1_72' title="bbox 1769 2900 3337 2975; baseline -0.001 -19"><span class='ocrx_word' id='word_1_500' title='bbox 1769 2903 2190 2975; x_wconf 89' lang='lat' dir='ltr'><strong>ptocbotrophio</strong></span> <span class='ocrx_word' id='word_1_501' title='bbox 2238 2901 2454 2966; x_wconf 79' lang='lat' dir='ltr'><strong>relicto,</strong></span> <span class='ocrx_word' id='word_1_502' title='bbox 2488 2911 2738 2970; x_wconf 73' lang='lat' dir='ltr'><strong>magnam</strong></span> <span class='ocrx_word' id='word_1_503' title='bbox 2780 2901 2888 2956; x_wconf 76' lang='lat' dir='ltr'><strong>vim</strong></span> <span class='ocrx_word' id='word_1_504' title='bbox 2921 2916 3110 2956; x_wconf 89' lang='lat' dir='ltr'><strong>secum</strong></span> <span class='ocrx_word' id='word_1_505' title='bbox 3143 2900 3337 2954; x_wconf 84' lang='lat' dir='ltr'><strong>utrius-</strong></span> 
     </span>
    </p>
   </div>
   <div class='ocr_carea' id='block_1_73' title="bbox 1769 2989 3344 3065">
    <p class='ocr_par' dir='ltr' id='par_1_73' title="bbox 1769 2989 3344 3065">
     <span class='ocr_line' id='line_1_73' title="bbox 1769 2989 3344 3065; baseline -0.004 -17"><span class='ocrx_word' id='word_1_506' title='bbox 1769 3009 1874 3065; x_wconf 88' lang='lat' dir='ltr'><strong>que</strong></span> <span class='ocrx_word' id='word_1_507' title='bbox 1913 3009 2078 3050; x_wconf 80' lang='lat' dir='ltr'><strong>sexus</strong></span> <span class='ocrx_word' id='word_1_508' title='bbox 2103 2993 2384 3048; x_wconf 87' lang='lat' dir='ltr'><strong>hominum</strong></span> <span class='ocrx_word' id='word_1_509' title='bbox 2433 2989 2680 3054; x_wconf 88' lang='lat' dir='ltr'><strong>abduxit,</strong></span> <span class='ocrx_word' id='word_1_510' title='bbox 2715 2991 2806 3060; x_wconf 84' lang='lat' dir='ltr'><strong>qui</strong></span> <span class='ocrx_word' id='word_1_511' title='bbox 2851 3005 3046 3046; x_wconf 88' lang='lat' dir='ltr'><strong>omnes</strong></span> <span class='ocrx_word' id='word_1_512' title='bbox 3070 2991 3138 3045; x_wconf 89' lang='lat' dir='ltr'><strong>ab</strong></span> <span class='ocrx_word' id='word_1_513' title='bbox 3166 2989 3344 3044; x_wconf 84' lang='lat' dir='ltr'><strong>eccle-</strong></span> 
     </span>
    </p>
   </div>
   <div class='ocr_carea' id='block_1_74' title="bbox 1767 3085 3346 3157">
    <p class='ocr_par' dir='ltr' id='par_1_74' title="bbox 1767 3085 3346 3157">
     <span class='ocr_line' id='line_1_74' title="bbox 1767 3085 3346 3157; baseline -0.004 -15"><span class='ocrx_word' id='word_1_514' title='bbox 1767 3089 1888 3151; x_wconf 73' lang='lat' dir='ltr'><strong>siis,</strong></span> <span class='ocrx_word' id='word_1_515' title='bbox 1924 3087 2092 3157; x_wconf 72' lang='lat' dir='ltr'><strong>agris,</strong></span> <span class='ocrx_word' id='word_1_516' title='bbox 2145 3087 2298 3156; x_wconf 80' lang='lat' dir='ltr'><strong>pagis</strong></span> <span class='ocrx_word' id='word_1_517' title='bbox 2326 3092 2380 3138; x_wconf 89' lang='lat' dir='ltr'><strong>et</strong></span> <span class='ocrx_word' id='word_1_518' title='bbox 2421 3085 2636 3156; x_wconf 85' lang='lat' dir='ltr'><strong>oppidis</strong></span> <span class='ocrx_word' id='word_1_519' title='bbox 2680 3085 3025 3142; x_wconf 82' lang='lat' dir='ltr'><strong>arcebantur.</strong></span> <span class='ocrx_word' id='word_1_520' title='bbox 3060 3085 3139 3138; x_wconf 83' lang='lat' dir='ltr'><strong>Ac</strong></span> <span class='ocrx_word' id='word_1_521' title='bbox 3171 3099 3346 3154; x_wconf 70' lang='lat' dir='ltr'><strong>saepe-</strong></span> 
     </span>
    </p>
   </div>
   <div class='ocr_carea' id='block_1_75' title="bbox 1765 3173 3346 3244">
    <p class='ocr_par' dir='ltr' id='par_1_75' title="bbox 1765 3173 3346 3244">
     <span class='ocr_line' id='line_1_75' title="bbox 1765 3173 3346 3244; baseline -0.005 -10"><span class='ocrx_word' id='word_1_522' title='bbox 1765 3193 1994 3234; x_wconf 85' lang='lat' dir='ltr'><strong>numero</strong></span> <span class='ocrx_word' id='word_1_523' title='bbox 2024 3183 2172 3232; x_wconf 89' lang='lat' dir='ltr'><strong>totus</strong></span> <span class='ocrx_word' id='word_1_524' title='bbox 2223 3177 2314 3231; x_wconf 88' lang='lat' dir='ltr'><strong>ille</strong></span> <span class='ocrx_word' id='word_1_525' title='bbox 2339 3184 2516 3230; x_wconf 74' lang='lat' dir='ltr'><strong>cretus</strong></span> <span class='ocrx_word' id='word_1_526' title='bbox 2562 3177 2684 3230; x_wconf 78' lang='lat' dir='ltr'><strong>nive</strong></span> <span class='ocrx_word' id='word_1_527' title='bbox 2717 3173 2974 3244; x_wconf 82' lang='lat' dir='ltr'><strong>perfusus</strong></span> <span class='ocrx_word' id='word_1_528' title='bbox 3005 3175 3209 3243; x_wconf 86' lang='lat' dir='ltr'><strong>passim</strong></span> <span class='ocrx_word' id='word_1_529' title='bbox 3249 3189 3346 3244; x_wconf 84' lang='lat' dir='ltr'><strong>per</strong></span> 
     </span>
    </p>
   </div>
   <div class='ocr_carea' id='block_1_76' title="bbox 1765 3262 3344 3337">
    <p class='ocr_par' dir='ltr' id='par_1_76' title="bbox 1765 3262 3344 3337">
     <span class='ocr_line' id='line_1_76' title="bbox 1765 3262 3344 3337; baseline -0.005 -15"><span class='ocrx_word' id='word_1_530' title='bbox 1765 3281 1987 3337; x_wconf 85' lang='lat' dir='ltr'><strong>campos</strong></span> <span class='ocrx_word' id='word_1_531' title='bbox 2017 3267 2120 3334; x_wconf 86' lang='lat' dir='ltr'><strong>sub</strong></span> <span class='ocrx_word' id='word_1_532' title='bbox 2151 3265 2241 3320; x_wconf 91' lang='lat' dir='ltr'><strong>dio</strong></span> <span class='ocrx_word' id='word_1_533' title='bbox 2259 3264 2506 3334; x_wconf 77' lang='lat' dir='ltr'><strong>degebat,</strong></span> <span class='ocrx_word' id='word_1_534' title='bbox 2535 3271 2630 3316; x_wconf 90' lang='lat' dir='ltr'><strong>aut</strong></span> <span class='ocrx_word' id='word_1_535' title='bbox 2665 3262 2731 3316; x_wconf 89' lang='lat' dir='ltr'><strong>ad</strong></span> <span class='ocrx_word' id='word_1_536' title='bbox 2761 3271 3030 3334; x_wconf 61' lang='lat' dir='ltr'><strong>prterupta</strong></span> <span class='ocrx_word' id='word_1_537' title='bbox 3063 3278 3344 3326; x_wconf 83' lang='lat' dir='ltr'><strong>saxorum,</strong></span> 
     </span>
    </p>
   </div>
   <div class='ocr_carea' id='block_1_77' title="bbox 1764 3341 3346 3430">
    <p class='ocr_par' dir='ltr' id='par_1_77' title="bbox 1764 3341 3346 3430">
     <span class='ocr_line' id='line_1_77' title="bbox 1764 3341 3346 3430; baseline -0.006 -14"><span class='ocrx_word' id='word_1_538' title='bbox 1764 3361 2041 3428; x_wconf 79' lang='lat' dir='ltr'><strong>silvasque</strong></span> <span class='ocrx_word' id='word_1_539' title='bbox 2064 3341 2434 3430; x_wconf 74' lang='lat' dir='ltr'><strong>confugiebat.</strong></span> <span class='ocrx_word' id='word_1_540' title='bbox 2481 3353 2576 3410; x_wconf 78' lang='lat' dir='ltr'><strong>Est</strong></span> <span class='ocrx_word' id='word_1_541' title='bbox 2610 3363 2790 3409; x_wconf 87' lang='lat' dir='ltr'><strong>autem</strong></span> <span class='ocrx_word' id='word_1_542' title='bbox 2846 3355 2990 3410; x_wconf 88' lang='lat' dir='ltr'><strong>illius</strong></span> <span class='ocrx_word' id='word_1_543' title='bbox 3026 3353 3222 3422; x_wconf 73' lang='lat' dir='ltr'><strong>dogma</strong></span> <span class='ocrx_word' id='word_1_544' title='bbox 3254 3371 3346 3408; x_wconf 88' lang='lat' dir='ltr'><strong>su-</strong></span> 
     </span>
    </p>
   </div>
   <div class='ocr_carea' id='block_1_78' title="bbox 1763 3431 3344 3520">
    <p class='ocr_par' dir='ltr' id='par_1_78' title="bbox 1763 3431 3344 3520">
     <span class='ocr_line' id='line_1_78' title="bbox 1763 3431 3344 3520; baseline -0.003 -16"><span class='ocrx_word' id='word_1_545' title='bbox 1763 3465 1860 3520; x_wconf 89' lang='lat' dir='ltr'><strong>pra</strong></span> <span class='ocrx_word' id='word_1_546' title='bbox 1897 3449 2135 3504; x_wconf 86' lang='lat' dir='ltr'><strong>hominis</strong></span> <span class='ocrx_word' id='word_1_547' title='bbox 2169 3431 2386 3518; x_wconf 84' lang='lat' dir='ltr'><strong>captum</strong></span> <span class='ocrx_word' id='word_1_548' title='bbox 2425 3447 2690 3504; x_wconf 87' lang='lat' dir='ltr'><strong>furiosum</strong></span> <span class='ocrx_word' id='word_1_549' title='bbox 2723 3457 2777 3502; x_wconf 86' lang='lat' dir='ltr'><strong>et</strong></span> <span class='ocrx_word' id='word_1_550' title='bbox 2811 3447 3066 3501; x_wconf 85' lang='lat' dir='ltr'><strong>immane.</strong></span> <span class='ocrx_word' id='word_1_551' title='bbox 3120 3444 3176 3500; x_wconf 90' lang='lat' dir='ltr'><strong>lu</strong></span> <span class='ocrx_word' id='word_1_552' title='bbox 3236 3449 3344 3514; x_wconf 89' lang='lat' dir='ltr'><strong>pri-</strong></span> 
     </span>
    </p>
   </div>
   <div class='ocr_carea' id='block_1_79' title="bbox 1763 3536 3352 3610">
    <p class='ocr_par' dir='ltr' id='par_1_79' title="bbox 1763 3536 3352 3610">
     <span class='ocr_line' id='line_1_79' title="bbox 1763 3536 3352 3610; baseline -0.004 -14"><span class='ocrx_word' id='word_1_553' title='bbox 1763 3543 1870 3599; x_wconf 86' lang='lat' dir='ltr'><strong>mis</strong></span> <span class='ocrx_word' id='word_1_554' title='bbox 1902 3541 2078 3602; x_wconf 87' lang='lat' dir='ltr'><strong>enim,</strong></span> <span class='ocrx_word' id='word_1_555' title='bbox 2121 3540 2390 3606; x_wconf 85' lang='lat' dir='ltr'><strong>Quanam,</strong></span> <span class='ocrx_word' id='word_1_556' title='bbox 2419 3541 2616 3610; x_wconf 90' lang='lat' dir='ltr'><strong>inquit,</strong></span> <span class='ocrx_word' id='word_1_557' title='bbox 2651 3539 2707 3594; x_wconf 88' lang='lat' dir='ltr'><strong>in</strong></span> <span class='ocrx_word' id='word_1_558' title='bbox 2761 3555 2818 3594; x_wconf 89' lang='lat' dir='ltr'><strong>re</strong></span> <span class='ocrx_word' id='word_1_559' title='bbox 2857 3538 3176 3610; x_wconf 78' lang='lat' dir='ltr'><strong>presbytero</strong></span> <span class='ocrx_word' id='word_1_560' title='bbox 3198 3536 3352 3608; x_wconf 5' lang='lat' dir='ltr'><strong>epis-q</strong></span> 
     </span>
    </p>
   </div>
   <div class='ocr_carea' id='block_1_80' title="bbox 1762 3629 3341 3706">
    <p class='ocr_par' dir='ltr' id='par_1_80' title="bbox 1762 3629 3341 3706">
     <span class='ocr_line' id='line_1_80' title="bbox 1762 3629 3341 3706; baseline -0.006 -16"><span class='ocrx_word' id='word_1_561' title='bbox 1762 3649 1932 3706; x_wconf 80' lang='lat' dir='ltr'><strong>copiis</strong></span> <span class='ocrx_word' id='word_1_562' title='bbox 1989 3631 2314 3688; x_wconf 88' lang='lat' dir='ltr'><strong>antecellit?</strong></span> <span class='ocrx_word' id='word_1_563' title='bbox 2385 3630 2606 3686; x_wconf 89' lang='lat' dir='ltr'><strong>Nullum</strong></span> <span class='ocrx_word' id='word_1_564' title='bbox 2659 3632 2804 3685; x_wconf 88' lang='lat' dir='ltr'><strong>inter</strong></span> <span class='ocrx_word' id='word_1_565' title='bbox 2867 3638 3158 3698; x_wconf 86' lang='lat' dir='ltr'><strong>utrumque</strong></span> <span class='ocrx_word' id='word_1_566' title='bbox 3224 3629 3341 3680; x_wconf 87' lang='lat' dir='ltr'><strong>dis-</strong></span> 
     </span>
    </p>
   </div>
   <div class='ocr_carea' id='block_1_81' title="bbox 1763 3722 3342 3802">
    <p class='ocr_par' dir='ltr' id='par_1_81' title="bbox 1763 3722 3342 3802">
     <span class='ocr_line' id='line_1_81' title="bbox 1763 3722 3342 3802; baseline -0.006 -20"><span class='ocrx_word' id='word_1_567' title='bbox 1763 3729 1970 3782; x_wconf 86' lang='lat' dir='ltr'><strong>crimen</strong></span> <span class='ocrx_word' id='word_1_568' title='bbox 2005 3733 2110 3782; x_wconf 88' lang='lat' dir='ltr'><strong>cst.</strong></span> <span class='ocrx_word' id='word_1_569' title='bbox 2144 3723 2242 3779; x_wconf 88' lang='lat' dir='ltr'><strong>Est</strong></span> <span class='ocrx_word' id='word_1_570' title='bbox 2275 3724 2422 3780; x_wconf 88' lang='lat' dir='ltr'><strong>enim</strong></span> <span class='ocrx_word' id='word_1_571' title='bbox 2459 3725 2744 3778; x_wconf 88' lang='lat' dir='ltr'><strong>amborum</strong></span> <span class='ocrx_word' id='word_1_572' title='bbox 2792 3739 2934 3778; x_wconf 89' lang='lat' dir='ltr'><strong>unus</strong></span> <span class='ocrx_word' id='word_1_573' title='bbox 2964 3722 3120 3786; x_wconf 85' lang='lat' dir='ltr'><strong>ordo,</strong></span> <span class='ocrx_word' id='word_1_574' title='bbox 3162 3737 3259 3802; x_wconf 76' lang='lat' dir='ltr'><strong>par</strong></span> <span class='ocrx_word' id='word_1_575' title='bbox 3289 3729 3342 3774; x_wconf 80' lang='lat' dir='ltr'><strong>ct</strong></span> 
     </span>
    </p>
   </div>
   <div class='ocr_carea' id='block_1_82' title="bbox 1763 3812 3344 3888">
    <p class='ocr_par' dir='ltr' id='par_1_82' title="bbox 1763 3812 3344 3888">
     <span class='ocr_line' id='line_1_82' title="bbox 1763 3812 3344 3888; baseline -0.007 -14"><span class='ocrx_word' id='word_1_576' title='bbox 1763 3821 1903 3875; x_wconf 89' lang='lat' dir='ltr'><strong>idem</strong></span> <span class='ocrx_word' id='word_1_577' title='bbox 1931 3821 2107 3874; x_wconf 86' lang='lat' dir='ltr'><strong>honor</strong></span> <span class='ocrx_word' id='word_1_578' title='bbox 2158 3833 2222 3872; x_wconf 88' lang='lat' dir='ltr'><strong>ac</strong></span> <span class='ocrx_word' id='word_1_579' title='bbox 2255 3818 2515 3888; x_wconf 81' lang='lat' dir='ltr'><strong>dignitas.</strong></span> <span class='ocrx_word' id='word_1_580' title='bbox 2547 3816 2739 3871; x_wconf 85' lang='lat' dir='ltr'><strong>Manus</strong></span> <span class='ocrx_word' id='word_1_581' title='bbox 2771 3814 3001 3885; x_wconf 85' lang='lat' dir='ltr'><strong>imponit</strong></span> <span class='ocrx_word' id='word_1_582' title='bbox 3030 3812 3344 3882; x_wconf 80' lang='lat' dir='ltr'><strong>episcopus,</strong></span> 
     </span>
    </p>
   </div>
   <div class='ocr_carea' id='block_1_83' title="bbox 1763 3902 3344 3980">
    <p class='ocr_par' dir='ltr' id='par_1_83' title="bbox 1763 3902 3344 3980">
     <span class='ocr_line' id='line_1_83' title="bbox 1763 3902 3344 3980; baseline -0.006 -17"><span class='ocrx_word' id='word_1_583' title='bbox 1763 3909 1994 3980; x_wconf 87' lang='lat' dir='ltr'><strong>imponit</strong></span> <span class='ocrx_word' id='word_1_584' title='bbox 2025 3919 2077 3964; x_wconf 90' lang='lat' dir='ltr'><strong>et</strong></span> <span class='ocrx_word' id='word_1_585' title='bbox 2102 3909 2421 3979; x_wconf 82' lang='lat' dir='ltr'><strong>presbyter;</strong></span> <span class='ocrx_word' id='word_1_586' title='bbox 2451 3907 2692 3978; x_wconf 83' lang='lat' dir='ltr'><strong>baptizat</strong></span> <span class='ocrx_word' id='word_1_587' title='bbox 2725 3905 3038 3974; x_wconf 74' lang='lat' dir='ltr'><strong>cpiSCOpus,</strong></span> <span class='ocrx_word' id='word_1_588' title='bbox 3079 3902 3221 3956; x_wconf 89' lang='lat' dir='ltr'><strong>idem</strong></span> <span class='ocrx_word' id='word_1_589' title='bbox 3263 3902 3344 3954; x_wconf 87' lang='lat' dir='ltr'><strong>fa-</strong></span> 
     </span>
    </p>
   </div>
   <div class='ocr_carea' id='block_1_84' title="bbox 1761 3993 3344 4072">
    <p class='ocr_par' dir='ltr' id='par_1_84' title="bbox 1761 3993 3344 4072">
     <span class='ocr_line' id='line_1_84' title="bbox 1761 3993 3344 4072; baseline -0.005 -16"><span class='ocrx_word' id='word_1_590' title='bbox 1761 4003 1836 4056; x_wconf 91' lang='lat' dir='ltr'><strong>cit</strong></span> <span class='ocrx_word' id='word_1_591' title='bbox 1875 4011 1931 4056; x_wconf 82' lang='lat' dir='ltr'><strong>ct</strong></span> <span class='ocrx_word' id='word_1_592' title='bbox 1975 4003 2294 4072; x_wconf 86' lang='lat' dir='ltr'><strong>presbyter;</strong></span> <span class='ocrx_word' id='word_1_593' title='bbox 2331 4001 2576 4054; x_wconf 84' lang='lat' dir='ltr'><strong>divinum</strong></span> <span class='ocrx_word' id='word_1_594' title='bbox 2609 4013 2824 4053; x_wconf 86' lang='lat' dir='ltr'><strong>onmem</strong></span> <span class='ocrx_word' id='word_1_595' title='bbox 2868 3997 3074 4050; x_wconf 90' lang='lat' dir='ltr'><strong>cultum</strong></span> <span class='ocrx_word' id='word_1_596' title='bbox 3109 3993 3344 4048; x_wconf 83' lang='lat' dir='ltr'><strong>admini-</strong></span> 
     </span>
    </p>
   </div>
   <div class='ocr_carea' id='block_1_85' title="bbox 1761 4083 3339 4164">
    <p class='ocr_par' dir='ltr' id='par_1_85' title="bbox 1761 4083 3339 4164">
     <span class='ocr_line' id='line_1_85' title="bbox 1761 4083 3339 4164; baseline -0.008 -16"><span class='ocrx_word' id='word_1_597' title='bbox 1761 4102 1900 4148; x_wconf 88' lang='lat' dir='ltr'><strong>strat</strong></span> <span class='ocrx_word' id='word_1_598' title='bbox 1931 4094 2244 4164; x_wconf 88' lang='lat' dir='ltr'><strong>episcopus,</strong></span> <span class='ocrx_word' id='word_1_599' title='bbox 2292 4089 2400 4146; x_wconf 84' lang='grc' dir='ltr'>ιιοιι</span> <span class='ocrx_word' id='word_1_600' title='bbox 2451 4091 2632 4144; x_wconf 88' lang='lat' dir='ltr'><strong>minus</strong></span> <span class='ocrx_word' id='word_1_601' title='bbox 2664 4089 2716 4142; x_wconf 91' lang='lat' dir='ltr'><strong>id</strong></span> <span class='ocrx_word' id='word_1_602' title='bbox 2757 4087 2886 4140; x_wconf 87' lang='lat' dir='ltr'><strong>facit</strong></span> <span class='ocrx_word' id='word_1_603' title='bbox 2933 4094 2988 4140; x_wconf 92' lang='lat' dir='ltr'><strong>et</strong></span> <span class='ocrx_word' id='word_1_604' title='bbox 3033 4083 3339 4155; x_wconf 75' lang='lat' dir='ltr'><strong>presbyter;</strong></span> 
     </span>
    </p>
   </div>
   <div class='ocr_carea' id='block_1_86' title="bbox 1760 4173 3342 4252">
    <p class='ocr_par' dir='ltr' id='par_1_86' title="bbox 1760 4173 3342 4252">
     <span class='ocr_line' id='line_1_86' title="bbox 1760 4173 3342 4252; baseline -0.007 -15"><span class='ocrx_word' id='word_1_605' title='bbox 1760 4182 2051 4252; x_wconf 87' lang='lat' dir='ltr'><strong>episcopus</strong></span> <span class='ocrx_word' id='word_1_606' title='bbox 2091 4182 2146 4235; x_wconf 92' lang='lat' dir='ltr'><strong>in</strong></span> <span class='ocrx_word' id='word_1_607' title='bbox 2176 4181 2375 4236; x_wconf 91' lang='lat' dir='ltr'><strong>throno</strong></span> <span class='ocrx_word' id='word_1_608' title='bbox 2415 4179 2586 4242; x_wconf 82' lang='lat' dir='ltr'><strong>sedet,</strong></span> <span class='ocrx_word' id='word_1_609' title='bbox 2637 4177 2788 4234; x_wconf 83' lang='lat' dir='ltr'><strong>sedet</strong></span> <span class='ocrx_word' id='word_1_610' title='bbox 2834 4175 2995 4246; x_wconf 83' lang='lat'><strong>907</strong></span> <span class='ocrx_word' id='word_1_611' title='bbox 3016 4182 3070 4230; x_wconf 89' lang='lat' dir='ltr'><strong>et</strong></span> <span class='ocrx_word' id='word_1_612' title='bbox 3114 4173 3342 4244; x_wconf 78' lang='lat' dir='ltr'><strong>presby-</strong></span> 
     </span>
    </p>
   </div>
   <div class='ocr_carea' id='block_1_87' title="bbox 1763 4265 3340 4342">
    <p class='ocr_par' dir='ltr' id='par_1_87' title="bbox 1763 4265 3340 4342">
     <span class='ocr_line' id='line_1_87' title="bbox 1763 4265 3340 4342; baseline -0.006 -14"><span class='ocrx_word' id='word_1_613' title='bbox 1763 4285 1864 4330; x_wconf 90' lang='lat' dir='ltr'><strong>ter.</strong></span> <span class='ocrx_word' id='word_1_614' title='bbox 1923 4273 2018 4330; x_wconf 87' lang='lat' dir='ltr'><strong>llis</strong></span> <span class='ocrx_word' id='word_1_615' title='bbox 2073 4274 2126 4328; x_wconf 89' lang='lat' dir='ltr'><strong>in</strong></span> <span class='ocrx_word' id='word_1_616' title='bbox 2195 4275 2392 4342; x_wconf 80' lang='lat' dir='ltr'><strong>vulgus</strong></span> <span class='ocrx_word' id='word_1_617' title='bbox 2420 4269 2643 4340; x_wconf 88' lang='lat' dir='ltr'><strong>jactatis</strong></span> <span class='ocrx_word' id='word_1_618' title='bbox 2675 4269 2964 4339; x_wconf 85' lang='lat' dir='ltr'><strong>plerosque</strong></span> <span class='ocrx_word' id='word_1_619' title='bbox 3004 4265 3056 4319; x_wconf 84' lang='lat' dir='ltr'><strong>in</strong></span> <span class='ocrx_word' id='word_1_620' title='bbox 3097 4281 3340 4320; x_wconf 79' lang='lat' dir='ltr'><strong>errorem</strong></span> 
     </span>
    </p>
   </div>
   <div class='ocr_carea' id='block_1_88' title="bbox 1762 4353 3345 4436">
    <p class='ocr_par' dir='ltr' id='par_1_88' title="bbox 1762 4353 3345 4436">
     <span class='ocr_line' id='line_1_88' title="bbox 1762 4353 3345 4436; baseline -0.008 -16"><span class='ocrx_word' id='word_1_621' title='bbox 1762 4366 2008 4430; x_wconf 76' lang='lat' dir='ltr'><strong>abduxit,</strong></span> <span class='ocrx_word' id='word_1_622' title='bbox 2087 4379 2320 4436; x_wconf 86' lang='lat' dir='ltr'><strong>quorum</strong></span> <span class='ocrx_word' id='word_1_623' title='bbox 2373 4371 2535 4417; x_wconf 63' lang='lat' dir='ltr'><strong>sectio</strong></span> <span class='ocrx_word' id='word_1_624' title='bbox 2604 4360 2862 4429; x_wconf 82' lang='lat' dir='ltr'><strong>princeps</strong></span> <span class='ocrx_word' id='word_1_625' title='bbox 2933 4357 3162 4411; x_wconf 77' lang='lat' dir='ltr'><strong>exstitit.</strong></span> <span class='ocrx_word' id='word_1_626' title='bbox 3205 4353 3345 4408; x_wconf 66' lang='lat' dir='ltr'><strong>Pran-</strong></span> 
     </span>
    </p>
   </div>
   <div class='ocr_carea' id='block_1_89' title="bbox 90 4447 1659 4532">
    <p class='ocr_par' dir='ltr' id='par_1_89' title="bbox 90 4447 1656 4519">
     <span class='ocr_line' id='line_1_89' title="bbox 90 4447 1656 4519; baseline 0.004 -20"><span class='ocrx_word' id='word_1_627' title='bbox 90 4447 292 4518; x_wconf 76' lang='grc' dir='ltr'>Πάσχα,</span> <span class='ocrx_word' id='word_1_628' title='bbox 328 4448 468 4518; x_wconf 81' lang='grc' dir='ltr'>ὅπερ</span> <span class='ocrx_word' id='word_1_629' title='bbox 499 4449 624 4519; x_wconf 85' lang='grc' dir='ltr'>παρ’</span> <span class='ocrx_word' id='word_1_630' title='bbox 651 4449 780 4519; x_wconf 85' lang='grc' dir='ltr'>ὑμῖν</span> <span class='ocrx_word' id='word_1_631' title='bbox 803 4449 1164 4515; x_wconf 82' lang='grc' dir='ltr'>ἐπιτελεῖται;</span> <span class='ocrx_word' id='word_1_632' title='bbox 1203 4451 1516 4516; x_wconf 81' lang='grc' dir='ltr'>Ἰουδαϊκοῖς</span> <span class='ocrx_word' id='word_1_633' title='bbox 1559 4454 1656 4506; x_wconf 74' lang='grc' dir='ltr'><strong>πά-</strong></span> 
     </span>
    </p>
   </div>
   <div class='ocr_carea' id='block_1_90' title="bbox 1789 4447 3342 4532">
    <p class='ocr_par' dir='ltr' id='par_1_90' title="bbox 1789 4447 3342 4523">
     <span class='ocr_line' id='line_1_90' title="bbox 1789 4447 3342 4523; baseline -0.007 -12"><span class='ocrx_word' id='word_1_634' title='bbox 1789 4473 1931 4520; x_wconf 78' lang='lat' dir='ltr'><strong>crra,</strong></span> <span class='ocrx_word' id='word_1_635' title='bbox 1995 4455 2131 4523; x_wconf 82' lang='lat' dir='ltr'><strong>Quid</strong></span> <span class='ocrx_word' id='word_1_636' title='bbox 2185 4462 2291 4518; x_wconf 90' lang='lat' dir='ltr'><strong>est,</strong></span> <span class='ocrx_word' id='word_1_637' title='bbox 2351 4451 2556 4523; x_wconf 86' lang='lat' dir='ltr'><strong>inquit,</strong></span> <span class='ocrx_word' id='word_1_638' title='bbox 2617 4451 2860 4512; x_wconf 81' lang='lat' dir='ltr'><strong>Pascha,</strong></span> <span class='ocrx_word' id='word_1_639' title='bbox 2923 4447 3066 4520; x_wconf 89' lang='lat' dir='ltr'><strong>quod</strong></span> <span class='ocrx_word' id='word_1_640' title='bbox 3116 4462 3146 4499; x_wconf 86' lang='lat' dir='ltr'><strong>a</strong></span> <span class='ocrx_word' id='word_1_641' title='bbox 3189 4447 3342 4500; x_wconf 73' lang='lat' dir='ltr'><strong>vobis</strong></span> 
     </span>
    </p>
   </div>
   <div class='ocr_carea' id='block_1_91' title="bbox 88 4537 1661 4614">
    <p class='ocr_par' dir='ltr' id='par_1_91' title="bbox 88 4537 1661 4614">
     <span class='ocr_line' id='line_1_91' title="bbox 88 4537 1661 4614; baseline 0.005 -24"><span class='ocrx_word' id='word_1_642' title='bbox 88 4537 164 4592; x_wconf 83' lang='grc' dir='ltr'><strong>λιν</strong></span> <span class='ocrx_word' id='word_1_643' title='bbox 221 4539 412 4610; x_wconf 84' lang='grc' dir='ltr'>μύθοις</span> <span class='ocrx_word' id='word_1_644' title='bbox 455 4539 839 4610; x_wconf 84' lang='grc' dir='ltr'>προσανέχετε.</span> <span class='ocrx_word' id='word_1_645' title='bbox 888 4542 962 4595; x_wconf 83' lang='grc' dir='ltr'><strong>Οὐ</strong></span> <span class='ocrx_word' id='word_1_646' title='bbox 1041 4543 1150 4613; x_wconf 79' lang='grc' dir='ltr'>γὰρ</span> <span class='ocrx_word' id='word_1_647' title='bbox 1197 4543 1322 4614; x_wconf 81' lang='grc' dir='ltr'>χρὴ,</span> <span class='ocrx_word' id='word_1_648' title='bbox 1385 4545 1536 4614; x_wconf 76' lang='grc' dir='ltr'>φησὶ,</span> <span class='ocrx_word' id='word_1_649' title='bbox 1600 4547 1661 4598; x_wconf 83' lang='grc' dir='ltr'><strong>τὸ</strong></span> 
     </span>
    </p>
   </div>
   <div class='ocr_carea' id='block_1_92' title="bbox 89 4631 1658 4706">
    <p class='ocr_par' dir='ltr' id='par_1_92' title="bbox 89 4631 1658 4706">
     <span class='ocr_line' id='line_1_92' title="bbox 89 4631 1658 4706; baseline 0.004 -22"><span class='ocrx_word' id='word_1_650' title='bbox 89 4631 268 4703; x_wconf 69' lang='grc' dir='ltr'>Πάσχα</span> <span class='ocrx_word' id='word_1_651' title='bbox 295 4633 588 4687; x_wconf 80' lang='grc' dir='ltr'>ἐπιτελεῖν.</span> <span class='ocrx_word' id='word_1_652' title='bbox 627 4631 697 4687; x_wconf 81' lang='grc' dir='ltr'><em>Τὸ</em></span> <span class='ocrx_word' id='word_1_653' title='bbox 727 4632 834 4704; x_wconf 77' lang='grc' dir='ltr'>γὰρ</span> <span class='ocrx_word' id='word_1_654' title='bbox 864 4633 1080 4704; x_wconf 74' lang='grc' dir='ltr'>Πάσχα</span> <span class='ocrx_word' id='word_1_655' title='bbox 1120 4635 1290 4706; x_wconf 71' lang='grc' dir='ltr'><strong>ἡμῶν</strong></span> <span class='ocrx_word' id='word_1_656' title='bbox 1317 4637 1496 4706; x_wconf 83' lang='grc' dir='ltr'>ἐτύθη</span> <span class='ocrx_word' id='word_1_657' title='bbox 1523 4641 1658 4706; x_wconf 78' lang='grc' dir='ltr'>Χρι-</span> 
     </span>
    </p>
   </div>
   <div class='ocr_carea' id='block_1_93' title="bbox 155 4789 596 4861">
    <p class='ocr_par' dir='ltr' id='par_1_93' title="bbox 155 4789 596 4861">
     <span class='ocr_line' id='line_1_93' title="bbox 155 4789 596 4861; baseline 0 -17"><span class='ocrx_word' id='word_1_658' title='bbox 155 4789 170 4820; x_wconf 87' lang='grc'>¹</span> <span class='ocrx_word' id='word_1_659' title='bbox 198 4789 325 4846; x_wconf 78' lang='lat' dir='ltr'><strong>Cor.</strong></span> <span class='ocrx_word' id='word_1_660' title='bbox 364 4791 596 4861; x_wconf 82' lang='grc' dir='ltr'>Ἀρείου.</span> 
     </span>
    </p>
   </div>
   <div class='ocr_carea' id='block_1_94' title="bbox 157 4942 1660 5014">
    <p class='ocr_par' dir='ltr' id='par_1_94' title="bbox 157 4942 1660 5014">
     <span class='ocr_line' id='line_1_94' title="bbox 157 4942 1660 5014; baseline 0.004 -20"><span class='ocrx_word' id='word_1_661' title='bbox 157 4943 262 5014; x_wconf 80' lang='grc'><strong>(74)</strong></span> <span class='ocrx_word' id='word_1_662' title='bbox 301 4945 582 5014; x_wconf 55' lang='lat' dir='ltr'><strong>Nephele</strong></span> <span class='ocrx_word' id='word_1_663' title='bbox 613 4943 666 4997; x_wconf 76' lang='grc' dir='ltr'>δ’</span> <span class='ocrx_word' id='word_1_664' title='bbox 685 4943 766 4998; x_wconf 79' lang='grc' dir='ltr'><em>ἄν</em></span> <span class='ocrx_word' id='word_1_665' title='bbox 787 4961 897 5009; x_wconf 73' lang='grc' dir='ltr'>τις.</span> <span class='ocrx_word' id='word_1_666' title='bbox 925 4943 1004 5000; x_wconf 85' lang='lat' dir='ltr'><strong>De</strong></span> <span class='ocrx_word' id='word_1_667' title='bbox 1029 4942 1318 5000; x_wconf 86' lang='lat' dir='ltr'><strong>Eustathio</strong></span> <span class='ocrx_word' id='word_1_668' title='bbox 1357 4944 1660 5001; x_wconf 87' lang='lat' dir='ltr'><strong>Sebasteno</strong></span> 
     </span>
    </p>
   </div>
   <div class='ocr_carea' id='block_1_95' title="bbox 99 5014 1660 5085">
    <p class='ocr_par' dir='ltr' id='par_1_95' title="bbox 99 5014 1660 5085">
     <span class='ocr_line' id='line_1_95' title="bbox 99 5014 1660 5085; baseline 0.002 -20"><span class='ocrx_word' id='word_1_669' title='bbox 99 5014 176 5085; x_wconf 76' lang='lat' dir='ltr'><strong>adi</strong></span> <span class='ocrx_word' id='word_1_670' title='bbox 210 5023 408 5083; x_wconf 66' lang='lat' dir='ltr'><strong>praeter</strong></span> <span class='ocrx_word' id='word_1_671' title='bbox 439 5015 944 5071; x_wconf 80' lang='lat' dir='ltr'><strong>ecclesiasticarum</strong></span> <span class='ocrx_word' id='word_1_672' title='bbox 991 5031 1174 5069; x_wconf 87' lang='lat' dir='ltr'><strong>rerum</strong></span> <span class='ocrx_word' id='word_1_673' title='bbox 1211 5017 1530 5085; x_wconf 86' lang='lat' dir='ltr'><strong>scriptores,</strong></span> <span class='ocrx_word' id='word_1_674' title='bbox 1559 5015 1660 5069; x_wconf 85' lang='lat' dir='ltr'><strong>Ba-</strong></span> 
     </span>
    </p>
   </div>
   <div class='ocr_carea' id='block_1_96' title="bbox 99 5083 1656 5154">
    <p class='ocr_par' dir='ltr' id='par_1_96' title="bbox 99 5083 1656 5154">
     <span class='ocr_line' id='line_1_96' title="bbox 99 5083 1656 5154; baseline 0.003 -21"><span class='ocrx_word' id='word_1_675' title='bbox 99 5083 264 5154; x_wconf 59' lang='lat' dir='ltr'><strong>siliam</strong></span> <span class='ocrx_word' id='word_1_676' title='bbox 301 5086 462 5154; x_wconf 87' lang='lat' dir='ltr'><strong>epist.</strong></span> <span class='ocrx_word' id='word_1_677' title='bbox 507 5085 609 5146; x_wconf 67' lang='grc'>74,</span> <span class='ocrx_word' id='word_1_678' title='bbox 652 5095 703 5138; x_wconf 89' lang='lat' dir='ltr'><strong>et</strong></span> <span class='ocrx_word' id='word_1_679' title='bbox 750 5085 870 5140; x_wconf 89' lang='lat' dir='ltr'><strong>aliis</strong></span> <span class='ocrx_word' id='word_1_680' title='bbox 911 5085 1240 5154; x_wconf 83' lang='lat' dir='ltr'><strong>quibusdam</strong></span> <span class='ocrx_word' id='word_1_681' title='bbox 1280 5083 1656 5152; x_wconf 78' lang='lat' dir='ltr'><strong>sequentibus.</strong></span> 
     </span>
    </p>
   </div>
   <div class='ocr_carea' id='block_1_97' title="bbox 99 5149 1658 5225">
    <p class='ocr_par' dir='ltr' id='par_1_97' title="bbox 99 5149 1658 5225">
     <span class='ocr_line' id='line_1_97' title="bbox 99 5149 1658 5225; baseline 0.005 -23"><span class='ocrx_word' id='word_1_682' title='bbox 99 5149 238 5225; x_wconf 70' lang='lat' dir='ltr'><strong>ilum:</strong></span> <span class='ocrx_word' id='word_1_683' title='bbox 259 5149 540 5211; x_wconf 60' lang='lat' dir='ltr'><strong>ab&#39;altero</strong></span> <span class='ocrx_word' id='word_1_684' title='bbox 568 5155 816 5223; x_wconf 84' lang='lat' dir='ltr'><strong>ejusdem</strong></span> <span class='ocrx_word' id='word_1_685' title='bbox 861 5149 1104 5210; x_wconf 77' lang='lat' dir='ltr'><strong>nominis</strong></span> <span class='ocrx_word' id='word_1_686' title='bbox 1135 5149 1440 5216; x_wconf 82' lang='lat' dir='ltr'><strong>Eustathio,</strong></span> <span class='ocrx_word' id='word_1_687' title='bbox 1480 5157 1572 5225; x_wconf 90' lang='lat' dir='ltr'><strong>qui</strong></span> <span class='ocrx_word' id='word_1_688' title='bbox 1605 5158 1658 5210; x_wconf 90' lang='lat' dir='ltr'><strong>in</strong></span> 
     </span>
    </p>
   </div>
   <div class='ocr_carea' id='block_1_98' title="bbox 99 5221 1662 5297">
    <p class='ocr_par' dir='ltr' id='par_1_98' title="bbox 99 5221 1662 5297">
     <span class='ocr_line' id='line_1_98' title="bbox 99 5221 1662 5297; baseline 0.004 -23"><span class='ocrx_word' id='word_1_689' title='bbox 99 5221 384 5297; x_wconf 73' lang='lat' dir='ltr'><strong>Gangrensi</strong></span> <span class='ocrx_word' id='word_1_690' title='bbox 417 5221 630 5297; x_wconf 62' lang='lat' dir='ltr'><strong>synodo</strong></span> <span class='ocrx_word' id='word_1_691' title='bbox 663 5225 1066 5297; x_wconf 84' lang='lat' dir='ltr'><strong>condemnatus</strong></span> <span class='ocrx_word' id='word_1_692' title='bbox 1098 5233 1202 5286; x_wconf 85' lang='lat' dir='ltr'><strong>est,</strong></span> <span class='ocrx_word' id='word_1_693' title='bbox 1239 5221 1516 5282; x_wconf 81' lang='lat' dir='ltr'><strong>diversum</strong></span> <span class='ocrx_word' id='word_1_694' title='bbox 1539 5242 1662 5281; x_wconf 89' lang='lat' dir='ltr'><strong>esse</strong></span> 
     </span>
    </p>
   </div>
   <div class='ocr_carea' id='block_1_99' title="bbox 99 5294 1662 5368">
    <p class='ocr_par' dir='ltr' id='par_1_99' title="bbox 99 5294 1662 5368">
     <span class='ocr_line' id='line_1_99' title="bbox 99 5294 1662 5368; baseline 0.004 -23"><span class='ocrx_word' id='word_1_695' title='bbox 99 5294 276 5368; x_wconf 79' lang='lat' dir='ltr'><strong>probat</strong></span> <span class='ocrx_word' id='word_1_696' title='bbox 293 5294 556 5368; x_wconf 69' lang='lat' dir='ltr'><strong>adversus</strong></span> <span class='ocrx_word' id='word_1_697' title='bbox 585 5295 888 5357; x_wconf 89' lang='lat' dir='ltr'><strong>Socratem,</strong></span> <span class='ocrx_word' id='word_1_698' title='bbox 920 5295 1306 5368; x_wconf 77' lang='lat' dir='ltr'><strong>Sozomenum,</strong></span> <span class='ocrx_word' id='word_1_699' title='bbox 1358 5305 1412 5350; x_wconf 87' lang='lat' dir='ltr'><strong>et</strong></span> <span class='ocrx_word' id='word_1_700' title='bbox 1435 5307 1662 5352; x_wconf 64' lang='lat' dir='ltr'><strong>cmteros</strong></span> 
     </span>
    </p>
   </div>
   <div class='ocr_carea' id='block_1_100' title="bbox 101 5365 1058 5428">
    <p class='ocr_par' dir='ltr' id='par_1_100' title="bbox 101 5365 1058 5428">
     <span class='ocr_line' id='line_1_100' title="bbox 101 5365 1058 5428; baseline 0.007 -14"><span class='ocrx_word' id='word_1_701' title='bbox 101 5365 154 5415; x_wconf 84' lang='lat' dir='ltr'><strong>in</strong></span> <span class='ocrx_word' id='word_1_702' title='bbox 179 5365 361 5418; x_wconf 78' lang='lat' dir='ltr'><strong>Annal.</strong></span> <span class='ocrx_word' id='word_1_703' title='bbox 397 5367 688 5428; x_wconf 86' lang='lat' dir='ltr'><strong>Barouius,</strong></span> <span class='ocrx_word' id='word_1_704' title='bbox 724 5368 790 5419; x_wconf 85' lang='lat' dir='ltr'><strong>ad</strong></span> <span class='ocrx_word' id='word_1_705' title='bbox 821 5383 910 5422; x_wconf 88' lang='lat' dir='ltr'><strong>an.</strong></span> <span class='ocrx_word' id='word_1_706' title='bbox 934 5367 1058 5423; x_wconf 76' lang='lat'><strong>5-19.</strong></span> 
     </span>
    </p>
   </div>
   <div class='ocr_carea' id='block_1_101' title="bbox 163 5435 1660 5507">
    <p class='ocr_par' dir='ltr' id='par_1_101' title="bbox 163 5435 1660 5507">
     <span class='ocr_line' id='line_1_101' title="bbox 163 5435 1660 5507; baseline 0.003 -22"><span class='ocrx_word' id='word_1_707' title='bbox 163 5435 266 5507; x_wconf 59' lang='grc' dir='ltr'><strong>βξ)</strong></span> <span class='ocrx_word' id='word_1_708' title='bbox 298 5435 512 5501; x_wconf 83' lang='grc' dir='ltr'>Ἔδοξε</span> <span class='ocrx_word' id='word_1_709' title='bbox 541 5436 610 5490; x_wconf 82' lang='grc' dir='ltr'>δὲ</span> <span class='ocrx_word' id='word_1_710' title='bbox 650 5435 749 5489; x_wconf 77' lang='grc' dir='ltr'>καὶ</span> <span class='ocrx_word' id='word_1_711' title='bbox 780 5438 928 5505; x_wconf 74' lang='grc' dir='ltr'>πρὸς</span> <span class='ocrx_word' id='word_1_712' title='bbox 969 5436 1254 5507; x_wconf 78' lang='grc' dir='ltr'>Λιϐἐριον.</span> <span class='ocrx_word' id='word_1_713' title='bbox 1285 5435 1660 5492; x_wconf 78' lang='lat' dir='ltr'><strong>Macedoniani</strong></span> 
     </span>
    </p>
   </div>
   <div class='ocr_carea' id='block_1_102' title="bbox 101 5503 1661 5578">
    <p class='ocr_par' dir='ltr' id='par_1_102' title="bbox 101 5503 1661 5578">
     <span class='ocr_line' id='line_1_102' title="bbox 101 5503 1661 5578; baseline 0.002 -20"><span class='ocrx_word' id='word_1_714' title='bbox 101 5503 438 5578; x_wconf 64' lang='lat' dir='ltr'><strong>sub_Valento:</strong></span> <span class='ocrx_word' id='word_1_715' title='bbox 467 5509 796 5578; x_wconf 84' lang='lat' dir='ltr'><strong>imperatore</strong></span> <span class='ocrx_word' id='word_1_716' title='bbox 820 5503 894 5560; x_wconf 78' lang='lat' dir='ltr'><strong>ab</strong></span> <span class='ocrx_word' id='word_1_717' title='bbox 919 5503 1133 5578; x_wconf 64' lang='lat' dir='ltr'><strong>Ariauis</strong></span> <span class='ocrx_word' id='word_1_718' title='bbox 1152 5509 1422 5578; x_wconf 83' lang='lat' dir='ltr'><strong>oppressi,</strong></span> <span class='ocrx_word' id='word_1_719' title='bbox 1457 5508 1661 5576; x_wconf 81' lang='lat' dir='ltr'><strong>legatos</strong></span> 
     </span>
    </p>
   </div>
   <div class='ocr_carea' id='block_1_103' title="bbox 103 5573 1650 5647">
    <p class='ocr_par' dir='ltr' id='par_1_103' title="bbox 103 5573 1650 5647">
     <span class='ocr_line' id='line_1_103' title="bbox 103 5573 1650 5647; baseline 0.005 -25"><span class='ocrx_word' id='word_1_720' title='bbox 103 5573 158 5624; x_wconf 87' lang='lat' dir='ltr'><strong>ad</strong></span> <span class='ocrx_word' id='word_1_721' title='bbox 196 5574 460 5632; x_wconf 84' lang='lat' dir='ltr'><strong>Liberium</strong></span> <span class='ocrx_word' id='word_1_722' title='bbox 515 5573 710 5647; x_wconf 75' lang='lat' dir='ltr'><strong>papam</strong></span> <span class='ocrx_word' id='word_1_723' title='bbox 755 5577 1048 5643; x_wconf 81' lang='lat' dir='ltr'><strong>destinant,</strong></span> <span class='ocrx_word' id='word_1_724' title='bbox 1089 5573 1433 5632; x_wconf 66' lang='lat' dir='ltr'><strong>Eusththium</strong></span> <span class='ocrx_word' id='word_1_725' title='bbox 1481 5573 1650 5630; x_wconf 49' lang='lat' dir='ltr'><strong>Seba-</strong></span> 
     </span>
    </p>
   </div>
   <div class='ocr_carea' id='block_1_104' title="bbox 105 5645 1657 5717">
    <p class='ocr_par' dir='ltr' id='par_1_104' title="bbox 105 5645 1657 5717">
     <span class='ocr_line' id='line_1_104' title="bbox 105 5645 1657 5717; baseline 0.003 -21"><span class='ocrx_word' id='word_1_726' title='bbox 105 5651 318 5717; x_wconf 70' lang='lat' dir='ltr'><strong>stenum,</strong></span> <span class='ocrx_word' id='word_1_727' title='bbox 349 5645 626 5701; x_wconf 78' lang='lat' dir='ltr'><strong>Silvanum</strong></span> <span class='ocrx_word' id='word_1_728' title='bbox 653 5645 978 5702; x_wconf 79' lang='lat' dir='ltr'><strong>Tarsensem</strong></span> <span class='ocrx_word' id='word_1_729' title='bbox 1023 5659 1074 5699; x_wconf 76' lang='lat' dir='ltr'><strong>et.</strong></span> <span class='ocrx_word' id='word_1_730' title='bbox 1113 5650 1270 5708; x_wconf 82' lang='lat' dir='ltr'><strong>alios,</strong></span> <span class='ocrx_word' id='word_1_731' title='bbox 1295 5663 1387 5713; x_wconf 81' lang='lat' dir='ltr'><strong>per</strong></span> <span class='ocrx_word' id='word_1_732' title='bbox 1418 5665 1554 5717; x_wconf 76' lang='lat' dir='ltr'><strong>quos.</strong></span> <span class='ocrx_word' id='word_1_733' title='bbox 1581 5649 1657 5708; x_wconf 77' lang='lat' dir='ltr'><strong>si;</strong></span> 
     </span>
    </p>
   </div>
   <div class='ocr_carea' id='block_1_105' title="bbox 105 5711 1656 5790">
    <p class='ocr_par' dir='ltr' id='par_1_105' title="bbox 105 5711 1656 5790">
     <span class='ocr_line' id='line_1_105' title="bbox 105 5711 1656 5790; baseline 0.006 -26"><span class='ocrx_word' id='word_1_734' title='bbox 105 5711 156 5766; x_wconf 67' lang='grc' dir='ltr'>τὸ</span> <span class='ocrx_word' id='word_1_735' title='bbox 173 5717 440 5787; x_wconf 65' lang='grc' dir='ltr'>ὁμοθέσιον</span> <span class='ocrx_word' id='word_1_736' title='bbox 478 5721 880 5777; x_wconf 63' lang='lat' dir='ltr'><strong>consentientes</strong></span> <span class='ocrx_word' id='word_1_737' title='bbox 907 5721 1104 5790; x_wconf 74' lang='lat' dir='ltr'><strong>recepti</strong></span> <span class='ocrx_word' id='word_1_738' title='bbox 1134 5711 1402 5775; x_wconf 76' lang='lat' dir='ltr'><strong>sunl.Scd</strong></span> <span class='ocrx_word' id='word_1_739' title='bbox 1434 5711 1495 5774; x_wconf 73' lang='lat' dir='ltr'><strong>ea</strong></span> <span class='ocrx_word' id='word_1_740' title='bbox 1523 5733 1656 5772; x_wconf 78' lang='lat' dir='ltr'><strong>cou-</strong></span> 
     </span>
    </p>
   </div>
   <div class='ocr_carea' id='block_1_106' title="bbox 1767 4536 3343 4598">
    <p class='ocr_par' dir='ltr' id='par_1_106' title="bbox 1767 4536 3343 4598">
     <span class='ocr_line' id='line_1_106' title="bbox 1767 4536 3343 4598; baseline -0.005 0"><span class='ocrx_word' id='word_1_741' title='bbox 1767 4541 2114 4598; x_wconf 85' lang='lat' dir='ltr'><strong>celebratur?</strong></span> <span class='ocrx_word' id='word_1_742' title='bbox 2151 4543 2418 4596; x_wconf 88' lang='lat' dir='ltr'><strong>Nimirum</strong></span> <span class='ocrx_word' id='word_1_743' title='bbox 2451 4541 2518 4594; x_wconf 86' lang='lat' dir='ltr'><strong>ad</strong></span> <span class='ocrx_word' id='word_1_744' title='bbox 2563 4539 2874 4595; x_wconf 65' lang='lat' dir='ltr'><strong>Iudaeorum</strong></span> <span class='ocrx_word' id='word_1_745' title='bbox 2911 4539 3087 4592; x_wconf 87' lang='lat' dir='ltr'><strong>adhuc</strong></span> <span class='ocrx_word' id='word_1_746' title='bbox 3131 4536 3343 4590; x_wconf 87' lang='lat' dir='ltr'><strong>fabulas</strong></span> 
     </span>
    </p>
   </div>
   <div class='ocr_carea' id='block_1_107' title="bbox 1770 4629 3344 4707">
    <p class='ocr_par' dir='ltr' id='par_1_107' title="bbox 1770 4629 3344 4707">
     <span class='ocr_line' id='line_1_107' title="bbox 1770 4629 3344 4707; baseline -0.006 -15"><span class='ocrx_word' id='word_1_747' title='bbox 1770 4638 2178 4704; x_wconf 68' lang='lat' dir='ltr'><strong>adhaerescitis;</strong></span> <span class='ocrx_word' id='word_1_748' title='bbox 2241 4651 2417 4707; x_wconf 89' lang='lat' dir='ltr'><strong>neque</strong></span> <span class='ocrx_word' id='word_1_749' title='bbox 2485 4635 2630 4690; x_wconf 88' lang='lat' dir='ltr'><strong>enim</strong></span> <span class='ocrx_word' id='word_1_750' title='bbox 2684 4631 2974 4688; x_wconf 82' lang='lat' dir='ltr'><strong>Paschalis</strong></span> <span class='ocrx_word' id='word_1_751' title='bbox 3023 4629 3344 4686; x_wconf 84' lang='lat' dir='ltr'><strong>solemnitas</strong></span> 
     </span>
    </p>
   </div>
   <div class='ocr_carea' id='block_1_108' title="bbox 1759 4931 3345 5008">
    <p class='ocr_par' dir='ltr' id='par_1_108' title="bbox 1759 4931 3345 5008">
     <span class='ocr_line' id='line_1_108' title="bbox 1759 4931 3345 5008; baseline -0.011 -8"><span class='ocrx_word' id='word_1_752' title='bbox 1759 4946 1880 5000; x_wconf 86' lang='lat' dir='ltr'><strong>silia</strong></span> <span class='ocrx_word' id='word_1_753' title='bbox 1914 4943 1982 4996; x_wconf 89' lang='lat' dir='ltr'><strong>ab</strong></span> <span class='ocrx_word' id='word_1_754' title='bbox 2023 4941 2272 4996; x_wconf 78' lang='lat' dir='ltr'><strong>Eudoxio</strong></span> <span class='ocrx_word' id='word_1_755' title='bbox 2314 4947 2500 5008; x_wconf 83' lang='lat' dir='ltr'><strong>postea</strong></span> <span class='ocrx_word' id='word_1_756' title='bbox 2543 4936 2854 5008; x_wconf 77' lang='lat' dir='ltr'><strong>disturbata</strong></span> <span class='ocrx_word' id='word_1_757' title='bbox 2893 4941 3042 4990; x_wconf 88' lang='lat' dir='ltr'><strong>sunt.</strong></span> <span class='ocrx_word' id='word_1_758' title='bbox 3071 4931 3217 5008; x_wconf 69' lang='lat' dir='ltr'><strong>Vide</strong></span> <span class='ocrx_word' id='word_1_759' title='bbox 3243 4933 3345 5008; x_wconf 47' lang='lat' dir='ltr'><strong>So:</strong></span> 
     </span>
    </p>
   </div>
   <div class='ocr_carea' id='block_1_109' title="bbox 1759 4997 3343 5081">
    <p class='ocr_par' dir='ltr' id='par_1_109' title="bbox 1759 4997 3343 5081">
     <span class='ocr_line' id='line_1_109' title="bbox 1759 4997 3343 5081; baseline -0.01 -12"><span class='ocrx_word' id='word_1_760' title='bbox 1759 4997 1964 5069; x_wconf 65' lang='lat' dir='ltr'><strong>cratem</strong></span> <span class='ocrx_word' id='word_1_761' title='bbox 1998 5013 2090 5067; x_wconf 85' lang='lat' dir='ltr'><strong>lib.</strong></span> <span class='ocrx_word' id='word_1_762' title='bbox 2145 5027 2244 5081; x_wconf 80' lang='lat' dir='ltr'><strong>tu,</strong></span> <span class='ocrx_word' id='word_1_763' title='bbox 2280 4997 2400 5079; x_wconf 71' lang='lat' dir='ltr'><strong>cap.</strong></span> <span class='ocrx_word' id='word_1_764' title='bbox 2451 5009 2546 5081; x_wconf 83' lang='lat' dir='ltr'><strong>ll._</strong></span> <span class='ocrx_word' id='word_1_765' title='bbox 2587 5006 3098 5081; x_wconf 61' lang='lat' dir='ltr'><strong>Eustathiusporro</strong></span> <span class='ocrx_word' id='word_1_766' title='bbox 3125 4997 3343 5081; x_wconf 46' lang='lat' dir='ltr'><strong>“Liberii</strong></span> 
     </span>
    </p>
   </div>
   <div class='ocr_carea' id='block_1_110' title="bbox 1761 5073 3341 5155">
    <p class='ocr_par' dir='ltr' id='par_1_110' title="bbox 1761 5073 3341 5155">
     <span class='ocr_line' id='line_1_110' title="bbox 1761 5073 3341 5155; baseline -0.008 -18"><span class='ocrx_word' id='word_1_767' title='bbox 1761 5083 2037 5155; x_wconf 86' lang='lat' dir='ltr'><strong>poulilicis</strong></span> <span class='ocrx_word' id='word_1_768' title='bbox 2083 5073 2498 5155; x_wconf 69' lang='lat' dir='ltr'><strong>litt_c_ris__l&#39;rcl_us</strong></span> <span class='ocrx_word' id='word_1_769' title='bbox 2536 5079 2600 5155; x_wconf 34' lang='lat' dir='ltr'><strong>in‘</strong></span> <span class='ocrx_word' id='word_1_770' title='bbox 2635 5075 2951 5155; x_wconf 60' lang='lat' dir='ltr'><strong>Tyraucnsi</strong></span> <span class='ocrx_word' id='word_1_771' title='bbox 2980 5073 3215 5124; x_wconf 87' lang='lat' dir='ltr'><strong>concilio</strong></span> <span class='ocrx_word' id='word_1_772' title='bbox 3253 5087 3341 5125; x_wconf 84' lang='lat' dir='ltr'><strong>rc-</strong></span> 
     </span>
    </p>
   </div>
   <div class='ocr_carea' id='block_1_111' title="bbox 1762 5144 2980 5214">
    <p class='ocr_par' dir='ltr' id='par_1_111' title="bbox 1762 5144 2980 5214">
     <span class='ocr_line' id='line_1_111' title="bbox 1762 5144 2980 5214; baseline -0.013 -4"><span class='ocrx_word' id='word_1_773' title='bbox 1762 5144 1988 5210; x_wconf 69' lang='lat' dir='ltr'><strong>slitulus</strong></span> <span class='ocrx_word' id='word_1_774' title='bbox 2026 5160 2132 5204; x_wconf 82' lang='lat' dir='ltr'><strong>est.</strong></span> <span class='ocrx_word' id='word_1_775' title='bbox 2163 5150 2401 5204; x_wconf 77' lang='lat' dir='ltr'><strong>Basilius</strong></span> <span class='ocrx_word' id='word_1_776' title='bbox 2435 5149 2486 5200; x_wconf 86' lang='lat' dir='ltr'><strong>in</strong></span> <span class='ocrx_word' id='word_1_777' title='bbox 2521 5144 2780 5214; x_wconf 38' lang='lat' dir='ltr'><strong>epist._7‘2</strong></span> <span class='ocrx_word' id='word_1_778' title='bbox 2803 5153 2856 5198; x_wconf 81' lang='lat' dir='ltr'><strong>et</strong></span> <span class='ocrx_word' id='word_1_779' title='bbox 2890 5144 2980 5196; x_wconf 67' lang='grc'><strong>84.</strong></span> 
     </span>
    </p>
   </div>
   <div class='ocr_carea' id='block_1_112' title="bbox 1833 5211 3342 5294">
    <p class='ocr_par' dir='ltr' id='par_1_112' title="bbox 1833 5211 3342 5294">
     <span class='ocr_line' id='line_1_112' title="bbox 1833 5211 3342 5294; baseline -0.007 -18"><span class='ocrx_word' id='word_1_780' title='bbox 1833 5223 1944 5294; x_wconf 83' lang='grc'>(76)</span> <span class='ocrx_word' id='word_1_781' title='bbox 1971 5223 2098 5294; x_wconf 62' lang='lat' dir='ltr'><strong>Kal</strong></span> <span class='ocrx_word' id='word_1_782' title='bbox 2135 5235 2305 5288; x_wconf 67' lang='grc' dir='ltr'>φησι·</span> <span class='ocrx_word' id='word_1_783' title='bbox 2351 5220 2409 5272; x_wconf 79' lang='grc' dir='ltr'>Τί</span> <span class='ocrx_word' id='word_1_784' title='bbox 2437 5211 2619 5294; x_wconf 39' lang='grc' dir='ltr'>,ἐστὶν</span> <span class='ocrx_word' id='word_1_785' title='bbox 2652 5216 3014 5294; x_wconf 70' lang='grc' dir='ltr'>ἐπίσκοπος.</span> <span class='ocrx_word' id='word_1_786' title='bbox 3057 5211 3238 5294; x_wconf 71' lang='lat' dir='ltr'><strong>Habes</strong></span> <span class='ocrx_word' id='word_1_787' title='bbox 3287 5212 3342 5266; x_wconf 87' lang='lat' dir='ltr'><strong>in</strong></span> 
     </span>
    </p>
   </div>
   <div class='ocr_carea' id='block_1_113' title="bbox 1760 5283 3340 5358">
    <p class='ocr_par' dir='ltr' id='par_1_113' title="bbox 1760 5283 3340 5358">
     <span class='ocr_line' id='line_1_113' title="bbox 1760 5283 3340 5358; baseline -0.009 -10"><span class='ocrx_word' id='word_1_788' title='bbox 1760 5283 2014 5349; x_wconf 67' lang='lat' dir='ltr'><strong>Aerianis</strong></span> <span class='ocrx_word' id='word_1_789' title='bbox 2062 5283 2377 5358; x_wconf 77' lang='lat' dir='ltr'><strong>expressam</strong></span> <span class='ocrx_word' id='word_1_790' title='bbox 2435 5287 2601 5358; x_wconf 85' lang='lat' dir='ltr'><strong>hujus</strong></span> <span class='ocrx_word' id='word_1_791' title='bbox 2647 5284 2905 5358; x_wconf 81' lang='lat' dir='ltr'><strong>temporis</strong></span> <span class='ocrx_word' id='word_1_792' title='bbox 2957 5283 3340 5358; x_wconf 65' lang='lat' dir='ltr'><strong>haereticorum</strong></span> 
     </span>
    </p>
   </div>
   <div class='ocr_carea' id='block_1_114' title="bbox 1762 5351 3341 5433">
    <p class='ocr_par' dir='ltr' id='par_1_114' title="bbox 1762 5351 3341 5433">
     <span class='ocr_line' id='line_1_114' title="bbox 1762 5351 3341 5433; baseline -0.012 -13"><span class='ocrx_word' id='word_1_793' title='bbox 1762 5365 2078 5433; x_wconf 81' lang='lat' dir='ltr'><strong>imaginem.</strong></span> <span class='ocrx_word' id='word_1_794' title='bbox 2131 5351 2310 5433; x_wconf 78' lang='lat' dir='ltr'><strong>Quare</strong></span> <span class='ocrx_word' id='word_1_795' title='bbox 2358 5351 3087 5433; x_wconf 48' lang='lat' dir='ltr'><strong>cum&#39;illiiriiin:rlogmata,</strong></span> <span class='ocrx_word' id='word_1_796' title='bbox 3140 5351 3341 5433; x_wconf 59' lang='lat' dir='ltr'><strong>quibus</strong></span> 
     </span>
    </p>
   </div>
   <div class='ocr_carea' id='block_1_115' title="bbox 1763 5419 3340 5500">
    <p class='ocr_par' dir='ltr' id='par_1_115' title="bbox 1763 5419 3340 5500">
     <span class='ocr_line' id='line_1_115' title="bbox 1763 5419 3340 5500; baseline -0.01 -12"><span class='ocrx_word' id='word_1_797' title='bbox 1763 5419 2100 5488; x_wconf 71' lang='lat' dir='ltr'><strong>recentiores</strong></span> <span class='ocrx_word' id='word_1_798' title='bbox 2137 5419 2228 5484; x_wconf 72' lang='lat' dir='ltr'><strong>isti</strong></span> <span class='ocrx_word' id='word_1_799' title='bbox 2267 5427 2699 5500; x_wconf 76' lang='lat' dir='ltr'><strong>patrocinautur,</strong></span> <span class='ocrx_word' id='word_1_800' title='bbox 2743 5419 2964 5500; x_wconf 79' lang='lat' dir='ltr'><strong>damnat</strong></span> <span class='ocrx_word' id='word_1_801' title='bbox 3020 5437 3082 5500; x_wconf 79' lang='lat' dir='ltr'><strong>ac</strong></span> <span class='ocrx_word' id='word_1_802' title='bbox 3141 5419 3340 5500; x_wconf 77' lang='lat' dir='ltr'><strong>refellit</strong></span> 
     </span>
    </p>
   </div>
   <div class='ocr_carea' id='block_1_116' title="bbox 1761 5494 3341 5574">
    <p class='ocr_par' dir='ltr' id='par_1_116' title="bbox 1761 5494 3341 5574">
     <span class='ocr_line' id='line_1_116' title="bbox 1761 5494 3341 5574; baseline -0.008 -17"><span class='ocrx_word' id='word_1_803' title='bbox 1761 5502 2130 5574; x_wconf 82' lang='lat' dir='ltr'><strong>Epiphanius,</strong></span> <span class='ocrx_word' id='word_1_804' title='bbox 2166 5494 2384 5574; x_wconf 84' lang='lat' dir='ltr'><strong>plenum</strong></span> <span class='ocrx_word' id='word_1_805' title='bbox 2421 5494 2706 5566; x_wconf 77' lang='lat' dir='ltr'><strong>gravitatis</strong></span> <span class='ocrx_word' id='word_1_806' title='bbox 2747 5509 2816 5574; x_wconf 72' lang='lat' dir='ltr'><strong>au</strong></span> <span class='ocrx_word' id='word_1_807' title='bbox 2855 5494 3206 5562; x_wconf 89' lang='lat' dir='ltr'><strong>toritatisque</strong></span> <span class='ocrx_word' id='word_1_808' title='bbox 3251 5494 3341 5559; x_wconf 42' lang='lat' dir='ltr'><strong>ju&#39;</strong></span> 
     </span>
    </p>
   </div>
   <div class='ocr_carea' id='block_1_117' title="bbox 1759 5566 3310 5642">
    <p class='ocr_par' dir='ltr' id='par_1_117' title="bbox 1759 5566 3310 5642">
     <span class='ocr_line' id='line_1_117' title="bbox 1759 5566 3310 5642; baseline -0.002 -17"><span class='ocrx_word' id='word_1_809' title='bbox 1759 5566 1963 5629; x_wconf 59' lang='lat' dir='ltr'><strong>dii-ium</strong></span> <span class='ocrx_word' id='word_1_810' title='bbox 2001 5575 2053 5642; x_wconf 87' lang='lat' dir='ltr'><strong>in</strong></span> <span class='ocrx_word' id='word_1_811' title='bbox 2085 5566 2306 5626; x_wconf 65' lang='lat' dir='ltr'><strong>eoSdem</strong></span> <span class='ocrx_word' id='word_1_812' title='bbox 2341 5569 2488 5642; x_wconf 77' lang='lat' dir='ltr'><strong>ipsos</strong></span> <span class='ocrx_word' id='word_1_813' title='bbox 2525 5566 2863 5642; x_wconf 68' lang='lat' dir='ltr'><strong>pronuntiat.</strong></span> <span class='ocrx_word' id='word_1_814' title='bbox 2906 5633 2916 5642; x_wconf 38' lang='lat'><strong><em>.</em></strong></span> <span class='ocrx_word' id='word_1_815' title='bbox 3071 5633 3107 5642; x_wconf 48' lang='lat' dir='ltr'><strong>ﬂ</strong></span> <span class='ocrx_word' id='word_1_816' title='bbox 3301 5631 3310 5641; x_wconf 84' lang='lat'><em>_</em></span> 
     </span>
    </p>
   </div>
   <div class='ocr_carea' id='block_1_118' title="bbox 1829 5630 3339 5706">
    <p class='ocr_par' dir='ltr' id='par_1_118' title="bbox 1829 5630 3339 5706">
     <span class='ocr_line' id='line_1_118' title="bbox 1829 5630 3339 5706; baseline -0.009 -11"><span class='ocrx_word' id='word_1_817' title='bbox 1829 5645 1941 5702; x_wconf 71' lang='lat'><strong>(77)</strong></span> <span class='ocrx_word' id='word_1_818' title='bbox 1989 5641 2102 5706; x_wconf 70' lang='grc' dir='ltr'><strong>Τὴν</strong></span> <span class='ocrx_word' id='word_1_819' title='bbox 2134 5630 2478 5706; x_wconf 49' lang='grc' dir='ltr'>οἰκονομίαν</span> <span class='ocrx_word' id='word_1_820' title='bbox 2525 5630 2652 5702; x_wconf 78' lang='grc' dir='ltr'>’τῆς</span> <span class='ocrx_word' id='word_1_821' title='bbox 2713 5633 3012 5702; x_wconf 59' lang='grc' dir='ltr'>,Ιστίείαςκ</span> <span class='ocrx_word' id='word_1_822' title='bbox 3067 5630 3208 5698; x_wconf 75' lang='lat' dir='ltr'><strong>Quid</strong></span> <span class='ocrx_word' id='word_1_823' title='bbox 3269 5631 3339 5684; x_wconf 78' lang='lat' dir='ltr'><strong>sit</strong></span> 
     </span>
    </p>
   </div>
   <div class='ocr_carea' id='block_1_119' title="bbox 1755 5707 2682 5780">
    <p class='ocr_par' dir='ltr' id='par_1_119' title="bbox 1755 5707 2682 5780">
     <span class='ocr_line' id='line_1_119' title="bbox 1755 5707 2682 5780; baseline -0.009 -10"><span class='ocrx_word' id='word_1_824' title='bbox 1755 5717 1964 5771; x_wconf 64' lang='lat' dir='ltr'><strong>diwtur</strong></span> <span class='ocrx_word' id='word_1_825' title='bbox 1995 5713 2061 5768; x_wconf 82' lang='lat' dir='ltr'><strong>ad</strong></span> <span class='ocrx_word' id='word_1_826' title='bbox 2101 5711 2506 5780; x_wconf 73' lang='lat' dir='ltr'><strong>Expositionem</strong></span> <span class='ocrx_word' id='word_1_827' title='bbox 2539 5707 2682 5762; x_wconf 83' lang='lat' dir='ltr'><strong>lidei.</strong></span> 
     </span>
    </p>
   </div>
  </div>
