3798 6212
413 300 519 356 5t)?

407 415 657 474 obeunda
714 434 728 469 :

405 519 483 563 cst
529 493 771 563 Christus
800 511 836 561 '.
901 509 1079 578 l'ergit
1130 509 1367 566 deinde:
1420 511 1481 565 Et
1523 529 1642 582 qua:
1687 516 1823 568 ratio
1884 528 1988 579 est,

408 602 606 673 inquit,
691 611 812 671 post
860 603 1067 656 obitum
1125 612 1462 659 mortuorum
1553 594 1850 677 appellare.
1895 625 1993 663 no-

407 693 595 747 mina?
623 691 756 748 Nam
795 704 852 747 ut
900 695 1057 749 vivus
1115 702 1253 759 oret,
1303 704 1397 748 aut
1441 697 1493 750 in
1526 713 1793 768 pauperes
1851 701 1992 754 bona

409 799 508 839 sua
562 784 862 854 dispenset,
889 785 1017 856 quid
1051 801 1115 840 ex
1156 801 1219 841 ea
1240 801 1296 840 re
1323 787 1542 840 tandem
1598 789 1663 842 ad
1716 801 1990 844 mortuum

409 876 584 932 redit?
638 876 843 942 Quodsi
897 878 1255 947 superstitum
1293 892 1484 948 preces
1529 880 1597 936 iis
1629 881 1722 950 qui
1787 897 1852 936 ex
1892 882 1992 935 hac

409 971 520 1025 vita
555 969 916 1024 discesserint
937 969 1197 1040 opitulari
1222 977 1494 1040 possunt;
1528 986 1686 1025 nemo
1718 973 1804 1042 pie
1834 972 1992 1026 dein-

409 1077 539 1132 ceps
571 1072 692 1132 agat
727 1061 952 1132 aliquid,
984 1077 1160 1131 neque
1182 1061 1309 1116 boni
1349 1062 1647 1132 quidquam
1677 1063 1864 1127 l‘aciat,
1896 1063 1990 1118 sed

409 1157 619 1210 amicos
646 1155 748 1210 sibi
785 1155 1001 1224 aliquos
1027 1169 1354 1225 quacunque
1401 1155 1610 1210 ratione
1639 1156 1766 1210 velit
1801 1155 1989 1224 adjun-

411 1255 532 1320 gat,
564 1247 679 1302 sive
710 1247 1064 1318 pecuniarum
1115 1247 1423 1316 largitione,
1456 1249 1569 1302 sive
1599 1246 1852 1316 precibus
1889 1247 1992 1301 hoc

411 1343 480 1394 ah
531 1341 638 1394 illis
677 1340 781 1393 sub
814 1337 942 1391 vitm
988 1337 1147 1391 ﬁnem
1197 1338 1468 1408 impetret,
1503 1345 1561 1391 ut
1593 1353 1689 1406 pro
1729 1355 1786 1392 sc
1825 1337 1990 1392 Deum

411 1440 660 1497 exorent,
721 1439 780 1485 nt
833 1445 901 1484 ne
951 1430 1063 1483 illic
1109 1429 1313 1500 aliquid
1352 1428 1680 1484 incommodi
1727 1431 1988 1500 patiatur,

411 1541 513 1580 nec
557 1524 876 1578 immanium
929 1537 958 1575 a
990 1538 1048 1577 se
1089 1522 1392 1576 facinorum
1438 1536 1610 1591 pinnae
1657 1533 1989 1592 repetantur.

410 1616 521 1672 Sed
569 1631 743 1685 neque
798 1613 1012 1685 jejunii,
1079 1613 1276 1682 inquit,
1325 1613 1644 1666 instituendi
1709 1613 1818 1666 nlla
1851 1614 1993 1668 ratio

413 1717 517 1763 est.
553 1705 676 1762 llaec
704 1706 848 1760 enini
881 1705 1066 1758 omnia
1123 1702 1434 1758 Judzeorum
1476 1698 1696 1774 propria
1747 1715 1897 1771 sunt,
1939 1712 1993 1759 et

1833 310 1889 365 S.
1935 308 2277 367 ΕΡΙΙῚΙΑΝΙΙ

797 416 1061 483 Quoniam
1133 416 1341 473 Pascha
1385 433 1620 474 nostrum
1683 423 1988 478 immolatus

2121 429 2254 492 τός.
2315 423 2446 480 Εἶτα
2503 427 2821 497 μετέπειτα,
2877 430 2995 484 Τίνι
3040 430 3118 501 τῷ
3176 431 3321 502 λόγῳ
3363 433 3504 502 μετά
3532 432 3682 486 Uiu-

2095 534 2184 568 τον
2234 515 2550 586 ὀνομάζετε,
2599 521 2785 590 φησιν,
2835 520 3074 591 ὀνόματα
3122 523 3470 586 τεθνεώτωνς
3525 524 3682 592 Εύχε-
3745 515 3783 592 Ι³

3589 318 3681 376 εοε

2100 623 2190 658 ται
2246 606 2375 677 γὰρ,
2439 608 2625 678 φησὶν.
2681 611 2710 661 6
2768 609 2897 673 ζῶν.
2962 611 2992 681 ἢ
3041 613 3357 681 οἰκονομίαν
3421 613 3676 682 ἐποίησε·

2093 697 2146 749 τί
2178 696 2596 769 ὠφεληθήσεται
2625 701 2654 751 ὁ
2683 700 2956 766 τεθνεὼς;
3003 702 3062 754 Ei
3115 702 3169 754 δὲ
3220 704 3358 766 ὅλως
3401 705 3536 774 εὐχὴ
3586 705 3682 756 τιῖν

2094 789 2330 842 ἐνταῦθα
2355 792 2480 853 τοὺς
2511 792 2693 844 ἐκεῖσε
2738 792 2972 861 ῶνησεν,
3009 795 3118 866 ἄρα
3146 794 3277 862 γοῦν
3323 795 3515 866 μηδεξ
3542 795 3681 847 εὗσεν

2095 879 2280 944 ϐείτω,
2337 881 2474 951 μηδὲ
2523 882 2960 950 ἀγαθοποιείτω·
2991 885 3130 938 ἀλλά
3171 886 3466 957 κτησάσθω
3509 887 3681 954 φίλους

2093 971 2244 1036 τινὰς
2278 972 2344 1025 δι’
2372 967 2434 1026 οὗ
2483 973 2733 1044 βούλεται
2761 975 2985 1046 τρόπου,
3032 978 3149 1047 ἦτοι
3180 980 3428 1049 χρήμασι
3476 981 3680 1039 πείσας,

2094 1063 2213 1134 ἤτοι
2243 1064 2430 1132 φίλους
2464 1064 2703 1129 ἀξιώσας
2744 1069 2801 1119 ὲν
2828 1069 2892 1138 τῇ
2925 1067 3170 1138 τελευτῇ,
3206 1071 3299 1122 καὶ
3341 1067 3683 1138 εὖχέσθωσαν
3749 1063 3787 1138 |J

2096 1155 2224 1226 περὶ
2258 1155 2457 1218 αὐτῶν,
2494 1155 2580 1208 ἵνα
2612 1158 2763 1227 μήτι
2798 1157 2916 1209 ἐκεῖ
2945 1157 3111 1230 πάθῃ,
3148 1158 3280 1228 μηδὲ
3315 1160 3380 1212 τά
3407 1161 3500 1212 ὑπ’
3527 1159 3680 1211 αὑτοῦ
3749 1155 3784 1230 Ιῖ

2095 1247 2364 1316 γενόμενα
2419 1246 2529 1298 τῶν
2601 1248 2916 1318 ἀνηκέστων
2966 1249 3386 1320 ἁμαρτημάτων
3456 1249 3681 1319 ἐκζητηο

2096 1337 2184 1408 θῇ.
2231 1337 2369 1390 Ἀλλ’
2421 1337 2546 1390 οὔτε
2587 1339 2831 1408 νηστεία,
2897 1341 3082 1410 φησιν,
3149 1341 3300 1394 ἔσται
3356 1344 3679 1412 τεταγμένη.

2095 1431 2284 1485 Ταῦτα
2320 1431 2430 1500 γὰρ
2481 1431 2750 1486 Ἰουδαῖκά
2785 1435 2922 1498 ἐστι,
2957 1433 3048 1486 καὶ
3089 1433 3194 1486 ὑπὸ
3235 1433 3396 1500 ζυγὸν
3426 1434 3678 1496 δουλείας.

2095 1521 2297 1589 Δικαίῳ
2336 1522 2444 1593 γὰρ
2477 1523 2646 1592 νόμος
2672 1523 2734 1575 ού
2776 1525 2973 1583 κεῖται,
3005 1521 3140 1576 ἀλλά
3185 1523 3548 1593 πατραλοίαις
3601 1527 3681 1574 καὶ

2100 1615 2457 1685 μητραλοίαις
2528 1615 2623 1667 καὶ
2675 1614 2903 1677 λοιποῖς.
2961 1615 3026 1668 Ei
3069 1615 3176 1686 γάρ
3232 1614 3370 1677 ὅλως
3431 1614 3681 1683 βούλομαι

2097 1707 2398 1777 νηστεύειν,
2428 1706 2546 1761 οἵαν
2582 1707 2626 1760 δ’
2657 1707 2724 1760 ἂν
2753 1708 3050 1778 αἱρήσομαι
3081 1707 3294 1778 ἡμέραν
3317 1707 3412 1760 ἀπ’
3431 1706 3681 1776 ἐμαυτοῦ,
3755 1706 3778 1778 Ιε

419 1799 639 1856 cuidam
667 1797 946 1854 servitutis
971 1797 1103 1866 jngo
1130 1795 1394 1866 subjecta.
1427 1795 1639 1866 Quippe
1661 1796 1814 1866 justo
1848 1797 1995 1850 nulla

2121 1776 2346 1869 νηπεύω
2373 1798 2462 1851 διὰ
2499 1797 2600 1869 τὴν
2628 1776 2967 1869 ἐλευθερίαν.
2996 1776 3159 1851 Ὅθεν
3195 1776 3328 1870 παρ’
3366 1799 3559 1860 αὐτοῖς
3603 1815 3660 1849 πε

417 1893 504 1948 lex
558 1889 737 1961 posita
792 1893 898 1952 est,
945 1886 1039 1941 sed
1085 1885 1372 1956 parricidis
1411 1900 1476 1940 ac
1515 1886 1819 1940 matricidis
1856 1885 1995 1939 dun-

416 1993 568 2039 taxat
601 1993 654 2038 et
686 1982 741 2038 id
773 1996 945 2054 genus
998 1979 1124 2034 aliis
1155 1979 1198 2035 ’.
1233 1977 1367 2032 Nam
1399 1978 1444 2033 si
1482 1979 1732 2049 jejuuare
1772 1979 2012 2032 omnino

412 2074 770 2137 decreverim,
801 2087 1126 2142 quacunque
1176 2072 1392 2126 libuerit
1453 2071 1562 2134 die,
1597 2077 1792 2140 sponte
1828 2081 1880 2126 et
1915 2072 1998 2124 in-

418 2176 574 2238 tegra
605 2167 858 2222 libertate
883 2165 1163 2234 jejunabo.
1211 2163 1346 2218 llinc
1377 2171 1462 2219 est
1494 2163 1638 2234 quod
1679 2163 1769 2218 isti
1815 2161 1997 2219 Domi-

413 2258 536 2311 nica
581 2255 668 2311 die
714 2255 964 2326 jejunare
1044 2255 1227 2324 potius
1276 2252 1570 2318 aﬁ‘ectant,
1620 2265 1814 2324 quarta
1871 2268 2001 2308 vero

414 2357 680 2418 sextaque
705 2346 839 2402 feria
885 2354 1199 2402 vescantur.
1240 2345 1561 2416 Quanquam
1627 2361 2001 2416 saepenumero

415 2448 614 2510 quarta
653 2438 788 2494 feria
814 2439 1088 2510 jejunent,
1116 2454 1225 2493 non
1252 2439 1360 2492 ulla
1391 2439 1528 2509 lege,
1570 2438 1662 2492 sed
1700 2439 1997 2499 voluntate,

415 2544 476 2586 ut
505 2541 783 2597 asserunt,
860 2530 1095 2586 inducti.
1160 2529 1333 2586 Porro
1368 2531 1560 2586 diebus
1597 2531 1734 2600 ipsis
1765 2530 2003 2585 Pascha-

414 2627 508 2690 tis,
543 2625 688 2697 quod
720 2633 933 2696 tempus
969 2624 1118 2678 humi
1153 2624 1429 2691 cubando,
1467 2624 1848 2678 castimoniam
1887 2640 2004 2679 scr-

413 2719 594 2774 vando
623 2717 1040 2786 amictandoqne
1091 2730 1344 2786 corpore,
1381 2729 1594 2770 necnon
1625 2723 1679 2769 et
1721 2716 2001 2771 aridorum

413 2812 658 2864 ciborum
695 2824 818 2871 usu,
848 2808 1124 2878 precibus,
1164 2806 1386 2878 vigiliis,
1415 2805 1642 2876 jejuniis
1677 2821 1742 2861 ac
1777 2805 2002 2877 reliquis

414 2903 465 2957 id
498 2917 670 2975 genus
694 2900 1071 2956 saluberrimis
1100 2900 1346 2970 corporis
1365 2899 1703 2954 cruciatibus
1725 2899 2003 2954 celebrare

413 2995 674 3058 solemus,
705 2992 780 3046 illi
808 3007 838 3046 e
870 2991 1148 3046 contrario
1176 2990 1290 3060 jam
1321 2998 1434 3045 tum
1470 2990 1714 3046 diluculo
1742 2990 2002 3046 obsonari

413 3087 610 3150 solent,
642 3092 696 3140 et
760 3084 1022 3138 carnibus
1086 3083 1322 3152 vinoque
1382 3082 1608 3137 distenti
1659 3082 1998 3147 cachinnari,
2031 3126 2074 3184 ϐ

416 3177 618 3239 ridere,
651 3190 880 3244 eosque,
921 3174 1013 3243 qui
1065 3175 1212 3227 illam
1261 3171 1546 3228 Paschalis
1611 3173 2002 3228 hebdomadem

418 3267 788 3324 sanctissimis
835 3267 943 3323 illis
997 3267 1356 3338 religionibus
1400 3266 1732 3329 traducunt,
1775 3267 2009 3320 ludibrio

333 3380 340 3386 ·
416 3361 636 3415 habere.
673 3359 883 3415 Etenim
934 3361 1153 3414 tametsi
1191 3359 1506 3414 renuntiare
1541 3375 1599 3414 se
1634 3359 1798 3414 rebus
1832 3359 2011 3412 omni-

418 3453 520 3507 ιιυε
546 3453 923 3523 proﬁteantur,
981 3451 1206 3505 minime
1260 3459 1440 3504 tamen
1499 3450 1624 3504 vitae
1662 3449 1796 3504 illud
1849 3449 2012 3504 insti-

2097 1890 2447 1962 φιλοτίμηται
2492 1891 2696 1962 μᾶλλον
2727 1894 2784 1944 ὲν
2825 1893 3078 1963 κυριακῇ
3121 1890 3426 1961 νηστεύειν,
3459 1891 3684 1960 τετράδα

2097 1984 2153 2037 δὲ
2183 1984 2277 2037 καὶ
2334 1983 2724 2056 Προσάὃΰατον
2777 1983 2999 2037 ἐσθίειν.
3049 1984 3318 2047 Πολλάκις
3366 1983 3422 2036 δὲ
3466 1985 3564 2036 καὶ
3600 1985 3686 2053 τὴν

2096 2075 2331 2147 τετράδα
2368 2075 2749 2146 νηστεύουσιν,
2789 2075 2911 2146 ούχὶ
2942 2074 3149 2146 θεσμῷ,
3196 2075 3313 2128 ἀλλ’
3346 2075 3454 2144 ἰδία
3505 2091 3684 2144 προαι-

2101 2168 2270 2240 ρέσει,
2321 2169 2504 2240 φησίν.
2555 2168 2654 2222 Ἐν
2686 2184 2747 2220 τε
2794 2170 2912 2230 ταῖς
2945 2167 3181 2238 ἡμέραις
3222 2166 3316 2219 τοῦ
3357 2166 3574 2235 Πάσχα,
3605 2168 3680 2216 ὅτε

2101 2261 2228 2331 παρ’
2259 2261 2390 2331 ἡμῖν
2420 2259 2734 2330 χαμευνίαι,
2770 2259 3006 2326 ἁγνεῖαι,
3036 2256 3426 2318 κακοπάθειαι,
3464 2255 3684 2326 ξηροφα-

2099 2354 2236 2421 γίαι,
2273 2353 2453 2423 εὐχαὶ,
2506 2352 2806 2424 ἀγρυπνίαι
2840 2367 2900 2404 τε
2951 2351 3044 2404 καὶ
3076 2354 3320 2422 νηστεῖαί
3362 2351 3458 2402 καί⁵
3522 2351 3687 2401 πᾶσαι

2099 2445 2208 2498 τῶν
2246 2444 2435 2515 ψυχῶν
2479 2445 2537 2497 αἱ
2581 2444 2848 2516 σωτηρίαι
2890 2442 3000 2496 τῶν
3050 2443 3223 2510 ἁγίων
3277 2441 3490 2501 παθῶν,
3544 2441 3688 2493 cra-ml

2077 2531 2348 2588 ’ἀπέωθεν
2394 2532 2662 2604 ὀψωνοῦσι
2711 2533 2848 2604 κρέα
2888 2550 2947 2586 τε
2993 2532 3088 2586 καὶ
3134 2527 3297 2594 οἶνον,
3336 2530 3549 2584 ἑαυτῶν
3601 2529 3687 2590 τὰς

2103 2627 2308 2695 φλέϐας
2331 2627 2671 2698 γεμίςοντες,
2701 2627 3169 2697 ἀνακαγχάζουσι,
3192 2625 3481 2694 γελῶντες,
3510 2623 3690 2693 χλεναο

2103 2719 2286 2783 ζοντες
2311 2719 2438 2782 τοὺς
2467 2719 2567 2789 τὴν
2597 2720 2760 2789 ἁγίαν
2807 2719 3010 2790 ταύτην
3040 2717 3297 2788 λατρείαν
3329 2716 3431 2785 τῆς
3465 2714 3688 2783 ἑϐδομά-

2102 2809 2189 2872 δος
2219 2809 2310 2862 τοῦ
2344 2810 2534 2880 Πάσχα
2574 2807 2976 2872 ἐπιτελοῦντας.
3007 2809 3115 2861 Καὶ
3140 2807 3248 2878 γὰρ
3275 2809 3323 2859 εἰ
3350 2807 3444 2859 καὶ
3493 2807 3690 2858 ἀποτα-

2105 2900 2291 2952 κτικὸν
2335 2902 2635 2971 ἐσχήκασιν
2668 2893 2815 2954 οὗτοι
2853 2900 3074 2971 τρόπον,
3121 2901 3220 2952 οὐκ
3274 2900 3512 2970 ἧσκηται
3570 2899 3688 2964 παρ’

2106 2990 2288 3053 αὐτοῖς
2308 3007 2322 3020 ·
2360 2991 2493 3044 πολὺ
2517 2991 2572 3044 δέ
2603 3008 2655 3044 τι
2684 2990 3048 3062 κρεωφαγιῶν
3074 2991 3166 3043 καὶ
3195 2988 3514 3043 οἰνοποσιῶν
3542 3004 3555 3016 ·
3585 2987 3690 3040 ἀλλ’

2107 3083 2154 3134 εί
2182 3081 2290 3154 ἄρα
2333 3083 2475 3147 τινὲς
2511 3083 2728 3138 σπάνιοι
2761 3085 2819 3135 ὲν
2856 3082 3008 3153 μέσῳ
3043 3081 3222 3136 αὐτῶν
3261 3082 3358 3134 ἀπ’
3399 3080 3536 3142 ἰδίας
3563 3096 3687 3149 προ-

2107 3176 2370 3246 αιρέσεως
2399 3176 2668 3246 βούλοιντο
2698 3175 2877 3229 τοῦτο.
2904 3175 3120 3230 Μᾶλλον
3141 3175 3198 3226 δέ
3231 3175 3370 3227 εἰσιν
3399 3175 3449 3225 οἱ
3480 3171 3687 3233 πλείους

2105 3269 2285 3322 αὐτῶν
2327 3270 2655 3340 κεχρημένοι
2699 3269 2977 3338 δαψιλέσιν
3031 3267 3242 3320 ὲδωδῶν
3295 3264 3690 3336 σαρκοφαγίαις

2106 3359 2199 3414 καὶ
2231 3360 2582 3426 οίνοποσίαις,
2630 3359 2706 3423 ὡς
2756 3359 3013 3423 πολλάκις
3051 3358 3208 3428 ἔφην.
3244 3356 3433 3409 Ταῦτά
3463 3358 3580 3408 ἐστι
3627 3357 3690 3407 τὰ

2106 3451 2260 3522 παρά
2299 3452 2508 3522 Ἀερίου
2538 3449 2616 3522 τῷ
2656 3451 2755 3520 βίῳ
2789 3450 3136 3522 ἐξεμεθέντα.

420 3551 594 3597 tutum
621 3545 934 3609 observant,
988 3543 1081 3599 sed
1123 3543 1382 3599 carnibus
1433 3557 1497 3598 ac
1547 3543 1855 3597 vinolentia:
1904 3543 2025 3612 plus
2073 3559 2231 3614 aequo
2285 3545 2599 3616 indulgent,
2653 3545 2760 3598 nisi
2813 3543 2951 3598 forte
3011 3543 3167 3613 pauci
3227 3542 3516 3597 admodum
3560 3541 3687 3592 inter

421 3639 542 3691 illos
566 3649 760 3708 sponte
796 3654 893 3694 sua
943 3639 1176 3709 priorem
1209 3638 1356 3692 illam
1392 3639 1516 3692 vita:
1565 3639 1834 3692 rationem
1869 3639 2160 3694 retineant.
2193 3639 2382 3710 Majori
2439 3641 2584 3696 enitr.
2635 3656 2696 3696 ex
2739 3647 2890 3710 parte
2938 3639 3264 3710 largioribus
3315 3637 3516 3707 epulis,
3575 3650 3685 3689 car-

420 3731 583 3786 nibus
645 3748 708 3787 ac
755 3733 882 3787 vino
919 3749 1040 3787 sese
1092 3733 1448 3803 ingnrgitant,
1486 3739 1545 3786 ut
1601 3747 1710 3786 non
1769 3733 1936 3787 semel
1993 3733 2252 3790 diximus.
2316 3735 2442 3790 Haec
2501 3743 2628 3790 sunt
2683 3737 2981 3804 praecipue,
3013 3732 3152 3803 quae
3191 3733 3389 3788 Acrius
3455 3732 3510 3785 in
3556 3731 3686 3783 hunc

422 3826 685 3879 mundum
713 3827 974 3880 evomuit.

499 3917 586 3974 IV.
627 3919 822 3975 Eadem
856 3921 970 3992 ipsa
1003 3937 1168 3993 porro
1200 3931 1432 3978 mentem
1458 3920 1601 3976 illius
1639 3935 1702 3976 ac
1730 3921 2008 3993 perﬁdiam

424 4009 712 4067 manifeste
761 4011 1064 4076 declarant,
1120 4031 1243 4084 qua:
1290 4015 1345 4067 in
1389 4013 1668 4067 hominum
1699 4028 1870 4082 genus
1905 4013 2008 4063 im-

425 4104 595 4175 probo
623 4105 854 4161 artilicio
878 4122 972 4177 per
989 4122 1258 4161 summam
1292 4105 1560 4161 insaniam
1601 4103 1810 4159 eﬁ'udit.
1842 4103 2010 4174 908

426 4199 704 4255 Adversus
737 4215 858 4270 qua:
891 4199 980 4254 ubi
1019 4199 1208 4269 paucis
1251 4197 1739 4268 disputaverinms,
1772 4197 2004 4250 missum

427 4291 577 4344 illum
622 4290 904 4347 faciemus.
946 4290 1236 4345 Enimvero
1271 4298 1446 4344 totum
1499 4291 1631 4344 illud
1684 4289 2005 4344 stoliditatis

424 4398 548 4436 esse
579 4381 954 4451 plenissimum
988 4381 1228 4452 prudens
1259 4383 1491 4452 quisque
1528 4381 1687 4436 facile
1721 4382 2002 4451 perspicit,

2195 3920 2267 3971 A'.
2316 3916 2685 3971 Ὕποδεικνύει
2717 3917 2894 3970 τοίνυν
2921 3917 3020 3986 τὴν
3045 3914 3251 3968 ἔννοιαν
3280 3915 3375 3968 καὶ
3402 3915 3502 3984 τὴν
3534 3914 3684 3967 αὑτοῦ

2116 4008 2394 4070 ἀπιστίαν,
2436 4011 2529 4062 καὶ
2559 4008 2626 4061 τὰ
2665 4009 2732 4062 δι’
2758 4008 2924 4063 αὑτοῦ
2955 4008 3117 4061 πάλιν
3147 4008 3224 4078 τῷ
3273 4008 3375 4078 βίῳ
3404 4011 3485 4071 εἰς
3529 4025 3681 4061 καιο-

2116 4104 2355 4171 μήχανον
2377 4101 2572 4172 τέχνην
2595 4100 3050 4171 ὲμϐροντηθέντα·
3081 4102 3159 4163 είς
3181 4099 3238 4153 δὲ
3256 4100 3356 4161 τὰς
3385 4100 3518 4171 πρὸς
3540 4101 3682 4152 αὑτὸν

2111 4191 2414 4255 ἀντιθέσεις
2448 4190 2802 4261 ἐλευσόμεθα,
2828 4192 2984 4260 ὀλίγα
3007 4190 3380 4261 διηγούμενοι,
3407 4193 3499 4244 καὶ
3529 4191 3681 4251 οὓτως

2115 4283 2532 4354 παρερχόμενοι.
2583 4281 2688 4336 Καὶ
2718 4284 2801 4336 ὅτι
2854 4282 2954 4353 μὲν
2986 4283 3300 4353 ἀφροσύνης
3352 4285 3470 4335 ἐστὶ
3500 4283 3606 4352 ('78)
3632 4285 3680 4330 τὸ

2117 4377 2222 4428 πᾶν
2248 4375 2519 4446 ἔμπλεων,
2553 4377 2664 4438 τοῖς
2690 4375 2903 4427 σύνεσιν
2931 4375 3288 4444 κεκτημένοις
3315 4374 3475 4427 τοῦτο
3503 4374 3675 4444 δῆλον·

427 4473 571 4526 velut
637 4488 758 4527 cum
812 4475 1129 4544 episcopum
1171 4488 1236 4528 ac
1284 4475 1661 4546 presbyterum
1722 4473 2008 4543 adn-quare

2121 4468 2173 4520 τὸ
2192 4467 2369 4536 λέγειν
2390 4467 2550 4521 αὐτὸν
2566 4467 2862 4520 ἐπίσκοπον
2883 4468 2978 4520 καὶ
3005 4466 3273 4538 πρεσϐύτε
3281 4484 3375 4537 ρον
3402 4469 3513 4520 ἴσον
3533 4463 3674 4520 εἶναι.

427 4571 676 4618 conatur.
709 4563 824 4620 Hoc
849 4564 995 4620 enim
1047 4573 1308 4620 constare
1343 4565 1436 4636 qui
1482 4566 1695 4634 potest?
1729 4565 2012 4635 Siquidem

428 4655 810 4724 episcoporum
871 4656 1007 4710 ordo
1065 4657 1130 4710 ad
1182 4657 1486 4727 gignendos
1524 4667 1707 4727 patres
1747 4659 2015 4728 praecipue

431 4747 685 4816 pertinet.
715 4745 890 4818 llnjus
921 4749 1064 4802 enim
1089 4757 1172 4803 est
1202 4756 1417 4818 patrum
1452 4749 1506 4802 in
1542 4749 1783 4804 Ecclesia
1818 4764 2014 4819 propa-

430 4838 594 4907 gatio.
630 4839 782 4894 Alter
803 4855 929 4895 cum
969 4849 1151 4910 patres
1183 4856 1291 4894 non
1330 4841 1525 4909 possit,
1565 4840 1705 4894 ﬁlios
1756 4838 2014 4894 Ecclesiae

432 4932 859 5004 regenerationis
908 4933 1111 4987 lotioue
1153 4931 1428 5001 producit,
1467 4950 1574 4986 non
1619 4941 1801 4987 tamen
1833 4919 2019 5002 patres

432 5033 525 5076 aut
553 5024 864 5094 magistros.
923 5022 1158 5090 Quinam
1196 5040 1326 5079 vero
1355 5024 1468 5080 ﬁeri
1505 5032 1700 5094 potest,
1735 5033 1792 5077 nt
1821 5025 1866 5079 is
1895 5039 2016 5094 prce

432 5118 714 5187 sbyternm
746 5118 1064 5178 constituat,
1099 5118 1165 5171 ad
1211 5133 1371 5189 quem
1412 5118 1708 5172 creandum
1755 5103 2013 5170 maumnn

435 5209 880 5280 imponendarum
923 5211 1014 5280 jus
1060 5211 1268 5264 nullmn
1316 5210 1554 5265 habeat?
1588 5211 1692 5263 Aut
1742 5208 2017 5278 quomodo

435 5303 718 5372 presbyter
775 5304 1034 5374 episcopo
1093 5303 1202 5357 dici
1261 5310 1438 5372 potest
1509 5302 1777 5372 teqnalis?
1819 5300 2017 5352 Verum

2116 4559 2226 4612 Καὶ
2256 4560 2372 4624 πῶς
2415 4559 2568 4612 ἔσται
2599 4560 2756 4613 τοῦτο
2792 4560 3046 4624 δυνατόν;
3089 4560 3153 4612 Ἥ
3187 4561 3286 4630 μὲν
3314 4560 3424 4631 γάρ
3452 4563 3563 4614 ἐστι
3585 4575 3674 4610 πα-

2113 4651 2288 4721 τέρων
2314 4651 2605 4722 γεννητικὴ
2651 4651 2802 4716 τάξις
2823 4669 2836 4682 ο
2865 4651 3110 4721 πατέρας
3145 4652 3254 4722 γὰρ
3278 4654 3442 4722 γεννᾷ
3475 4656 3536 4721 τῇ
3575 4651 3678 4702 Ἐκ-

2116 4741 2316 4814 κλησία
2339 4759 2352 4772 ⁸
2381 4745 2414 4814 ἡ
2445 4743 2524 4806 δὲ,
2568 4742 2809 4814 πατέρας
2837 4744 2912 4814 μὴ
2937 4743 3211 4813 δυναμένη
3239 4747 3453 4813 γεννᾷν,
3487 4743 3567 4796 διὰ

2113 4833 2206 4888 τοῦ
2242 4834 2468 4905 λουτροῦ
2513 4834 2936 4903 παλιγγενεσίας
2959 4834 3126 4888 τέκνα
3161 4837 3327 4905 γεννᾷ
3355 4837 3421 4904 τῇ
3469 4835 3671 4899 Ἐκκλη·

2117 4929 2227 4996 σία,
2259 4927 2320 4978 ού
2353 4927 2458 4998 μὴν
2493 4927 2735 4997 πατέρας
2761 4927 2794 4997 ἢ
2821 4926 3191 4990 διδασκάλους.
3221 4926 3332 4980 Καὶ
3363 4927 3476 4988 πῶς
3502 4920 3604 4978 οἷον
3627 4940 3671 4972 τε

2114 5016 2182 5092 ἦν
2204 5020 2293 5072 τὸν
2330 5015 2700 5091 πρεσϐύτερον
2728 5020 3011 5092 καθιστᾷν,
3043 5021 3116 5092 μὴ
3143 5020 3336 5090 ἔχοντα
3367 5037 3444 5091 χει
3452 5019 3673 5090 ροθεσέτσ·

2116 5114 2208 5168 τοῦ
2257 5119 2581 5187 χειροτονεῖν
2603 5159 2614 5180 ,
2651 5117 2684 5186 ἢ
2729 5117 2902 5169 εἰπεῖν
2936 5115 3099 5169 αὐτὸν
3133 5112 3272 5168 εἶναι
3315 5116 3426 5168 ἴσον
3455 5113 3524 5182 τῷ
3570 5113 3672 5162 sm-

2121 5208 2337 5278 σκόπῳς
2395 5208 2668 5279 Ὴπάτησε
2717 5209 2772 5260 δὲ
2826 5209 2915 5261 τὸν
2967 5207 3366 5278 προειρημένον
3429 5201 3668 5274 Ἀἐριονή

2121 5301 2284 5352 αὐτοῦ
2315 5293 2725 5372 ἐρεσχελία“κα“ι
2757 5302 2784 5352 ὁ
2816 5300 2993 5369 ζῆλος.

433 5396 654 5450 Aerium
703 5396 866 5451 isttun
921 5398 1084 5451 nituia
1127 5397 1374 5466 quietiam
1430 5396 1735 5465 procacitas
1785 5393 2166 5461 :cmnlatioquc
2203 5394 2432 5463 decepit.

512 5507 728 5562 'lCor.
755 5527 805 5572 v,
832 5511 884 5564 7.
963 5515 982 5544 ¹
1014 5509 1029 5562 |
1059 5510 1197 5565 Tim.
1229 5528 1265 5576 ι,
1298 5513 1351 5565 9.

513 5632 624 5697 e78)
656 5632 762 5684 Kal
798 5632 886 5683 ὅτι
915 5631 1026 5697 μὲν
1085 5631 1435 5700 ἀφροσύνης
1484 5631 1676 5685 ἐστίν.
1717 5629 2022 5700 Disputavit

444 5703 512 5756 de
563 5717 624 5754 ea
675 5700 978 5768 quaestione
1010 5703 1391 5768 copiosissime
1425 5701 1690 5754 Ilaronius
1719 5701 1784 5753 ad
1821 5715 2025 5754 annum

445 5773 536 5837 ιδ,
571 5771 660 5826 ubi
688 5768 1060 5825 diﬂicillituum
1097 5787 1160 5825 ex
1204 5770 1517 5841 Hieronymi
1553 5772 1878 5825 auctoritate
1925 5786 2026 5823 no-

2124 5628 2254 5680 dum
2306 5627 2597 5684 dissolvit:
2651 5627 2744 5696 qtti
2798 5626 2850 5679 in
2902 5625 3129 5694 epistola
3165 5626 3232 5678 83
3280 5622 3355 5696 od
3421 5615 3666 5696 lit-agri”

2125 5698 2256 5751 nihil
2310 5699 2439 5752 olim
2491 5686 2784 5766 episi-o'pos
2837 5686 2979 5750 inter
3029 5711 3090 5745 ac
3147 5694 3486 5763 presbyteros
3525 5686 3669 5737 ίιιίεξε

2125 5769 2460 5824 discriminis
2501 5768 2802 5822 allirmasse
2830 5768 3065 5820 videtur.

3739 77 3798 3570 ᾗ

3787 2271 3793 2302 l
