3798 6212
93 273 200 328 509

745 279 1108 340 ADVERSUS
1151 283 1494 339 lel‘lllESES
1535 285 1660 341 LIB.
1705 291 1792 346 ΙΙΙ.
1836 291 2000 348 TUM.
2047 295 2084 350 l.
2128 326 2195 336 —
2239 295 2512 350 Ιίειῐῐὶίιζὸ.
2567 293 2776 350 LXXV.

3270 291 3327 347 5i
3339 293 3372 344 Ι)

163 390 240 446 E'.
260 391 422 462 Φέρει
439 392 496 446 δὲ
521 395 598 458 είς
615 393 810 448 ἑαυτοῦ
831 397 1038 468 πλάνην
1055 400 1148 450 καὶ
1173 401 1276 452 τῶν
1297 399 1460 453 αὐτοῦ
1479 403 1669 456 ἀκουόν

1871 407 1934 462 ν.
1976 413 2044 462 At
2069 409 2216 464 enim
2243 419 2302 464 ut
2343 417 2452 464 tam
2485 409 2590 464 sibi
2630 425 2792 478 quant
2823 409 3164 464 auditoribus
3201 410 3373 480 impo-

87 501 220 544 των,
240 483 324 536 ὅτι
347 487 376 538 ὁ
411 486 729 551 Ἀπόστολος
750 490 952 559 γράφει
977 491 1367 562 πρεσϐυτέροις
1393 493 1488 546 xal
1511 495 1690 548 διακό-

83 592 220 638 νοις,
240 577 334 628 καὶ
348 575 408 628 οὐ
437 577 636 647 γράφει
653 579 994 644 ἐπισκόποις.
1011 579 1208 652 Kal-cfp
1229 583 1514 654 ὲπισκόπῳ
1527 585 1679 658 φησί·

83 667 184 734 Μὴ
213 668 420 737 ἀμέλει
461 669 565 724 τοῦ
597 670 668 724 ἐν
695 672 794 724 σοὶ
823 675 1214 742 χαρίσματος,
1239 669 1311 729 οὗ
1351 674 1564 742 ἔλαϐες
1585 675 1684 729 διὰ

81 757 304 826 χειρῶν
333 759 442 814 τοῦ
474 761 906 830 πρεσϐυτερίου
932 778 943 789 ·
977 763 1140 816 πάλιν
1166 764 1220 816 δὲ
1251 765 1308 818 ὲν
1334 765 1479 836 ἄλλῳ
1503 766 1680 837 τόπῳ·

95 851 490 920 Ἑπισκόποτς
543 853 644 906 καὶ
711 853 1010 922 διακόνοις
1031 870 1044 884 ⁸
1103 856 1178 918 ὠς
1254 839 1394 914 εἶναι
1417 899 1432 918 .
1507 860 1640 929 φησὶ
1665 899 1682 924 ,

79 942 176 994 τὸν
248 942 413 996 αὐτὸν
489 943 804 1010 ἐπίσκοπον,
877 947 968 1001 τὸν
1045 948 1204 1000 αὑτὸν
1282 951 1672 1022 πρεσϐύτερον.

77 1035 198 1094 Καὶ
224 1035 332 1088 οὐκ
361 1031 506 1090 οἶδεν
535 1038 564 1088 ό
588 1037 688 1109 τὴν
713 1039 1037 1092 ἀκολουθίαν
1067 1041 1165 1110 τῆς
1197 1041 1460 1111 ἀληθείας
1487 1044 1683 1116 ἀγνοή-

79 1143 208 1190 σας,
249 1129 346 1180 καὶ
374 1129 638 1200 ἱστορίαις
677 1129 1005 1200 βαθυτάταις
1036 1131 1112 1204 μὴ
1145 1133 1404 1204 ἐντυχὼν,
1428 1136 1532 1200 ὅτι,
1561 1137 1680 1190 νέου

73 1217 237 1282 δντος
273 1218 370 1272 τοῦ
407 1220 786 1291 κηρύγματος,
817 1224 953 1294 πρὸς
987 1223 1054 1278 τὰ
1098 1225 1472 1280 ὑποπίπτοντα
1515 1227 1681 1299 ἔγρα-

77 1327 182 1378 φεν
213 1313 244 1364 ό
281 1311 436 1378 ἅγιος
481 1312 819 1377 Ἀπόστολος.
857 1313 1038 1370 Ὅπου
1081 1318 1178 1386 μὲν
1221 1312 1364 1388 ἦσαν
1393 1319 1682 1372 ἐπίσκοποι

75 1403 184 1472 ἤδη
225 1403 686 1468 κατασταθέντες.
721 1405 961 1476 ἔγραφεν
1007 1408 1328 1472 ἐπισκόποις
1367 1410 1462 1464 καὶ
1498 1409 1681 1462 διακό-

73 1511 214 1558 νοις.
250 1495 331 1550 Ού
374 1495 486 1566 γὰρ
519 1497 696 1550 πάντα
743 1498 904 1562 εὐθὺς
933 1498 1274 1571 ἠδυνήθησαν
1307 1502 1358 1554 οἱ
1390 1501 1680 1555 ἀπόστολοι

73 1589 446 1660 καταστῆσαι.
477 1590 874 1664 Πρεσϐυτέρων
901 1592 1010 1664 γὰρ
1029 1593 1242 1662 ἐγίνετο
1261 1595 1420 1666 χρεία
1445 1595 1540 1648 καὶ
1563 1594 1681 1650 δια-

71 1681 280 1734 κόνων.
307 1681 404 1735 Διά
437 1681 548 1752 γὰρ
592 1682 700 1736 τῶν
745 1683 840 1738 δύο
885 1683 1090 1738 τούτων
1131 1685 1202 1739 τὰ
1247 1686 1678 1758 ἐκκλησιαστικά

1791 509 1906 564 nat,
1935 501 2066 556 illud
2097 503 2290 570 objicit
2319 522 2332 556 :
2374 502 2694 572 Apostolum
2729 502 3066 573 presbyteris
3121 503 3372 556 ctdiaco—

1798 589 1885 642 uis
1935 592 2202 658 scrilzere,
2245 607 2355 646 non
2398 592 2694 661 cpismpis.
2733 591 2860 646 ltem
2893 594 3206 662 episcopum
3238 594 3371 646 allo-

1788 697 1984 750 quens,
2040 681 2194 748 Noli,
2249 684 2448 754 inquit,
2481 683 2737 754 negligere
2785 685 3036 754 gratiam,
3084 701 3200 754 quae
3231 687 3282 738 in
3321 697 3369 740 te

1785 785 1886 837 est,
1921 791 2079 844 quant
2119 778 2366 844 accepisti
2417 791 2510 844 per
2557 791 2748 830 manus
2793 777 3210 846 presbyterorum
3258 777 3366 830 col-

1787 866 1909 936 legii
1969 869 1984 897 ¹
2031 883 2044 918 :
2089 867 2284 922 deinde
2347 867 2455 922 alio
2499 859 2934 936 loco'episcopis
3019 878 3068 922 et
3107 869 3368 930 diuconis,

1787 968 1846 1012 ut
1875 959 2017 1014 idem
2050 961 2346 1032 cpiscopus
2393 969 2447 1016 et
2482 961 2764 1031 presbyter
2799 976 2923 1016 esse
2955 959 3228 1014 videatur.
3264 960 3368 1014 Sed

1787 1049 2046 1104 nimirum
2084 1052 2330 1106 veritatis
2362 1053 2464 1108 iste
2488 1053 2684 1108 seriem
2719 1052 3000 1123 ignorans.
3035 1067 3136 1106 nec
3187 1053 3242 1106 in
3281 1067 3368 1107 re-

1785 1142 2094 1198 conditiore
2129 1143 2362 1200 historia
2389 1153 2662 1210 versatus,
2715 1160 2822 1200 non
2851 1143 3100 1215 intelligit
3131 1145 3368 1214 Aposto—

1783 1235 1919 1300 lutn,
1975 1251 2102 1290 cum
2159 1252 2352 1292 recens
2395 1237 2576 1292 adhuc
2603 1247 2752 1293 esset
2779 1236 3370 1307 Christianidogmatis

1785 1329 2130 1398 propagatio,
2189 1343 2290 1398 pro
2325 1343 2385 1386 re
2435 1339 2562 1384 nata
2614 1329 2942 1398 scripsisse;
2978 1343 3104 1384 nam
3139 1330 3230 1384 ubi
3255 1330 3368 1400 jam

1783 1419 2026 1488 episcopi
2049 1419 2338 1474 Constituti
2363 1419 2599 1482 fuerant,
2621 1421 2686 1474 ad
2718 1421 3005 1490 episcopos
3027 1427 3080 1474 et
3107 1420 3370 1474 diaconos

1785 1509 2086 1566 scribebat.
2121 1507 2308 1580 Neque
2337 1509 2482 1562 enim
2521 1509 2756 1564 subinde
2782 1509 2968 1564 omnia
2996 1509 3065 1564 ab
3099 1509 3368 1580 apostolis

1783 1596 2026 1652 ordinari
2070 1604 2341 1668 poterant.
2367 1597 2432 1651 Et
2461 1597 2682 1668 quidem
2713 1597 3048 1669 presbyteris
3087 1599 3142 1654 in
3179 1599 3369 1668 primis

1784 1703 1848 1744 ac
1876 1689 2126 1745 diaconis
2155 1703 2294 1761 opus
2344 1699 2486 1757 erat;
2517 1705 2548 1744 a
2571 1691 2772 1760 quibus
2809 1691 3066 1746 videlicet
3102 1692 3369 1746 ambobus

69 1773 338 1828 δύνανται
370 1773 731 1846 πληροῦσθαι.
758 1775 934 1830 Ὅπου
968 1777 1025 1830 δὲ
1053 1777 1152 1847 οὐχ
1185 1777 1382 1850 εὑρέθη
1407 1753 1500 1842 τις
1527 1778 1669 1846 ἄξιος

1778 1781 2153 1838 ecclesiastica
2193 1753 2420 1853 negotia
2469 1753 2847 1838 administrari
2893 1793 3144 1854 possunt.
3185 1782 3368 1850 Quare

71 1865 420 1935 ἐπισκοτῆις,
450 1865 665 1936 ἔμεινεν
691 1866 719 1918 ὁ
741 1866 905 1930 τόπος
940 1867 1110 1939 χωρὶς
1142 1867 1464 1922 ἐπισκόπου.
1501 1869 1674 1924 Ὅπου

73 1957 132 2010 δὲ
167 1958 365 2026 γέγονε
393 1959 574 2030 χρεία,
604 1959 700 2012 xal
717 1956 858 2030 ἦσαν
879 1959 1378 2033 ἀξιομὲπισκοπῆς,
1413 1963 1678 2017 κατεστά-

75 2051 258 2120 θησαν
289 2053 600 2106 ἐπίσκοποι.
629 2052 876 2123 Πλήθους
903 2053 960 2108 δὲ
995 2053 1070 2125 μὴ
1109 2054 1282 2120 ὄντος,
1311 2054 1410 2126 οὺχ
1447 2055 1678 2127 εὑρέθη-

77 2159 184 2198 σαν
211 2143 276 2194 ὲν
303 2143 492 2210 αὐτοῖς
531 2143 894 2216 πρεσϐύτεροι
927 2145 1357 2215 κατασταθῆναι,
1389 2145 1483 2199 καὶ
1511 2146 1678 2218 ὴρκέ-

75 2233 294 2304 σθησαν
319 2234 414 2288 ἐπὶ
445 2233 523 2304 τῷ
551 2233 694 2288 κατὰ
720 2235 884 2288 τόπον
917 2235 1065 2306 μόνῳ
1089 2235 1393 2307 ὲπισκὸπῳ.
1427 2235 1590 2304 Ἄνευ
1620 2235 1678 2289 δὲ
1702 2292 1712 2304 ,

69 2327 328 2381 διακόνου
357 2326 656 2382 ἐπίσκοπον
677 2325 940 2384 ἀδύνατον
965 2322 1126 2382 εἶναι.
1159 2327 1270 2382 Kal
1295 2328 1676 2400 ὲπεμελήσατο

69 2421 100 2472 ὁ
131 2420 296 2488 ἆγιος
335 2419 660 2484 Ἀπόστολος
696 2419 977 2485 διακόνους
1003 2416 1142 2474 εἶναι
1171 2419 1249 2490 τῷ
1278 2421 1563 2491 ὲπισκόπῳ
1591 2419 1680 2474 διὰ

71 2515 172 2588 τὴν
199 2514 537 2588 ὑπηρεσίαν.
573 2513 732 2568 Οὕτω
765 2515 864 2586 τῆς
901 2513 1230 2586 Ἐκκλησίας
1259 2512 1535 2584 λαϐούσης
1565 2513 1678 2584 (79)

69 2613 142 2664 τὰ
173 2608 526 2682 πληρώματα
553 2608 652 2679 τῆς
675 2607 1010 2678 οἰκονομίας,
1039 2606 1184 2661 οὕτω
1210 2606 1330 2660 κατ’
1352 2607 1532 2660 ἐκεῖνο
1555 2623 1679 2660 και-

73 2704 172 2774 ροῦ
203 2699 353 2774 ἦσαν
383 2705 436 2757 οἱ
489 2704 670 2758 τόποι.
706 2703 814 2758 Καὶ
856 2702 966 2773 γὰρ
1009 2701 1240 2754 ἕκαστον
1297 2703 1532 2772 πρᾶγμα
1578 2702 1679 2754 οὐκ

71 2796 336 2867 ἀπαρχῆς
379 2795 450 2850 τά
497 2797 678 2850 πάντα
727 2795 913 2866 ἔσχεν·
953 2792 1092 2847 ἀλλά
1145 2791 1532 2864 προϐαίνοντος
1579 2791 1674 2844 τοῦ

69 2893 274 2960 κρόνου
303 2890 374 2944 τὰ
407 2889 544 2962 πρὸς
580 2889 860 2943 τελείωσιν
907 2887 1016 2942 τῶν
1047 2886 1246 2958 χρειῶν
1290 2886 1672 2957 κατηρτίζετο.

1781 1873 1872 1926 tibi
1909 1873 2150 1928 nondum
2181 1873 2502 1944 episcopatu
2559 1874 2760 1944 dignus
2792 1873 2992 1942 aliquis
3023 1883 3366 1938 occurrerat,

1779 1965 1964 2019 nullus
1991 1965 2038 2020 ei
2079 1965 2203 2018 loco
2262 1965 2576 2035 propositus
2619 1973 2702 2019 est
2731 1965 3046 2034 episcopus.
3089 1963 3158 2016 At
3191 1964 3284 2016 ubi
3311 1970 3366 2016 et

1779 2061 2084 2113 necessitas
2133 2057 2466 2126 postulabat.
2521 2072 2623 2112 nec
2666 2071 2881 2122 eorum,
2921 2056 3014 2126 qui
3047 2055 3366 2126 episcopatu

1779 2149 1928 2220 digni
1959 2157 2140 2212 erant,
2173 2149 2330 2218 cepia
2361 2148 2572 2214 deerat,
2633 2149 2708 2204 ibi
2755 2149 2998 2219 episcopi
3059 2147 3362 2206 constituti.

1782 2239 1888 2296 Sed
1939 2257 2064 2296 cum
2127 2240 2273 2296 haud
2328 2255 2520 2311 magna
2581 2239 2869 2295 multitudo
2919 2239 3094 2305 foret,
3137 2239 3367 2310 reperiri

1782 2334 1916 2390 nulli
1964 2341 2282 2404 potuerunt,
2313 2334 2406 2404 qui
2467 2333 2770 2404 presbyteri
2824 2340 3182 2390 crearentur:
3225 2333 3368 2390 unde

1782 2427 1900 2482 solo
1935 2428 2194 2499 episcopo
2249 2429 2493 2482 contenti
2529 2426 2770 2483 fuerunt.
2817 2424 2948 2480 Sine
2972 2427 3207 2480 diacono
3241 2439 3367 2480 vero

1780 2520 2074 2590 episcopus
2100 2535 2222 2574 esse
2269 2535 2380 2574 non
2411 2527 2612 2590 potest.
2646 2519 2828 2585 Quare
2865 2519 2920 2572 in
2970 2518 3022 2572 id
3072 2515 3366 2587 Apostolus

1781 2609 2053 2672 incubuit,
2117 2617 2176 2664 ut
2221 2607 2573 2666 ministrandi
2623 2609 2796 2680 gratia
2844 2608 3104 2678 episcopo
3149 2605 3364 2660 diaconi

1784 2707 2156 2772 suppeterent.
2209 2702 2396 2772 Itaque
2455 2715 2580 2755 cum
2643 2699 2886 2754 nondum
2950 2699 3196 2754 Ecclesia
3249 2698 3366 2754 suis

1784 2793 2040 2850 omnibus
2069 2794 2446 2848 [unctionibus
2480 2793 2684 2864 expleri
2718 2802 2925 2864 posset,
2954 2807 3049 2862 per
3075 2791 3205 2845 illud
3225 2800 3364 2844 tem-

1785 2901 1888 2958 pus
1917 2886 2230 2942 istiusmodi
2264 2885 2606 2955 siugulorum
2635 2884 2880 2938 locorum
2922 2891 3100 2938 status
3125 2881 3360 2955 οιιειίιὶι⁸

71 2983 266 3053 Neque
301 2997 434 3038 vero
455 2981 566 3036 ulla
601 2996 690 3036 res
719 2989 822 3044 est,
847 2995 970 3050 qua:
993 2979 1062 3034 ab
1091 2977 1250 3032 initio
1291 2977 1410 3034 suis
1453 2976 1715 3032 omnibus
1775 2977 2022 3032 numeris
2075 2976 2324 3032 absoluta
2379 2976 2572 3040 fuerit;
2621 2975 2715 3030 sed
2771 2975 3100 3046 procedente
3146 2973 3362 3028 demum

73 3093 348 3148 tempore,
402 3091 502 3132 sua
555 3075 1060 3147 Opportunitatibus
1116 3072 1376 3128 omnibus
1427 3071 1492 3126 ad
1541 3071 1934 3143 perfectionem
1963 3071 2213 3126 accessio
2248 3069 2496 3142 contigit.

145 3175 242 3239 τῖ’·
285 3171 460 3234 Εὐθὺς
511 3171 606 3238 μὲν
646 3169 756 3240 γὰρ
795 3168 1032 3238 Μωῦσῆς
1079 3165 1358 3237 πέμπεται
1397 3168 1478 3228 εἰς
1502 3165 1665 3234 Αἴγυ-

1837 3163 2004 3234 909
2041 3161 2122 3216 Vl.
2157 3161 2326 3230 Cujus
2377 3161 2684 3228 exetnplum
2736 3161 3000 3216 habemus
3047 3159 3100 3214 in
3147 3157 3358 3230 Moyse.

77 3281 212 3318 πτον
247 3263 392 3318 κατά
421 3263 522 3334 τὴν
551 3260 794 3314 Παλαιὰν
827 3259 1104 3330 Διαθήκην
1137 3257 1318 3330 ῥάϐδῳ
1357 3259 1526 3332 μόνῃ·
1563 3259 1670 3313 ὑπὸ

79 3355 170 3409 τοῦ
197 3355 338 3408 Θεοῦ
368 3353 426 3407 δὲ
449 3353 878 3424 ἀπεσταλμένος,
913 3353 972 3404 ἐν
999 3351 1078 3422 τῷ
1107 3351 1368 3406 εἰσελθεῖν
1396 3353 1476 3416 είς
1509 3353 1672 3421 Δίγυ-

79 3465 238 3512 πτον,
274 3444 624 3516 προστίθεται
657 3445 805 3515 αὐτῷ
827 3446 906 3508 είς
939 3443 1192 3515 βοήθειαν
1224 3443 1436 3516 Ἀαρὼν
1467 3447 1496 3498 ὁ
1519 3443 1670 3500 ἀδελ·-

81 3541 182 3608 φδς
215 3537 408 3592 αὐτοῦ.
445 3531 580 3590 Εἶτα
620 3537 758 3608 μετά
783 3537 844 3588 τὸ
877 3535 1166 3589 πιστεύσαι
1201 3533 1350 3606 αὐτῷ
1391 3533 1482 3588 τὸν
1513 3535 1670 3590 ἀδελ-

81 3631 206 3700 φόν,
243 3628 490 3700 συνήχθη
517 3628 652 3700 πρὸς
677 3629 840 3682 αὑτὸν
875 3631 907 3698 ὴ
949 3629 1214 3700 γερουσία
1239 3628 1332 3682 καὶ
1360 3630 1408 3682 οἱ
1437 3629 1688 3700 ἀρχηγοὶ,

83 3721 176 3774 τοῦ
209 3720 342 3774 λαοῦ
385 3719 506 3774 κατ’
535 3721 712 3773 ὲκεῖνο
743 3719 960 3790 καιροῦ.
988 3721 1104 3788 Kal
1141 3720 1280 3790 μετά
1316 3720 1488 3774 ταῦτα
1530 3737 1668 3792 κρα-

83 3810 380 3880 τυνομένου
407 3809 501 3861 τοῦ
533 3808 718 3880 ἔργου,
750 3809 846 3861 καὶ
878 3809 975 3879 τῆς
1005 3808 1328 3874 ἀκολουθίας
1373 3810 1672 3880 συναγομέ-

81 3918 200 3970 νης,
227 3900 522 3971 διεπέρασε
563 3899 660 3970 τὴν
705 3899 996 3956 θάλασσαν.
1033 3901 1140 3953 Kal
1172 3899 1326 3954 οὔπω
1355 3897 1498 3971 ἦσαν
1529 3901 1670 3956 κατὰ

83 3995 174 4046 τὸν
207 3995 396 4063 νόμον,
431 3994 536 4057 ἕως
571 3995 662 4046 ὅτε
695 3993 896 4064 Κύριος
933 3994 1094 4046 αὐτὸν
1123 3993 1280 4046 καλεῖ
1317 3997 1397 4056 είς
1437 3995 1500 4048 τὸ
1523 3995 1668 4064 ὅρος.

85 4085 278 4138 Δίδωσι
307 4085 368 4138 δὲ
393 4085 544 4155 αὐτῷ
573 4084 671 4148 τάς
701 4086 932 4156 πτύχας,
973 4085 1068 4138 καὶ
1107 4085 1488 4140 ὑποδείκνυσιν
1521 4087 1672 4158 αὐτῴ

89 4176 292 4246 σκηνὴν
323 4175 756 4238 κατασκευάσαι,
791 4175 1069 4248 ἀρχηγοὺς
1119 4193 1182 4229 τε
1233 4177 1668 4249 προστήσασθαι,

87 4261 408 4334 δεκάρχους,
427 4263 954 4336 πεντηκοντάρχους,
981 4266 1432 4337 ἑκατοντάρχους,
1461 4268 1672 4338 χιλιάρ-

91 4371 230 4424 χους.
251 4355 366 4408 Kal
399 4357 532 4426 ὁρᾷς
561 4355 676 4420 πῶς
699 4356 768 4410 τά
795 4357 1096 4428 πράγματα
1115 4357 1480 4424 πλατύνεται;
1511 4361 1670 4428 Ὅρα,

91 4445 240 4515 φησὶ,
287 4445 569 4512 ποιήσεις
613 4445 812 4501 πάντα
858 4449 1006 4502 κατὰ
1044 4449 1152 4502 τὸν
1189 4450 1382 4504 τύπον
1425 4451 1532 4504 τὸν
1554 4451 1672 4506 δειο

1779 3253 1876 3310 llic
1899 3255 2043 3310 enim
2067 3254 2328 3310 iuVetere
2344 3253 2723 3310 Testzunento'
2750 3255 2864 3310 sola
2885 3256 3034 3326 virga
3053 3256 3364 3308 instruetus

1781 3347 1836 3402 iu
1875 3345 2172 3416 AEgyptum
2217 3347 2455 3402 mittitur
2505 3367 2534 3400 :.
2574 3361 2738 3416 quam
2783 3363 2906 3402 cum
2961 3346 3360 3416 ingrederetur,

1777 3442 1959 3494 Aaron
1989 3441 2162 3509 ipsius
2197 3437 2364 3494 frater
2388 3439 2650 3496 divinitus
2683 3439 2886 3495 missus
2923 3441 2972 3496 ei
3001 3454 3061 3494 se
3093 3437 3160 3490 ad
3188 3437 3364 3492 suhsi-

1777 3533 1928 3586 dium
1959 3530 2230 3599 adjungtt.
2281 3529 2486 3584 Deinde
2529 3537 2820 3600 postquam
2851 3531 2902 3587 ei
2941 3545 2972 3584 a
3013 3529 3180 3584 fratre
3226 3528 3360 3584 ﬁdes

1780 3621 1962 3678 habita
1991 3629 2098 3682 est,
2141 3621 2420 3676 seniorum
2451 3622 2518 3676 ad
2583 3622 2734 3676 illum
2774 3637 2838 3678 ac
2873 3623 3058 3693 populi
3090 3637 3186 3692 per
3226 3621 3360 3674 illud

1779 3721 1998 3782 tempus
2025 3712 2334 3782 principum
2376 3712 2670 3767 multitudo
2713 3716 2990 3770 convenit.
3027 3713 3164 3768 Tum
3197 3713 3360 3768 desti-

1779 3815 1909 3858 nato
1935 3819 2101 3874 opere
2125 3804 2274 3861 vires
2303 3811 2357 3858 et
2386 3805 2730 3860 incrementa
2766 3807 3040 3877 capiente,
3070 3821 3220 3860 mare
3259 3821 3358 3874 pc-

1777 3897 2035 3952 netravit.
2091 3895 2334 3952 Necdum
2393 3905 2576 3952 tamen
2621 3898 2689 3953 ad
2749 3899 2920 3970 legem
2977 3905 3354 3974 pervenerant,

1777 3989 1952 4044 donec
1989 3989 2142 4044 illum
2175 3987 2318 4044 Deus
2347 3991 2412 4044 ad
2443 3999 2684 4046 montem
2716 3999 2994 4054 evocaret,
3023 4007 3146 4045 cum
3189 3998 3243 4046 et
3271 3999 3350 4044 ta-

1777 4081 1934 4136 bulas
1967 4081 2210 4144 tradidit,
2250 4090 2306 4136 et
2341 4083 2752 4150 tabernaculum
2794 4069 3114 4148 instituere,
3147 4085 3356 4152 princi-

1781 4190 1896 4244 pes,
1929 4173 2282 4236 decuriones,
2323 4174 2852 4244 quinquagenarius,
2911 4175 3262 4230 centuriones
3293 4190 3356 4228 ac

1779 4266 2034 4322 tribunos
2075 4281 2266 4322 creare
2311 4267 2518 4322 docuit.
2555 4265 2718 4323 Vides
2763 4265 3226 4338 quemadmodum
3270 4283 3358 4323 res

1782 4378 1972 4417 omnes
2001 4361 2258 4432 paulatim
2289 4363 2631 4433 ampliﬁcata?
2675 4361 2920 4418 fuerint?
2963 4360 3109 4426 Vide,
3153 4361 3354 4430 inquit,

1782 4455 1942 4523 facies
1971 4455 2151 4508 omnia
2169 4457 2456 4508 scentulum
2485 4453 2776 4522 exemplar,
2802 4451 2939 4524 quod
2963 4451 3060 4505 tibi
3095 4463 3356 4506 monstra-

93 4538 306 4606 zﬁérta
335 4553 435 4592 σοι
482 4539 552 4592 ἐν
595 4538 674 4604 τῷ
705 4539 824 4608 ὄρει
866 4539 1030 4595 Σινᾶ.
1065 4541 1172 4594 Kal
1195 4543 1324 4612 ὁρᾷς
1357 4543 1474 4606 πῶς
1501 4559 1658 4614 προσ-

1777 4555 1886 4598 tum
1909 4554 1986 4598 est
2005 4545 2061 4598 in
2083 4554 2256 4597 monte
2276 4542 2408 4598 Sina
2436 4543 2476 4596 ³.
2497 4542 2988 4604 Animadvertisne,
3017 4550 3076 4594 ut
3097 4540 3164 4594 ad
3195 4539 3358 4610 legis-

93 4631 244 4702 ετέθη
271 4635 338 4702 τῇ
375 4629 668 4704 νομοθεσίᾳ
694 4632 1006 4702 ὲπτάμυξος
1035 4633 1246 4703 λυχνία,
1276 4635 1486 4708 ποδήρη
1518 4637 1668 4706 ἱερα-

95 4721 212 4774 τικά
243 4720 540 4790 ἐνδύματα,
567 4721 810 4784 κώδωνες
838 4739 896 4774 τε
924 4722 1018 4774 καὶ
1043 4723 1291 4792 μανδύαι,
1315 4723 1588 4794 ἑπωμίδες
1610 4741 1668 4776 τε

99 4813 184 4866 καὶ
207 4813 474 4884 κιδάρεις,
513 4814 702 4884 μίτραι
731 4832 790 4866 τε
823 4816 918 4868 καὶ
959 4815 1120 4868 λίθων
1169 4815 1440 4888 διαφόρων
1484 4816 1670 4871 συνθὲ-

101 4919 222 4968 σεις,
259 4905 474 4968 κύαθοι,
519 4907 758 4968 θυῒσκαι,
799 4907 1078 4980 λουτῆρες,
1115 4908 1496 4980 θυσιαστήρια,
1543 4927 1670 4981 τρυ-

101 4993 232 5062 ϐλία,
265 4997 598 5069 μασμαρὼθ,
633 4999 792 5054 ἄτινά
823 5002 937 5060 ἐστι
970 5000 1325 5072 διυληστήρτα
1355 5003 1488 5072 (80),
1533 5001 1672 5072 μιδι-

165 5147 182 5180 ¹
209 5147 224 5200 l
251 5149 392 5206 Tim.
431 5167 502 5214 IV,
539 5151 623 5206 Η.
707 5152 724 5180 ⁸
759 5149 928 5206 Exod.
962 5169 1034 5214 tv,
1071 5150 1105 5204 Ξ
1129 5167 1249 5222 sqq.

191 5305 274 5372 79)
310 5308 476 5360 Οὕτω
533 5307 642 5375 τῆς
696 5309 1052 5376 Ἐκκλησιίις
1081 5313 1410 5377 λαϐούσης.
1451 5311 1554 5376 Qui
1609 5311 1674 5366 ad

110 5373 382 5450 Epiphauii
424 5373 678 5450 utentem
738 5373 1039 5450 diligenter
1091 5373 1669 5450 animumvatljecerit,

107 5461 204 5527 non
233 5447 534 5512 dubitabit,
570 5449 702 5518 quiti
743 5447 896 5502 οὔπω
940 5465 1038 5520 pro
1083 5451 1224 5504 οὕτω
1259 5451 1386 5506 huic
1435 5447 1556 5507 loco
1601 5453 1672 5506 sit

113 5531 292 5572 ευιιυε.

142 5526 680 5660 Ρῖἓθῗηασμαρὼθ,
720 5589 895 5660 ἅτινά
939 5589 1069 5644 ἐστι
1097 5591 1494 5660 διυλιστήρια.
1541 5589 1671 5646 Νηι-

113 5655 528 5738 lumcjusmodi
575 5655 906 5738 vocabulum
959 5661 1012 5712 in
1078 5655 1387 5738 scripturis
1435 5663 1667 5738 reperio.

113 5723 340 5783 Proxima
367 5745 470 5784 vox
515 5731 644 5784 huic
693 5739 778 5787 est
821 5739 1074 5798 mnum,
1115 5723 1255 5790 ante.
1299 5723 1667 5805 templi-vasa,

1777 4637 2036 4690 lationem
2088 4635 2477 4690 candelabrum
2527 4634 2660 4689 illud
2707 4643 2910 4704 septem
2957 4633 3354 4703 cllyehniorum

1776 4726 2020 4782 additum
2059 4725 2244 4790 fuerit,
2275 4743 2486 4782 necnon
2515 4737 2568 4782 et
2597 4727 2796 4782 talares
2818 4725 3124 4781 sacerdotis
3153 4733 3352 4786 vestes,

1777 4819 2166 4882 tintinnabula,
2203 4818 2446 4888 palliola,
2483 4819 2780 4888 epontides,
2831 4816 2980 4886 pilei,
3017 4815 3204 4878 baltei,
3255 4832 3346 4868 va-

1779 4916 1988 4965 riorum
2049 4910 2349 4980 lapillorum
2401 4918 2712 4970 contextus,
2761 4909 2964 4980 cyathi,
3015 4909 3350 4970 mortariola,

1779 5003 1956 5065 labra,
1989 5002 2286 5068 thuribula,
2313 5002 2498 5066 catini,
2535 5002 2930 5064 masmarhoth,
2964 5001 3068 5054 hoc
3091 5011 3174 5055 est
3203 5000 3352 5062 cola;

1329 5155 1348 5184 ³
1379 5151 1550 5209 Exod.
1591 5169 1718 5218 xxv,
1749 5155 1836 5210 -l0.

1769 5327 1890 5382 quae
1929 5327 1958 5382 a
1991 5309 2302 5382 Babyloniis
2333 5311 2540 5382 direpta
2587 5319 3086 5382 commemoranti:r
3149 5309 3326 5363 Jerem

1770 5380 1886 5444 iu,
1931 5381 2014 5436 l9.
2079 5380 2182 5434 Sed
2233 5397 2337 5434 non
2394 5380 2743 5448 διυλιστῆρας
2797 5381 3102 5447 significat.
3169 5394 3346 5432 verum

1771 5453 1985 5520 φιάλας.
2021 5453 2162 5519 apud
2199 5449 2355 5503 LXX.
2389 5449 2610 5504 llieron.
2645 5449 2906 5520 Psalteria
2932 5465 2948 5510 ;
2975 5450 3062 5502 alii
3086 5459 3342 5520 emuncto:

1770 5518 1874 5578 ria.
1913 5518 2294 5578 Saueintﬁm
2333 5519 2486 5588 {trees
2515 5528 2662 5572 sunt.
2703 5519 2806 5574 Sed
2843 5523 2910 5574 ab
2935 5535 2998 5574 ea
3029 5533 3154 5574 voce
3203 5518 3344 5573 haud

1769 5593 1886 5648 scio
1915 5607 1982 5644 an
2017 5598 2280 5650 mmen
2309 5591 2542 5646 derivari
2597 5591 2808 5661 possint
2899 5605 2959 5644 ro
3008 5589 3171 5652 colis,
3227 5589 3318 5660 qui

1769 5663 1872 5714 bus
1915 5661 2098 5714 vinum
2157 5657 2468 5714 dellecetur.
2521 5659 2594 5714 Ita
2651 5607 2894 5714 ιιιδικῲθ³
2915 5659 3056 5714 idem
3105 5675 3226 5714 esse
3277 5674 3318 5712 ai

1769 5663 1872 5716 bus
1915 5661 2098 5718 vinum
2157 5657 2468 5730 dellecetur.
2521 5657 2614 5714 lta'
2650 5657 2878 5730 μιδικώθ
2915 5659 3056 5714 idem
3105 5657 3342 5730 esse'ac

1769 5731 2004 5796 κυάθους
2055 5729 2300 5786 nondum
2348 5728 2840 5804 comperirquam
2897 5745 3082 5788 vocem
3133 5731 3227 5786 lib.
3265 5728 3342 5786 De
