3822 6364
405 360 502 416 5-H

1776 355 1831 410 S.
1877 351 2220 408 ΕΡΙΡΙΙΛΧΙΙ

3591 354 3702 408 5ὶὶ

409 474 692 536 inidicoth,
725 474 840 530 sive
870 473 1086 545 cyathi;
1123 472 1474 536 machonoth,
1504 470 1596 541 qui
1639 478 1767 524 sunt
1800 469 1980 526 bases.

2128 467 2221 530 ὼθ,
2243 470 2400 522 ἅτινα
2445 467 2733 521 καλοῦνται
2770 468 2982 533 κύαθοι,
3015 467 3301 541 μαχωνὼϐ,
3332 470 3553 530 αἵτινές
3585 468 3697 518 εἰσι

407 579 458 623 et
500 583 841 637 quascunque
889 568 995 620 alia
1033 567 1117 620 lex
1165 565 1443 629 edisserit,
1511 564 1658 617 velut
1697 561 1985 616 cherubiui

407 665 462 712 et
494 659 544 711 id
575 672 746 728 genus
772 656 902 720 alia,
937 671 1061 710 arca
1095 655 1431 718 testamenti,
1458 662 1666 716 vectes.
1686 651 1986 707 humerarii

411 750 623 816 annuli,
658 750 1097 807 tabernaculum.
1135 747 1275 812 vela,
1324 747 1492 816 pelles
1529 745 1848 808 rubricata.
1885 757 1987 797 an-

411 855 486 897 sae
539 851 593 896 et
667 841 770 894 alia
812 840 862 893 id
899 855 1093 910 genus,
1132 837 1419 906 janitores,
1461 836 1604 890 tubae
1659 836 1892 890 ductiles
1935 841 1990 888 et

411 931 652 984 incurvae
713 936 766 983 et
807 944 1006 994 aureze,
1059 935 1346 997 argenteae,
1394 941 1568 990 aereae,
1616 939 1851 988 corneze,
1884 923 1992 977 alia

411 1023 644 1092 denique
670 1037 737 1077 ex
769 1023 902 1091 legis
934 1022 1274 1090 praescripto,
1315 1020 1462 1074 velut
1496 1018 1894 1074 sacriliciorum
1938 1025 1992 1072 et

412 1113 823 1167 institutionum
855 1112 1005 1167 varia
1036 1127 1237 1184 genera
1275 1131 1286 1165 :
1326 1126 1448 1182 qua:
1481 1126 1607 1165 cum
1646 1110 1804 1164 initio
1851 1123 1990 1163 non-

413 1205 541 1257 dum
564 1215 772 1270 essent,
807 1219 989 1258 nonne
1011 1212 1300 1274 postquam
1338 1205 1550 1257 invecta
1569 1211 1720 1264 sunt.
1751 1216 1887 1256 suus
1908 1209 1994 1256 est

313 1291 322 1302 ’
412 1297 549 1351 ordo
584 1297 748 1350 rebus
774 1297 1115 1351 attributus?
1150 1295 1348 1350 Eadem
1382 1297 1522 1349 ratio
1544 1301 1631 1349 est
1661 1293 1904 1356 illorum,
1927 1290 1994 1347 de

413 1388 615 1457 quibus
648 1388 945 1458 Apostolus
967 1388 1215 1456 scripsit,
1243 1401 1366 1458 quae
1397 1386 1587 1440 tandiu
1612 1385 1992 1447 obtinuerunt,

413 1480 589 1533 donec
624 1479 956 1548 ampliﬁcata
982 1489 1067 1534 est
1091 1478 1356 1543 Ecclesia,
1384 1481 1558 1535 donec
1585 1495 1742 1536 suam
1775 1494 1838 1533 ac
1865 1477 1996 1547 legi-

415 1572 603 1624 timam
639 1571 707 1625 ad
744 1585 1052 1625 mensuram
1079 1574 1345 1640 pervenit,
1380 1573 1554 1629 donec
1584 1571 1997 1642 prudentique-

415 1663 538 1716 dam
587 1662 964 1718 moderatione
1009 1664 1320 1734 justissima
1351 1674 1436 1720 est
1470 1683 1500 1720 a
1538 1664 1719 1729 Patre,
1754 1663 1893 1721 Filio
1942 1675 1997 1721 et

2090 558 2296 627 βάσεις,
2330 561 2424 612 καὶ
2471 560 2680 630 ὅσαπερ
2733 562 2762 613 ὸ
2805 561 2966 631 νόμος
3011 561 3340 629 διαλέγεται,
3406 557 3700 631 χερουσὶμ

2089 655 2185 707 καὶ
2228 653 2295 706 τὰ
2342 652 2498 718 ἄλλα,
2543 654 2772 719 κιϐωτὸς
2818 655 3103 726 διαθήκης,
3132 655 3424 726 ἀναφορεῖς
3463 669 3540 705 τε
3600 655 3700 704 καὶ

2088 743 2380 810 δακτύλιοι,
2407 746 2578 817 σκηνή
2601 762 2661 799 τε
2687 746 2781 799 καὶ
2809 745 3021 818 δέρρεις
3043 746 3136 800 καὶ
3167 745 3410 817 δέρματα
3435 742 3702 816 ἡρυθρο-

2089 834 2395 905 δανωμένα,
2423 835 2658 904 ἀγκύλαι
2703 853 2763 889 τε
2813 837 2906 890 καὶ
2948 837 3018 890 τὰ
3062 836 3216 899 ἄλλα,
3289 835 3546 906 πυλωροὶ
3601 834 3702 885 καὶ

2093 928 2392 998 σάλπιγγες
2419 930 2609 984 ὲλαταὶ
2638 931 2731 982 καὶ
2781 929 3059 998 καμπύλαι
3122 929 3212 982 καὶ
3240 932 3440 1000 χρυσαῖ
3460 927 3574 981 καὶ
3597 926 3705 996 ἀρ’

2091 1021 2279 1089 γυραί,
2315 1019 2533 1089 χαλκαῖ,
2569 1017 2876 1090 κεράτιναι,
2901 1019 2994 1072 καὶ
3027 1016 3094 1071 τὰ
3130 1017 3263 1071 ἄλλα
3287 1019 3505 1086 ὅσαπερ
3541 1017 3575 1067 ὁ
3610 1015 3704 1065 νό-

2096 1129 2196 1183 μος
2223 1111 2349 1184 ἔφη,
2376 1111 2557 1165 θυσίαι
2585 1110 2853 1182 διάφοροι,
2875 1110 3230 1164 διδασκαλίαι.
3249 1108 3471 1179 Ἐπειδὴ
3495 1108 3703 1176 ἀτταρ-

2093 1203 2194 1272 χῆς
2225 1201 2400 1255 ταῦτα
2445 1202 2546 1255 οὐκ
2585 1197 2675 1273 ἦν,
2712 1197 2819 1272 ἆρα
2853 1199 2990 1271 μετὰ
3024 1201 3082 1253 τὸ
3111 1199 3364 1268 γενέσθαι
3395 1200 3497 1269 τὴν
3532 1197 3704 1261 τάξιν

2094 1295 2194 1347 οὐκ
2241 1292 2430 1363 εἴληφε
2479 1292 2549 1346 τὰ
2593 1293 2929 1364 πράγματας
2974 1291 3130 1346 Οὕτω
3167 1291 3260 1345 καὶ
3302 1291 3373 1343 τὰ
3414 1290 3585 1362 παρὰ
3619 1287 3704 1358 τῷ

2113 1386 2423 1455 Ἂποστόλῳ
2462 1385 2844 1456 γεγραμμένα,
2878 1383 2982 1446 ἕως
3023 1384 3111 1436 ὅτε
3143 1381 3446 1450 ὲπλατύνθη
3480 1383 3520 1451 ἡ
3567 1380 3701 1432 Ἑκ-

2097 1476 2315 1549 κλησία,
2339 1477 2444 1541 ἕως
2465 1477 2552 1531 ὅτε
2584 1479 2664 1542 εἰς
2683 1466 2746 1531 τδ
2775 1477 2902 1530 ἴδιον
2931 1475 3128 1547 μέτρον
3150 1474 3430 1545 ἐλήλακεν,
3457 1472 3588 1536 ἕως
3605 1475 3702 1525 ὅτε

2095 1570 2187 1624 τὸν
2233 1570 2435 1640 κόσμον
2479 1570 2580 1641 τῆς
2625 1569 2891 1633 συνέσεως
2919 1569 3231 1622 δικαιότατα
3256 1569 3321 1620 ὲκ
3345 1567 3573 1636 Πατρδς
3602 1567 3705 1619 καὶ

2099 1664 2231 1718 Υἱοῦ
2292 1665 2383 1717 καὶ
2419 1663 2573 1732 ἁγίου
2609 1664 2922 1735 Πνεύματος
2957 1663 3318 1734 ᾠκονόμηται.
3348 1661 3451 1716 Καὶ
3483 1661 3703 1714 ἐτι-επεν

417 1753 626 1823 Spiritu
658 1763 851 1809 saneto
881 1764 1201 1826 temperata.
1251 1755 1328 1811 Ex
1372 1757 1576 1828 quibus
1613 1758 1761 1812 Aerii
1799 1756 1996 1828 dogma

2149 1755 2244 1809 τοῦ
2277 1755 2487 1827 ’Λερίου
2517 1755 2691 1823 λόγος.

412 1848 700 1902 refellitur.

486 1941 640 2006 Quod
666 1948 845 1994 autem
879 1953 990 1993 non
1023 1937 1165 1993 idem
1199 1955 1321 1996 esse
1357 1944 1530 2012 possit
1569 1958 1693 1997 cum
1738 1945 2000 2014 episcopo

416 2034 733 2105 presbyter,
787 2031 1011 2087 divinus
1063 2032 1313 2102 Apostoli
1348 2048 1529 2090 sermo
1567 2036 1848 2100 declarat,
1893 2053 2002 2107 quo

416 2127 671 2194 quisnam
706 2126 1025 2195 episcopus,
1071 2126 1267 2195 quisve
1314 2128 1596 2198 presbyter
1629 2127 1700 2182 sit
1743 2128 2005 2198 intelligi-

417 2227 512 2270 tur
553 2232 724 2270 :nam
771 2217 836 2270 ad
880 2215 1229 2272 Timotheum
1269 2220 1585 2288 episcopum
1627 2219 1876 2276 scribens
1929 2225 2002 2275 ita

418 2309 661 2376 loquitur
687 2327 698 2360 :
725 2307 1103 2377 Presbyterum
1137 2325 1199 2360 ne
1229 2308 1498 2379 objurges,
1520 2309 1611 2364 sed
1634 2310 1847 2365 hortare
1868 2311 2004 2365 velut

417 2409 619 2467 patrem
656 2401 697 2454 ¹.
732 2400 899 2470 910
924 2401 1063 2466 Quid
1098 2409 1278 2455 autem
1319 2402 1585 2457 attinebat
1627 2403 1888 2474 episcopo
1914 2420 2005 2460 vc-

421 2502 560 2556 tare,
595 2497 655 2545 ut
688 2508 756 2546 ne
797 2494 1177 2564 presbyterum
1216 2493 1554 2564 obiurgaret,
1591 2495 1696 2550 nisi
1737 2497 2003 2567 majorem

421 2585 544 2654 ipso
577 2592 900 2660 potestatem
944 2585 1255 2640 obtineret?
1284 2584 1466 2650 Quare
1505 2585 1768 2658 deinceps
1813 2588 2007 2643 admo-

425 2683 515 2729 net
552 2690 565 2727 :
591 2673 852 2727 Adversus
869 2675 1228 2744 presbyterum
1251 2675 1356 2728 cito
1397 2677 1788 2731 accusationem
1819 2693 1882 2731 ne
1912 2679 2008 2730 ad-

423 2766 650 2830 miseris,
686 2767 788 2820 nisi
812 2766 1013 2820 duobus
1038 2765 1266 2821 tribusve
1296 2767 1510 2822 testibus
1529 2769 1572 2825 '.
1599 2767 1717 2823 Non
1746 2769 1909 2823 alicui
1941 2784 2008 2825 ex

426 2858 759 2929 presbyteris
810 2859 1088 2929 praecepit,
1134 2869 1192 2912 ut
1226 2861 1631 2915 accusationem
1666 2871 1857 2915 contra
1889 2860 2007 2929 epi-

427 2966 658 3022 scopum
693 2966 803 3006 non
839 2951 1180 3018 admitteret;
1207 2961 1302 3006 aut
1343 2961 1402 3006 ut
1432 2954 1750 3023 episcopum
1779 2967 1889 3007 non
1907 2953 2009 3008 ob-

424 3043 694 3115 jurgaret.
731 3043 968 3099 Videsne
1005 3059 1169 3115 quam
1203 3061 1310 3098 non
1345 3044 1638 3100 mediocris
1669 3045 1817 3101 illius
1850 3046 2009 3101 ruina

429 3135 522 3198 sit,
551 3149 712 3203 quem
745 3133 998 3189 diabolus
1022 3133 1396 3188 labefactarit?

501 3224 614 3280 γη.
645 3224 752 3280 Sed
774 3224 1009 3281 hominis
1031 3226 1238 3294 reliqua
1256 3225 1550 3280 videamus.
1573 3225 1629 3279 ln
1655 3225 1846 3294 primis
1860 3226 2006 3296 quod

430 3317 498 3370 ad
525 3315 733 3370 Pascha
767 3315 1024 3384 pertinet,
1063 3317 1130 3370 de
1168 3332 1277 3385 quo
1314 3315 1691 3369 trstimoniuin
1723 3315 1857 3369 illud
1891 3329 2010 3385 pro-

433 3409 555 3462 tulit
585 3406 832 3462 :Pascha
862 3417 1100 3460 nostrum
1129 3407 1434 3461 immolatus
1464 3415 1542 3461 est
1587 3405 1828 3462 Christus
1847 3410 1890 3472 ⁸,
1937 3408 2006 3462 il-

432 3502 542 3553 lum
571 3499 750 3568 ipsum
769 3498 1105 3562 intueamur,
1133 3496 1292 3568 cujus
1317 3497 1420 3552 ista
1434 3512 1536 3552 vox
1565 3509 1668 3564 est,
1696 3509 2008 3555 utrumnam

433 3591 724 3646 celebrarit
759 3591 897 3659 ipse.
939 3588 1012 3645 De
1037 3606 1102 3644 eo
1153 3606 1280 3645 vero
1311 3592 1391 3646 sic
1435 3593 1698 3662 scriptum
1740 3602 1868 3650 est:
1911 3593 2014 3649 Fe-

434 3682 690 3748 stinabat,
711 3691 768 3735 ut
793 3682 1078 3737 celebraret
1096 3682 1432 3739 Pentecosten
1463 3683 1811 3757 Jerosolymis
1849 3687 1890 3743 ⁸.
1913 3687 2014 3742 Ec—

435 3791 597 3844 quam
633 3790 762 3830 vero
795 3773 1161 3830 Pentecosten
1190 3774 1394 3831 Paulus
1430 3786 1639 3848 ageret,
1671 3780 1778 3836 nisi
1802 3779 2012 3835 Pascha

435 3865 588 3934 prius
603 3865 831 3920 obiisset
849 3863 985 3936 ?(8l)
1004 3863 1138 3931 Quis
1154 3873 1237 3920 est
1253 3868 1462 3935 uspiam
1481 3871 1890 3940 terrarum,'qui
1904 3887 2013 3926 non

437 3952 577 4005 ineo
604 3954 935 4017 consentiat,
961 3963 1210 4022 quartam
1261 3962 1540 4012 sextamve
1569 3956 1760 4013 feriam
1782 3960 2012 4016 solemni

435 4041 490 4095 in
525 4040 768 4098 Ecclesia
806 4044 1021 4114 jejunio
1056 4047 1474 4103 consecratam?
1510 4048 1669 4116 Quod
1703 4051 1748 4105 si
1781 4068 1848 4108 ex
1884 4068 2012 4123 apu-

436 4135 702 4190 stoloruin
731 4137 1145 4194 Coustitutione
1178 4141 1472 4211 repetenda
1508 4143 1668 4198 nobis
1716 4146 2017 4202 auctoritas

435 4232 540 4288 est,
571 4240 671 4280 cur
719 4227 826 4282 illis
858 4236 1066 4299 quartae
1104 4238 1378 4300 sextusque
1411 4229 1559 4286 feriae
1586 4233 1854 4302 jejunium
1889 4251 2012 4305 per-

436 4327 598 4384 petua
643 4319 759 4389 lege
793 4320 1063 4383 sancitur,
1105 4329 1331 4390 excepta
1373 4320 1736 4378 Pentecoste?
1771 4324 1882 4379 Cur
1916 4340 2011 4380 ses

438 4407 722 4465 l’aschatis
776 4410 972 4468 diebus
1018 4411 1157 4465 nihil
1198 4413 1424 4468 omnino
1470 4415 1538 4468 ad
1587 4415 1770 4469 cibum
1821 4425 2016 4485 praeter

2178 1932 2284 1987 Καὶ
2324 1933 2406 1986 ὅτι
2450 1933 2547 2002 μὲν
2588 1932 2650 1985 οὐ
2695 1932 2914 1987 δύναται
2949 1935 3146 1987 ταυτὸν
3180 1929 3340 1998 εἶναι,
3370 1933 3631 1986 διδάσκει
3675 1935 3706 1983 ὁ

2105 2025 2244 2090 θεῖος
2282 2025 2438 2094 λόγος
2464 2024 2555 2078 τοῦ
2591 2024 2747 2094 ἁγίου
2783 2027 3104 2079 Ἀποστόλου
3148 2027 3232 2090 τίς
3257 2027 3358 2096 μὲν
3391 2026 3549 2080 ἐστιν
3576 2027 3708 2079 ἐπί-

2107 2135 2326 2182 σκοπος,
2355 2118 2440 2181 τίς
2488 2117 2545 2170 δέ
2591 2119 2706 2171 ἐστι
2740 2118 3129 2190 πρεσδύτερος,
3155 2118 3230 2182 ὡς
3256 2118 3404 2186 λέγει
3433 2117 3705 2189 Τιμοθέῳ

2105 2211 2390 2279 ἐπισκόπῳ
2421 2209 2562 2263 ὄντι·
2595 2211 3007 2281 Πρεσϐύτερον
3031 2210 3117 2279 μὴ
3144 2209 3512 2277 ἐπιπλήξῃς,
3527 2209 3707 2264 ἀλλὰ

2106 2299 2436 2369 παρακάλει
2467 2300 2548 2364 ὡς
2577 2301 2821 2370 πατέρα.
2856 2301 2921 2354 Τί
2947 2296 3060 2371 εἶχε
3107 2301 3341 2373 πρᾶγμα
3382 2301 3704 2353 ἐπίσκοπον

2107 2397 2462 2470 πρεσϐυτέρῳ
2511 2394 2586 2466 μὴ
2648 2393 3017 2462 ἐπιπλήττειν,
3061 2394 3106 2445 εί
3160 2393 3232 2462 μὴ
3279 2388 3346 2461 ἦν
3400 2392 3548 2462 ὑπὲρ
3605 2391 3705 2442 τὸν

2108 2488 2476 2562 πρεσϐύτερον
2508 2487 2646 2557 ἔχων
2671 2485 2769 2557 τὴν
2799 2484 3046 2550 ἐξουσίαν
3067 2483 3184 2550 ;Ὠς
3205 2485 3298 2537 καὶ
3322 2483 3484 2537 πάλιν
3507 2483 3668 2550 λέγει
3685 2498 3699 2510 ’

2109 2581 2268 2636 Κατὰ
2295 2575 2700 2648 πρεσϐυτέρου
2721 2576 2807 2647 μὴ
2836 2574 3062 2645 ταχέως
3093 2574 3452 2644 κατηγορίαν
3477 2573 3702 2643 δέχου,

2107 2651 2259 2743 είμή
2291 2691 2342 2726 τι
2368 2672 2466 2726 ἐπὶ
2492 2670 2602 2724 δύο
2627 2670 2721 2724 καί
2755 2666 2930 2737 τριῶν
2947 2667 3279 2737 μαρτύρων.
3305 2667 3414 2719 Καὶ
3443 2666 3549 2719 οὐκ
3571 2663 3704 2718 εἶπέ

2108 2782 2214 2818 τινι
2259 2762 2369 2816 τῶν
2409 2758 2829 2833 πρεσϐυτέρων·
2873 2757 2964 2829 Μὴ
3008 2754 3136 2830 δέξῃ
3179 2756 3518 2827 κατηγορίαν
3550 2754 3703 2809 κατὰ

2110 2856 2408 2910 ἐπισκόπου
2427 2870 2443 2884 ’
2467 2852 2589 2907 οὐδὲ
2612 2851 2818 2922 ἔγραψε
2843 2848 3018 2922 [περὶ]
3041 2849 3150 2901 τῶν
3169 2846 3564 2922 πρεσϐυτέρων
3589 2850 3703 2900 τινὶ

2115 2951 2188 3022 μὴ
2215 2948 2566 3018 ἐπιπλήττειν
2597 2945 2903 3015 ὲπισκόπῳ.
2930 2944 3040 2997 Καὶ
3073 2945 3228 3016 ὁρᾷς,
3254 2943 3336 2997 ὅτι
3361 2941 3567 3006 παντὸς
3600 2938 3701 2994 τοῦ

2112 3043 2175 3095 ὲκ
2201 3041 2293 3095 τοῦ
2324 3039 2570 3094 διαϐόλου
2601 3035 3118 3108 παρασαλευομένου
3145 3037 3179 3107 ἡ
3204 3037 3410 3100 πτῶσις
3431 3036 3490 3089 οὐ
3519 3038 3704 3106 μικρά

2035 3139 2079 3198 C
2110 3131 2194 3196 τίς
2227 3135 2409 3195 tactv;

2179 3224 2251 3279 ι’.
2297 3223 2418 3277 ’Ίδω
2432 3239 2528 3295 μεν
2559 3223 2616 3276 δὲ
2645 3222 2741 3276 καὶ
2773 3222 2840 3276 τὰ
2881 3221 3016 3276 ἄλλα
3061 3218 3247 3281 αὑτοῦ,
3280 3220 3373 3274 καὶ
3395 3218 3705 3287 διασκοπή-

2113 3327 2316 3388 σωμεν.
2360 3317 2469 3370 Καὶ
2508 3315 2637 3387 περὶ
2679 3313 2773 3366 τοῦ
2810 3314 3001 3382 Πάσχα
3047 3312 3263 3383 πρῶτον
3305 3310 3577 3380 εἴπωμεν,
3625 3309 3702 3364 ὥς

2113 3427 2245 3480 φησι
2263 3425 2276 3439 ·
2313 3408 2387 3478 Τὸ
2420 3408 2635 3475 Πάσχα
2660 3405 2831 3475 ἡμῶν
2849 3405 3029 3471 ἐτύθη
3059 3405 3312 3472 Χριστός
3331 3420 3344 3433 ·
3373 3403 3578 3472 ἴδωμεν
3603 3403 3702 3453 αὑ-

2112 3504 2201 3556 τὸν
2223 3502 2313 3555 τὸν
2339 3500 2580 3566 εἰπόντα,
2602 3500 2650 3552 εί
2678 3499 2780 3552 οὐκ
2801 3497 3062 3552 ἐπετέλει.
3099 3496 3207 3550 Καί
3228 3513 3358 3564 φησι
3379 3511 3392 3525 ⁸
3429 3497 3702 3550 Ἐσπερ-

2112 3593 2240 3658 δεν,
2256 3593 2415 3658 ὅπως
2440 3590 2666 3658 ποιήσῃ
2698 3587 2814 3657 τὴν
2841 3587 3268 3656 Πεντηκοστὴν
3295 3588 3381 3651 εὶς
3407 3587 3704 3653 Ἰερουσιιο

2112 3685 2256 3754 λήμ.
2295 3684 2456 3737 Ποίαν
2481 3683 2537 3736 δὲ
2566 3683 2662 3754 τὴν
2698 3681 3076 3751 Πεντηκοστὴν
3106 3678 3350 3732 ἐπετέλει
3378 3676 3616 3740 Παῦλος,
3655 3679 3699 3726 εὶ

2117 3778 2193 3848 μὴ
2236 3778 2428 3847 Πάσχα
2468 3775 2783 3839 ὲπετέλεσε;
2826 3773 2944 3825 Τίνι
2970 3773 3028 3826 δὲ
3059 3773 3121 3824 οὑ
3161 3769 3598 3841 συμπεφώνηται
3643 3771 3701 3820 ὲν

2115 3871 2248 3922 πᾶσι
2277 3868 2504 3939 κλίμασι
2525 3867 2623 3938 τῆς
2645 3865 2988 3936 οἰκουμένης,
3007 3866 3088 3917 ὅτι
3110 3864 3306 3935 τετρὰς
3329 3863 3421 3916 καὶ
3446 3862 3702 3932 “pacati-

2115 3960 2277 4011 6ατον
2297 3957 2518 4028 νηστεία
2543 3957 2687 4009 ἐστὶν
2715 3958 2774 4008 ἐν
2796 3958 2862 4026 τῇ
2893 3953 3185 4024 Ἐκκλησία
3212 3952 3494 4023 ὡρισμένη
3516 3969 3532 4016 ;
3561 3952 3627 4004 ΕΞ
3647 3951 3700 4003 δὲ

2116 4050 2210 4102 καὶ
2231 4051 2335 4120 χρὴ
2369 4048 2429 4101 τὸ
2453 4047 2551 4117 τῆς
2563 4043 2869 4110 Διατάξεως
2892 4045 2998 4097 τῶν
3019 4042 3333 4097 ἀποστόλων
3352 4042 3555 4109 λέγειν,
3583 4041 3700 4102 πῶς

2115 4142 2232 4193 ἐκεῖ
2260 4138 2518 4210 ὼρίζοντο
2546 4137 2778 4208 τετράδα
2805 4137 2899 4189 καὶ
2931 4134 3313 4206 Προσπὸατον
3334 4132 3594 4201 νηστείαν
3617 4132 3701 4184 διὰ

2117 4231 2316 4294 παντὸς
2335 4230 2503 4301 χωρὶς
2525 4229 2935 4298 Πεντηκοστῆςς
2966 4227 3074 4280 Καὶ
3103 4227 3230 4296 περὶ
3255 4226 3361 4278 τῶν
3390 4225 3448 4290 ἒξ
3475 4224 3700 4294 ἡμερῶν

2114 4322 2209 4377 τοῦ
2243 4323 2432 4392 Πάσχα
2463 4321 2579 4384 πῶς
2617 4319 3056 4391 παραγγέλλουσι
3091 4318 3258 4388 μηδὲν
3304 4317 3442 4380 ὅλως
3487 4318 3699 4387 λαμϐά-

2118 4434 2228 4470 νειν
2261 4415 2294 4486 ἢ
2334 4415 2500 4484 ἄρτου
2533 4411 2628 4467 καὶ
2657 4411 2783 4474 ἁλὸς
2816 4411 2907 4464 καὶ
2939 4410 3163 4474 ὓδατοςς
3199 4410 3362 4462 Ποίαν
3398 4425 3455 4461 τε
3486 4410 3700 4480 ἡμέραν

438 4515 660 4569 panem,
703 4503 874 4557 salem
933 4510 988 4557 et
1053 4517 1250 4572 aquam
1297 4503 1664 4560 adhibendum
1714 4505 2006 4562 deﬁniunt?

2128 4509 2291 4576 Ξγειν,
2316 4504 2433 4569 πῶς
2461 4521 2519 4557 τε
2550 4502 2805 4556 ἀπολύειν
2832 4503 2913 4566 είς
2944 4501 3363 4571 ὲπιφώσκουσαν
3391 4500 3696 4571 Κυριακὴν.

438 4592 742 4657 Quamnam
771 4609 902 4648 vero
929 4595 1191 4650 celebrari
1221 4595 1363 4650 diem
1411 4605 1465 4652 et
1494 4598 1548 4652 in
1592 4599 1996 4654 illucescenteui

356 4679 359 4681 ’
441 4683 781 4738 Duminicam
809 4686 1083 4742 dimittere
1101 4689 1441 4758 praecipiant,
1459 4690 1662 4744 nemini
1686 4707 1808 4747 esse
1837 4701 2018 4762 potest

441 4775 759 4830 obscurum.
787 4774 906 4830 Jam
945 4793 1074 4833 vero
1096 4781 1202 4833 utri
1241 4779 1458 4834 tandem
1487 4781 1701 4835 illorum
1732 4785 2018 4852 peritiores

443 4867 610 4922 sunt?
646 4870 725 4921 An
755 4883 943 4924 errore
972 4870 1236 4941 deceptus
1257 4872 1572 4934 homuncio,
1610 4874 1702 4944 qui
1733 4891 1878 4930 nunc
1904 4884 2020 4930 tan-

443 4961 565 5014 dem
600 4961 842 5025 emersit,
864 4971 918 5017 et
950 4962 1127 5018 adhuc
1152 4963 1311 5019 hodie
1338 4975 1622 5033 superstes
1649 4968 1770 5022 est?
1808 4969 1888 5022 Au
1921 4971 2013 5040 qui

444 5061 570 5107 ante
617 5069 715 5109 nos
745 5062 914 5110 testes
948 5057 1300 5120 exstiterunt,
1331 5057 1532 5126 quique
1563 5066 1689 5114 ante
1733 5075 1834 5116 nos
1858 5077 2013 5117 caui-

518 5211 533 5240 ¹
571 5207 590 5262 l
622 5207 764 5263 Tim.
795 5227 850 5277 ν,
888 5211 938 5266 l.

447 5381 610 5418 nicas.
635 5373 685 5437 et
719 5365 876 5433 pond.
901 5367 1135 5437 repetit,
1164 5382 1285 5437 pag.
1326 5367 1427 5420 182
1453 5407 1466 5420 .
1501 5378 1560 5421 ιιι
1589 5375 1643 5423 et
1690 5369 2017 5423 anteceden-

447 5435 751 5526 teltl.‘n§ed'
785 5435 1209 5526 i't‘uaBOUngvoimt
1239 5435 1523 5509 ’μεδεκώθ.
1569 5437 1766 5493 Verum
1815 5448 2023 5526 mil-:11:

449 5521 477 5556 a
519 5502 662 5556 LXX
690 5504 879 5558 κύαθοι
916 5506 1237 5561 redduntur.

521 5574 634 5648 (δι)
667 5574 999 5648 Luculentus
1034 5586 1117 5631 cst
1155 5577 1246 5648 hic
1285 5577 1571 5648 Epiphanii
1602 5579 1778 5642 locus,
1811 5595 1874 5634 ex
1911 5595 2019 5647 quo

451 5645 726 5715 variorum
761 5645 986 5710 rituum,
1023 5645 1452 5715 qiiosCatholica
1477 5666 1538 5702 ac
1565 5649 1808 5704 Romana
1838 5645 2020 5701 Eccle-

451 5718 532 5769 sia
566 5713 834 5782 hodieque
863 5713 1082 5779 retinet,
1106 5725 1351 5770 vetustas
1383 5721 1664 5773 asscrilur.
1695 5719 2018 5784 llujusuiodi

452 5794 580 5841 siint
613 5791 883 5839 certorum
910 5786 1117 5840 dierum
1145 5786 1371 5856 jcjtinia,
1409 5803 1593 5857 preces
1636 5805 1732 5858 pro
1789 5791 2020 5842 ωσι-ιρις

2120 4598 2353 4670 φανερόν
2397 4599 2532 4650 ἐστι.
2563 4595 2660 4658 Τίς
2702 4595 2758 4648 δὲ
2795 4594 2996 4664 μᾶλλον
3035 4592 3322 4647 ἐπίσταται
3355 4592 3595 4653 codicum;
3645 4592 3700 4644 '0

2121 4694 2304 4762 ὴπατη
2314 4690 2470 4761 μένος
2490 4686 2796 4758 ἄνθρωπος,
2823 4689 2852 4742 ό
2875 4686 2969 4740 νῦν
2995 4686 3328 4757 ὲνδημήσας,
3361 4686 3454 4737 καὶ
3480 4685 3587 4748 ἕως
3607 4684 3698 4736 νῦν

2122 4787 2180 4840 ἐν
2209 4783 2284 4855 τῷ
2312 4783 2410 4854 βίῳ
2437 4779 2663 4853 περιὼν,
2689 4780 2722 4850 ἢ
2748 4782 2797 4834 οἱ
2838 4780 2945 4852 πρὸ
2987 4779 3145 4850 ἡμῶν
3177 4779 3453 4848 μάρτυρες
3487 4779 3699 4845 γεγονό-

2121 4896 2232 4942 τες,
2261 4877 2476 4949 ἔχοντες
2503 4875 2610 4946 πρὸ
2643 4873 2800 4946 ἡμῶν
2832 4875 2932 4944 τὴν
2979 4873 3276 4944 παράδοσιν
3318 4872 3410 4923 ἐπὶ
3448 4872 3546 4939 τῆς
3585 4872 3700 4923 Ἐκ-

2123 4970 2368 5041 κλησίας,
2411 4969 2504 5020 καὶ
2538 4958 2684 5020 οὗτοι
2737 4964 3137 5037 παρειληφότες
3178 4962 3329 5032 παρὰ
3370 4962 3478 5014 τῶν
3524 4961 3700 5014 αὐτῶν

2124 5061 2392 5132 πατέρων,
2419 5060 2526 5113 τῶν
2553 5075 2612 5111 τε
2642 5057 2822 5112 αὐτῶν
2845 5055 3099 5128 πατέρων
3125 5054 3284 5108 πάλιν
3311 5053 3699 5124 μεμαθηκότων

1017 5214 1036 5243 ⁸
1071 5211 1202 5266 ibid.
1237 5211 1323 5266 i9.
1401 5212 1422 5242 ³
1453 5211 1469 5266 l
1498 5211 1625 5267 Cor.
1665 5229 1715 5278 ν,
1744 5214 1794 5267 7.
1870 5215 1890 5245 δ
1921 5215 2039 5268 Act.
2076 5231 2168 5280 xx,
2215 5214 2300 5267 16.

2126 5377 2183 5423 et
2206 5375 2522 5423 sanctorum
2553 5367 2781 5437 perinde
2814 5383 2876 5420 ac
2913 5375 3236 5437 cretei-orum
3279 5365 3516 5437 ﬁdelium
3552 5379 3696 5437 com-

2131 5436 2572 5491 memorationcs.
2639 5438 2712 5494 De
2775 5438 2974 5507 quibus
3039 5436 3697 5507 aliisque.compluribus

2129 5509 2240 5576 agit
2269 5509 2322 5561 in
2353 5509 2501 5562 calce
2532 5509 2697 5574 hujus
2729 5504 2934 5577 operis,
2980 5507 3030 5560 iii
3066 5504 3418 5576 Expositione
3454 5505 3576 5559 lidei
3607 5519 3696 5555 ca-

2131 5579 2363 5632 tholicae.
2395 5580 2760 5644 Quamobrem
2802 5579 2852 5631 iu
2904 5579 3050 5631 illiilli
3084 5577 3261 5644 ipsum
3296 5577 3475 5628 locum
3510 5591 3695 5643 oppor-

2129 5650 2314 5701 tunius
2361 5650 2706 5710 conferetur,
2780 5650 2824 5702 si
2885 5648 3013 5717 quid
3067 5643 3133 5700 ad
3183 5643 3560 5717 illustrandam
3594 5664 3672 5717 Ara

2131 5721 2454 5771 tlmlimrum
2520 5719 2832 5790 dngmatmn
2899 5715 3271 5789 antiquitatem
3335 5715 3692 5769 adnotandqu

2133 5791 2418 5844 Videbitur.
