3798 6212
105 248 190 298 "l3
841 235 1210 292 ADVERSUS
1259 235 1598 291 ll.~EliESES
1639 236 1656 290 1

1807 235 1892 292 111.
1947 235 2080 290 [ΟΜ
2147 237 2186 292 1.
2227 269 2294 276 -—
2322 237 2588 295 llzliilliS.
2633 239 2848 294 LXXV.

3229 237 3334 294 ΞΜ

101 359 228 427 πατρὶ
254 355 350 407 τῶν
379 352 482 422 πρὸ
523 351 701 404 αὐτῶν
741 352 1060 419 γεγονότων,
1091 352 1208 416 πῶς
1257 354 1290 423 ἡ
1329 351 1644 422 Ἐκκλησία,

1763 351 1874 405 dem
1921 352 2274 406 traditionem
2321 353 2376 405 iu
2431 354 2672 410 Ecclesia
2725 361 3042 418 tenuerunt,
3077 370 3240 425 quam
3284 359 3336 408 cl

99 443 456 516 παραλαϐοῦσα
481 442 634 513 παρὰ
662 443 770 496 τῶν
792 443 962 512 αὐτῆς
983 443 1252 514 πατέρων,
1285 443 1412 514 ἄχρι
1440 445 1530 496 καὶ
1554 443 1650 512 τῆς

97 537 235 605 δεῦρο
260 533 470 603 κατέχει
503 533 602 604 τὴν
629 532 890 605 ἀληθινὴν
920 533 1124 595 πίστιν,
1154 535 1246 586 καὶ
1289 533 1386 597 τὰς
1412 533 1648 604 παραδό-

98 642 226 690 σεις;
265 626 366 677 Καὶ
389 623 725 678 διαπιπτέτω
756 623 916 679 πάλιν
944 625 976 695 ἡ
1008 624 1196 678 τούτου
1237 626 1413 679 ἔννοια
1447 629 1480 696 ἡ
1518 628 1648 695 περ1⁵

99 719 178 770 τοῦ
200 717 400 786 Πάσχα.
431 711 562 769 Εἶτα
589 716 646 768 δὲ
677 718 728 768 εἰ
756 717 831 786 μὴ
864 716 992 787 περὶ
1021 716 1120 786 τῆς
1145 717 1315 786 αὐτῆς
1343 717 1652 780 ὑποθέσεως

95 812 352 881 Τετράδων
375 809 467 862 καὶ
497 810 899 880 Προσαϐϐἀτων
920 811 969 863 οἱ
1001 811 1154 863 αὐτοὶ
1184 810 1469 863 ἀπόστολοι
1496 813 1552 864 ὲν
1583 813 1648 882 τῇ

85 901 306 966 Διατάξει
345 901 548 969 ἔλεγον,
585 900 678 953 καὶ
724 899 898 962 ἄλλως
942 901 1006 952 ἐκ
1049 899 1383 970 πανταχόθεν
1431 899 1650 970 εἴχομεν

92 991 362 1056 ἀποδεῖξαι,
379 992 528 1061 ὅμως
555 991 682 1062 περὶ
707 991 896 1045 τούτου
922 991 1165 1062 ἀκριϐῶς
1187 992 1477 1066 γράφουσι.
1503 993 1650 1062 Παρ-

93 1084 258 1152 είληφε
283 1081 340 1134 δὲ
365 1084 398 1152 ή
445 1081 759 1151 Ἐκκλησία,
793 1081 886 1136 καὶ
912 1083 968 1134 ὲν
990 1082 1095 1152 ὅλῳ
1125 1081 1202 1152 τῷ
1227 1083 1417 1152 κόσμῳ
1443 1101 1505 1136 συ
1515 1099 1650 1154 μπε-

93 1175 342 1245 φώνηται·
367 1175 498 1247 πρὶν
535 1173 688 1247 [γὰρ]
735 1174 828 1229 τοῦ
855 1172 993 1228 εἶναι
1033 1175 1240 1242 Ἀέριον
1273 1177 1368 1230 καὶ
1400 1178 1525 1242 τοὺς
1555 1174 1649 1232 ἀπ’

93 1264 236 1316 αὐτοῦ
276 1265 604 1335 Ἀεριανούς.
645 1265 799 1335 Τάχα
819 1265 930 1335 γὰρ
961 1265 1056 1318 καὶ
1081 1266 1224 1319 κατὰ
1264 1265 1424 1320 τοῦτο
1447 1267 1651 1321 δικαιό-

91 1371 228 1406 τατον
267 1353 436 1424 ὄνομα
479 1353 944 1424 εἷληφεν.’Δέριον
984 1355 1092 1426 γὰρ
1137 1355 1352 1426 πνεῦμα
1395 1355 1550 1426 ἔσχεν
1591 1355 1648 1424 ἐξ

90 1445 428 1516 ἀκαθαρσίας,
455 1445 566 1499 ἀπὸ
605 1447 714 1501 τῶν
746 1448 944 1519 ἀερίων
981 1451 1309 1518 πνευμάτων
1347 1448 1446 1518 τῆς
1481 1466 1646 1522 πονη-

92 1538 215 1608 ρίας,
235 1537 298 1591 τὸ
325 1540 383 1590 ὲν
409 1537 557 1608 αὐτῷ
587 1540 812 1611 οίκῆσαν
841 1540 981 1592 κατὰ
1008 1541 1106 1610 τῆς
1153 1537 1498 1609 Ἐκκλησέας.

1761 443 1864 514 ipsi
1899 457 1927 496 a
1961 445 2284 514 parentibus
2326 445 2441 500 suis
2477 455 2826 514 acceperant,
2859 457 2912 502 et
2962 447 3204 516 ipsorum
3241 463 3336 516 pa-

1757 541 1939 590 rentes
1967 549 1996 588 a
2020 535 2321 605 majoribus
2351 537 2466 590 suis
2499 536 2806 592 didicerant
2836 557 2847 592 :
2876 539 3336 606 quemadmodum

1755 622 2022 692 Ecclesia,
2059 643 2219 698 quam
2253 643 2280 680 a
2329 627 2578 698 patribus
2624 629 2740 683 suis
2779 630 2990 698 accepit
3031 636 3236 684 rectam
3275 645 3339 682 ac

1759 717 2030 772 sinceram
2074 719 2264 782 tidem,
2314 735 2437 772 cum
2473 719 2862 774 traditionibus
2894 720 2960 774 ad
3006 720 3150 774 hunc
3193 720 3336 774 diem

1757 806 2047 861 observat?
2076 806 2337 862 Facessat
2371 809 2539 880 igitur
2584 810 2722 864 falsa
2769 810 2920 866 illius
2959 809 3026 864 de
3074 809 3338 864 Pascbate

1757 899 2050 955 sententia.
2081 899 2285 966 Quodsi
2338 902 2404 956 de
2452 911 2646 973 quarta
2711 911 2930 958 sextave
2959 901 3094 956 feria
3135 903 3336 956 nullam

1757 989 1981 1044 omnino
2013 991 2488 1048 inConstitutione
2509 1009 2608 1049 sua
2636 997 2969 1048 mentionem
3000 993 3230 1063 apostoli
3269 993 3339 1046 fe-

1758 1083 1982 1147 cissent,
2015 1083 2138 1139 aliis
2183 1093 2366 1139 tamen
2399 1085 2742 1156 argumentis
2787 1085 2982 1140 licebat
3016 1084 3112 1137 uti.
3153 1082 3328 1150 Quan-

1757 1191 1920 1246 quam
1953 1191 2016 1230 ea
2049 1175 2117 1232 de
2153 1192 2210 1231 re
2241 1185 2324 1232 est
2356 1177 2424 1234 ab
2457 1178 2564 1233 illis
2601 1177 3019 1232 accuratissime
3049 1175 3336 1246 scriptum,

1757 1265 1920 1336 idque
1937 1265 2110 1337 ipsum
2141 1269 2210 1324 ab
2227 1267 2469 1325 Ecclesia
2492 1275 2804 1340 susceptum
2824 1270 3338 1324 communiestcon-

1757 1359 2011 1415 sensione
2059 1359 2372 1425 ﬁrmatum,
2421 1368 2712 1432 antequam
2774 1360 2965 1415 Acrius
3015 1359 3160 1414 ullus
3213 1373 3337 1412 cum

1755 1450 2010 1505 Aeriauis
2051 1449 2365 1506 exsisteret.
2406 1449 2508 1516 Qui
2538 1449 2669 1504 mihi
2713 1451 3000 1520 propterea
3042 1450 3239 1503 merito
3281 1447 3334 1500 id

1755 1543 1993 1598 nominis
2033 1543 2263 1612 adeptus
2289 1542 2526 1597 videtur.
2569 1543 2798 1596 Aerium
2840 1542 3042 1614 quippe
3083 1541 3339 1612 Spiritum

89 1645 144 1682 ex
177 1629 488 1700 impuritate
515 1639 710 1686 nactus
728 1641 832 1696 est.
857 1633 1016 1704 911
1049 1635 1115 1689 de
1140 1634 1236 1688 illo
1262 1623 1808 1707 aeriorumnequitiae
1828 1637 2121 1706 spirituum
2149 1653 2332 1710 grege,
2386 1637 2480 1707 qui
2545 1637 2598 1690 in
2662 1635 2783 1706 ipso
2830 1637 3096 1692 adversus
3149 1635 3340 1689 Eccle-

91 1721 212 1774 siam
246 1721 582 1776 domicilium
612 1725 874 1792 posuerit.

145 1825 222 1882 ll'.
247 1829 476 1883 Ἔπειτα
504 1831 560 1884 δὲ
582 1832 708 1914 περὶ
732 1833 825 1885 τοῦ
857 1833 1092 1904 ὀνόματα
1120 1834 1297 1904 λέγειν
1328 1837 1436 1890 τῶν
1465 1837 1645 1890 τελευ·

1819 1835 1953 1889 Vlll.
1980 1836 2132 1904 Quod
2167 1851 2293 1891 vero
2324 1841 2532 1908 spectat
2563 1835 2628 1892 ad
2658 1837 2822 1892 ritum
2851 1815 3028 1900 illum,
3049 1852 3160 1906 quo
3186 1853 3334 1890 mor-

91 1921 368 1990 τησάντων,
387 1923 440 1974 τί
464 1922 529 1976 ἂν
560 1923 644 1996 εἴη
669 1923 860 1978 τούτου
881 1927 1232 1998 προύργιαίτε
1243 1945 1362 1997 ρον;
1389 1930 1434 1981 τί
1463 1929 1650 1982 τούτου

92 2012 424 2086 κυριώτερον
461 2017 555 2068 καὶ
587 2017 1055 2090 θαυμασιώτερον,
1085 2021 1360 2074 πιστεύειν
1394 2021 1492 2092 μὲν
1525 2023 1652 2086 τοὺς

93 2107 363 2175 παρόντας,
397 2108 479 2160 ὅτι
510 2109 558 2160 οἱ
593 2109 918 2174 ἀπελθόντες
945 2110 1102 2174 ζῶσι,
1131 2113 1226 2166 καὶ
1257 2114 1315 2166 ὲν
1345 2111 1653 2184 ἀνυπαρξίᾳ

91 2200 174 2250 οὐκ
204 2198 368 2250 εἰσίν·
402 2199 536 2252 ἀλλὰ
574 2201 710 2267 εἰσὶ,
748 2203 840 2254 καὶ
881 2201 1016 2267 ζῶσι
1054 2205 1202 2275 παρὰ
1251 2205 1328 2275 τῷ
1373 2205 1648 2278 Δεσπότῃ·

93 2289 172 2341 καὶ
210 2290 352 2352 ὅπως
401 2291 468 2344 ἂν
508 2291 568 2343 τὸ
619 2294 944 2362 σεμνότατον
989 2298 1250 2368 κήρυγμα
1280 2297 1650 2368 διηγήσοιτοί,

91 2381 155 2444 ὡς
181 2381 326 2445 ἐλπίς
353 2383 502 2436 ἐστιν
530 2384 666 2456 ὑπὲρ
697 2385 940 2454 ἀδελφῶν
969 2388 1302 2457 εὐχομένοις,
1332 2388 1407 2452 ὡς
1434 2391 1490 2442 ἐν
1515 2391 1653 2442 ἁπο-

93 2471 242 2542 δημία
267 2474 648 2542 τυγχανόντων
671 2491 682 2502 ο
711 2473 911 2544 ὠφελεῖ
937 2475 992 2528 δὲ
1024 2477 1117 2528 καὶ
1139 2478 1171 2546 ἡ
1204 2477 1342 2548 ὑπὲρ
1373 2477 1550 2532 αὐτῶν
1572 2496 1656 2547 γι-

95 2564 270 2633 νομένη
299 2566 459 2636 εὐχὴ.
490 2567 538 2618 εἰ
567 2567 659 2620 καὶ
685 2568 752 2620 τὰ
777 2567 874 2621 ὅλα
902 2568 1010 2622 τῶν
1041 2570 1382 2640 αἰτιαμάτων
1417 2570 1491 2642 μὴ
1519 2572 1656 2624 ἀπο-

97 2655 264 2708 κόπτοι
287 2675 297 2686 ·
331 2657 452 2710 ἀλλ’
476 2653 568 2711 οὖν
617 2676 679 2727 γε
717 2659 804 2714 διὰ
844 2659 904 2712 τδ
928 2659 1190 2725 πολλάκις
1215 2663 1271 2714 ἐν
1295 2661 1484 2733 κόσμῳ
1511 2664 1655 2734 ἡμᾶς

95 2747 232 2813 ὂντας
272 2751 604 2819 σφάλλεσθαι
649 2753 921 2818 ἀκουσίως
949 2771 1008 2806 τε
1034 2754 1127 2807 καὶ
1165 2755 1449 2816 ἑκουσίως,
1481 2755 1568 2810 ἵνα
1597 2755 1659 2810 τὸ

95 2841 342 2894 ὲντελέστε
354 2859 448 2912 ρον
497 2845 772 2916 σημανθῇ.
820 2844 929 2898 Καὶ
960 2844 1070 2916 γὰρ
1099 2847 1323 2900 δικαίων
1355 2846 1659 2917 ποιούμεθα

96 2931 178 3001 τήν
206 2935 444 3005 μνήμην,
474 2937 568 2988 καὶ
593 2935 732 3007 ὑπὲρ
765 2937 1135 3008 ἁμαρτωλῶν·
1165 2939 1304 3010 ὑπὲρ
1340 2939 1438 3009 μὲν
1479 2940 1660 3010 ἁμαρ-

97 3023 260 3078 τωλῶν
289 3025 432 3099 ὑπὲρ
465 3026 648 3090 ἐλέους
677 3028 812 3081 Θεοῦ
847 3029 1115 3100 δεόμενοι,
1149 3030 1288 3101 ὑπὲρ
1335 3029 1392 3082 δὲ
1437 3029 1660 3084 δικαίων

1755 1936 1974 1981 tuorum
2009 1928 2228 1982 nomina
2249 1929 2698 1997 pronuntiantur,
2733 1928 2864 1999 quid
2897 1944 2964 1984 eo
2990 1943 3116 1984 esse
3150 1937 3334 1997 potest

1755 2019 1983 2074 utilius?
2011 2017 2140 2089 quid
2167 2019 2556 2090 opportunius,
2579 2028 2672 2072 aut
2698 2034 2830 2074 vero
2859 2019 3220 2074 admiratione
3248 2020 3337 2074 di-

1755 2110 1914 2182 gnius
1935 2108 2179 2178 ?Nempe
2205 2116 2263 2163 ut
2297 2109 2390 2182 qui
2409 2111 2610 2166 adsunt
2639 2110 2949 2166 certissime
2978 2110 3084 2166 sibi
3115 2125 3342 2179 persua-

1754 2202 2180 2256 deantmortuos
2209 2203 2530 2267 vivere,nec
2566 2202 2620 2256 in
2652 2202 2884 2256 nihilum
2911 2201 3166 2256 redactos
3193 2218 3338 2267 esse,
3421 2269 3427 2272 _

1755 2295 1850 2350 sed
1880 2295 2146 2350 exsistere
2175 2295 2356 2350 adhuc
2393 2303 2556 2364 atque
2594 2294 2736 2362 apud
2793 2293 3085 2348 Dominum
3121 2295 3340 2360 vivere;

1756 2395 1870 2440 tum
1919 2395 1977 2442 ut
2024 2387 2502 2458 religiosissimum
2551 2387 2682 2440 illud
2735 2385 2932 2456 dogma
2990 2387 3338 2456 praedicetur,

1756 2495 1866 2550 quo
1896 2480 1990 2549 qui
2019 2495 2120 2548 pro
2154 2479 2416 2534 fratribus
2451 2487 2764 2550 precantur,
2805 2477 2942 2534 bene
2975 2478 3043 2534 de
3075 2479 3182 2534 illis
3219 2495 3345 2550 spe-
3439 2521 3448 2525 -

1758 2585 1880 2626 rare
1897 2579 2134 2633 constat,
2160 2572 2316 2641 quasi
2349 2586 2576 2640 peregre
2605 2570 2886 2641 profectis.
2912 2572 3180 2626 Caeterum
3213 2589 3336 2642 qua:

1760 2677 1858 2732 pro
1894 2662 2130 2718 mortuis
2176 2662 2566 2732 concipiuntur
2605 2679 2818 2734 preces,
2861 2663 2928 2719 iis
2983 2664 3146 2718 utiles
3190 2671 3378 2728 sunt.‘

1757 2758 1976 2812 tametsi
2007 2773 2116 2810 non
2141 2771 2332 2810 omnes
2350 2756 2540 2826 culpas
2563 2758 2942 2828 exstinguant.
2967 2755 3168 2812 Verum
3188 2771 3254 2812 ex
3279 2773 3346 2812 eo

1759 2858 2012 2920 prosunt,
2045 2850 2192 2921 quod
2223 2851 2566 2920 plerumque,
2607 2848 2738 2904 dum
2769 2848 2950 2904 adhuc
2975 2849 3030 2903 in
3065 2858 3210 2904 terra
3240 2850 3338 2904 de-

1759 2941 1962 3012 gimus,
1985 2950 2178 3012 sponte
2205 2949 2300 2994 aut
2323 2941 2480 2996 inviti
2513 2941 2836 3004 titubemus,
2867 2949 2924 2994 ut
2955 2939 3034 3006 id,
3065 2939 3210 3010 quod
3231 2955 3348 3010 per-

1762 3031 1958 3088 fectius
1981 3041 2086 3096 est,
2121 3033 2478 3104 signiﬁcetur.
2497 3030 2630 3086 Nam
2661 3039 2714 3088 et
2737 3031 3014 3100 justorum
3060 3031 3266 3100 pariter
3293 3038 3350 3086 et

97 3115 178 3167 καὶ
205 3117 464 3189 Πατέρων
509 3119 604 3172 καὶ
648 3121 1020 3192 πατριαρχῶν,
1051 3123 1343 3194 προφητῶν
1388 3122 1480 3175 καὶ
1527 3121 1657 3175 ἀπο-

1764 3133 2116 3194 peccatorum
2149 3123 2484 3178 mentionem
2513 3122 2750 3178 iacimus
2779 3141 2792 3178 :
2825 3130 3178 3194 peccatorum
3219 3124 3346 3193 qui-

99 3209 276 3261 στόλων
301 3187 391 3262 καὶ
417 3187 816 3280 εύαγγελιστῶν
855 3187 948 3268 καὶ
1003 3187 1295 3285 μαρτύρων
1350 3213 1444 3266 καὶ
1471 3212 1657 3284 όμολο-

1764 3217 1911 3276 dem.
1939 3225 1999 3269 ut
2027 3215 2095 3271 iis
2133 3230 2163 3270 a
2205 3214 2439 3272 Domino
2475 3213 2910 3270 misericordiam
2955 3213 3348 3284 imploremus;

98 3301 274 3369 γητῶν,
311 3301 629 3357 ἐπισκόπων
671 3321 728 3357 τε
772 3305 862 3358 καὶ
897 3305 1264 3377 ἀναχωρητῶν
1326 3306 1420 3360 καὶ
1463 3305 1660 3369 παντὸς

95 3389 174 3442 τοῦ
201 3392 498 3462 τάγματος,
526 3395 610 3447 ἵνα
635 3394 727 3448 τὸν
753 3393 952 3468 Κύριον
981 3395 1186 3468 Ἰησοῦν
1206 3395 1440 3468 Χριστὸν
1470 3395 1662 3467 ἀφορί-

99 3497 258 3552 σωμεν
285 3486 393 3538 ἀπὸ
423 3486 530 3556 τῆς
567 3486 674 3540 τῶν
716 3486 1022 3559 ἀνθρώπων
1047 3488 1254 3552 τάξεως
1283 3487 1371 3541 διὰ
1399 3486 1497 3558 τῆς
1524 3487 1662 3560 πρὸς

97 3577 238 3630 αὑτὸν
287 3573 478 3651 τιμῆς,
507 3581 598 3633 καὶ
643 3579 808 3644 σέϐας
853 3579 1004 3651 αὐτῷ
1049 3581 1360 3651 ἀποδῶμεν,
1393 3581 1450 3633 ἐν
1483 3581 1663 3653 ἐννοίᾳ.

97 3670 246 3736 ὄντες,
277 3674 357 3724 ὅτι
394 3673 500 3726 οὐκ
539 3673 686 3726 ἔστιν
729 3673 1077 3745 έξισούμενος
1103 3674 1132 3726 ὁ
1158 3673 1363 3745 Κύριος
1401 3675 1509 3726 τινὶ
1555 3673 1663 3727 τῶν

97 3762 400 3832 ἀνθρώπων,
432 3763 536 3817 κᾶν
569 3781 628 3816 τε
662 3765 826 3835 μυρία
857 3765 951 3816 καὶ
982 3764 1240 3816 ἐπέκεινα
1267 3765 1325 3816 έν
1345 3762 1660 3836 δικαιοσύνῃ

97 3853 294 3926 ὑπάρχῃ
325 3857 562 3920 ἕκαστος
589 3855 914 3928 ἀνθρώπων.
937 3855 1062 3919 Πῶς
1084 3855 1192 3928 γὰρ
1215 3851 1326 3909 οἷόν
1350 3873 1410 3908 τε
1436 3857 1521 3925 εἴη
1541 3855 1664 3908 τοῦ-

97 3962 176 4008 τος
201 3947 258 4000 '0
289 3949 388 4019 μὲν
419 3949 530 4020 γάρ
561 3951 675 4001 ἐστι
709 3947 860 4012 θεὸς.
879 3951 907 4002 δ
931 3949 986 4002 δὲ
1020 3949 1338 4020 ἄνθρωπος·
1376 3949 1469 4002 καὶ
1500 3951 1528 4001 ὁ
1565 3948 1664 4019 μὲν

101 4039 150 4090 ὲν
173 4041 406 4112 οὐρανῷ,
435 4044 466 4094 ὁ
492 4041 548 4094 δὲ
577 4041 668 4094 ἐπὶ
695 4041 794 4112 τῆς
817 4041 920 4113 γῆς
945 4042 1033 4094 διὰ
1056 4041 1125 4095 τὰ
1161 4041 1254 4095 ἐπὶ
1287 4041 1392 4111 γῆς
1414 4039 1662 4110 λείψανα,
1687 4065 1691 4068 ·

97 4133 252 4202 πάρεξ
289 4133 398 4186 τῶν
451 4133 798 4189 ἀναστάντων
842 4135 936 4188 καὶ
987 4131 1436 4186 συνεισελθὸντων
1481 4134 1538 4185 ἐν
1589 4129 1665 4204 τῷ

99 4225 344 4294 νυμφῶνι,
378 4225 458 4290 ὥς
494 4243 626 4297 φησι
668 4227 729 4278 τὸ
763 4227 916 4294 ἆγιον
945 4225 1278 4294 Εὑαγγέλιον
1299 4242 1312 4254 ·
1343 4223 1551 4278 Πολλὰ
1597 4221 1667 4275 δὲ

99 4316 318 4386 σώματα
350 4317 474 4371 τῶν
499 4319 683 4387 ἁγίων
707 4317 1081 4385 ἀνέστησαν,
1118 4315 1214 4370 καὶ
1246 4313 1666 4382 συνεισῆλοον

99 4407 238 4472 αὐτῷ
267 4411 353 4475 εις
399 4409 518 4476 τὴν
563 4409 742 4477 ἁγίαν
767 4407 1168 4478 πό.2(ν.’Λγίαν
1212 4407 1268 4459 δὲ
1311 4405 1466 4458 πόλιν
1517 4404 1665 4472 λέγει

101 4501 240 4554 ποίαν
264 4503 508 4573 ταύτην;
554 4501 862 4573 Πληροῦται
914 4499 1024 4572 γὰρ
1072 4503 1187 4554 κατ’
1219 4501 1422 4571 ἀμφοῖν
1455 4501 1484 4554 ὁ
1508 4497 1665 4566 λόγος
1701 4531 1742 4586 ο

102 4595 168 4656 εἰς
196 4594 287 4667 τὴν
311 4593 572 4660 ἐνταῦθα,
611 4595 705 4647 καὶ
745 4597 826 4655 εἰς
864 4593 963 4665 τὴν
989 4593 1249 4649 ἄνω.”οτι
1305 4592 1404 4662 μὲν
1446 4591 1556 4664 γὰρ
1588 4591 1667 4655 εἰς

101 4686 182 4753 τὴν
209 4687 443 4742 ἐνταῦθα
483 4685 838 4759 Ἰερουσαλὴμ
875 4685 1222 4756 συνεισῆλθον
1252 4684 1401 4756 αὐτῷ
1427 4683 1663 4757 πρῶτον,

102 4777 237 4831 τοῦτο
257 4779 416 4850 δῆλον
437 4797 454 4811 υ
487 4779 654 4850 πρινὴ
701 4777 757 4831 δὲ
790 4777 882 4831 τοῦ
910 4777 1179 4848 ἀναϐῆναι
1209 4778 1300 4830 τὸν
1329 4777 1556 4850 Σωτῆρα
1584 4777 1663 4840 είς

103 4868 178 4920 τὸν
219 4871 470 4940 οὐρανὸν,
503 4869 676 4933 οὐδεὶς
708 4871 816 4941 γὰρ
848 4867 1186 4940 ἀναϐέϐηκεν
1229 4869 1335 4933 ἕως
1377 4869 1464 4922 ὅτε
1519 4867 1666 4938 αὐτῷ

104 4959 430 5029 συνανῆλθον.
469 4959 679 5026 Οὐδείς
712 4961 824 5030 γὰρ
859 4961 1222 5028 ἀναϐέϐηκεν
1249 4963 1334 5026 εις
1359 4959 1467 5014 τὸν·
1493 4963 1667 5028 οὐρα-

104 5047 218 5112 νόν,
244 5052 292 5102 εί
304 5049 392 5118 μὴ
427 5053 463 5103 ό
495 5050 564 5103 ἐκ
598 5047 706 5103 τοῦ
735 5050 996 5118 οὐραγοῦ
1023 5049 1304 5115 καταϐὰς,
1334 5051 1366 5103 ό
1401 5049 1530 5116 Υἱὸς
1560 5047 1664 5103 τοῦ

105 5137 414 5206 evomam).
441 5141 598 5196 Ἀλλὰ
632 5143 760 5213 περὶ
787 5141 990 5196 τούτων
1021 5145 1078 5195 ὲν
1111 5140 1188 5211 τῷ
1209 5141 1360 5211 τόπῳ
1387 5141 1664 5212 γενόμενοι

106 5229 185 5292 τὰς
227 5231 316 5285 ’izio
361 5233 540 5297 λέξεις
565 5231 948 5303 ὑπεδείξαμεν.
977 5233 1038 5285 Εἰ
1065 5233 1120 5286 δέ
1149 5249 1230 5296 τις
1256 5233 1392 5302 ὲρεῖ,
1422 5231 1503 5285 ὅτι
1557 5233 1664 5301 ἄρα

108 5319 174 5382 εἰς
194 5321 284 5392 τὴν
321 5323 684 5396 Ἰερουσαλὴμ
711 5321 979 5391 εἰσῆλθον,
1019 5323 1256 5392 μαθέτω,
1283 5323 1368 5375 ὅτι
1397 5323 1456 5374 ἐν
1483 5321 1662 5392 ἐκείνῃ

107 5413 160 5482 τῇ
191 5417 366 5488 ἡμέρᾳ
392 5417 502 5469 τῶν
533 5415 714 5487 θυρῶν
743 5415 1146 5486 κεκλεισμένων
1186 5415 1430 5488 παρέστη
1477 5415 1505 5466 ὁ
1547 5413 1662 5468 Κύ-

171 5657 190 5690 ¹
221 5658 279 5714 F.
307 5659 672 5733 διηγήτοιντο.
751 5665 770 5693 ⁸
801 5661 988 5716 Matth.
1021 5679 1191 5718 xxvii.
1226 5661 1311 5726 52,
1348 5661 1416 5717 55

1759 3311 2036 3380 justorum
2066 3317 2247 3364 autem
2282 3316 2336 3364 et
2371 3308 2596 3364 Patrum
2645 3323 2708 3362 ac
2739 3307 3196 3378 patriarcharum,
3223 3321 3350 3375 pro-

1764 3403 2080 3473 phetarum,
2094 3399 2490 3473 apostolorum,
2510 3401 2994 3472 evangelistarum,
3019 3405 3346 3470 martyrum,

1764 3493 2170 3556 confessorum,
2205 3494 2618 3563 episcoporum,
2651 3491 3108 3546 anachoretarum
3149 3505 3214 3544 ac
3244 3504 3351 3546 ete-

1766 3597 1856 3643 tus
1891 3587 2034 3642 illius
2082 3585 2358 3650 universi,
2414 3593 2474 3638 ut
2517 3583 2806 3640 Dominum
2847 3581 3032 3639 Jesum
3067 3581 3352 3638 Christum

1749 3679 2028 3752 .singulari
2058 3676 2294 3748 quodam
2325 3678 2531 3732 honore
2557 3685 2975 3747 prosequentes,
3018 3673 3090 3730 ab
3123 3683 3350 3730 caetero-

1763 3787 1884 3824 rum
1911 3769 2191 3824 hominum
2217 3768 2412 3824 ordine
2443 3782 2814 3839 segregemus,
2855 3766 3210 3836 debitumque
3233 3767 3352 3820 cul-

1765 3868 1882 3914 tum
1917 3860 2066 3914 illius
2098 3860 2372 3930 majestati
2399 3861 2732 3924 tribuamus,
2760 3859 2889 3914 dum
2921 3857 3056 3913 illud
3085 3872 3212 3912 eum
3236 3858 3351 3912 aui—

1767 3966 1856 4004 mo
1902 3962 2094 4006 nostro
2147 3961 2465 4022 repulamus
2505 3969 2518 4004 :
2561 3965 2672 4004 non
2717 3965 2840 4006 esse
2885 3948 3170 4002 Dominum
3225 3961 3351 4002 cum

1767 4042 1892 4097 ullis
1926 4043 2247 4096 mortalibus
2273 4041 2698 4111 adaequandum,
2726 4040 2977 4110 quamvis
3013 4039 3216 4110 singuli
3260 4040 3346 4093 iu-

1769 4131 1919 4187 liuita
1961 4134 2220 4202 quadam,
2252 4141 2345 4188 aut
2376 4133 2544 4188 etiam
2579 4133 2845 4202 ampliore
2873 4115 3092 4202 iustitia
3134 4131 3350 4201 praediti

1768 4228 1899 4282 sint.
1936 4225 2070 4280 Nam
2113 4242 2234 4296 quae
2295 4232 2476 4296 potest
2517 4240 2638 4282 esse
2675 4224 3042 4293 comparatio,
3087 4237 3210 4277 cum
3263 4222 3352 4276 ilie

1767 4318 1932 4381 Deus,
1966 4317 2054 4372 hic
2085 4317 2248 4372 homo
2273 4317 2344 4372 sit
2379 4337 2390 4370 :
2427 4317 2516 4372 ille
2547 4317 2598 4370 in
2632 4316 2794 4380 cmlo,
2827 4317 2915 4370 bic
2947 4316 3003 4370 in
3036 4323 3350 4384 terra,pro-

1767 4419 1887 4482 pter
1932 4410 2152 4465 relictas
2188 4409 2389 4464 ibidem
2434 4409 2685 4478 corporis
2731 4407 3032 4476 reliquias,
3078 4415 3350 4474 versetur,

1768 4503 2010 4572 exceptis
2053 4502 2121 4556 iis
2149 4501 2240 4571 qui
2277 4517 2304 4554 a
2337 4501 2569 4556 mortuis
2603 4499 2822 4554 excitati
2852 4500 2906 4554 iu
2943 4499 3242 4554 thalamum
3273 4500 3353 4554 si-

1775 4593 1886 4647 mul
1919 4591 2146 4662 ingressi
2176 4599 2328 4654 sunt,
2360 4593 2494 4645 utin
2523 4588 2817 4660 Evangelio
2843 4599 3103 4644 narratur
3135 4610 3149 4645 :
3177 4588 3354 4644 Multa

1773 4701 1891 4739 vero
1919 4699 2142 4752 corpora
2167 4693 2474 4738 sanctorum
2507 4693 2924 4745 resurrexcrunt,
2964 4693 3012 4736 et
3039 4682 3354 4736 introierunt

1773 4778 1828 4831 in
1856 4787 2095 4832 sanctam
2110 4777 2374 4830 civitatem
2397 4777 2455 4830 ’ἲ
2481 4775 2552 4831 De
2571 4792 2810 4847 quanam
2844 4791 2975 4832 vero
3005 4783 3196 4832 sancta
3227 4775 3354 4828 civi-

1773 4853 1883 4921 tate
1930 4865 2204 4938 loquitur?
2241 4865 2375 4920 Nam
2407 4866 2474 4920 ad
2515 4879 2830 4938 utramque,
2867 4875 2977 4920 tam
3023 4873 3349 4935 praesentem

1771 4959 2045 5026 videlicet,
2075 4973 2235 5030 quam
2261 4959 2536 5024 caelestem
2558 4959 2728 5022 illam.
2763 4959 2916 5014 locus
2945 4957 3047 5012 iste
3082 4956 3354 5025 pertinere

1771 5059 1971 5122 potest.
1997 5049 2064 5104 Et
2091 5049 2308 5120 quidem
2329 5058 2601 5105 terrenam
2629 5051 2768 5104 hanc
2785 5048 3088 5104 Jerusalem
3121 5049 3352 5117 primum

1772 5145 1897 5200 illos
1931 5143 2212 5212 ingressos
2243 5157 2366 5197 esse
2403 5142 2610 5196 nemini
2637 5142 2866 5196 dubium
2916 5151 3018 5195 est.
3053 5142 3121 5193 At
3173 5141 3354 5209 prius-

1772 5252 1937 5307 quam
1984 5234 2238 5288 Salvator
2277 5235 2331 5288 in
2381 5236 2580 5289 cmlum
2631 5234 2984 5298 ascenderet,
3032 5235 3354 5290 ascenderat

1773 5339 1954 5386 nemo,
1987 5324 2160 5378 donec
2197 5324 2275 5376 illi
2301 5339 2424 5378 cum
2447 5339 2512 5378 eo
2551 5325 2753 5394 pariter
2783 5325 2955 5378 evecti
2980 5332 3108 5377 sunt
3143 5347 3152 5378 :
3185 5323 3354 5378 Nemo

1770 5417 1910 5469 enim
1949 5414 2184 5470 ascendit
2217 5416 2268 5468 in
2296 5415 2504 5480 ca'lum,
2554 5416 2658 5469 nisi
2699 5417 2788 5484 qui
2829 5417 2894 5470 de
2927 5414 3052 5470 mlo
3109 5414 3344 5469 detractis“

2501 5565 2522 5590 ι
