3798 6212
463 289 568 341 5.3

1857 285 1914 342 S.
1959 284 2299 340 EPRPIMNII

3634 297 3726 353 8116

460 402 637 459 Filius
678 405 904 458 hominis
931 405 968 459 ‘.
1009 403 1206 459 Vct'tltlt
1249 407 1385 459 duas
1424 420 1485 457 ea
1520 405 1584 457 de
1631 419 1687 457 re
1731 401 2028 456 sententias

2146 418 2256 471 ριος
2284 404 2426 456 ἔνθα
2465 399 2621 470 ἦσαν
2667 408 2718 457 ei
2752 408 3004 474 μαθηταὶ
3047 407 3440 477 συνηγμένοι,
3471 408 3560 459 καί
3589 427 3656 478 φη
3671 427 3730 464 ςν

460 512 562 550 suo
601 497 720 549 loco
774 500 1178 566 proposuimus.
1226 497 1433 564 Quodsi
1476 498 1601 568 quis
1633 494 1938 549 Jerusalem
1971 492 2056 544 in-

2162 495 2375 558 αὐτοῖς·
2410 498 2631 565 Εἰρήνη
2662 499 2824 566 ὑμῖν.

458 606 676 658 gressus
725 606 849 645 esse
911 592 1077 654 dicat,
1121 592 1264 646 scire
1323 591 1482 646 debet
1527 591 1615 644 illa
1687 589 1775 642 die
1823 585 2028 640 clausis
2069 581 2252 649 ianuis
2303 589 2412 643 illic
2481 591 2729 647 astitisse
2783 592 2948 663 912
3000 593 3310 655 llmninum,
3375 593 3466 644 ubi
3498 607 3639 646 erant
3669 609 3725 644 .t-r

453 684 646 750 δείρειιί
720 686 1036 754 congregati,
1076 684 1380 754 Iisdemque
1409 684 1647 738 dixisse:
1685 681 1803 734 Pax
1850 676 2042 733 robis'.

530 777 620 830 IX.
657 775 761 832 Sed
822 777 906 830 lus
937 777 1158 832 omissis
1203 791 1288 840 eo,
1325 778 1466 832 unde
1494 777 1844 839 diverteram,
1875 772 2041 827 redeo

459 881 521 918 ac
555 867 867 938 necessario
897 866 1080 921 facere
1114 866 1246 920 illud
1280 865 1581 920 Ecclesiam
1615 865 1759 927 dico,
1791 878 1912 932 quae
1937 871 2041 915 tra-

463 957 638 1011 ditum
683 959 787 1012 sibi
826 957 990 1012 ritum
1028 959 1176 1012 illum
1210 973 1239 1012 a
1269 959 1572 1028 majoribus
1607 957 1898 1026 acceperit.
1947 955 2040 1008 Po-

456 1057 562 1104 test
596 1064 725 1104 vero
763 1049 1052 1120 quisquam
1088 1059 1392 1104 maternam
1427 1049 1794 1112 sanctionem,
1836 1058 1929 1102 aut
1958 1048 2038 1102 le-

455 1155 573 1208 gem
617 1139 789 1208 patris
833 1139 1117 1194 evertere?
1167 1140 1627 1210 quemadmodum
1676 1155 1704 1194 a
1749 1137 2042 1193 Salomone

451 1233 717 1302 scriptum
749 1242 864 1288 est:
891 1233 1048 1296 Audi,
1071 1234 1172 1303 ﬁli,
1202 1250 1464 1288 sermones
1481 1235 1650 1303 patris
1669 1234 1768 1296 tui,
1795 1243 1843 1286 et
1868 1249 1930 1286 ne
1955 1248 2037 1285 re»

451 1325 617 1379 vcllas
667 1326 800 1394 leges
838 1327 1024 1378 matris
1057 1335 1160 1379 tua:
1208 1327 1248 1380 ³.
1279 1325 1493 1391 Quibus
1539 1324 1779 1387 Patrem,
1824 1325 1925 1377 hoc
1953 1330 2039 1378 est

455 1418 794 1488 unigenitum
828 1417 996 1472 Deum
1041 1435 1164 1473 cum
1193 1417 1400 1488 Spiritu
1433 1427 1627 1472 sancto
1645 1417 1884 1470 declarat
1914 1431 2038 1485 par-

453 1513 548 1564 tim
595 1511 840 1581 scripto,
893 1509 1089 1580 partim
1150 1511 1269 1565 sine
1319 1509 1526 1578 scripto
1564 1507 1850 1569 domuisse;
1907 1522 2040 1558 ma-

453 1615 589 1661 trem
648 1621 778 1659 vero
838 1615 1079 1660 nostram
1138 1603 1440 1659 Ecclesiam
1509 1602 1726 1656 decreta
1786 1599 2033 1670 qumdam

2221 765 2298 820 9'.
2342 763 2472 820 Εἶτα
2506 769 2560 822 δὲ
2585 771 2713 840 περὶ
2736 771 2926 824 τοῦτου
2954 765 3108 834 αὖθις
3133 770 3473 842 ἐπιλήψομαι
3496 773 3592 840 τῆς
3615 776 3730 829 ἁκο-

2150 857 2387 922 λουθίαςν
2419 861 2500 914 ὅτι
2526 863 2841 930 ἀναγκαίως
2895 865 2926 934 ή
2971 863 3270 934 Ἐκκλησία
3299 863 3461 917 τοῦτο
3490 866 3727 928 ἐπιτελεῖ,

2151 951 2445 1021 παράδοσιν
2475 953 2714 1007 λαϐοῦσα
2744 955 2895 1025 παρὰ
2924 955 3202 1024 πατέρων.
3237 955 3336 1019 Τίς
3369 957 3427 1010 δὲ
3461 956 3728 1030 δυνήσεται

2148 1043 2346 1116 θεσμὸν
2396 1046 2598 1118 μητρὸς
2650 1048 2964 1110 καταλύειν,
3004 1049 3036 1120 ἢ
3069 1049 3234 1119 νόμον
3266 1052 3514 1121 πατρόςς
3558 1054 3632 1114 ὡς
3672 1059 3728 1106 1‘:

2148 1137 2298 1208 παρὰ
2350 1138 2428 1208 τῷ
2487 1140 2796 1212 Σολομῶντι
2840 1143 3146 1214 εἰρημένα·
3189 1144 3426 1206 Ἄκουε,
3483 1147 3602 1206 υἱὲ.
3638 1150 3726 1200 .15-

2147 1248 2294 1298 γους
2335 1233 2559 1299 πατρός
2617 1250 2756 1296 σου,
2798 1236 2895 1287 καὶ
2939 1234 3026 1303 μὴ
3073 1235 3290 1304 ἁπώσῃ
3332 1236 3601 1305 θεσμοὺς
3630 1257 3726 1306 μη-

2146 1319 2284 1386 τρός
2324 1335 2470 1374 σου·
2520 1322 2724 1388 δείξας,
2765 1323 2848 1376 ὅτι
2885 1325 3179 1396 ἐγγράφως
3222 1343 3282 1378 τε
3337 1327 3434 1378 καὶ
3480 1327 3727 1396 anodyna;

2146 1411 2424 1465 ἐδίδασκεν
2447 1415 2475 1465 ὁ
2506 1416 2715 1486 Πατὴρ,
2746 1417 3025 1470 τουτέστιν
3049 1419 3077 1470 ὁ
3100 1418 3231 1482 Θεὸς
3251 1420 3282 1471 ὁ
3307 1419 3630 1489 μονογενὴς,
3652 1423 3726 1471 καὶ

2145 1503 2206 1556 τὸ
2233 1504 2385 1573 ἅγιον
2412 1505 2631 1576 Πνεῦμα
2653 1524 2664 1536 ·
2689 1510 2721 1577 ἡ
2747 1507 2804 1560 δὲ
2839 1510 3024 1580 μήτηρ
3048 1509 3204 1580 ἡμῶν
3230 1512 3261 1582 ἡ
3299 1509 3607 1581 Ἐκκλησία
3633 1507 3725 1580 εἶχε

2146 1595 2384 1666 θεσμοὺς
2417 1597 2475 1648 ἐν
2504 1597 2642 1668 αὐτῇ
2679 1600 2987 1669 κειμένους,
3019 1599 3271 1664 ἀλύτους,
3308 1600 3384 1672 μὴ
3411 1600 3726 1670 δυναμένους

455 1696 658 1750 habere
691 1711 858 1766 penes
895 1712 975 1755 se,
1006 1711 1127 1764 quae.
1157 1693 1380 1748 dissolvi
1409 1691 1694 1761 evertique
1733 1698 2028 1760 nequeunt.

2145 1688 2536 1759 καταλυθῆναι.
2577 1690 2942 1762 Τεταγμένων
2970 1693 3149 1746 τοίνυν
3176 1692 3286 1746 τῶν
3322 1693 3380 1746 ἐν
3407 1697 3474 1764 τῇ
3513 1693 3725 1761 Ἑκκλιεο

450 1795 582 1857 Quae
617 1788 840 1859 quidem
870 1804 994 1841 cum
1038 1788 1092 1840 in
1126 1786 1374 1841 Ecclesia
1400 1785 1700 1840 constituta
1731 1785 1863 1847 sint,
1893 1799 2036 1854 prse-

449 1881 596 1934 clara
627 1879 852 1949 quidem
891 1894 954 1932 ac
991 1878 1209 1948 penitus
1255 1876 1600 1936 admiranda,
1649 1891 1712 1930 ex
1761 1875 1865 1929 hoc
1915 1875 2036 1945 ipso

448 1972 628 2042 capite
668 1980 940 2027 veterator
991 1972 1083 2025 ille
1118 1971 1487 2024 convincitur.
1537 1967 1641 2023 Sed
1679 1984 1803 2030 nos,
1836 1983 1900 2023 eo
1946 1983 2034 2021 re-

449 2063 601 2127 licto,
639 2064 782 2118 velut
831 2062 1110 2116 scarabteo
1142 2062 1401 2131 quodam,
1441 2071 1534 2113 aut
1563 2058 1909 2121 cantharide,
1950 2058 2031 2110 vel

448 2155 725 2224 bupreste,
745 2155 890 2225 quod
914 2163 998 2209 est
1024 2156 1214 2210 insecti
1242 2154 1517 2224 quoddam
1542 2169 1733 2224 genus,
1763 2168 1825 2208 ac
1855 2153 2034 2207 solido

448 2245 705 2302 Ecclesiae
738 2247 992 2316 dogmate
1047 2245 1251 2317 Deique
1268 2247 1471 2301 virtute
1505 2245 1813 2308 confracto,
1854 2246 1920 2298 ad
1951 2246 2035 2299 in-

449 2351 747 2409 sequentes
779 2341 1013 2394 lmreses
1033 2355 1155 2394 cum
1185 2339 1374 2394 eodem
1423 2337 1516 2393 Dei
1560 2338 1814 2409 praesidio
1850 2346 2033 2393 trans-

449 2447 661 2487 elllllls.

846 2523 1216 2578 ADVERSUS
1254 2523 1641 2589 amatorios,

675 2617 805 2683 Qua?
841 2628 917 2690 est
951 2618 1161 2671 Iiwresis
1195 2616 1346 2681 Ll'l,
1389 2633 1495 2672 stvc
1523 2615 1786 2671 LXXVI.

516 2710 554 2764 Ι.
588 2709 788 2766 Praeter
808 2712 910 2767 hos
938 2711 1187 2766 Anommi
1214 2710 1431 2781 quidam
1456 2711 1809 2775 exstiterunt,
1839 2724 2034 2765 recens

445 2803 498 2858 in
538 2806 713 2858 lucem
753 2803 925 2867 editi,
973 2819 1205 2874 quorum
1239 2803 1496 2874 princeps
1538 2804 1728 2858 Aetius
1765 2803 2034 2857 diaconus

445 2899 581 2963 fuit;
618 2897 710 2969 qui
747 2899 816 2953 ad
850 2912 975 2953 eum
1005 2897 1288 2968 dignitatis
1319 2897 1547 2968 gradum
1579 2897 1647 2952 ob
1680 2891 1913 2967 ineptias
1969 2912 2033 2950 ae

443 3007 776 3062 nugas-suas
827 3007 855 3044 a
895 2989 1132 3061 Georgio
1177 2989 1549 3045 Alexandrino
1598 3001 1883 3060 promotus
1921 2999 2025 3053 est,

2140 1777 2229 1849 σία
2269 1778 2488 1850 Θεσμῶν
2543 1783 2636 1834 καὶ
2685 1783 2866 1846 καλῶς
2915 1783 3147 1853 ἐχόντων
3205 1783 3300 1837 καὶ
3361 1785 3469 1838 τῶν
3525 1786 3725 1838 cuiva

2139 1870 2458 1940 θαυμασίων
2481 1872 2800 1943 γινομένων,
2831 1872 3119 1944 ἐλήλεκται
3167 1874 3332 1928 πάλιν
3382 1877 3478 1927 κιιιὶ⁵
3530 1869 3726 1938 οῦτκό

2139 1962 2363 2025 πλάνος.
2407 1964 2518 2018 Καὶ
2561 1964 2751 2020 τοῦτον
2799 1966 2856 2018 δέ
2911 1967 3274 2039 παρελθόντες
3311 1967 3505 2039 ὥσπερ
3543 1968 3727 2021 κάνθα-

2141 2056 2306 2127 ρον,ἢ
2341 2057 2715 2129 κανθαρίδα,ἧ
2748 2059 2836 2112 τὸν
2861 2059 3197 2130 καλούμενον
3229 2060 3570 2132 βοῦπρηστιν
3599 2063 3723 2115 κνώ-

2135 2147 2292 2202 δαλον
2323 2149 2764 2214 καταθλὰσαντες
2793 2150 2870 2221 τῷ
2897 2151 3338 2223 ἐκκλησιαστικῷ
3401 2153 3725 2223 ἐδῳιὼματι

2139 2241 2231 2293 καὶ
2265 2243 2330 2311 τῇ
2362 2241 2456 2293 τοῦ
2491 2241 2626 2294 Θεοῦ
2657 2241 2906 2312 δυνάμει,
2936 2244 3030 2296 ἐπὶ
3062 2243 3158 2307 τὰς
3191 2242 3318 2314 ἑξῆς
3346 2244 3510 2298 πάλιν
3549 2246 3723 2314 ἴωμεν,

2137 2335 2226 2387 τὸν
2261 2333 2392 2388 Θεὸν
2417 2319 2616 2406 ᾙοηθδν
2646 2334 3089 2405 ἐπικαλούμενοι.

2628 2519 2816 2572 ΚΑΤΑ
2855 2520 3242 2588 ΑΝοΜοιΩΝ,

2257 2609 2646 2678 Πεντηκοστὴ
2680 2611 2844 2678 ἕκτη,
2877 2613 2914 2680 -ἠ
2950 2613 3047 2666 καὶ
3075 2613 3424 2682 ἑπτακοστὴ
3447 2614 3615 2682 ἕκτη.

2208 2704 2287 2756 Α’.
2343 2703 2611 2774 Ἀνόμοιοι
2655 2703 2818 2756 πάλιν
2861 2706 3004 2768 τινές
3039 2708 3145 2759 εἱσι
3180 2707 3513 2778 καλούμενοι
3539 2726 3551 2738 ·
3592 2699 3724 2759 οῦτα

2137 2795 2192 2848 δὲ
2227 2796 2760 2867 πρόσφατοι.Ἔσχον
2794 2796 2849 2850 δέ
2884 2798 3126 2868 ἀρχηγὸν
3170 2800 3378 2853 Ἀέτιον
3400 2818 3526 2853 τινα
3556 2800 3723 2853 διακο-

2138 2906 2248 2949 νον,
2285 2887 2627 2959 προαχθέντα
2678 2888 2766 2942 διὰ
2809 2889 2909 2959 τὴν
2960 2890 3124 2944 αὐτοῦ
3157 2892 3268 2962 (89.)
3316 2893 3592 2964 φλυαρίαν
3633 2896 3726 2947 ὑπὸ

2139 2979 2411 3050 Γευργίου
2444 2980 2538 3034 τοῦ
2576 2981 2991 3052 Ἀλεξανδρέως,
3022 2985 3129 3037 τῶν
3175 2985 3475 3056 Ἀρειανῶν
3498 2986 3619 3057 ἅμα
3641 2990 3724 3038 καὶ

443 3102 509 3140 eo
544 3083 799 3140 videlicet
857 3086 1000 3156 ipso,
1038 3085 1128 3153 qui
1166 3084 1496 3138 Arianorum
1541 3084 1746 3154 pariter
1777 3099 1838 3137 ac
1869 3083 2028 3138 Mele-

2145 3073 2482 3129 ὶίελετιανῶν
2507 3076 2797 3144 γεγονότος
2821 3077 3144 3140 ἐπισκόπου,
3164 3080 3259 3133 καὶ
3282 3080 3341 3132 ὲν
3365 3081 3583 3152 χρόνοις
3606 3081 3724 3132 ’1ου-

444 3178 719 3230 tiauorum
765 3176 1080 3244 episcOpus,
1127 3173 1348 3228 Juliano
1386 3173 1712 3243 imperante,
1761 3183 1818 3228 ut
1866 3183 2027 3230 antea

443 3265 754 3327 docuimus,
796 3264 850 3317 in
897 3265 1166 3319 camelum
1204 3264 1517 3334 impositus,
1552 3271 1662 3318 tota
1694 3265 1826 3320 urbe
1875 3265 2028 3332 igno—

446 3356 679 3410 miniose
725 3354 1011 3410 traductus
1055 3361 1160 3409 est.
1206 3353 1284 3408 Ac
1332 3354 1570 3424 primum
1618 3354 1688 3409 ab
1733 3357 2028 3426 gentilibus

443 3449 850 3517 circumseptus
894 3461 959 3500 ac
1025 3445 1194 3500 multa
1235 3459 1555 3516 perpessus,
1585 3451 1748 3513 atque
1791 3446 1859 3499 ad
1901 3461 2024 3501 eum

443 3559 603 3614 quem
652 3541 893 3596 diximus
942 3541 1160 3595 modum
1209 3539 1626 3597 circumductus
1685 3550 1740 3596 et
1785 3540 2026 3598 fustibus

444 3652 736 3706 percussus
811 3643 1036 3705 totaque
1089 3634 1483 3705 propemodum
1525 3635 1662 3690 urbe
1700 3643 1934 3702 tractus,
1971 3637 2025 3690 in

445 3728 512 3782 iis
555 3728 839 3798 suppliciis
873 3731 1186 3784 exstinctus
1219 3737 1335 3792 est;
1385 3742 1448 3782 ac
1498 3737 1621 3798 post
1652 3728 1862 3783 obitum
1893 3743 2027 3783 con-

441 3832 740 3882 crematus,
774 3828 827 3874 et
869 3835 993 3874 cum
1037 3819 1227 3874 inultis
1267 3821 1535 3889 pecudum
1606 3836 1670 3875 ac
1722 3821 2024 3876 bestiarum

441 3913 663 3969 ossibus
698 3913 751 3968 in
793 3913 1029 3968 cinerem
1077 3913 1334 3967 redactus
1371 3922 1534 3982 atque
1579 3913 1632 3966 in
1697 3921 1892 3968 ventos
1941 3913 2024 3967 di-

443 4020 691 4076 spersus,
725 4005 890 4058 talem
919 4004 1128 4059 exitum
1159 4005 1282 4058 vitae
1305 4017 1639 4060 consecutus
1668 4013 1772 4060 est.
1815 4005 1888 4059 De
1916 4021 2025 4076 quo

441 4099 521 4153 sic
571 4097 814 4166 objicere
858 4097 1020 4152 nobis
1060 4095 1332 4166 quispiam
1375 4105 1554 4168 potest
1591 4115 1604 4153 :
1649 4096 1787 4153 Cum
1830 4098 1943 4154 lucc
1995 4114 2024 4152 a

441 4189 740 4261 gentilibus
775 4205 972 4261 passus
1004 4190 1098 4254 sit,
1131 4205 1313 4246 nonne
1357 4191 1680 4262 martyrium
1708 4191 1913 4248 obiisse
1945 4192 2026 4244 vi-

440 4283 554 4337 deri
594 4283 811 4352 potest?
847 4279 1045 4335 Verum
1082 4281 1126 4336 si
1157 4296 1254 4351 pro
1287 4282 1518 4337 veritate
1561 4290 1840 4337 certamen
1871 4283 2024 4352 ejus-

2131 3166 2337 3227 λιανοῦ,
2375 3168 2452 3230 ὼς
2491 3168 2602 3222 ἄνω
2635 3187 2725 3239 μοι
2770 3170 3199 3240 προδεδήλωται,
3241 3171 3341 3241 τὴν
3391 3173 3552 3226 πόλιν
3596 3191 3724 3242 πομ-

2132 3260 2436 3325 πεῦσαντος
2464 3261 2556 3312 ἐπὶ
2593 3262 2840 3333 καμήλου
2862 3279 2874 3292 ·
2909 3264 3002 3316 καὶ
3026 3263 3244 3334 πρῶτον
3286 3266 3385 3336 μὲν
3423 3265 3602 3319 πολλὰ
3633 3267 3726 3318 ὑπό

2130 3354 2238 3406 τῶν
2283 3352 2551 3424 Ἑλλήνων
2583 3354 3032 3422 συγκλεισθέντος
3077 3357 3172 3409 καὶ
3202 3356 3566 3422 πεπονθότος,
3597 3375 3724 3426 πιομ-

2132 3445 2433 3511 πεύσαντός
2460 3465 2539 3507 τε,
2567 3447 2642 3511 ὡς
2665 3447 2822 3518 ἔφην.
2848 3449 2944 3502 καὶ
2969 3448 3146 3514 ξύλοις
3169 3448 3517 3516 παισθέντος,
3545 3450 3722 3502 Eat-.1

2129 3536 2185 3590 δέ
2218 3539 2469 3609 συρέντος
2503 3539 2629 3610 ὅλην
2658 3540 2842 3610 σχεδὸν
2876 3541 2974 3612 τὴν
3007 3541 3188 3608 πόλιν,
3221 3543 3324 3598 καὶ⁵
3370 3542 3550 3606 οῦτως
3603 3545 3716 3596 ἀπο

2131 3630 2406 3695 θανόντος,
2438 3632 2532 3684 καὶ
2567 3631 2705 3702 μετὰ
2736 3632 2968 3687 θάνατον
2995 3635 3242 3699 καέντος,
3271 3637 3365 3689 καὶ
3416 3635 3560 3705 μετὰ
3608 3638 3720 3688 πολι

2129 3723 2237 3777 λῶν
2269 3724 2472 3779 ὀστέων
2508 3725 2722 3797 κτηνῶν
2757 3725 2852 3780 καὶ
2884 3725 3043 3791 ζώων
3078 3729 3158 3792 εἰς
3187 3727 3398 3798 τέφραν
3434 3728 3716 3799 συναχθέν-

2129 3833 2242 3879 τος,
2290 3816 2382 3870 καὶ
2429 3817 2724 3887 μετέπειτα
2759 3820 2872 3882 τοῖς
2904 3817 3128 3890 ἀνέμοις
3182 3819 3272 3872 ὑπ’
3300 3819 3482 3872 αὐτῶν
3530 3820 3715 3890 λικμη-

2131 3907 2334 3972 θέντος,
2374 3908 2469 3962 καὶ
2499 3908 2672 3974 οὕτως
2701 3909 2762 3962 τὸ
2787 3909 2962 3981 πέρας
2989 3910 3306 3980 ἐσχηκότος.
3357 3911 3542 3977 Λέξιιε
3596 3911 3638 3963 δ’
3664 3915 3716 3965 ἄν

2130 4021 2213 4066 τος
2244 4002 2372 4074 περὶ
2397 4002 2489 4056 τοῦ
2526 4003 2699 4067 οὕτως
2729 4003 3176 4074 τετελευτηκότος
3197 4020 3209 4034 ⁸
3246 4001 3459 4058 υὺκοῦν
3485 4006 3714 4076 ἐμαρτῦη

2132 4113 2296 4166 ρησεν
2342 4095 2447 4148 ὑπὸ
2489 4095 2760 4166 Ἑλλήνων
2807 4095 2982 4151 ταῦτα
3028 4096 3350 4163 πεπονθὼς;
3397 4096 3502 4151 Καὶ
3543 4100 3593 4152 εἰ
3629 4099 3714 4168 μὲν

2130 4187 2272 4258 ὑπὲρ
2305 4186 2564 4258 ἀληθείας
2593 4188 2743 4258 αὐτῷ
2785 4184 2852 4259 ἦν
2895 4189 2924 4241 ὁ
2971 4187 3142 4258 ἀγὼν,
3173 4189 3268 4242 καλ⁸
3304 4189 3411 4242 ὑπὸ
3453 4190 3712 4260 Ἑλλήνων

2128 4279 2215 4332 διὰ
2247 4279 2439 4348 φθόνον
2465 4279 2560 4333 καὶ
2595 4280 2692 4350 τὴν
2721 4282 2801 4344 εἰς
2832 4281 3064 4352 Χριστὸν
3089 4280 3382 4352 ὁμολογίαν
3405 4281 3473 4335 τὰ
3497 4282 3712 4336 τοιαῦτα

461 4369 588 4420 nodi
633 4368 926 4428 subiissct,
977 4377 1031 4422 et
1079 4385 1107 4421 a
1154 4369 1452 4440 gentilibus
1481 4369 1552 4425 ob
1589 4371 1881 4435 invidiam,
1941 4373 2021 4428 vel

2145 4371 2278 4443 ιύτῷ
2307 4371 2675 4443 συμϐέϐηκεν,
2709 4371 2877 4436 ὅντως
2908 4374 2964 4424 ἐν
2997 4373 3234 4442 μάρτυσι
3285 4373 3381 4425 καὶ
3407 4373 3507 4426 οὐκ
3548 4376 3607 4427 ἐν
3635 4393 3709 4444 μι-

443 4457 739 4512 Christiani
793 4458 958 4529 913
1004 4461 1240 4516 nominis
1299 4463 1698 4531 professionem
1751 4465 1863 4519 haec
1920 4466 2023 4535 ipsi

444 4550 622 4602 hrcnt
658 4548 860 4602 inflicta
901 4551 1189 4619 supplicia,
1227 4555 1416 4621 procul
1454 4556 1617 4609 dubio
1644 4557 1787 4611 inter
1825 4567 2028 4628 marty—

445 4657 530 4696 res
597 4652 647 4696 et
708 4641 926 4711 quidem
979 4647 1270 4711 primarios
1327 4646 1686 4703 collocandus
1725 4649 2023 4705 videretur.

443 4735 546 4788 Sed
584 4736 695 4789 lucc
741 4735 962 4788 minime
998 4746 1218 4806 propter
1241 4736 1447 4792 Christi
1484 4739 1884 4796 confessionem
1935 4759 2028 4796 su-

440 4823 635 4876 stinuit
671 4840 682 4876 :
713 4821 846 4891 quin
904 4825 1083 4892 potius
1119 4826 1188 4879 ob
1216 4842 1431 4882 onmem
1470 4828 1612 4882 illam
1660 4831 1916 4900 iniuriam
1961 4850 2024 4889 ac

439 4913 776 4975 nummum,
829 4929 935 4985 qua
976 4916 1324 4985 episcolialus
1370 4920 1454 4973 sui
1504 4928 1770 4991 tempore,
1803 4941 2022 4996 quoquo

438 5024 562 5060 eum
615 5006 838 5062 tandem
883 5009 1046 5062 modo
1091 5013 1346 5079 gesserit,
1388 5013 1662 5070 civitatem
1704 5033 1919 5074 onmem
1961 5039 2024 5076 ac

439 5101 696 5171 populum
722 5102 1015 5170 oppressit.
1061 5120 1182 5156 cum
1219 5108 1517 5174 pra‘scrliln
1554 5110 1766 5166 civibus
1798 5123 2021 5180 paterna

511 5259 525 5288 ‘
557 5257 712 5314 Joan.
745 5278 827 5322 ιιι,
876 5261 956 5314 l5.
1039 5263 1055 5290 ²
1088 5262 1245 5318 Joan.
1283 5281 1373 5326 xx,
1415 5265 1496 5318 l9.

439 5493 450 5504 .
507 5422 617 5491 (82)
648 5423 1026 5504 Προαχθέντα
1075 5426 1171 5480 διὰ
1215 5425 1329 5495 τὴν
1363 5429 1890 5504 αὐτοῠηϐοιιειξιηε
1935 5444 2018 5488 est

437 5495 492 5546 in
527 5509 589 5546 ea
623 5495 899 5569 opinione,
940 5511 1104 5569 quam
1147 5513 1313 5569 supra
1340 5501 1648 5569 proposuit,
1681 5510 1740 5555 ut
1773 5503 2014 5565 Aetium,

437 5578 597 5632 quem
641 5579 668 5616 a
700 5563 929 5619 Leontio
956 5563 1298 5621 Antiocheno
1315 5563 1501 5624 caeteri
1533 5571 1824 5627 diaconum
1866 5563 2017 5628 erili?

437 5643 622 5712 natum
655 5646 930 5700 asserunt,
960 5635 1267 5712 a_Georgio
1289 5639 1658 5694 Alexandrino
1697 5643 1748 5698 id
1781 5644 2017 5705 dignita-

436 5708 509 5757 tis
541 5714 898 5758 consecutum
932 5708 1229 5762 existimet.

507 5774 617 5844 (85)
672 5773 800 5840 Πῶς
851 5777 966 5843 μὲν
1025 5777 1136 5829 τίιιι·
1196 5780 1400 5846 νίτίωυ
1450 5781 1693 5836 ἅπασαν
1748 5781 2011 5845 ἐξέλαϐε.

1578 5269 1594 5295 ³
1630 5267 1788 5322 Prov.
1822 5288 1857 5329 ι,
1898 5273 1948 5324 8.
2031 5272 2046 5300 ³
2083 5291 2169 5339 ππ.

2131 4469 2280 4538 κροῖς
2331 4466 2589 4520 ἐτέτακτο
2613 4483 2625 4495 ·
2662 4467 2763 4519 οὐκ
2786 4460 2854 4537 ἦν
2883 4466 2940 4518 δὲ
2966 4466 3026 4518 τὸ
3050 4467 3224 4519 αἴτιον
3246 4466 3334 4521 διὰ
3365 4467 3465 4537 τὴν
3491 4468 3574 4531 εἰς
3594 4469 3710 4538 Χρι-

2129 4560 2250 4613 στὸν
2285 4559 2597 4629 ὁμολογίαν,
2628 4557 2766 4612 ἀλλὰ
2792 4558 2860 4612 δι’
2890 4559 2956 4630 ἢν
2997 4561 3054 4612 ἐν
3085 4561 3148 4630 τῇ
3185 4559 3382 4613 ἑαυτοῦ
3410 4560 3574 4630 δῆθεν
3600 4562 3709 4612 ἐπι-

2129 4655 2304 4723 σκοπῇ
2337 4652 2647 4726 καλουμένῃ
2683 4651 2884 4722 πολλὴν
2924 4651 3044 4721 βίαν
3076 4653 3176 4723 τὴν
3211 4653 3368 4705 πόλιν
3410 4670 3470 4706 τε
3507 4655 3604 4707 καί
3632 4653 3709 4703 τὸν

2125 4744 2295 4816 δῆμον
2323 4743 2551 4811 διέθετο,
2591 4745 2665 4815 πὴ
2700 4745 2798 4816 μὲν
2837 4747 3101 4815 ἁρπάζων
3151 4747 3277 4810 τοὺς
3307 4747 3628 4820 ἀνθρώπους
3651 4749 3710 4798 τὰ

2129 4837 2232 4890 ὑπὸ
2257 4838 2366 4891 τῶν
2398 4839 2600 4908 γονέων
2632 4839 2810 4893 αὐτῶν
2841 4841 3324 4910 κληρονομήματα.
3372 4841 3482 4894 Καὶ
3528 4842 3611 4893 ἶνα
3643 4843 3706 4909 μὴ

2129 4931 2500 5003 διαϐάλλωμεν
2529 4933 2618 4986 τὸν
2653 4934 2820 5005 ἄνδρα
2839 4950 2852 4964 ’
2887 4933 3055 4987 πολλὰ
3083 4933 3192 5005 γάρ
3222 4935 3340 4986 ἐστι
3369 4933 3438 4986 τὰ
3467 4935 3557 4987 ὑπ’
3579 4936 3694 4988 ἑκεί-

2131 5043 2219 5079 νου
2269 5030 2382 5089 τοίς
2421 5027 2828 5100 Ἀλεξανδρεῦσι
2887 5028 3176 5097 γενόμενα,
3209 5027 3328 5090 πῶς
3380 5029 3479 5096 μὲν
3513 5029 3606 5098 τὴν
3639 5030 3702 5079 νέ-

2131 5118 2296 5185 τρον’⁵
2349 5117 2565 5170 ἃπασαν
2615 5109 2834 5182 ἐξέλαϐε
2863 5117 2995 5188 (85),
3027 5117 3142 5178 πῶς
3181 5117 3236 5168 δὲ
3280 5118 3346 5170 τὰ
3396 5121 3488 5189 ἕλη
3523 5119 3588 5170 τὰ
3620 5121 3700 5188 τῇς

2210 5275 2304 5342 τὴν
2341 5275 2548 5343 τρίτην.

2131 5432 2392 5508 Nili-aria?
2432 5440 2654 5508 egregia’
2698 5436 2998 5508 zEgyptt't's,
3037 5441 3112 5493 ait
3162 5439 3371 5495 Plinius
3426 5443 3518 5496 lib.
3562 5457 3697 5498 xnt.

2127 5519 2246 5580 cap.‘
2294 5507 2379 5561 10.
2444 5507 2579 5580 Hinc
2620 5507 3058 5580 Nitriaﬂigypli
3103 5511 3461 5580 praefectura.
3513 5527 3541 5564 a
3585 5514 3694 5564 nitri

2126 5577 2304 5650 copia,
2344 5584 2400 5630 ut
2434 5578 2599 5633 refert
2633 5577 3203 5646 SozomemiIslibfvu,
3231 5597 3350 5650 cap.
3380 5583 3469 5638 50.
3509 5580 3696 5635 Horum

2129 5647 2320 5724 ξξτιξίιιιν⁸
2341 5662 2405 5703 ac
2447 5650 2782 5724 reliquorum
2813 5653 3163 5724 vectigalium
3195 5647 3506 5724 redemptor
3538 5655 3696 5724 fuerat

2126 5716 2394 5794 Gem-pius
2421 5739 2432 5772 :
2478 5716 2638 5794 quod
2665 5721 2915 5774 ἐκλαϐεῖν
2958 5716 3193 5792 appellat
3222 5716 3574 5794 Epiphanius.
3605 5722 3697 5775 Νε-

2129 5805 2234 5857 que
2267 5791 2411 5842 enim
2442 5792 2598 5844 aliter
2628 5791 3114 5862 interpretari’i’sta
3141 5791 3458 5864 possitinus.
