3822 6312
71 305 161 355 ἴ-ΙἹ
769 300 1138 356 Al’iVEBSUS
1181 289 1522 356 "r'EllESES
1561 301 1687 358 LIB.
1733 300 1816 356 Ill.
1861 301 2024 356 T0.\l.
2070 303 2182 356 l—
2223 301 2498 356 "xliRES.
2537 301 2773 356 LXXVI.

3238 275 3342 346 alii.

71 421 316 492 παπύρου
355 423 450 475 καὶ
479 419 574 474 τοῦ
611 419 880 490 καλάμου,
912 421 1128 484 καὶτὰς
1155 421 1352 490 λίμνας
1393 421 1486 474 τοῦ
1529 420 1655 484 ἁλὸς

1761 422 1902 474 bona
1953 437 2016 474 ac
2063 423 2440 490 possessiones
2481 419 2738 490 eriperet.
2795 417 2980 489 Neque
2997 421 3340 474 verocalum-

69 515 280 568 διοικεῖν
311 517 411 568 καὶ
441 515 520 577 είς
553 513 744 566 ἑαυτὸν
771 514 1140 584 ἀποφέρεσθαι
1196 514 1512 582 ἐπενόησεν.
1569 513 1656 576 Ὠς

71 607 208 658 nica.
251 604 558 678 αἰσχρότης
591 602 706 672 βίου
737 603 964 674 κέρδους
1003 603 1091 656 διὰ
1143 603 1345 674 πολλῆς
1385 603 1652 674 μηχανῆς,

67 697 182 764 ἄχρι
209 695 306 748 καὶ
328 693 548 746 λεπτῶν
572 693 934 764 πραγμάτων,
973 695 1104 761 παρ’
1135 693 1283 764 αὐτῷ
1322 695 1422 747 οὐκ
1451 693 1654 764 ἠμέλη-

69 806 138 842 το.
185 788 280 848 Ὠς
335 787 434 840 καὶ
481 785 667 848 κλίνας
707 785 970 853 ἐπενόησε
999 785 1109 854 (84)
1149 787 1263 848 τοῖς
1309 783 1523 854 σώμασι
1547 785 1656 839 τῶν

69 881 416 944 ἑξώεώντων
449 881 670 951 ποιῆσαι
697 880 755 931 ὲν
791 878 1013 950 ἀριθμῷ
1045 895 1183 932 τινι·
1232 879 1326 933 καὶ
1371 880 1502 934 ἄνευ
1547 879 1655 932 τῶν

69 973 148 1024 ὑπ’
171 969 344 1023 αὐτοῦ
379 968 820 1040 ἐπιτεταγμένων
847 968 946 1020 οὐκ
986 967 1340 1036 ἐξεκομίζετο
1368 965 1526 1038 σῶμα
1547 965 1654 1018 τῶν

67 1061 464 1122 τελευτώντων,
495 1060 840 1113 ὲπιπλεῖστον
875 1059 934 1114 δὲ
963 1059 1074 1112 τῶν
1112 1059 1279 1126 ξένων
1302 1074 1317 1089 ’
1352 1059 1414 1112 οὐ
1446 1057 1534 1112 διὰ
1567 1075 1655 1128 φι-

65 1153 322 1220 λοξενίαν.
361 1152 522 1216 ἀλλὰ,
559 1151 742 1216 καθὼς
791 1150 998 1222 ἔλεγον,
1022 1149 1111 1206 διὰ
1143 1150 1423 1222 ’πορισμὸν
1463 1148 1651 1222 βιώδη.

67 1247 126 1299 Εἴ
167 1263 252 1308 τις
285 1245 404 1316 γὰρ
443 1243 644 1296 ἔθαπτε
697 1241 766 1296 δι’
795 1240 990 1296 ἑαυτοῦ
1045 1241 1226 1316 σῶμα,
1265 1241 1506 1296 κίνδυνον
1556 1242 1656 1314 ὑφ-

73 1337 264 1389 ῐστατο.
293 1335 490 1399 Οὕτως
519 1335 572 1387 δὲ
603 1335 690 1410 ῦφ’
718 1333 949 1388 ἑκάστου
981 1332 1088 1386 τῶν
1115 1333 1494 1405 ἐκφερομένων
1527 1333 1655 1405 κέρ-

64 1433 140 1494 δος
176 1449 226 1483 τι
273 1429 436 1500 αὐτῷ
483 1427 874 1500 προσεφέρετο.
907 1427 1018 1482 Καὶ
1062 1427 1253 1480 σιωπῶ
1294 1426 1362 1480 τὰ
1389 1426 1524 1481 ἄλλα
1566 1426 1654 1480 λέ-

67 1541 168 1590 χειν
199 1523 340 1594 (85),
389 1523 496 1578 ὅσα
535 1522 566 1573 ὁ
597 1520 737 1592 ἀνὴρ
765 1521 822 1572 ὲν
849 1521 1084 1591 τρυφαῖς
1115 1519 1214 1600 καὶζ
1254 1519 1434 1584 ἄλλοις
1461 1518 1652 1589 ἐκομί-

69 1619 176 1678 ζετο
227 1617 324 1670 καὶ
381 1617 444 1668 ὲν
487 1617 812 1688 ἀπηνότητι.
849 1614 948 1668 Διὰ
978 1612 1110 1680 γοῦν
1144 1612 1318 1667 ταῦτα
1349 1611 1528 1667 πάντα.
1553 1611 1652 1682 τὴν

69 1711 132 1772 εἰς
159 1709 322 1761 αὑτὸν
357 1709 524 1778 μῆνιν
561 1705 964 1778 κεκρατηκότες
1011 1703 1412 1774 Ἀλεξανδρέων
1443 1701 1648 1768 παῖδες,

69 1803 316 1870 Ἕλληνες
345 1801 406 1853 δὲ
439 1801 696 1871 μάλιστα,
727 1799 888 1854 τοῦτο
913 1799 1075 1854 αὐτὸν
1101 1799 1339 1852 διέθεντο
1373 1796 1436 1850 τὸ
1471 1796 1644 1860 τέλος.

77 1893 216 1963 Ἐμοὶ
261 1893 322 1947 δὲ
372 1893 568 1962 γέγονε
615 1891 890 1964 πρόφασις
936 1895 1064 1962 περὶ
1099 1890 1290 1944 τούτου
1323 1889 1522 1958 λέγειν,
1547 1887 1644 1952 ὡς,

69 1985 416 2054 ἐνηχηθέντες
472 1983 572 2056 τὴν
623 1983 715 2038 τοῦ
773 1983 1154 2037 Κωνσταντίου
1183 1980 1456 2052 τελευτὴν,
1483 1979 1647 2043 εὐθὺς

67 2073 222 2138 οὕτως
273 2075 447 2129 αὑτὸν
502 2074 792 2128 ἀπώλεσαν
843 2074 892 2126 οἱ
954 2074 1108 2128 αὐτοὶ
1150 2072 1540 2144 Ἀλεξανδρεῖς,
1577 2071 1644 2124 δι’

71 2165 199 2218 εὖδὲν
243 2167 444 2238 ἕτερον
501 2165 559 2238 ἰή
604 2165 732 2237 περὶ
774 2165 968 2219 τούτου
1003 2183 1094 2236 μοι
1136 2165 1428 2234 γεγένηται
1463 2163 1658 2216 ὑπόθε-

73 2258 182 2331 n;].
213 2260 354 2314 ἀλλὰ
391 2260 486 2314 διὰ
533 2261 624 2314 τὸν
671 2261 876 2316 Ἀέτιον
913 2260 1004 2314 τὸν
1049 2260 1140 2312 ὑπ’
1175 2257 1340 2312 αὐτοῦ
1377 2272 1655 2311 καταστα-

73 2351 212 2407 θέντα
239 2352 518 2410 διάκονον,

1767 509 1908 564 niari
1955 510 2226 566 hominem
2289 514 2575 574 volumus;
2609 511 2776 566 variis
2805 513 2951 566 enim
2995 510 3082 563 hic
3109 509 3342 564 Alexan-

1757 604 1948 660 drinos
1983 606 2344 660 incommodis
2369 605 2572 666 aﬂ‘ccit,
2603 605 2750 662 velut
2774 619 2896 658 cum
2931 601 3184 658 nitrarias
3215 615 3336 656 om-

1757 711 1856 750 nes
1893 695 2140 754 ofﬁcinas
2191 698 2442 759 redemit.
2485 713 2593 752 una
2629 712 2755 752 cum
2799 695 2988 766 papyri
3031 694 3338 764 calamique

1761 789 2072 858 paludibus,
2105 805 2204 846 nec
2244 807 2352 844 non
2382 797 2438 844 et
2477 789 2734 844 salinaria
2765 789 2948 842 omnia
2974 793 3184 858 stagna,
3215 800 3338 856 quae

1757 880 2064 936 conducere
2111 887 2166 936 et
2215 881 2284 936 ad
2335 895 2458 936 sese
2503 879 2802 936 transferre
2851 877 3060 934 studuit
3101 895 3116 932 :
3181 877 3336 946 cujus

1757 979 1922 1027 tantae
1961 982 2224 1042 praeterea
2261 974 2456 1030 sordes
2493 973 2738 1028 avaritia:
2779 972 3019 1034 fuerunt,
3065 979 3124 1024 ut
3169 971 3335 1026 etiam

1757 1063 2042 1120 vilissimis
2091 1081 2154 1120 ex
2207 1065 2374 1120 rebus
2433 1063 2754 1118 illiberalem
2807 1077 3023 1118 omnem
3068 1069 3334 1132 quaestum

1756 1171 1970 1212 summa
1997 1171 2098 1228 ope
2125 1171 2190 1210 ac
2213 1157 2564 1212 contentione
2593 1163 2860 1226 captaret.
2907 1155 3040 1208 Nam
3071 1155 3214 1208 inter
3240 1167 3340 1208 ca:-

1755 1256 1878 1303 tera
1910 1249 2344 1314 lecticariorum,
2381 1248 2449 1304 ad
2487 1247 2762 1304 efferenda
2803 1254 3146 1302 mortuorqu
3179 1243 3340 1300 cada-

1753 1354 1904 1402 vera.
1947 1346 2160 1396 certum
2211 1355 2499 1396 numerum
2543 1339 2824 1396 instituit:
2855 1355 3034 1408 neque
3081 1337 3336 1407 cuiquam

1755 1430 1874 1486 sine
1919 1430 2026 1496 his,
2072 1447 2210 1501 quos
2241 1431 2366 1486 huic
2405 1431 2584 1486 ollicio
2627 1443 3018 1502 praeposuerat,
3059 1437 3335 1484 mortuum

1754 1519 1952 1575 licebat
1987 1529 2300 1591 exportare,
2343 1523 2691 1592 peregrinum
2737 1521 2992 1576 maxime.
3027 1521 3186 1588 Quod
3225 1537 3336 1574 non

1755 1612 2144 1682 hospitalitatis
2195 1628 2382 1668 amore
2419 1613 2682 1680 faciebat,
2725 1613 2822 1670 sed
2867 1614 3028 1676 lucri,
3071 1614 3150 1668 uti
3197 1613 3334 1676 dixi,

1763 1707 2114 1776 pecuniaeque
2137 1705 2334 1777 gratia.
2363 1703 2576 1773 Quodsi
2631 1706 2759 1775 quis
2789 1707 2992 1760 mortui
3011 1719 3212 1774 corpus
3243 1720 3336 1774 per

1755 1811 1876 1854 sese
1915 1798 2190 1868 sepeliret,
2237 1797 2292 1854 in
2334 1799 2636 1868 periculum
2675 1799 3000 1854 vocabatur.
3059 1797 3231 1867 Igitur
3267 1813 3336 1852 ex

1755 1905 2084 1961 unoquoque
2119 1891 2386 1946 cadavere
2419 1902 2661 1962 quaestus
2695 1891 2900 1961 aliquid
2927 1891 2994 1946 ad
3025 1891 3204 1961 ipsum
3257 1905 3336 1945 re-

1753 1981 1924 2036 dibat.
1977 1980 2133 2036 Mitto
2203 1989 2436 2045 cauera.
2505 1984 2558 2038 in
2619 1985 2918 2056 primisque
2973 1986 3158 2038 luxum
3211 1985 3335 2054 ejus

1729 2079 1990 2138 omnem,
2027 2089 2134 2128 una
2167 2077 2518 2132 cumca-teris
2566 2076 2714 2132 vitiis
2751 2091 2816 2132 ac
2841 2077 3164 2132 crudelitate
3201 2089 3336 2146 prte-

1761 2164 1971 2218 sertim.
2009 2162 2218 2230 Quibus
2247 2165 2314 2220 de
2347 2167 2558 2230 causis,
2587 2181 2711 2222 cum
2743 2166 3094 2223 Alexandrini
3118 2183 3182 2222 ac
3201 2181 3334 2238 gen-

1757 2255 1881 2312 tiles
1923 2257 2226 2326 praesertim
2276 2265 2432 2313 vetus
2491 2258 2544 2310 in
2589 2259 2740 2312 illum
2781 2257 2966 2314 odium
3005 2257 3334 2328 jampridem

1759 2347 2026 2416 foverent,
2057 2347 2330 2418 ejusmodi
2369 2349 2522 2403 illum
2555 2365 2754 2419 genere
2785 2349 2978 2405 mortis
3013 2347 3332 2406 affecerunt.

71 2445 220 2510 Quem
263 2449 328 2500 ad
394 2447 521 2517 ejus
581 2461 773 2502 casum
841 2447 1382 2502 commemorandum
1423 2451 1478 2498 et
1533 2441 1938 2497 atrocissimum
1979 2441 2114 2496 illud
2173 2443 2524 2512 supplicium,
2569 2459 2680 2514 quo
2728 2444 2912 2499 statim
2950 2453 3114 2515 atque
3151 2445 3334 2500 audita

73 2539 368 2594 Constantii
425 2555 580 2594 mors
624 2549 728 2604 est,
765 2541 834 2596 ab
869 2538 1254 2594 Alexandrinis
1301 2537 1662 2606 interemptus
1694 2541 1798 2598 est,
1829 2533 1977 2588 nulla
2001 2533 2106 2588 alia
2129 2537 2424 2593 occasione
2451 2551 2578 2592 sum
2607 2537 2901 2604 deductus,
2958 2553 3120 2608 quam
3187 2541 3335 2609 quod

75 2631 128 2684 de
145 2629 294 2684 Aetio
331 2631 732 2702 disputandqu
777 2631 934 2688 nobis
959 2639 1126 2697 esset,
1159 2631 1252 2700 qui
1281 2629 1352 2684 ab
1401 2627 1494 2683 illo
1521 2627 1788 2682 diaconus
1814 2631 1898 2680 est
1921 2625 2226 2682 ordinatus.
2705 2673 2712 2690 ,
2761 2659 2766 2664 -

133 2721 200 2774 B'.
233 2718 408 2786 Οὗτος
434 2725 464 2774 ὁ
501 2723 708 2786 ’Λέτιος
735 2723 878 2777 κατὰ.
901 2723 993 2778 τὸν
1019 2722 1280 2794 κοσμικδν
1302 2722 1458 2792 λόγον
1487 2719 1652 2775 ἀπαί-

77 2813 234 2878 δευτος
257 2809 326 2885 ἦν
355 2815 467 2878 ἕως
492 2814 594 2884 τῆς
617 2815 832 2880 τελείας
853 2815 1018 2869 αὑτοῦ
1041 2814 1279 2887 ἡλικίας,
1311 2804 1388 2876 ὡς
1415 2816 1443 2867 ὁ
1469 2813 1649 2882 λόγος.

87 2903 360 2976 Ἐπενόησε
394 2905 476 2968 δὲ,
509 2906 718 2970 ὑποϐάς
751 2908 846 2960 καὶ
876 2907 1144 2978 σχολάσας
1173 2907 1231 2960 ὲν
1275 2904 1654 2978 Ἀλεξανδρείᾳ
1685 2960 1694 2971 ,

91 2997 486 3068 Ἀριστοτελικῷ
507 2995 660 3068 [τινι]
677 2998 950 3068 φιλοσόφῳ
971 2997 1065 3052 καὶ
1081 3001 1332 3070 σοφιστῇ,
1353 2997 1530 3052 καὶτὰ
1554 3000 1654 3068 τῆς

80 3087 400 3160 διαλεκτικῆς
451 3089 612 3160 δῆθεν
663 3090 890 3144 ἐκείνων
911 3089 1120 3160 μαθὼν,
1137 3089 1290 3143 οὐδὲν
1313 3090 1400 3142 ἓτε
1409 3107 1498 3162 ρον
1515 3089 1654 3160 πλὴν

85 3183 486 3250 σαρκοποιεῖν
502 3182 602 3254 τὴν
615 3182 744 3254 περὶ
755 3182 850 3236 τοῦ
860 3181 996 3236 Θεοῦ
1013 3181 1172 3251 λόγου
1214 3181 1488 3238 ἀπόδοσιν.
1521 3183 1652 3252 Σχο-

83 3272 302 3346 λαίτερον
333 3275 616 3344 ἐπεχείρει
637 3274 734 3346 ὀρθ
743 3273 908 3346 ρίζων
926 3273 1042 3346 ἅμα
1065 3275 1160 3328 xui.
1176 3274 1466 3344 ἐνδελεχῶς
1495 3273 1654 3346 ἄχρις

85 3365 386 3436 ἑσπέραςεξς
407 3365 564 3418 τοῦτο
589 3365 972 3436 καθεζόμενος
989 3366 1131 3436 φημὶ
1152 3364 1208 3418 δὲ
1232 3365 1312 3428 είς
1334 3364 1396 3418 τὸ
1415 3363 1504 3418 διὰ
1522 3381 1656 3433 γεω-

87 3459 284 3527 μετρίας
293 3459 443 3521 τινὸς
461 3459 553 3512 καὶ
571 3457 660 3510 διὰ
679 3457 976 3527 σχημάτων
993 3457 1122 3526 περὶ
1139 3455 1274 3510 Θεοῦ
1291 3455 1470 3523 λέγειν
1487 3473 1546 3508 τε
1561 3456 1654 3510 καὶ

87 3548 282 3618 ὁρίζειν,
313 3550 585 3603 διδάσκων
611 3566 670 3602 τε
701 3549 795 3603 καὶ
818 3549 1012 3602 τελῶν.
1047 3543 1148 3602 Οἷα
1165 3547 1222 3600 δὲ
1251 3547 1527 3618 Ἀρειανὸς
1557 3547 1655 3618 βα-

87 3639 306 3704 θύτατος,
339 3641 440 3694 καὶ
469 3639 570 3712 τὴν
611 3639 820 3712 Ἀρείου
849 3639 988 3710 ἔχων
1017 3639 1254 3712 μανιώδη
1280 3639 1650 3702 διδασκαλίαν.

91 3733 468 3802 περισσοτέρως
499 3747 584 3792 τις
617 3727 836 3800 λυμεὼν
858 3729 1050 3798 γέγονε
1079 3727 1292 3792 τούτοις
1325 3729 1674 3800 κατατριϐό-ο

91 3837 245 3886 μενος.
285 3823 382 3876 καὶ
419 3821 562 3874 κατὰ
603 3820 698 3874 τοῦ
731 3819 863 3872 Υἱοῦ
911 3819 1008 3873 τοῦ
1053 3819 1188 3872 Θεοῦ
1231 3821 1324 3873 καὶ
1369 3820 1510 3874 κατὰ
1555 3820 1651 3873 τοῦ

91 3913 220 3980 ariae
251 3914 569 3988 Πνεῦματος
599 3915 700 3986 τὴν
745 3913 1000 3980 γλῶσσαν
1041 3913 1208 3966 αὑτοῦ
1247 3913 1374 3986 ,καθ’
1413 3913 1653 3986 ἑκάστην

91 4005 272 4078 ἡμέραν
296 4007 516 4072 ὀξΰνας.
547 4001 716 4068 Οὗτος
737 4006 794 4058 δὲ
823 4009 1209 4076 κατηγορεῖται
1235 4005 1338 4058 ὑπό
1359 4021 1540 4068 τινων,
1557 4007 1652 4060 καὶ

95 4096 152 4164 τῷ
181 4099 316 4168 αὖτῷ
351 4099 722 4168 Κωνσταντίῳ
763 4097 1042 4166 δηλοῦται,
1091 4097 1184 4152 καὶ
1217 4096 1505 4165 ὑφίσταται
1567 4098 1654 4163 ἐξ-

97 4191 224 4256 ιρξαν
257 4193 313 4244 ἐν
337 4195 454 4254 τοῖς
485 4189 578 4244 τοῦ
606 4189 820 4260 Ταύρου
857 4187 1101 4260 μέρεσιν·
1135 4191 1194 4242 ὲν
1226 4181 1270 4256 ᾦ
1295 4189 1448 4260 τόπῳ
1470 4190 1652 4244 πάντα

97 4279 148 4328 tit
173 4281 260 4351 τῆς
297 4281 465 4336 αὑτοῦ
503 4281 994 4345 κακοδιδασκαλίας
1039 4281 1325 4342 ὲπλάτυνε.
1375 4282 1468 4336 καὶ
1511 4281 1653 4350 ἐφώ-

101 4385 234 4434 ρασεν
263 4377 339 4438 εἰς
379 4373 552 4444 μέσον
585 4373 768 4442 φέρων
810 4372 948 4442 μετὰ
981 4372 1314 4444 παρρησίας,
1349 4371 1652 4444 ἀποτριψά-

1771 2785 1784 2795 _
1821 2716 1886 2772 ll.
1929 2718 2030 2774 llic
2071 2721 2237 2790 igitur
2283 2717 2473 2776 Aetius
2501 2719 2571 2776 ad
2619 2720 2860 2776 adultam
2904 2730 3116 2778 etatem
3157 2741 3332 2795 usque

1748 2823 2056 2868 exterarum
2089 2815 2527 2885 disciplinarum,
2553 2815 2632 2870 uti
2691 2824 2938 2882 narrant,
2963 2815 3064 2872 fuit
3106 2821 3335 2876 omnino

1750 2905 1928 2960 rudis.
1993 2903 2242 2962 .Tandem
2321 2921 2454 2962 vero
2533 2921 2658 2962 cum
2709 2907 3050 2964 Alexandriae
3119 2911 3333 2967 Aristo-

1749 2997 1914 3052 telico
1960 2997 2174 3052 cuidam
2246 2997 2570 3070 philosopho
2627 3013 2690 3054 ac
2745 2999 3003 3069 sophistas
3076 3013 3332 3059 narasset

1679 3129 1722 3186 Β
1755 3103 2002 3158 operam,
2035 3091 2104 3146 ab
2140 3105 2316 3162 eoque
2343 3091 2685 3148 dialecticam
2729 3092 3036 3155 didicisset,
3087 3101 3235 3150 totus
3275 3095 3332 3150 in

1755 3181 2179 3249 illudincubuit,
2197 3183 2582 3240 utdivinarum
2607 3199 2792 3239 rerum
2819 3187 3086 3240 rationem
3112 3201 3332 3244 onmem

1751 3273 2086 3343 quibusdam
2141 3275 2330 3346 ﬁguris
2397 3275 2715 3345 explicaret.
2751 3275 2841 3330 .ld
2911 3274 3058 3344 quod
3118 3291 3335 3332 summo

1755 3365 1810 3419 i
1859 3365 1974 3420 otio
2011 3379 2044 3420 a
2089 3367 2265 3436 prima
2311 3365 2430 3421 luce
2469 3366 2536 3420 ad
2585 3379 2870 3436 vesperam
2921 3381 3096 3438 usque
3137 3367 3336 3424 sedens

1753 3458 2024 3526 pertinaci
2073 3473 2240 3528 opera
2285 3458 2654 3514 contendebat
2687 3459 2984 3514 :nimirum
3017 3468 3076 3514 ut
3114 3477 3334 3533 geomec

1758 3552 1930 3606 tricas
1969 3551 2172 3623 figuras
2199 3553 2418 3609 divinas
2443 3553 2510 3606 ad
2543 3567 2628 3608 res
2669 3551 3004 3618 tractandas,
3036 3554 3204 3628 915.
3233 3553 3334 3614 de-

1757 3639 2025 3696 ﬁniendus
2085 3641 2470 3712 doecndasque
2519 3639 2858 3697 transferret.
2913 3641 3086 3711 Atque
3119 3653 3174 3696 ut
3212 3657 3336 3698 sese

1761 3732 1816 3786 in
1865 3732 2190 3788 Arianorum
2231 3741 2440 3788 sectam
2475 3733 2640 3787 altius
2683 3733 3048 3798 immerserat,
3089 3741 3142 3788 et
3183 3733 3333 3788 iusa-

1755 3837 1882 3878 nam
1921 3823 2040 3878 Arii
2075 3824 2386 3878 doctrinam
2422 3824 2703 3890 hauserat,
2755 3824 2971 3880 illorum
3009 3827 3154 3880 velut
3185 3827 3336 3880 affri-

1755 3921 1848 3966 ctu
1885 3912 2122 3981 quodam
2158 3915 2460 3983 attrituque
2503 3913 2662 3983 longe
2693 3914 3034 3983 pestilentior
3055 3916 3252 3976 evasit,
3282 3923 3336 3968 et

1755 4001 2020 4058 adversus
2047 4001 2137 4058 Dei
2173 4001 2370 4056 Filium
2405 4017 2468 4058 ac
2495 4001 2758 4074 Spiritum
2785 4011 3036 4060 sanctum
3093 4003 3334 4072 linguam

1755 4109 1912 4150 suam
1945 4096 2000 4150 in
2031 4095 2148 4150 dies
2174 4097 2414 4150 exacuit.
2448 4093 2554 4150 Sed
2585 4110 2614 4148 a
2657 4096 2936 4150 nonnullis
2963 4095 3032 4148 ad
3059 4095 3337 4150 Constan-

1753 4186 1892 4239 tium
1923 4185 2160 4248 delatus,
2195 4185 2252 4240 in
2293 4186 2594 4254 subjectam
2625 4185 2806 4240 Tauro
2852 4187 3022 4240 monti
3057 4189 3334 4258 regionem

1756 4279 2034 4346 relegatur
2069 4278 2182 4332 :ibi
2222 4279 2584 4346 perniciosam
2631 4293 2786 4332 suam
2829 4279 3138 4333 doctrinam
3179 4279 3338 4348 longe

1755 4369 1972 4440 lateque
2017 4370 2356 4439 propagavit,
2403 4384 2468 4423 ac
2517 4368 2694 4438 palam
2745 4379 2798 4424 et
2849 4369 3110 4424 audacter
3145 4371 3336 4439 pcrl‘rio

103 4475 230 4526 μενος
253 4465 308 4518 τὸ
338 4466 594 4536 μέτωπον
625 4467 684 4518 ἐν
727 4463 1082 4536 ἀναισχυντίᾳ
1125 4467 1502 4538 περιττοτέρᾳ,
1550 4467 1649 4532 τὰς

1758 4463 2023 4532 ctioriqne
2059 4477 2221 4532 quam
2273 4469 2432 4516 antea
2497 4463 2696 4516 fronte-
2731 4463 3150 4518 acerbissimum
3185 4477 3340 4516 erro-

103 4552 342 4622 ὲξεμέσεις
385 4559 486 4628 τῆς
521 4555 686 4610 αὑτοῦ
723 4556 1210 4621 κακοδιδασκαλίας
1241 4559 1665 4630 άπαραλείπτως

103 4642 366 4711 ὑπέδειξεν.
409 4649 712 4720 Ἑτόλμησε
749 4649 858 4719 γάρ
888 4649 1085 4712 εἰπεῖν,
1125 4649 1381 4720 ἀνόμοιον
1423 4649 1661 4718 τὸντΥίὸν

107 4735 164 4802 τῷ
189 4735 348 4812 Πατρὶ
383 4741 674 4812 ὑπάρχειν,
715 4742 808 4793 καὶ
843 4741 905 4793 οὐ
939 4740 1134 4794 ταυτὸν
1171 4737 1310 4794 εἶναι
1349 4745 1412 4812 τῇ
1445 4741 1658 4813 θεότητι

107 4829 216 4896 πρὸς
245 4833 332 4886 τὸν
365 4833 612 4904 Πατέρα’
657 4833 753 4886 καὶ
781 4833 888 4886 οὐδ’
913 4834 994 4886 ὃτι
1039 4836 1198 4904 ἡμεῖς
1236 4835 1313 4905 τῷ
1351 4835 1654 4906 ὁμοιώματι

111 4921 480 4996 ἑπερειδόμεθα.
532 4919 704 4994 ’Υπὲρ
733 4923 842 4994 γὰρ
880 4923 978 4995 τὴν
1011 4925 1268 4994 ὁμοίωσιν
1311 4924 1533 4994 οἴδαμεν
1563 4924 1654 4977 τὸν

137 5103 258 5177 ,(εμ)
289 5107 382 5172 Ὠς
427 5106 526 5158 καὶ
566 5107 784 5172 κλίνας
812 5107 1132 5177 amarante.
1161 5104 1314 5170 Quod
1370 5120 1398 5156 a
1429 5105 1662 5177 catholi-

113 5173 172 5222 cis
197 5173 609 5240 imperatoribus
640 5177 808 5245 proba
845 5191 907 5229 ac
957 5176 1216 5228 laudabili
1250 5177 1364 5244 lege
1393 5176 1664 5230 constitu-

115 5247 202 5318 ψει
247 5245 720 5318 Constantinopoli
775 5247 1008 5318 quidem
1033 5247 1268 5318 maxime
1311 5247 1662 5318 aNConstan-

117 5317 240 5374 luto;
279 5332 399 5369 nam
441 5333 472 5370 a
519 5317 746 5372 decanis
793 5316 850 5370 et
889 5316 1184 5370 lecticariis
1231 5317 1450 5385 publice
1513 5319 1662 5372 elata

119 5391 216 5456 sunt
245 5399 466 5454 corpora
489 5427 503 5446 ,
535 5401 674 5456 quos
705 5397 756 5442 et
798 5387 1066 5448 κοπιατάς
1112 5395 1164 5440 et
1225 5387 1532 5454 vespillones
1561 5405 1663 5442 no-

121 5453 306 5526 minant,
333 5453 400 5511 de
427 5453 632 5526 quibus
667 5458 720 5512 in
773 5459 924 5511 Calcc
953 5457 1136 5526 operis
1169 5453 1354 5526 hujus.
1391 5458 1462 5510 At
1499 5457 1662 5514 Geor-

123 5533 212 5582 ἓιιις
257 5528 484 5582 Arianus
514 5569 528 5592 ,
581 5529 894 5583 mortalium
929 5528 1172 5581 omnium
1222 5529 1660 5594 sordidissimus,

123 5605 168 5642 νι
195 5609 324 5668 rare
372 5601 586 5654 lucrum
620 5615 696 5668 Lac
729 5597 1110 5668 compendium
1147 5601 1424 5668 captabat.

177 5665 264 5736 i533)
293 5671 393 5722 Kal
441 5665 650 5723 σιωπῶ
684 5673 756 5722 τὰ
817 5665 976 5720 (illa
1017 5669 1240 5736 λέγειν.
1279 5667 1514 5722 Vitium
1568 5688 1662 5724 κου

129 5731 328 5794 μίςεςΰαι
360 5741 516 5796 aliter
563 5741 814 5796 fortassis
862 5731 1336 5810 interpretandum
1364 5782 1376 5806 ,
1408 5757 1570 5812 quam
1605 5753 1662 5796 ut

1761 4555 1840 4611 ris
1872 4555 2040 4617 illius,
2077 4571 2238 4625 quem
2279 4565 2616 4620 evomuerat,
2647 4557 2798 4610 virus
2835 4555 2890 4609 in
2937 4555 3174 4610 medium
3220 4555 3342 4610 sine

1761 4649 1870 4702 ulla
1908 4648 2318 4703 intermissione
2352 4649 2593 4719 protulit.
2639 4649 2824 4704 Ausus
2867 4657 2951 4703 est
2995 4649 3140 4704 enim
3173 4649 3340 4705 dissi-

1760 4743 1942 4794 milem
1985 4741 2137 4796 Patri
2181 4739 2402 4805 Filium,
2453 4757 2554 4796 nec
2597 4744 2852 4798 eumdem
2897 4743 3186 4798 divinitate
3219 4757 3342 4798 esse

1754 4847 1878 4885 cum
1910 4834 2003 4886 illo
2029 4833 2269 4904 profiteri
2293 4851 2304 4887 :
2329 4835 2478 4904 atqui
2507 4851 2572 4888 ne
2599 4850 2700 4889 nos
2723 4834 2946 4903 quidem
2979 4836 3342 4890 similitudine

1764 4927 1880 4996 ipsa
1925 4943 2254 4996 magnopere
2301 4927 2552 4991 nitimur,
2595 4928 2798 4997 quippe
2839 4929 2932 4997 qui
2981 4927 3036 4981 in
3089 4925 3248 4992 Filio,
3295 4927 3344 4982 si

1763 5105 1820 5160 in
1873 5104 2080 5161 Latinis
2137 5107 2342 5160 nostris
2374 5105 2738 5172 exprimitur:
2781 5105 3036 5158 nimirum
3077 5113 3342 5172 quaestum

1761 5191 1830 5230 ex
1859 5191 1918 5230 re
1947 5175 2194 5244 qualibet
2224 5173 2422 5230 fecisse
2448 5176 2767 5245 Georgium,
2797 5183 2992 5242 utputa
3023 5189 3089 5228 ex
3115 5173 3346 5245 lautitiis

1761 5256 1816 5301 et
1858 5243 2127 5315 cupediis,
2162 5243 3068 5316 quaeAlexandriie.vendebantur,
3113 5243 3346 5316 maxime

1763 5319 1818 5372 in
1844 5314 2392 5386 εὐδίαιμόνιινίλαύρᾳ,
2417 5315 2484 5368 de
2513 5331 2618 5384 qua
2651 5315 2718 5386 ad
2755 5316 2940 5368 Arian.
2977 5314 3105 5386 liter.
3139 5314 3344 5366 dictum

1763 5391 1880 5448 ρει,
1913 5385 2024 5441 tum
2073 5391 2284 5442 caeteris
2312 5385 2394 5438 cx
2430 5387 2611 5442 rebus.
2657 5385 2868 5451 Quibus
2915 5385 3184 5438 accedunt
3226 5399 3346 5452 qua:

1765 5475 1862 5530 per
1909 5472 2180 5512 summam
2214 5457 2592 5510 crudelitatem
2625 5455 2917 5530 exigebat;
2959 5471 3088 5530 nam
3123 5455 3348 5506 Alexan-

1765 5525 2048 5584 drinorum
2081 5531 2464 5596 episcoporum
2507 5541 2700 5593 magna
2732 5525 3072 5578 Alexandria‘.
3105 5533 3346 5593 potestas

1768 5601 1886 5654 fuit.
1931 5599 2003 5652 lie
2035 5597 2280 5652 Dia-scori
2331 5598 2686 5652 Alexandrini
2743 5597 2926 5650 itidem
2959 5597 3198 5664 ιιρὶῑοημί
3251 5597 3349 5646 iui-

1767 5673 1891 5738 quis
1947 5684 2010 5722 ac
2071 5669 2376 5738 lyrattnicis
2431 5669 2817 5722 exactionibus
2887 5671 3057 5720 tnuita
3113 5669 3345 5736 sparsim

1767 5751 1982 5796 exstant
2016 5741 2068 5793 in
2105 5741 2360 5795 illialrcd.
2390 5741 2618 5810 synqu
