3798 6212
112 293 201 350 521
793 281 1163 338 ADVERSUS
1203 278 1546 336 HIERESES
1586 278 1677 333 LII

1887 277 2049 335 TOM.
2091 279 2217 335 1.-
2261 278 2535 336 ΙΙΛΕΒΕΞ.
2572 279 2806 336 LXXVI.

3243 281 3353 341 529.

114 413 179 464 ira
204 404 391 474 κτίσμα
417 400 506 454 τὸν
540 399 665 453 Υίὸν
697 397 792 453 τοῦ
826 399 962 453 Θεοῦ
988 400 1219 462 ἕκαστος
1255 399 1364 452 τῶν
1400 414 1660 470 προειρη-

1847 398 1909 453 vit
1939 417 1952 453 :
1980 414 2107 454 nam
2151 415 2275 456 cum
2318 401 2538 455 illorum
2584 402 2854 468 nonnulli,
2896 410 2956 458 ut
3004 402 3058 457 in
3108 405 3352 475 superio-

117 502 270 574 μένων
289 495 540 569 ὡρίσατο,
573 494 666 546 καὶ
693 492 754 545 τὸ
780 491 1005 563 Πνεῦμα
1032 492 1091 545 τὸ
1122 491 1276 561 ἅγιον
1314 490 1520 561 κτίσμα
1546 491 1661 544 κτί-

117 605 293 663 σματος
337 583 593 649 ἐδίδαξανο
647 582 793 646 τινὲς
836 582 894 637 δὲ
927 582 1110 650 ἔλεγον
1155 584 1342 653 ὅμοιον
1385 577 1525 636 εἶναι
1570 582 1663 635 τὸν

114 681 223 736 Υίὸν
251 676 326 748 τῷ
358 675 551 746 Πατρὶ,
592 674 642 727 εί
680 673 772 726 καὶ
813 670 1016 743 κτίσμα
1047 672 1209 726 αὑτὸν
1240 671 1527 744 ὡρίσαντο.
1564 664 1666 727 Οὗ-

112 794 187 840 τος
207 773 261 826 δὲ
287 772 345 825 τὸ
372 772 480 824 πᾶν
515 771 615 840 τῆς
652 767 878 823 ἐκείνων
920 767 1018 838 μὲν
1063 767 1368 839 εἰρωνείας,
1419 766 1556 832 ίδίας
1608 767 1666 820 δὲ

112 865 339 929 ἀσεϐείας
362 863 677 932 ἀπεκάλυψε
698 863 991 934 τηλαυγῶς
1020 862 1079 917 τὸ
1110 862 1206 916 τοῦ
1235 863 1505 935 δόγματος
1530 861 1666 933 πρὸς

112 960 186 1016 τὸν
212 959 410 1031 Κύριον
437 957 648 1029 ἀπηνές
679 973 739 1009 τε
774 956 867 1009 καὶ
896 954 1270 1025 ἀναίσχυντον.

168 1228 267 1285 Καὶ
295 1227 370 1291 ὼς
402 1226 499 1297 μὲν
528 1223 639 1296 ἔχει
667 1225 700 1297 ἡ
727 1223 979 1296 ἀλήθεια,
1014 1224 1332 1279 δικαιότατα
1372 1226 1508 1296 πρὸς
1542 1227 1669 1290 τοὺς

111 1324 161 1376 τὺ
184 1320 376 1390 κτίσμα
403 1318 876 1391 παρεισφέροντας
908 1315 1252 1371 ἀποτείνεται
1278 1319 1313 1388 ἡ
1343 1318 1537 1371 τούτου
1575 1316 1667 1371 τοῦ

121 1414 304 1469 Ἀετίου
332 1429 391 1465 τε
420 1412 515 1465 καὶ
553 1411 831 1482 Ἀνομοίου
868 1410 1165 1483 λεγομένου
1189 1409 1283 1463 τοῦ
1314 1409 1477 1479 λόγου
1507 1412 1669 1482 ἀκρι-

112 1506 323 1575 ϐολογία.
356 1506 474 1558 Πᾶν
515 1504 623 1575 γὰρ
662 1504 724 1556 τὸ
762 1504 982 1558 κτιστὸν
1011 1503 1265 1573 ἀνόμοιον
1297 1502 1559 1574 τυγχάνει
1594 1503 1672 1576 τῷ

112 1598 381 1663 κεκτικότι,
409 1597 512 1651 κάν
540 1614 599 1651 τε
629 1596 944 1667 κατάχάριν
960 1597 1296 1667 ἀφομοιοίτο’
1321 1597 1460 1649 καὶ’ὀ
1480 1596 1674 1661 κτίσας

109 1693 174 1764 τῷ
197 1689 530 1761 κεκτισμένῳ
550 1689 804 1760 ἀνόμοιος
833 1688 1091 1762 ὑπάρχει,
1114 1690 1164 1743 εί
1180 1690 1273 1744 καὶ
1290 1688 1541 1763 χρώμασι
1566 1690 1673 1746 δια-

1772 485 1925 543 ribus
1980 487 2280 545 Itazresibus
2330 490 2694 558 ostendimus,
2738 490 2939 547 Filium
2986 492 3083 550 Dei
3132 501 3352 550 creatu-

1770 592 1914 643 ram,
1957 580 2221 650 Spiritum
2254 595 2385 637 vero
2439 589 2690 636 sanctum
2738 591 3020 640 creaturae.
3047 597 3355 641 creaturam

1770 685 1895 727 esse
1923 671 2236 738 docuerint,
2269 672 2363 727 alii
2389 673 2483 743 qui
2513 687 2807 732 commune
2834 674 2970 731 illud
3002 676 3070 731 de
3102 685 3355 733 creatura

1774 770 2047 828 tenerent,
2089 763 2288 819 Filium
2318 764 2470 819 Patri
2504 765 2738 822 similem
2770 780 2897 823 esse
2921 767 3163 826 confessi
3203 780 3355 828 sunt.

1770 855 1841 907 At
1879 855 2069 912 Aetius
2110 856 2218 913 iste
2261 872 2479 912 onmem
2532 857 2749 913 illorum
2792 859 3197 918 cavillationem
3231 878 3357 919 cum

1772 948 2059 1019 impietate
2110 966 2210 1007 sua
2261 953 2543 1024 propalam
2590 968 2701 1024 prae
2754 971 2833 1011 se
2863 954 3069 1024 ferens,
3121 956 3359 1012 immane

1772 1049 1965 1096 contra
2018 1041 2312 1099 Dominum
2342 1044 2970 1115 et-impudentissimum
3005 1047 3203 1120 dogma
3233 1063 3355 1120 pro-

1772 1133 1976 1203 posuit.

1844 1226 2050 1296 Atque,
2086 1231 2146 1280 ut
2184 1240 2421 1295 ingenue
2447 1224 2643 1291 fatear,
2677 1227 2819 1282 Aetii
2851 1228 3037 1299 hujus,
3070 1232 3187 1288 sive
3219 1232 3361 1289 Ano-

1773 1317 1903 1373 mmi
1946 1317 2168 1373 subtilis
2212 1319 2304 1372 illa
2351 1318 2494 1373 ratio
2530 1318 2656 1375 illos
2702 1329 2851 1376 recta
2888 1335 2950 1377 ac
2984 1324 3180 1380 merito
3225 1328 3362 1396 petit

1775 1412 1867 1481 qui
1897 1409 2097 1465 Filium
2143 1410 2241 1467 Dei
2276 1420 2589 1468 creaturam
2623 1426 2746 1469 esse
2788 1413 3107 1471 defendunt.
3144 1415 3360 1474 Etenim

1775 1500 2047 1573 quidquid
2089 1510 2338 1557 creatum
2378 1508 2484 1566 est,
2523 1502 2759 1557 creatori
2805 1517 2906 1557 suo
2935 1503 3205 1560 dissimile
3252 1512 3359 1570 est,

1776 1594 1997 1650 tametsi
2031 1608 2132 1665 per
2158 1594 2393 1665 gratiam
2423 1594 2677 1649 nonnihil
2711 1595 3083 1666 assimiletur;
3118 1604 3173 1652 et
3204 1612 3361 1653 crea-

1776 1694 1867 1741 tor
1890 1686 2006 1756 ipse
2057 1685 2139 1742 rei
2191 1700 2222 1740 a
2270 1700 2331 1741 se
2378 1694 2576 1742 creatae
2625 1685 2912 1742 dissimilis
2943 1695 3055 1752 est,
3111 1690 3363 1759 quamvis

112 1785 273 1855 φόροις
308 1780 441 1835 αὐτὸ
479 1783 705 1850 κοσμεῖν
744 1777 1081 1850 πειράσοιτο·
1132 1780 1181 1832 εί
1217 1781 1293 1852 μή
1332 1798 1385 1834 τι
1430 1780 1498 1835 ἂν
1544 1781 1677 1851 πρὸς

1847 1780 1958 1837 riis
1983 1795 2105 1835 eam
2140 1778 2420 1836 coloribus
2454 1779 2729 1850 perpolire
2755 1781 3072 1846 contendat,
3114 1782 3223 1837 nisi
3256 1782 3363 1838 eﬁi-

111 1875 427 1946 ἁπεικασμὸν
478 1875 574 1929 καὶ
622 1872 991 1944 ἀπεικόνισμα
1034 1872 1177 1927 κατὰ
1227 1874 1460 1945 μίμησιν
1510 1875 1670 1946 μόνον

111 1967 318 2036 θεωρίας
364 1964 484 2018 ἐστὶ
527 1964 590 2017 τὸ
629 1962 1055 2035 ἐκτυπούμενον.
1111 1964 1222 2019 Καὶ
1271 1965 1347 2029 ὡς
1392 1966 1491 2037 μὲν
1535 1966 1672 2039 πρὸς

121 2058 407 2129 ’Δρειανοὺς
456 2058 583 2120 τοὺς
633 2056 854 2109 κτιστὺν
905 2055 1227 2127 νομίζοντας
1275 2056 1366 2111 τὸν
1408 2058 1537 2111 Υίὸν
1577 2058 1670 2112 τοῦ

110 2154 225 2208 Θεοῦ
252 2154 342 2207 καὶ
361 2152 425 2206 τὸ
448 2152 603 2224 ἅγιογ
630 2150 856 2222 Πνεῦμα
887 2151 1108 2221 ἴσχυσεν
1130 2151 1195 2204 ἂν
1222 2152 1251 2204 ὁ
1277 2150 1467 2205 τούτου
1493 2150 1669 2222 λόγος,

113 2246 177 2309 ὡς
201 2245 287 2298 καὶ
308 2244 535 2327 ὕστερον
558 2244 650 2298 ὑπ’
675 2242 856 2298 αὐτῶν
887 2242 997 2297 τῶν
1032 2243 1327 2314 Ἀρειανῶν
1356 2244 1494 2314 (8'7),
1531 2245 1673 2316 φημὶ

112 2337 158 2392 δὲ
175 2337 272 2391 τῶν
300 2335 429 2407 περὶ
459 2335 708 2400 nomen»;
731 2335 826 2388 καὶ
875 2333 1189 2405 Μηνόφιλον
1218 2336 1313 2389 καὶ
1342 2335 1564 2400 ἄλλους,
1580 2337 1675 2389 καὶ

114 2429 465 2497 ἁποσύνακτος
493 2428 788 2500 γενόμενος
820 2427 1108 2499 διήλεγχεν
1140 2429 1234 2481 ἐπὶ
1271 2427 1363 2481 τοῦ
1410 2428 1674 2499 βασιλέως

112 2522 233 2575 τότε⁸
267 2522 346 2575 ὅτι
454 2520 683 2582 Ὀποίως
722 2518 878 2573 αὐτοὶ⁸
908 2518 1144 2591 ἔχουσιν,
1174 2520 1285 2589 ἐγὼ
1316 2520 1445 2590 ἔχω,
1477 2520 1553 2584 ὡς
1580 2521 1675 2574 καὶ

114 2614 243 2667 αὐτοὶ
281 2614 503 2676 πάντες·
545 2611 663 2666 ἀλλ’
691 2611 721 2664 ὃ
753 2613 812 2665 ὲν
840 2612 965 2683 ἐμοὶ
990 2611 1209 2683 ἀληθὲς,
1240 2612 1395 2666 αὐτοὶ
1430 2615 1677 2685 κρυπτά-

115 2708 263 2771 ζουσι·
297 2708 389 2762 καὶ
420 2707 451 2761 ὃ
484 2707 595 2776 ἐγὼ
627 2706 915 2779 τηλαυγῶς
941 2706 1226 2776 ύποφαίνω
1276 2706 1373 2759 καὶ
1404 2705 1672 2777 ὁμολογῶ,

115 2796 239 2855 οὗτοι
265 2802 465 2865 πάντες
493 2800 563 2854 τὰ
599 2800 739 2855 αὐτὰ
768 2799 1005 2869 λέγουσι,
1037 2798 1444 2871 κρυπτάζονται
1474 2799 1553 2865 δὲ,
1580 2798 1674 2851 τοῦ

114 2894 253 2948 τότε¹
296 2893 581 2964 βασιλέως.
626 2895 742 2947 Οὐκ
796 2892 1057 2957 ἐναντίως
1103 2891 1319 2963 ἔχοντος
1381 2894 1518 2965 πρὸς
1580 2892 1675 2963 τὴν

128 2986 384 3059 Ἀρειανὴν
428 2985 899 3058 δραματουργίαν,
935 2984 1072 3038 ἀλλὰ
1113 2982 1273 3055 δῆθεν
1310 2982 1557 3037 εὐσεϐεῖν
1586 2999 1674 3035 νο-

121 3079 358 3148 μίζοντος.
391 3079 470 3133 Τὸ
495 3080 592 3150 μὲν
622 3079 732 3152 γὰρ
766 3078 973 3149 κτίσμα
1001 3077 1283 3149 ὁμολογεῖν
1309 3077 1401 3130 τὸν
1432 3075 1560 3130 Υίδν
1581 3074 1675 3128 τοῦ

1779 1872 1921 1943 giem
1976 1871 2271 1943 quamdam
2330 1878 2385 1927 et
2425 1870 2900 1927 adumbrationem
2960 1872 3016 1926 in
3065 1888 3152 1940 eo,
3214 1875 3363 1944 quod

1779 1958 2102 2033 expiessum
2156 1970 2263 2029 est,
2308 1962 2490 2018 inesse
2531 1962 2804 2025 dicamus,
2841 1977 2964 2032 quae
3003 1963 3071 2019 ad
3116 1971 3366 2020 contem-

1780 2055 2043 2124 plationis
2118 2053 2483 2110 imitationem
2546 2053 2801 2123 pertinet.
2859 2053 3043 2127 Quare
3098 2055 3364 2112 adversus

1783 2148 2043 2210 Arianos,
2075 2146 2168 2217 qui
2195 2143 2289 2202 Dei
2318 2144 2518 2200 Filium
2546 2151 2791 2201 creatum
2822 2160 2949 2202 esse
2968 2156 3184 2217 putant,
3213 2148 3365 2205 illius

1784 2236 2118 2308 procedebat
2147 2236 2309 2301 ratio,
2334 2234 2502 2306 916
2533 2234 2679 2291 unde
2704 2243 2921 2306 postea,
2951 2250 3076 2292 cum
3104 2239 3174 2293 ab
3204 2237 3366 2293 Aria-

1781 2330 1870 2387 nis
1898 2328 2058 2400 ipsis,
2096 2327 2203 2383 hoc
2239 2333 2328 2383 est
2370 2325 2622 2381 Eudoxio
2667 2334 2721 2381 et
2763 2326 3078 2399 Menophilo
3115 2343 3181 2384 ac
3241 2331 3370 2386 reli-

1780 2420 1945 2493 quis,
1981 2418 2375 2474 communione
2398 2418 2652 2489 privatus
2699 2428 2867 2485 esset,
2911 2421 3133 2477 eosdem
3182 2436 3367 2478 coram

1783 2512 2120 2585 imperatore
2166 2512 2473 2582 redarguit,
2532 2526 2792 2569 asserens
2827 2512 2971 2569 idem
3032 2529 3093 2570 se
3127 2514 3369 2585 proﬁteri

1783 2620 1849 2660 ac
1898 2605 2105 2662 sentire
2141 2619 2267 2660 cum
2302 2604 2413 2660 illis
2459 2590 2721 2661 omnibus
2751 2624 2764 2660 :
2804 2603 3027 2673 Verum,
3061 2607 3366 2677 inquiebat,

1784 2697 1929 2768 quod
1978 2712 2149 2768 penes
2198 2711 2286 2752 me
2336 2711 2529 2751 verum
2583 2704 2689 2761 est,
2744 2697 2837 2753 isti
2883 2696 3264 2765 dissimulant;
3314 2708 3372 2756 et

1782 2792 1928 2861 quod
1979 2803 2083 2861 ego
2130 2804 2245 2861 prae
2292 2804 2381 2844 me
2432 2786 2556 2845 fero
2596 2803 2661 2842 ac
2725 2789 2902 2859 palam
2953 2788 3241 2855 conﬁteor,
3292 2792 3369 2845 illi

1782 2897 1976 2938 omnes
2022 2897 2134 2937 non
2175 2880 2498 2947 ditﬁtentur,
2535 2879 2632 2936 sed
2678 2879 3055 2936 fraudulenter
3084 2881 3368 2952 obtegunt.

1784 2971 1997 3029 Etenim
2029 2972 2125 3042 qui
2158 2980 2279 3026 tum
2318 2970 2643 3042 imperabat,
2695 2971 2765 3027 ab
2806 2970 3009 3025 Ariana
3049 2971 3140 3027 illa
3176 2980 3373 3043 tragm-

1784 3066 1874 3122 dia
1905 3079 2257 3137 nequaquam
2292 3063 2642 3129 abhorrebat,
2683 3062 2778 3118 sed
2826 3064 2882 3118 in
2913 3078 2976 3118 ea
3008 3065 3211 3119 tuenda
3249 3064 3367 3133 pie—

117 3168 231 3222 Θεοῦ
270 3170 731 3242 παραιτούμενος,
785 3169 1108 3242 ἠγανάκτει,
1158 3169 1255 3224 καὶ
1297 3170 1377 3233 είς
1420 3169 1676 3240 ύπερορι-

1847 3165 1948 3213 tem
2001 3170 2066 3211 ac
2090 3155 2413 3227 religionem
2442 3155 2629 3210 inesse
2658 3153 2762 3210 sibi
2790 3161 3162 3223 persuaserat.
3196 3155 3371 3213 Idem—

119 3260 232 3330 σμὺν
256 3261 572 3328 κατέταξεν,
602 3262 678 3327 ὼς
703 3263 817 3317 ἄνω
845 3261 1263 3335 προδεδήλωται.

176 3530 240 3582 Δ’.
277 3527 560 3583 Ἐντεῦθεν
593 3527 737 3599 ἀρχὴ
779 3528 880 3595 τῆς
927 3527 1193 3598 αἱρέσεως
1235 3527 1548 3598 γεγένηται*
1583 3528 1679 3580 καὶ

119 3618 217 3671 ἀπὺ
238 3619 329 3690 τῆς
378 3621 512 3690 μιᾶς
556 3619 869 3683 ὑποθέσεως
906 3620 988 3683 είς
1019 3617 1225 3690 πολλὴν
1270 3617 1459 3671 κακῶν
1506 3617 1680 3690 φορὰν

120 3710 283 3782 ἀρθεὶς
309 3713 337 3765 ὀ
366 3710 507 3781 ἀνὴρ
539 3710 639 3783 τὴν
665 3709 926 3773 διάνοιαν,
962 3708 1154 3773 δεινῶς
1186 3709 1531 3782 κατέτρωσεν
1554 3711 1676 3762 ἑαυ-

120 3800 199 3853 τοῦ
219 3802 311 3874 τὴν
338 3800 520 3873 ψυχήν
577 3801 669 3854 καὶ
701 3799 809 3854 τῶν
846 3798 1074 3873 [αὐτῶν]
1105 3799 1257 3870 αὐτῷ
1325 3798 1677 3855 πεισθέντων.

131 3891 547 3963 Ἐφαντασιάσθη
593 3890 702 3962 γὰρ
753 3882 907 3955 οὗτος
948 3888 1173 3962 ὕστερον
1211 3890 1385 3942 εἰπεῖν
1422 3888 1585 3953 αύτός
1620 3905 1680 3941 τε

121 3984 203 4037 καὶ
235 3986 279 4037 oi
316 3985 408 4037 ὑπ’
453 3982 618 4037 αὐτοῦ
670 3979 1170 4055 μεμαθητευμένοι,
1216 3980 1298 4035 ὅτι
1335 3997 1355 4032 ι
1391 3979 1614 4044 Οὕτως,
1656 3998 1675 4031 ι

122 4071 257 4140 φησι,
300 4089 319 4121 ι
354 4070 447 4124 τὸν
477 4067 613 4122 Θεὸν
640 4068 944 4138 ἐπίσταμαι
969 4065 1406 4137 τηλαυγέστατα,
1438 4065 1534 4119 καὶ
1566 4081 1685 4118 τοσ-

122 4159 257 4213 οῦτον
298 4160 461 4214 αὐτὸν
503 4158 830 4229 ἐπίσταμαι,
877 4158 975 4211 καὶ
1015 4151 1157 4224 οῖδα,
1200 4155 1343 4210 ὥστε
1378 4156 1454 4229 μὴ
1488 4153 1683 4209 εἰδέναι

124 4252 355 4321 ἐμαυτὸν,
390 4249 471 4314 ὡς
511 4248 645 4302 Θεὸν
687 4245 941 4320 [μᾶλλον]
993 4246 1314 4317 ἐπίσταμαι.
1353 4263 1371 4295 ι
1415 4242 1589 4297 Ἀλλα
1625 4242 1683 4295 δὲ

125 4343 209 4395 ὅσα
230 4344 351 4415 περὶ
376 4341 569 4397 τούτου
593 4340 933 4410 ἀκηκόαμεν,
962 4337 1145 4403 καθὼς
1166 4336 1356 4404 δεινῶς
1383 4337 1412 4389 ό
1441 4334 1685 4398 διάϐολος

128 4434 228 4487 κατ’
255 4434 415 4489 αὑτοῦ
455 4434 868 4506 ἐμηχανήσατο,
918 4430 1099 4502 ψυχὰς
1144 4427 1448 4501 ἀνθρώπων
1500 4426 1686 4481 δελεα-

1779 3267 1885 3322 que
1917 3249 2120 3304 Filium
2150 3256 2463 3303 creaturam
2510 3261 2637 3303 esse
2677 3245 2787 3301 dici
2822 3245 3109 3303 molestius
3141 3246 3368 3311 ferebat,

1780 3343 2122 3414 proindeque
2171 3340 2391 3396 Aetium
2443 3340 2499 3395 in
2534 3339 2791 3396 exsilium
2835 3339 3067 3411 relegari
3091 3339 3278 3411 jussit,
3306 3348 3373 3393 ut

1788 3442 1946 3490 antea
1978 3432 2346 3489 narravimus.

1851 3525 1943 3580 IV.
1984 3524 2126 3580 Hinc
2166 3537 2321 3579 novae
2357 3522 2583 3580 haeresis
2615 3521 2917 3594 primordia
2946 3521 3184 3577 conﬂata
3219 3529 3373 3598 sunt,

1779 3624 1942 3687 atque
1968 3629 2034 3670 ex
2062 3614 2168 3669 hoc
2200 3628 2312 3669 uno
2337 3620 2664 3683 argumento
2704 3611 3070 3683 multiplicem
3107 3610 3174 3665 ad
3206 3611 3377 3665 malo-

1782 3724 1906 3763 rum
1958 3714 2198 3779 segetem
2255 3705 2503 3760 haeretici
2553 3704 2804 3782 hominis.
2836 3704 3090 3759 sublatus
3132 3703 3372 3770 animus,

1781 3808 1895 3853 tam
1940 3798 2050 3855 sibi
2106 3811 2270 3868 quam
2304 3796 2422 3852 suis
2468 3796 2854 3867 gravissimam
2899 3795 3111 3866 plagam
3152 3792 3369 3850 inﬂixit.

1780 3889 1884 3957 Qui
1920 3889 2140 3962 quidem
2184 3902 2377 3943 omnes
2417 3896 2624 3942 tantam
2675 3886 2743 3942 ad
2789 3887 3089 3942 caacitatem
3139 3885 3377 3942 insolen-

1780 3977 2028 4053 tiamqu'e
2076 3978 2324 4050 provecti
2366 3987 2515 4045 sunt,
2568 3987 2630 4033 ut
2681 3979 2817 4035 illud
2871 3978 3032 4049 vulgo
3054 3977 3372 4048 iactarent:

1788 4093 1808 4127 ι
1837 4074 1972 4128 'I'am
2004 4072 2294 4142 perspicue
2331 4069 2503 4126 Deum
2551 4070 2700 4137 novi,
2749 4085 2814 4125 ac
2848 4078 3055 4125 tantam
3093 4069 3242 4125 illius
3276 4083 3376 4124 no-

1741 4164 1960 4219 -titiam
2004 4177 2127 4218 sum
2187 4170 2544 4227 consecutus,
2604 4169 2666 4216 ut
2710 4177 2778 4216 ne
2832 4161 3101 4231 meipsum
3154 4160 3375 4233 quidem

1783 4254 1982 4311 melius
2012 4269 2175 4325 quam
2208 4253 2382 4310 Deum
2413 4253 2684 4310 noverim.
2714 4270 2735 4306 ›
2770 4251 2913 4307 Sunt
2953 4260 3009 4307 et
3072 4252 3179 4307 alia
3208 4266 3374 4322 quam

1785 4349 2042 4419 plurima,
2073 4361 2195 4419 quae
2220 4346 2289 4402 de
2321 4345 2513 4402 eodem
2541 4345 2879 4417 accepimus,
2916 4343 3374 4416 quemadmodum

1786 4456 1884 4514 per
1929 4440 2079 4496 illum
2113 4438 2368 4495 diabolus
2401 4439 2664 4510 majorem
2714 4438 2771 4493 in
2809 4438 3033 4493 modum
3083 4434 3138 4491 id
3179 4437 3373 4507 egerit,

130 4526 336 4581 σθέντων
369 4503 660 4585 ἀπολέσαι.
698 4503 817 4579 Καὶ
843 4523 953 4596 γὰρ
983 4523 1084 4576 ούκ
1113 4521 1304 4591 ἄγεται
1335 4521 1521 4584 αὐτοῖς
1554 4519 1677 4591 περὶ

1847 4541 2129 4605 ;captatas
2167 4532 2449 4588 hominum
2479 4503 2696 4587 animas
2736 4531 2794 4586 in
2842 4532 3072 4589 exitium
3108 4503 3363 4588 traheret
3404 4529 3411 4554 '

130 4616 227 4686 βίου
254 4618 597 4690 σεμνότητος,
642 4618 703 4671 οὒ
755 4616 886 4687 περὶ
922 4613 1208 4686 νηστειῶν,
1238 4613 1299 4666 ού
1339 4613 1467 4683 περὶ
1498 4611 1686 4666 ὲνταλ-

134 4709 292 4776 μάτων
322 4709 483 4771 Θεοῦ,
518 4709 583 4763 ού
613 4708 742 4780 περί
771 4725 917 4772 τινος
949 4706 1137 4779 ἑτέρου
1166 4704 1274 4758 τῶν
1312 4706 1391 4768 είς
1422 4703 1569 4775 ζωὴν
1594 4704 1687 4757 ἀν-

132 4798 341 4869 θρώποις
360 4803 424 4855 ὲκ
448 4799 586 4854 Θεοῦ
610 4799 1125 4872 προστεταγμένων,
1148 4798 1182 4869 ἢ
1216 4798 1375 4868 μόνον
1396 4797 1686 4869 πρόχειρος

132 4891 288 4955 αὐτοῖς
317 4895 346 4946 ὁ
378 4892 539 4961 λόγος
588 4891 656 4946 δι’
699 4892 817 4955 ἑνὸς
859 4892 1102 4963 ῥήματος
1134 4888 1196 4943 τὸ
1229 4890 1357 4943 πᾶν
1392 4888 1469 4951 ὼς
1494 4887 1548 4941 εί
1575 4904 1681 4951 τις,

133 4981 223 5036 ἀπὸ
246 4985 367 5056 νηὸς
401 4985 591 5057 ῥίψας,
620 4986 715 5039 καὶ
744 4984 844 5055 τὴν
878 4986 1057 5037 πᾶσαν
1093 4981 1324 5053 ἐκϐολὴν
1356 4981 1452 5035 τοῦ
1484 4981 1685 5043 παντὸς

136 5072 305 5143 ςόρτου
337 5077 592 5149 ποιήσας,
622 5074 873 5149 κατάσχῃ
903 5074 961 5129 δὲ
995 5075 1054 5128 ἓν
1082 5091 1135 5127 τι
1167 5074 1274 5127 τῶν
1318 5074 1377 5127 ὲν
1408 5073 1486 5145 τῷ
1518 5073 1688 5145 πλοίῳ

137 5163 553 5240 ὲμύεόλημένων,
586 5168 837 5240 κεράμου
870 5168 930 5220 τέ
962 5184 1107 5239 φημι
1132 5167 1167 5238 ἡ
1197 5182 1341 5229 τινος
1372 5166 1583 5238 ἐτέρου,
1613 5166 1689 5229 ὡς

136 5256 361 5315 δύνασθαι
384 5261 453 5316 δι’
475 5263 595 5328 ἑνὸς
624 5262 851 5327 σκεύους
877 5262 969 5315 τὸν
1000 5262 1179 5317 πάντα
1215 5260 1407 5315 πόντον
1436 5262 1691 5334 διανήξα-

202 5441 213 5469 ³
247 5439 302 5496 F.
349 5443 507 5496 Ἀλλά
528 5443 620 5497 τοῦ
651 5445 796 5497 τότ-ε.

146 5660 173 5674 η
199 5592 311 5674 (δῖ)⁸
330 5598 613 5674 Ὕστερον
656 5600 759 5674 ὑπξ
820 5598 1015 5674 αὐτῶν
1067 5601 1186 5654 τῶν
1240 5600 1691 5674 Ἀρειανῶνηᾼι)

144 5667 474 5741 ἱιίετίύειίοει
520 5670 826 5741 eplsc0pis,
881 5671 976 5739 qui
1026 5686 1095 5725 ex
1146 5667 1379 5741 utroque
1426 5671 1687 5735 concilio,

145 5731 448 5795 Ariminensi
498 5731 569 5794 ac'
611 5731 989 5804 Seleuciensi,
1042 5731 1572 5814 Constantinopolim
1623 5731 1691 5795 ad

515 5838 782 5901 ΡΑτιιοι..
825 5839 939 5899 Gn.
977 5837 1171 5899 XLII.

1792 4624 2007 4682 Etenim
2031 4624 2183 4681 nulla
2215 4623 2360 4695 apud
2384 4623 2508 4680 illos
2528 4639 2661 4679 cura
2695 4623 3003 4679 sanctitatis
3033 4629 3146 4689 est;
3178 4628 3274 4688 aut
3293 4621 3376 4691 jop

1789 4717 2112 4789 iuniorum,‘
2151 4726 2246 4772 aut
2292 4716 2675 4772 mandatorum
2729 4714 2825 4771 Dei
2860 4725 3251 4771 casterarumve
3288 4727 3373 4768 re-

1794 4822 1943 4866 rum.
1975 4821 2098 4877 quae
2138 4805 2454 4863 hominibus
2491 4806 2679 4862 divino
2731 4806 2990 4862 mandato
3042 4805 3371 4877 praescrime

1787 4906 1936 4955 sunt.
1973 4899 2149 4970 Atque
2179 4900 2248 4954 ad
2297 4899 2481 4955 omnia
2530 4915 2698 4954 unum
2748 4898 2801 4953 in
2845 4904 3097 4970 promptu
3146 4898 3374 4953 verbum

1789 4990 1899 5047 illis
1928 4997 2013 5046 est
2043 5008 2057 5045 :
2094 4991 2151 5045 in
2189 5007 2297 5063 quo
2333 4990 2563 5063 perinde
2598 4991 2706 5046 illis
2740 4989 2953 5047 accedit
3001 5006 3065 5046 ac
3096 4990 3373 5059 naviganti

1793 5082 1983 5150 alicui,
2018 5085 2112 5155 qui
2143 5084 2413 5154 ejectione
2442 5084 2705 5139 mercium
2735 5084 2978 5138 omnium
3011 5081 3176 5145 facta,
3210 5081 3372 5151 quid-

1794 5176 1938 5247 piam
1967 5191 2177 5241 eorum,
2210 5191 2332 5246 quae
2361 5177 2417 5232 in
2440 5191 2634 5232 navem
2667 5176 2921 5246 imposita
2952 5183 3101 5241 sunt,
3133 5174 3373 5229 retinue-

1795 5265 1886 5328 rit,
1924 5272 2054 5336 puta
2095 5264 2260 5321 ﬁctile
2302 5266 2522 5337 aliquod
2578 5280 2698 5332 vas,
2735 5272 2828 5319 aut
2863 5265 3088 5320 alterius
3132 5265 3381 5337 generis,

1797 5598 2178 5674 Constantium
2244 5599 2650 5674 missinerant:
2690 5600 3017 5674 quibuscum
3076 5600 3375 5674 disputavit

1800 5671 2005 5727 Aetius.
2042 5671 2379 5726 Sozomenus
2403 5672 2495 5725 lib.
2539 5687 2609 5736 Iv,
2656 5685 2775 5741 cap.
2818 5670 2901 5725 22.

3062 5838 3137 5896 17
