3798 6212
470 275 578 329 5’25
1836 268 1895 320 S.
1939 264 2035 320 El'l

2143 264 2275 318 ANII
3607 270 3700 327 εκ

470 395 628 460 cujus
661 388 914 460 prasidio
935 396 1106 440 totum
1154 402 1301 440 mare
1344 386 1523 439 nando
1572 384 1825 452 trajicere
1855 399 1916 437 ac
1951 399 2035 438 sa-

2145 383 2286 446 σθαι,
2322 382 2413 436 καὶ
2446 381 2718 452 σωτηρίαν
2753 381 2930 452 ἑαυτῷ
2962 381 3457 452 προσπορίσασθαι·
3492 384 3702 452 σφαλέν-

471 486 640 540 lutem
665 497 982 551 comparare
1012 482 1113 536 sibi
1153 488 1355 550 possxt;
1384 479 1474 548 qui
1517 478 1561 531 si
1597 477 1778 545 aliquo
1811 475 2038 530 fortasse

471 591 602 633 casu
635 574 920 638 exciderit,
951 588 1127 642 neque
1176 587 1242 626 ex
1290 571 1382 624 illo
1413 583 1556 631 vase,
1591 583 1748 636 quem
1787 568 2040 635 sperabat

469 668 679 723 exitum
712 666 975 735 consequi
1019 663 1276 734 potuerit,
1311 670 1424 715 tum
1458 674 1587 714 vero
1622 659 1876 713 fluctibus
1905 659 2038 712 hau-

469 759 590 815 stus
625 764 797 812 totum
833 757 936 810 hoc
968 755 1242 825 negotium
1273 767 1398 806 cum
1431 751 1608 806 salute
1637 749 1992 818 pessundabit
2020 769 2033 803 τ

468 849 549 904 sic
601 846 792 900 Aetius
849 845 1074 914 ejusque
1133 849 1428 897 sectatores
1479 840 1726 894 Anomai
1785 839 1927 909 quod
1985 841 2036 893 in

464 937 760 1010 Evangelio
815 937 1020 992 dictum
1065 951 1094 989 a
1135 934 1366 988 Domino
1397 932 1594 1001 legitur
1642 931 1930 986 aﬂ‘erentes
1983 934 2037 986 in

465 1031 726 1092 medium,
783 1028 962 1084 verbis
1006 1025 1224 1096 quidem
1253 1023 1387 1094 ipsis
1435 1030 1683 1087 utuntur,
1717 1021 1812 1077 sed
1849 1037 2038 1076 eorum

464 1124 573 1178 vim
605 1136 727 1176 cum
762 1129 908 1175 recte
936 1135 1045 1173 non
1089 1115 1415 1184 intelligant,
1445 1114 1664 1185 utrique
1693 1113 2040 1168 vehementer

465 1218 741 1272 aberrant.
773 1214 908 1268 Cum
949 1212 1093 1266 enim
1131 1223 1431 1265 occurrens
1471 1209 1540 1263 iis
1589 1205 1790 1277 aliquis
1826 1205 2040 1260 divino-

463 1322 586 1361 rum
619 1310 1010 1376 praceptorum
1035 1299 1364 1356 mentionem
1397 1295 1592 1368 injicit,
1620 1311 1686 1351 ex
1713 1294 1856 1349 illius
1876 1294 2037 1364 917

464 1399 792 1454 auctoritate
837 1394 969 1449 dicti
1021 1393 1365 1462 subjiciunt:
1406 1409 1423 1440 ι
1456 1388 1601 1443 Nihil
1630 1387 1776 1442 aliud
1813 1402 1842 1440 a
1879 1389 2038 1442 nobis

463 1490 709 1562 ﬂagitare
731 1487 920 1548 Deum,
941 1499 1105 1554 quam
1128 1492 1186 1537 ut
1208 1496 1603 1552 cognoscamus
1629 1480 1831 1549 ipsum,
1858 1494 2040 1549 quem-

463 1580 756 1636 admodum
787 1577 1040 1632 Christus
1069 1572 1365 1629 declaravit
1398 1571 1484 1626 his
1512 1571 1696 1626 verbis
1723 1586 1736 1622 :
1771 1570 1854 1624 Da
1887 1571 2034 1638 ipsis.

467 1675 654 1736 Pater,
691 1670 879 1724 habere
913 1671 963 1721 in
1000 1667 1184 1734 seipsis
1215 1665 1396 1719 vitam.
1431 1662 1560 1716 ch
1582 1671 1662 1716 est
1703 1674 1878 1716 autem
1906 1663 2034 1724 vita,

463 1775 521 1819 ut
547 1769 864 1832 cognoscant
899 1770 945 1812 te
975 1759 1147 1812 solum
1173 1772 1350 1810 verum
1377 1754 1565 1818 Deum,
1595 1763 1644 1808 et
1673 1769 1822 1824 quem
1847 1753 2038 1807 misisti

461 1855 645 1911 Iesum
692 1851 1020 1906 Christum‘.
1051 1868 1068 1900 ›
1123 1846 1260 1901 Nam
1312 1852 1366 1901 et
1413 1845 1704 1900 nonnullos
1742 1843 2060 1898 referentes

463 1947 797 2010 audivimus,
834 1942 978 2013 quod
1022 1941 1090 1996 de
1121 1941 1214 1994 illo
1267 1955 1326 1994 se
1363 1938 1540 2009 palam
1589 1935 1805 1991 audisse
1846 1934 2039 1990 testifi-

462 2045 741 2100 carentur,
777 2050 902 2090 cum
945 2031 1162 2103 quidam
1192 2031 1262 2086 ob
1295 2040 1544 2099 stuprum
1575 2027 1786 2082 femina
1830 2026 2036 2080 illatum

463 2135 880 2188 accusarentur,
913 2135 966 2180 et
1004 2125 1073 2178 ab
1101 2123 1224 2178 aliis
1257 2123 1671 2180 damnarentur.
1709 2120 1843 2175 nihil
1886 2121 2036 2174 illum

473 2228 830 2280 commotum,
869 2216 964 2272 sed
993 2214 1194 2270 factum
1225 2212 1360 2267 illud
1396 2212 1512 2268 risu
1543 2227 1605 2266 ae
1643 2212 1878 2266 ludibrio
1912 2225 2038 2279 pro-

465 2319 783 2382 sequentem
816 2309 1044 2371 dixisse,
1080 2307 1284 2360 nullius
1311 2307 1414 2360 hoc
1445 2320 1567 2361 esse
1597 2304 1876 2359 momenti.
1909 2303 2038 2358 Cor-

463 2403 615 2475 poris
672 2401 817 2457 enim
877 2401 1015 2453 hanc
1064 2413 1186 2453 esse
1247 2396 1624 2451 necessitatem
1676 2412 1739 2450 ac
1799 2395 2038 2449 functio-

459 2510 608 2558 nem,
633 2489 1090 2562 quemadmodum
1113 2501 1300 2542 aurem
1323 2499 1714 2556 nonnunquam
1741 2484 2035 2553 scalpimus

461 2590 797 2658 (quanquam
828 2599 888 2637 ea
925 2593 1213 2636 recensere
1237 2594 1346 2633 non
1376 2578 1494 2633 sine
1525 2579 1722 2632 rubore
1745 2593 2036 2648 possumus

455 2691 583 2748 qua
614 2676 862 2743 impurus
896 2671 985 2724 ille
1013 2668 1300 2739 jactabat),
1339 2667 1434 2722 sed
1463 2675 1543 2733 ut,
1575 2667 1874 2737 inquiebat,
1918 2668 2038 2737 pin-

451 2769 620 2830 nula,
678 2765 762 2820 vel
813 2763 1022 2817 festuca
1079 2774 1269 2815 aurem
1321 2759 1639 2828 scalpimus.
1705 2768 1868 2827 atque
1932 2759 2034 2812 hoc

460 2857 624 2914 modo
657 2854 898 2926 pruritus
935 2849 1158 2915 desinit,
1211 2849 1291 2904 sic
1328 2857 1381 2903 et
1419 2849 1473 2902 id
1525 2849 1849 2904 naturaliter
1878 2847 2037 2903 nobis

460 2950 660 3012 evenit,
701 2960 878 3014 neque
909 2943 1202 3012 quisquam
1236 2955 1300 2995 ea
1341 2955 1400 2994 re
1441 2938 1687 2994 facienda
1721 2949 1928 3008 peccat.

460 3086 478 3103 .
530 3039 595 3095 ν.
627 3039 752 3094 Hac
776 3045 830 3091 et
862 3037 966 3089 alia
1007 3044 1117 3088 tum
1148 3031 1414 3103 ejusmodi
1454 3032 1733 3091 narrabat,
1768 3045 1831 3085 ac
1861 3030 2036 3084 disso-

459 3137 572 3190 lute
595 3140 648 3186 et
675 3128 921 3199 nequiter
937 3125 1187 3188 docebat,
1206 3132 1265 3177 ut
1287 3123 1367 3175 vel
1394 3137 1456 3176 ex
1488 3120 1623 3190 ipsis
1655 3119 1834 3184 factis,
1861 3121 2039 3190 cujus-

462 3224 608 3278 mudi
653 3220 813 3274 fuerit
847 3218 956 3279 ille,
990 3221 1223 3277 constet,
1251 3227 1461 3282 nosque
1480 3211 1580 3281 ipsi
1606 3209 2036 3275 Domiuiverbis,

462 3315 609 3370 Velut
635 3313 752 3366 luce
782 3307 1036 3378 quadam,
1067 3306 1468 3367 collustremur,
1497 3303 1587 3372 qui
1630 3303 1710 3357 sic
1747 3301 2036 3356 admonet:

466 3406 733 3462 Attendite
778 3421 810 3458 a
864 3402 1016 3471 falsis
1056 3397 1341 3468 prophetis,
1377 3398 1467 3467 qui
1521 3396 1727 3450 veniunt
1768 3394 1835 3448 ad
1870 3412 1955 3450 vos
1988 3397 2041 3448 in

468 3498 785 3555 uestimentis
821 3497 1015 3559 ovium,
1042 3492 1355 3545 intrinsecus
1383 3499 1554 3542 autem
1579 3496 1700 3541 sunt
1741 3487 1850 3556 lupi
1883 3503 2042 3555 rapa-

464 3609 567 3646 ces.
624 3590 665 3641 Α
709 3585 966 3657 fructibus
1028 3599 1207 3638 eorum
1261 3581 1580 3650 cognoscetis
1625 3595 1732 3632 eos.
1788 3576 2040 3648 Nunquid

461 3682 717 3751 colligunt
746 3679 810 3732 de
839 3677 1001 3744 spinis
1048 3691 1197 3738 uvas,
1227 3680 1321 3726 aut
1364 3672 1427 3723 de
1463 3669 1672 3723 tribulis
1700 3670 1831 3738 ﬁcus
1858 3670 1914 3722 ’?
1952 3669 2042 3723 Sic

465 3771 630 3842 igitur
658 3765 1008 3822 stolidissima
1052 3762 1199 3817 illius
1241 3761 1295 3815 in
1343 3759 1594 3813 omnibus
1639 3758 1867 3812 audacia
1916 3757 2043 3810 hinc

465 3871 521 3918 et
552 3863 702 3917 illinc
753 3858 1129 3928 redarguitur:
1163 3859 1348 3923 utpote
1389 3852 1480 3921 qui
1530 3857 1719 3904 contra
1754 3848 2041 3902 Dominum

467 3957 647 4028 ipsum
686 3951 1004 4007 ell'renatum
1059 3964 1122 4002 os
1182 3945 1429 3998 atzollere
1477 3958 1584 3996 non
1638 3940 1934 4002 dubitavit,
1987 3940 2040 3993 in

464 4060 700 4116 eumque
731 4043 848 4097 sine
877 4042 985 4095 ullo
1031 4038 1235 4110 pudore
1275 4035 1557 4090 maledicta
1583 4033 1836 4102 conjecit,
1872 4039 1931 4085 ut
1977 4048 2042 4086 ex

465 4137 600 4208 ipsis
623 4134 934 4207 petulantia
960 4146 1022 4186 ac
1048 4130 1326 4185 dissolute
1357 4126 1598 4180 libidinis
1626 4124 1891 4178 fructibus
1917 4139 2044 4193 pru-

465 4230 743 4287 dentiores
775 4228 976 4297 quique
1010 4222 1310 4294 periculum
1355 4220 1499 4273 illius
1550 4217 1806 4272 facientes
1845 4218 1915 4272 ab
1944 4217 2043 4272 iis-

467 4325 592 4380 dem
626 4322 732 4378 illis
769 4316 1087 4388 cotligendis
1117 4313 1444 4369 abstineant.
1480 4309 1664 4380 Neque
1692 4310 1833 4364 enim
1868 4325 1898 4364 e
1930 4309 2042 4378 spi-

2139 493 2227 536 τος
2248 475 2304 527 δὲ
2331 473 2424 526 τοῦ
2455 473 2718 536 τοιούτου,
2752 473 2846 526 καί¹
2865 475 2964 542 οὑχ
2987 473 3062 536 ὡς
3094 472 3446 542 ὑπελάμϐανε
3473 475 3701 544 περὶτοῦ

2143 566 2278 634 μετά
2305 568 2461 636 χεῖρα
2489 562 2714 626 σκεύους
2736 562 2797 615 τὸ
2826 563 2999 635 πέρας
3033 564 3306 634 εὑρόντος,
3343 563 3575 634 ὕστερον
3595 565 3705 620 ὑπο-

2141 657 2361 728 ϐρυχίου
2390 658 2690 725 γεγονότος,
2718 657 2972 710 ἐκπεσεῖν
3003 655 3102 726 τῆς
3127 655 3304 726 πάσης
3333 659 3704 728 πραγματείας

2138 768 2196 803 τε
2227 751 2320 803 καὶ
2350 750 2642 820 σωτηρίας·
2672 749 2813 804 οὕτω
2841 750 2936 802 καὶ
2965 740 3119 814 οὗτος
3146 751 3175 802 ὁ
3224 750 3430 814 Ἀἐτιος
3463 752 3562 803 καὶ
3591 754 3629 804 οἱ
3650 753 3702 819 ἐξ

2139 837 2304 892 αὑτοῦ
2347 838 2636 908 Ἀνὸμοιοι,
2664 839 2746 902 είς
2770 838 2934 908 μέσον
2961 838 3219 908 φέροντες
3249 839 3310 892 τὸ
3342 839 3510 910 ῥητὸν
3538 840 3703 893 eum

2137 930 2230 983 τοῦ
2276 931 2482 1002 Κυρίου
2536 931 2592 984 ὲν
2637 930 2712 1001 τῷ
2758 929 3075 1000 Εὐαγγελίῳ
3123 929 3435 1000 εἰρημένον,
3487 931 3588 1000 τὴν
3617 931 3705 1000 μὲν

2139 1021 2279 1085 λέξιν
2311 1020 2663 1092 ὑφηγοῦνται,
2708 1021 2806 1092 τὴν
2849 1021 2905 1073 δὲ
2939 1021 3109 1090 αὐτῆς
3141 1021 3370 1092 δύναμιν
3410 1023 3514 1074 οὐκ
3545 1024 3705 1094 ὀρθῶς

2140 1115 2476 1181 κατέχοντες,
2521 1113 2812 1181 σφάλλεται
2863 1114 2956 1165 καὶ
3008 1114 3351 1180 σφάλλονται.
3400 1117 3573 1167 Ὅταν
3608 1119 3705 1187 γὰρ

2138 1205 2318 1266 αὑτοῖς
2351 1202 2662 1272 περιτύχοιέ
2691 1219 2794 1264 τις,
2834 1204 2926 1254 καὶ
2950 1203 3074 1272 περὶ
3099 1202 3326 1256 ἐντολῶν
3352 1205 3701 1275 ὑπομνήσειε,

2136 1293 2293 1348 τοῦτο
2323 1293 2643 1362 φάσκουσιν,
2675 1293 2750 1356 ὡς
2779 1292 2878 1362 ἔφη
2920 1293 2980 1344 τὸ
3015 1295 3196 1362 ῥητὸν,
3229 1294 3309 1346 ὅτι
3345 1312 3365 1344 ι
3400 1294 3568 1348 υὺδὲν
3596 1298 3704 1349 ἓτε-

2141 1388 2232 1458 ρόν
2277 1388 2422 1440 ἐστιν
2468 1387 2496 1438 ὃ
2536 1385 2687 1457 ζητεί
2717 1385 2848 1448 Θεὸς
2885 1387 3012 1456 παρ’
3069 1387 3243 1456 ἡμῶν,
3283 1388 3399 1440 ἀλλ’
3441 1389 3532 1443 ἴνα
3563 1393 3704 1458 γινώ-

2140 1495 2357 1548 σκωμεν
2387 1476 2549 1530 αὑτὸν
2585 1477 2763 1546 μόνον,
2795 1477 2870 1538 ὼς
2910 1477 3000 1528 καὶ
3025 1477 3052 1528 ὁ
3087 1478 3321 1547 Χριστὸς
3361 1480 3492 1550 ἔφη,
3531 1485 3700 1549 φησὶν,

2138 1569 2195 1620 ἐν
2224 1569 2300 1639 τῷ
2341 1569 2520 1636 λέγειν
2563 1569 2742 1620 αὐτόν·
2790 1567 2896 1632 Δὸς
2935 1568 3158 1634 αὐτοῖς,
3201 1569 3413 1639 Πάτερ,
3457 1574 3707 1640 ἐχειν-έν

2139 1660 2372 1725 ἑαυτοῖς
2395 1660 2563 1727 ζωήν.
2594 1661 2753 1727 Αὕτη
2775 1660 2841 1712 δέ
2867 1661 3036 1714 ἐστιν
3051 1663 3089 1729 ἡ
3107 1661 3238 1729 ζωὴ,
3257 1664 3356 1715 ἵνα
3378 1665 3707 1732 γινώσκωσι

2139 1765 2212 1804 σε
2243 1751 2349 1804 τὸν
2380 1753 2572 1820 μόνον
2585 1751 2880 1815 ἀληθινὸν
2908 1753 3076 1815 Θεὸν,
3120 1753 3215 1805 καί
3251 1753 3322 1806 ὃν
3352 1755 3708 1824 ἀπέστειλας

2153 1840 2383 1907 Ἰησοῦν
2411 1841 2671 1907 Χριστόν
2698 1843 3072 1912 »Ἀκηκόαμεν
3102 1843 3210 1913 γὰρ
3244 1845 3336 1896 καί
3361 1862 3525 1898 τινων
3545 1846 3709 1914 λεγόν-

2139 1949 2264 1992 των,
2311 1931 2386 1995 ὡς
2432 1933 2562 2002 παρ’
2599 1930 2762 1986 αὑτοῦ
2803 1934 3045 2004 ἐναργῶς
3095 1936 3426 2004 ἀκηκόασιν,
3461 1937 3543 2003 ὥς
3574 1956 3707 2004 τινες

2139 2023 2537 2094 κατηγοροῦντο
2563 2023 2656 2075 ἐπὶ
2682 2022 2998 2094 ἀτοπήματι
3032 2027 3286 2093 γυναικὸς
3308 2028 3530 2098 ᾄδοντες
3551 2030 3589 2093 ³,
3621 2033 3704 2083 καὶ

2139 2117 2600 2185 κατεγινώσκοντο
2635 2117 2726 2170 ὑπ’
2763 2118 2962 2170 αὑτῶν.
3025 2119 3081 2171 '0
3119 2120 3175 2172 δὲ
3208 2121 3326 2174 οὑδὲ
3354 2122 3484 2193 περὶ
3513 2123 3708 2177 τούτων

2138 2211 2387 2281 χαλεπῶς
2421 2211 2631 2282 ἐςερενο
2672 2211 2807 2264 ἀλλά
2845 2214 2936 2265 καὶ
2969 2212 3144 2282 μάτην
3177 2213 3457 2283 ἐχλεύαζε,
3491 2215 3707 2283 (simis

2141 2303 2302 2374 μηδὲν
2332 2298 2548 2356 εἶναιτὸ
2569 2303 2826 2356 τοιοῦτον.
2854 2305 3146 2375 Σωματικὴ
3179 2306 3286 2376 γάρ
3318 2308 3465 2359 ἐστιν
3497 2310 3531 2378 ἡ
3561 2311 3708 2378 χρεία

2137 2398 2230 2450 καὶ
2269 2400 2300 2468 ἡ
2337 2398 2632 2468 ὑπηρεσία·
2665 2397 2853 2468 ῶσπερ
2881 2397 3008 2471 γὰρ,
3041 2399 3194 2468 φησὶ,
3224 2400 3351 2470 περὶ
3375 2401 3437 2452 τὸ
3468 2397 3567 2463 οὖς
3591 2421 3711 2472 κνη-

2137 2489 2340 2558 θόμεθα
2359 2489 2473 2557 (καὶ
2489 2488 2651 2552 αὐτὸς
2684 2488 2782 2559 μὲν
2814 2489 3065 2559 αἰδοῦμαι
3083 2488 3258 2557 λέγειν
3273 2492 3483 2562 ὅσαπερ
3511 2494 3711 2555 ἐκεῖνος

2136 2576 2444 2649 ἀκάθαρτος
2488 2576 2826 2648 διηγήσατο),
2866 2577 3120 2640 λαϐόντες
3153 2578 3230 2641 δὲ,
3259 2579 3415 2646 φησὶ,
3458 2582 3709 2650 πτερὸνὴ

2139 2669 2368 2739 κάρφος,
2406 2667 2465 2722 τὸ
2493 2665 2584 2731 οὖς
2615 2667 2940 2738 κνηθόμεθα,
2983 2669 3075 2721 καὶ
3117 2668 3274 2739 οὕτω,
3300 2670 3590 2740 παυόμεθα
3623 2673 3712 2740 τῆς

2141 2763 2270 2833 περὶ
2312 2763 2408 2831 τὴν
2452 2761 2620 2831 ἀκοὴν
2662 2760 2974 2831 κνησμονῆς
2997 2776 3010 2788 ⁸
3049 2760 3190 2814 οὕτω
3225 2762 3317 2814 καὶ
3347 2763 3527 2826 τοῦτο,
3564 2766 3710 2833 φηρὶ,

2141 2851 2422 2922 συμϐαίνει
2461 2850 2598 2904 κατά
2630 2849 2810 2918 φύσιν·
2857 2852 2950 2902 καὶ
2988 2851 3154 2914 εἴτις
3193 2853 3587 2917 ἐπιτελέσειεν,
3619 2857 3712 2926 οὑχ

2140 2943 2462 3015 ἁμαρτάνει.

2214 3035 2286 3088 E’.
2315 3035 2422 3086 Καὶ
2451 3035 2549 3086 ὅσα
2564 3033 2786 3086 τοιαῦτα
2813 3035 2840 3086 ὁ
2859 3033 2997 3105 ἀνὴρ
3025 3034 3400 3105 διηγούμενος,
3420 3038 3638 3110 ὑδαρῶς
3654 3041 3716 3091 1'1

2144 3128 2317 3180 πάντα
2339 3125 2430 3177 καὶ
2457 3124 2640 3188 κακῶς
2665 3125 2935 3177 ἐδίδασκεν
2953 3141 2966 3154 ·
2995 3125 3082 3179 ἴνα
3109 3126 3166 3192 ἐξ
3189 3127 3367 3179 αὐτῶν
3396 3128 3505 3180 τῶν
3543 3130 3716 3200 ἔργων

2139 3217 2298 3287 ὀφθῇ,
2333 3217 2383 3269 τί
2413 3217 2508 3286 μὲν
2535 3208 2690 3280 οὗτός
2711 3217 2858 3269 ἐστιν
2883 3233 2896 3245 ·
2926 3219 2974 3269 οί
3007 3217 3062 3270 δὲ
3087 3219 3179 3270 τοῦ
3203 3220 3408 3290 Κυρίου
3434 3219 3587 3287 λόγοι
3625 3239 3714 3272 σαι

2141 3310 2254 3379 φῶς
2287 3311 2416 3380 ἡμῖν
2441 3307 2877 3376 καταυγάσωσιν,
2909 3308 2983 3372 ὡς
3015 3309 3164 3378 ἔλεγε
3187 3327 3201 3340 ο
3236 3310 3580 3380 Προσέχετε
3603 3313 3716 3366 ἀπὸ

2139 3401 2257 3456 τῶν
2293 3397 2820 3470 ψευδοπροφητῶν,
2839 3387 3055 3463 οἵτινες
3079 3400 3353 3468 ἔρχονται
3385 3403 3541 3469 πρὸς
3571 3401 3716 3470 ὑμᾶς

2135 3493 2209 3546 ἐν
2236 3491 2528 3561 ἐνδύμασι
2560 3490 2885 3558 προϐάτων,
2909 3492 3134 3545 ἔσωθεν
3160 3491 3228 3545 δέ
3258 3494 3374 3545 εἱσι
3408 3494 3594 3546 ,λύκοι
3625 3493 3716 3559 (if-

2141 3599 2348 3653 πίιγες.
2387 3583 2521 3637 Ἀπὸ
2548 3582 2665 3635 τῶν
2689 3582 2930 3650 καρπῶν
2967 3582 3162 3636 αὐτῶν
3183 3584 3598 3654 ἐπιγνώσεσθε
3618 3589 3716 3639 αὑ-

2142 3679 2300 3742 τούς.
2329 3674 2482 3741 Μήτι
2502 3674 2914 3743 συλλέγουσιν
2931 3675 3048 3730 ἀπὸ
3074 3675 3353 3734 ἀκανθῶν
3371 3680 3712 3744 σταφυλὰς,

2142 3769 2179 3837 ἢ
2213 3769 2330 3823 ἀπὸ
2376 3769 2659 3835 τριϐόλων
2701 3766 2894 3830 σῦκα;
2941 3767 3094 3820 Οὕτω
3123 3768 3216 3820 καὶ
3258 3769 3292 3838 ἠ
3337 3767 3528 3820 τούτου
3581 3770 3716 3822 κατὰ

2144 3859 2320 3912 πάντα
2355 3859 2451 3929 τῆς
2489 3857 2744 3926 ἀνοησίας
2781 3858 2956 3927 τόλμα
2993 3857 3240 3909 ἐντεῦθεν
3270 3857 3362 3910 καὶ
3393 3859 3609 3912 ἐκεῖθεν
3645 3860 3715 3912 διο

2143 3951 2422 4020 ελέγχεται
2440 3967 2455 3981 ο
2482 3948 2556 4012 ὼς
2588 3949 2685 4018 μὲν
2719 3948 2859 4001 κατά
2874 3948 2963 4000 τοῦ
2987 3948 3254 4000 Δεσπότου
3290 3948 3454 4002 αὑτοῦ
3475 3951 3712 4002 ἀνέτεινε

2141 4043 2201 4096 τὸ
2224 4043 2398 4113 στόμα
2424 4039 2865 4112 ἀθυρογλωττῶν,
2885 4042 2961 4101 είς
2988 4041 3078 4092 τὸν
3099 4040 3290 4092 ἑαυτοῦ
3322 4041 3528 4111 Κύριον
3559 4041 3715 4111 βλασς

2144 4137 2342 4205 φημεῖν
2386 4133 2459 4202 μὴ
2523 4127 2934 4202 αἰσχυνόμενος,
2982 4131 3068 4183 ἵνα
3101 4132 3194 4183 καὶ
3237 4132 3300 4183 ὲκ
3341 4131 3448 4183 τῶν
3483 4132 3713 4202 καρπῶν

2142 4227 2240 4296 τῆς
2262 4224 2424 4278 αὑτοῦ
2453 4223 2746 4286 ἀκολασίας
2774 4223 2866 4275 καὶ
2894 4222 3218 4292 ὑδαρότητος
3248 4222 3298 4274 οἱ
3328 4223 3543 4274 συνετοὶ
3575 4223 3712 4275 δοκιο

2149 4318 2416 4388 μάσαντες
2459 4314 2533 4385 μὴ
2561 4313 2860 4384 δρέψωνται
2888 4313 2993 4367 τῶν
3018 4313 3193 4366 αὑτῶν
3225 4312 3471 4384 καρπῶν.
3499 4315 3582 4367 Οὐ
3614 4314 3713 4383 γὰρ

2966 4406 2976 4424 1

465 4417 555 4471 nis
600 4429 700 4468 uva
751 4410 944 4466 demeti
995 4415 1192 4478 potest.
1240 4414 1297 4458 ut
1339 4420 1405 4458 ex
1456 4402 1749 4472 depravata
1797 4401 2035 4456 doctrina

2147 4409 2365 4463 δύναται
2388 4407 2444 4473 ἐξ
2469 4405 2716 4459 ἀκανθῶν
2754 4406 2992 4476 σταφυλὴ
3018 4405 3343 4476 τρυγᾶσθαι,
3378 4407 3463 4459 ἵνα
3483 4407 3585 4458 καὶ
3615 4407 3713 4458 ἀπὸ

468 4505 735 4563 sanctitas
785 4503 1010 4556 oriatur.
1047 4497 1245 4552 Verum
1299 4497 1413 4550 hac
1461 4495 1526 4548 de
1569 4494 1785 4548 homine
1837 4493 1928 4545 illo
1975 4491 2043 4546 ab

468 4595 590 4650 aliis
629 4599 850 4661 accepta
877 4589 1164 4644 didicimus
1192 4605 1204 4639 :
1238 4587 1292 4640 in
1332 4587 1474 4639 illius
1506 4599 1667 4653 porro
1701 4583 2042 4652 dogmatibus

469 4701 595 4742 cum
641 4685 810 4739 multa
859 4681 967 4736 sint
1016 4679 1234 4734 furiosae
1281 4677 1542 4733 adversus
1588 4675 1874 4730 Dominum
1924 4675 2042 4742 ejus

470 4775 774 4832 insolentia
819 4777 1206 4833 consentanea,
1257 4782 1426 4837 pauca
1466 4765 1567 4820 hoc
1602 4765 1722 4819 loco
1754 4764 1820 4819 de
1855 4765 2042 4819 multis

472 4867 764 4939 proferam,
801 4877 1016 4932 unaque
1048 4861 1113 4915 ad
1140 4875 1201 4915 ea
1241 4856 1525 4914 refutanda
1554 4857 1752 4918 dicam,
1789 4871 1908 4925 qua
1937 4854 2042 4907 Do-

471 4960 651 5014 minus
683 4955 910 5011 diceuda
941 4951 1296 5008 concesserit.
1348 4949 1494 5005 Sane
1531 4951 1748 5019 quidem
1778 4949 2044 5019 ejusmodi

467 5061 552 5108 est
578 5049 824 5105 Anomai
853 5047 997 5102 illius
1031 5046 1085 5099 in
1119 5043 1440 5100 stabilienda
1465 5043 1716 5114 dogmate
1745 5042 2041 5105 calumnia,

468 5145 604 5200 nihil
653 5152 711 5198 ut
757 5141 903 5196 aliud
950 5147 1142 5210 praeter
1193 5136 1584 5191 sententiarum
1628 5135 1850 5190 umbras
1878 5134 2046 5204 918

467 5252 532 5293 ac
564 5235 947 5292 similitudines
980 5240 1344 5295 consectetur,
1373 5244 1493 5299 qua
1525 5227 1735 5282 tametsi
1785 5242 1852 5281 ex
1897 5227 2047 5280 Scri-

407 5323 415 5328 ’
470 5327 644 5396 pturis
667 5325 802 5395 ipsis
838 5322 1150 5385 all'erantur,
1205 5323 1362 5392 longe
1407 5327 1588 5373 tamen
1623 5317 1787 5371 alium
1821 5331 2042 5372 sensum
2081 5357 2092 5370 .

470 5416 770 5482 continent,
801 5424 856 5469 ut
892 5431 1012 5468 cum
1045 5415 1204 5467 aliam
1245 5412 1467 5468 omnino
1494 5409 1601 5463 vim
1635 5416 1688 5464 et
1721 5415 2042 5478 potestatem

2147 4502 2247 4571 τῆς
2269 4499 2750 4561 κακοδιδασκαλίας
2773 4502 2805 4570 ἡ
2838 4499 3099 4569 σεμνότης
3119 4497 3329 4568 ὀφθείη.
3370 4498 3530 4551 Ἀλλὰ
3553 4498 3713 4551 ταῦτα

2153 4593 2250 4663 μὲν
2301 4594 2426 4664 περὶ
2457 4593 2546 4644 τὸν
2589 4591 2757 4664 ἄνδρα
2782 4591 3040 4660 γεγονότα
3071 4589 3386 4659 ἀκηκόαμεν
3443 4589 3540 4641 καὶ
3583 4607 3713 4658 συμ-

2149 4685 2418 4755 ϐεϐηκότα
2439 4701 2453 4714 ·
2486 4682 2572 4736 διὰ
2607 4683 2663 4736 δὲ
2695 4684 2800 4736 τῶν
2823 4683 2993 4750 λόγων
3023 4679 3183 4734 αὑτοῦ
3208 4680 3472 4734 ἀκόλουθα
3503 4685 3585 4744 εἰς
3617 4697 3712 4750 μα-

2147 4775 2262 4827 νίαν
2292 4774 2502 4844 ἄρσεως
2536 4774 2677 4828 κατὰ
2705 4773 2798 4826 τοῦ
2829 4772 3031 4843 Κυρίου
3058 4771 3437 4842 τολμηθείσης,
3463 4772 3538 4834 ὡς
3564 4772 3710 4840 ἔφην,

2150 4866 2316 4919 πολλά
2343 4867 2439 4936 μὲν
2478 4865 2644 4929 ἔστιν,
2689 4865 2841 4932 ὀλίγα
2877 4865 2933 4918 δὲ
2964 4863 3072 4916 ἀπὸ
3100 4864 3204 4915 τῶν
3245 4863 3500 4915 πλειόνων
3539 4880 3710 4933 7:191-

2149 4958 2402 5028 θήσομαι.
2435 4957 2578 5028 Πρὸς
2608 4958 2744 5011 αὑτά
2772 4959 2827 5011 δὲ
2861 4957 2895 5011 ἃ.
2919 4959 2946 5009 ὁ
2980 4956 3180 5025 Κύριος
3211 4956 3393 5008 δίδωσι
3420 4955 3556 5025 πρὸς
3589 4956 3710 5007 ἀνα-

2148 5049 2370 5120 τροπὴν,
2400 5049 2494 5103 καὶ
2525 5050 2676 5102 αὐτοὶ
2706 5049 2965 5119 λέξομεν.
3017 5049 3128 5102 Καὶ.
3161 5047 3305 5100 ἔστιν
3339 5050 3370 5116 ἡ
3408 5046 3598 5100 τούτου
3623 5044 3709 5097 τοῦ

2161 5141 2435 5211 Ἀνομοίου
2481 5141 2579 5208 τῆς
2623 5142 2856 5204 πίστεως
2903 5139 3212 5210 ἐρεσχελία,
3261 5137 3357 5190 καὶ
3396 5138 3502 5190 τῶν
3549 5138 3710 5203 λόγων

2148 5228 2482 5300 ἀπεικασμοὶ
2508 5222 2676 5294 οὗτοι,
2712 5231 2775 5282 ὲκ
2799 5227 3029 5299 Γραφῶν
3061 5228 3158 5299 μὲν
3181 5226 3487 5297 λεγόμενοι,
3509 5226 3608 5295 οὑχ
3630 5223 3711 5276 οὖ-

2145 5337 2253 5382 τως
2281 5320 2334 5372 δὲ
2361 5319 2500 5373 κατά
2526 5321 2614 5374 τὸν
2642 5321 2763 5373 νοῦν
2793 5319 3025 5390 ἔχοντες,
3059 5319 3194 5373 ἀλλά
3221 5319 3396 5382 ἄλλως
3433 5318 3531 5388 τὴν
3563 5316 3710 5368 δύνα-

2157 5427 2248 5480 μιν
2277 5409 2512 5480 ἔχοντες,
2544 5413 2637 5465 ἀπ’
2665 5410 2827 5466 αὐτοῦ
2855 5412 2910 5465 δὲ
2948 5410 3119 5476 οὕτως
3152 5410 3576 5482 λαμϐανόμενοι.

474 5513 729 5576 habeant,
764 5511 832 5564 ab
868 5511 956 5564 illo
997 5519 1174 5565 tamen
1215 5507 1547 5563 contrariam
1577 5505 1642 5560 ad
1679 5513 1914 5560 mentem
1940 5504 2388 5575 detorqueantur.

545 5661 748 5718 ‘Joan.
774 5678 903 5725 xvii,
937 5663 986 5715 5..
1066 5665 1083 5692 ³
1121 5661 1306 5714 Matth.
1344 5677 1439 5725 vn,
1478 5660 1538 5714 l5
1597 5659 1679 5714 16.

1760 5659 1778 5690 ³
1811 5657 1870 5714 F.
1900 5658 2137 5722 ἁλόντες.
