3822 6316
57 413 147 470 5'25

759 417 1131 477 ADVERSUS
1167 419 1513 481 HERESES
1549 423 1598 478 ι’

1720 425 1811 480 lll.
1854 426 2015 484 ΤΟΜ.
2058 428 2097 485 1.
2139 460 2208 473 -
2246 432 2523 491 ΠΑξῐὶΕὗ.
2560 435 2793 490 LXXVI.

3218 442 3327 498 52b

114 528 195 599 ς’.
224 529 439 586 Φάσκει
477 533 534 587 δὲ
564 535 726 601 εὐθὺς
757 538 815 591 ὲν
848 540 1014 611 ἀρχῇ,
1048 542 1130 595 δτι
1171 560 1191 594 σ
1220 544 1294 597 Οὐ
1324 544 1544 600 δύναται
1572 565 1598 600 τ

1707 596 1713 608 ,
1813 545 1896 604 Vl.
1933 547 2084 622 Ergo'
2109 552 2181 607 ita
2215 555 2396 609 statim
2438 555 2594 611 initio
2630 555 2870 626 disputat
2900 575 2911 611 :
2956 575 2976 609 ι
3013 555 3132 614 Non
3162 575 3325 631 posse

52 623 323 693 ἀγέννητον
359 625 557 696 ὅμοιον
593 623 735 685 εἶναι
767 631 844 701 τῷ
890 634 1168 705 γεννητίξν
1217 638 1312 690 καὶ
1353 639 1462 711 γὰρ
1492 640 1633 694 κατὰ

54 715 99 766 τὸ
116 714 277 784 ὄνομα
305 715 660 775 διαλλάττει·
699 722 762 776 τὸ
790 724 890 795 μὲν
911 726 1021 798 γάρ
1049 728 1196 781 ἐστιν
1226 730 1537 803 ἀγέννητον,
1571 733 1632 787 τὸ

49 806 93 859 6':
116 811 394 880 γεννητόν.
427 832 450 866 ι
498 815 572 868 Τὸ
602 815 659 869 δὲ
692 818 803 871 πᾶν
838 819 987 873 ἐστιν
1020 820 1249 891 ἠλίθιον,
1301 824 1396 878 καλ⁴
1421 825 1501 889 εἰς
1527 844 1632 897 μα-

54 902 144 954 νίαν
168 902 383 975 τρέψαν
424 905 523 962 τὸν
554 908 742 981 ἄνδρα.
800 909 864 964 Et
891 912 1001 984 γὰρ
1033 914 1342 987 ζητήσομεν
1369 916 1447 988 τῷ
1473 919 1630 988 ἀγεν-

50 994 170 1063 vta}:
206 998 546 1071 γεννήτορα,
603 1002 690 1055 ἵνα
746 1002 819 1073 μὴ
863 1003 962 1074 τὴν
1016 1007 1145 1077 περὶ
1189 1007 1426 1079 Χριστοῦ
1467 1008 1627 1074 δόξαν

48 1084 198 1156 άληθῆ
231 1087 629 1161 ἀπολέσωμεν,
653 1092 1010 1166 εὑρεθήσεται
1035 1096 1219 1150 οὐκέτι
1251 1094 1332 1161 εἷς
1361 1101 1389 1152 6
1415 1100 1622 1173 Πατὴρ,

44 1177 143 1229 οὐδὲ
166 1179 362 1251 Πατὴρ
392 1184 630 1255 πατρὸς,
653 1184 786 1248 ἀλλὰ
807 1186 1025 1260 ἄπειροι
1051 1192 1098 1242 οἱ
1124 1189 1357 1261 πατέρες
1374 1193 1625 1270 πατέρων

46 1267 366 1341 ζητούμενοι,
406 1274 509 1327 καὶ
540 1274 727 1330 οὐκέτι
758 1272 840 1343 εἷς
877 1279 1011 1343 Θεός
1041 1282 1188 1334 ἐστιν
1225 1282 1253 1334 6
1285 1280 1362 1335 ὢν
1394 1283 1498 1350 ἀεὶ,
1531 1267 1623 1338 καὶ

45 1360 131 1428 πρὸ
172 1362 340 1416 αὑτοῦ
387 1365 569 1435 μηδὲν
609 1367 882 1439 ἐσχηκὼς,
929 1372 1024 1425 καὶ
1065 1372 1152 1425 ἀεὶ⁸
1196 1372 1477 1438 διατελῶν,
1526 1377 1621 1430 καὶ

46 1457 217 1522 μένων
237 1456 298 1521 ἐξ
323 1452 394 1512 οὗ
436 1462 469 1512 6
495 1462 795 1533 μονογενὴς
827 1464 1081 1535 ἀληθινὸς
1122 1466 1244 1531 Υἱὸς
1276 1469 1616 1542 γεγέννηται,

42 1548 116 1599 καὶ
153 1546 286 1613 ἔστι,
339 1551 448 1604 καὶ
475 1552 539 1604 τὸ
567 1551 721 1622 ἅγιον
744 1554 911 1608 αὐτοῦ
938 1557 1164 1626 Πνεῦμα
1189 1557 1250 1624 ἐξ
1273 1559 1438 1614 αὐτοῦ
1461 1580 1472 1590 ι
1503 1561 1617 1616 ἀλλ’

42 1638 222 1693 inﬂa:
273 1642 328 1695 oi
380 1642 715 1717 ζητούμενοι
766 1647 952 1702 πολλοὶ
997 1648 1140 1713 θεοὶ,
1187 1652 1280 1705 καὶ
1331 1652 1513 1708 λοιπὸν
1550 1655 1617 1708 τὰ.

43 1733 191 1786 sarta
215 1735 409 1807 ἀπάτη
445 1736 623 1803 ἔσται,
659 1740 752 1793 καὶ
783 1741 883 1794 οὐκ
920 1742 1167 1813 ἀλήθεια.
1210 1747 1302 1798 Δεῖ
1328 1746 1383 1800 δὲ
1414 1749 1505 1800 καὶ
1540 1749 1615 1813 ὡς

40 1824 185 1885 ἐστιν.
216 1827 316 1883 ἕνα
366 1829 578 1885 εἰδέναι
625 1831 780 1899 θεὸν,
825 1835 1046 1905 Πατέρα
1090 1837 1184 1891 τοῦ
1219 1841 1424 1912 Κυρίου
1459 1843 1613 1913 ἡμῶν

1736 640 1901 709 geniti
1935 641 2113 698 simile
2153 659 2274 700 esse
2307 646 2451 717 quod
2488 661 2597 701 non
2645 654 2730 702 est
2775 647 3039 718 genitum,
3072 664 3197 704 cum
3241 656 3319 703 vel

1735 731 2095 800 appellatione
2127 734 2244 804 ipsa
2282 735 2602 804 dissideant,
2631 752 2696 792 eo
2725 737 2870 808 quod
2899 755 3068 793 unum
3111 741 3324 812 ingeni-

1734 828 1848 875 tum
1905 832 2009 889 est,
2062 825 2291 881 alterum
2345 830 2607 899 genitum.
2658 850 2677 883 ι
2716 831 2915 888 Verum
2964 840 3139 889 totum
3188 836 3321 890 illud

1732 928 1864 966 sane
1892 930 2053 983 quam
2093 916 2335 987 ineptum
2381 928 2487 983 est,
2520 920 2683 992 idque
2720 923 2897 993 ipsum
2933 924 3208 979 hominem
3254 926 3321 979 ad

1733 1003 1997 1058 insaniam
2032 1010 2315 1078 compulit.
2366 1009 2500 1066 Nam
2544 1013 2591 1067 si
2641 1013 2689 1068 ei
2728 1015 2871 1083 quod
2904 1015 3204 1084 ingenitum
3238 1026 3323 1071 est

1727 1097 2025 1165 genitorem
2049 1115 2380 1170 quaeramus,
2429 1113 2488 1158 ut
2517 1120 2585 1160 ne
2626 1121 2806 1161 veram
2840 1108 2906 1163 de
2947 1107 3170 1164 Christo
3198 1109 3320 1178 opi-

1726 1187 1945 1242 nionem
2001 1192 2349 1261 amittatnus,
2404 1210 2513 1250 non
2573 1213 2739 1252 unum
2813 1201 3048 1270 amplius
3100 1199 3318 1255 Patrem

1723 1293 1846 1334 esse
1873 1284 2230 1352 reperiemus,
2272 1302 2450 1358 neque
2489 1291 2661 1361 patris
2690 1289 2942 1359 Patrem;
2991 1293 3085 1348 sed
3119 1293 3318 1347 intiniti

1722 1386 1951 1429 numero
1980 1384 2197 1445 patrum
2229 1386 2411 1448 patres
2438 1383 2741 1450 exsistent;
2774 1400 2838 1440 ac
2877 1401 2985 1440 non
3030 1386 3143 1456 jam
3173 1403 3317 1442 unus

1720 1462 1866 1549 Deus
1900 1467 2022 1532 erit,
2070 1471 2163 1540 qui
2206 1487 2421 1544 semper
2471 1474 2590 1543 fuit,
2640 1480 2844 1549 quique
2874 1478 3025 1549 prius
3066 1495 3125 1537 se
3175 1480 3316 1535 nihil

1721 1544 1911 1629 habuit
1965 1566 2029 1606 ac
2061 1563 2322 1626 perpetuo
2362 1567 2583 1615 manet:
2618 1544 2783 1633 a—quo
2814 1544 3009 1620 unicus
3038 1581 3315 1636 verusque

1719 1636 1892 1697 Filius
1922 1643 2141 1714 genitus
2190 1659 2293 1712 est,
2347 1658 2400 1704 et
2447 1654 2684 1718 exsistit,
2735 1655 2804 1710 ab
2842 1658 3143 1728 eodemque
3180 1673 3314 1728 pro-

1717 1729 1915 1789 ductus
1963 1744 2047 1791 est
2102 1750 2324 1796 sanctus
2373 1745 2547 1814 ipsius
2598 1746 2872 1818 Spiritus;
2913 1749 3009 1805 sed
3040 1751 3130 1820 qui
3160 1744 3351 1821 quae?

1716 1832 1909 1879 rentur
1958 1818 2269 1901 complures
2313 1846 2474 1891 erunt
2508 1838 2584 1893 dii
2622 1858 2633 1894 :
2677 1841 2863 1912 itaque
2914 1843 2981 1897 ad
3036 1842 3310 1899 fallaciam

52 1918 199 1986 Ἰησοῦ
230 1920 507 1992 Χριστοῦ,
562 1923 623 1989 ἐξ
645 1920 706 1980 οὗ
744 1927 838 1980 καὶ
871 1927 933 1980 τὸ
964 1903 1189 2000 Πνεῦμα
1231 1931 1293 1985 τὸ
1311 1903 1598 2003 ’ἅγιον-’ἀπὲ

1720 1917 2034 1976 relabcntur
2061 1925 2264 1988 omnia,
2291 1934 2344 1982 et
2378 1943 2408 1982 a
2440 1929 2667 1987 veritate
2699 1933 2918 2002 penitus
2947 1934 3307 1992 aberrabunt.

40 2011 220 2083 Πατρὸς
246 2015 727 2087 ἐκπορευόμενον,
762 2017 973 2071 καὶτοῦ
1005 2004 1138 2073 Υὶᾶῦ
1173 2019 1467 2092 λαμϐάνον.
1508 2026 1616 2079 Καὶ

43 2101 152 2173 αὕτη
173 2103 319 2158 ἐστὶν
340 2105 378 2176 ἡ
410 2105 515 2175 μία
545 2104 753 2178 θεότης,
783 2100 863 2170 εἷς
883 2107 1036 2172 Θεὸς,
1062 2104 1144 2173 εἷς
1183 2111 1406 2183 Κύριος,
1427 2114 1612 2188 Πατὴρ

42 2194 114 2245 καὶ
137 2194 257 2259 Υἱὸς
289 2197 391 2249 καὶ
426 2195 586 2266 ἅγιον
615 2197 842 2270 Πνεῦμα
866 2217 880 2229 ο
937 2200 996 2252 οὑ
1030 2202 1326 2274 συναλοιφή
1366 2222 1450 2269 τις
1478 2205 1552 2259 ὢν
1584 2210 1612 2260 6

41 2282 144 2348 Υἱὸς
171 2285 245 2356 τῷ
269 2287 480 2359 Πατρὶ,
508 2287 632 2341 οὐδὲ
667 2289 730 2341 τὸ
764 2288 920 2357 ἆγιον
942 2290 1196 2359 Πνεῦμα,
1231 2294 1347 2347 ἀλλ’
1371 2298 1399 2349 6
1422 2297 1611 2370 Πατὴρ

41 2377 228 2451 Πατὴρ,
274 2380 376 2434 καὶ
419 2382 451 2434 6
492 2381 624 2446 Υἱὸς
658 2382 812 2447 Υἱὸς,
857 2384 952 2437 καὶ
989 2383 1146 2453 ἅγιον
1184 2387 1407 2459 Πνεῦμα
1454 2390 1608 2459 ἅγιον

41 2468 228 2541 Πνεῦμα
244 2488 259 2501 ο
286 2472 426 2543 τρία
447 2472 650 2538 τέλεια,
671 2473 767 2545 μία
786 2474 997 2545 θεότης,
1013 2470 1093 2539 εἷς
1108 2475 1263 2542 Θεὸς,
1284 2474 1362 2543 εἷς
1380 2480 1603 2553 Κύριος,

40 2559 95 2623 ὥς
116 2565 198 2615 καὶ
220 2563 497 2631 πολλάκις
528 2566 587 2620 ἐν
619 2565 821 2630 πάσαις
861 2567 1140 2638 αἱρέσεσιν
1168 2570 1312 2624 οὕτω
1343 2572 1444 2644 τὴν
1476 2577 1604 2646 περὶ

41 2651 145 2706 Θεοῦ
188 2655 561 2730 ἀπεδώκαμεν
610 2656 936 2727 δοξολογίαν.
1013 2660 1225 2715 Οὐκοῦν
1280 2664 1467 2736 ἐπειδὴ
1521 2663 1602 2732 εἷς

43 2745 135 2799 ἐστι
162 2746 310 2814 θεὸς,
358 2752 461 2804 καί
508 2751 609 2804 οὐκ
642 2750 721 2803 ἔνι
766 2751 1056 2805 ὑπολαϐεῖν
1098 2753 1285 2825 ἕτερον
1319 2758 1471 2828 παρά
1507 2759 1600 2812 τὸν

39 2835 155 2900 (αντα,
185 2841 524 2914 θαυμαστῶς
571 2843 664 2896 καὶ
700 2843 993 2914 ἀγέννητὸς
1032 2847 1179 2898 ἐστιν
1216 2847 1243 2900 6
1280 2849 1471 2921 Πατὴρ
1505 2851 1597 2904 καὶ

42 2928 271 2996 ἄατιστος,
319 2935 424 2988 καὶ
458 2936 488 2988 6
547 2935 843 3007 μονογενὴς
879 2936 1005 3000 Υἱὸς
1038 2935 1133 2989 τοῦ
1162 2937 1298 2992 Θεοῦ
1339 2941 1396 3007 ἐξ
1430 2943 1595 2997 αὐτοῦ

39 3022 276 3093 γεννηθεὶς
300 3026 408 3079 οὐκ
430 3026 684 3097 ἀνόμοιος
705 3027 854 3099 αὐτῷ
873 3028 1013 3080 κατὰ
1039 3027 1216 3084 πάντα
1242 3033 1440 3102 τρόπον
1461 3052 1563 3104 τυγ
1586 3068 1595 3078 ο

42 3115 176 3179 γάνει,
210 3118 343 3172 ἀλλὰ
375 3121 578 3174 ταυτὸν
618 3120 697 3192 τῷ
721 3122 897 3193 Πατρὶ
943 3123 1037 3176 καὶ
1080 3123 1191 3189 ἴσος
1239 3128 1381 3181 κατὰ
1416 3131 1592 3184 πᾶσαν

42 3204 182 3269 ἀξίαν,
207 3209 307 3263 κᾶν
327 3228 392 3264 τε
422 3212 451 3264 6
473 3210 574 3282 μὲν
591 3212 935 3285 γεγέννηται,
965 3217 995 3268 6
1014 3214 1069 3268 δὲ
1099 3216 1397 3288 ἀγέννητός
1422 3220 1588 3275 ἐστιν.

42 3295 89 3348 εξ
111 3300 193 3368 μὲν
215 3302 321 3376 γὰρ
345 3304 490 3368 ὅλως
517 3305 848 3376 γεγέννηκεν
871 3306 931 3369 ἐξ
975 3307 1144 3363 αὑτοῦ
1172 3309 1263 3362 τὸν
1294 3310 1439 3374 Υἱὸν,
1469 3312 1595 3367 ἁδύ·
1623 3289 1663 3310 υ

40 3405 159 3443 ναῖον
185 3394 254 3465 μὴ
283 3392 430 3450 εἶναι
451 3397 567 3450 ἴσον
590 3396 668 3469 τῷ
697 3398 874 3469 Πατρὶ
896 3400 991 3453 καὶ
1019 3400 1227 3471 ὅμοιον.
1261 3402 1377 3465 Πᾶν
1404 3404 1512 3476 γὰρ
1538 3407 1597 3460 τὸ

42 3484 204 3547 γεννῶν
249 3491 442 3560 ὅμοιον
497 3488 675 3561 ἐαυτῷ
713 3493 878 3562 γεννᾷ
900 3507 912 3520 ·
968 3492 1063 3546 καὶ
1095 3494 1155 3547 οὐ
1199 3496 1360 3566 μόνον
1388 3497 1593 3568 ὅμοιον,

40 3573 125 3625 ἀλλ’
151 3576 254 3631 ἴσον
278 3582 346 3652 τῇ
383 3580 699 3653 ταυτότητι.
761 3582 1084 3652 Ἀνθρωπος
1119 3585 1218 3655 μὲν
1247 3586 1355 3659 γὰρ
1385 3587 1595 3661 ἄνθρω-

43 3679 118 3715 ma
140 3671 310 3739 γεννᾷ,
337 3671 439 3723 καὶ
467 3669 601 3747 Θεὸς
632 3670 782 3725 Θεόν.
828 3672 937 3726 Καὶ
974 3675 1003 3727 6
1045 3674 1144 3742 μὲν
1168 3674 1279 3746 γὰρ
1312 3675 1594 3749 ἄνθρωπος

41 3750 88 3803 ἐκ
103 3757 349 3826 σωμάτων
373 3743 720 3831 συμπλοκῆς,
756 3762 786 3813 6
812 3761 870 3814 δὲ
894 3761 1027 3825 Θεὸς
1059 3743 1464 3837 ἀνεκδιηγήτώς
1496 3768 1592 3838 μό-

42 3856 108 3904 νης
144 3846 415 3919 Μονογενῆ
456 3849 778 3920 γεγέννηκε,
819 3851 914 3904 καὶ
952 3851 1015 3905 οὐ
1056 3853 1201 3907 κατά
1233 3871 1355 3908 τινα
1408 3855 1586 3927 ῥῆσιν,

41 3932 131 3987 οὐδὲ
174 3939 454 4009 συστολὴν,
498 3938 620 3992 οὐδὲ
644 3938 978 4011 πλατυσμόν.
996 3940 1181 3994 ,Ἀλλὰ
1203 3941 1419 4014 πνεῦμα
1456 3943 1531 3997 ὢν
1560 3945 1589 3996 6

42 4022 192 4096 lini“;
218 4027 274 4094 ἐξ
299 4026 471 4082 αὐτοῦ
494 4027 749 4099 ἀνάρχως
774 4027 870 4081 καὶ⁹
895 4027 1140 4100 ἀχρόνως
1171 4028 1262 4083 τὸν
1283 4030 1407 4084 Υἱὸν
1437 4030 1588 4100 ἐγέν-

43 4131 183 4183 νησεν,
209 4121 394 4191 ὅμοιον
438 4118 589 4190 αὐτῷ
618 4120 760 4174 κατά
800 4120 999 4184 πάντα,
1029 4120 1125 4174 καὶ
1168 4120 1301 4185 ἴσον,
1335 4121 1411 4186 ὡς
1437 4122 1585 4192 λέγει

42 4209 85 4260 τὸ
116 4212 243 4279 ius»
292 4214 668 4283 Εὐαγγέλιον,
718 4215 800 4267 ὅτι
854 4214 1136 4281 Ἐζήτουν
1204 4215 1391 4271 αὐτὸν
1437 4218 1585 4271 ἀ.το-

44 4302 215 4357 κτεῖναι
248 4310 299 4361 cl
343 4306 622 4362 Ἰουδαῖοι
641 4324 655 4338 ⁸
687 4307 778 4361 ὅτι
822 4309 895 4361 οὐ
929 4309 1124 4377 μόνον
1155 4306 1300 4362 ἔλυε
1330 4308 1398 4363 td
1431 4309 1582 4364 Σάϐ-

44 4393 198 4459 Carcr,
214 4400 344 4454 ἀλλ’
373 4400 463 4453 ὅτι
491 4399 589 4453 καὶ
611 4400 747 4454 Flor
767 4398 917 4454 Θεοῦ
936 4400 1156 4454 ἑαυτὸν
1177 4400 1407 4470 ἔλεγεν,
1443 4402 1584 4456 ἴσον

44 4482 214 4542 ἑαυτὸν
242 4491 432 4547 ποιῶν
457 4489 540 4557 τῷ
575 4489 716 4556 Θεῷ.
750 4491 878 4555 Πῶς
906 4491 1016 4563 γὰρ
1046 4492 1144 4562 οὐχ
1168 4492 1353 4564 ὅμοιος
1380 4491 1456 4563 τῷ
1476 4494 1581 4547 Πα-

1720 2010 2083 2077 Quamobrem
2122 2029 2263 2075 unus
2308 2020 2488 2086 nobis,
2529 2015 2605 2078 nt'
2631 2040 2818 2081 revera
2859 2034 2965 2092 est,
2998 2027 3308 2101 intelligen-

1717 2104 1822 2161 dus
1867 2115 1950 2161 est
1985 2107 2145 2175 Deus,
2195 2109 2357 2168 Pater
2393 2114 2607 2170 Domini
2649 2120 2825 2174 nostri
2869 2119 3000 2177 Jesu
3035 2121 3237 2179 Christi
3265 2125 3306 2189 ‘.

1714 2211 1778 2249 ex
1813 2212 1921 2267 quo
1952 2197 2190 2270 Spiritus
2230 2217 2453 2263 sanctus
2482 2218 2585 2274 est,
2612 2211 2705 2280 qui
2737 2226 2769 2266 a
2808 2211 2969 2269 Patre
3014 2215 3263 2286 procedit
3284 2218 3306 2249 '
3408 2202 3417 2211 ’

1712 2294 1770 2341 et
1797 2302 1826 2341 a
1867 2287 2003 2344 Filio
2053 2294 2249 2364 accipit
2285 2296 2327 2351 ³.
2366 2295 2491 2354 llaec
2514 2310 2615 2355 est
2667 2317 2773 2356 una
2816 2303 3106 2371 divinitas,
3159 2325 3306 2366 unus

1711 2379 1874 2441 Deus.
1904 2399 2046 2439 unus
2092 2383 2377 2455 Dominus,
2417 2386 2598 2456 Pater,
2649 2399 2702 2448 et
2730 2391 2926 2459 Filius,
2957 2404 3010 2452 et
3063 2396 3305 2469 Spiritus

1709 2481 1955 2531 sanctus.
2000 2466 2071 2532 'ln
2095 2493 2205 2549 quo
2228 2480 2378 2536 nulla
2403 2491 2488 2538 est
2509 2482 2632 2540 Filii
2661 2501 2784 2541 cum
2809 2486 2970 2544 Patrc
2996 2466 3303 2561 Spiritusve

1682 2566 1882 2619 'sancti
1932 2566 2206 2636 confusio,
2250 2571 2345 2626 sed
2392 2581 2446 2627 et
2492 2572 2656 2631 Pater
2699 2574 2863 2633 Pater
2894 2588 2998 2646 est,
3041 2589 3095 2636 et
3126 2581 3302 2639 Filius

1704 2651 1894 2717 Filius,
1927 2665 1982 2713 et
2022 2658 2261 2731 Spiritus
2300 2672 2527 2722 sanctus
2585 2666 2822 2738 Spiritus
2862 2680 3088 2728 sanctus
3120 2690 3134 2726 :
3171 2689 3302 2746 per-

1703 2744 1843 2801 fecta
1891 2751 2014 2815 tria,
2059 2768 2164 2806 una
2215 2752 2496 2825 divinitas,
2543 2775 2685 2817 unus
2734 2760 2900 2827 Deus,
2934 2780 3078 2820 unus
3117 2764 3300 2823 Domi-

1702 2852 1826 2905 nus,
1855 2843 2311 2911 quemadmodum
2361 2862 2507 2919 szepe
2552 2849 2606 2904 in
2652 2851 2950 2911 harrcsibus
2994 2855 3297 2917 refutandis

1698 2931 1941 2987 divinum
1981 2951 2182 2992 numen
2218 2939 2626 3008 praadicandum
2654 2945 3154 3020 celebrandumque
3191 2951 3296 3008 do-

1698 3022 1932 3080 cuimus.
1967 3026 2085 3093 Qua
2116 3045 2177 3085 re
2205 3045 2331 3085 cum
2366 3040 2421 3088 et
2454 3049 2596 3091 unus
2648 3034 2793 3093 Deus
2840 3039 2932 3105 sit,
2978 3056 3081 3096 nec
3124 3043 3296 3099 alium

1695 3125 1892 3185 praeter
1922 3118 2290 3186 hunc,animo
2330 3126 2947 3199 concipere‘possimus,
2983 3132 3295 3193 admirabili

1697 3214 1881 3264 tamen
1923 3212 2154 3279 ratione,
2203 3223 2258 3271 et
2305 3217 2578 3291 ingenitus
2611 3230 2775 3293 atque
2824 3223 3102 3283 increatus
3131 3225 3296 3286 Pater

1697 3306 1804 3367 est,
1830 3309 1885 3356 et
1913 3304 2111 3361 unicus
2145 3305 2239 3362 Dei
2269 3306 2437 3366 Filius
2473 3311 2543 3366 ab
2589 3311 2707 3382 ipso
2745 3314 2962 3385 genitus
3009 3319 3162 3375 nulla
3200 3336 3294 3376 ra-

1700 3391 1847 3446 tione
1876 3393 2160 3453 dissimilis
2200 3398 2346 3454 illius
2396 3408 2501 3464 est,
2550 3402 2645 3457 sed
2689 3401 2830 3458 idem
2855 3420 2978 3460 cum
3011 3406 3196 3477 Patre,
3233 3418 3290 3466 et

1696 3482 1890 3553 aequali
1925 3485 1981 3540 in
2028 3488 2283 3543 omnibus
2322 3488 2588 3561 dignitate
2623 3493 2888 3563 gaudens,
2933 3500 3150 3555 tametsi
3193 3516 3289 3572 ge-

1698 3574 1846 3629 nitus
1870 3575 1995 3642 iste,
2033 3578 2124 3633 ille
2154 3595 2283 3633 vero
2317 3581 2390 3637 sit
2419 3582 2718 3653 ingenitus.
2758 3587 2968 3643 Etenim
3005 3590 3052 3644 si
3081 3588 3286 3647 Filium

1696 3667 1920 3724 omnino
1943 3670 2150 3738 genuit,
2179 3671 2293 3726 ﬁeri
2329 3689 2437 3729 non
2456 3683 2656 3746 potest,
2686 3686 2744 3733 ut
2778 3695 2888 3735 non
2923 3680 3072 3737 Patri
3097 3699 3285 3755 aequa-

1693 3756 1762 3813 lis
1797 3758 1867 3814 sit
1892 3775 1956 3815 ac
1991 3760 2208 3818 similis.
2238 3762 2516 3837 Quidquid
2545 3769 2692 3824 enim
2726 3770 2919 3842 gignit,
2963 3773 3142 3830 simile
3177 3776 3285 3831 sibi
3342 3774 3345 3779 ’

1690 3851 1903 3923 gignit;
1962 3869 2145 3925 neque
2206 3857 2385 3914 simile
2454 3866 2704 3930 tantum,
2755 3863 2849 3920 sed
2917 3864 3060 3922 idem
3121 3874 3288 3940 atque

1689 3944 1898 4014 aequale
1926 3960 2175 4016 prorsus.
2209 3947 2452 4023 Exempli
2487 3955 2659 4025 gratia
2696 3955 2972 4014 hominem
3007 3961 3174 4018 homo
3202 3963 3286 4032 gi-

1690 4035 1827 4106 gnit,
1879 4044 1934 4091 et
1981 4037 2126 4095 Deus
2177 4039 2395 4097 Deum:
2433 4044 2523 4100 ille
2571 4048 2919 4117 copulatione
2960 4066 3278 4124 corporum.

1690 4126 1779 4182 hic
1814 4128 2184 4201 inexplicabili
2226 4135 2461 4199 quodam
2513 4139 2676 4193 modo
2729 4156 2871 4197 unus
2922 4143 3148 4199 unicum
3183 4142 3278 4201 Fi-

1688 4217 1818 4271 lium
1857 4220 2067 4288 genuit,
2116 4221 2235 4277 sine
2276 4224 2385 4278 ttllo
2426 4225 2713 4295 proﬂuvio,
2749 4231 2834 4285 vel
2877 4236 3281 4302 contractione,

1683 4309 1851 4380 919
1878 4312 1960 4366 vel
1989 4311 2325 4370 dilatatioue.
2357 4315 2516 4373 Pater
2552 4322 2698 4374 enim
2746 4337 2871 4376 cum
2916 4325 2990 4379 sit
3025 4325 3279 4399 spiritus,

1685 4417 1752 4457 ex
1787 4404 1970 4475 seipso
2002 4406 2154 4461 nullo
2182 4408 2267 4462 vel
2308 4410 2483 4477 initio,
2516 4413 2600 4467 vel
2645 4420 2890 4486 tempore
2936 4417 3136 4476 Filium
3182 4438 3280 4494 ge-

1684 4497 1826 4565 nuit,
1857 4499 1962 4554 sibi
2006 4501 2060 4554 in
2106 4502 2363 4558 omnibus
2413 4504 2645 4562 similem
2695 4519 2750 4565 et
2790 4514 3077 4583 aequalem,
3114 4526 3173 4571 ut
3205 4533 3281 4574 ex

42 4574 107 4644 τρὶ
124 4579 202 4630 καὶ
225 4581 331 4645 ἴσος
356 4581 498 4636 κατὰ
528 4582 726 4646 πάντα,
764 4584 793 4636 ὁ
820 4584 879 4635 ἐν
907 4580 1059 4652 αὑτῷ
1086 4581 1225 4653 ἔχων
1250 4581 1311 4635 τὸ
1331 4582 1449 4655 ζῇν,
1486 4585 1579 4637 καὶ

1707 4587 1962 4660 Evangelii
2016 4593 2342 4650 auctoritate
2384 4607 2646 4657 constat:
2690 4601 3028 4674 Quwrebant,
3072 4607 3275 4681 inquit,

43 4669 204 4739 λέγων·
242 4674 468 4745 Ὥσπερ
513 4679 549 4731 o'
593 4674 797 4744 Πατὴρ
850 4675 1063 4746 ἐγείρει
1113 4674 1257 4742 τοὺς
1302 4675 1573 4746 νεκροὺς,

43 4764 154 4820 οὕτω
175 4767 268 4825 καὶ
290 4772 324 4825 ό
345 4769 483 4836 Υἱὸς
499 4769 712 4839 ἐγείρει
738 4767 883 4835 τοὺς
902 4771 1149 4838 νεκρούς
1174 4784 1192 4832 ;
1224 4768 1334 4823 Καὶ
1367 4770 1540 4840 λέγων
1556 4787 1570 4800 ο

53 4855 90 4905 '0
111 4860 351 4936 ἑωρακὼς
395 4860 502 4933 ἐμὲ
553 4860 775 4931 ἐιὶερακε
824 4862 932 4915 τὸν
954 4860 1185 4930 Πατέρα
1203 4877 1218 4891 °
1252 4861 1313 4914 οὐ
1349 4861 1573 4916 δύναται

45 4945 370 5028 διηλλαγμένος
411 4949 581 5020 εἶναι,
607 4956 647 5023 ὁ,
670 4954 739 5009 δι’
770 4952 964 5008 ἑαυτοῦ
993 4955 1084 5009 τὸν
1114 4954 1337 5027 Πατέρα
1372 4957 1574 5028 σημαί-

47 5055 145 5094 νων·
169 5050 251 5104 καὶ
271 5054 298 5105 ὁ
331 5053 533 5122 λέγων,
574 5047 658 5101 ὃτι
701 5048 767 5100 '0
813 5045 1124 5116 γινώσκων
1150 5046 1257 5116 ἐμὲ
1292 5046 1572 5117 γινώσκει

46 5132 121 5183 τίν
148 5140 355 5211 Πατέρα
380 5160 393 5173 ·
454 5144 572 5207 καὶ,
631 5137 699 5196 Ὃ
746 5135 1020 5206 ἑωρακὼς
1047 5136 1153 5208 ἐμὲ
1198 5138 1419 5207 ἑώρακε
1464 5140 1574 5195 τὸν

49 5222 237 5294 Πατέρα·
259 5233 331 5298 ὡς
357 5233 521 5288 αὐτοῦ
537 5235 639 5288 οὐκ
660 5229 825 5290 ἄλλου
845 5229 1003 5293 ὄντος
1028 5228 1180 5301 παρά
1210 5229 1302 5283 τὸν
1333 5232 1574 5305 Πατέρα,

49 5312 190 5376 emt
218 5326 245 5378 ι
272 5327 463 5399 Πατὴρ
497 5327 591 5381 καὶ
633 5327 662 5380 ι
705 5327 837 5392 Υἱὸς
883 5320 1162 5393 σημαίνει.
1216 5321 1573 5394 Ποιήσωμεν
1612 5355 1630 5370 α

52 5403 292 5478 ἄνθρωπον
323 5421 454 5474 κατ’
483 5421 693 5475 εικδνα
719 5411 1043 5490 ἡμετέραν,
1068 5413 1167 5468 καὶ
1206 5415 1337 5469 καθ’
1357 5417 1569 5484 δμοίω-

52 5509 134 5551 cer.
157 5503 209 5558 Et
230 5508 320 5578 μὲν
342 5510 452 5584 γὰρ
478 5511 580 5565 οὐκ
602 5505 677 5582 ,ἦν
702 5512 732 5564 6
755 5511 882 5576 Υἱὸς
904 5512 1095 5583 ὅμοιος
1119 5504 1204 5577 τῷ
1228 5506 1426 5579 Πατρὶν
1449 5508 1566 5574 πῶι.

55 5592 181 5647 λωτὸν
194 5597 219 5649 6
241 5599 329 5654 ἄνθ
337 5619 519 5675 ρωπος
533 5605 653 5657 κατ’
676 5603 861 5658 εἰκόνα
905 5605 999 5658 καὶ
1018 5596 1146 5659 καθ’
1166 5596 1424 5670 ὁμοίωσιν
1442 5599 1566 5670 ὲγέ-

56 5694 161 5749 νετυὶ
201 5692 266 5746 Οὐ
294 5694 401 5768 γὰρ
435 5690 590 5750 εἶπεν
632 5698 661 5750 6
706 5697 932 5769 Πατήρ·
979 5696 1311 5770 Ποιήσωμεν
1352 5689 1565 5764 ἄνθρω·

135 5800 168 5885 ιι
189 5805 299 5885 C_or.
330 5831 370 5885 ι,
390 5816 445 5872 3.

24 5876 27 5883 η
57 5800 168 5895 ,ἓξ
189 5805 299 5895 Cyr.
330 5831 370 5885 ι,
390 5816 445 5872 3.
562 5817 583 5849 ²
614 5814 773 5872 Joan.
810 5833 901 5884 xv,
933 5816 1022 5871 26.

86 5870 179 5930 ibid.
207 5880 253 5937 '1,

1139 5815 1340 5873 ηοω.
1373 5825 1466 5867 xvi
1485 5852 1501 5881 ,
1530 5811 1709 5882 ΗΑΒ.

1685 4680 1835 4735 illum
1860 4682 2150 4753 interﬁcere
2176 4684 2376 4754 Judwi,
2405 4694 2530 4760 quia
2556 4709 2659 4748 non
2691 4697 2845 4752 modo
2869 4699 3101 4757 solvebat
3133 4702 3289 4789 Sal):

1683 4771 1886 4839 batum,
1915 4775 2006 4830 sed
2031 4778 2189 4832 etiam
2216 4777 2421 4836 Filium
2450 4782 2548 4839 Dei
2578 4787 2808 4857 seipsum
2838 4792 3065 4862 dicebat,
3100 4771 3278 4868 aqua:

1686 4864 1789 4920 lem
1836 4884 1892 4923 se
1940 4869 2143 4938 faciens
2178 4870 2287 4929 Deo
2316 4876 2359 4930 ⁸.
2424 4875 2490 4931 Et
2532 4895 2665 4935 vero
2721 4886 2996 4954 quomodo
3052 4904 3163 4945 non
3215 4892 3275 4947 in

1682 4955 1937 5012 onmibus
1965 4956 2115 5015 Patri
2142 4961 2342 5020 similis
2377 4972 2463 5023 est
2490 4976 2544 5024 et
2569 4972 2815 5042 aequalis,
2849 4977 2942 5045 qui
2981 4978 3037 5032 in
3077 4980 3264 5050 seipse

1678 5045 1848 5101 vitam
1903 5048 2066 5107 habet
2120 5063 2284 5124 atque
2342 5056 2419 5132 ita
2466 5060 2750 5132 loquitur:
2804 5045 3265 5133 Quemadmodum

1684 5135 1848 5191 Pater
1879 5142 2100 5198 suscitat
2142 5158 2398 5215 mortuos,
2443 5150 2521 5206 ita
2559 5162 2609 5207 et
2646 5153 2824 5211 Filius
2867 5160 3092 5215 suscitat
3128 5178 3269 5216 mor-

1686 5238 1804 5284 tuos
1837 5231 1900 5285 '?
1931 5232 2175 5292 Deinde:
2207 5240 2314 5305 Qui
2355 5240 2495 5296 videt
2544 5260 2647 5311 me,
2688 5248 2823 5301 ridet
2865 5259 2914 5302 et
2946 5249 3163 5307 Patrem
3197 5256 3217 5287 ⁸
3252 5272 3268 5311 :

1676 5336 1785 5377 non
1815 5332 1999 5393 potest
2042 5327 2090 5383 is
2143 5344 2268 5385 esse
2317 5331 2591 5401 diversus,
2619 5338 2711 5409 qui
2746 5354 2843 5407 per
2888 5357 3010 5398 sese
3054 5323 3287 5402 Patrems

1674 5417 1984 5489 signiﬁcat;
2031 5430 2146 5479 tum
2194 5426 2287 5495 qui
2341 5428 2443 5482 ista
2491 5428 2669 5485 dicit:
2704 5431 2809 5499 Qui
2858 5440 3123 5506 cognoscit
3165 5458 3245 5496 me

1672 5512 1938 5580 cognoscit
1980 5523 2030 5567 et
2073 5513 2369 5585 Patrem';
2411 5525 2466 5574 et
2507 5538 2523 5575 :
2558 5520 2664 5588 Qui
2711 5521 2847 5578 videt
2879 5543 2981 5595 me,
3035 5530 3171 5585 videt
3215 5549 3259 5586 ε.

1677 5599 1892 5658 Patrem
1921 5620 1940 5659 :
1971 5613 2231 5679 tanquam
2280 5625 2392 5668 non
2433 5612 2575 5669 alius
2605 5616 2833 5685 ipsemet
2875 5633 2906 5672 a
2950 5619 3113 5680 Fatre
3147 5624 3260 5695 sit;

1669 5693 1726 5750 id
1753 5696 1900 5766 quod
1931 5704 2041 5755 tam
2076 5700 2237 5759 Pater
2265 5719 2428 5778 quam
2467 5704 2639 5766 Filius
2680 5710 2884 5768 indicat
2914 5713 2999 5770 his
3029 5718 3213 5775 verbis
3242 5693 3257 5774 :

1816 5816 1839 5848 ⁸
1872 5819 2032 5878 Joan.
2086 5838 2139 5892 v,
2201 5824 2287 5882 18.
2406 5827 2426 5859 '
2458 5827 2593 5884 ibid.
2625 5828 2717 5885 2|.
2818 5830 2840 5863 ⁸
2867 5828 3026 5890 Joan.
3061 5850 3177 5901 xw,
3203 5835 3264 5896 9.
