3798 6212
476 329 574 384 εει
1900 325 1955 380 5.
1998 323 2067 379 ΕΓ

2186 321 2337 379 lANll
3680 324 3767 382 εξ

476 447 681 502 uiserte
713 464 879 503 unum
917 448 1111 518 Deum,
1135 465 1196 506 ac
1229 450 1465 515 Patrem,
1495 458 1548 506 ct
1573 466 1738 505 unmn
1769 449 2060 502 Dominum

2186 445 2249 516 :Zc
2275 450 2489 519 Κύριος
2524 450 2754 520 Ἰησοῦς
2792 453 3066 521 Χριστὸς,
3092 452 3165 507 δι’
3190 448 3263 510 οὗ
3303 453 3381 507 τὰ
3409 452 3658 514 πάντα,
3685 452 3766 502 ml

477 539 548 596 ab
597 541 785 597 eodem
838 545 1081 616 genitum
1140 547 1511 617 expresserit?
1562 545 1747 615 Neque
1797 561 1925 601 vero
1984 544 2057 598 ita

477 633 643 699 dixit,
680 633 834 692 Unus
889 639 1062 701 Deus,
1110 639 1272 709 922
1315 649 1368 694 et
1433 655 1573 693 unus
1608 637 1872 694 Dominus
1933 654 2056 692 cum

476 725 754 787 omnibus.
785 743 906 796 qua:
934 728 1001 781 ab
1040 729 1161 797 ipso
1199 729 1340 783 facta
1373 739 1499 784 sunt
1535 745 1548 794 ;
1587 727 1682 783 sed
1714 744 1851 781 unus
1879 726 2058 781 Domi-

476 834 575 871 nus
601 833 693 885 per
721 836 872 889 quem
917 823 1117 875 omnia.
1155 820 1310 887 Quod
1366 823 1408 876 si
1447 837 1587 875 unus
1637 820 1901 876 Dominus
1943 829 2059 883 est,

457 925 573 978 per
600 924 761 977 quem
813 908 953 963 facta
990 918 1117 964 sunt
1147 911 1354 975 omnia,
1395 912 1484 965 ille
1518 925 1662 964 unus
1694 925 1760 964 ex
1807 907 2064 962 omnibus

473 1015 594 1054 esse
626 1015 736 1054 non
780 1009 979 1070 potest,
1011 1002 1104 1057 sed
1133 1003 1377 1058 omnium
1418 1002 1692 1068 conditor,
1726 1009 2060 1064 creatarum,

474 1093 726 1161 inquam,
760 1108 941 1147 rerum
969 1095 1213 1149 omnium
1243 1095 1468 1151 eﬂector
1496 1103 1603 1150 est.

546 1185 636 1240 IX.
679 1184 800 1241 Jam
833 1203 960 1242 vero
990 1188 1083 1259 qui
1115 1205 1144 1242 a
1174 1188 1337 1244 Patre
1377 1190 1594 1259 genitus
1639 1197 1692 1244 et
1727 1189 1796 1244 ab
1823 1203 1887 1243 eo
1941 1201 2067 1256 pro-

439 1279 442 1284 ’
474 1277 681 1335 ductus
706 1289 792 1334 est
818 1277 1013 1345 Filius,
1049 1296 1143 1350 per
1178 1297 1340 1351 quem
1381 1282 1564 1335 omnia
1597 1279 1741 1334 facta
1777 1284 1928 1342 sunt,
1961 1277 2068 1332 dis-

476 1367 678 1425 similis
721 1373 968 1426 omnium
1019 1381 1125 1436 est,
1180 1369 1236 1428 ut
1280 1375 1371 1444 qui
1407 1382 1624 1428 creator
1669 1375 1740 1428 sit
1769 1371 2013 1426 omnium
2050 1389 2060 1421 :

394 1477 422 1531 ;·
479 1460 928 1531 quandoquidem
965 1479 1108 1519 unus
1164 1473 1217 1518 et
1263 1481 1403 1520 unus
1445 1472 1530 1519 est
1576 1463 1720 1519 Deus
1769 1464 1946 1526 Pater,
2002 1478 2068 1516 ex

480 1568 581 1622 quo
633 1555 834 1618 omnia,
886 1565 938 1609 et
979 1555 1243 1611 Dominus
1290 1555 1475 1619 Jesus,
1524 1571 1614 1625 per
1665 1572 1814 1626 quem
1866 1555 2065 1618 omnia,

481 1644 620 1699 adeo
661 1651 720 1699 ut
770 1647 1023 1714 superior
1052 1646 1222 1701 dictio
1255 1648 1537 1702 vocabulis
1568 1647 1721 1701 hisce
1757 1647 2066 1716 copuletur,

481 1754 618 1792 unus
645 1745 698 1793 et
724 1755 883 1794 unus.
911 1738 1024 1793 Hoc
1055 1747 1258 1805 autem,
1291 1756 1354 1792 ex
1388 1756 1509 1809 quo,
1541 1748 1596 1794 ct
1645 1755 1736 1807 per
1761 1756 1910 1810 quem
1944 1755 2066 1793 cum

479 1830 616 1884 illud
651 1838 838 1900 aperte
868 1831 1208 1897 declaravit,
1242 1849 1269 1886 a
1302 1831 1463 1887 Patre
1493 1833 1788 1902 procedere
1814 1819 2014 1885 Filium
2049 1852 2060 1886 :

479 1930 599 1979 tum
640 1933 960 1980 caeterarum
997 1941 1180 1981 rerum
1215 1927 1492 1997 disparem
1526 1927 1777 1981 eumdem
1805 1942 1928 1982 esse
1972 1927 2069 1980 ad-

481 2018 721 2074 mirabili
752 2019 987 2089 quadam
1018 2021 1234 2076 ratione
1268 2020 1617 2083 monstravit,
1658 2035 1783 2074 cum
1819 2019 1892 2073 ita
1929 2020 2069 2075 scri-

481 2109 626 2178 psit:
661 2109 767 2165 Per
789 2128 943 2181 quem
973 2113 1152 2165 omnia
1173 2151 1187 2172 ,
1220 2121 1278 2165 ut
1308 2119 1362 2167 et
1390 2110 1608 2165 Patrem
1641 2127 1784 2177 esse,
1815 2118 1871 2166 ct
1900 2112 1966 2166 ab
2005 2127 2069 2166 eo

483 2199 682 2255 Filium
715 2202 1055 2274 unigenitum
1094 2201 1381 2259 Dominum
1415 2203 1742 2275 productum
1771 2204 2065 2275 intelligas.

483 2292 618 2360 Qum
647 2309 773 2350 cum
817 2296 1116 2366 Apostolus
1143 2314 1211 2354 ex
1252 2298 1429 2353 sancti
1464 2297 1702 2368 Spiritus
1737 2297 1918 2351 aliialii
1953 2313 2070 2367 pro-

483 2385 799 2452 nuntiaret,
868 2403 1096 2445 necesse
1156 2405 1264 2444 non
1326 2390 1519 2444 habuit
1583 2390 1761 2444 sancti
1830 2387 2068 2458 Spiritus

483 2478 817 2534 mentionem
864 2479 1045 2538 facere
1073 2499 1085 2533 :
1117 2482 1265 2554 quod
1297 2499 1407 2537 non
1445 2485 1526 2538 sic
1555 2481 1935 2553 accipiendum
1961 2489 2067 2549 est,

483 2573 642 2640 quasi
688 2572 934 2642 ejusdem
981 2575 1072 2631 ille
1110 2592 1234 2631 cum
1269 2575 1430 2632 Patre
1461 2575 1710 2646 Filioque
1739 2576 1925 2647 gloria
1957 2592 2067 2631 non

483 2666 554 2719 sit
588 2665 882 2736 particeps,
920 2677 1014 2722 aut
1046 2669 1191 2738 quod
1230 2670 1284 2724 in
1318 2685 1508 2726 eorum
1540 2670 1788 2726 ordinem
1818 2669 2071 2740 redigen-

482 2758 588 2814 tlus
627 2760 732 2827 sit,
773 2778 894 2832 qua:
944 2776 972 2814 a
1019 2757 1156 2816 Filio
1202 2770 1485 2831 procreata
1534 2762 1816 2819 dicuntur.
1868 2760 2070 2817 Verum

483 2849 618 2904 satis
663 2850 795 2905 illud
831 2861 989 2918 erat,
1020 2853 1169 2922 quod
1203 2854 1258 2908 in
1308 2853 1621 2910 ﬁrmissima
1656 2855 1746 2909 illa
1788 2852 1909 2910 ﬁdei
1946 2870 2071 2925 pro-

483 2939 722 2996 fessione
749 2956 874 2996 cum
908 2942 1072 2999 Patre
1117 2943 1366 3015 Filioque
1392 2954 1716 3002 numeratus
1750 2944 1949 3011 fuerit,
1986 2946 2071 3002 his

483 3033 665 3086 verbis
702 3051 713 3084 :
758 3033 954 3090 limites
987 3035 1254 3106 baptizate
1299 3039 1355 3091 in
1385 3039 1594 3092 nomine
1627 3038 1844 3103 Patris,
1880 3051 1929 3094 et
1972 3038 2071 3093 Fi-

487 3124 581 3190 lii,
625 3134 676 3179 et
709 3124 944 3193 Spiritus
993 3130 1226 3182 sancti'.
1263 3129 1400 3184 Cum
1432 3130 1600 3200 igitur
1627 3129 1950 3200 Apostolus,
1985 3130 2069 3185 vel

485 3217 668 3286 potius
703 3215 940 3287 Spiritus
970 3228 1193 3275 sanctus
1229 3236 1326 3292 per
1369 3223 1686 3291 Apostolum
1734 3222 2070 3292 loqueretur,

487 3305 624 3359 nihil
655 3314 739 3361 est
773 3307 841 3361 de
893 3309 1012 3377 ipso
1065 3311 1354 3379 perspicue
1387 3310 1743 3366 declaratum.
1792 3310 2070 3382 Siquidem

487 3397 633 3452 haud
661 3399 1068 3454 obscura‘illius
1103 3411 1222 3456 erat
1252 3401 1523 3471 cognitio,
1559 3417 1663 3457 nec
1707 3403 1774 3458 de
1806 3418 1868 3458 ea
1899 3403 2072 3458 Judaei

487 3491 831 3547 dubitabant.
863 3491 1042 3558 Quare
1067 3493 1118 3548 in
1150 3493 1297 3548 aliud
1332 3506 1544 3565 tempus
1576 3497 1982 3562 reservabatur,
2005 3513 2072 3553 ne

491 3583 732 3654 Spiritus
758 3593 985 3639 sanctus
1011 3601 1110 3640 sua
1131 3603 1188 3640 se
1220 3587 1608 3656 praadicatione
1639 3589 2068 3646 commendaret.

489 3676 700 3745 Quippe
733 3676 1029 3746 Apostolus
1060 3685 1251 3732 sancto
1288 3677 1496 3751 Spiritu
1530 3680 1820 3750 impulsus,
1872 3682 1948 3736 uti
1987 3681 2074 3734 di-

489 3765 695 3830 ximus,
731 3769 794 3822 de
822 3767 982 3823 Patre
1012 3767 1260 3838 Filioque
1289 3770 1506 3826 locutus
1548 3781 1650 3838 est,
1687 3781 1745 3827 ut
1785 3789 1849 3828 ex
1885 3790 1951 3830 eo
1985 3789 2074 3831 sa-

490 3870 782 3914 crosancta
811 3860 1054 3918 Trinitas
1091 3864 1451 3929 indicaretur,
1496 3881 1617 3934 qua:
1645 3873 1700 3920 et
1731 3882 1947 3936 semper
1975 3883 2074 3922 ex-

492 3953 640 4007 sistit
666 3996 679 4018 ,
712 3969 812 4008 nec
859 3971 1097 4024 unquam
1131 3959 1399 4014 exsistere
1438 3957 1663 4014 desinit.
1714 3957 1900 4029 Neque
1947 3975 2074 4014 vero

489 4046 678 4100 mirari
708 4048 895 4111 debes,
943 4063 1064 4103 cum
1095 4050 1228 4104 illud
1261 4051 1419 4106 audis
1454 4071 1465 4104 :
1509 4051 1654 4106 Unus
1695 4053 1853 4117 Deus,
1883 4070 1948 4108 ex
1974 4071 2074 4124 quo

491 4141 692 4206 omnia,
713 4150 762 4194 et
794 4157 928 4196 unus
958 4142 1242 4203 Dominus,
1264 4161 1356 4213 per
1376 4162 1528 4216 quem
1553 4147 1904 4201 omnia.Cum
1930 4148 2074 4201 enim

490 4231 688 4286 Filium
719 4232 1010 4289 Dominum
1047 4237 1303 4305 appellat,
1337 4252 1445 4292 non
1470 4239 1724 4294 eumdem
1758 4255 1865 4293 una
1909 4238 2074 4294 Deum

490 4339 614 4379 esse
643 4326 858 4394 negavit
882 4327 1218 4397 Apostolus;
1252 4329 1504 4386 similiter
1537 4330 1684 4400 quod
1715 4331 1854 4386 dixit
1882 4349 1894 4384 :
1928 4330 2074 4387 Unus

492 4415 633 4469 Deus
672 4431 764 4483 per
793 4434 944 4487 quem
984 4421 1193 4484 omnia,
1237 4422 1489 4476 eumdem
1551 4422 1720 4479 Deum
1776 4439 1840 4479 ac
1887 4424 2075 4479 Domi-

2107 1797 2146 1855 B
2176 1835 2390 1907 Πατρὸς
2423 1835 2514 1889 τὸν
2542 1797 2677 1888 ’Υἰὸν
2714 1835 2983 1908 δεδήλωκε
3008 1852 3020 1865 ·

2161 541 2332 611 ἡμεῖς
2354 541 2428 594 δι’
2461 543 2666 598 αὑτοῦ.
2697 543 2806 596 Καὶ
2828 544 2959 615 ὁρᾷς
2983 544 3100 615 μὲν,
3131 544 3250 607 πῶς
3277 542 3492 607 ἔδειξεν
3517 541 3628 592 ἕνα
3654 539 3771 591 Θεέν

2162 635 2252 688 τὸν
2275 635 2513 707 Πατέρα,
2527 636 2622 690 ἕνα
2642 637 2696 689 δὲ
2717 637 2922 708 Κύριον
2937 637 3027 690 τὸν
3045 636 3104 702 ἐξ
3125 635 3292 690 αὑτοῦ
3315 651 3574 704 γεγεννη
3585 631 3764 700 μένον;

2162 726 2274 779 Καὶ
2293 725 2392 778 οὐκ
2415 722 2567 778 εἶπεν
2587 742 2601 756 '
2628 721 2721 789 Εἷς
2745 724 2896 790 Θεὸς,
2921 727 3014 779 καί⁵
3043 720 3124 789 εἷς
3145 725 3355 796 Κύριος
3372 727 3481 778 σὺν
3507 723 3656 775 πᾶσι
3675 724 3771 784 tsi;

2165 819 2225 883 ἐξ
2241 817 2406 870 αὐτοῦ
2424 819 2702 887 γεγονόσιν
2721 832 2733 848 ⁸
2747 817 2883 885 ἀλλ’,
2898 813 2984 885 εἷς
2995 821 3230 886 Κύριος,
3250 817 3326 870 δι’
3346 813 3419 871 οὗ
3449 815 3535 868 τὰ
3561 812 3768 869 πάντα.

2165 912 2228 964 Ei
2251 911 2308 965 δὲ
2341 906 2419 974 εἷς
2442 911 2664 982 Κύριος,
2687 903 2840 986 διἐοὗ
2874 911 2943 965 τὰ
2979 911 3156 964 πάντα
3179 912 3350 975 ἐστὶν,
3378 911 3493 963 οὐκ
3527 908 3682 960 ἔστιν
3707 902 3771 968 εἷς

2165 1003 2230 1055 ὲκ
2263 1002 2501 1068 πάντων,
2536 1002 2671 1056 ἀλλὰ
2715 1003 2943 1074 ποιητὴς
2986 1003 3095 1056 τῶν
3131 1004 3415 1064 ἁπάντων,
3451 1001 3566 1055 καὶ
3596 1017 3770 1052 κεκτι-

2170 1094 2384 1165 σμένων
2422 1094 2640 1148 πάντων
2676 1095 2900 1167 κτίστης
2935 1096 3217 1166 ὑπάρχων.

2237 1190 2313 1241 Θ’.
2357 1189 2464 1243 Τοῦ
2499 1190 2555 1242 δὲ
2589 1189 2718 1244 Υἱοῦ
2749 1193 2814 1243 ἐκ
2859 1189 3074 1262 Πατρὺς
3103 1188 3552 1259 γεγεννημένου,
3593 1186 3688 1238 καὶ
3719 1187 3773 1236 ἐι

2170 1280 2382 1351 Πατρὸς
2437 1282 2832 1352 τυγχάνοντος,
2888 1282 2955 1335 δι’
2988 1276 3047 1336 οῦ
3103 1282 3169 1334 τὰ
3224 1282 3404 1336 πάντα
3444 1279 3770 1349 γεγένηται,

2170 1369 2425 1440 ἀνόμοιος
2467 1374 2580 1435 τοῖς
2609 1372 2777 1426 πᾶσίν
2829 1374 2994 1434 ἔστιν,
3031 1366 3117 1424 οἷα
3165 1371 3228 1442 δὴ
3280 1371 3524 1440 κτίστης
3567 1369 3649 1421 ὧν
3680 1371 3772 1420 τᾶν

2172 1463 2453 1518 ἁπάντωψ
2489 1457 2784 1536 ὲτὲειδὴεῖς
2821 1467 2914 1518 καὶ
2964 1459 3044 1528 εἷς
3083 1465 3215 1528 Θεὸς
3253 1466 3282 1516 6
3317 1464 3550 1535 Πατὴρ,
3605 1463 3678 1526 ἐξ
3711 1458 3774 1516 εὖ

2171 1558 2243 1613 τὰ
2280 1557 2496 1624 πάντα,
2536 1558 2631 1613 καὶ
2679 1559 2884 1630 Κύριος
2931 1558 3158 1630 Ἰησοῦς,
3188 1557 3261 1611 δι’
3299 1554 3374 1614 οὗ
3421 1557 3507 1611 τὰ
3544 1556 3772 1610 πάντα·

2176 1651 2571 1722 συνενουμένης
2604 1653 2704 1722 τῆς
2739 1652 2851 1706 ἄνω
2891 1651 3086 1716 λέξεως
3121 1650 3212 1704 διὰ
3241 1649 3359 1714 τοῦ,
3393 1645 3495 1715 εἷς
3538 1651 3640 1701 καὶ
3675 1644 3768 1712 εἷς,

2174 1743 2268 1794 καὶ
2302 1739 2399 1794 διὰ
2438 1740 2552 1804 τοῦ,
2607 1742 2675 1806 ἐξ
2717 1737 2788 1798 οὗ
2836 1743 2931 1795 καὶ
2977 1741 3051 1795 δι’
3086 1737 3181 1806 οὗ,
3232 1741 3294 1794 τὸ
3326 1742 3428 1811 μὲν
3471 1740 3678 1807 61g};
3719 1743 3772 1790 ἐκ

3069 1835 3223 1895 τὸδὲ
3270 1835 3464 1887 οὐκέτι
3525 1833 3626 1885 τὸν
3658 1833 3772 1884 Υξὲν

2172 1929 2236 1982 ἐκ
2267 1928 2377 1981 τῶν
2411 1929 2616 1982 λοιπῶν
2662 1923 2803 1984 εἶναι
2841 1927 3170 2000 θαυμαστῶς
3204 1928 3567 1996 ἀπεφήνατο,
3596 1924 3674 1977 δι’
3707 1920 3770 1977 (ᾗ

2170 2022 2243 2076 τὰ
2284 2022 2516 2089 πάντα,
2556 2023 2810 2090 φάσκων,
2865 2023 2952 2076 ἵνα
3000 2020 3148 2094 δείξῃ
3198 2021 3424 2091 Πατέρα
3477 2020 3654 2079 ὄντα,
3689 2021 3768 2068 2:1

2175 2114 2301 2168 Υἱὸν
2339 2114 2471 2169 ὄντα
2518 2115 2626 2168 ὑπὸ
2659 2105 2873 2185 Πατρδς
2906 2114 3059 2176 ὄντος
3102 2114 3194 2166 τὸν
3232 2112 3508 2183 μονογενῆ
3549 2111 3768 2181 Κύριε-ί.

2177 2205 2369 2274 Ἔλεγε
2392 2205 2447 2258 δὲ
2475 2204 2646 2258 ταῦτα
2681 2207 2708 2258 6
2746 2204 3066 2268 Ἀπόστολος
3093 2203 3372 2274 Πνεύματι
3420 2203 3578 2272 ἁγίῳ
3616 2204 3772 2270 ’.ξεειὲο

2177 2315 2363 2368 μενος·
2401 2297 2478 2350 διὸ
2501 2298 2600 2350 οὐκ
2625 2296 2748 2367 ἔσχε
2779 2297 2965 2368 χρείαν
2995 2297 3125 2367 περὶ
3156 2295 3482 2365 [Ινεύματός
3521 2312 3579 2346 τι
3607 2293 3772 2362 δηλῶ-

2177 2406 2299 2443 σαι·
2327 2389 2424 2460 οὐχ
2449 2389 2525 2452 ὡς
2562 2389 2636 2461 μὴ
2670 2390 3127 2461 συνδοξαζομένου
3167 2389 3261 2442 τοῦ
3298 2389 3638 2459 Πνεύματος
3673 2391 3775 2441 Πα-

2175 2481 2263 2551 τρὶ
2297 2480 2389 2533 καὶ
2426 2480 2558 2550 Υἱῷ,
2593 2480 2700 2532 οὐδ’
2733 2481 2818 2535 ἵνα
2850 2482 2982 2535 αὐτὸ
3011 2482 3119 2534 ἀπὸ
3146 2481 3256 2534 τῶν
3286 2480 3516 2534 πάντων
3554 2481 3774 2550 quin;

2174 2573 2283 2626 τῶν
2317 2574 2386 2627 δι’
2403 2574 2531 2627 Υἰοῦ
2557 2576 2945 2646 κεκτισμένων.
2973 2577 3172 2646 Ἤρκει
3203 2575 3312 2647 γὰρ
3339 2575 3403 2628 τὺ
3427 2575 3778 2646 συναριθμτς·

2177 2665 2335 2737 θῆναι
2372 2666 2461 2720 διὰ
2504 2668 2602 2738 τῆς
2651 2667 2875 2738 βεϐαίας
2915 2669 3204 2739 ὁμολογίας
3251 2667 3342 2721 τοῦ
3395 2666 3558 2731 Υξοῦ,
3599 2667 3774 2734 Πατρὶ

2177 2763 2271 2815 καὶ
2301 2761 2434 2832 Υἱῴ,
2469 2764 2526 2815 ὲν
2552 2763 2632 2834 τῷ
2660 2765 2854 2826 εἰπεῖν,
2888 2764 3278 2828 Ἀπελθόντες
3297 2763 3660 2827 ,ϐαπτίσατε
3695 2765 3776 2824 εἷς

2177 2855 2364 2924 ὄνομα
2415 2854 2664 2924 Πατρός,
2698 2857 2794 2908 καὶ
2835 2855 2996 2919 Υἰοῦ,
3031 2854 3131 2908 καὶ
3172 2855 3346 2924 ἁγίου
3389 2855 3770 2923 Πνεύματίς.

2175 2948 2550 3020 Φθεγγὸμενος
2582 2949 2712 3018 γοῦν
2729 2952 2756 3002 6
2785 2949 3129 3012 Ἀπόστολος,
3152 2948 3353 3020 μᾶλλον
3375 2948 3432 3001 δὲ
3453 2949 3519 3000 τὸ
3547 2947 3776 3016 Πνεῦμα

2175 3041 2234 3094 τὸ
2286 3043 2440 3110 ἅγιον
2493 3041 2863 3114 φθεγγόμενον
2913 3045 2970 3096 ἐν
3024 3041 3192 3113 αύτῷ,
3241 3042 3342 3094 οὐκ
3396 3042 3596 3111 ἐδήλου
3649 3042 3774 3108 περὶ

2100 3155 2144 3214 C
2177 3095 2363 3188 αὑτοῦ.
2407 3095 2724 3208 Σᾶιρὴς
2775 3131 2843 3206 ἦν
2892 3137 2925 3208 ἡ
2961 3137 3090 3207 περὶ
3137 3095 3307 3189 αῦτοῦ
3349 3095 3596 3204 γνῶσις,
3637 3095 3772 3214 alii:

2177 3227 2281 3280 ὑπὸ
2309 3225 2418 3279 τῶν
2457 3228 2724 3280 Ἰουδαίων
2762 3227 3234 3300 ἀμφιϐαλλομένη.
3287 3226 3656 3298 Ἐταμιεύετο
3697 3229 3771 3284 δὲ.

2177 3320 2264 3374 ἴνα
2306 3319 2380 3391 μὴ
2437 3319 2836 3372 αύτοσύστατον
2889 3320 2973 3392 εἴη
3017 3320 3079 3373 τὸ
3131 3320 3286 3388 ἅγιον
3350 3319 3675 3388 Πνεῦμα,ξ
3707 3321 3773 3371 ὀ¹

2190 3412 2511 3475 ’Λπόστολος
2545 3412 2640 3464 σὺν
2675 3412 2957 3482 Πνεύματι
2999 3411 3142 3488 ἁγίῳ
3190 3412 3438 3482 ἐφέρετο.
3481 3413 3599 3465 Καὶ
3647 3414 3773 3481 περὶ

2176 3503 2390 3576 Πατρὸς
2421 3503 2574 3572 ἔλεγε
2608 3505 2702 3557 καὶ
2723 3504 2874 3567 Υίοῦ,
2912 3505 2998 3558 ἵνα
3019 3505 3201 3576 δειχθῇ
3236 3506 3463 3577 ήΤριᾶς
3493 3506 3586 3558 ἀεὶ
3612 3503 3768 3567 οῖςα,

2176 3597 2270 3648 καὶ
2295 3596 2564 3669 μηδέποτε
2595 3597 2946 3652 διαλείπουσα
2973 3597 3068 3650 τοῦ
3099 3594 3258 3653 εἶναι.
3279 3599 3371 3668 Μὴ
3403 3598 3661 3669 θαύμαζε
3695 3600 3768 3661 δὲ,

2177 3692 2271 3744 ἐὰν
2310 3691 2584 3762 ἀκούσῃς·
2623 3686 2730 3757 Εἷς
2774 3692 2941 3757 Θεὸς,
2972 3690 3040 3755 ἐξ
3076 3687 3148 3747 οὗ
3184 3692 3257 3746 τὰ
3294 3689 3516 3755 πάντα,
3552 3692 3656 3744 καὶ
3685 3687 3768 3755 εἷς

2175 3786 2409 3852 Κύριος,
2439 3785 2514 3838 δι’
2547 3780 2618 3840 οὗ
2664 3785 2736 3839 τὰ
2781 3785 2996 3840 πάντα.
3031 3785 3120 3855 Τῷ
3153 3785 3262 3858 γὰρ
3307 3787 3480 3838 εἰπεῖν
3516 3785 3612 3837 τὸν
3645 3787 3770 3837 Υἱὲ-δ

2177 3877 2406 3947 Κύριον,
2439 3877 2498 3929 ού
2547 3878 2765 3942 πάντως
2808 3879 3084 3949 ἠρνήσατο
3115 3880 3142 3931 6
3182 3879 3503 3940 Ἀπόστολος
3541 3879 3606 3930 τὸ
3632 3875 3768 3930 εἶναι

2175 3970 2270 4022 τὸν
2323 3970 2528 4040 Κύριον
2581 3971 2674 4024 καὶ
2710 3970 2875 4024 Θεόν·
2933 3972 3027 4024 καὶ
3070 3971 3148 4042 τῷ
3184 3972 3395 4036 εἰπεῖν,
3453 3966 3561 4036 Εἷς
3601 3972 3762 4034 Θεέις.

2176 4059 2252 4112 δι’
2288 4055 2360 4113 οὗ
2397 4060 2470 4113 τὰ
2513 4060 2736 4123 πάντα,
2779 4062 2878 4114 οὐκ
2915 4063 3193 4132 ἠρνήσατο
3222 4062 3280 4115 τὸ
3329 4057 3468 4114 εἶναι
3512 4064 3609 4115 τὸν
3635 4063 3764 4115 Gaia

2177 4153 2272 4206 καὶ
2317 4152 2542 4224 Κύριον.
2586 4152 2753 4224 Ὁμοῦ
2791 4154 2900 4224 γὰρ
2935 4154 3029 4206 καὶ
3083 4153 3287 4225 Κύριος
3343 4156 3438 4206 καὶ
3477 4155 3636 4218 Θεὸς,
3677 4156 3762 4205 καὶ

2177 4243 2308 4308 Θεὸς
2351 4244 2445 4296 καὶ
2506 4242 2741 4315 Κύριοςο
2795 4244 2888 4297 καὶ
2930 4243 3081 4298 οὐδὲν
3127 4244 3318 4297 διοίσει
3372 4245 3641 4316 περὶτῶν
3688 4247 3762 4305 εἰς

2178 4338 2328 4408 ἡμᾶς
2362 4337 2419 4388 ὲν
2446 4336 2674 4408 ἀληθείᾳ
2713 4336 3072 4408 σωτηριωδῶς
3100 4338 3164 4389 ἐκ
3196 4336 3332 4390 Θεοῦ
3376 4337 3465 4390 διὰ
3490 4337 3602 4390 τῶν
3633 4339 3762 4389 ἀτενι-

2181 4426 2382 4480 στόλων
2409 4426 2857 4497 κεκηρυγμένων.
2890 4427 3235 4495 Καταλείιλιας
3262 4428 3319 4480 δὲ
3375 4430 3404 4480 ὁ
3444 4431 3608 4492 αὐτὸς
3649 4431 3761 4480 Ἀν-

492 4523 624 4560 num
671 4525 793 4564 esse
829 4525 1172 4581 nequaquam
1227 4512 1497 4568 inliciatus
1545 4524 1648 4569 est.
1689 4517 1878 4585 Itaque
1911 4517 2067 4570 simul

2186 4520 2364 4590 όμοιος
2397 4520 2490 4572 καὶ
2527 4521 2575 4572 οἱ
2619 4519 2678 4583 ἐξ
2710 4520 2876 4572 αὑτοῦ
2915 4520 3198 4588 γεγονότες
3228 4520 3325 4592 τὴν
3366 4522 3480 4574 ὁδὸν
3504 4523 3604 4590 τῆς
3632 4523 3760 4590 ἀλῃ-

494 4599 758 4654 Dominus
799 4609 854 4655 et
884 4600 1064 4667 Deus,
1112 4613 1166 4657 et
1213 4606 1353 4659 Deus
1400 4623 1462 4661 ac
1507 4606 1772 4665 Dominus
1803 4626 1925 4666 esse
1954 4627 2076 4667 cre-

493 4691 707 4746 dendus
740 4698 858 4758 est;
893 4709 1072 4762 neque
1099 4696 1396 4766 quidquam
1428 4707 1511 4758 est
1546 4699 1601 4754 in
1635 4701 1742 4766 liis,
1770 4718 1890 4772 qua:
1919 4703 2076 4759 nobis

495 4799 525 4835 a
561 4780 670 4836 Deo
703 4796 800 4851 per
847 4785 1125 4851 apostolos
1160 4787 1454 4842 salubriter
1482 4791 1728 4843 nuntiata
1767 4802 1913 4858 sunt,
1967 4794 2077 4850 dis-

493 4887 730 4942 crepans
786 4887 850 4926 ac
907 4873 1206 4930 diversum.
1276 4875 1380 4931 Sed
1464 4879 1723 4934 nimirum
1779 4882 2076 4940 Anomaeus

491 4967 655 5038 923
689 4967 780 5023 ille
811 4982 935 5021 eum
971 4967 1088 5022 suis
1117 4969 1304 5024 relicta
1331 4969 1576 5027 veritatis
1599 4973 1704 5038 via,
1735 4973 1800 5028 ad
1828 4991 2074 5031 errorum

491 5058 818 5114 diverticula
879 5059 1166 5116 traductus
1224 5068 1348 5125 est,
1408 5077 1806 5136 perperamque
1867 5066 2078 5124 divinas

490 5151 796 5208 sententias
826 5151 1119 5208 intellexrt.
1154 5153 1230 5206 lta
1261 5153 1518 5224 deinceps
1555 5157 1622 5211 ad
1652 5156 2074 5228 disputationes,

489 5245 921 5316 vocularumque
949 5245 1376 5315 disceptationes
1425 5249 1608 5304 animo
1652 5264 1717 5306 ac
1766 5262 1947 5308 mente
1987 5253 2076 5309 ἱειὶ

489 5337 782 5402 conversi,
820 5352 849 5391 a
881 5339 1112 5394 veritate
1147 5340 1480 5404 resilientes,
1513 5343 1830 5401 cmlestibus
1859 5347 2078 5402 excide-

490 5437 639 5484 runt.
676 5430 780 5497 Qui
813 5431 858 5485 si
891 5433 1262 5502 evangelicum
1296 5433 1471 5490 lucem
1507 5436 1782 5492 mentibus
1821 5439 1936 5493 suis
1977 5439 2076 5493 ad-

491 5523 711 5579 mittere
744 5525 1037 5590 voluerint,
1091 5526 1159 5581 ab
1199 5543 1528 5599 unaquaque
1559 5531 1965 5600 propemodum
1993 5533 2078 5587 di-

493 5615 679 5671 ctione
732 5617 1073 5676 refellentur.
1123 5617 1403 5692 Nusquam
1438 5621 1583 5676 enim
1625 5624 1819 5680 unicus
1850 5622 1945 5682 Dei
1988 5625 2076 5680 Fi-

572 5776 586 5806 ¹
624 5776 814 5834 M'tttll.
845 5782 1153 5845 XX\'III,19.
1234 5784 1251 5812 ³
1282 5781 1340 5835 F.
1374 5784 1398 5835 ὁ
1430 5782 1504 5834 δέ.
1587 5783 1602 5808 ³
1633 5783 1754 5838 (ΖΠ.
1788 5786 1993 5858 Πατήρ.

2181 4612 2351 4678 θείας,
2389 4612 2730 4684 ἐτράπησαν,
2757 4613 2942 4677 κακῶς
2972 4613 3070 4677 τὰς
3098 4613 3234 4666 Θεοῦ
3267 4616 3458 4685 ῥήσεις
3485 4616 3760 4683 ἐπινενοη-

2180 4705 2356 4769 κότες.
2395 4707 2508 4759 Καὶ⁹
2536 4705 2720 4758 λοιπὸν
2745 4709 2824 4769 εἰς
2851 4706 3236 4776 διαλογισμοὺς
3268 4709 3364 4759 καὶ
3401 4710 3482 4771 είς
3511 4707 3756 4773 Balari;

2179 4798 2378 4866 λέξεων
2419 4800 2900 4872 παρεκτρέψαντες
2947 4799 3040 4859 τὸν
3087 4798 3234 4864 νοῦν,
3271 4800 3628 4870 ἅπτει-πήδησαν
3660 4800 3754 4867 τῆς

2179 4891 2456 4963 ἀληθείας,
2493 4893 2586 4945 καὶ
2630 4891 2887 4957 ἐξέπεσον
2922 4889 3031 4944 τῶν
3075 4891 3437 4962 ἐπουρανίων.
3469 4895 3622 4946 Πᾶσα
3648 4893 3752 4961 γὰρ

2179 4986 2325 5052 λέξις
2372 4984 2580 5054 ἐλέγξει
2628 4985 2854 5051 αὐτοὺς,
2895 4984 2990 5039 ἐὰν
3030 4984 3227 5038 θέλωσι
3257 4985 3350 5038 τὸν
3389 4987 3596 5039 ἑαυτῶν
3630 4984 3749 5036 νοῦν

2180 5077 2363 5132 δοῦναι
2387 5079 2467 5141 εἰς
2489 5077 2771 5147 φωτισμὸν
2793 5075 2887 5129 τοῦ
2917 5075 3272 5144 Εύαγγελίου.
3312 5075 3563 5147 Ούδαμοῦ
3600 5077 3696 5143 γὰρ
3725 5080 3752 5127 ἐς

2180 5170 2490 5241 Μονογενὴς
2518 5169 2688 5237 λέγει,
2720 5168 2897 5222 καίτοι
2918 5185 2982 5236 γε
3016 5171 3073 5221 ὲν
3101 5169 3264 5241 σαρκὶ
3295 5171 3745 5240 παραγενόμενπ,

2179 5264 2260 5316 ὅτι
2320 5266 2379 5316 Ὀ
2427 5262 2620 5326 κτίσας
2685 5280 2751 5333 με
2811 5263 2999 5333 Πατὴρ
3049 5262 3362 5316 ἀπέσταλκέ
3421 5279 3518 5331 με.
3564 5261 3670 5313 οὐδὲ
3719 5262 3747 5310 ,3

2182 5357 2373 5428 Σωτήρ
2400 5355 2419 5387 ³
2453 5373 2554 5409 που
2606 5357 2662 5408 ἐν
2713 5355 2791 5425 τῷ
2839 5355 3156 5426 Εὐαγγελίῳ
3206 5355 3494 5426 διελέχθη,
3534 5354 3640 5407 ciris
3688 5354 3744 5403 ἐν

2182 5448 2395 5518 Ιῐαλαιᾷ
2428 5447 2692 5520 Διαθήκῃ,
2731 5448 2813 5500 ὅτι
2853 5448 3083 5501 Ἔκτισα
3123 5448 3252 5518 ὑμῖν
3300 5447 3392 5500 τὸν
3433 5447 3578 5509 Υίδν,
3615 5444 3740 5504 ἀλλ’,

2193 5541 2246 5591 Ὀ
2294 5539 2498 5608 Πατήρ
2543 5557 2622 5609 με
2665 5539 3021 5594 ἀπέστειλε·
3053 5539 3174 5605 καὶ,
3239 5540 3339 5594 Ἐκ
3385 5539 3492 5593 τοῦ
3532 5537 3742 5604 Πατρὶς

2180 5631 2467 5702 ἐξῆλθον,
2518 5632 2617 5690 καὶ
2678 5633 2834 5699 ἥκω*
2875 5633 3000 5702 καὶ,
3032 5633 3085 5687 '0
3120 5632 3204 5688 ὢν
3245 5635 3332 5700 εἰς
3377 5633 3484 5687 τόν
3527 5634 3740 5686 πόλασε-
