  <div class='ocr_page' id='page_1' title='image "/cluster/home/n/w/nwhite01/storage/ocr_20150623/42/hvd.32044011752995/267.png"; bbox 0 0 3822 6336; ppageno 0'>
   <div class='ocr_carea' id='block_1_1' title="bbox 406 307 516 368">
    <p class='ocr_par' dir='ltr' id='par_1_1' title="bbox 406 307 516 368">
     <span class='ocr_line' id='line_1_1' title="bbox 406 307 516 368; baseline 0.009 -1"><span class='ocrx_word' id='word_1_1' title='bbox 406 307 516 368; x_wconf 71' lang='lat'><strong>5&#39;55</strong></span> 
     </span>
    </p>
   </div>
   <div class='ocr_carea' id='block_1_2' title="bbox 1798 307 2235 366">
    <p class='ocr_par' dir='ltr' id='par_1_2' title="bbox 1798 307 2235 366">
     <span class='ocr_line' id='line_1_2' title="bbox 1798 307 2235 366; baseline 0.002 -2"><span class='ocrx_word' id='word_1_2' title='bbox 1798 307 1856 365; x_wconf 86' lang='lat' dir='ltr'><strong>S.</strong></span> <span class='ocrx_word' id='word_1_3' title='bbox 1896 308 2235 366; x_wconf 79' lang='lat' dir='ltr'><strong>EPIPHANII</strong></span> 
     </span>
    </p>
   </div>
   <div class='ocr_carea' id='block_1_3' title="bbox 3598 305 3718 364">
    <p class='ocr_par' dir='ltr' id='par_1_3' title="bbox 3598 305 3718 364">
     <span class='ocr_line' id='line_1_3' title="bbox 3598 305 3718 364; baseline 0 0"><span class='ocrx_word' id='word_1_4' title='bbox 3598 305 3718 364; x_wconf 75' lang='grc' dir='ltr'><strong>5ὖῦ</strong></span> 
     </span>
    </p>
   </div>
   <div class='ocr_carea' id='block_1_4' title="bbox 407 425 2005 506">
    <p class='ocr_par' dir='ltr' id='par_1_4' title="bbox 407 430 1995 506">
     <span class='ocr_line' id='line_1_4' title="bbox 407 430 1995 506; baseline 0.001 -18"><span class='ocrx_word' id='word_1_5' title='bbox 407 430 720 497; x_wconf 85' lang='lat' dir='ltr'><strong>ediderunt,</strong></span> <span class='ocrx_word' id='word_1_6' title='bbox 754 432 1071 503; x_wconf 85' lang='lat' dir='ltr'><strong>perturbata</strong></span> <span class='ocrx_word' id='word_1_7' title='bbox 1105 432 1331 503; x_wconf 87' lang='lat' dir='ltr'><strong>insuper</strong></span> <span class='ocrx_word' id='word_1_8' title='bbox 1362 431 1573 489; x_wconf 76' lang='lat' dir='ltr'><strong>ordinis</strong></span> <span class='ocrx_word' id='word_1_9' title='bbox 1611 433 1790 503; x_wconf 88' lang='lat' dir='ltr'><strong>serie;</strong></span> <span class='ocrx_word' id='word_1_10' title='bbox 1830 442 1995 506; x_wconf 91' lang='lat' dir='ltr'><strong>atque</strong></span> 
     </span>
    </p>
   </div>
   <div class='ocr_carea' id='block_1_5' title="bbox 2158 425 3727 506">
    <p class='ocr_par' dir='ltr' id='par_1_5' title="bbox 2158 425 3727 506">
     <span class='ocr_line' id='line_1_5' title="bbox 2158 425 3727 506; baseline -0.007 -16"><span class='ocrx_word' id='word_1_11' title='bbox 2158 435 2324 506; x_wconf 64' lang='grc' dir='ltr'>έωγήν</span> <span class='ocrx_word' id='word_1_12' title='bbox 2347 451 2359 467; x_wconf 82' lang='lat'>&#39;</span> <span class='ocrx_word' id='word_1_13' title='bbox 2388 430 2520 505; x_wconf 80' lang='grc' dir='ltr'>ἦλθε</span> <span class='ocrx_word' id='word_1_14' title='bbox 2559 433 2616 488; x_wconf 84' lang='grc' dir='ltr'>δὲ</span> <span class='ocrx_word' id='word_1_15' title='bbox 2662 432 2801 505; x_wconf 89' lang='grc' dir='ltr'><strong>μετά</strong></span> <span class='ocrx_word' id='word_1_16' title='bbox 2832 431 3007 486; x_wconf 84' lang='grc' dir='ltr'>ταῦτα</span> <span class='ocrx_word' id='word_1_17' title='bbox 3036 430 3170 485; x_wconf 78' lang='grc' dir='ltr'>αὐτὸ</span> <span class='ocrx_word' id='word_1_18' title='bbox 3218 431 3297 494; x_wconf 80' lang='grc' dir='ltr'><strong>εἰς</strong></span> <span class='ocrx_word' id='word_1_19' title='bbox 3327 430 3504 500; x_wconf 77' lang='grc' dir='ltr'>ἡμᾶς,</span> <span class='ocrx_word' id='word_1_20' title='bbox 3553 425 3727 489; x_wconf 70' lang='grc' dir='ltr'>τινὸς</span> 
     </span>
    </p>
   </div>
   <div class='ocr_carea' id='block_1_6' title="bbox 407 525 1991 597">
    <p class='ocr_par' dir='ltr' id='par_1_6' title="bbox 407 525 1991 597">
     <span class='ocr_line' id='line_1_6' title="bbox 407 525 1991 597; baseline 0.002 -18"><span class='ocrx_word' id='word_1_21' title='bbox 407 525 544 580; x_wconf 89' lang='lat' dir='ltr'><strong>illud</strong></span> <span class='ocrx_word' id='word_1_22' title='bbox 587 525 727 582; x_wconf 87' lang='lat' dir='ltr'><strong>idem</strong></span> <span class='ocrx_word' id='word_1_23' title='bbox 780 534 969 597; x_wconf 88' lang='lat' dir='ltr'><strong>postea</strong></span> <span class='ocrx_word' id='word_1_24' title='bbox 1021 526 1329 582; x_wconf 89' lang='lat' dir='ltr'><strong>litterarum</strong></span> <span class='ocrx_word' id='word_1_25' title='bbox 1368 525 1589 597; x_wconf 88' lang='lat' dir='ltr'><strong>quidam</strong></span> <span class='ocrx_word' id='word_1_26' title='bbox 1632 525 1697 580; x_wconf 86' lang='lat' dir='ltr'><strong>ad</strong></span> <span class='ocrx_word' id='word_1_27' title='bbox 1732 541 1834 582; x_wconf 91' lang='lat' dir='ltr'><strong>nos</strong></span> <span class='ocrx_word' id='word_1_28' title='bbox 1872 536 1991 583; x_wconf 87' lang='lat' dir='ltr'><strong>stu-</strong></span> 
     </span>
    </p>
   </div>
   <div class='ocr_carea' id='block_1_7' title="bbox 409 616 1990 687">
    <p class='ocr_par' dir='ltr' id='par_1_7' title="bbox 409 616 1990 687">
     <span class='ocr_line' id='line_1_7' title="bbox 409 616 1990 687; baseline 0.002 -17"><span class='ocrx_word' id='word_1_29' title='bbox 409 617 601 673; x_wconf 88' lang='lat' dir='ltr'><strong>diosus</strong></span> <span class='ocrx_word' id='word_1_30' title='bbox 634 618 847 685; x_wconf 90' lang='lat' dir='ltr'><strong>attulit,</strong></span> <span class='ocrx_word' id='word_1_31' title='bbox 885 633 1114 674; x_wconf 88' lang='lat' dir='ltr'><strong>necesse</strong></span> <span class='ocrx_word' id='word_1_32' title='bbox 1151 616 1336 685; x_wconf 81' lang='lat' dir='ltr'><strong>habui,</strong></span> <span class='ocrx_word' id='word_1_33' title='bbox 1386 624 1570 687; x_wconf 89' lang='lat' dir='ltr'><strong>utpote</strong></span> <span class='ocrx_word' id='word_1_34' title='bbox 1599 617 1751 675; x_wconf 91' lang='lat' dir='ltr'><strong>illius</strong></span> <span class='ocrx_word' id='word_1_35' title='bbox 1779 628 1990 684; x_wconf 84' lang='lat' dir='ltr'><strong>auctor,</strong></span> 
     </span>
    </p>
   </div>
   <div class='ocr_carea' id='block_1_8' title="bbox 360 704 1992 781">
    <p class='ocr_par' dir='ltr' id='par_1_8' title="bbox 360 704 1992 781">
     <span class='ocr_line' id='line_1_8' title="bbox 360 704 1992 781; baseline -0.001 -15"><span class='ocrx_word' id='word_1_36' title='bbox 360 704 378 777; x_wconf 58' lang='grc'><strong>,’</strong></span> <span class='ocrx_word' id='word_1_37' title='bbox 408 708 742 767; x_wconf 82' lang='lat' dir='ltr'><strong>recensitum</strong></span> <span class='ocrx_word' id='word_1_38' title='bbox 797 725 860 765; x_wconf 91' lang='lat' dir='ltr'><strong>ac</strong></span> <span class='ocrx_word' id='word_1_39' title='bbox 892 719 1244 781; x_wconf 81' lang='lat' dir='ltr'><strong>repurgatum</strong></span> <span class='ocrx_word' id='word_1_40' title='bbox 1270 725 1409 780; x_wconf 90' lang='lat' dir='ltr'><strong>opus</strong></span> <span class='ocrx_word' id='word_1_41' title='bbox 1454 708 1601 765; x_wconf 85' lang='lat' dir='ltr'><strong>istud</strong></span> <span class='ocrx_word' id='word_1_42' title='bbox 1636 709 1706 765; x_wconf 90' lang='lat' dir='ltr'><strong>ad</strong></span> <span class='ocrx_word' id='word_1_43' title='bbox 1734 725 1833 767; x_wconf 81' lang='lat' dir='ltr'><strong>vos</strong></span> <span class='ocrx_word' id='word_1_44' title='bbox 1866 711 1992 765; x_wconf 89' lang='lat' dir='ltr'><strong>mit-</strong></span> 
     </span>
    </p>
   </div>
   <div class='ocr_carea' id='block_1_9' title="bbox 358 803 1991 903">
    <p class='ocr_par' dir='ltr' id='par_1_9' title="bbox 358 803 1991 903">
     <span class='ocr_line' id='line_1_9' title="bbox 358 803 1991 903; baseline 0.001 -43"><span class='ocrx_word' id='word_1_45' title='bbox 358 804 544 903; x_wconf 30' lang='lat' dir='ltr'><strong>gtere,</strong></span> <span class='ocrx_word' id='word_1_46' title='bbox 600 804 917 875; x_wconf 86' lang='lat' dir='ltr'><strong>quicunque</strong></span> <span class='ocrx_word' id='word_1_47' title='bbox 966 804 1186 874; x_wconf 87' lang='lat' dir='ltr'><strong>pietatis</strong></span> <span class='ocrx_word' id='word_1_48' title='bbox 1239 803 1454 858; x_wconf 83' lang='lat' dir='ltr'><strong>athletae</strong></span> <span class='ocrx_word' id='word_1_49' title='bbox 1500 804 1790 873; x_wconf 88' lang='lat' dir='ltr'><strong>utriusque</strong></span> <span class='ocrx_word' id='word_1_50' title='bbox 1825 819 1991 861; x_wconf 78' lang='lat' dir='ltr'><strong>sexus</strong></span> 
     </span>
    </p>
   </div>
   <div class='ocr_carea' id='block_1_10' title="bbox 409 895 1990 968">
    <p class='ocr_par' dir='ltr' id='par_1_10' title="bbox 409 895 1990 968">
     <span class='ocr_line' id='line_1_10' title="bbox 409 895 1990 968; baseline -0.002 -15"><span class='ocrx_word' id='word_1_51' title='bbox 409 899 578 961; x_wconf 88' lang='lat' dir='ltr'><strong>estis,</strong></span> <span class='ocrx_word' id='word_1_52' title='bbox 628 903 686 951; x_wconf 84' lang='lat' dir='ltr'><strong>ut</strong></span> <span class='ocrx_word' id='word_1_53' title='bbox 718 896 1059 968; x_wconf 77' lang='lat' dir='ltr'><strong>inlelligatis,</strong></span> <span class='ocrx_word' id='word_1_54' title='bbox 1094 896 1230 950; x_wconf 85' lang='lat' dir='ltr'><strong>nihil</strong></span> <span class='ocrx_word' id='word_1_55' title='bbox 1274 911 1385 952; x_wconf 91' lang='lat' dir='ltr'><strong>non</strong></span> <span class='ocrx_word' id='word_1_56' title='bbox 1421 895 1476 951; x_wconf 92' lang='lat' dir='ltr'><strong>in</strong></span> <span class='ocrx_word' id='word_1_57' title='bbox 1503 910 1569 952; x_wconf 91' lang='lat' dir='ltr'><strong>eo</strong></span> <span class='ocrx_word' id='word_1_58' title='bbox 1600 911 1666 951; x_wconf 78' lang='lat' dir='ltr'><strong>ex</strong></span> <span class='ocrx_word' id='word_1_59' title='bbox 1703 910 1990 951; x_wconf 84' lang='lat' dir='ltr'><strong>sacrarum</strong></span> 
     </span>
    </p>
   </div>
   <div class='ocr_carea' id='block_1_11' title="bbox 408 985 1992 1058">
    <p class='ocr_par' dir='ltr' id='par_1_11' title="bbox 408 985 1992 1058">
     <span class='ocr_line' id='line_1_11' title="bbox 408 985 1992 1058; baseline 0.001 -17"><span class='ocrx_word' id='word_1_60' title='bbox 408 987 743 1044; x_wconf 81' lang='lat' dir='ltr'><strong>Litterarum</strong></span> <span class='ocrx_word' id='word_1_61' title='bbox 779 1002 1042 1058; x_wconf 83' lang='lat' dir='ltr'><strong>germano</strong></span> <span class='ocrx_word' id='word_1_62' title='bbox 1095 1001 1219 1043; x_wconf 87' lang='lat' dir='ltr'><strong>esse</strong></span> <span class='ocrx_word' id='word_1_63' title='bbox 1262 1001 1431 1043; x_wconf 90' lang='lat' dir='ltr'><strong>sensu</strong></span> <span class='ocrx_word' id='word_1_64' title='bbox 1478 985 1771 1058; x_wconf 85' lang='lat' dir='ltr'><strong>prolatum.</strong></span> <span class='ocrx_word' id='word_1_65' title='bbox 1819 986 1992 1058; x_wconf 89' lang='lat' dir='ltr'><strong>Cujus</strong></span> 
     </span>
    </p>
   </div>
   <div class='ocr_carea' id='block_1_12' title="bbox 410 1075 1995 1149">
    <p class='ocr_par' dir='ltr' id='par_1_12' title="bbox 410 1075 1995 1149">
     <span class='ocr_line' id='line_1_12' title="bbox 410 1075 1995 1149; baseline 0.001 -19"><span class='ocrx_word' id='word_1_66' title='bbox 410 1078 630 1148; x_wconf 79' lang='lat' dir='ltr'><strong>quidem</strong></span> <span class='ocrx_word' id='word_1_67' title='bbox 662 1076 916 1149; x_wconf 84' lang='lat' dir='ltr'><strong>praesidio</strong></span> <span class='ocrx_word' id='word_1_68' title='bbox 964 1092 1060 1133; x_wconf 90' lang='lat' dir='ltr'><strong>eos</strong></span> <span class='ocrx_word' id='word_1_69' title='bbox 1094 1092 1308 1143; x_wconf 89' lang='lat' dir='ltr'><strong>omnes,</strong></span> <span class='ocrx_word' id='word_1_70' title='bbox 1359 1076 1453 1148; x_wconf 88' lang='lat' dir='ltr'><strong>qui</strong></span> <span class='ocrx_word' id='word_1_71' title='bbox 1484 1075 1862 1133; x_wconf 84' lang='lat' dir='ltr'><strong>contradicere</strong></span> <span class='ocrx_word' id='word_1_72' title='bbox 1900 1092 1995 1132; x_wconf 82' lang='lat' dir='ltr'><strong>vo-</strong></span> 
     </span>
    </p>
   </div>
   <div class='ocr_carea' id='block_1_13' title="bbox 412 1166 1993 1239">
    <p class='ocr_par' dir='ltr' id='par_1_13' title="bbox 412 1166 1993 1239">
     <span class='ocr_line' id='line_1_13' title="bbox 412 1166 1993 1239; baseline 0.001 -18"><span class='ocrx_word' id='word_1_73' title='bbox 412 1169 644 1231; x_wconf 86' lang='lat' dir='ltr'><strong>luerint.</strong></span> <span class='ocrx_word' id='word_1_74' title='bbox 690 1168 883 1239; x_wconf 90' lang='lat' dir='ltr'><strong>paucis</strong></span> <span class='ocrx_word' id='word_1_75' title='bbox 911 1166 1241 1239; x_wconf 89' lang='lat' dir='ltr'><strong>quibusdam</strong></span> <span class='ocrx_word' id='word_1_76' title='bbox 1283 1166 1523 1224; x_wconf 85' lang='lat' dir='ltr'><strong>breviter</strong></span> <span class='ocrx_word' id='word_1_77' title='bbox 1553 1166 1789 1237; x_wconf 81' lang='lat' dir='ltr'><strong>objectis</strong></span> <span class='ocrx_word' id='word_1_78' title='bbox 1814 1207 1830 1231; x_wconf 85' lang='lat'><strong>,</strong></span> <span class='ocrx_word' id='word_1_79' title='bbox 1868 1181 1993 1238; x_wconf 87' lang='lat' dir='ltr'><strong>pro-</strong></span> 
     </span>
    </p>
   </div>
   <div class='ocr_carea' id='block_1_14' title="bbox 412 1258 1997 1331">
    <p class='ocr_par' dir='ltr' id='par_1_14' title="bbox 412 1258 1997 1331">
     <span class='ocr_line' id='line_1_14' title="bbox 412 1258 1997 1331; baseline 0 -18"><span class='ocrx_word' id='word_1_80' title='bbox 412 1260 603 1316; x_wconf 89' lang='lat' dir='ltr'><strong>hibere</strong></span> <span class='ocrx_word' id='word_1_81' title='bbox 630 1259 905 1331; x_wconf 89' lang='lat' dir='ltr'><strong>poteritis,</strong></span> <span class='ocrx_word' id='word_1_82' title='bbox 937 1274 1006 1313; x_wconf 90' lang='lat' dir='ltr'><strong>ne</strong></span> <span class='ocrx_word' id='word_1_83' title='bbox 1040 1258 1106 1312; x_wconf 88' lang='lat' dir='ltr'><strong>de</strong></span> <span class='ocrx_word' id='word_1_84' title='bbox 1140 1259 1382 1329; x_wconf 80' lang='lat' dir='ltr'><strong>ingenito</strong></span> <span class='ocrx_word' id='word_1_85' title='bbox 1409 1258 1519 1314; x_wconf 91' lang='lat' dir='ltr'><strong>Deo</strong></span> <span class='ocrx_word' id='word_1_86' title='bbox 1551 1271 1617 1313; x_wconf 92' lang='lat' dir='ltr'><strong>ac</strong></span> <span class='ocrx_word' id='word_1_87' title='bbox 1665 1258 1850 1329; x_wconf 83' lang='lat' dir='ltr'><strong>genito</strong></span> <span class='ocrx_word' id='word_1_88' title='bbox 1886 1274 1997 1315; x_wconf 86' lang='lat' dir='ltr'><strong>ser-</strong></span> 
     </span>
    </p>
   </div>
   <div class='ocr_carea' id='block_1_15' title="bbox 415 1350 1993 1424">
    <p class='ocr_par' dir='ltr' id='par_1_15' title="bbox 415 1350 1993 1424">
     <span class='ocr_line' id='line_1_15' title="bbox 415 1350 1993 1424; baseline -0.001 -18"><span class='ocrx_word' id='word_1_89' title='bbox 415 1366 633 1409; x_wconf 88' lang='lat' dir='ltr'><strong>monem</strong></span> <span class='ocrx_word' id='word_1_90' title='bbox 660 1350 1009 1424; x_wconf 88' lang='lat' dir='ltr'><strong>impudenter</strong></span> <span class='ocrx_word' id='word_1_91' title='bbox 1031 1351 1344 1416; x_wconf 90' lang='lat' dir='ltr'><strong>instituant,</strong></span> <span class='ocrx_word' id='word_1_92' title='bbox 1380 1365 1446 1404; x_wconf 90' lang='lat' dir='ltr'><strong>ac</strong></span> <span class='ocrx_word' id='word_1_93' title='bbox 1476 1350 1840 1420; x_wconf 74' lang='lat' dir='ltr'><strong>temporarias</strong></span> <span class='ocrx_word' id='word_1_94' title='bbox 1870 1350 1993 1405; x_wconf 90' lang='lat' dir='ltr'><strong>illos</strong></span> 
     </span>
    </p>
   </div>
   <div class='ocr_carea' id='block_1_16' title="bbox 415 1441 1994 1523">
    <p class='ocr_par' dir='ltr' id='par_1_16' title="bbox 415 1441 1994 1523">
     <span class='ocr_line' id='line_1_16' title="bbox 415 1441 1994 1523; baseline -0.002 -24"><span class='ocrx_word' id='word_1_95' title='bbox 415 1446 471 1500; x_wconf 88' lang='lat' dir='ltr'><strong>in</strong></span> <span class='ocrx_word' id='word_1_96' title='bbox 509 1445 720 1516; x_wconf 84' lang='lat' dir='ltr'><strong>primis,</strong></span> <span class='ocrx_word' id='word_1_97' title='bbox 774 1459 915 1515; x_wconf 91' lang='lat' dir='ltr'><strong>quos</strong></span> <span class='ocrx_word' id='word_1_98' title='bbox 950 1444 1125 1523; x_wconf 73' lang='lat' dir='ltr'><strong>attigi.</strong></span> <span class='ocrx_word' id='word_1_99' title='bbox 1177 1442 1350 1498; x_wconf 87' lang='lat' dir='ltr'><strong>Porro</strong></span> <span class='ocrx_word' id='word_1_100' title='bbox 1395 1443 1536 1497; x_wconf 91' lang='lat' dir='ltr'><strong>hanc</strong></span> <span class='ocrx_word' id='word_1_101' title='bbox 1567 1441 1994 1513; x_wconf 86' lang='lat' dir='ltr'><strong>disputationem</strong></span> 
     </span>
    </p>
   </div>
   <div class='ocr_carea' id='block_1_17' title="bbox 415 1534 1995 1608">
    <p class='ocr_par' dir='ltr' id='par_1_17' title="bbox 415 1534 1995 1608">
     <span class='ocr_line' id='line_1_17' title="bbox 415 1534 1995 1608; baseline -0.003 -16"><span class='ocrx_word' id='word_1_102' title='bbox 415 1540 471 1592; x_wconf 90' lang='lat' dir='ltr'><strong>in</strong></span> <span class='ocrx_word' id='word_1_103' title='bbox 505 1536 688 1608; x_wconf 82' lang='lat' dir='ltr'><strong>capita</strong></span> <span class='ocrx_word' id='word_1_104' title='bbox 722 1551 981 1592; x_wconf 85' lang='lat' dir='ltr'><strong>versuum</strong></span> <span class='ocrx_word' id='word_1_105' title='bbox 1012 1536 1067 1591; x_wconf 93' lang='lat' dir='ltr'><strong>in</strong></span> <span class='ocrx_word' id='word_1_106' title='bbox 1098 1534 1320 1590; x_wconf 92' lang='lat' dir='ltr'><strong>modum</strong></span> <span class='ocrx_word' id='word_1_107' title='bbox 1357 1535 1432 1589; x_wconf 91' lang='lat' dir='ltr'><strong>ita</strong></span> <span class='ocrx_word' id='word_1_108' title='bbox 1462 1534 1814 1606; x_wconf 83' lang='lat' dir='ltr'><strong>digessimus,</strong></span> <span class='ocrx_word' id='word_1_109' title='bbox 1859 1541 1995 1588; x_wconf 89' lang='lat' dir='ltr'><strong>utet</strong></span> 
     </span>
    </p>
   </div>
   <div class='ocr_carea' id='block_1_18' title="bbox 414 1627 2586 1703">
    <p class='ocr_par' dir='ltr' id='par_1_18' title="bbox 414 1627 2586 1703">
     <span class='ocr_line' id='line_1_18' title="bbox 414 1627 2586 1703; baseline 0.001 -17"><span class='ocrx_word' id='word_1_110' title='bbox 414 1629 758 1703; x_wconf 73' lang='lat' dir='ltr'><strong>obiectiones</strong></span> <span class='ocrx_word' id='word_1_111' title='bbox 802 1630 940 1685; x_wconf 89' lang='lat' dir='ltr'><strong>alias</strong></span> <span class='ocrx_word' id='word_1_112' title='bbox 992 1645 1057 1685; x_wconf 84' lang='lat' dir='ltr'><strong>ex</strong></span> <span class='ocrx_word' id='word_1_113' title='bbox 1094 1628 1237 1695; x_wconf 90' lang='lat' dir='ltr'><strong>aliis,</strong></span> <span class='ocrx_word' id='word_1_114' title='bbox 1283 1636 1338 1683; x_wconf 87' lang='lat' dir='ltr'><strong>et</strong></span> <span class='ocrx_word' id='word_1_115' title='bbox 1403 1627 1769 1698; x_wconf 67' lang='lat' dir='ltr'><strong>quaestionum</strong></span> <span class='ocrx_word' id='word_1_116' title='bbox 1804 1627 2200 1686; x_wconf 88' lang='lat' dir='ltr'><strong>dissolutiones</strong></span> <span class='ocrx_word' id='word_1_117' title='bbox 2239 1639 2586 1689; x_wconf 88' lang='lat' dir='ltr'><strong>necteremus</strong></span> 
     </span>
    </p>
   </div>
   <div class='ocr_carea' id='block_1_19' title="bbox 2098 521 3726 599">
    <p class='ocr_par' dir='ltr' id='par_1_19' title="bbox 2098 521 3726 599">
     <span class='ocr_line' id='line_1_19' title="bbox 2098 521 3726 599; baseline -0.007 -16"><span class='ocrx_word' id='word_1_118' title='bbox 2098 530 2205 583; x_wconf 76' lang='grc' dir='ltr'>τῶν</span> <span class='ocrx_word' id='word_1_119' title='bbox 2238 528 2543 583; x_wconf 79' lang='grc' dir='ltr'>σπουδαίων</span> <span class='ocrx_word' id='word_1_120' title='bbox 2576 528 2709 599; x_wconf 75' lang='grc' dir='ltr'>ἡμῖν</span> <span class='ocrx_word' id='word_1_121' title='bbox 2750 526 2885 579; x_wconf 83' lang='grc' dir='ltr'>αὐτὸ</span> <span class='ocrx_word' id='word_1_122' title='bbox 2930 523 3455 596; x_wconf 80' lang='grc' dir='ltr'>προσκεκομικότος·</span> <span class='ocrx_word' id='word_1_123' title='bbox 3525 521 3726 589; x_wconf 72' lang='grc' dir='ltr'>ἡναγ-</span> 
     </span>
    </p>
   </div>
   <div class='ocr_carea' id='block_1_20' title="bbox 2099 608 3728 692">
    <p class='ocr_par' dir='ltr' id='par_1_20' title="bbox 2099 608 3728 692">
     <span class='ocr_line' id='line_1_20' title="bbox 2099 608 3728 692; baseline -0.009 -17"><span class='ocrx_word' id='word_1_124' title='bbox 2099 620 2312 692; x_wconf 82' lang='grc' dir='ltr'>κάσοην</span> <span class='ocrx_word' id='word_1_125' title='bbox 2344 614 2432 673; x_wconf 75' lang='grc' dir='ltr'>οἶα</span> <span class='ocrx_word' id='word_1_126' title='bbox 2458 618 2642 688; x_wconf 81' lang='grc' dir='ltr'>πατὴρ</span> <span class='ocrx_word' id='word_1_127' title='bbox 2685 613 2843 681; x_wconf 77' lang='grc' dir='ltr'>αὖθις</span> <span class='ocrx_word' id='word_1_128' title='bbox 2873 615 3212 687; x_wconf 84' lang='grc' dir='ltr'>διακαθάρας</span> <span class='ocrx_word' id='word_1_129' title='bbox 3243 613 3540 684; x_wconf 71' lang='grc' dir='ltr'>ἐκπέμψαι</span> <span class='ocrx_word' id='word_1_130' title='bbox 3579 608 3728 681; x_wconf 80' lang='grc' dir='ltr'>ὑμῖν</span> 
     </span>
    </p>
   </div>
   <div class='ocr_carea' id='block_1_21' title="bbox 2097 702 3730 786">
    <p class='ocr_par' dir='ltr' id='par_1_21' title="bbox 2097 702 3730 786">
     <span class='ocr_line' id='line_1_21' title="bbox 2097 702 3730 786; baseline -0.007 -20"><span class='ocrx_word' id='word_1_131' title='bbox 2097 713 2158 766; x_wconf 87' lang='grc' dir='ltr'><strong>τὸ</strong></span> <span class='ocrx_word' id='word_1_132' title='bbox 2193 714 2555 786; x_wconf 72' lang='grc' dir='ltr'>σύγγραμμα,</span> <span class='ocrx_word' id='word_1_133' title='bbox 2592 706 2637 766; x_wconf 80' lang='grc' dir='ltr'><strong>ὦ</strong></span> <span class='ocrx_word' id='word_1_134' title='bbox 2684 711 2889 773; x_wconf 83' lang='grc' dir='ltr'>πάντες</span> <span class='ocrx_word' id='word_1_135' title='bbox 2922 707 3168 771; x_wconf 75' lang='grc' dir='ltr'>εὐσεϐεῖς</span> <span class='ocrx_word' id='word_1_136' title='bbox 3216 706 3447 776; x_wconf 79' lang='grc' dir='ltr'>ἀθληταί</span> <span class='ocrx_word' id='word_1_137' title='bbox 3489 720 3573 758; x_wconf 78' lang='grc' dir='ltr'><strong>τε</strong></span> <span class='ocrx_word' id='word_1_138' title='bbox 3621 702 3730 757; x_wconf 72' lang='grc' dir='ltr'>καὶ</span> 
     </span>
    </p>
   </div>
   <div class='ocr_carea' id='block_1_22' title="bbox 2098 794 3731 877">
    <p class='ocr_par' dir='ltr' id='par_1_22' title="bbox 2098 794 3731 877">
     <span class='ocr_line' id='line_1_22' title="bbox 2098 794 3731 877; baseline -0.008 -16"><span class='ocrx_word' id='word_1_139' title='bbox 2098 805 2413 877; x_wconf 81' lang='grc' dir='ltr'>ἀολήτριαι,</span> <span class='ocrx_word' id='word_1_140' title='bbox 2443 805 2593 869; x_wconf 76' lang='grc' dir='ltr'>ὃπως</span> <span class='ocrx_word' id='word_1_141' title='bbox 2628 803 2695 860; x_wconf 79' lang='grc' dir='ltr'><strong>ἀν</strong></span> <span class='ocrx_word' id='word_1_142' title='bbox 2741 803 2942 857; x_wconf 81' lang='grc' dir='ltr'>εἰδέναι</span> <span class='ocrx_word' id='word_1_143' title='bbox 2972 802 3170 872; x_wconf 78' lang='grc' dir='ltr'><strong>ἔχοιτε,</strong></span> <span class='ocrx_word' id='word_1_144' title='bbox 3196 800 3317 855; x_wconf 79' lang='grc' dir='ltr'>κατ’</span> <span class='ocrx_word' id='word_1_145' title='bbox 3339 799 3574 854; x_wconf 73' lang='grc' dir='ltr'>ἔννοιαν</span> <span class='ocrx_word' id='word_1_146' title='bbox 3605 794 3731 849; x_wconf 74' lang='grc' dir='ltr'>τῶν</span> 
     </span>
    </p>
   </div>
   <div class='ocr_carea' id='block_1_23' title="bbox 2101 880 3731 972">
    <p class='ocr_par' dir='ltr' id='par_1_23' title="bbox 2101 880 3731 972">
     <span class='ocr_line' id='line_1_23' title="bbox 2101 880 3731 972; baseline -0.009 -17"><span class='ocrx_word' id='word_1_147' title='bbox 2101 900 2271 969; x_wconf 84' lang='grc' dir='ltr'>ἁγίων</span> <span class='ocrx_word' id='word_1_148' title='bbox 2316 899 2549 972; x_wconf 82' lang='grc' dir='ltr'>Γραφῶν</span> <span class='ocrx_word' id='word_1_149' title='bbox 2598 896 2855 970; x_wconf 79' lang='grc' dir='ltr'>εἰρῆσθαι</span> <span class='ocrx_word' id='word_1_150' title='bbox 2909 895 3070 968; x_wconf 77' lang='grc' dir='ltr'>ἡμῶν</span> <span class='ocrx_word' id='word_1_151' title='bbox 3117 893 3180 948; x_wconf 83' lang='grc' dir='ltr'><strong>τὸ</strong></span> <span class='ocrx_word' id='word_1_152' title='bbox 3239 892 3454 962; x_wconf 82' lang='grc' dir='ltr'>λόγιον·</span> <span class='ocrx_word' id='word_1_153' title='bbox 3517 891 3603 944; x_wconf 75' lang='grc' dir='ltr'>δι’</span> <span class='ocrx_word' id='word_1_154' title='bbox 3661 880 3731 941; x_wconf 72' lang='grc' dir='ltr'>οὗ</span> 
     </span>
    </p>
   </div>
   <div class='ocr_carea' id='block_1_24' title="bbox 2102 981 3728 1061">
    <p class='ocr_par' dir='ltr' id='par_1_24' title="bbox 2102 981 3728 1061">
     <span class='ocr_line' id='line_1_24' title="bbox 2102 981 3728 1061; baseline -0.007 -17"><span class='ocrx_word' id='word_1_155' title='bbox 2102 991 2283 1047; x_wconf 81' lang='grc' dir='ltr'>πάντα</span> <span class='ocrx_word' id='word_1_156' title='bbox 2314 990 2599 1061; x_wconf 81' lang='grc' dir='ltr'>ἄνθρωπον</span> <span class='ocrx_word' id='word_1_157' title='bbox 2632 988 2937 1056; x_wconf 79' lang='grc' dir='ltr'><strong>ἀντιλέγειν</strong></span> <span class='ocrx_word' id='word_1_158' title='bbox 2979 987 3111 1058; x_wconf 83' lang='grc' dir='ltr'>ύμῖν</span> <span class='ocrx_word' id='word_1_159' title='bbox 3149 982 3551 1056; x_wconf 80' lang='grc' dir='ltr'>ἐπιχειροῦντα.</span> <span class='ocrx_word' id='word_1_160' title='bbox 3582 981 3728 1051; x_wconf 62' lang='grc' dir='ltr'>περὶ</span> 
     </span>
    </p>
   </div>
   <div class='ocr_carea' id='block_1_25' title="bbox 2104 1075 3733 1154">
    <p class='ocr_par' dir='ltr' id='par_1_25' title="bbox 2104 1075 3733 1154">
     <span class='ocr_line' id='line_1_25' title="bbox 2104 1075 3733 1154; baseline -0.008 -17"><span class='ocrx_word' id='word_1_161' title='bbox 2104 1084 2403 1154; x_wconf 82' lang='grc' dir='ltr'>ἀγεννήτου</span> <span class='ocrx_word' id='word_1_162' title='bbox 2451 1081 2589 1136; x_wconf 82' lang='grc' dir='ltr'>Θεοῦ</span> <span class='ocrx_word' id='word_1_163' title='bbox 2635 1082 2731 1137; x_wconf 73' lang='grc' dir='ltr'>καὶ</span> <span class='ocrx_word' id='word_1_164' title='bbox 2761 1079 3028 1151; x_wconf 87' lang='grc' dir='ltr'>γεννητοῦ</span> <span class='ocrx_word' id='word_1_165' title='bbox 3070 1078 3266 1133; x_wconf 84' lang='grc' dir='ltr'>παύειν</span> <span class='ocrx_word' id='word_1_166' title='bbox 3314 1075 3733 1147; x_wconf 75' lang='grc' dir='ltr'>ἀναισχυντεῖν</span> 
     </span>
    </p>
   </div>
   <div class='ocr_carea' id='block_1_26' title="bbox 2107 1168 3747 1248">
    <p class='ocr_par' dir='ltr' id='par_1_26' title="bbox 2107 1168 3747 1248">
     <span class='ocr_line' id='line_1_26' title="bbox 2107 1168 3747 1248; baseline -0.003 -18"><span class='ocrx_word' id='word_1_167' title='bbox 2107 1176 2392 1248; x_wconf 77' lang='grc' dir='ltr'>συντόμοις</span> <span class='ocrx_word' id='word_1_168' title='bbox 2417 1178 2708 1248; x_wconf 77' lang='grc' dir='ltr'><strong>ἐπιφοραῖς</strong></span> <span class='ocrx_word' id='word_1_169' title='bbox 2736 1173 3036 1246; x_wconf 82' lang='grc' dir='ltr'>δυνήσεσθε</span> <span class='ocrx_word' id='word_1_170' title='bbox 3061 1190 3075 1205; x_wconf 75' lang='grc' dir='ltr'><strong><em>ο</em></strong></span> <span class='ocrx_word' id='word_1_171' title='bbox 3106 1172 3328 1230; x_wconf 85' lang='grc' dir='ltr'>πάντων</span> <span class='ocrx_word' id='word_1_172' title='bbox 3351 1170 3413 1225; x_wconf 77' lang='grc' dir='ltr'>δὲ</span> <span class='ocrx_word' id='word_1_173' title='bbox 3457 1168 3747 1240; x_wconf 62' lang='grc' dir='ltr'>μάλιστ.</span> 
     </span>
    </p>
   </div>
   <div class='ocr_carea' id='block_1_27' title="bbox 2102 1255 3731 1337">
    <p class='ocr_par' dir='ltr' id='par_1_27' title="bbox 2102 1255 3731 1337">
     <span class='ocr_line' id='line_1_27' title="bbox 2102 1255 3731 1337; baseline -0.005 -21"><span class='ocrx_word' id='word_1_174' title='bbox 2102 1265 2228 1327; x_wconf 77' lang='grc' dir='ltr'>τοὺς</span> <span class='ocrx_word' id='word_1_175' title='bbox 2260 1264 2716 1337; x_wconf 82' lang='grc' dir='ltr'><strong>προειρημένους,</strong></span> <span class='ocrx_word' id='word_1_176' title='bbox 2743 1266 2803 1317; x_wconf 86' lang='grc' dir='ltr'>ὲν</span> <span class='ocrx_word' id='word_1_177' title='bbox 2829 1263 2960 1317; x_wconf 75' lang='grc' dir='ltr'>εἴδει</span> <span class='ocrx_word' id='word_1_178' title='bbox 2988 1262 3098 1316; x_wconf 87' lang='grc' dir='ltr'><strong>τῶν</strong></span> <span class='ocrx_word' id='word_1_179' title='bbox 3130 1258 3407 1332; x_wconf 82' lang='grc' dir='ltr'>στιχηρῶν</span> <span class='ocrx_word' id='word_1_180' title='bbox 3443 1259 3541 1311; x_wconf 76' lang='grc' dir='ltr'><strong>ἐπ’</strong></span> <span class='ocrx_word' id='word_1_181' title='bbox 3577 1255 3731 1310; x_wconf 80' lang='grc' dir='ltr'>ἀπό-</span> 
     </span>
    </p>
   </div>
   <div class='ocr_carea' id='block_1_28' title="bbox 2108 1344 3729 1427">
    <p class='ocr_par' dir='ltr' id='par_1_28' title="bbox 2108 1344 3729 1427">
     <span class='ocr_line' id='line_1_28' title="bbox 2108 1344 3729 1427; baseline -0.007 -19"><span class='ocrx_word' id='word_1_182' title='bbox 2108 1371 2263 1424; x_wconf 88' lang='grc' dir='ltr'>ρησιν</span> <span class='ocrx_word' id='word_1_183' title='bbox 2292 1356 2637 1427; x_wconf 81' lang='grc' dir='ltr'>ἀπορήσεως,</span> <span class='ocrx_word' id='word_1_184' title='bbox 2677 1354 2772 1408; x_wconf 69' lang='grc' dir='ltr'><strong>καὶ</strong></span> <span class='ocrx_word' id='word_1_185' title='bbox 2804 1353 2957 1407; x_wconf 81' lang='grc' dir='ltr'>λύσιν</span> <span class='ocrx_word' id='word_1_186' title='bbox 2988 1352 3217 1416; x_wconf 86' lang='grc' dir='ltr'>λύσεως,</span> <span class='ocrx_word' id='word_1_187' title='bbox 3249 1350 3340 1404; x_wconf 87' lang='grc' dir='ltr'><strong>διά</strong></span> <span class='ocrx_word' id='word_1_188' title='bbox 3372 1348 3438 1402; x_wconf 91' lang='grc' dir='ltr'><strong>τὸ</strong></span> <span class='ocrx_word' id='word_1_189' title='bbox 3468 1344 3729 1416; x_wconf 78' lang='grc' dir='ltr'>εὐπερί-</span> 
     </span>
    </p>
   </div>
   <div class='ocr_carea' id='block_1_29' title="bbox 2103 1440 3731 1517">
    <p class='ocr_par' dir='ltr' id='par_1_29' title="bbox 2103 1440 3731 1517">
     <span class='ocr_line' id='line_1_29' title="bbox 2103 1440 3731 1517; baseline -0.001 -21"><span class='ocrx_word' id='word_1_190' title='bbox 2103 1444 2333 1516; x_wconf 79' lang='grc' dir='ltr'>δρακτον</span> <span class='ocrx_word' id='word_1_191' title='bbox 2364 1447 2459 1500; x_wconf 70' lang='grc' dir='ltr'><strong>καὶ</strong></span> <span class='ocrx_word' id='word_1_192' title='bbox 2487 1447 2659 1517; x_wconf 81' lang='grc' dir='ltr'>σαφὲς</span> <span class='ocrx_word' id='word_1_193' title='bbox 2691 1445 2799 1500; x_wconf 82' lang='grc' dir='ltr'><strong>τῶν</strong></span> <span class='ocrx_word' id='word_1_194' title='bbox 2828 1445 3297 1517; x_wconf 73' lang='grc' dir='ltr'>ἐπιχειρημάτων,</span> <span class='ocrx_word' id='word_1_195' title='bbox 3322 1440 3731 1513; x_wconf 77' lang='grc' dir='ltr'>ποιησάμενος</span> 
     </span>
    </p>
   </div>
   <div class='ocr_carea' id='block_1_30' title="bbox 2104 1537 3063 1610">
    <p class='ocr_par' dir='ltr' id='par_1_30' title="bbox 2104 1537 3063 1610">
     <span class='ocr_line' id='line_1_30' title="bbox 2104 1537 3063 1610; baseline 0.001 -19"><span class='ocrx_word' id='word_1_196' title='bbox 2104 1537 2203 1610; x_wconf 79' lang='grc' dir='ltr'><strong>τὴν</strong></span> <span class='ocrx_word' id='word_1_197' title='bbox 2223 1539 2397 1610; x_wconf 86' lang='grc' dir='ltr'>ἀρχὴν</span> <span class='ocrx_word' id='word_1_198' title='bbox 2426 1556 2491 1592; x_wconf 88' lang='grc' dir='ltr'><strong>πε</strong></span> <span class='ocrx_word' id='word_1_199' title='bbox 2502 1540 2555 1610; x_wconf 75' lang='lat' dir='ltr'><strong>pi.</strong></span> <span class='ocrx_word' id='word_1_200' title='bbox 2576 1540 2877 1609; x_wconf 83' lang='grc' dir='ltr'>ἀγεννήτου</span> <span class='ocrx_word' id='word_1_201' title='bbox 2905 1537 3063 1592; x_wconf 82' lang='grc' dir='ltr'>Θεοῦ.</span> 
     </span>
    </p>
   </div>
   <div class='ocr_carea' id='block_1_31' title="bbox 2652 1622 3725 1702">
    <p class='ocr_par' dir='ltr' id='par_1_31' title="bbox 2652 1622 3725 1702">
     <span class='ocr_line' id='line_1_31' title="bbox 2652 1622 3725 1702; baseline -0.007 -17"><span class='ocrx_word' id='word_1_202' title='bbox 2652 1649 2663 1685; x_wconf 86' lang='lat'><strong>:</strong></span> <span class='ocrx_word' id='word_1_203' title='bbox 2726 1646 2838 1702; x_wconf 91' lang='lat' dir='ltr'><strong>quo</strong></span> <span class='ocrx_word' id='word_1_204' title='bbox 2900 1639 2956 1687; x_wconf 89' lang='lat' dir='ltr'><strong>et</strong></span> <span class='ocrx_word' id='word_1_205' title='bbox 3004 1631 3069 1686; x_wconf 90' lang='lat' dir='ltr'><strong>ad</strong></span> <span class='ocrx_word' id='word_1_206' title='bbox 3114 1622 3725 1700; x_wconf 82' lang='lat' dir='ltr'><strong>comprehendendum</strong></span> 
     </span>
    </p>
   </div>
   <div class='ocr_carea' id='block_1_32' title="bbox 416 1714 3724 1793">
    <p class='ocr_par' dir='ltr' id='par_1_32' title="bbox 416 1714 3724 1793">
     <span class='ocr_line' id='line_1_32' title="bbox 416 1714 3724 1793; baseline -0.002 -17"><span class='ocrx_word' id='word_1_207' title='bbox 416 1722 663 1779; x_wconf 76' lang='lat' dir='ltr'><strong>faciliora</strong></span> <span class='ocrx_word' id='word_1_208' title='bbox 700 1730 755 1779; x_wconf 89' lang='lat' dir='ltr'><strong>et</strong></span> <span class='ocrx_word' id='word_1_209' title='bbox 797 1721 1045 1792; x_wconf 86' lang='lat' dir='ltr'><strong>planiora</strong></span> <span class='ocrx_word' id='word_1_210' title='bbox 1072 1760 1086 1785; x_wconf 96' lang='lat'><strong>,</strong></span> <span class='ocrx_word' id='word_1_211' title='bbox 1137 1721 1340 1791; x_wconf 89' lang='lat' dir='ltr'><strong>quibus</strong></span> <span class='ocrx_word' id='word_1_212' title='bbox 1392 1721 1629 1786; x_wconf 90' lang='lat' dir='ltr'><strong>utimur,</strong></span> <span class='ocrx_word' id='word_1_213' title='bbox 1676 1727 1997 1790; x_wconf 77' lang='lat' dir='ltr'><strong>argumenta</strong></span> <span class='ocrx_word' id='word_1_214' title='bbox 2033 1720 2190 1778; x_wconf 83' lang='lat' dir='ltr'><strong>vobis</strong></span> <span class='ocrx_word' id='word_1_215' title='bbox 2223 1731 2429 1779; x_wconf 89' lang='lat' dir='ltr'><strong>essent.</strong></span> <span class='ocrx_word' id='word_1_216' title='bbox 2472 1722 2554 1780; x_wconf 82' lang='lat' dir='ltr'><strong>Ab</strong></span> <span class='ocrx_word' id='word_1_217' title='bbox 2588 1722 2834 1793; x_wconf 80' lang='lat' dir='ltr'><strong>ingenito</strong></span> <span class='ocrx_word' id='word_1_218' title='bbox 2864 1736 2996 1776; x_wconf 82' lang='lat' dir='ltr'><strong>vero</strong></span> <span class='ocrx_word' id='word_1_219' title='bbox 3046 1720 3158 1776; x_wconf 91' lang='lat' dir='ltr'><strong>Deo</strong></span> <span class='ocrx_word' id='word_1_220' title='bbox 3206 1716 3533 1789; x_wconf 85' lang='lat' dir='ltr'><strong>disputandi</strong></span> <span class='ocrx_word' id='word_1_221' title='bbox 3603 1714 3724 1770; x_wconf 90' lang='lat' dir='ltr'><strong>ini-</strong></span> 
     </span>
    </p>
   </div>
   <div class='ocr_carea' id='block_1_33' title="bbox 415 1810 841 1873">
    <p class='ocr_par' dir='ltr' id='par_1_33' title="bbox 415 1810 841 1873">
     <span class='ocr_line' id='line_1_33' title="bbox 415 1810 841 1873; baseline -0.016 0"><span class='ocrx_word' id='word_1_222' title='bbox 415 1815 553 1873; x_wconf 79' lang='lat' dir='ltr'><strong>tium</strong></span> <span class='ocrx_word' id='word_1_223' title='bbox 588 1810 841 1867; x_wconf 80' lang='lat' dir='ltr'><strong>fecimus.</strong></span> 
     </span>
    </p>
   </div>
   <div class='ocr_carea' id='block_1_34' title="bbox 482 1874 2005 1979">
    <p class='ocr_par' dir='ltr' id='par_1_34' title="bbox 482 1874 2005 1979">
     <span class='ocr_line' id='line_1_34' title="bbox 482 1874 2005 1979; baseline -0.001 -22"><span class='ocrx_word' id='word_1_224' title='bbox 482 1901 527 1959; x_wconf 91' lang='grc'><strong>1.</strong></span> <span class='ocrx_word' id='word_1_225' title='bbox 572 1901 630 1961; x_wconf 86' lang='lat' dir='ltr'><strong>Si</strong></span> <span class='ocrx_word' id='word_1_226' title='bbox 670 1900 951 1973; x_wconf 78' lang='lat' dir='ltr'><strong>ingenitus</strong></span> <span class='ocrx_word' id='word_1_227' title='bbox 1002 1898 1170 1965; x_wconf 82' lang='lat' dir='ltr'><strong>Deus,</strong></span> <span class='ocrx_word' id='word_1_228' title='bbox 1212 1898 1360 1971; x_wconf 89' lang='lat' dir='ltr'><strong>quod</strong></span> <span class='ocrx_word' id='word_1_229' title='bbox 1386 1899 1632 1979; x_wconf 79' lang='lat' dir='ltr'><strong>genitum</strong></span> <span class='ocrx_word' id='word_1_230' title='bbox 1669 1907 1777 1965; x_wconf 87' lang='lat' dir='ltr'><strong>est,</strong></span> <span class='ocrx_word' id='word_1_231' title='bbox 1818 1874 2005 1959; x_wconf 72' lang='lat' dir='ltr'><strong>facere</strong></span> 
     </span>
    </p>
   </div>
   <div class='ocr_carea' id='block_1_35' title="bbox 2158 1874 3722 1979">
    <p class='ocr_par' dir='ltr' id='par_1_35' title="bbox 2180 1896 3722 1972">
     <span class='ocr_line' id='line_1_35' title="bbox 2180 1896 3722 1972; baseline 0.001 -18"><span class='ocrx_word' id='word_1_232' title='bbox 2180 1903 2259 1955; x_wconf 81' lang='lat' dir='ltr'><strong>A’.</strong></span> <span class='ocrx_word' id='word_1_233' title='bbox 2301 1901 2363 1955; x_wconf 84' lang='grc' dir='ltr'>Εί</span> <span class='ocrx_word' id='word_1_234' title='bbox 2392 1901 2617 1955; x_wconf 80' lang='grc' dir='ltr'>δυνατόν</span> <span class='ocrx_word' id='word_1_235' title='bbox 2641 1902 2758 1955; x_wconf 76' lang='grc' dir='ltr'>ἐστι</span> <span class='ocrx_word' id='word_1_236' title='bbox 2788 1899 2866 1972; x_wconf 79' lang='grc' dir='ltr'>τῷ</span> <span class='ocrx_word' id='word_1_237' title='bbox 2887 1900 3168 1970; x_wconf 83' lang='grc' dir='ltr'>ἀγεννήτῳ</span> <span class='ocrx_word' id='word_1_238' title='bbox 3192 1896 3313 1968; x_wconf 82' lang='grc' dir='ltr'><strong>Θεῷ</strong></span> <span class='ocrx_word' id='word_1_239' title='bbox 3344 1898 3406 1952; x_wconf 91' lang='grc' dir='ltr'><strong>τὸ</strong></span> <span class='ocrx_word' id='word_1_240' title='bbox 3435 1900 3722 1971; x_wconf 82' lang='grc' dir='ltr'>γεννητὸν</span> 
     </span>
    </p>
   </div>
   <div class='ocr_carea' id='block_1_36' title="bbox 411 1989 2003 2065">
    <p class='ocr_par' dir='ltr' id='par_1_36' title="bbox 411 1989 2003 2065">
     <span class='ocr_line' id='line_1_36' title="bbox 411 1989 2003 2065; baseline -0.002 -17"><span class='ocrx_word' id='word_1_241' title='bbox 411 1992 717 2065; x_wconf 80' lang='lat' dir='ltr'><strong>ingenitum</strong></span> <span class='ocrx_word' id='word_1_242' title='bbox 768 1997 972 2062; x_wconf 87' lang='lat' dir='ltr'><strong>potest,</strong></span> <span class='ocrx_word' id='word_1_243' title='bbox 1025 1989 1298 2060; x_wconf 77' lang='lat' dir='ltr'><strong>siquidem</strong></span> <span class='ocrx_word' id='word_1_244' title='bbox 1356 1990 1669 2045; x_wconf 83' lang='lat' dir='ltr'><strong>substantia</strong></span> <span class='ocrx_word' id='word_1_245' title='bbox 1703 1990 1884 2045; x_wconf 89' lang='lat' dir='ltr'><strong>omnis</strong></span> <span class='ocrx_word' id='word_1_246' title='bbox 1920 1991 2003 2046; x_wconf 90' lang='lat' dir='ltr'><strong>in-</strong></span> 
     </span>
    </p>
   </div>
   <div class='ocr_carea' id='block_1_37' title="bbox 415 2079 2004 2154">
    <p class='ocr_par' dir='ltr' id='par_1_37' title="bbox 415 2079 2004 2154">
     <span class='ocr_line' id='line_1_37' title="bbox 415 2079 2004 2154; baseline -0.002 -16"><span class='ocrx_word' id='word_1_247' title='bbox 415 2081 597 2154; x_wconf 79' lang='lat' dir='ltr'><strong>genita</strong></span> <span class='ocrx_word' id='word_1_248' title='bbox 646 2086 753 2146; x_wconf 84' lang='lat' dir='ltr'><strong>est,</strong></span> <span class='ocrx_word' id='word_1_249' title='bbox 786 2086 1004 2143; x_wconf 89' lang='lat' dir='ltr'><strong>neutra,</strong></span> <span class='ocrx_word' id='word_1_250' title='bbox 1036 2079 1180 2149; x_wconf 89' lang='lat' dir='ltr'><strong>quod</strong></span> <span class='ocrx_word' id='word_1_251' title='bbox 1213 2079 1279 2134; x_wconf 91' lang='lat' dir='ltr'><strong>ad</strong></span> <span class='ocrx_word' id='word_1_252' title='bbox 1308 2094 1428 2133; x_wconf 87' lang='lat' dir='ltr'><strong>eam</strong></span> <span class='ocrx_word' id='word_1_253' title='bbox 1461 2079 1836 2135; x_wconf 88' lang='lat' dir='ltr'><strong>conditionem</strong></span> <span class='ocrx_word' id='word_1_254' title='bbox 1878 2080 2004 2135; x_wconf 90' lang='lat' dir='ltr'><strong>atti-</strong></span> 
     </span>
    </p>
   </div>
   <div class='ocr_carea' id='block_1_38' title="bbox 414 2170 2003 2240">
    <p class='ocr_par' dir='ltr' id='par_1_38' title="bbox 414 2170 2003 2240">
     <span class='ocr_line' id='line_1_38' title="bbox 414 2170 2003 2240; baseline -0.001 -12"><span class='ocrx_word' id='word_1_255' title='bbox 414 2183 541 2240; x_wconf 87' lang='lat' dir='ltr'><strong>net,</strong></span> <span class='ocrx_word' id='word_1_256' title='bbox 575 2173 781 2229; x_wconf 89' lang='lat' dir='ltr'><strong>nullius</strong></span> <span class='ocrx_word' id='word_1_257' title='bbox 816 2179 875 2227; x_wconf 89' lang='lat' dir='ltr'><strong>ut</strong></span> <span class='ocrx_word' id='word_1_258' title='bbox 909 2171 1215 2227; x_wconf 89' lang='lat' dir='ltr'><strong>dominatui</strong></span> <span class='ocrx_word' id='word_1_259' title='bbox 1251 2170 1455 2239; x_wconf 88' lang='lat' dir='ltr'><strong>subsit,</strong></span> <span class='ocrx_word' id='word_1_260' title='bbox 1486 2171 1556 2225; x_wconf 92' lang='lat' dir='ltr'><strong>ab</strong></span> <span class='ocrx_word' id='word_1_261' title='bbox 1590 2170 1761 2226; x_wconf 90' lang='lat' dir='ltr'><strong>altera</strong></span> <span class='ocrx_word' id='word_1_262' title='bbox 1788 2171 2003 2227; x_wconf 85' lang='lat' dir='ltr'><strong>discre-</strong></span> 
     </span>
    </p>
   </div>
   <div class='ocr_carea' id='block_1_39' title="bbox 418 2262 2039 2335">
    <p class='ocr_par' dir='ltr' id='par_1_39' title="bbox 418 2262 2039 2335">
     <span class='ocr_line' id='line_1_39' title="bbox 418 2262 2039 2335; baseline 0 -17"><span class='ocrx_word' id='word_1_263' title='bbox 418 2262 589 2335; x_wconf 88' lang='lat' dir='ltr'><strong>pabit.</strong></span> <span class='ocrx_word' id='word_1_264' title='bbox 641 2262 879 2331; x_wconf 85' lang='lat' dir='ltr'><strong>Quinam</strong></span> <span class='ocrx_word' id='word_1_265' title='bbox 925 2262 1093 2333; x_wconf 82' lang='lat' dir='ltr'><strong>igitur</strong></span> <span class='ocrx_word' id='word_1_266' title='bbox 1140 2262 1249 2317; x_wconf 88' lang='lat' dir='ltr'><strong>dici</strong></span> <span class='ocrx_word' id='word_1_267' title='bbox 1306 2270 1487 2333; x_wconf 83' lang='lat' dir='ltr'><strong>potest</strong></span> <span class='ocrx_word' id='word_1_268' title='bbox 1530 2263 1732 2317; x_wconf 86' lang='lat' dir='ltr'><strong>mutari</strong></span> <span class='ocrx_word' id='word_1_269' title='bbox 1784 2262 2039 2333; x_wconf 63' lang='lat' dir='ltr'><strong>quidem.</strong></span> 
     </span>
    </p>
   </div>
   <div class='ocr_carea' id='block_1_40' title="bbox 419 2355 2005 2426">
    <p class='ocr_par' dir='ltr' id='par_1_40' title="bbox 419 2355 2005 2426">
     <span class='ocr_line' id='line_1_40' title="bbox 419 2355 2005 2426; baseline 0 -15"><span class='ocrx_word' id='word_1_270' title='bbox 419 2358 679 2421; x_wconf 83' lang='lat' dir='ltr'><strong>alteram,</strong></span> <span class='ocrx_word' id='word_1_271' title='bbox 717 2356 945 2410; x_wconf 89' lang='lat' dir='ltr'><strong>alteram</strong></span> <span class='ocrx_word' id='word_1_272' title='bbox 992 2361 1237 2420; x_wconf 91' lang='lat' dir='ltr'><strong>mutare,</strong></span> <span class='ocrx_word' id='word_1_273' title='bbox 1285 2368 1412 2409; x_wconf 91' lang='lat' dir='ltr'><strong>cum</strong></span> <span class='ocrx_word' id='word_1_274' title='bbox 1454 2368 1521 2410; x_wconf 82' lang='lat' dir='ltr'><strong>ex</strong></span> <span class='ocrx_word' id='word_1_275' title='bbox 1557 2355 1709 2409; x_wconf 85' lang='lat' dir='ltr'><strong>nulla</strong></span> <span class='ocrx_word' id='word_1_276' title='bbox 1760 2355 2005 2426; x_wconf 82' lang='lat' dir='ltr'><strong>subjeCIa</strong></span> 
     </span>
    </p>
   </div>
   <div class='ocr_carea' id='block_1_41' title="bbox 419 2445 2005 2519">
    <p class='ocr_par' dir='ltr' id='par_1_41' title="bbox 419 2445 2005 2519">
     <span class='ocr_line' id='line_1_41' title="bbox 419 2445 2005 2519; baseline -0.001 -16"><span class='ocrx_word' id='word_1_277' title='bbox 419 2448 653 2503; x_wconf 84' lang='lat' dir='ltr'><strong>materia</strong></span> <span class='ocrx_word' id='word_1_278' title='bbox 694 2446 997 2519; x_wconf 88' lang='lat' dir='ltr'><strong>quidquam</strong></span> <span class='ocrx_word' id='word_1_279' title='bbox 1053 2445 1165 2502; x_wconf 88' lang='lat' dir='ltr'><strong>Deo</strong></span> <span class='ocrx_word' id='word_1_280' title='bbox 1230 2445 1538 2518; x_wconf 86' lang='lat' dir='ltr'><strong>producere</strong></span> <span class='ocrx_word' id='word_1_281' title='bbox 1591 2447 1818 2503; x_wconf 90' lang='lat' dir='ltr'><strong>minime</strong></span> <span class='ocrx_word' id='word_1_282' title='bbox 1878 2462 2005 2518; x_wconf 89' lang='lat' dir='ltr'><strong>per-</strong></span> 
     </span>
    </p>
   </div>
   <div class='ocr_carea' id='block_1_42' title="bbox 418 2539 681 2596">
    <p class='ocr_par' dir='ltr' id='par_1_42' title="bbox 418 2539 681 2596">
     <span class='ocr_line' id='line_1_42' title="bbox 418 2539 681 2596; baseline -0.004 -1"><span class='ocrx_word' id='word_1_283' title='bbox 418 2539 681 2596; x_wconf 77' lang='lat' dir='ltr'><strong>mittant?</strong></span> 
     </span>
    </p>
   </div>
   <div class='ocr_carea' id='block_1_43' title="bbox 490 2626 2010 2699">
    <p class='ocr_par' dir='ltr' id='par_1_43' title="bbox 490 2626 2010 2699">
     <span class='ocr_line' id='line_1_43' title="bbox 490 2626 2010 2699; baseline -0.003 -13"><span class='ocrx_word' id='word_1_284' title='bbox 490 2628 557 2686; x_wconf 87' lang='grc' dir='ltr'>ιι.</span> <span class='ocrx_word' id='word_1_285' title='bbox 611 2630 668 2684; x_wconf 89' lang='lat' dir='ltr'><strong>Si</strong></span> <span class='ocrx_word' id='word_1_286' title='bbox 715 2630 991 2699; x_wconf 78' lang='lat' dir='ltr'><strong>ingenitus</strong></span> <span class='ocrx_word' id='word_1_287' title='bbox 1039 2626 1182 2684; x_wconf 86' lang='lat' dir='ltr'><strong>Deus</strong></span> <span class='ocrx_word' id='word_1_288' title='bbox 1228 2642 1397 2683; x_wconf 90' lang='lat' dir='ltr'><strong>causa</strong></span> <span class='ocrx_word' id='word_1_289' title='bbox 1436 2636 1521 2684; x_wconf 92' lang='lat' dir='ltr'><strong>est</strong></span> <span class='ocrx_word' id='word_1_290' title='bbox 1563 2628 1711 2683; x_wconf 93' lang='lat' dir='ltr'><strong>omni</strong></span> <span class='ocrx_word' id='word_1_291' title='bbox 1752 2635 2010 2698; x_wconf 82' lang='lat' dir='ltr'><strong>praestan-</strong></span> 
     </span>
    </p>
   </div>
   <div class='ocr_carea' id='block_1_44' title="bbox 420 2720 2004 2792">
    <p class='ocr_par' dir='ltr' id='par_1_44' title="bbox 420 2720 2004 2792">
     <span class='ocr_line' id='line_1_44' title="bbox 420 2720 2004 2792; baseline -0.001 -15"><span class='ocrx_word' id='word_1_292' title='bbox 420 2722 549 2787; x_wconf 88' lang='lat' dir='ltr'><strong>tior,</strong></span> <span class='ocrx_word' id='word_1_293' title='bbox 583 2725 689 2792; x_wconf 70' lang='lat' dir='ltr'><strong>erit</strong></span> <span class='ocrx_word' id='word_1_294' title='bbox 734 2722 898 2777; x_wconf 88' lang='lat' dir='ltr'><strong>etiam</strong></span> <span class='ocrx_word' id='word_1_295' title='bbox 947 2720 1304 2791; x_wconf 80' lang='lat' dir='ltr'><strong>generatione</strong></span> <span class='ocrx_word' id='word_1_296' title='bbox 1351 2720 1469 2791; x_wconf 88' lang='lat' dir='ltr'><strong>ipsa</strong></span> <span class='ocrx_word' id='word_1_297' title='bbox 1505 2721 1900 2792; x_wconf 56' lang='lat' dir='ltr'><strong>praestantior:</strong></span> <span class='ocrx_word' id='word_1_298' title='bbox 1938 2721 2004 2785; x_wconf 85' lang='lat' dir='ltr'><strong>si,</strong></span> 
     </span>
    </p>
   </div>
   <div class='ocr_carea' id='block_1_45' title="bbox 422 2812 2007 2886">
    <p class='ocr_par' dir='ltr' id='par_1_45' title="bbox 422 2812 2007 2886">
     <span class='ocr_line' id='line_1_45' title="bbox 422 2812 2007 2886; baseline -0.001 -16"><span class='ocrx_word' id='word_1_299' title='bbox 422 2816 686 2886; x_wconf 88' lang='lat' dir='ltr'><strong>inquam,</strong></span> <span class='ocrx_word' id='word_1_300' title='bbox 739 2814 924 2870; x_wconf 87' lang='lat' dir='ltr'><strong>causis</strong></span> <span class='ocrx_word' id='word_1_301' title='bbox 973 2812 1232 2868; x_wconf 89' lang='lat' dir='ltr'><strong>omnibus</strong></span> <span class='ocrx_word' id='word_1_302' title='bbox 1293 2814 1611 2878; x_wconf 88' lang='lat' dir='ltr'><strong>antecellit,</strong></span> <span class='ocrx_word' id='word_1_303' title='bbox 1667 2812 2007 2885; x_wconf 83' lang='lat' dir='ltr'><strong>generationi</strong></span> 
     </span>
    </p>
   </div>
   <div class='ocr_carea' id='block_1_46' title="bbox 422 2904 2001 2976">
    <p class='ocr_par' dir='ltr' id='par_1_46' title="bbox 422 2904 2001 2976">
     <span class='ocr_line' id='line_1_46' title="bbox 422 2904 2001 2976; baseline -0.001 -14"><span class='ocrx_word' id='word_1_304' title='bbox 422 2909 609 2964; x_wconf 88' lang='lat' dir='ltr'><strong>itidem</strong></span> <span class='ocrx_word' id='word_1_305' title='bbox 654 2907 962 2964; x_wconf 86' lang='lat' dir='ltr'><strong>antecellet.</strong></span> <span class='ocrx_word' id='word_1_306' title='bbox 1007 2904 1196 2976; x_wconf 87' lang='lat' dir='ltr'><strong>Neque</strong></span> <span class='ocrx_word' id='word_1_307' title='bbox 1230 2907 1375 2960; x_wconf 91' lang='lat' dir='ltr'><strong>enim</strong></span> <span class='ocrx_word' id='word_1_308' title='bbox 1431 2914 1525 2961; x_wconf 92' lang='lat' dir='ltr'><strong>aut</strong></span> <span class='ocrx_word' id='word_1_309' title='bbox 1573 2907 1641 2961; x_wconf 92' lang='lat' dir='ltr'><strong>ab</strong></span> <span class='ocrx_word' id='word_1_310' title='bbox 1693 2907 1864 2961; x_wconf 85' lang='lat' dir='ltr'><strong>altera</strong></span> <span class='ocrx_word' id='word_1_311' title='bbox 1911 2921 2001 2961; x_wconf 83' lang='lat' dir='ltr'><strong>na-</strong></span> 
     </span>
    </p>
   </div>
   <div class='ocr_carea' id='block_1_47' title="bbox 422 2998 2007 3069">
    <p class='ocr_par' dir='ltr' id='par_1_47' title="bbox 422 2998 2007 3069">
     <span class='ocr_line' id='line_1_47' title="bbox 422 2998 2007 3069; baseline -0.004 -11"><span class='ocrx_word' id='word_1_312' title='bbox 422 3014 581 3068; x_wconf 80' lang='lat' dir='ltr'><strong>tura,</strong></span> <span class='ocrx_word' id='word_1_313' title='bbox 628 3012 687 3057; x_wconf 91' lang='lat' dir='ltr'><strong>ut</strong></span> <span class='ocrx_word' id='word_1_314' title='bbox 740 3008 917 3065; x_wconf 86' lang='lat' dir='ltr'><strong>esset,</strong></span> <span class='ocrx_word' id='word_1_315' title='bbox 971 2998 1211 3069; x_wconf 83' lang='lat' dir='ltr'><strong>accepit,</strong></span> <span class='ocrx_word' id='word_1_316' title='bbox 1258 3007 1353 3054; x_wconf 89' lang='lat' dir='ltr'><strong>aut</strong></span> <span class='ocrx_word' id='word_1_317' title='bbox 1395 2999 1531 3055; x_wconf 87' lang='lat' dir='ltr'><strong>illud</strong></span> <span class='ocrx_word' id='word_1_318' title='bbox 1586 2999 1705 3069; x_wconf 90' lang='lat' dir='ltr'><strong>ipse</strong></span> <span class='ocrx_word' id='word_1_319' title='bbox 1731 2998 1835 3054; x_wconf 85' lang='lat' dir='ltr'><strong>sibi</strong></span> <span class='ocrx_word' id='word_1_320' title='bbox 1875 3012 2007 3053; x_wconf 91' lang='lat' dir='ltr'><strong>con-</strong></span> 
     </span>
    </p>
   </div>
   <div class='ocr_carea' id='block_1_48' title="bbox 308 3095 733 3169">
    <p class='ocr_par' dir='ltr' id='par_1_48' title="bbox 308 3095 733 3169">
     <span class='ocr_line' id='line_1_48' title="bbox 308 3095 733 3169; baseline -0.005 -20"><span class='ocrx_word' id='word_1_321' title='bbox 308 3156 313 3157; x_wconf 10' lang='lat'><strong>,</strong></span> <span class='ocrx_word' id='word_1_322' title='bbox 423 3095 571 3149; x_wconf 86' lang='lat' dir='ltr'><strong>tulit.</strong></span> <span class='ocrx_word' id='word_1_323' title='bbox 730 3164 733 3169; x_wconf 3' lang='grc' dir='ltr'><strong>γ</strong></span> 
     </span>
    </p>
   </div>
   <div class='ocr_carea' id='block_1_49' title="bbox 491 3176 2004 3258">
    <p class='ocr_par' dir='ltr' id='par_1_49' title="bbox 491 3176 2004 3258">
     <span class='ocr_line' id='line_1_49' title="bbox 491 3176 2004 3258; baseline -0.001 -19"><span class='ocrx_word' id='word_1_324' title='bbox 491 3186 656 3258; x_wconf 73' lang='lat'><strong>925</strong></span> <span class='ocrx_word' id='word_1_325' title='bbox 681 3176 769 3240; x_wconf 89' lang='lat' dir='ltr'><strong>lll.</strong></span> <span class='ocrx_word' id='word_1_326' title='bbox 798 3186 916 3241; x_wconf 72' lang='lat' dir='ltr'><strong>1am</strong></span> <span class='ocrx_word' id='word_1_327' title='bbox 943 3201 1093 3251; x_wconf 87' lang='lat' dir='ltr'><strong>vero,</strong></span> <span class='ocrx_word' id='word_1_328' title='bbox 1122 3184 1169 3240; x_wconf 92' lang='lat' dir='ltr'><strong>si</strong></span> <span class='ocrx_word' id='word_1_329' title='bbox 1202 3183 1321 3254; x_wconf 89' lang='lat' dir='ltr'><strong>ipse</strong></span> <span class='ocrx_word' id='word_1_330' title='bbox 1342 3182 1469 3251; x_wconf 88' lang='lat' dir='ltr'><strong>sibi,</strong></span> <span class='ocrx_word' id='word_1_331' title='bbox 1506 3190 1565 3237; x_wconf 90' lang='lat' dir='ltr'><strong>ut</strong></span> <span class='ocrx_word' id='word_1_332' title='bbox 1590 3189 1758 3249; x_wconf 88' lang='lat' dir='ltr'><strong>esset,</strong></span> <span class='ocrx_word' id='word_1_333' title='bbox 1778 3179 2004 3237; x_wconf 81' lang='lat' dir='ltr'><strong>minime</strong></span> 
     </span>
    </p>
   </div>
   <div class='ocr_carea' id='block_1_50' title="bbox 2105 1990 3723 2065">
    <p class='ocr_par' dir='ltr' id='par_1_50' title="bbox 2105 1990 3723 2065">
     <span class='ocr_line' id='line_1_50' title="bbox 2105 1990 3723 2065; baseline -0.002 -18"><span class='ocrx_word' id='word_1_334' title='bbox 2105 1994 2403 2064; x_wconf 80' lang='grc' dir='ltr'>ἀγέννητον</span> <span class='ocrx_word' id='word_1_335' title='bbox 2433 1994 2678 2065; x_wconf 77' lang='grc' dir='ltr'>ποιῆσαι,</span> <span class='ocrx_word' id='word_1_336' title='bbox 2713 1994 2763 2047; x_wconf 89' lang='grc' dir='ltr'><strong>εί</strong></span> <span class='ocrx_word' id='word_1_337' title='bbox 2791 1995 2943 2049; x_wconf 81' lang='grc' dir='ltr'>πᾶσα</span> <span class='ocrx_word' id='word_1_338' title='bbox 2992 1990 3151 2045; x_wconf 81' lang='grc' dir='ltr'>οὐσία</span> <span class='ocrx_word' id='word_1_339' title='bbox 3184 1991 3333 2043; x_wconf 73' lang='grc' dir='ltr'>ἐστὶν</span> <span class='ocrx_word' id='word_1_340' title='bbox 3375 1992 3723 2064; x_wconf 76' lang='grc' dir='ltr'>ἁγέννητος,</span> 
     </span>
    </p>
   </div>
   <div class='ocr_carea' id='block_1_51' title="bbox 2106 2078 3720 2153">
    <p class='ocr_par' dir='ltr' id='par_1_51' title="bbox 2106 2078 3720 2153">
     <span class='ocr_line' id='line_1_51' title="bbox 2106 2078 3720 2153; baseline 0.001 -18"><span class='ocrx_word' id='word_1_341' title='bbox 2106 2081 2433 2153; x_wconf 83' lang='grc' dir='ltr'>ούδοποτέρα</span> <span class='ocrx_word' id='word_1_342' title='bbox 2480 2081 2669 2136; x_wconf 78' lang='grc' dir='ltr'>διοίσει</span> <span class='ocrx_word' id='word_1_343' title='bbox 2720 2082 2823 2152; x_wconf 83' lang='grc' dir='ltr'><strong>τῆς</strong></span> <span class='ocrx_word' id='word_1_344' title='bbox 2869 2079 3037 2151; x_wconf 71' lang='grc' dir='ltr'>ἄλλης</span> <span class='ocrx_word' id='word_1_345' title='bbox 3076 2078 3219 2132; x_wconf 86' lang='grc' dir='ltr'><strong>κατά</strong></span> <span class='ocrx_word' id='word_1_346' title='bbox 3269 2078 3333 2132; x_wconf 83' lang='grc' dir='ltr'><strong>τὸ</strong></span> <span class='ocrx_word' id='word_1_347' title='bbox 3372 2079 3720 2137; x_wconf 80' lang='grc' dir='ltr'>ἀδέσποτον.</span> 
     </span>
    </p>
   </div>
   <div class='ocr_carea' id='block_1_52' title="bbox 2108 2168 3727 2243">
    <p class='ocr_par' dir='ltr' id='par_1_52' title="bbox 2108 2168 3727 2243">
     <span class='ocr_line' id='line_1_52' title="bbox 2108 2168 3727 2243; baseline -0.001 -17"><span class='ocrx_word' id='word_1_348' title='bbox 2108 2172 2232 2237; x_wconf 82' lang='grc' dir='ltr'><strong>Πῶς</strong></span> <span class='ocrx_word' id='word_1_349' title='bbox 2264 2168 2359 2227; x_wconf 78' lang='grc' dir='ltr'><strong>οὖν</strong></span> <span class='ocrx_word' id='word_1_350' title='bbox 2411 2174 2475 2228; x_wconf 78' lang='grc' dir='ltr'>ἄν</span> <span class='ocrx_word' id='word_1_351' title='bbox 2515 2190 2599 2236; x_wconf 87' lang='grc' dir='ltr'><strong>τις</strong></span> <span class='ocrx_word' id='word_1_352' title='bbox 2641 2172 2777 2243; x_wconf 81' lang='grc' dir='ltr'>φαίη</span> <span class='ocrx_word' id='word_1_353' title='bbox 2815 2170 2915 2242; x_wconf 84' lang='grc' dir='ltr'>τὴν</span> <span class='ocrx_word' id='word_1_354' title='bbox 2951 2170 3052 2242; x_wconf 77' lang='grc' dir='ltr'>μὲν</span> <span class='ocrx_word' id='word_1_355' title='bbox 3093 2168 3531 2241; x_wconf 71' lang='grc' dir='ltr'>μεταϐάλλεσθαι</span> <span class='ocrx_word' id='word_1_356' title='bbox 3555 2212 3576 2238; x_wconf 84' lang='grc'><strong>,</strong></span> <span class='ocrx_word' id='word_1_357' title='bbox 3615 2172 3727 2243; x_wconf 73' lang='grc' dir='ltr'>τὴν</span> 
     </span>
    </p>
   </div>
   <div class='ocr_carea' id='block_1_53' title="bbox 2107 2258 3719 2336">
    <p class='ocr_par' dir='ltr' id='par_1_53' title="bbox 2107 2258 3719 2336">
     <span class='ocr_line' id='line_1_53' title="bbox 2107 2258 3719 2336; baseline -0.004 -17"><span class='ocrx_word' id='word_1_358' title='bbox 2107 2264 2165 2319; x_wconf 80' lang='grc' dir='ltr'><strong>δὲ</strong></span> <span class='ocrx_word' id='word_1_359' title='bbox 2199 2264 2578 2336; x_wconf 75' lang='grc' dir='ltr'>μεταϐάλλειν,</span> <span class='ocrx_word' id='word_1_360' title='bbox 2612 2264 2714 2319; x_wconf 81' lang='grc' dir='ltr'><strong>οὐκ</strong></span> <span class='ocrx_word' id='word_1_361' title='bbox 2754 2262 3158 2335; x_wconf 74' lang='grc' dir='ltr'>ἐπιτρεπόντων</span> <span class='ocrx_word' id='word_1_362' title='bbox 3194 2258 3274 2330; x_wconf 82' lang='grc' dir='ltr'>τῷ</span> <span class='ocrx_word' id='word_1_363' title='bbox 3306 2259 3427 2333; x_wconf 87' lang='grc' dir='ltr'>Θεῷ</span> <span class='ocrx_word' id='word_1_364' title='bbox 3456 2262 3719 2334; x_wconf 73' lang='grc' dir='ltr'>ύφιστᾷν</span> 
     </span>
    </p>
   </div>
   <div class='ocr_carea' id='block_1_54' title="bbox 2111 2356 2876 2430">
    <p class='ocr_par' dir='ltr' id='par_1_54' title="bbox 2111 2356 2876 2430">
     <span class='ocr_line' id='line_1_54' title="bbox 2111 2356 2876 2430; baseline 0.013 -17"><span class='ocrx_word' id='word_1_365' title='bbox 2111 2360 2174 2413; x_wconf 82' lang='grc' dir='ltr'>ὲκ</span> <span class='ocrx_word' id='word_1_366' title='bbox 2206 2360 2280 2430; x_wconf 80' lang='grc' dir='ltr'><strong>μὴ</strong></span> <span class='ocrx_word' id='word_1_367' title='bbox 2309 2358 2679 2429; x_wconf 80' lang='grc' dir='ltr'>ὑποκειμένης</span> <span class='ocrx_word' id='word_1_368' title='bbox 2707 2356 2876 2429; x_wconf 60' lang='lat' dir='ltr'><strong>illnc;</strong></span> 
     </span>
    </p>
   </div>
   <div class='ocr_carea' id='block_1_55' title="bbox 2183 2636 3722 2709">
    <p class='ocr_par' dir='ltr' id='par_1_55' title="bbox 2183 2636 3722 2709">
     <span class='ocr_line' id='line_1_55' title="bbox 2183 2636 3722 2709; baseline -0.001 -18"><span class='ocrx_word' id='word_1_369' title='bbox 2183 2638 2258 2691; x_wconf 90' lang='lat' dir='ltr'><strong>B&#39;.</strong></span> <span class='ocrx_word' id='word_1_370' title='bbox 2290 2636 2355 2691; x_wconf 83' lang='lat' dir='ltr'><strong>El</strong></span> <span class='ocrx_word' id='word_1_371' title='bbox 2389 2637 2570 2707; x_wconf 84' lang='grc' dir='ltr'>πάσης</span> <span class='ocrx_word' id='word_1_372' title='bbox 2600 2636 2782 2702; x_wconf 78' lang='grc' dir='ltr'>αἰτίας</span> <span class='ocrx_word' id='word_1_373' title='bbox 2807 2638 3072 2709; x_wconf 77' lang='grc' dir='ltr'>κρείττων</span> <span class='ocrx_word' id='word_1_374' title='bbox 3093 2636 3326 2709; x_wconf 82' lang='grc' dir='ltr'>ὑπάρχει</span> <span class='ocrx_word' id='word_1_375' title='bbox 3348 2636 3379 2689; x_wconf 82' lang='grc' dir='ltr'><strong>ὁ</strong></span> <span class='ocrx_word' id='word_1_376' title='bbox 3403 2636 3722 2707; x_wconf 84' lang='grc' dir='ltr'>ἀγέννητος</span> 
     </span>
    </p>
   </div>
   <div class='ocr_carea' id='block_1_56' title="bbox 2111 2728 3719 2801">
    <p class='ocr_par' dir='ltr' id='par_1_56' title="bbox 2111 2728 3719 2801">
     <span class='ocr_line' id='line_1_56' title="bbox 2111 2728 3719 2801; baseline 0 -18"><span class='ocrx_word' id='word_1_377' title='bbox 2111 2730 2264 2795; x_wconf 90' lang='grc' dir='ltr'>Θεὸς,</span> <span class='ocrx_word' id='word_1_378' title='bbox 2291 2729 2380 2783; x_wconf 83' lang='grc' dir='ltr'>διὰ</span> <span class='ocrx_word' id='word_1_379' title='bbox 2408 2728 2566 2783; x_wconf 80' lang='grc' dir='ltr'>τοῦτο</span> <span class='ocrx_word' id='word_1_380' title='bbox 2591 2730 2684 2783; x_wconf 65' lang='grc' dir='ltr'><strong>καὶ</strong></span> <span class='ocrx_word' id='word_1_381' title='bbox 2715 2729 2982 2799; x_wconf 85' lang='grc' dir='ltr'>γενέσεως</span> <span class='ocrx_word' id='word_1_382' title='bbox 3010 2730 3274 2801; x_wconf 82' lang='grc' dir='ltr'>κρείττων</span> <span class='ocrx_word' id='word_1_383' title='bbox 3306 2730 3373 2784; x_wconf 83' lang='grc' dir='ltr'><strong>ἂν</strong></span> <span class='ocrx_word' id='word_1_384' title='bbox 3401 2729 3525 2800; x_wconf 83' lang='grc' dir='ltr'>είη·</span> <span class='ocrx_word' id='word_1_385' title='bbox 3556 2732 3614 2783; x_wconf 82' lang='grc' dir='ltr'><strong>εί</strong></span> <span class='ocrx_word' id='word_1_386' title='bbox 3657 2729 3719 2782; x_wconf 79' lang='grc' dir='ltr'>δὲ</span> 
     </span>
    </p>
   </div>
   <div class='ocr_carea' id='block_1_57' title="bbox 2112 2820 3719 2894">
    <p class='ocr_par' dir='ltr' id='par_1_57' title="bbox 2112 2820 3719 2894">
     <span class='ocr_line' id='line_1_57' title="bbox 2112 2820 3719 2894; baseline -0.001 -19"><span class='ocrx_word' id='word_1_387' title='bbox 2112 2822 2380 2893; x_wconf 80' lang='grc' dir='ltr'>κρείττων</span> <span class='ocrx_word' id='word_1_388' title='bbox 2412 2822 2530 2875; x_wconf 73' lang='grc' dir='ltr'>ἐστὶ</span> <span class='ocrx_word' id='word_1_389' title='bbox 2558 2820 2742 2894; x_wconf 81' lang='grc' dir='ltr'>πάσης</span> <span class='ocrx_word' id='word_1_390' title='bbox 2777 2822 2977 2886; x_wconf 80' lang='grc' dir='ltr'>αἰτίας,</span> <span class='ocrx_word' id='word_1_391' title='bbox 3010 2822 3255 2893; x_wconf 85' lang='grc' dir='ltr'>δηλονότι</span> <span class='ocrx_word' id='word_1_392' title='bbox 3288 2823 3385 2876; x_wconf 75' lang='grc' dir='ltr'><strong>καὶ</strong></span> <span class='ocrx_word' id='word_1_393' title='bbox 3407 2821 3719 2892; x_wconf 81' lang='grc' dir='ltr'>γενέσεως.</span> 
     </span>
    </p>
   </div>
   <div class='ocr_carea' id='block_1_58' title="bbox 2113 2910 3719 2986">
    <p class='ocr_par' dir='ltr' id='par_1_58' title="bbox 2113 2910 3719 2986">
     <span class='ocr_line' id='line_1_58' title="bbox 2113 2910 3719 2986; baseline -0.001 -19"><span class='ocrx_word' id='word_1_394' title='bbox 2113 2912 2252 2968; x_wconf 75' lang='grc' dir='ltr'>Οὔτε</span> <span class='ocrx_word' id='word_1_395' title='bbox 2274 2914 2385 2984; x_wconf 84' lang='grc' dir='ltr'>γὰρ</span> <span class='ocrx_word' id='word_1_396' title='bbox 2414 2915 2544 2986; x_wconf 83' lang='grc' dir='ltr'>παρ’</span> <span class='ocrx_word' id='word_1_397' title='bbox 2579 2914 2776 2985; x_wconf 77' lang='grc' dir='ltr'>ἐτέρας</span> <span class='ocrx_word' id='word_1_398' title='bbox 2814 2913 3031 2984; x_wconf 84' lang='grc' dir='ltr'>φύσεως</span> <span class='ocrx_word' id='word_1_399' title='bbox 3075 2914 3265 2986; x_wconf 75' lang='grc' dir='ltr'>εἴληφε</span> <span class='ocrx_word' id='word_1_400' title='bbox 3292 2915 3353 2968; x_wconf 85' lang='grc' dir='ltr'><strong>τὸ</strong></span> <span class='ocrx_word' id='word_1_401' title='bbox 3379 2910 3539 2981; x_wconf 75' lang='grc' dir='ltr'>εἶναι,</span> <span class='ocrx_word' id='word_1_402' title='bbox 3583 2912 3719 2969; x_wconf 73' lang='grc' dir='ltr'>οὔτε</span> 
     </span>
    </p>
   </div>
   <div class='ocr_carea' id='block_1_59' title="bbox 2113 3002 3111 3079">
    <p class='ocr_par' dir='ltr' id='par_1_59' title="bbox 2113 3002 3111 3079">
     <span class='ocr_line' id='line_1_59' title="bbox 2113 3002 3111 3079; baseline -0.002 -17"><span class='ocrx_word' id='word_1_403' title='bbox 2113 3007 2277 3071; x_wconf 82' lang='grc' dir='ltr'>αὐτὸς</span> <span class='ocrx_word' id='word_1_404' title='bbox 2311 3006 2491 3077; x_wconf 78' lang='grc' dir='ltr'>ἑαυτῷ</span> <span class='ocrx_word' id='word_1_405' title='bbox 2524 3007 2583 3061; x_wconf 87' lang='grc' dir='ltr'><strong>τὸ</strong></span> <span class='ocrx_word' id='word_1_406' title='bbox 2623 3002 2765 3061; x_wconf 78' lang='grc' dir='ltr'>εἶναι</span> <span class='ocrx_word' id='word_1_407' title='bbox 2797 3007 3111 3079; x_wconf 76' lang='grc' dir='ltr'>παρέσχενέ</span> 
     </span>
    </p>
   </div>
   <div class='ocr_carea' id='block_1_60' title="bbox 2184 3158 3717 3258">
    <p class='ocr_par' dir='ltr' id='par_1_60' title="bbox 2184 3158 3717 3258">
     <span class='ocr_line' id='line_1_60' title="bbox 2184 3158 3717 3258; baseline -0.001 -19"><span class='ocrx_word' id='word_1_408' title='bbox 2184 3186 2258 3241; x_wconf 83' lang='grc' dir='ltr'><strong>Γ¹.</strong></span> <span class='ocrx_word' id='word_1_409' title='bbox 2301 3184 2440 3241; x_wconf 81' lang='grc' dir='ltr'>Είδὲ</span> <span class='ocrx_word' id='word_1_410' title='bbox 2472 3185 2635 3251; x_wconf 83' lang='grc' dir='ltr'>αὐτὸς</span> <span class='ocrx_word' id='word_1_411' title='bbox 2652 3158 2845 3258; x_wconf 62' lang='grc' dir='ltr'><strong>1ιξαυτῷ</strong></span> <span class='ocrx_word' id='word_1_412' title='bbox 2891 3186 2953 3241; x_wconf 92' lang='grc' dir='ltr'><strong>τὸ</strong></span> <span class='ocrx_word' id='word_1_413' title='bbox 2985 3183 3125 3240; x_wconf 79' lang='grc' dir='ltr'>εἶναι</span> <span class='ocrx_word' id='word_1_414' title='bbox 3177 3186 3251 3258; x_wconf 81' lang='grc' dir='ltr'>μὴ</span> <span class='ocrx_word' id='word_1_415' title='bbox 3301 3184 3610 3256; x_wconf 82' lang='grc' dir='ltr'>παρέσχεν,</span> <span class='ocrx_word' id='word_1_416' title='bbox 3653 3183 3717 3238; x_wconf 85' lang='grc' dir='ltr'><strong>ού</strong></span> 
     </span>
    </p>
   </div>
   <div class='ocr_carea' id='block_1_61' title="bbox 423 3256 2005 3349">
    <p class='ocr_par' dir='ltr' id='par_1_61' title="bbox 423 3256 1999 3349">
     <span class='ocr_line' id='line_1_61' title="bbox 423 3256 1999 3349; baseline -0.005 -14"><span class='ocrx_word' id='word_1_417' title='bbox 423 3256 680 3346; x_wconf 79' lang='lat' dir='ltr'><strong>contulit,</strong></span> <span class='ocrx_word' id='word_1_418' title='bbox 714 3293 825 3333; x_wconf 90' lang='lat' dir='ltr'><strong>non</strong></span> <span class='ocrx_word' id='word_1_419' title='bbox 853 3285 1075 3349; x_wconf 82' lang='lat' dir='ltr'><strong>prepter</strong></span> <span class='ocrx_word' id='word_1_420' title='bbox 1107 3275 1271 3331; x_wconf 90' lang='lat' dir='ltr'><strong>ullam</strong></span> <span class='ocrx_word' id='word_1_421' title='bbox 1302 3284 1515 3331; x_wconf 77' lang='lat' dir='ltr'><strong>natura:</strong></span> <span class='ocrx_word' id='word_1_422' title='bbox 1543 3273 1999 3337; x_wconf 88' lang='lat' dir='ltr'><strong>imbecillitatem,</strong></span> 
     </span>
    </p>
   </div>
   <div class='ocr_carea' id='block_1_62' title="bbox 2158 3256 3715 3349">
    <p class='ocr_par' dir='ltr' id='par_1_62' title="bbox 2158 3256 3715 3349">
     <span class='ocr_line' id='line_1_62' title="bbox 2158 3256 3715 3349; baseline 0 -20"><span class='ocrx_word' id='word_1_423' title='bbox 2158 3280 2198 3333; x_wconf 66' lang='lat' dir='ltr'><strong>,a</strong></span> <span class='ocrx_word' id='word_1_424' title='bbox 2230 3278 2291 3333; x_wconf 72' lang='grc' dir='ltr'><strong>τι)</strong></span> <span class='ocrx_word' id='word_1_425' title='bbox 2315 3277 2541 3343; x_wconf 80' lang='grc' dir='ltr'>ἀσθενὲς</span> <span class='ocrx_word' id='word_1_426' title='bbox 2574 3278 2672 3349; x_wconf 84' lang='grc' dir='ltr'>τῆς</span> <span class='ocrx_word' id='word_1_427' title='bbox 2697 3256 2934 3348; x_wconf 78' lang='grc' dir='ltr'>φύσεως,</span> <span class='ocrx_word' id='word_1_428' title='bbox 2966 3278 3103 3333; x_wconf 83' lang='grc' dir='ltr'><strong>ἀλλά</strong></span> <span class='ocrx_word' id='word_1_429' title='bbox 3122 3278 3213 3332; x_wconf 89' lang='grc' dir='ltr'><strong>διά</strong></span> <span class='ocrx_word' id='word_1_430' title='bbox 3242 3256 3306 3331; x_wconf 80' lang='grc' dir='ltr'><strong>τὸ</strong></span> <span class='ocrx_word' id='word_1_431' title='bbox 3328 3275 3715 3349; x_wconf 74' lang='grc' dir='ltr'>ὑπερϐεϐηκέ-</span> 
     </span>
    </p>
   </div>
   <div class='ocr_carea' id='block_1_63' title="bbox 425 3365 2012 3444">
    <p class='ocr_par' dir='ltr' id='par_1_63' title="bbox 425 3365 2012 3444">
     <span class='ocr_line' id='line_1_63' title="bbox 425 3365 2012 3444; baseline -0.005 -17"><span class='ocrx_word' id='word_1_432' title='bbox 425 3371 523 3427; x_wconf 89' lang='lat' dir='ltr'><strong>sed</strong></span> <span class='ocrx_word' id='word_1_433' title='bbox 549 3370 694 3444; x_wconf 86' lang='lat' dir='ltr'><strong>quod</strong></span> <span class='ocrx_word' id='word_1_434' title='bbox 726 3385 894 3428; x_wconf 89' lang='lat' dir='ltr'><strong>causa</strong></span> <span class='ocrx_word' id='word_1_435' title='bbox 937 3370 1013 3443; x_wconf 69' lang='lat' dir='ltr'><strong>sit</strong></span> <span class='ocrx_word' id='word_1_436' title='bbox 1045 3367 1196 3425; x_wconf 87' lang='lat' dir='ltr'><strong>omni</strong></span> <span class='ocrx_word' id='word_1_437' title='bbox 1246 3368 1518 3438; x_wconf 83' lang='lat' dir='ltr'><strong>superior,</strong></span> <span class='ocrx_word' id='word_1_438' title='bbox 1547 3367 1671 3438; x_wconf 90' lang='lat' dir='ltr'><strong>quis</strong></span> <span class='ocrx_word' id='word_1_439' title='bbox 1704 3365 2012 3423; x_wconf 82' lang='lat' dir='ltr'><strong>subsisten-</strong></span> 
     </span>
    </p>
   </div>
   <div class='ocr_carea' id='block_1_64' title="bbox 427 3457 2011 3532">
    <p class='ocr_par' dir='ltr' id='par_1_64' title="bbox 427 3457 2011 3532">
     <span class='ocr_line' id='line_1_64' title="bbox 427 3457 2011 3532; baseline -0.004 -15"><span class='ocrx_word' id='word_1_440' title='bbox 427 3472 539 3519; x_wconf 90' lang='lat' dir='ltr'><strong>tem</strong></span> <span class='ocrx_word' id='word_1_441' title='bbox 592 3470 845 3518; x_wconf 86' lang='lat' dir='ltr'><strong>naturam</strong></span> <span class='ocrx_word' id='word_1_442' title='bbox 881 3464 951 3519; x_wconf 93' lang='lat' dir='ltr'><strong>ab</strong></span> <span class='ocrx_word' id='word_1_443' title='bbox 979 3476 1042 3519; x_wconf 91' lang='lat' dir='ltr'><strong>ea</strong></span> <span class='ocrx_word' id='word_1_444' title='bbox 1074 3475 1197 3532; x_wconf 67' lang='lat' dir='ltr'><strong>qua:</strong></span> <span class='ocrx_word' id='word_1_445' title='bbox 1237 3459 1627 3516; x_wconf 88' lang='lat' dir='ltr'><strong>subsistentem</strong></span> <span class='ocrx_word' id='word_1_446' title='bbox 1672 3457 2011 3532; x_wconf 83' lang='lat' dir='ltr'><strong>produxerit,</strong></span> 
     </span>
    </p>
   </div>
   <div class='ocr_carea' id='block_1_65' title="bbox 426 3552 2011 3618">
    <p class='ocr_par' dir='ltr' id='par_1_65' title="bbox 426 3552 2011 3618">
     <span class='ocr_line' id='line_1_65' title="bbox 426 3552 2011 3618; baseline -0.001 -8"><span class='ocrx_word' id='word_1_447' title='bbox 426 3556 566 3611; x_wconf 89' lang='lat' dir='ltr'><strong>nihil</strong></span> <span class='ocrx_word' id='word_1_448' title='bbox 622 3555 677 3610; x_wconf 93' lang='lat' dir='ltr'><strong>in</strong></span> <span class='ocrx_word' id='word_1_449' title='bbox 731 3554 1042 3612; x_wconf 86' lang='lat' dir='ltr'><strong>substantia</strong></span> <span class='ocrx_word' id='word_1_450' title='bbox 1087 3552 1428 3609; x_wconf 89' lang='lat' dir='ltr'><strong>discriminis</strong></span> <span class='ocrx_word' id='word_1_451' title='bbox 1476 3552 1679 3609; x_wconf 89' lang='lat' dir='ltr'><strong>habere</strong></span> <span class='ocrx_word' id='word_1_452' title='bbox 1729 3552 2011 3618; x_wconf 77' lang='lat' dir='ltr'><strong>fatebitur,</strong></span> 
     </span>
    </p>
   </div>
   <div class='ocr_carea' id='block_1_66' title="bbox 426 3642 2013 3717">
    <p class='ocr_par' dir='ltr' id='par_1_66' title="bbox 426 3642 2013 3717">
     <span class='ocr_line' id='line_1_66' title="bbox 426 3642 2013 3717; baseline -0.004 -14"><span class='ocrx_word' id='word_1_453' title='bbox 426 3663 552 3703; x_wconf 88' lang='lat' dir='ltr'><strong>cum</strong></span> <span class='ocrx_word' id='word_1_454' title='bbox 584 3646 856 3717; x_wconf 84' lang='lat' dir='ltr'><strong>ejusmodi</strong></span> <span class='ocrx_word' id='word_1_455' title='bbox 909 3642 1271 3701; x_wconf 86' lang='lat' dir='ltr'><strong>subsistentia</strong></span> <span class='ocrx_word' id='word_1_456' title='bbox 1321 3642 1728 3713; x_wconf 81' lang='lat' dir='ltr'><strong>generationem</strong></span> <span class='ocrx_word' id='word_1_457' title='bbox 1794 3656 2013 3698; x_wconf 88' lang='lat' dir='ltr'><strong>omnem</strong></span> 
     </span>
    </p>
   </div>
   <div class='ocr_carea' id='block_1_67' title="bbox 426 3739 723 3795">
    <p class='ocr_par' dir='ltr' id='par_1_67' title="bbox 426 3739 723 3795">
     <span class='ocr_line' id='line_1_67' title="bbox 426 3739 723 3795; baseline -0.003 0"><span class='ocrx_word' id='word_1_458' title='bbox 426 3739 723 3795; x_wconf 70' lang='lat' dir='ltr'><strong>excludat?</strong></span> 
     </span>
    </p>
   </div>
   <div class='ocr_carea' id='block_1_68' title="bbox 498 3825 2014 3902">
    <p class='ocr_par' dir='ltr' id='par_1_68' title="bbox 498 3825 2014 3902">
     <span class='ocr_line' id='line_1_68' title="bbox 498 3825 2014 3902; baseline -0.002 -16"><span class='ocrx_word' id='word_1_459' title='bbox 498 3829 587 3886; x_wconf 77' lang='grc' dir='ltr'>ιν.</span> <span class='ocrx_word' id='word_1_460' title='bbox 633 3832 689 3886; x_wconf 85' lang='lat' dir='ltr'><strong>Si</strong></span> <span class='ocrx_word' id='word_1_461' title='bbox 740 3840 1003 3902; x_wconf 74' lang='lat' dir='ltr'><strong>perpetuo</strong></span> <span class='ocrx_word' id='word_1_462' title='bbox 1042 3846 1104 3885; x_wconf 82' lang='lat' dir='ltr'><strong>ac</strong></span> <span class='ocrx_word' id='word_1_463' title='bbox 1145 3832 1264 3887; x_wconf 90' lang='lat' dir='ltr'><strong>sine</strong></span> <span class='ocrx_word' id='word_1_464' title='bbox 1325 3828 1438 3884; x_wconf 88' lang='lat' dir='ltr'><strong>ullo</strong></span> <span class='ocrx_word' id='word_1_465' title='bbox 1473 3826 1579 3883; x_wconf 86' lang='lat' dir='ltr'><strong>line</strong></span> <span class='ocrx_word' id='word_1_466' title='bbox 1604 3825 1749 3882; x_wconf 90' lang='lat' dir='ltr'><strong>Deus</strong></span> <span class='ocrx_word' id='word_1_467' title='bbox 1777 3826 1831 3881; x_wconf 91' lang='lat' dir='ltr'><strong>in</strong></span> <span class='ocrx_word' id='word_1_468' title='bbox 1863 3827 2014 3896; x_wconf 74' lang='lat' dir='ltr'><strong>inge-</strong></span> 
     </span>
    </p>
   </div>
   <div class='ocr_carea' id='block_1_69' title="bbox 434 3918 2016 3994">
    <p class='ocr_par' dir='ltr' id='par_1_69' title="bbox 434 3918 2016 3994">
     <span class='ocr_line' id='line_1_69' title="bbox 434 3918 2016 3994; baseline -0.001 -18"><span class='ocrx_word' id='word_1_469' title='bbox 434 3922 553 3979; x_wconf 84' lang='lat' dir='ltr'><strong>nita</strong></span> <span class='ocrx_word' id='word_1_470' title='bbox 579 3932 776 3979; x_wconf 87' lang='lat' dir='ltr'><strong>natura</strong></span> <span class='ocrx_word' id='word_1_471' title='bbox 804 3922 1072 3994; x_wconf 87' lang='lat' dir='ltr'><strong>persistit,</strong></span> <span class='ocrx_word' id='word_1_472' title='bbox 1104 3937 1167 3979; x_wconf 91' lang='lat' dir='ltr'><strong>ae</strong></span> <span class='ocrx_word' id='word_1_473' title='bbox 1200 3924 1245 3978; x_wconf 90' lang='lat' dir='ltr'><strong>si</strong></span> <span class='ocrx_word' id='word_1_474' title='bbox 1279 3920 1461 3993; x_wconf 82' lang='lat' dir='ltr'><strong>genita</strong></span> <span class='ocrx_word' id='word_1_475' title='bbox 1493 3918 1710 3976; x_wconf 87' lang='lat' dir='ltr'><strong>soboles</strong></span> <span class='ocrx_word' id='word_1_476' title='bbox 1750 3918 1869 3974; x_wconf 91' lang='lat' dir='ltr'><strong>sine</strong></span> <span class='ocrx_word' id='word_1_477' title='bbox 1902 3918 2016 3974; x_wconf 90' lang='lat' dir='ltr'><strong>ullo</strong></span> 
     </span>
    </p>
   </div>
   <div class='ocr_carea' id='block_1_70' title="bbox 429 4011 2015 4085">
    <p class='ocr_par' dir='ltr' id='par_1_70' title="bbox 429 4011 2015 4085">
     <span class='ocr_line' id='line_1_70' title="bbox 429 4011 2015 4085; baseline -0.003 -16"><span class='ocrx_word' id='word_1_478' title='bbox 429 4014 536 4070; x_wconf 70' lang='lat' dir='ltr'><strong>fine</strong></span> <span class='ocrx_word' id='word_1_479' title='bbox 559 4015 739 4085; x_wconf 84' lang='lat' dir='ltr'><strong>genita</strong></span> <span class='ocrx_word' id='word_1_480' title='bbox 771 4022 876 4079; x_wconf 89' lang='lat' dir='ltr'><strong>est,</strong></span> <span class='ocrx_word' id='word_1_481' title='bbox 910 4029 1077 4085; x_wconf 86' lang='lat' dir='ltr'><strong>prava</strong></span> <span class='ocrx_word' id='word_1_482' title='bbox 1108 4014 1198 4069; x_wconf 89' lang='lat' dir='ltr'><strong>illa</strong></span> <span class='ocrx_word' id='word_1_483' title='bbox 1227 4014 1294 4070; x_wconf 89' lang='lat' dir='ltr'><strong>de</strong></span> <span class='ocrx_word' id='word_1_484' title='bbox 1330 4011 1656 4068; x_wconf 88' lang='lat' dir='ltr'><strong>homoousio</strong></span> <span class='ocrx_word' id='word_1_485' title='bbox 1722 4019 1775 4067; x_wconf 89' lang='lat' dir='ltr'><strong>et</strong></span> <span class='ocrx_word' id='word_1_486' title='bbox 1803 4011 2015 4066; x_wconf 69' lang='lat' dir='ltr'><strong>homo:-</strong></span> 
     </span>
    </p>
   </div>
   <div class='ocr_carea' id='block_1_71' title="bbox 427 4102 2013 4178">
    <p class='ocr_par' dir='ltr' id='par_1_71' title="bbox 427 4102 2013 4178">
     <span class='ocr_line' id='line_1_71' title="bbox 427 4102 2013 4178; baseline -0.004 -15"><span class='ocrx_word' id='word_1_487' title='bbox 427 4107 588 4163; x_wconf 86' lang='lat' dir='ltr'><strong>ousio</strong></span> <span class='ocrx_word' id='word_1_488' title='bbox 650 4106 925 4162; x_wconf 86' lang='lat' dir='ltr'><strong>sententia</strong></span> <span class='ocrx_word' id='word_1_489' title='bbox 975 4104 1376 4178; x_wconf 77' lang='lat' dir='ltr'><strong>proﬂigabitur.</strong></span> <span class='ocrx_word' id='word_1_490' title='bbox 1429 4103 1565 4159; x_wconf 90' lang='lat' dir='ltr'><strong>Cum</strong></span> <span class='ocrx_word' id='word_1_491' title='bbox 1627 4103 1760 4158; x_wconf 89' lang='lat' dir='ltr'><strong>illud</strong></span> <span class='ocrx_word' id='word_1_492' title='bbox 1795 4102 2013 4158; x_wconf 87' lang='lat' dir='ltr'><strong>interim</strong></span> 
     </span>
    </p>
   </div>
   <div class='ocr_carea' id='block_1_72' title="bbox 427 4193 2014 4269">
    <p class='ocr_par' dir='ltr' id='par_1_72' title="bbox 427 4193 2014 4269">
     <span class='ocr_line' id='line_1_72' title="bbox 427 4193 2014 4269; baseline -0.001 -17"><span class='ocrx_word' id='word_1_493' title='bbox 427 4198 484 4252; x_wconf 91' lang='lat' dir='ltr'><strong>in</strong></span> <span class='ocrx_word' id='word_1_494' title='bbox 538 4196 830 4267; x_wconf 86' lang='lat' dir='ltr'><strong>utriusque</strong></span> <span class='ocrx_word' id='word_1_495' title='bbox 859 4205 1073 4252; x_wconf 66' lang='lat' dir='ltr'><strong>natura:</strong></span> <span class='ocrx_word' id='word_1_496' title='bbox 1103 4196 1373 4269; x_wconf 83' lang='lat' dir='ltr'><strong>dignitate</strong></span> <span class='ocrx_word' id='word_1_497' title='bbox 1403 4201 1708 4259; x_wconf 88' lang='lat' dir='ltr'><strong>remaneat,</strong></span> <span class='ocrx_word' id='word_1_498' title='bbox 1750 4200 1833 4259; x_wconf 91' lang='lat' dir='ltr'><strong>ut,</strong></span> <span class='ocrx_word' id='word_1_499' title='bbox 1866 4193 2014 4265; x_wconf 83' lang='lat' dir='ltr'><strong>quod</strong></span> 
     </span>
    </p>
   </div>
   <div class='ocr_carea' id='block_1_73' title="bbox 429 4286 2014 4357">
    <p class='ocr_par' dir='ltr' id='par_1_73' title="bbox 429 4286 2014 4357">
     <span class='ocr_line' id='line_1_73' title="bbox 429 4286 2014 4357; baseline -0.001 -13"><span class='ocrx_word' id='word_1_500' title='bbox 429 4291 497 4345; x_wconf 88' lang='lat' dir='ltr'><strong>ad</strong></span> <span class='ocrx_word' id='word_1_501' title='bbox 558 4290 928 4346; x_wconf 83' lang='lat' dir='ltr'><strong>substantiam</strong></span> <span class='ocrx_word' id='word_1_502' title='bbox 983 4289 1200 4353; x_wconf 88' lang='lat' dir='ltr'><strong>attinet,</strong></span> <span class='ocrx_word' id='word_1_503' title='bbox 1252 4287 1563 4357; x_wconf 89' lang='lat' dir='ltr'><strong>comparari</strong></span> <span class='ocrx_word' id='word_1_504' title='bbox 1612 4286 1756 4342; x_wconf 89' lang='lat' dir='ltr'><strong>inter</strong></span> <span class='ocrx_word' id='word_1_505' title='bbox 1790 4293 1863 4357; x_wconf 58' lang='lat' dir='ltr'><strong>Zse</strong></span> <span class='ocrx_word' id='word_1_506' title='bbox 1915 4301 2014 4343; x_wconf 87' lang='lat' dir='ltr'><strong>ne-</strong></span> 
     </span>
    </p>
   </div>
   <div class='ocr_carea' id='block_1_74' title="bbox 428 4388 659 4453">
    <p class='ocr_par' dir='ltr' id='par_1_74' title="bbox 428 4388 659 4453">
     <span class='ocr_line' id='line_1_74' title="bbox 428 4388 659 4453; baseline -0.017 -15"><span class='ocrx_word' id='word_1_507' title='bbox 428 4388 659 4453; x_wconf 87' lang='lat' dir='ltr'><strong>queant.</strong></span> 
     </span>
    </p>
   </div>
   <div class='ocr_carea' id='block_1_75' title="bbox 500 4467 2013 4544">
    <p class='ocr_par' dir='ltr' id='par_1_75' title="bbox 500 4467 2013 4544">
     <span class='ocr_line' id='line_1_75' title="bbox 500 4467 2013 4544; baseline -0.003 -16"><span class='ocrx_word' id='word_1_508' title='bbox 500 4473 566 4527; x_wconf 84' lang='lat' dir='ltr'><strong>V.</strong></span> <span class='ocrx_word' id='word_1_509' title='bbox 610 4473 668 4528; x_wconf 90' lang='lat' dir='ltr'><strong>Si</strong></span> <span class='ocrx_word' id='word_1_510' title='bbox 723 4473 1000 4544; x_wconf 83' lang='lat' dir='ltr'><strong>ingenitus</strong></span> <span class='ocrx_word' id='word_1_511' title='bbox 1048 4470 1356 4527; x_wconf 82' lang='lat' dir='ltr'><strong>substantia</strong></span> <span class='ocrx_word' id='word_1_512' title='bbox 1404 4468 1545 4524; x_wconf 83' lang='lat' dir='ltr'><strong>Deus</strong></span> <span class='ocrx_word' id='word_1_513' title='bbox 1585 4477 1692 4535; x_wconf 86' lang='lat' dir='ltr'><strong>est,</strong></span> <span class='ocrx_word' id='word_1_514' title='bbox 1735 4467 1880 4538; x_wconf 87' lang='lat' dir='ltr'><strong>quod</strong></span> <span class='ocrx_word' id='word_1_515' title='bbox 1921 4483 2013 4537; x_wconf 74' lang='lat' dir='ltr'><strong>ge-</strong></span> 
     </span>
    </p>
   </div>
   <div class='ocr_carea' id='block_1_76' title="bbox 429 4559 2009 4632">
    <p class='ocr_par' dir='ltr' id='par_1_76' title="bbox 429 4559 2009 4632">
     <span class='ocr_line' id='line_1_76' title="bbox 429 4559 2009 4632; baseline -0.005 -10"><span class='ocrx_word' id='word_1_516' title='bbox 429 4568 606 4622; x_wconf 90' lang='lat' dir='ltr'><strong>nitum</strong></span> <span class='ocrx_word' id='word_1_517' title='bbox 654 4575 740 4622; x_wconf 89' lang='lat' dir='ltr'><strong>est</strong></span> <span class='ocrx_word' id='word_1_518' title='bbox 772 4581 879 4620; x_wconf 89' lang='lat' dir='ltr'><strong>non</strong></span> <span class='ocrx_word' id='word_1_519' title='bbox 914 4563 1272 4619; x_wconf 88' lang='lat' dir='ltr'><strong>distractione</strong></span> <span class='ocrx_word' id='word_1_520' title='bbox 1298 4561 1534 4632; x_wconf 90' lang='lat' dir='ltr'><strong>quadam</strong></span> <span class='ocrx_word' id='word_1_521' title='bbox 1563 4559 1893 4616; x_wconf 74' lang='lat' dir='ltr'><strong>substantia:</strong></span> <span class='ocrx_word' id='word_1_522' title='bbox 1918 4574 2009 4630; x_wconf 84' lang='lat' dir='ltr'><strong>ge-</strong></span> 
     </span>
    </p>
   </div>
   <div class='ocr_carea' id='block_1_77' title="bbox 429 4650 2009 4720">
    <p class='ocr_par' dir='ltr' id='par_1_77' title="bbox 429 4650 2009 4720">
     <span class='ocr_line' id='line_1_77' title="bbox 429 4650 2009 4720; baseline -0.006 -8"><span class='ocrx_word' id='word_1_523' title='bbox 429 4658 608 4713; x_wconf 89' lang='lat' dir='ltr'><strong>nitum</strong></span> <span class='ocrx_word' id='word_1_524' title='bbox 655 4665 760 4719; x_wconf 90' lang='lat' dir='ltr'><strong>est,</strong></span> <span class='ocrx_word' id='word_1_525' title='bbox 805 4655 901 4710; x_wconf 87' lang='lat' dir='ltr'><strong>sed</strong></span> <span class='ocrx_word' id='word_1_526' title='bbox 952 4654 1021 4707; x_wconf 90' lang='lat' dir='ltr'><strong>ab</strong></span> <span class='ocrx_word' id='word_1_527' title='bbox 1070 4651 1404 4717; x_wconf 86' lang='lat' dir='ltr'><strong>substantia,</strong></span> <span class='ocrx_word' id='word_1_528' title='bbox 1455 4664 1485 4704; x_wconf 87' lang='lat' dir='ltr'><strong>a</strong></span> <span class='ocrx_word' id='word_1_529' title='bbox 1529 4664 1635 4720; x_wconf 89' lang='lat' dir='ltr'><strong>qua</strong></span> <span class='ocrx_word' id='word_1_530' title='bbox 1684 4650 2009 4719; x_wconf 88' lang='lat' dir='ltr'><strong>productum</strong></span> 
     </span>
    </p>
   </div>
   <div class='ocr_carea' id='block_1_78' title="bbox 429 4730 2009 4816">
    <p class='ocr_par' dir='ltr' id='par_1_78' title="bbox 429 4730 2009 4816">
     <span class='ocr_line' id='line_1_78' title="bbox 429 4730 2009 4816; baseline -0.008 -9"><span class='ocrx_word' id='word_1_531' title='bbox 429 4758 535 4816; x_wconf 87' lang='lat' dir='ltr'><strong>est,</strong></span> <span class='ocrx_word' id='word_1_532' title='bbox 559 4730 821 4802; x_wconf 79' lang='lat' dir='ltr'><strong>manavit.</strong></span> <span class='ocrx_word' id='word_1_533' title='bbox 855 4746 1067 4816; x_wconf 86' lang='lat' dir='ltr'><strong>Quippe</strong></span> <span class='ocrx_word' id='word_1_534' title='bbox 1090 4745 1337 4801; x_wconf 89' lang='lat' dir='ltr'><strong>eamdem</strong></span> <span class='ocrx_word' id='word_1_535' title='bbox 1370 4744 1733 4799; x_wconf 85' lang='lat' dir='ltr'><strong>substantiam</strong></span> <span class='ocrx_word' id='word_1_536' title='bbox 1769 4742 2009 4812; x_wconf 79' lang='lat' dir='ltr'><strong>genitam</strong></span> 
     </span>
    </p>
   </div>
   <div class='ocr_carea' id='block_1_79' title="bbox 430 4833 2011 4911">
    <p class='ocr_par' dir='ltr' id='par_1_79' title="bbox 430 4833 2011 4911">
     <span class='ocr_line' id='line_1_79' title="bbox 430 4833 2011 4911; baseline -0.008 -12"><span class='ocrx_word' id='word_1_537' title='bbox 430 4841 593 4900; x_wconf 88' lang='lat' dir='ltr'><strong>simul</strong></span> <span class='ocrx_word' id='word_1_538' title='bbox 623 4848 678 4897; x_wconf 90' lang='lat' dir='ltr'><strong>et</strong></span> <span class='ocrx_word' id='word_1_539' title='bbox 705 4839 1007 4911; x_wconf 77' lang='lat' dir='ltr'><strong>ingenitam</strong></span> <span class='ocrx_word' id='word_1_540' title='bbox 1031 4852 1173 4902; x_wconf 86' lang='lat' dir='ltr'><strong>esse,</strong></span> <span class='ocrx_word' id='word_1_541' title='bbox 1203 4835 1353 4891; x_wconf 91' lang='lat' dir='ltr'><strong>nulla</strong></span> <span class='ocrx_word' id='word_1_542' title='bbox 1386 4848 1510 4889; x_wconf 90' lang='lat' dir='ltr'><strong>cum</strong></span> <span class='ocrx_word' id='word_1_543' title='bbox 1544 4833 1746 4904; x_wconf 87' lang='lat' dir='ltr'><strong>pietate</strong></span> <span class='ocrx_word' id='word_1_544' title='bbox 1778 4833 2011 4904; x_wconf 89' lang='lat' dir='ltr'><strong>conjun-</strong></span> 
     </span>
    </p>
   </div>
   <div class='ocr_carea' id='block_1_80' title="bbox 429 4932 942 5004">
    <p class='ocr_par' dir='ltr' id='par_1_80' title="bbox 429 4932 942 5004">
     <span class='ocr_line' id='line_1_80' title="bbox 429 4932 942 5004; baseline -0.018 -13"><span class='ocrx_word' id='word_1_545' title='bbox 429 4943 518 4991; x_wconf 82' lang='lat' dir='ltr'><strong>cta</strong></span> <span class='ocrx_word' id='word_1_546' title='bbox 542 4934 685 4990; x_wconf 90' lang='lat' dir='ltr'><strong>ratio</strong></span> <span class='ocrx_word' id='word_1_547' title='bbox 715 4932 942 5004; x_wconf 90' lang='lat' dir='ltr'><strong>patitur.</strong></span> 
     </span>
    </p>
   </div>
   <div class='ocr_carea' id='block_1_81' title="bbox 499 5020 2013 5098">
    <p class='ocr_par' dir='ltr' id='par_1_81' title="bbox 499 5020 2013 5098">
     <span class='ocr_line' id='line_1_81' title="bbox 499 5020 2013 5098; baseline -0.003 -18"><span class='ocrx_word' id='word_1_548' title='bbox 499 5026 589 5081; x_wconf 84' lang='lat' dir='ltr'><strong>Vl.</strong></span> <span class='ocrx_word' id='word_1_549' title='bbox 631 5026 689 5082; x_wconf 90' lang='lat' dir='ltr'><strong>Si</strong></span> <span class='ocrx_word' id='word_1_550' title='bbox 718 5027 962 5098; x_wconf 77' lang='lat' dir='ltr'><strong>genitum</strong></span> <span class='ocrx_word' id='word_1_551' title='bbox 998 5031 1083 5080; x_wconf 89' lang='lat' dir='ltr'><strong>est</strong></span> <span class='ocrx_word' id='word_1_552' title='bbox 1108 5022 1240 5078; x_wconf 90' lang='lat' dir='ltr'><strong>illud</strong></span> <span class='ocrx_word' id='word_1_553' title='bbox 1274 5022 1474 5092; x_wconf 89' lang='lat' dir='ltr'><strong>ipsum,</strong></span> <span class='ocrx_word' id='word_1_554' title='bbox 1514 5020 1659 5090; x_wconf 91' lang='lat' dir='ltr'><strong>quod</strong></span> <span class='ocrx_word' id='word_1_555' title='bbox 1689 5027 1775 5077; x_wconf 87' lang='lat' dir='ltr'><strong>est</strong></span> <span class='ocrx_word' id='word_1_556' title='bbox 1805 5021 2013 5093; x_wconf 80' lang='lat' dir='ltr'><strong>ingeni-</strong></span> 
     </span>
    </p>
   </div>
   <div class='ocr_carea' id='block_1_82' title="bbox 429 5113 2013 5191">
    <p class='ocr_par' dir='ltr' id='par_1_82' title="bbox 429 5113 2013 5191">
     <span class='ocr_line' id='line_1_82' title="bbox 429 5113 2013 5191; baseline -0.004 -16"><span class='ocrx_word' id='word_1_557' title='bbox 429 5131 567 5185; x_wconf 89' lang='lat' dir='ltr'><strong>tum,</strong></span> <span class='ocrx_word' id='word_1_558' title='bbox 591 5119 721 5191; x_wconf 90' lang='lat' dir='ltr'><strong>quid</strong></span> <span class='ocrx_word' id='word_1_559' title='bbox 740 5117 907 5174; x_wconf 90' lang='lat' dir='ltr'><strong>etiam</strong></span> <span class='ocrx_word' id='word_1_560' title='bbox 928 5116 1197 5189; x_wconf 86' lang='lat' dir='ltr'><strong>prohibet,</strong></span> <span class='ocrx_word' id='word_1_561' title='bbox 1232 5113 1376 5186; x_wconf 87' lang='lat' dir='ltr'><strong>quod</strong></span> <span class='ocrx_word' id='word_1_562' title='bbox 1394 5113 1635 5185; x_wconf 80' lang='lat' dir='ltr'><strong>genitum</strong></span> <span class='ocrx_word' id='word_1_563' title='bbox 1660 5120 1771 5179; x_wconf 87' lang='lat' dir='ltr'><strong>est,</strong></span> <span class='ocrx_word' id='word_1_564' title='bbox 1800 5113 2013 5185; x_wconf 80' lang='lat' dir='ltr'><strong>ingeni-</strong></span> 
     </span>
    </p>
   </div>
   <div class='ocr_carea' id='block_1_83' title="bbox 430 5208 2012 5285">
    <p class='ocr_par' dir='ltr' id='par_1_83' title="bbox 430 5208 2012 5285">
     <span class='ocr_line' id='line_1_83' title="bbox 430 5208 2012 5285; baseline -0.004 -15"><span class='ocrx_word' id='word_1_565' title='bbox 430 5225 544 5270; x_wconf 91' lang='lat' dir='ltr'><strong>tum</strong></span> <span class='ocrx_word' id='word_1_566' title='bbox 601 5214 806 5271; x_wconf 73' lang='lat' dir='ltr'><strong>fuisse?</strong></span> <span class='ocrx_word' id='word_1_567' title='bbox 860 5212 1145 5285; x_wconf 79' lang='lat' dir='ltr'><strong>Siquidem</strong></span> <span class='ocrx_word' id='word_1_568' title='bbox 1195 5218 1389 5265; x_wconf 88' lang='lat' dir='ltr'><strong>natura</strong></span> <span class='ocrx_word' id='word_1_569' title='bbox 1422 5208 1605 5264; x_wconf 92' lang='lat' dir='ltr'><strong>omnis</strong></span> <span class='ocrx_word' id='word_1_570' title='bbox 1638 5209 1706 5264; x_wconf 88' lang='lat' dir='ltr'><strong>ad</strong></span> <span class='ocrx_word' id='word_1_571' title='bbox 1738 5209 1829 5274; x_wconf 85' lang='lat' dir='ltr'><strong>id,</strong></span> <span class='ocrx_word' id='word_1_572' title='bbox 1863 5208 2012 5279; x_wconf 87' lang='lat' dir='ltr'><strong>quod</strong></span> 
     </span>
    </p>
   </div>
   <div class='ocr_carea' id='block_1_84' title="bbox 429 5300 2009 5378">
    <p class='ocr_par' dir='ltr' id='par_1_84' title="bbox 429 5300 2009 5378">
     <span class='ocr_line' id='line_1_84' title="bbox 429 5300 2009 5378; baseline -0.006 -14"><span class='ocrx_word' id='word_1_573' title='bbox 429 5314 721 5378; x_wconf 82' lang='lat' dir='ltr'><strong>cognatum</strong></span> <span class='ocrx_word' id='word_1_574' title='bbox 771 5306 875 5362; x_wconf 90' lang='lat' dir='ltr'><strong>sibi</strong></span> <span class='ocrx_word' id='word_1_575' title='bbox 920 5314 1026 5369; x_wconf 81' lang='lat' dir='ltr'><strong>est,</strong></span> <span class='ocrx_word' id='word_1_576' title='bbox 1080 5302 1255 5374; x_wconf 79' lang='lat' dir='ltr'><strong>magis</strong></span> <span class='ocrx_word' id='word_1_577' title='bbox 1283 5316 1445 5373; x_wconf 90' lang='lat' dir='ltr'><strong>quam</strong></span> <span class='ocrx_word' id='word_1_578' title='bbox 1486 5300 1552 5355; x_wconf 89' lang='lat' dir='ltr'><strong>ad</strong></span> <span class='ocrx_word' id='word_1_579' title='bbox 1583 5300 1821 5356; x_wconf 88' lang='lat' dir='ltr'><strong>alienum</strong></span> <span class='ocrx_word' id='word_1_580' title='bbox 1855 5315 2009 5373; x_wconf 88' lang='lat' dir='ltr'><strong>pcre-</strong></span> 
     </span>
    </p>
   </div>
   <div class='ocr_carea' id='block_1_85' title="bbox 430 5398 1021 5472">
    <p class='ocr_par' dir='ltr' id='par_1_85' title="bbox 430 5398 1021 5472">
     <span class='ocr_line' id='line_1_85' title="bbox 430 5398 1021 5472; baseline -0.005 -16"><span class='ocrx_word' id='word_1_581' title='bbox 430 5402 756 5472; x_wconf 67' lang='lat' dir='ltr'><strong>grinumque</strong></span> <span class='ocrx_word' id='word_1_582' title='bbox 779 5398 1021 5456; x_wconf 78' lang='lat' dir='ltr'><strong>festinat.</strong></span> 
     </span>
    </p>
   </div>
   <div class='ocr_carea' id='block_1_86' title="bbox 506 5484 2018 5559">
    <p class='ocr_par' dir='ltr' id='par_1_86' title="bbox 506 5484 2018 5559">
     <span class='ocr_line' id='line_1_86' title="bbox 506 5484 2018 5559; baseline -0.004 -15"><span class='ocrx_word' id='word_1_583' title='bbox 506 5490 615 5545; x_wconf 83' lang='lat' dir='ltr'><strong>Vll.</strong></span> <span class='ocrx_word' id='word_1_584' title='bbox 659 5491 715 5546; x_wconf 89' lang='lat' dir='ltr'><strong>Si</strong></span> <span class='ocrx_word' id='word_1_585' title='bbox 758 5499 907 5547; x_wconf 89' lang='lat' dir='ltr'><strong>totus</strong></span> <span class='ocrx_word' id='word_1_586' title='bbox 954 5505 1065 5546; x_wconf 90' lang='lat' dir='ltr'><strong>non</strong></span> <span class='ocrx_word' id='word_1_587' title='bbox 1107 5498 1192 5545; x_wconf 92' lang='lat' dir='ltr'><strong>est</strong></span> <span class='ocrx_word' id='word_1_588' title='bbox 1230 5488 1511 5559; x_wconf 77' lang='lat' dir='ltr'><strong>ingenitus</strong></span> <span class='ocrx_word' id='word_1_589' title='bbox 1558 5484 1724 5555; x_wconf 87' lang='lat' dir='ltr'><strong>Deus,</strong></span> <span class='ocrx_word' id='word_1_590' title='bbox 1765 5484 1901 5540; x_wconf 90' lang='lat' dir='ltr'><strong>nihil</strong></span> <span class='ocrx_word' id='word_1_591' title='bbox 1934 5491 2018 5540; x_wconf 88' lang='lat' dir='ltr'><strong>est</strong></span> 
     </span>
    </p>
   </div>
   <div class='ocr_carea' id='block_1_87' title="bbox 434 5580 2017 5655">
    <p class='ocr_par' dir='ltr' id='par_1_87' title="bbox 434 5580 2017 5655">
     <span class='ocr_line' id='line_1_87' title="bbox 434 5580 2017 5655; baseline -0.004 -16"><span class='ocrx_word' id='word_1_592' title='bbox 434 5585 577 5655; x_wconf 79' lang='lat' dir='ltr'><strong>quod</strong></span> <span class='ocrx_word' id='word_1_593' title='bbox 612 5586 813 5649; x_wconf 88' lang='lat' dir='ltr'><strong>obstet,</strong></span> <span class='ocrx_word' id='word_1_594' title='bbox 846 5586 1140 5655; x_wconf 91' lang='lat' dir='ltr'><strong>quominus</strong></span> <span class='ocrx_word' id='word_1_595' title='bbox 1185 5583 1486 5643; x_wconf 89' lang='lat' dir='ltr'><strong>secundum</strong></span> <span class='ocrx_word' id='word_1_596' title='bbox 1527 5580 1888 5638; x_wconf 89' lang='lat' dir='ltr'><strong>substantiam</strong></span> <span class='ocrx_word' id='word_1_597' title='bbox 1926 5586 2017 5649; x_wconf 75' lang='lat' dir='ltr'><strong>ge-</strong></span> 
     </span>
    </p>
   </div>
   <div class='ocr_carea' id='block_1_88' title="bbox 506 5742 1117 5815">
    <p class='ocr_par' dir='ltr' id='par_1_88' title="bbox 506 5742 1117 5815">
     <span class='ocr_line' id='line_1_88' title="bbox 506 5742 1117 5815; baseline -0.007 -16"><span class='ocrx_word' id='word_1_598' title='bbox 506 5742 523 5777; x_wconf 73' lang='grc'>⁸</span> <span class='ocrx_word' id='word_1_599' title='bbox 560 5743 690 5799; x_wconf 80' lang='lat' dir='ltr'><strong>Cor.</strong></span> <span class='ocrx_word' id='word_1_600' title='bbox 730 5742 1117 5815; x_wconf 79' lang='grc' dir='ltr'>προσιεμένης.</span> 
     </span>
    </p>
   </div>
   <div class='ocr_carea' id='block_1_89' title="bbox 2114 3366 3715 3444">
    <p class='ocr_par' dir='ltr' id='par_1_89' title="bbox 2114 3366 3715 3444">
     <span class='ocr_line' id='line_1_89' title="bbox 2114 3366 3715 3444; baseline -0.004 -17"><span class='ocrx_word' id='word_1_601' title='bbox 2114 3389 2202 3427; x_wconf 87' lang='grc' dir='ltr'><strong>ναι</strong></span> <span class='ocrx_word' id='word_1_602' title='bbox 2230 3372 2413 3426; x_wconf 79' lang='grc' dir='ltr'>πᾶσαν</span> <span class='ocrx_word' id='word_1_603' title='bbox 2450 3370 2628 3424; x_wconf 82' lang='grc' dir='ltr'>αἰτίαν</span> <span class='ocrx_word' id='word_1_604' title='bbox 2648 3386 2660 3399; x_wconf 91' lang='grc'><strong>·</strong></span> <span class='ocrx_word' id='word_1_605' title='bbox 2694 3370 2858 3425; x_wconf 82' lang='grc' dir='ltr'>πόθεν</span> <span class='ocrx_word' id='word_1_606' title='bbox 2884 3371 2951 3426; x_wconf 84' lang='grc' dir='ltr'>ἄν</span> <span class='ocrx_word' id='word_1_607' title='bbox 2978 3386 3061 3435; x_wconf 84' lang='grc' dir='ltr'><strong>τις</strong></span> <span class='ocrx_word' id='word_1_608' title='bbox 3092 3370 3192 3444; x_wconf 83' lang='grc' dir='ltr'>τὴν</span> <span class='ocrx_word' id='word_1_609' title='bbox 3221 3371 3539 3425; x_wconf 80' lang='grc' dir='ltr'>ὑποστᾶσαν</span> <span class='ocrx_word' id='word_1_610' title='bbox 3574 3366 3715 3440; x_wconf 77' lang='grc' dir='ltr'>πρὸς</span> 
     </span>
    </p>
   </div>
   <div class='ocr_carea' id='block_1_90' title="bbox 2114 3462 3715 3538">
    <p class='ocr_par' dir='ltr' id='par_1_90' title="bbox 2114 3462 3715 3538">
     <span class='ocr_line' id='line_1_90' title="bbox 2114 3462 3715 3538; baseline -0.004 -19"><span class='ocrx_word' id='word_1_611' title='bbox 2114 3465 2214 3538; x_wconf 79' lang='grc' dir='ltr'><strong>τὴν</strong></span> <span class='ocrx_word' id='word_1_612' title='bbox 2247 3466 2635 3537; x_wconf 83' lang='grc' dir='ltr'>ύποστήσασαν</span> <span class='ocrx_word' id='word_1_613' title='bbox 2666 3465 2830 3537; x_wconf 78' lang='grc' dir='ltr'>φύσιν</span> <span class='ocrx_word' id='word_1_614' title='bbox 2856 3465 2919 3519; x_wconf 90' lang='grc' dir='ltr'><strong>τὸ</strong></span> <span class='ocrx_word' id='word_1_615' title='bbox 2955 3463 3377 3535; x_wconf 82' lang='grc' dir='ltr'>ἀπαράλλακτον</span> <span class='ocrx_word' id='word_1_616' title='bbox 3407 3464 3491 3520; x_wconf 80' lang='grc' dir='ltr'><strong>είς</strong></span> <span class='ocrx_word' id='word_1_617' title='bbox 3519 3462 3715 3516; x_wconf 78' lang='grc' dir='ltr'>οὐσίαν</span> 
     </span>
    </p>
   </div>
   <div class='ocr_carea' id='block_1_91' title="bbox 2116 3555 3714 3631">
    <p class='ocr_par' dir='ltr' id='par_1_91' title="bbox 2116 3555 3714 3631">
     <span class='ocr_line' id='line_1_91' title="bbox 2116 3555 3714 3631; baseline -0.003 -19"><span class='ocrx_word' id='word_1_618' title='bbox 2116 3558 2259 3631; x_wconf 79' lang='grc' dir='ltr'>ἔχειν</span> <span class='ocrx_word' id='word_1_619' title='bbox 2306 3560 2716 3631; x_wconf 81' lang='grc' dir='ltr'>συγχωρήσειε,</span> <span class='ocrx_word' id='word_1_620' title='bbox 2760 3559 2820 3613; x_wconf 86' lang='grc' dir='ltr'><strong>οὐ</strong></span> <span class='ocrx_word' id='word_1_621' title='bbox 2878 3556 3209 3629; x_wconf 78' lang='grc' dir='ltr'>προϊεμένης</span> <span class='ocrx_word' id='word_1_622' title='bbox 3238 3558 3257 3588; x_wconf 70' lang='grc' dir='ltr'>ι</span> <span class='ocrx_word' id='word_1_623' title='bbox 3290 3555 3392 3626; x_wconf 84' lang='grc' dir='ltr'>τῆς</span> <span class='ocrx_word' id='word_1_624' title='bbox 3446 3556 3714 3624; x_wconf 78' lang='grc' dir='ltr'>τοιαύτης</span> 
     </span>
    </p>
   </div>
   <div class='ocr_carea' id='block_1_92' title="bbox 2116 3651 2744 3722">
    <p class='ocr_par' dir='ltr' id='par_1_92' title="bbox 2116 3651 2744 3722">
     <span class='ocr_line' id='line_1_92' title="bbox 2116 3651 2744 3722; baseline 0 -17"><span class='ocrx_word' id='word_1_625' title='bbox 2116 3652 2472 3716; x_wconf 81' lang='grc' dir='ltr'>ὑποστάσεως</span> <span class='ocrx_word' id='word_1_626' title='bbox 2498 3651 2744 3722; x_wconf 81' lang='grc' dir='ltr'>γένεσιν;</span> 
     </span>
    </p>
   </div>
   <div class='ocr_carea' id='block_1_93' title="bbox 2188 3823 3711 3902">
    <p class='ocr_par' dir='ltr' id='par_1_93' title="bbox 2188 3823 3711 3902">
     <span class='ocr_line' id='line_1_93' title="bbox 2188 3823 3711 3902; baseline -0.009 -17"><span class='ocrx_word' id='word_1_627' title='bbox 2188 3834 2261 3887; x_wconf 84' lang='grc' dir='ltr'><strong>Δ⁸.</strong></span> <span class='ocrx_word' id='word_1_628' title='bbox 2304 3832 2368 3886; x_wconf 79' lang='lat' dir='ltr'><strong>Ei</strong></span> <span class='ocrx_word' id='word_1_629' title='bbox 2426 3830 2803 3902; x_wconf 83' lang='grc' dir='ltr'>ἀτελευτήτως</span> <span class='ocrx_word' id='word_1_630' title='bbox 2836 3830 2864 3884; x_wconf 85' lang='grc' dir='ltr'>ὁ</span> <span class='ocrx_word' id='word_1_631' title='bbox 2898 3827 3031 3892; x_wconf 88' lang='grc' dir='ltr'>Θεὸς</span> <span class='ocrx_word' id='word_1_632' title='bbox 3062 3824 3306 3898; x_wconf 85' lang='grc' dir='ltr'>διαμένει</span> <span class='ocrx_word' id='word_1_633' title='bbox 3337 3824 3397 3876; x_wconf 81' lang='grc' dir='ltr'>ὲν</span> <span class='ocrx_word' id='word_1_634' title='bbox 3425 3823 3711 3892; x_wconf 73' lang='grc' dir='ltr'>ἀγεννήτῳ</span> 
     </span>
    </p>
   </div>
   <div class='ocr_carea' id='block_1_94' title="bbox 2118 3914 3703 3995">
    <p class='ocr_par' dir='ltr' id='par_1_94' title="bbox 2118 3914 3703 3995">
     <span class='ocr_line' id='line_1_94' title="bbox 2118 3914 3703 3995; baseline -0.009 -15"><span class='ocrx_word' id='word_1_635' title='bbox 2118 3924 2298 3995; x_wconf 74' lang='grc' dir='ltr'>φύσει,</span> <span class='ocrx_word' id='word_1_636' title='bbox 2329 3925 2426 3978; x_wconf 64' lang='grc' dir='ltr'><strong>καὶ⁹</strong></span> <span class='ocrx_word' id='word_1_637' title='bbox 2472 3923 2845 3994; x_wconf 85' lang='grc' dir='ltr'>ἀτελευτήτως</span> <span class='ocrx_word' id='word_1_638' title='bbox 2886 3921 2948 3975; x_wconf 88' lang='grc' dir='ltr'><strong>τὸ</strong></span> <span class='ocrx_word' id='word_1_639' title='bbox 2980 3919 3224 3989; x_wconf 87' lang='grc' dir='ltr'>γέννημα</span> <span class='ocrx_word' id='word_1_640' title='bbox 3256 3916 3508 3986; x_wconf 82' lang='grc' dir='ltr'>γέννημά</span> <span class='ocrx_word' id='word_1_641' title='bbox 3534 3914 3703 3975; x_wconf 74' lang='grc' dir='ltr'>ἐστιν,</span> 
     </span>
    </p>
   </div>
   <div class='ocr_carea' id='block_1_95' title="bbox 2114 4006 3709 4088">
    <p class='ocr_par' dir='ltr' id='par_1_95' title="bbox 2114 4006 3709 4088">
     <span class='ocr_line' id='line_1_95' title="bbox 2114 4006 3709 4088; baseline -0.008 -17"><span class='ocrx_word' id='word_1_642' title='bbox 2114 4018 2149 4087; x_wconf 76' lang='grc' dir='ltr'>ἡ</span> <span class='ocrx_word' id='word_1_643' title='bbox 2178 4016 2274 4071; x_wconf 80' lang='grc' dir='ltr'>τοῦ</span> <span class='ocrx_word' id='word_1_644' title='bbox 2306 4017 2598 4088; x_wconf 85' lang='grc' dir='ltr'>ὁμοουσίου</span> <span class='ocrx_word' id='word_1_645' title='bbox 2643 4012 2860 4069; x_wconf 75' lang='grc' dir='ltr'>καὶτοῦ</span> <span class='ocrx_word' id='word_1_646' title='bbox 2883 4012 3190 4085; x_wconf 82' lang='grc' dir='ltr'>ὁμοιουσίου</span> <span class='ocrx_word' id='word_1_647' title='bbox 3222 4006 3518 4074; x_wconf 79' lang='grc' dir='ltr'>κακοδοξία</span> <span class='ocrx_word' id='word_1_648' title='bbox 3570 4022 3709 4075; x_wconf 83' lang='grc' dir='ltr'>παρ-</span> 
     </span>
    </p>
   </div>
   <div class='ocr_carea' id='block_1_96' title="bbox 2117 4096 3707 4181">
    <p class='ocr_par' dir='ltr' id='par_1_96' title="bbox 2117 4096 3707 4181">
     <span class='ocr_line' id='line_1_96' title="bbox 2117 4096 3707 4181; baseline -0.009 -19"><span class='ocrx_word' id='word_1_649' title='bbox 2117 4108 2566 4181; x_wconf 80' lang='grc' dir='ltr'>εισφθαρήσεται.</span> <span class='ocrx_word' id='word_1_650' title='bbox 2599 4108 2845 4161; x_wconf 83' lang='grc' dir='ltr'>Ἵσταται</span> <span class='ocrx_word' id='word_1_651' title='bbox 2875 4104 2932 4159; x_wconf 88' lang='grc' dir='ltr'><strong>δὲ</strong></span> <span class='ocrx_word' id='word_1_652' title='bbox 2970 4103 3031 4157; x_wconf 86' lang='grc' dir='ltr'><strong>τὸ</strong></span> <span class='ocrx_word' id='word_1_653' title='bbox 3069 4105 3127 4157; x_wconf 83' lang='grc' dir='ltr'><strong>έν</strong></span> <span class='ocrx_word' id='word_1_654' title='bbox 3170 4101 3326 4171; x_wconf 70' lang='grc' dir='ltr'>οὐσίᾳ</span> <span class='ocrx_word' id='word_1_655' title='bbox 3372 4096 3707 4169; x_wconf 82' lang='grc' dir='ltr'>ἀσύγκριτον</span> 
     </span>
    </p>
   </div>
   <div class='ocr_carea' id='block_1_97' title="bbox 2117 4196 2961 4273">
    <p class='ocr_par' dir='ltr' id='par_1_97' title="bbox 2117 4196 2961 4273">
     <span class='ocr_line' id='line_1_97' title="bbox 2117 4196 2961 4273; baseline -0.007 -17"><span class='ocrx_word' id='word_1_656' title='bbox 2117 4201 2388 4273; x_wconf 75' lang='grc' dir='ltr'>ἑκατέρας</span> <span class='ocrx_word' id='word_1_657' title='bbox 2416 4200 2632 4272; x_wconf 84' lang='grc' dir='ltr'>φύσεως</span> <span class='ocrx_word' id='word_1_658' title='bbox 2667 4196 2961 4269; x_wconf 56' lang='lat' dir='ltr'><strong>aetnam.</strong></span> 
     </span>
    </p>
   </div>
   <div class='ocr_carea' id='block_1_98' title="bbox 2181 4478 3706 4554">
    <p class='ocr_par' dir='ltr' id='par_1_98' title="bbox 2181 4478 3706 4554">
     <span class='ocr_line' id='line_1_98' title="bbox 2181 4478 3706 4554; baseline -0.006 -16"><span class='ocrx_word' id='word_1_659' title='bbox 2181 4483 2257 4537; x_wconf 85' lang='lat' dir='ltr'><strong>E&#39;.</strong></span> <span class='ocrx_word' id='word_1_660' title='bbox 2326 4483 2393 4538; x_wconf 83' lang='lat' dir='ltr'><strong>El</strong></span> <span class='ocrx_word' id='word_1_661' title='bbox 2440 4482 2738 4554; x_wconf 83' lang='grc' dir='ltr'>ἀγέννητός</span> <span class='ocrx_word' id='word_1_662' title='bbox 2782 4482 2929 4535; x_wconf 79' lang='grc' dir='ltr'>ἐστιν</span> <span class='ocrx_word' id='word_1_663' title='bbox 2974 4482 3003 4533; x_wconf 81' lang='grc' dir='ltr'><strong>ὁ</strong></span> <span class='ocrx_word' id='word_1_664' title='bbox 3047 4479 3179 4544; x_wconf 88' lang='grc' dir='ltr'>Θεὸς</span> <span class='ocrx_word' id='word_1_665' title='bbox 3228 4479 3328 4552; x_wconf 80' lang='grc' dir='ltr'>τὴν</span> <span class='ocrx_word' id='word_1_666' title='bbox 3360 4478 3576 4544; x_wconf 85' lang='grc' dir='ltr'>ούσίαν,</span> <span class='ocrx_word' id='word_1_667' title='bbox 3611 4478 3706 4532; x_wconf 81' lang='grc' dir='ltr'><strong>ούκ</strong></span> 
     </span>
    </p>
   </div>
   <div class='ocr_carea' id='block_1_99' title="bbox 2041 4570 3706 4663">
    <p class='ocr_par' dir='ltr' id='par_1_99' title="bbox 2041 4570 3706 4663">
     <span class='ocr_line' id='line_1_99' title="bbox 2041 4570 3706 4663; baseline -0.004 -34"><span class='ocrx_word' id='word_1_668' title='bbox 2041 4606 2087 4663; x_wconf 75' lang='lat' dir='ltr'><strong>D</strong></span> <span class='ocrx_word' id='word_1_669' title='bbox 2116 4575 2305 4640; x_wconf 81' lang='grc' dir='ltr'>οὐσίας</span> <span class='ocrx_word' id='word_1_670' title='bbox 2328 4575 2608 4630; x_wconf 83' lang='grc' dir='ltr'>διαστάσει</span> <span class='ocrx_word' id='word_1_671' title='bbox 2637 4574 2697 4628; x_wconf 89' lang='grc' dir='ltr'><strong>τὸ</strong></span> <span class='ocrx_word' id='word_1_672' title='bbox 2730 4573 2986 4663; x_wconf 87' lang='grc' dir='ltr'>γεννητὸν</span> <span class='ocrx_word' id='word_1_673' title='bbox 3032 4570 3323 4643; x_wconf 81' lang='grc' dir='ltr'>ἐγεννήθη,</span> <span class='ocrx_word' id='word_1_674' title='bbox 3366 4570 3485 4663; x_wconf 48' lang='grc' dir='ltr'>ἀλλξ</span> <span class='ocrx_word' id='word_1_675' title='bbox 3517 4570 3580 4636; x_wconf 79' lang='grc' dir='ltr'><strong>ἐξ</strong></span> <span class='ocrx_word' id='word_1_676' title='bbox 3616 4571 3706 4624; x_wconf 83' lang='grc' dir='ltr'>οὐ·</span> 
     </span>
    </p>
   </div>
   <div class='ocr_carea' id='block_1_100' title="bbox 2121 4661 3705 4737">
    <p class='ocr_par' dir='ltr' id='par_1_100' title="bbox 2121 4661 3705 4737">
     <span class='ocr_line' id='line_1_100' title="bbox 2121 4661 3705 4737; baseline -0.003 -18"><span class='ocrx_word' id='word_1_677' title='bbox 2121 4665 2241 4729; x_wconf 86' lang='grc' dir='ltr'>σίας</span> <span class='ocrx_word' id='word_1_678' title='bbox 2276 4664 2663 4737; x_wconf 84' lang='grc' dir='ltr'>ύποστησάσης</span> <span class='ocrx_word' id='word_1_679' title='bbox 2714 4664 2866 4718; x_wconf 81' lang='grc' dir='ltr'>αὐτό.</span> <span class='ocrx_word' id='word_1_680' title='bbox 2898 4662 3009 4736; x_wconf 75' lang='grc' dir='ltr'>Τὴν</span> <span class='ocrx_word' id='word_1_681' title='bbox 3044 4663 3151 4733; x_wconf 86' lang='grc' dir='ltr'>γὰρ</span> <span class='ocrx_word' id='word_1_682' title='bbox 3174 4663 3344 4734; x_wconf 81' lang='grc' dir='ltr'>αὐτὴν</span> <span class='ocrx_word' id='word_1_683' title='bbox 3366 4661 3557 4716; x_wconf 79' lang='grc' dir='ltr'>οὐσίαν</span> <span class='ocrx_word' id='word_1_684' title='bbox 3617 4661 3705 4715; x_wconf 78' lang='grc' dir='ltr'>καὶ</span> 
     </span>
    </p>
   </div>
   <div class='ocr_carea' id='block_1_101' title="bbox 2118 4753 3707 4829">
    <p class='ocr_par' dir='ltr' id='par_1_101' title="bbox 2118 4753 3707 4829">
     <span class='ocr_line' id='line_1_101' title="bbox 2118 4753 3707 4829; baseline -0.002 -19"><span class='ocrx_word' id='word_1_685' title='bbox 2118 4756 2383 4829; x_wconf 84' lang='grc' dir='ltr'>γεννητὴν</span> <span class='ocrx_word' id='word_1_686' title='bbox 2437 4753 2575 4811; x_wconf 74' lang='grc' dir='ltr'>εἶναι</span> <span class='ocrx_word' id='word_1_687' title='bbox 2627 4757 2720 4812; x_wconf 76' lang='grc' dir='ltr'><strong>καὶ</strong></span> <span class='ocrx_word' id='word_1_688' title='bbox 2755 4756 3049 4828; x_wconf 77' lang='grc' dir='ltr'>ἀγέννητον</span> <span class='ocrx_word' id='word_1_689' title='bbox 3073 4755 3245 4820; x_wconf 68' lang='grc' dir='ltr'>οὐδεὶς</span> <span class='ocrx_word' id='word_1_690' title='bbox 3292 4754 3448 4819; x_wconf 77' lang='grc' dir='ltr'>λόυος</span> <span class='ocrx_word' id='word_1_691' title='bbox 3481 4755 3707 4824; x_wconf 77' lang='grc' dir='ltr'>εύσεῦὴς</span> 
     </span>
    </p>
   </div>
   <div class='ocr_carea' id='block_1_102' title="bbox 2118 4850 2419 4921">
    <p class='ocr_par' dir='ltr' id='par_1_102' title="bbox 2118 4850 2419 4921">
     <span class='ocr_line' id='line_1_102' title="bbox 2118 4850 2419 4921; baseline 0.01 -18"><span class='ocrx_word' id='word_1_692' title='bbox 2118 4850 2419 4921; x_wconf 75' lang='grc' dir='ltr'>ἐπιτρέπει.</span> 
     </span>
    </p>
   </div>
   <div class='ocr_carea' id='block_1_103' title="bbox 2198 5030 3702 5105">
    <p class='ocr_par' dir='ltr' id='par_1_103' title="bbox 2198 5030 3702 5105">
     <span class='ocr_line' id='line_1_103' title="bbox 2198 5030 3702 5105; baseline -0.003 -17"><span class='ocrx_word' id='word_1_693' title='bbox 2198 5034 2288 5101; x_wconf 66' lang='grc' dir='ltr'>ς.</span> <span class='ocrx_word' id='word_1_694' title='bbox 2333 5034 2394 5087; x_wconf 76' lang='lat' dir='ltr'><strong>Ei</strong></span> <span class='ocrx_word' id='word_1_695' title='bbox 2438 5034 2498 5088; x_wconf 89' lang='grc' dir='ltr'><strong>τὸ</strong></span> <span class='ocrx_word' id='word_1_696' title='bbox 2537 5034 2833 5105; x_wconf 88' lang='grc' dir='ltr'>ἀγέννητον</span> <span class='ocrx_word' id='word_1_697' title='bbox 2862 5033 3149 5104; x_wconf 76' lang='grc' dir='ltr'>ἐγεννήθη,</span> <span class='ocrx_word' id='word_1_698' title='bbox 3181 5032 3234 5085; x_wconf 86' lang='grc' dir='ltr'><strong>τί</strong></span> <span class='ocrx_word' id='word_1_699' title='bbox 3265 5030 3463 5086; x_wconf 85' lang='grc' dir='ltr'>κωλύει</span> <span class='ocrx_word' id='word_1_700' title='bbox 3493 5032 3556 5085; x_wconf 85' lang='grc' dir='ltr'><strong>τὸ</strong></span> <span class='ocrx_word' id='word_1_701' title='bbox 3587 5049 3702 5101; x_wconf 87' lang='grc' dir='ltr'>γεν-</span> 
     </span>
    </p>
   </div>
   <div class='ocr_carea' id='block_1_104' title="bbox 2124 5124 3704 5199">
    <p class='ocr_par' dir='ltr' id='par_1_104' title="bbox 2124 5124 3704 5199">
     <span class='ocr_line' id='line_1_104' title="bbox 2124 5124 3704 5199; baseline -0.002 -19"><span class='ocrx_word' id='word_1_702' title='bbox 2124 5127 2282 5196; x_wconf 88' lang='grc' dir='ltr'>νητὸν</span> <span class='ocrx_word' id='word_1_703' title='bbox 2331 5127 2630 5199; x_wconf 86' lang='grc' dir='ltr'>ἀγέννητον</span> <span class='ocrx_word' id='word_1_704' title='bbox 2659 5126 2973 5197; x_wconf 86' lang='grc' dir='ltr'>γεγονέναι;</span> <span class='ocrx_word' id='word_1_705' title='bbox 3022 5125 3239 5182; x_wconf 83' lang='grc' dir='ltr'>Μᾶλλον</span> <span class='ocrx_word' id='word_1_706' title='bbox 3271 5124 3382 5198; x_wconf 79' lang='grc' dir='ltr'>γὰρ</span> <span class='ocrx_word' id='word_1_707' title='bbox 3421 5124 3515 5178; x_wconf 80' lang='grc' dir='ltr'>τοῦ</span> <span class='ocrx_word' id='word_1_708' title='bbox 3567 5125 3704 5177; x_wconf 83' lang='grc' dir='ltr'>ἀνοι-</span> 
     </span>
    </p>
   </div>
   <div class='ocr_carea' id='block_1_105' title="bbox 2123 5215 3611 5290">
    <p class='ocr_par' dir='ltr' id='par_1_105' title="bbox 2123 5215 3611 5290">
     <span class='ocr_line' id='line_1_105' title="bbox 2123 5215 3611 5290; baseline -0.002 -17"><span class='ocrx_word' id='word_1_709' title='bbox 2123 5219 2272 5274; x_wconf 85' lang='grc' dir='ltr'>κείου</span> <span class='ocrx_word' id='word_1_710' title='bbox 2309 5221 2401 5275; x_wconf 74' lang='grc' dir='ltr'>ἐπὶ</span> <span class='ocrx_word' id='word_1_711' title='bbox 2429 5220 2488 5275; x_wconf 90' lang='grc' dir='ltr'><strong>τὸ</strong></span> <span class='ocrx_word' id='word_1_712' title='bbox 2514 5220 2685 5290; x_wconf 77' lang='grc' dir='ltr'>αὐτῆς</span> <span class='ocrx_word' id='word_1_713' title='bbox 2712 5221 2917 5274; x_wconf 85' lang='grc' dir='ltr'>οίκείον</span> <span class='ocrx_word' id='word_1_714' title='bbox 2943 5218 3222 5288; x_wconf 77' lang='grc' dir='ltr'>ἐπείγεται</span> <span class='ocrx_word' id='word_1_715' title='bbox 3248 5220 3396 5272; x_wconf 82' lang='grc' dir='ltr'>πᾶσα</span> <span class='ocrx_word' id='word_1_716' title='bbox 3430 5215 3611 5287; x_wconf 85' lang='grc' dir='ltr'>φύσις.</span> 
     </span>
    </p>
   </div>
   <div class='ocr_carea' id='block_1_106' title="bbox 2196 5481 3698 5556">
    <p class='ocr_par' dir='ltr' id='par_1_106' title="bbox 2196 5481 3698 5556">
     <span class='ocr_line' id='line_1_106' title="bbox 2196 5481 3698 5556; baseline -0.002 -18"><span class='ocrx_word' id='word_1_717' title='bbox 2196 5487 2268 5538; x_wconf 89' lang='lat' dir='ltr'><strong>Z&#39;.</strong></span> <span class='ocrx_word' id='word_1_718' title='bbox 2314 5485 2372 5539; x_wconf 82' lang='lat' dir='ltr'><strong>El</strong></span> <span class='ocrx_word' id='word_1_719' title='bbox 2409 5485 2485 5555; x_wconf 79' lang='grc' dir='ltr'><strong>μὴ</strong></span> <span class='ocrx_word' id='word_1_720' title='bbox 2521 5484 2642 5552; x_wconf 82' lang='grc' dir='ltr'>ὅλος</span> <span class='ocrx_word' id='word_1_721' title='bbox 2672 5486 2699 5539; x_wconf 80' lang='grc' dir='ltr'>ὁ</span> <span class='ocrx_word' id='word_1_722' title='bbox 2727 5484 2858 5550; x_wconf 85' lang='grc' dir='ltr'>Θεὸς</span> <span class='ocrx_word' id='word_1_723' title='bbox 2890 5485 3186 5556; x_wconf 79' lang='grc' dir='ltr'>ἀγέννητὸς</span> <span class='ocrx_word' id='word_1_724' title='bbox 3226 5485 3396 5549; x_wconf 77' lang='grc' dir='ltr'>ἐστιν,</span> <span class='ocrx_word' id='word_1_725' title='bbox 3424 5481 3574 5537; x_wconf 76' lang='grc' dir='ltr'>οὐδὲν</span> <span class='ocrx_word' id='word_1_726' title='bbox 3597 5498 3698 5536; x_wconf 57' lang='lat' dir='ltr'><strong>xu»</strong></span> 
     </span>
    </p>
   </div>
   <div class='ocr_carea' id='block_1_107' title="bbox 2124 5573 3697 5652">
    <p class='ocr_par' dir='ltr' id='par_1_107' title="bbox 2124 5573 3697 5652">
     <span class='ocr_line' id='line_1_107' title="bbox 2124 5573 3697 5652; baseline -0.003 -21"><span class='ocrx_word' id='word_1_727' title='bbox 2124 5577 2240 5631; x_wconf 88' lang='grc' dir='ltr'>λύει</span> <span class='ocrx_word' id='word_1_728' title='bbox 2294 5578 2353 5631; x_wconf 87' lang='grc' dir='ltr'><strong>τὸ</strong></span> <span class='ocrx_word' id='word_1_729' title='bbox 2406 5578 2793 5652; x_wconf 81' lang='grc' dir='ltr'>γεγεννηκέναι</span> <span class='ocrx_word' id='word_1_730' title='bbox 2842 5577 3129 5643; x_wconf 82' lang='grc' dir='ltr'>ούσιωδῶς.</span> <span class='ocrx_word' id='word_1_731' title='bbox 3188 5578 3251 5632; x_wconf 77' lang='lat' dir='ltr'><strong>Ei</strong></span> <span class='ocrx_word' id='word_1_732' title='bbox 3302 5576 3357 5631; x_wconf 77' lang='grc' dir='ltr'>δὲ</span> <span class='ocrx_word' id='word_1_733' title='bbox 3402 5574 3520 5641; x_wconf 83' lang='grc' dir='ltr'>ὅλος</span> <span class='ocrx_word' id='word_1_734' title='bbox 3561 5573 3697 5629; x_wconf 71' lang='grc' dir='ltr'>ἐστὶν</span> 
     </span>
    </p>
   </div>
  </div>
