3798 6212
428 216 534 276 539

1825 221 1881 279 S.
1926 221 2018 279 EPT

2150 224 2268 282 tNll
3623 217 3708 275 διο

425 331 624 387 merito
653 329 723 386 a'b
755 331 925 402 geniti
971 332 1286 388 substantia
1333 334 1481 389 velut
1525 337 1828 392 membrum
1875 341 2010 394 divi-

2151 341 2288 405 ότως
2318 339 2456 411 πρὸς
2490 341 2589 414 τὴν
2619 339 2710 396 τοῦ
2750 342 3085 413 γεννήματος
3111 340 3306 395 οὐσίαν
3339 337 3712 394 ἀντιδιαστῇ-

427 423 604 479 sionis
636 424 949 493 oppositum
975 426 1335 482 discernitur.
1383 426 1479 481 Sin
1508 438 1690 482 autem
1721 431 1851 485 nihil
1891 449 2009 487 om-

428 516 560 570 nino
617 517 948 571 vocabulum
1004 518 1140 572 illud
1189 520 1416 590 ingeniti
1475 521 1776 591 significat,
1838 525 2009 580 multo

427 608 613 663 minus
661 609 829 676 geniti
885 625 987 664 vox
1042 611 1251 682 aliquid
1302 614 1578 684 exprimit.
1633 613 1778 670 Nihil
1824 628 2006 673 autem

427 700 708 770 quomodo
745 700 915 754 nihilo
947 702 1001 755 in
1034 701 1302 758 divisione
1330 705 1728 774 respondebit?

499 791 644 846 XIX.
688 792 844 858 Quod
892 794 939 847 si
993 795 1110 874 ipsa
1151 796 1376 865 ingeniti
1431 799 1807 867 pronuntiatio
1842 799 2005 870 927

428 882 867 954 pronuntiationi
917 885 1084 954 geniti
1137 887 1470 955 Opponitur,
1525 902 1646 941 cum
1708 890 2006 942 secundum

428 974 936 1042 pronuntiationem
987 977 1266 1031 silentium
1325 980 1713 1049 subsequatur,
1743 980 2013 1035 Christia-

428 1081 626 1118 norum
681 1081 806 1136 spes
836 1067 1010 1124 {modo
1044 1070 1296 1134 exsistet,
1345 1071 1508 1125 modo
1533 1088 1656 1127 esse
1690 1073 1925 1139 desinet,
1956 1075 2011 1128 in

429 1156 645 1212 diversa
673 1161 1121 1227 pronuntiatione
1151 1162 1364 1230 posita;
1403 1179 1509 1216 non
1541 1165 1592 1218 iu
1624 1166 1860 1230 naturis,
1894 1183 2014 1236 qua:

431 1249 507 1303 ita
554 1266 674 1304 sese
724 1251 990 1317 habeant,
1043 1254 1502 1322 quemadmodum
1557 1257 1841 1313 nominum
1895 1261 2012 1330 ipsa

429 1342 760 1413 significatio
790 1344 1050 1399 declarat.
1737 1421 1742 1426 γ

507 1433 619 1488 XX.
667 1434 1059 1504 Si-ingenitum
1102 1439 1238 1493 nihil
1282 1440 1349 1494 ad
1403 1443 1727 1498 substantia:
1779 1446 2016 1516 dignita-

432 1534 541 1578 tum
594 1527 831 1595 amplius
877 1527 1110 1591 confert,
1159 1544 1322 1598 quam
1355 1533 1619 1601 genitum,
1672 1532 1847 1589 Filius
1897 1538 2015 1590 sola

431 1617 686 1671 vocabuli
741 1621 1184 1688 pronuntiatione
1249 1633 1540 1692 superatus
1598 1629 2014 1695 praestautiores

2110 431 2282 485 λεται.
2336 432 2399 484 Ei
2437 431 2493 484 δὲ
2542 431 2706 503 μηδὲν
2736 431 2991 502 σημαίνει
3039 430 3102 483 τὸ
3151 429 3490 500 ἀγέννητον,
3545 423 3712 494 πολλῷ

2116 524 2313 594 μᾶλλον
2341 524 2490 576 οὐδὲν
2523 523 2674 595 δηλοῖ
2695 523 2756 575 τὸ
2783 523 3048 593 γέννημα.
3089 522 3297 593 Μηδενὶ
3339 519 3526 591 μηδὲν
3557 518 3574 548 ⁸

2111 615 2544 687 ἀντιδιασταλείη
2566 631 2579 676 ;

2182 799 2282 853 ῙΘ’.
2315 800 2377 852 Ei
2409 799 2465 852 δὲ
2513 801 2545 869 ἡ
2595 799 2889 870 ἀγέννητος
2918 797 3166 868 προφορά
3198 796 3336 868 πρὸς
3372 798 3486 867 τὴν
3528 810 3710 861 γεννη-

2113 891 2210 961 τὴν
2243 890 2520 961 προφορὰν
2552 889 3066 952 ἀντιδιαστέλλεται,
3100 889 3313 959 σιωπῆς
3356 888 3465 958 τὴν
3515 887 3712 954 ὑποιγν-

2116 982 2217 1054 ράν
2267 981 2672 1052 διαδεχομένης,
2727 981 2975 1049 γίνεσθαι
3032 980 3321 1051 συμϐαίνει
3365 981 3467 1033 καὶ
3523 977 3709 1042 ἀπογί-

2114 1075 2298 1129 νεσϐαι
2347 1074 2444 1146 τὴν
2501 1073 2608 1127 τῶν
2670 1072 3006 1144 Χριστιανῶν
3065 1072 3281 1138 ἐλπίδα,
3345 1073 3402 1125 ἐν
3468 1071 3710 1140 διαφόρῳ

2115 1169 2367 1239 προφορᾷ
2398 1167 2678 1238 κειμένην,
2715 1166 2826 1220 ἀλλ’
2849 1167 2948 1219 οὐκ
2981 1166 3039 1218 ὲν
3082 1165 3305 1234 φύσεσιν
3338 1163 3525 1226 οὕτως
3567 1162 3710 1232 ἐχού-

2119 1275 2256 1322 σαις,
2289 1259 2364 1321 ὡς
2400 1259 2432 1328 ή
2463 1256 2573 1310 τῶν
2605 1256 2882 1326 ὀνομάτων
2917 1255 3164 1325 βούλεται
3205 1256 3479 1326 σημασία.

2187 1432 2270 1486 K'.
2313 1433 2375 1486 El
2409 1432 2572 1504 μηδὲν
2609 1431 2768 1484 πλέον
2799 1430 2952 1502 νέμει
2980 1433 3059 1495 είς
3097 1429 3373 1502 ὑπεροχὴν
3415 1431 3617 1494 odaria;
3653 1429 3706 1484 τὸ

2117 1523 2408 1594 ἀγέννητον
2453 1523 2589 1592 πρὸς
2625 1522 2686 1574 τὸ
2721 1521 2965 1592 γέννημα
2988 1563 3001 1584 ,
3044 1523 3297 1593 προφορᾷ
3330 1521 3493 1591 μόνον
3538 1523 3706 1590 ὑπερ·

2119 1613 2376 1683 εχόμενος
2400 1612 2590 1675 ὁΥἱὸς,
2610 1611 2854 1682 βελτίους
2881 1611 3074 1664 ἑαυτοῦ
3096 1610 3366 1680 γνώσεται
3383 1614 3511 1676 τοὺς
3544 1629 3706 1682 προς.

430 1723 552 1762 sese
589 1711 930 1780 appellantes
957 1712 1106 1781 ipsos
1137 1725 1438 1784 agnoscet;
1475 1731 1586 1771 non
1618 1733 1764 1783 eum,
1803 1722 1895 1790 qui
1930 1722 2014 1791 ip-

2150 1703 2542 1775 γορεύσαντας,
2579 1705 2638 1757 οὐ
2681 1703 2770 1757 τὸν
2814 1705 3327 1775 προσαγορευθέντα
3374 1705 3509 1758 Θεὸν
3541 1704 3703 1758 αὐτοῦ

429 1799 547 1853 sius
579 1799 723 1855 Deus
754 1804 1078 1872 appellatur,
1106 1813 1157 1859 et
1189 1804 1372 1861 Pater.

498 1891 641 1947 XXI.
689 1893 745 1947 Si
775 1896 1014 1966 ingenita
1057 1897 1364 1952 substantia
1396 1902 1738 1969 generationi
1772 1913 2013 1973 praestat,

435 1985 658 2040 insitam
686 1987 739 2040 in
769 2003 890 2042 sese
929 1989 1136 2042 habens
1167 1991 1570 2056 excellentiam,
1605 2002 1796 2064 suapte
1824 2003 2018 2050 natura

431 2074 674 2144 ingenita
721 2085 804 2130 est
861 2077 1187 2131 substantia.
1245 2079 1433 2148 Neque
1481 2081 1625 2134 enim
1674 2085 1761 2137 cui
1801 2084 2014 2138 libitum

428 2170 535 2228 est,
568 2178 665 2231 pro
688 2178 753 2217 eo
786 2164 930 2233 quod
970 2165 1182 2218 libitum
1211 2174 1316 2229 est,
1346 2169 1683 2236 generationi
1711 2171 2011 2233 antecellit,

430 2253 526 2306 sed
578 2253 724 2323 quod
772 2256 844 2308 ita
897 2264 1090 2308 natura
1133 2269 1482 2326 comparatus
1529 2265 1633 2312 est.
1661 2257 1841 2324 Quare
1891 2273 2016 2312 cum

431 2342 579 2398 Deus
605 2359 701 2413 per
727 2361 850 2399 sese
883 2346 1123 2416 ingenita
1157 2348 1228 2401 sit
1263 2348 1593 2414 substantia,
1637 2351 1838 2403 rationi
1883 2351 2017 2404 nulli

433 2437 719 2506 permittit,
754 2439 856 2493 sibi
887 2448 944 2492 ut
977 2442 1383 2509 generationem
1413 2441 1630 2510 aflingat
1656 2459 1670 2507 ;
1714 2443 1809 2498 sed
1840 2445 2013 2514 inqui-

433 2529 686 2585 sitionem
714 2545 930 2585 0iunem
974 2549 1039 2586 ac
1095 2536 1571 2590 ratiocinationem
1598 2537 1664 2591 ad
1693 2554 1779 2592 res
1811 2541 2019 2609 genitas

434 2623 692 2676 amandat
717 2640 778 2676 ae
807 2624 1005 2692 reiicit.

501 2712 668 2772 XXII.
713 2715 770 2769 Si
799 2717 1021 2785 ingeniti
1058 2732 1159 2771 vox
1201 2720 1557 2788 privationem
1590 2722 1644 2775 in
1675 2722 1784 2777 Deo
1810 2725 2020 2795 signifi-

429 2818 541 2873 cat,
591 2824 769 2879 neque
814 2810 1110 2880 quidquam
1145 2812 1372 2866 omnino
1411 2813 1480 2866 sit
1519 2814 1844 2884 ingenitum,
1874 2834 2022 2886 qua:-

431 2917 558 2955 nam
602 2899 743 2955 ratio
788 2903 854 2956 ab
893 2919 980 2968 eo,
1027 2904 1172 2973 quod
1204 2920 1310 2958 non
1360 2913 1476 2968 est,
1529 2907 1663 2960 nihil
1717 2908 1892 2978 possit
1920 2925 2020 2963 au-

2122 1796 2213 1847 καὶ
2247 1794 2486 1865 Πατέρα.

2194 1888 2325 1940 ΚΑ’.
2369 1888 2430 1940 Ei
2474 1888 2505 1957 ἡ
2553 1886 2849 1956 ἀγέννητος
2881 1887 3036 1940 οὐσία
3084 1888 3355 1959 κρείττων
3400 1889 3516 1941 ἐστὶ
3549 1890 3700 1957 γενέ-

2123 1995 2280 2043 σεως,
2309 1977 2520 2031 οἴκοθεν
2551 1979 2750 2047 ἔχουσα
2785 1979 2846 2031 τὸ
2888 1982 3133 2050 κρεῖττον
3161 1981 3315 2045 αὐτὸ,
3353 1981 3510 2034 οὐσία
3557 1984 3700 2034 ἐστὶν

2121 2069 2432 2138 ἀγέννητος.
2465 2068 2539 2122 Οὐ
2574 2070 2684 2140 γὰρ
2715 2068 3062 2139 βουλόμενος,
3105 2071 3188 2124 ὅτι
3226 2071 3510 2141 βούλεται,
3556 2075 3700 2141 γενέ-

2123 2159 2261 2223 σεώς
2306 2161 2420 2212 ἐστι
2474 2161 2776 2232 κρείττων,
2822 2161 2936 2214 ἀλλ’
2977 2161 3057 2214 ὅτι
3107 2162 3370 2232 πέφυκεν.
3418 2165 3556 2217 Αὐτὸ
3611 2164 3699 2217 οὖν

2123 2252 2443 2323 ὑπάρχουσα
2499 2252 2656 2306 οὐσία
2709 2254 3003 2326 ἀγέννητος
3049 2257 3077 2308 ὁ
3124 2255 3295 2321 Θεὸς,
3335 2256 3513 2310 οὐδενὶ
3559 2257 3696 2326 λόγῳ

2122 2347 2408 2419 ἐπιτρέπει
2459 2349 2578 2402 καθ’
2630 2350 2827 2420 ἑαυτῆς
2877 2351 3090 2418 γένεσιν
3133 2351 3447 2422 ἐπινοῆσαι,
3493 2351 3696 2404 ὠθοῦσα

2123 2443 2382 2512 φέρεσθαι
2436 2443 2576 2496 κατά
2619 2442 2725 2496 τῶν
2763 2444 3034 2515 γεννητῶν
3075 2446 3255 2498 πᾶσαν
3321 2445 3564 2512 ἐξέτασιν
3609 2447 3695 2497 καὶ

2125 2536 2307 2589 πάντα
2337 2535 2615 2606 λογισμόν.

2194 2725 2321 2777 KB'.
2360 2724 2422 2776 Εἰ
2467 2721 2776 2792 στερήσεώς
2825 2723 2942 2774 ἐστι
2984 2722 3282 2792 δηλωτικὸν
3326 2724 3422 2776 ἐπὶ
3468 2723 3597 2777 Θεοῦ
3637 2725 3692 2777 τὸ

2123 2818 2436 2886 ἀγέννητον,
2476 2815 2642 2885 μηδὲν
2675 2813 2732 2866 δὲ
2764 2813 2847 2883 εἴη
2884 2813 2944 2866 τὸ
2987 2815 3281 2886 ἀγέννητον
3303 2832 3317 2844 ·
3369 2818 3517 2878 ποῖος
3549 2816 3690 2883 λόγος

2124 2907 2189 2960 ἂν
2229 2906 2542 2976 ἀξαιρέσειε
2587 2904 2680 2958 τοῦ
2724 2904 2799 2975 μὴ
2834 2905 2986 2968 ὄντος
3031 2906 3239 2977 μηδέν;
3283 2908 3347 2959 Εἰ
3399 2907 3456 2960 δὲ
3495 2908 3552 2960 ὃν
3600 2925 3690 2977 σηο

432 2991 616 3049 ferre?
655 2993 751 3047 Sin
793 2995 1064 3050 exsisteus
1104 2997 1387 3066 quidpiam
1435 3006 1629 3061 sonat,
1673 3000 1797 3068 quis
1840 3000 1908 3054 ab
1951 3016 2016 3054 eo

2150 2998 2336 3060 ιαίνει,
2383 2996 2464 3057 τίς
2515 2995 2580 3048 ἂν
2618 2995 2886 3066 χωρήσειε
2921 2997 3074 3061 ὄντος
3111 2999 3250 3068 ὅπερ
3279 2999 3432 3051 ἐστὶν
3473 3000 3595 3051 αὐτὸ
3632 3017 3687 3068 γε

433 3085 582 3154 quod
632 3094 738 3151 est,
788 3085 1026 3155 idipsum
1073 3089 1218 3157 quod
1247 3097 1352 3154 est,
1406 3089 1510 3144 hoc
1548 3097 1632 3145 est
1672 3091 1850 3161 ipsum
1884 3109 1912 3146 a
1944 3111 2024 3150 se-

435 3179 670 3246 metipso
700 3181 990 3233 secernat?

509 3269 699 3326 XXIII.
743 3270 878 3324 Cum
933 3273 1266 3342 privationes
1298 3275 1604 3332 ablationcs
1638 3277 1747 3332 sint
1783 3277 2022 3335 affectio-

435 3379 590 3426 num,
644 3345 786 3434 quod
845 3365 898 3419 in
947 3366 1056 3420 Deo
1089 3376 1170 3420 est
1203 3368 1528 3437 ingenitum,
1581 3373 1663 3426 vel
1720 3372 2022 3429 affectionis

435 3457 668 3527 privatio
709 3466 812 3522 est,
855 3459 940 3513 vel
979 3459 1195 3514 affectio
1235 3463 1524 3531 privationi
1561 3467 1857 3520 contraria.
1920 3467 2022 3538 Igi-

435 3556 528 3603 tur
562 3550 606 3606 si
642 3551 948 3607 affectionis
997 3554 1230 3622 privatio
1282 3565 1388 3617 est,
1446 3559 1720 3626 quomodo
1770 3559 1822 3612 id
1876 3561 2020 3630 quod

435 3658 548 3698 non
575 3645 718 3698 inest
743 3644 853 3699 Deo
887 3654 1145 3714 tauquam
1184 3647 1312 3700 insit
1339 3648 1597 3702 tribuitur
1626 3650 1650 3703 ?

506 3735 700 3790 XXIV.
741 3740 811 3790 At
847 3739 890 3791 si
921 3737 1137 3792 afl‘cetio
1165 3740 1412 3808 quredam
1444 3750 1528 3797 est
1556 3742 1883 3813 ingenitum,
1922 3762 2018 3817 ge-
2081 3810 2088 3819 η

433 3829 606 3884 nitam
644 3830 1011 3885 substantiam
1063 3833 1328 3888 exsistere
1373 3843 1520 3900 ante,
1573 3851 1638 3890 ac
1691 3839 1837 3892 velut
1890 3841 2020 3894 sub-

436 3921 606 3976 sterni
646 3937 872 3975 necesse
918 3930 1022 3984 est,
1075 3931 1134 3976 ut
1181 3923 1466 3980 affectione
1499 3926 1589 3981 illa
1621 3928 1689 3983 ad
1717 3944 1836 3984 eam
1869 3945 2024 3986 acce-

435 4013 619 4076 dente,
646 4013 883 4082 ingenita
913 4015 1242 4072 nominetur.

506 4101 674 4156 XXV.
719 4102 774 4155 Si
807 4119 936 4156 vero
983 4105 1164 4174 genita
1217 4105 1532 4161 substantia
1568 4108 1824 4180 ingenitae
1849 4112 2022 4181 parti-

434 4210 565 4265 ceps
628 4195 750 4262 fuit,
813 4195 1118 4252 affectionis
1165 4199 1382 4267 jactura
1446 4200 1586 4257 facta
1652 4205 2020 4261 conditionem

435 4291 620 4346 amisit
672 4292 919 4360 ingeniti.
973 4291 1154 4358 Quare
1201 4295 1510 4350 substantia
1565 4298 1783 4366 quidem
1838 4301 2020 4370 genita

435 4380 622 4444 fuerit,
650 4383 954 4452 ingenitum
990 4392 1169 4440 autem
1201 4385 1435 4440 affectio.

505 4473 696 4527 XXVI.
738 4476 892 4540 Quod
929 4477 974 4531 si
1008 4479 1188 4547 genita
1235 4479 1452 4534 soboles
1502 4481 1798 4535 transitum
1832 4497 2023 4551 quem-

433 4567 558 4621 dam
595 4567 887 4635 significat,
940 4585 1049 4622 nou
1096 4569 1322 4624 dubium
1368 4578 1449 4624 est
1487 4571 1833 4627 affectionem
1883 4575 2023 4628 indi-

433 4675 563 4716 care
598 4667 828 4726 certam,
887 4661 1000 4715 sive
1031 4661 1280 4730 lquadam
1311 4679 1340 4715 e
1371 4663 1678 4717 substantia
1722 4665 2023 4721 mutatione

433 4752 780 4809 conformata
825 4752 917 4819 sit,
952 4752 1070 4810 sive
1100 4754 1204 4809 hoc
1241 4756 1415 4824 ipsum
1452 4763 1534 4810 est
1567 4757 1747 4827 genita
1779 4759 2016 4824 soboles,

432 4846 578 4914 quod
610 4845 832 4899 dicitur.

509 4936 717 4991 XXVII.
767 4936 823 4991 Si
849 4946 958 4990 tam
988 4937 1312 5008 ingenitum,
1343 4953 1503 5007 quam
1533 4941 1773 5010 genitum
1808 4941 2022 4998 affectio

435 5029 542 5095 sit;
578 5031 902 5086 substantiae
932 5031 1152 5100 quidem
1189 5030 1568 5087 affectionibus
1604 5034 1816 5103 priores
1844 5054 1857 5103 ;
1891 5037 2023 5092 affe-

433 5122 645 5177 ctiones
677 5138 840 5191 porro
866 5121 1034 5192 928
1078 5130 1136 5176 ut
1173 5121 1498 5178 substantiis
1543 5126 1898 5195 posteriores,
1941 5129 2022 5185 sic

434 5213 626 5269 iisdem
662 5215 1053 5284 anteponenda:
1085 5213 1307 5269 fuerint.

509 5305 748 5362 XXVIII.
802 5307 858 5361 Si
916 5309 1219 5378 ingenitum
1266 5309 1433 5380 geniti
1483 5324 1650 5365 causa
1701 5319 1804 5377 est,
1857 5313 2020 5382 eique

438 5396 653 5450 confert
701 5407 758 5451 ut
803 5397 1072 5464 exsistat;
1118 5399 1361 5468 genitum
1399 5415 1529 5455 vero
1572 5416 1796 5456 causam
1843 5402 2017 5473 ipsam

441 5486 762 5543 substantia:
807 5503 921 5544 suae
965 5489 1185 5545 notione
1220 5489 1712 5559 comprehenderis,
1761 5489 2020 5546 substan-

516 5645 535 5678 ⁸
565 5641 626 5702 F.
665 5643 853 5716 μηδενὶ
874 5645 928 5699 δὲ
957 5647 1142 5718 μηδέν.

1222 5650 1239 5678 ³
1280 5643 1412 5702 Vide
1437 5645 1575 5702 infra
1611 5647 1664 5701 in
1691 5645 1928 5702 Iicfutat.
1965 5647 2053 5700 Ἥ.

2125 3088 2290 3141 αὐτοῦ
2314 3106 2328 3152 ;

2195 3267 2320 3320 Kl".
2364 3268 2428 3322 Εἰ
2475 3267 2531 3321 αἱ
2566 3268 2850 3340 στερήσεις
2891 3266 3057 3334 ἓξεών
3092 3268 3230 3319 εἰσιν
3275 3265 3604 3340 ἀφαιρέσεις,
3632 3267 3686 3319 τὸ

2124 3361 2216 3412 ἐπὶ
2267 3360 2400 3414 Θεοῦ
2437 3362 2730 3431 ἀγέννητον
2775 3362 2894 3432 ῆτοι
2952 3359 3209 3431 στέρησίς
3262 3362 3412 3414 ἐστιν
3444 3359 3617 3426 ἕξεων,
3655 3363 3682 3428 ἢ

2124 3453 2236 3517 ἕξις
2271 3454 2601 3524 στερήσεως.
2648 3454 2785 3528 Ἀλλ⁸
2819 3457 2867 3508 εί
2905 3454 3004 3526 μὲν
3039 3453 3296 3526 στέρησίς
3343 3454 3488 3506 ἐστιν
3513 3453 3680 3517 ἕξεως,

2126 3545 2242 3608 πῶς
2291 3545 2356 3599 ἂν
2405 3547 2466 3598 τὸ
2530 3546 2605 3618 μὴ
2659 3548 2859 3618 προσὸν
2919 3549 2996 3618 τῷ
3049 3547 3168 3618 Θεῷ
3229 3549 3681 3620 συναριθμηθήσε-

2125 3655 2210 3690 ται
2233 3655 2247 3702 ;

2195 3731 2320 3783 K’A'.
2364 3730 2427 3782 Εί
2458 3729 2514 3783 δὲ
2555 3729 2668 3796 ἕξις
2694 3733 2811 3785 ἐστὶ
2854 3732 2913 3784 τὸ
2945 3732 3264 3803 ἀγέννητον,
3315 3735 3521 3803 ἀνάγκη
3560 3750 3677 3802 προ-

2127 3824 2425 3879 ῦποθέσθαι
2459 3825 2722 3896 γεννητὴν
2761 3824 2971 3892 οὐσίαν,
3003 3827 3068 3881 ἵν’
3094 3826 3289 3893 οὕτως,
3331 3828 3440 3892 ἕξιν
3468 3825 3675 3898 προσλα-

2126 3917 2316 3985 ϐοῦσα,
2343 3919 2641 3991 ἀγέννητος
2674 3921 3028 3993 ὀνομάζηται.

2196 4099 2326 4151 KE'.
2367 4099 2428 4152 Εἰ
2457 4099 2514 4153 δὲ
2544 4102 2575 4172 ἡ
2603 4101 2836 4174 γεννητὴ
2875 4103 3170 4174 ἀγεννήτου
3203 4105 3392 4169 οὐσίας
3423 4105 3669 4176 μετέσχεν,

2125 4191 2290 4256 ἕξεως
2323 4193 2664 4262 ὑπομείνασα
2703 4196 2995 4266 ἀποϐολὴν,
3025 4199 3356 4269 ἀγεννησίας
3395 4201 3668 4270 ἐστέρηται.

2128 4281 2227 4352 Εἵη
2277 4281 2341 4336 ἂν
2391 4279 2484 4335 οὖν
2532 4284 2690 4338 οὐσία
2739 4287 2835 4356 μὲν
2883 4291 3149 4361 γεννητὴ,
3201 4289 3264 4342 τὸ
3312 4290 3369 4343 δὲ
3414 4292 3669 4360 ἀγέννητον

2050 4354 2096 4408 1)
2125 4373 2254 4438 ἕξις.

2197 4469 2342 4534 KG".
2384 4469 2445 4521 Εἰ
2481 4469 2538 4522 δὲ
2576 4470 2637 4523 τὸ
2667 4470 2912 4541 γέννημα
2960 4473 3197 4542 παρόδου
3235 4475 3356 4527 ἐστὶ
3390 4475 3664 4545 enimn-Av.

2124 4557 2298 4630 δῆλον,
2331 4562 2412 4614 ὅτι
2444 4561 2610 4628 ἕξεως
2637 4565 2753 4616 ἐστι
2785 4565 3136 4634 σημαντικὸν,
3172 4565 3236 4618 ἄν
3262 4583 3320 4619 τε
3358 4567 3661 4637 μεταπὲπὶασ

2127 4672 2248 4708 σται
2297 4655 2356 4719 ἐξ
2401 4656 2587 4720 οὐσίας
2630 4659 2795 4722 τινὸς,
2853 4658 2915 4712 ἄν
2950 4675 3011 4712 τε
3043 4659 3201 4713 τοῦτό
3233 4662 3384 4714 ἐστιν
3419 4662 3446 4714 ὅ
3485 4662 3662 4729 λέγεται

2124 4748 2392 4819 γέννημα.

2195 4936 2321 4989 ΚΖ’.
2363 4936 2427 4988 Ei
2460 4934 2522 4988 τὸ
2563 4935 2858 5006 ἀγέννητον
2889 4935 3021 5002 ἕξις,
3054 4938 3150 4991 καὶ
3189 4938 3250 4990 τὸ
3285 4939 3530 5008 γεννητὸν
3555 4937 3660 5000 ἕξις.

2124 5031 2179 5082 αἱ
2214 5029 2310 5100 μὲν
2349 5029 2527 5083 οὐσίαι
2570 5029 2679 5082 τῶν
2731 5029 2896 5093 ἕξεων
2934 5029 3179 5102 πρῶται,
3219 5032 3275 5084 αἱ
3311 5031 3365 5084 δὲ
3403 5030 3532 5094 ἕξεις
3579 5027 3659 5080 τῶν

2121 5121 2354 5186 οὐσιῶν,
2418 5123 2467 5174 εί
2530 5123 2625 5176 καὶ
2671 5122 2953 5192 δεύτεραι,
3023 5123 3137 5176 ἀλλ’
3185 5121 3280 5177 οὐν
3335 5141 3396 5191 γε
3446 5120 3656 5194 προτιμὸ-

2126 5233 2182 5268 τε
2191 5233 2302 5287 ραι.

2197 5309 2333 5361 KH'.
2383 5310 2446 5362 Εἰ
2502 5308 2559 5361 δὲ
2610 5309 2673 5362 τὸ
2723 5307 3018 5380 ἀγέννητον
3067 5308 3160 5362 τοῦ
3223 5307 3479 5379 γεννητοῦ
3525 5303 3653 5358 αἴτιόν

2128 5402 2243 5453 ἐστι
2275 5399 2368 5454 τοῦ
2401 5397 2561 5467 εἶναι,
2609 5402 2943 5472 σημαίνωνί,
2969 5402 3215 5472 γέννημα
3263 5395 3650 5470 συνεισφέροντῇ

2127 5491 2320 5546 ἑαυτοῦ
2370 5492 2526 5565 οὐσία
2568 5494 2658 5548 τὸν
2699 5495 2889 5560 αἴτιον,
2923 5494 3110 5558 οὐσίας
3154 5495 3272 5548 ἐστὶ
3321 5484 3649 5564 δηλωτικὺντὲ
