3798 6212
203 283 306 350 5H

809 287 1185 348 aureasus
1222 289 1566 349 massas
1597 291 1725 348 LIB.
1759 289 1853 351 Ill.
1893 289 2058 346 ron.
2099 261 2522 348 κρατῆτε.
2562 287 2797 348 LXXVI.

3373 287 3480 345 512

201 401 470 480 γέννημα,
519 407 634 462 ἀλλ’
667 409 764 482 οὐχ
812 409 1015 479 ἕξεως,
1067 413 1166 482 τῆς
1219 413 1516 486 ἀγεννήτου
1569 415 1776 486 φύσεως

1945 428 2020 467 am
2067 413 2267 484 ipsam,
2332 427 2444 466 non
2502 411 2844 466 alI'ectionem
2880 409 3177 480 exprimat,
3221 421 3342 462 cum
3393 406 3478 460 in-

199 497 352 552 οὐδὲν
385 499 549 571 ἑαυτῇ
589 502 1052 574 σ-’.ινεισαγούσης-
1092 501 1210 568 πῶς
1245 505 1344 559 οὑκ
1375 505 1442 560 ἂν
1477 505 1562 578 εἴη
1599 505 1778 572 οὐσία,

198 589 314 643 ἀλλ’
339 587 452 655 ἕξις
481 591 516 662 ἡ
547 591 843 662 ἀγέννητος
875 595 1066 660 obsta;

265 791 400 846 ΚΘν.
451 793 516 846 El
578 795 726 848 πᾶσα
790 795 948 850 οὐσία
1003 799 1152 852 ἐστὶν
1207 798 1544 869 ἀγέννητος,
1596 793 1686 852 οἷα
1747 799 1780 868 ή

195 882 332 935 θεοῦ
369 885 464 938 τοῦ
515 889 988 960 παντοκράτορος,
1037 891 1152 955 πῶς
1194 891 1259 945 ἂν
1315 891 1412 960 τὴν
1459 896 1554 962 μὲν
1602 891 1781 962 παθη-

193 975 292 1044 τὴν
327 976 446 1042 ἐρεῖ
494 996 607 1042 τις,
666 980 764 1050 τὴν
807 980 866 1033 δὲ
913 982 1140 1052 ἀπαοἧ;
1179 983 1240 1037 El
1293 984 1348 1038 δὲ
1392 983 1608 1052 φύσεως
1646 985 1782 1037 ἀπο-

193 1063 470 1136 κληρώσει
507 1069 804 1141 ἅγεννήτου
845 1073 879 1142 ὴ
939 1072 1036 1142 μὲν
1073 1059 1320 1144 διαμένει
1361 1073 1658 1142 ποσότητος
1688 1073 1782 1126 καὶ

195 1159 508 1228 ποιότητος,
553 1163 686 1227 καὶ,
741 1163 929 1228 ἀπλῶς
983 1167 1188 1228 εἰπεῖν,
1247 1168 1430 1238 πάσης
1481 1165 1783 1238 μεταϐολῆς

191 1249 460 1318 ἀμείνων,
485 1255 516 1324 ὴ
547 1253 604 1306 δὲ
634 1255 820 1310 παθῶν
845 1259 992 1312 ἐστιν
1019 1259 1340 1323 ὑπεύθυνος,
1373 1259 1785 1330 συγχωρηθεῖσα

192 1341 252 1394 τὸ
294 1342 720 1416 ἀπαράλλακτον
771 1353 852 1414 είς
905 1351 1094 1406 οὐσίαν
1136 1352 1304 1423 ἔχειν,
1353 1352 1432 1422 τῷ
1489 1352 1782 1424 αὐτομάτῳ

191 1435 490 1507 ἐπιτρέψαι
521 1441 673 1509 φίλον
714 1443 782 1497 τὰ
836 1445 976 1499 κατὰ
997 1445 1096 1508 τὰς
1131 1446 1564 1518 προειρημέναςο
1599 1446 1782 1516 ἢτόγε

191 1521 284 1580 οὖν
325 1529 626 1586 ἀκόλουθον
669 1534 766 1605 τὴν
815 1537 912 1607 μὲν
951 1537 1210 1592 ποιοῦσαν
1242 1537 1538 1609 ἀγέννητον
1584 1540 1776 1604 εἰπεῖν,

189 1620 464 1692 γεννητὴν
495 1622 552 1675 δὲ
581 1623 680 1696 τὴν
705 1625 1208 1699 μεταϐαλλομένην.

1885 505 2068 576 genita
2115 509 2315 560 natura
2363 503 2502 558 nihil
2559 504 2679 574 ipsa
2731 517 2920 558 secum
2969 501 3232 564 includat,
3295 512 3478 554 nonne

1888 596 2199 652 substantia
2267 595 2452 667 potius
2512 610 2678 666 quam
2726 593 2942 649 aﬂ'ectio
2998 592 3247 664 quaedam
3317 590 3478 646 debet

1887 686 2097 740 videri?

1963 796 2154 853 XXIX.
2197 796 2256 852 Si
2299 797 2608 854 substantia
2644 798 2824 852 omnis
2873 796 3115 868 ingenita
3163 795 3256 858 sit,
3290 793 3478 862 cujus-

1889 891 2039 945 modi
2073 898 2159 946 est
2198 893 2595 963 omnipotentis
2633 891 2749 956 Dei,
2785 889 2916 960 quid
2954 889 3150 944 attinet
3179 888 3320 940 hanc
3355 885 3478 955 qui-

1891 983 2014 1038 dem
2049 985 2398 1053 passionibus
2445 985 2760 1046 obnoxiam,
2801 983 2950 1036 itlam
2990 997 3118 1036 vero
3158 978 3474 1034 earumdem

1890 1085 2164 1146 expertem
2205 1077 2430 1130 dicere?
2465 1075 2622 1142 Quod
2647 1075 2693 1130 si
2725 1075 2960 1144 quadam
2990 1073 3240 1144 ingenita:
3269 1077 3478 1123 naturae

1891 1177 2040 1225 sorte
2068 1185 2132 1224 ac
2161 1169 2500 1234 conditione,
2571 1169 2920 1240 quantitatis,
2971 1174 3024 1222 et
3058 1164 3357 1235 qualitatis,
3399 1171 3476 1228 et,

1891 1275 1948 1320 ut
1992 1279 2102 1318 uno
2149 1265 2318 1320 verbo
2361 1263 2564 1326 dicam,
2601 1263 2925 1316 mutationis
2959 1259 3138 1314 omnis
3171 1271 3366 1328 expers
3394 1255 3475 1308 al-

1889 1367 2005 1412 tera
2035 1363 2141 1422 est,
2178 1356 2352 1411 altera
2395 1369 2528 1410 vero
2561 1354 2850 1426 passiones
2884 1351 3144 1414 admittit,
3187 1361 3240 1404 et
3275 1347 3477 1404 nihilo-

1887 1450 2086 1508 minus
2124 1447 2302 1504 eidem
2351 1447 2770 1502 immutabilitas
2796 1453 2881 1500 est
2915 1457 3200 1506 concessa,
3248 1453 3476 1496 necesse

1885 1545 1970 1594 est
2003 1546 2060 1594 ut
2086 1553 2208 1609 quae
2234 1535 2684 1593 commemoratis
2708 1535 2862 1590 hisce
2893 1533 3104 1589 naturis
3133 1533 3344 1594 insunt,
3380 1537 3475 1584 aut

1885 1648 2016 1687 casu
2044 1631 2280 1702 quodam
2323 1629 2546 1684 fortuito
2574 1627 2844 1684 accidisse
2869 1627 3148 1690 dicantur,
3177 1633 3292 1690 aut,
3325 1621 3476 1693 quod

191 1723 628 1768 consentaneum
677 1727 780 1782 est,
836 1731 954 1772 eam
1009 1719 1184 1788 ipsam
1233 1719 1452 1788 quidem
1485 1733 1606 1790 quae
1631 1719 1760 1792 agit,
1795 1721 2130 1795 ingenitam;
2179 1737 2300 1793 quae
2346 1736 2479 1778 vero
2531 1721 2738 1791 patitur
2788 1735 2853 1775 ac
2917 1727 3182 1786 mutatur,
3231 1718 3471 1789 genitam

191 1806 556 1874 appellemus.

257 1927 342 1978 A'.
390 1927 454 1979 Εἰ
500 1927 602 1997 τῆς
643 1928 946 2002 γενομένης
1000 1930 1034 2000 ἡ
1086 1930 1380 2003 ἀγέννητος
1425 1931 1588 2000 φύσις
1632 1929 1776 1984 ἐστὶν

1955 1923 2126 1980 XXX.
2170 1924 2226 1979 Si
2265 1923 2461 1994 genitae
2501 1930 2712 1978 naturae
2756 1937 2923 1978 causa
2974 1929 3060 1978 est
3091 1921 3351 1993 ingenita,
3391 1921 3474 1976 in-

187 2017 364 2080 αἰτία,
405 2019 466 2070 τὸ
509 2019 566 2072 δὲ
611 2019 906 2092 ἀγέννητον
945 2021 1110 2092 μηδὲν
1159 2019 1244 2093 εῐη
1285 2023 1489 2086 αῐτιονι
1517 2039 1530 2052 ο
1563 2021 1682 2085 πῶς
1715 2021 1780 2074 ἂν

187 2109 273 2179 εἴη
303 2111 484 2164 αἴτιον
511 2111 570 2165 τὸ
607 2113 774 2184 μηδὲν
801 2112 896 2168 τοῦ
927 2115 1245 2184 γεγονότος;

258 2313 396 2365 AA'.
423 2313 484 2365 Εἰ
503 2313 564 2366 τὸ
581 2314 876 2387 ἀγέννητον
903 2315 1180 2388 στέρησις,
1201 2303 1314 2386 η’δὲ
1337 2317 1590 2388 στέρησις
1615 2317 1780 2382 ἕξεως

187 2405 436 2477 ἀποϐολή
471 2409 640 2472 ἐστιν,
678 2409 711 2480 ἡ
755 2409 812 2461 δὲ
855 2410 1096 2480 ἀποϐολὴ
1141 2409 1421 2475 παντελῶς
1457 2409 1777 2478 ἀπόλλυται,

188 2498 220 2566 ἢ
258 2497 588 2568 μεθίσταται
615 2502 701 2570 ἐφ’
728 2501 916 2572 ἕτερον
936 2519 948 2532 ·
985 2503 1104 2566 πῶς
1143 2499 1255 2555 οἷόν
1283 2520 1342 2556 τε
1367 2503 1477 2569 ἕξει
1521 2503 1778 2574 μεθιστα-

191 2593 328 2663 μένη
369 2593 836 2666 κατονομάζεσθαι
865 2597 966 2667 τὴν
1001 2597 1190 2652 οὐσίαν
1211 2597 1306 2650 τοῦ
1337 2596 1470 2650 Θεοῦ
1497 2599 1778 2670 ἀγεννήτῳ

187 2687 564 2758 προσηγορίᾳς

259 2861 392 2917 AB’.
434 2865 496 2918 ΕΞ
543 2865 605 2919 τὸ
665 2867 960 2938 ἀγέννητον
1009 2868 1160 2939 δηλοῖ
1193 2869 1447 2940 στέρησιν
1491 2869 1564 2940 μὴ
1607 2887 1780 2942 προσο

187 2953 364 3008 οὖσαν
383 2954 462 3025 τῷ
495 2957 635 3028 Θεῷ,
656 2958 772 3022 πῶς
805 2960 1098 3032 ἀγέννητον
1130 2955 1268 3014 εἶναι
1305 2961 1555 3032 λέγομεν,
1587 2978 1779 3032 γεννη-

187 3045 278 3099 τὺν
307 3047 374 3100 δὲ
408 3049 484 3119 μὴ
519 3045 694 3114 εἴναις
769 3101 772 3104 «
1073 3103 1078 3108 .

253 3138 386 3193 AI".
423 3139 486 3192 Εἰ
515 3140 672 3210 ψιλὸν
697 3141 872 3212 ὄνομά
901 3143 1048 3194 ἐστιν
1072 3143 1178 3195 ἀπὸ
1204 3139 1340 3195 Θεοῦ
1367 3142 1428 3194 τὸ
1457 3140 1774 3212 ἀγέννητον,

185 3232 218 3302 ἡ
253 3230 312 3284 δὲ
349 3230 480 3302 ψιλὴ
517 3234 767 3306 προφορὰ
794 3235 894 3305 τὴν
937 3235 1232 3289 ὑπόστασιν
1263 3235 1358 3288 τοῦ
1388 3233 1522 3288 Θεοῦ
1559 3235 1776 3306 ἐπαίρει

186 3324 332 3378 κατά
371 3326 594 3380 πάντων
631 3329 740 3380 τῶν
775 3329 1046 3399 γεννητῶν
1069 3345 1086 3362 ο
1125 3329 1428 3400 τιμιωτέρα
1459 3329 1583 3400 ἀρα
1629 3329 1775 3381 ἐστὶν
1804 3315 1845 3369 C

185 3415 220 3486 ἠ
259 3415 571 3487 ἀνθρώπων
619 3418 871 3489 προφορά
901 3419 999 3489 τῆς
1025 3417 1120 3472 τοῦ
1165 3417 1608 3490 παντοκράτορος
1645 3417 1776 3469 ὑπο-

185 3510 475 3574 στάσεως,
522 3511 840 3584 ἀσυγκρίτῳ
900 3513 1142 3584 ὑπεροχῇ
1191 3509 1586 3565 καλλωπίσασα
1645 3509 1776 3563 Θεὸν

186 3603 638 3673 παντοκράτορα.
1323 3599 1326 3604 ’

256 3777 382 3830 ΛΔ’.
427 3777 490 3830 Εἰ
527 3781 692 3832 παντὶ
725 3777 968 3848 γεννητῷ
1005 3777 1156 3831 αἰτία
1185 3775 1660 3847 συγκεκλήρωται,
1693 3775 1776 3828 αἵ-

182 3885 302 3934 τιος
334 3871 392 3924 δὲ
423 3873 458 3940 ἠ
489 3872 783 3943 ἀγέννητος
815 3872 996 3942 φύσις,
1027 3871 1127 3924 οὐκ
1158 3870 1330 3924 αἴτιον
1353 3869 1504 3940 δηλοί
1534 3869 1594 3922 τὸ
1617 3869 1777 3937 ἀγέν-

185 3979 380 4035 νητον,
415 3963 532 4017 ἀλλ’
564 3964 862 4018 ὑπόστασιν
893 3966 1166 4033 σημαίνει.

255 4229 384 4288 AE'.
419 4233 482 4286 Ei
511 4233 618 4286 πᾶν
663 4231 724 4286 τὸ
762 4232 986 4302 γεγονὸς
1035 4233 1123 4302 ὑφ’
1159 4232 1344 4302 ἑτέρου
1375 4231 1616 4300 γέγονεν,
1653 4233 1686 4301 ἡ
1719 4231 1776 4284 δὲ

184 4325 486 4396 ἀγέννητος
541 4327 840 4390 ὑπόστασις
897 4325 1020 4379 οὔτε
1102 4325 1192 4394 ὑφ’
1251 4327 1449 4396 ἑαυτῆς
1511 4323 1632 4376 οὔτε
1685 4323 1774 4392 ὑφ’

185 4419 386 4491 ἑτέρας
409 4419 630 4488 γέγονεν
649 4435 664 4450 ⁸
695 4418 906 4490 ἀνάγκη
939 4417 1126 4471 οὐσίαν
1152 4417 1344 4488 δηλοῦν
1373 4417 1435 4470 τὸ
1461 4417 1772 4487 ἀγέννητον.

253 4621 402 4687 Δεῖν.
433 4619 494 4672 lt'I
516 4621 580 4690 τῇ
613 4619 706 4672 τοῦ
733 4621 1074 4692 γεννήματος
1101 4619 1260 4691 οὐσίᾳ
1301 4619 1660 4690 συμφαίνεται
1698 4620 1774 4684 ὡς
1809 4665 1850 4718 D

183 4713 335 4766 αἰτία
361 4714 396 4783 ἡ
425 4712 716 4784 ἀτέννητος
751 4713 1067 4777 ὑπόστασις,
1117 4713 1260 4766 κατά
1293 4713 1476 4784 πάσης
1506 4711 1684 4776 αἰτίας
1716 4714 1775 4766 τὸ

183 4805 608 4877 ἀπαράλλακτον
649 4805 868 4876 ἔχουσα,
909 4805 1174 4860 αὑτουσία
1218 4787 1376 4859 ἐστὶν
1407 4805 1772 4874 ἀσύγκριτος,

181 4899 284 4954 οὐκ
329 4897 532 4964 ἔξωθεν
587 4899 1028 4970 συνεμφαίνουσα
1090 4899 1150 4952 τὸ
1186 4899 1503 4972 ἀπρόσιτον,
1539 4899 1670 4953 αὐτὸ
1716 4899 1772 4952 δὲ

183 4993 530 5064 ὑπάρχουσα,
593 4989 926 5062 ἀσύγκριτος
977 4991 1072 5046 καὶ
1125 4991 1437 5063 ἀπρόσιτος.
1499 4993 1656 5046 Ἔστι
1707 4991 1771 5064 δὴ

185 5083 280 5136 καὶ
309 5081 632 5152 ἀγέννητος.

257 5372 378 5427 ΛΖ’.
412 5373 476 5426 Εἰ
511 5373 780 5444 ὑπεράγει
813 5372 994 5444 πάσης
1045 5375 1261 5442 φύσεως
1290 5378 1317 5430 ό
1345 5375 1770 5446 Παντοκράτωρ,

186 5465 276 5520 διὰ
319 5465 382 5518 τὸ
439 5465 734 5536 ἀγέννητον
767 5467 1056 5537 ὑπεράγει,
1099 5467 1236 5538 ὅπερ
1262 5467 1409 5520 ἐστὶν
1457 5467 1628 5522 αἴτιον
1661 5470 1774 5532 τοῖς

183 5560 466 5628 γεννητοῖς
487 5557 772 5630 διαμονῆς.
810 5561 872 5614 Εἰ
899 5559 954 5613 δὲ
992 5559 1065 5631 μὴ
1095 5558 1239 5616 ἔστιν
1262 5559 1450 5624 οὐσίας
1477 5559 1771 5632 δηλωτικὸν

255 5738 280 5776 ⁸
297 5757 389 5814 πρ.
423 5741 626 5813 ἄρτιον.

1885 2016 2130 2087 genitum
2172 2029 2326 2078 vero,
2365 2011 2513 2083 quod
2549 2011 2878 2082 principium
2914 2009 3140 2072 dicitur,
3175 2009 3310 2064 nihil
3351 2023 3473 2063 om-

1885 2109 2015 2162 nino
2043 2111 2135 2168 sit,
2165 2106 2388 2176 quinam
2417 2111 2598 2174 potest
2629 2103 2680 2156 id
2714 2099 2860 2172 quod
2879 2100 3016 2154 nihil
3046 2109 3132 2154 est
3159 2099 3306 2170 ejus,
3325 2097 3474 2170 quod

1881 2199 2211 2268 productum
2245 2204 2349 2262 est,
2385 2211 2508 2250 esse
2539 2193 2910 2264 principium?

1961 2287 2154 2344 XXXI.
2199 2287 2258 2342 Si
2295 2289 2594 2358 ingenium:
2641 2286 2879 2356 privatio
2926 2284 3176 2354 quaedam
3221 2291 3341 2350 est;
3389 2287 3476 2338 est

1881 2387 2064 2436 autem
2115 2379 2350 2450 privatio
2399 2377 2710 2432 alIeetionis
2757 2377 3006 2444 amissio,
3043 2377 3269 2432 amissio
3309 2389 3474 2446 porro

1883 2473 2106 2544 penitus
2132 2488 2162 2526 e
2190 2469 2372 2525 medio
2405 2469 2641 2532 tollitur,
2695 2477 2790 2522 aut
2819 2469 2874 2522 in
2905 2469 3135 2524 alterum
3169 2475 3474 2522 commuta-

1881 2575 1992 2632 tur,
2046 2580 2286 2635 quonam
2330 2570 2491 2633 pacto
2537 2561 2826 2618 alTeetione
2871 2563 2962 2616 illa
3010 2569 3352 2624 transeunte,
3379 2567 3475 2614 aut

1883 2669 2161 2728 pereunte,
2201 2651 2308 2710 hoc
2327 2661 2412 2709 est
2437 2653 2666 2724 ingeniti
2689 2656 3052 2726 appellatione
3089 2654 3186 2710 Dei
3216 2654 3474 2710 substan-

1881 2753 1954 2807 tia
1983 2749 2494 2820 coguominabitur?

1957 2839 2177 2894 XXXII.
2225 2839 2280 2894 Si
2313 2843 2612 2913 ingenitum
2647 2840 3033 2912 privationem,
3064 2855 3184 2908 qua:
3222 2838 3335 2894 Deo
3361 2853 3472 2892 non

1883 2933 2044 2998 inest,
2073 2933 2368 3002 signiﬁcat,
2411 2950 2512 2988 cur
2577 2935 2880 3004 ingenitum
2909 2947 3053 2996 esse,
3084 2932 3324 3002 genitum
3343 2944 3474 2984 vero

1881 3043 1990 3082 non
2021 3041 2145 3082 esse
2175 3027 2453 3082 dicimus?

1951 3117 2194 3173 XXXIII.
2226 3118 2282 3173 Si
2313 3118 2616 3190 ingenitum
2651 3117 2794 3174 nuda
2826 3115 2880 3170 in
2907 3115 3016 3170 Deo
3045 3123 3129 3170 est
3157 3111 3472 3184 appellatio.

1880 3211 2016 3267 adeo
2061 3221 2120 3266 ut
2165 3227 2330 3281 supra
2363 3221 2674 3266 creatarum
2711 3227 2892 3264 rerum
2923 3207 3171 3262 onmium
3209 3207 3474 3262 conditio-

1881 3319 2004 3360 nem
2043 3305 2157 3359 sola
2191 3303 2572 3374 pronuntiatio
2603 3303 2846 3356 divinam
2895 3300 3258 3356 substantiam
3299 3299 3474 3352 extol-

1879 3397 1972 3460 lat,
2001 3411 2351 3465 consequens
2393 3403 2476 3450 est
2513 3395 2794 3448 hominum
2827 3391 3326 3462 pronuntiationem
3360 3404 3475 3444 om-

1879 3487 2179 3557 nipotentis
2233 3486 2324 3541 Dei
2383 3485 2696 3541 substantia
2759 3485 3195 3554 praestantiorem
3257 3483 3467 3538 videri:

1879 3598 2002 3652 quae
2029 3581 2248 3650 quidem
2283 3581 2457 3652 ipsam
2481 3579 2931 3651 incomparabilis
2953 3577 3275 3633 excellentia
3303 3576 3474 3647 digni-

1881 3672 2014 3727 tatis
2038 3679 2290 3727 exornet.

1949 3764 2191 3821 XXXIV.
2237 3765 2292 3818 Si
2329 3780 2452 3818 eum
2476 3779 2540 3819 eo
2568 3765 2740 3828 omni,
2781 3764 2926 3834 quod
2961 3764 3205 3834 genitum
3239 3770 3344 3824 est,
3369 3762 3472 3815 im-

1881 3857 2080 3926 plicata
2114 3865 2218 3922 est,
2251 3863 2304 3911 et
2337 3856 2634 3924 conjuncta
2679 3871 2865 3910 causae
2911 3855 3084 3920 notio,
3127 3865 3296 3908 causa
3341 3867 3470 3906 vero

1879 3955 2001 4012 est,
2073 3947 2312 4018 ingenita
2371 3960 2601 4012 natura,
2667 3963 2791 4000 eum
2851 3947 3152 4016 ingenitum
3211 3945 3468 4008 dicimus,

1880 4055 1988 4094 non
2044 4054 2266 4094 causam
2338 4041 2621 4110 aliquam,
2697 4040 2792 4095 sed
2861 4038 3224 4094 substantiam
3285 4038 3468 4108 expri-

1879 4137 2106 4191 mimus.

1948 4229 2116 4298 929
2157 4224 2369 4282 XXXV.
2415 4227 2469 4282 Si
2507 4229 2770 4299 quidquid
2808 4227 3132 4300 prmluctum
3161 4237 3265 4290 est,
3293 4226 3362 4280 ab
3389 4227 3468 4279 al-

1880 4329 1998 4376 tero
2037 4323 2365 4392 productum
2407 4331 2512 4386 est,
2553 4324 2792 4393 ingenita
2839 4339 2968 4378 vero
3015 4321 3327 4391 hypostasis
3367 4335 3467 4376 nec

1879 4431 1909 4468 a
1934 4431 1992 4470 se
2017 4415 2154 4486 ipsa,
2183 4431 2282 4470 nec
2306 4416 2374 4470 ab
2395 4417 2498 4469 alia
2525 4416 2788 4486 producta
2813 4423 2918 4478 ρει,
2949 4414 3173 4484 ingeniti
3203 4414 3468 4468 voeabqu

1881 4509 2188 4564 substantia
2214 4509 2331 4580 ipsa
2365 4509 2706 4580 signiﬁcetur
2735 4515 2972 4578 oportet.

1951 4622 2192 4679 XXXVI.
2241 4621 2296 4679 Si
2329 4623 2553 4694 ingeniti
2605 4623 2935 4686 substantia,
2981 4633 3241 4692 tanquam
3275 4635 3463 4683 causa,

1879 4717 2120 4786 ingenita
2155 4717 2468 4788 hypostasis
2497 4716 2832 4782 declaratur,
2859 4733 2980 4786 qua:
3023 4731 3132 4784 pra:
3161 4713 3308 4767 ornni
3339 4729 3470 4767 cau-

1877 4823 2060 4862 sarum
2115 4823 2313 4880 genere
2369 4809 2808 4864 immutabilitate
2839 4808 3065 4878 pranlita
3114 4813 3221 4872 est,
3271 4806 3460 4860 eadem

1875 4915 1972 4971 per
2010 4915 2132 4956 sese
2172 4901 2478 4957 substantia
2524 4901 2968 4971 iucomparabilis
3021 4907 3124 4964 est,
3167 4915 3273 4954 non
3319 4899 3468 4954 velut

1877 4995 2223 5050 extrinsecus
2267 4995 2496 5050 ascitam
2545 4995 2864 5065 qualitatem
2920 4995 3067 5047 illam
3121 5008 3232 5062 pra!
3281 5007 3340 5046 se
3389 4991 3468 5046 ﬁ:—

1875 5101 2023 5148 rens,
2060 5085 2194 5139 nihil
2227 5094 2281 5138 ut
2314 5086 2379 5140 ad
2413 5087 2587 5154 ipsam
2625 5085 2798 5154 possit
2833 5083 3125 5148 accedere,
3174 5082 3268 5136 sed
3311 5081 3364 5136 id
3397 5096 3464 5136 ex

1882 5190 2004 5230 sese
2031 5175 2212 5242 habet,
2241 5177 2318 5229 uti
2353 5177 2490 5230 nihil
2525 5191 2650 5229 cum
2693 5175 2808 5244 ipsa
2845 5173 3106 5236 conferri,
3139 5181 3230 5225 aut
3253 5172 3316 5224 ad
3342 5187 3460 5224 eam

1879 5265 2142 5326 accedere
2179 5267 2375 5336 possit.
2413 5267 2571 5324 Unde
2609 5273 2663 5321 et
2705 5281 2801 5336 per
2825 5274 2997 5320 semet
3031 5273 3114 5320 est
3153 5264 3412 5334 ingenita.

1948 5375 2215 5434 XXXVII.
2259 5381 2318 5436 Si
2364 5380 2713 5450 omnipotens
2759 5379 2905 5435 Deus
2953 5385 3202 5434 naturam
3243 5393 3460 5434 omnem

1876 5472 2114 5538 excellit,
2149 5488 2216 5528 eo
2271 5473 2391 5544 ipso
2422 5473 2572 5544 quod
2611 5473 2886 5544 ingenitus
2914 5479 3020 5536 est,
3064 5469 3299 5528 excellit.
3333 5467 3466 5536 Quae

1877 5564 2186 5636 proprietas
2230 5581 2396 5624 causa
2440 5578 2522 5624 est
2570 5567 2768 5641 genitis
2808 5567 3064 5624 omnibus
3110 5565 3466 5622 stabilitatem
