3798 6212
344 174 452 230 543

1766 191 1825 250 S.
1857 195 2201 253 EPIPIIANII

3532 210 3654 267 διε

347 297 817 369 constantiamque
842 300 1110 358 tribuens.
1142 301 1239 358 Sin
1265 316 1445 361 autem
1474 307 1772 380 ingenitum
1803 312 1935 367 sub-

2130 300 2445 387 ἀγέννητον,
2497 314 2663 371 πόθεν
2715 314 2783 371 ἀν
2812 316 2845 388 ἠ
2874 317 2984 373 τῶν
3003 320 3280 392 γεννητῶν
3306 322 3474 392 φύσις
3525 325 3655 391 ἕξει

347 393 603 447 stantiam
654 407 763 447 non
812 393 1090 463 exprimit,
1136 410 1167 450 a
1201 412 1312 467 quo
1358 401 1576 456 tandem
1625 404 1931 473 genitarum

2124 405 2487 471 διασώζεσθαι
2512 425 2527 474 ;

343 499 526 539 rerum
558 491 753 539 natura
789 487 1025 556 seipsam
1060 496 1121 541 ut
1149 498 1442 546 conservet
1479 492 1753 563 accipiet?

416 574 705 630 XXXVIII.
754 575 812 633 Si
846 578 981 633 nihil
1030 594 1245 648 eorum,
1279 596 1401 652 qua:
1440 585 1619 639 visum
1645 583 1933 656 effugiunt,

346 667 643 737 semetipso
683 669 857 723 sativa
888 668 1123 739 quadam
1160 671 1212 725 vi
1255 673 1408 742 prius
1438 682 1544 739 est,
1583 676 1755 745 atque
1798 675 1936 730 deli-

2105 580 2235 634 ΑΠ’.
2264 580 2327 633 Εἰ
2355 580 2507 635 οὐδὲν
2546 582 2654 636 τῶν
2691 582 2941 656 ἀοράτων
2984 586 3118 641 αὐτὸ
3155 583 3323 640 αὐτοῦ
3374 604 3651 658 σπερμαρ

2035 671 2205 737 τικῶς
2235 673 2601 746 προῦπάρχει,
2657 674 2901 748 διαμένει
2929 677 2989 731 δὲ
3020 680 3079 732 ὲν
3118 678 3278 748 φύσει
3312 679 3646 749 ἀποκεκλη-

345 756 461 811 nita
507 766 720 813 natura}
754 768 901 814 sorte
924 758 1238 817 continetur
1270 779 1283 815 :
1330 764 1423 833 qui
1471 764 1589 819 ﬁeri
1636 772 1842 836 potest,
1878 773 1937 819 ut

2096 760 2276 834 ομένῃ·
2299 763 2417 826 πῶς
2430 762 2496 818 ἂν
2520 764 2549 816 ὁ
2575 764 2869 835 ἀγέννητος
2891 767 3047 831 Θεὸς,
3065 768 3352 841 ἐλεύθερος
3380 771 3647 841 ἀποκλη-

344 850 619 923 iugenitns
639 851 806 918 Deus,
827 852 897 907 ab
915 857 1064 912 omni
1090 855 1379 913 sortitione
1397 857 1557 921 liber,
1580 873 1734 913 suam
1763 859 1937 929 ipsius

2096 849 2260 917 ὺσεως
2286 851 2568 923 ὑπάρχων,
2607 851 2703 907 νῦν
2741 855 2839 924 μὲν
2868 854 2969 927 τὴν
3002 857 3200 912 ἑαυτοῦ
3224 859 3419 914 οὐσίαν
3446 860 3646 915 δευτέ-

345 944 710 999 substantiam
752 945 914 1002 modo
963 948 1021 1001 in
1053 948 1237 1018 genita
1280 949 1470 1005 sobole
1521 947 1803 1005 inferioris
1841 964 1938 1005 cu-

2040 960 2140 1013 ραν
2167 945 2225 999 ὲν
2254 945 2553 1016 γεννήματι
2600 947 2733 1018 ὁρᾷν
2768 948 2807 1013 ⁸,
2843 945 2937 1001 νῦν
2968 948 3026 1002 δὲ
3068 950 3343 1022 προτέραν
3380 952 3448 1005 ὲν
3474 952 3647 1020 ἀγεν-

343 1035 561 1106 iusdam
619 1050 684 1091 ac
725 1037 981 1093 secundae
1018 1038 1373 1105 conditionis,
1408 1040 1573 1096 modo
1602 1041 1659 1096 in
1696 1041 1937 1112 ingenito

2096 1054 2205 1109 ιτῳ,
2241 1037 2382 1092 κατὰ
2408 1039 2507 1110 τὴν
2534 1038 2627 1093 τοῦ
2656 1039 2873 1111 πρώτου
2899 1042 2996 1096 καὶ
3025 1041 3278 1114 δευτέρου
3305 1043 3471 1109 τάξιν
3497 1061 3516 1109 ;

345 1131 621 1201 primariae
650 1146 773 1187 esse
793 1130 994 1197 videat,
1024 1131 1102 1187 ita
1135 1140 1193 1189 ut
1224 1134 1426 1205 prioris
1462 1134 1598 1191 insit
1652 1149 1717 1189 ac
1753 1142 1938 1204 poste-

344 1221 519 1277 rioris
550 1222 729 1278 ordo?
1888 1220 1902 1241 ”

416 1310 661 1368 XXXIX.
703 1310 761 1368 Si
786 1313 841 1368 in
884 1313 1128 1385 ingenita
1171 1322 1372 1370 natura
1416 1325 1731 1384 perseverat
1772 1314 1937 1383 Deus,

347 1404 748 1461 detrahendum
778 1405 882 1461 hoc
914 1405 990 1459 illi
1019 1413 1124 1473 est,
1155 1413 1215 1461 ut
1243 1406 1492 1478 generari
1531 1421 1611 1474 se,
1647 1415 1809 1479 atque
1854 1408 1939 1462 in-

2108 1320 2233 1377 ΛΘ’.
2258 1323 2322 1377 EI
2367 1321 2612 1393 διαμένει
2634 1323 2692 1374 ὲν
2726 1320 2886 1390 φύσει
2934 1324 3217 1398 ἀγεννήτῳ
3246 1329 3273 1381 ὁ
3299 1327 3465 1394 Θεὸς,
3495 1329 3562 1383 τὺ
3591 1332 3649 1385 ἐν

2039 1416 2249 1486 γενέσει
2305 1416 2402 1470 κα)⁵
2461 1415 2763 1488 ἀγεννησίᾳ
2823 1416 3015 1471 ἑαυτὸν
3067 1417 3268 1473 ειδέναι
3301 1420 3643 1493 ἀφῃρήσθω.

347 1494 593 1565 genitum
620 1510 743 1551 esse
779 1504 1097 1567 cognoscat.
1132 1496 1290 1563 Quod
1331 1497 1377 1553 si
1412 1497 1488 1553 illi
1525 1497 1720 1564 detur,
1753 1506 1814 1553 ut
1843 1514 1937 1569 per

2096 1506 2502 1579 ›γχωρουμένου
2558 1505 2617 1559 δὲ
2666 1505 2725 1561 ἑν
2758 1506 3043 1579 ἀγεννήτῳ
3092 1509 3188 1563 καὶ
3246 1511 3510 1582 γεννητῷ
3553 1512 3650 1582 τὴν
3678 1524 3697 1537 '

348 1590 517 1660 geniti
562 1589 898 1659 ingenitique
940 1588 1314 1646 conditionem
1348 1589 1496 1646 illius
1527 1597 1723 1645 natura
1750 1592 1940 1646 tradu-

2043 1600 2239 1655 ἑαυτοῦ
2287 1599 2476 1653 οὐσίαν
2534 1597 2920 1666 παρατείνειν,
2979 1599 3143 1664 αὐτὸς
3197 1601 3398 1656 ἑαυτοῦ
3458 1602 3653 1670 ἀγνοεῖ

347 1688 532 1745 catur,
564 1681 930 1736 substantiam
958 1680 1074 1751 ipse
1097 1695 1255 1736 suam
1279 1681 1520 1753 ignorat,
1542 1695 1670 1736 cum
1692 1683 1760 1737 ab
1793 1690 1937 1736 utra«

2096 1708 2144 1761 γν
2174 1691 2359 1745 οὐσίαν
2402 1688 2801 1763 περιαγόμενος
2830 1690 2936 1744 ὑπὸ
2967 1692 3236 1759 γενέσεως
3267 1695 3363 1747 καὶ
3407 1694 3649 1764 ἀγεννη-

350 1787 480 1843 que,
513 1771 681 1844 geniti
720 1771 931 1828 scilicet
965 1780 1129 1843 atque
1161 1772 1411 1843 ingeniti,
1448 1772 1713 1844 qualitate
1739 1772 1942 1827 distra-

354 1867 540 1920 batur.

423 1956 537 2011 XL.
580 1954 638 2010 Si
672 1970 803 2011 vero
849 1954 1094 2026 genitum
1128 1954 1467 2012 conditionis
1494 1956 1728 2027 ingeniti
1774 1957 1946 2027 parti-

353 2066 487 2121 ceps
517 2056 705 2115 est,oet
739 2048 795 2103 in
820 2048 990 2119 geniti
1032 2056 1229 2103 natura
1282 2057 1544 2119 perpetuo
1592 2057 1799 2115 manet,
1848 2066 1944 2105 ne-

364 2158 518 2198 cesse
547 2151 653 2207 est,
687 2147 746 2196 ut
782 2156 842 2197 se
885 2140 1203 2211 imperfecta
1241 2140 1295 2194 in
1352 2149 1548 2196 natura
1584 2141 1946 2196 constitutum

354 2250 501 2313 esse,
529 2240 865 2305 cognoscat,
915 2241 971 2288 et
1021 2233 1171 2289 illam
1222 2232 1449 2305 ingeniti
1503 2234 1945 2289 communionem

356 2327 594 2398 ignoret.
657 2324 845 2396 Neque
888 2323 1034 2379 enim
1084 2323 1229 2379 idem
1268 2324 1337 2380 de
1376 2324 1560 2394 seipso
1595 2331 1650 2379 et
1694 2325 1949 2396 ingenita:

358 2418 681 2475 substantia:
738 2426 793 2472 et
828 2418 1023 2490 genitae
1055 2416 1312 2471 notitiam
1356 2416 1655 2473 informare
1688 2426 1887 2489 potest.

428 2510 564 2567 XLI.
607 2511 663 2566 Si
694 2510 915 2582 ingeniti
946 2510 1252 2581 proprietas
1310 2509 1445 2565 levis
1491 2510 1587 2565 est'
1629 2524 1694 2565 ac
1737 2508 1949 2564 minimi

371 2605 647 2669 iacienda,
679 2602 827 2674 quod
861 2603 916 2658 in
948 2602 1307 2658 mutationem
1340 2603 1595 2672 proclivis
1629 2601 1723 2666 sit,
1751 2601 1951 2657 immu-

360 2694 543 2750 tabilis
571 2692 878 2750 substantia
904 2699 1113 2747 naturae
1147 2691 1397 2761 quaedam
1425 2689 1667 2761 dignitas
1688 2695 1791 2756 est,
1826 2705 1949 2747 cum

359 2791 601 2862 ingenita
668 2787 977 2845 substantia
1048 2787 1295 2842 omnium
1351 2787 1704 2843 confessione
1757 2786 1946 2842 causis

363 2884 621 2940 omnibus
642 2866 957 2938 antecellat.

2051 1786 2188 1847 σίας.

2118 1961 2208 2019 Μ’.
2244 1961 2307 2016 El
2344 1962 2402 2017 δὲ
2462 1962 2558 2017 καὶ
2604 1961 2666 2015 τδ
2703 1961 2963 2034 γεννητὸν
3013 1962 3313 2034 μετείληφε
3345 1963 3649 2033 μετουσίας

2049 2056 2364 2127 ἀγεννήτου,
2395 2057 2454 2109 ὲν
2478 2054 2537 2109 δὲ
2562 2053 2826 2125 γεννητοῦ
2855 2054 3015 2125 φύσει
3042 2055 3425 2128 ἀτελευτήτως
3448 2057 3645 2127 διαμέ-

2049 2164 2102 2199 νε
2114 2163 2178 2209 ιε,
2207 2147 2255 2198 εί
2286 2146 2307 2178 ³
2334 2145 2433 2214 μὲν
2453 2144 2517 2216 δὴ
2546 2146 2712 2216 ἀτελῆ
2748 2145 2908 2215 φύσει
2929 2146 3187 2214 γινώσκει
3210 2147 3399 2211 αὐτὸν,
3433 2149 3647 2217 ἀγνοῶν

2048 2239 2289 2310 δηλονότι
2334 2238 2434 2310 τὴν
2485 2238 2782 2309 ἀγέννητον
2837 2239 3151 2309 μετουσίαν.
3185 2240 3261 2294 Οὐ
3296 2240 3412 2311 γὰρ
3438 2235 3560 2295 οἷόν
3590 2259 3644 2294 τε

2048 2332 2210 2386 αὐτὸν
2242 2332 2371 2402 περὶ
2399 2329 2593 2385 ἑαυτοῦ
2620 2330 2717 2383 καὶ
2748 2330 3043 2401 ἀγεννήτου
3065 2331 3259 2395 οὐσίας
3271 2332 3484 2400 γνῶσιν
3505 2332 3645 2402 ἔχειν

2050 2425 2144 2479 καὶ
2171 2423 2460 2494 γεννητῆς.

2120 2514 2256 2569 MA'.
2281 2516 2344 2567 Et
2371 2514 2427 2567 δὲ
2459 2507 2932 2586 εὐκαταφρόνητόν
2988 2516 3109 2568 ἐστι
3141 2514 3201 2570 τὸ
3230 2513 3537 2585 ἀγέννητον
3562 2514 3645 2571 διὰ

2055 2608 2356 2681 μεταϐολῆς
2403 2608 2850 2680 ἐπιτηδειότηταο
2902 2607 3123 2678 ἀξίωμα
3182 2606 3404 2678 φύσεώς
3460 2608 3637 2673 ἐστιν,

2051 2702 2205 2756 οὐσία
2251 2699 2658 2772 ἀμετάϐλητος,
2707 2702 2805 2771 τῆς
2867 2701 3164 2772 ἀγεννήτου
3220 2701 3417 2764 οὐσίας
3465 2701 3640 2770 πάσης

2052 2794 2233 2857 αἰτίας
2260 2793 2568 2867 κρείττονος
2594 2792 3044 2865 ὡμολογημένης.

433 2974 593 3030 XLII.
637 2973 696 3030 Si
716 2974 1019 3047 ingenitum
1044 2988 1269 3029 causam
1295 2972 1501 3026 nullam
1523 2964 1744 3043 penitus
1760 2970 1937 3035 habet1

2124 2976 2258 3031 MB’.
2288 2976 2354 3031 Et
2380 2976 2442 3030 τὸ
2472 2976 2767 3047 ἀγέννητον
2813 2975 2995 3046 πάσης
3029 2973 3210 3037 αἰτίας
3235 2973 3524 3045 ἐξῄρηται,
3555 2972 3634 3042 ειη

365 3069 584 3137 sintque
611 3066 851 3137 ingenita
875 3064 1176 3134 complura,
1215 3061 1381 3132 930
1406 3061 1736 3116 immutabili
1756 3067 1937 3115 natura

2096 3070 2114 3122 ὲ
2142 3066 2313 3122 πολλά
2339 3068 2640 3139 ἀγέννητασ
2678 3065 3098 3137 ἀπαράλλακτον
3116 3064 3298 3131 ἕξουσι
3326 3064 3428 3136 τὴν
3459 3064 3631 3134 φύσιν.

364 3157 719 3214 constabunt.
754 3154 943 3225 Neque
980 3153 1125 3208 enim
1169 3152 1318 3207 velut
1349 3151 1615 3206 attributa
1642 3149 1954 3213 communis

367 3232 656 3320 cujusdam
730 3260 795 3301 ac
837 3244 1130 3315 peculiaris
1175 3250 1387 3297 natura:
1425 3240 1740 3296 conditione
1783 3239 1957 3310 parti-

372 3355 615 3412 cepsque
645 3339 810 3401 facta,
853 3338 1025 3392 altera
1051 3334 1239 3391 molita
1270 3342 1375 3397 est,
1405 3333 1571 3388 altera
1602 3330 1887 3403 producta.

438 3432 623 3489 XLIII.
667 3431 725 3486 Si
774 3430 1084 3487 substantia
1113 3428 1294 3484 omnis
1336 3426 1579 3498 ingenita
1610 3432 1715 3492 est,
1743 3424 1886 3480 nihil
1926 3438 1956 3478 a

372 3542 432 3584 se
469 3526 702 3581 invicem
743 3523 845 3579 hac
873 3536 942 3577 ex
971 3528 1123 3593 parte
1153 3518 1428 3585 dinei-ent,
1454 3518 1603 3589 quod
1637 3525 1832 3573 neutra
1856 3516 1959 3571 do-

371 3619 654 3675 minationi
696 3617 947 3688 subjecta
978 3615 1051 3672 sit
1085 3613 1339 3670 alterius.
1389 3612 1572 3679 Quare
1601 3611 1828 3682 quinam
1881 3608 1962 3663 al—

373 3711 579 3765 lirmari
617 3716 819 3781 potest,
851 3708 1049 3763 mutari
1086 3719 1275 3769 unam,
1309 3704 1536 3760 alteram
1565 3708 1799 3766 mutare,
1833 3714 1959 3755 cum

374 3803 487 3859 beo
529 3803 755 3858 minime
783 3801 1123 3872 permittant,
1160 3803 1221 3853 ut
1248 3812 1319 3853 ex
1344 3796 1495 3852 nulla
1528 3794 1775 3865 subjecta
1826 3793 1960 3851 sub-

373 3896 576 3951 stantia
605 3894 893 3965 producat.

448 3984 633 4041 XLlV.
675 3986 732 4041 Si
766 3985 946 4041 omnis
979 3980 1290 4039 substantia
1323 3977 1566 4049 ingenita
1606 3984 1712 4043 est,
1739 3975 1963 4046 perinde

376 4084 432 4131 et
475 4076 622 4129 nulla
654 4074 934 4130 variabilis
962 4082 1065 4128 est.
1100 4070 1256 4138 Quod
1289 4071 1338 4125 si
1372 4068 1575 4125 variari
1617 4074 1816 4122 natura
1850 4081 1961 4122 non

378 4175 577 4240 potest,
614 4181 777 4237 agere
818 4180 882 4219 ac
934 4163 1068 4235 pati,
1105 4162 1175 4217 ad
1204 4161 1491 4219 fortuitum
1521 4157 1818 4231 quemdam
1863 4171 1958 4214 ca-

378 4274 499 4316 sum
532 4258 816 4314 referenda
839 4264 990 4313 sunt.

2057 3160 2132 3213 Οὐ
2162 3158 2272 3230 γὰρ
2299 3158 2391 3223 ἀν,
2408 3157 2484 3229 μὴ
2515 3154 2898 3227 ἀποκληρώσει
2924 3154 3141 3225 φύσεως
3161 3153 3306 3218 τινὸς
3337 3153 3521 3207 κοινοῦ
3548 3152 3634 3208 καὶ

2061 3252 2189 3307 ἰδίου
2214 3251 2590 3324 μετειληφυῖα,
2624 3251 2658 3322 ἡ
2686 3249 2791 3321 μὲν
2809 3248 3006 3313 ἐποίει,
3042 3249 3076 3318 ἡ
3104 3248 3162 3302 δὲ
3194 3246 3434 3315 ἐγίνετο.

2127 3434 2260 3489 MF'.
2292 3434 2357 3488 EI
2382 3434 2531 3488 πᾶσα
2565 3432 2724 3486 οὐσία
2770 3430 2918 3485 ἐστὶν
2942 3430 3264 3499 ἀγέννητος,
3311 3424 3630 3495 οὐδοποτὲρα

2058 3525 2254 3600 διοίσει.
2305 3524 2407 3595 τῆς
2460 3524 2627 3593 ἄλλης
2675 3521 2818 3577 κατά
2861 3522 2923 3575 τὸ
2962 3522 3279 3577 ἀδέσποτον.
3312 3519 3439 3584 Πῶς
3460 3515 3549 3575 οὖν
3572 3519 3630 3575 ἂν

2061 3636 2143 3682 τις
2164 3617 2300 3689 φαίη
2323 3617 2422 3689 τὴν
2458 3618 2557 3687 μὲν
2586 3612 3041 3687 μεταϐάλλεσθαι,
3070 3614 3170 3684 τὴν
3190 3614 3246 3667 δὲ
3266 3611 3626 3685 μεταϐάλλειν,

2060 3709 2162 3762 οὐκ
2185 3709 2590 3780 ἐπιτρεπόντων
2613 3705 2695 3777 τῷ
2717 3702 2838 3774 Θεῷ
2869 3703 3101 3775 ὑφιστᾷν
3134 3704 3201 3757 ὲκ
3235 3703 3311 3774 μὴ
3342 3700 3625 3757 ὐποκειιιέο

2062 3817 2161 3871 νης
2187 3800 2375 3864 οὐσίας
2399 3817 2413 3866 ;

2132 3980 2263 4035 ΜΔ’.
2295 3978 2358 4032 Εἰ
2393 3978 2545 4032 πᾶσα
2572 3977 2730 4031 οὐσία
2762 3978 2910 4031 ἐστὶν
2963 3975 3282 4047 ἀγέννητος,
3313 3976 3466 4029 πᾶσά
3496 3975 3623 4028 ἐστιν

2066 4069 2507 4140 ἀπαράλλακτος.
2570 4068 2680 4140 Τῆς
2733 4068 2792 4121 δὲ
2844 4068 3034 4132 οὐσίας
3098 4067 3157 4121 τὸ
3229 4067 3623 4137 ἀπαράλλακτον

2062 4164 2315 4236 ἐχούσης,
2371 4164 2434 4217 τὸ
2489 4165 2663 4218 ποιεῖν
2714 4163 2810 4217 καὶ
2862 4162 2925 4217 τδ
2972 4163 3201 4234 πάσχειν
3254 4161 3622 4233 αὐτοματισμῷ

2062 4258 2376 4315 ἀναθετέον.

451 4348 613 4404 XLV.
650 4348 809 4416 Quod
834 4350 882 4404 si
916 4348 1084 4402 multa
1109 4346 1221 4404 sint
1247 4344 1490 4417 ingenita
1514 4352 1569 4400 et
1591 4341 1935 4399 invariabilia

2135 4352 2267 4405 ME’.
2316 4349 2533 4403 Πολλῶν
2575 4350 2633 4405 δὲ
2676 4349 2847 4405 ὄντων
2903 4351 3219 4421 ἀγεννήτων
3266 4349 3362 4403 καὶ
3406 4346 3622 4419 ἀπαραλ-

384 4442 534 4498 nullo
563 4448 713 4497 certo
736 4457 765 4495 a
794 4457 853 4497 se
878 4441 1114 4496 invicem
1143 4453 1372 4495 numero
1401 4436 1816 4507 discrepabunt.
1858 4431 1964 4488 Ne-

2070 4445 2303 4510 λάκτων,
2326 4442 2710 4514 ἀναριθμήτως
2735 4443 3026 4498 διοίσουσιν
3050 4443 3317 4514 ἀλλήλων.
3342 4443 3420 4495 Οὐ
3442 4442 3537 4513 γὰρ
3564 4440 3619 4492 ἂν

382 4550 490 4606 que
521 4533 666 4589 enim
701 4532 1089 4602 comprehendi
1134 4544 1367 4586 numero
1397 4535 1680 4599 poterunt,
1712 4543 1836 4598 qua:
1878 4542 1937 4581 ve

2096 4536 2159 4608 ,ἴη
2187 4534 2465 4607 ἀριθμητά
2493 4534 2561 4588 τά
2585 4534 2853 4589 διεστῶτα
2876 4535 2911 4605 ἢ
2932 4534 3187 4601 καθόλου,
3219 4533 3252 4604 ἢ
3282 4532 3427 4587 κατά
3456 4551 3522 4593 τι.
3540 4532 3622 4584 πά-

386 4625 657 4690 absolute,
695 4624 782 4679 vel
812 4624 993 4694 aliqua
1030 4639 1097 4679 ex
1137 4629 1292 4693 parte
1332 4620 1616 4687 diﬂ‘erant;
1660 4633 1784 4675 cum
1812 4616 1968 4673 din‘e-

386 4719 561 4777 rentia
598 4716 780 4774 omnis
809 4716 1183 4773 determinatae
1216 4729 1399 4772 causae
1443 4714 1497 4767 in
1544 4712 1788 4785 ingenita
1816 4720 1969 4767 natu-

395 4827 455 4867 ra
489 4810 638 4866 velut
668 4809 990 4864 attributam
1027 4815 1232 4866 sortem
1263 4805 1556 4892 signiﬁcet.

456 4899 644 4957 XLVI.
688 4901 749 4956 Si
804 4899 1023 4973 [verba]
1069 4899 1344 4971 ingenitus
1405 4904 1462 4953 et
1520 4895 1662 4951 Deus
1719 4910 1819 4966 pro
1862 4908 1973 4951 uno

390 4996 690 5067 eodemque
739 5003 1047 5060 sumantur,
1090 4991 1366 5064 ingenitus
1422 4990 1719 5062 ingenitum
1763 4988 1971 5060 genuit.

395 5088 491 5143 Sin
538 5087 817 5145 diversum
844 5085 1125 5158 quiddam,
1159 5083 1389 5155 ingeniti
1419 5097 1485 5138 ac
1539 5081 1635 5137 Dei
1686 5080 1973 5147 vocabula,

2075 4645 2175 4697 σης
2220 4626 2551 4688 διαστάσεως
2612 4624 3041 4698 ἀποκληρώματί
3069 4625 3088 4657 ³
3117 4642 3238 4679 τινα
3262 4622 3619 4695 ὲμφαινυύσης,

2077 4721 2206 4795 [ἔτι]
2241 4722 2689 4793 ἀποτεταγμένης
2715 4720 3014 4791 ἀγεννήτου
3046 4717 3282 4788 φύσεως.

2150 4906 2293 4975 Μετ’.
2328 4906 2392 4960 EI
2413 4906 2474 4960 τὸ
2494 4903 2822 4993 ἀγέννητος
2841 4903 2934 4957 καὶ
2951 4902 3012 4955 τδ
3046 4901 3195 4968 Θεὸς
3223 4901 3287 4953 ὲκ
3314 4898 3619 4972 παραλλήλου

2080 4999 2142 5053 τὸ
2168 4998 2298 5051 αὐτὸ
2325 4998 2491 5071 δηλοῖ,
2524 4990 2817 5067 ἀγέννητον
2845 4994 3139 5065 ἀγέννητος
3165 4994 3476 5063 ἐγέννησεν.
3508 4992 3558 5044 El
3577 4990 3621 5042 δὲ

2083 5088 2266 5160 ἔτερόν
2294 5105 2346 5143 τι
2365 5088 2517 5159 δηλοῖ
2546 5087 2607 5139 τὸ
2637 5086 2954 5157 ἀγέννητον,
2986 5084 3173 5155 ἕτερον
3194 5084 3252 5137 δὲ
3278 5082 3340 5135 τὸ
3369 5082 3520 5148 Θεὸς,
3543 5081 3620 5133 οὐκ

328 5260 341 5272 .
393 5181 691 5270 declarant,
742 5194 1089 5252 nequaquam
1112 5177 1411 5235 absurdum
1465 5183 1574 5243 est,
1608 5174 1779 5231 Deum
1819 5173 1937 5230 aDe

2096 5180 2282 5236 Ξτοπον
2307 5178 2364 5232 δὲ
2389 5177 2465 5248 τῷ
2490 5176 2610 5249 Θεῷ
2650 5176 2783 5230 Θεὸν
2825 5174 3231 5246 γεγεννηκέναι,
3273 5171 3523 5244 ἑκατέρου
3543 5171 3618 5242 τὴν

392 5266 633 5345 genitum
654 5289 799 5341 esse,
836 5288 962 5329 cum
1006 5280 1239 5344 uterque
1271 5269 1341 5327 ab
1378 5269 1620 5343 ingenita
1665 5266 1937 5325 substanti

2096 5268 2317 5342 ὓπαρξιν
2349 5268 2603 5335 λαϐόντος
2638 5267 2698 5335 ἐξ
2722 5268 3017 5339 ἀγεννήτου
3046 5267 3252 5329 οὐσίας.

396 5366 662 5438 originem
682 5365 939 5435 Iduxerit.

465 5452 674 5509 XLVII.
717 5454 776 5509 Si
812 5461 940 5511 ante
971 5452 1143 5509 Deum
1173 5451 1310 5511 nihil
1350 5452 1576 5513 omnino
1603 5450 1727 5518 fuit,
1770 5449 1851 5505 uti
1890 5464 1978 5505 rc-

354 5652 369 5665 .
474 5610 491 5645 ‘
520 5610 648 5665 Cor.
673 5612 795 5681 ὁρᾷ.

2158 5448 2290 5504 ΜΖ’.
2328 5449 2387 5502 El
2412 5448 2465 5501 δὲ
2505 5448 2564 5501 τὸ
2602 5446 2707 5520 πρὸ
2728 5446 2821 5500 τοῦ
2860 5444 2995 5501 Θευῦ
3025 5443 3188 5517 μηδὲν
3216 5445 3323 5517 εἴη,
3352 5441 3522 5516 ὥσπερ
3541 5438 3615 5495 οὐκ

895 5612 917 5643 ¹
953 5611 1081 5666 Cor.
1113 5614 1168 5666 tv
1204 5622 1255 5669 ct
1288 5612 1483 5668 ἀτελεῖ.
1564 5612 1582 5645 ³
1615 5628 1703 5680 γρ.
1749 5606 2213 5680 ἀποκληρώματα.
