3798 6212
128 359 244 417 546

701 354 1068 412 ADVERSUS
1108 354 1451 412 IlERESES
1488 354 1617 412 LIB.
1661 357 1737 415 Ill

1917 362 1956 419 Ι.
2002 362 2039 416 Ι.
2082 392 2152 403 -
2190 361 2463 419 ΙΙᾸΞΒΕΞ.
2506 364 2741 422 LXXVI.

3308 372 3421 430 διε

131 478 280 541 ἐστι,
341 474 401 527 τὸ
431 472 575 539 Θεὸς
632 473 725 527 καὶ
747 472 809 527 τὸ
850 472 1147 546 ἀγέννητον
1204 474 1402 528 ταυτὸν
1446 475 1613 546 δηλοῖ,
1673 477 1734 531 οὐ

1917 496 1966 535 ra
2013 480 2151 536 nihil
2191 481 2421 549 exstitit,
2469 484 2613 539 Deus
2641 490 2695 539 et
2726 480 3030 557 ingenitum
3075 485 3221 545 idem
3257 487 3418 560 plane

133 567 505 642 προσιεμένου
577 564 672 619 τοῦ
748 566 1092 636 γεννήματος
1153 566 1215 619 τὸ
1263 568 1578 640 ἀγέννητον.
1646 570 1737 623 Διὸ

132 662 261 715 οὐδὲ
311 661 373 714 τὸ
422 657 889 731 πνεκφωνείσθαι
932 658 1009 731 τῷ
1048 657 1168 731 Θεῷ
1207 658 1302 713 καὶ
1362 660 1538 732 Πατρὶ
1588 661 1737 732 αὐτῷ

131 753 424 825 ἀνέχεται.

216 845 601 918 Ἐρῤωμένοῦς
651 845 746 900 καὶ
794 844 1113 918 ἑρῤωμένας
1155 845 1300 916 ὑμᾶς
1324 848 1353 900 ὁ
1383 845 1458 900 ὢν
1489 845 1740 916 αὐτογέν-

129 957 303 1011 νητος
338 940 492 1006 Θεὸς,
527 941 556 993 ὁ
581 940 678 994 καὶ
713 938 873 1010 μόνος
896 937 1151 1009 ἀληθινὸς
1180 938 1314 1003 Θεὸς
1366 955 1737 1011 προσαγορευ-

130 1032 252 1095 θεὶς
322 1033 430 1087 ὑπὸ
484 1031 579 1087 τοῦ
642 1032 1043 1095 ἀποσταλέντος
1108 1031 1284 1102 Ἰησοῦ
1310 1031 1572 1103 Χριστοῦ,
1604 1032 1737 1087 ὑπο-

131 1125 372 1190 στάντος
421 1142 481 1179 τε
538 1124 756 1197 ἀληθῶς
796 1124 906 1197 πρὸ
940 1124 1175 1191 αἰώνων,
1201 1123 1299 1179 καὶ
1335 1124 1489 1190 ὄντος
1521 1120 1763 1196 άληθῶ(

131 1218 414 1289 γεννητῆς
443 1218 821 1283 ὑποστάσεως,
850 1216 1175 1290 διατηρήσει
1198 1216 1308 1271 ἀπὸ
1331 1218 1431 1288 τῆς
1454 1217 1735 1283 ἀσεϐείας,

128 1313 191 1368 ὲν
217 1310 451 1383 Χριστῷ
501 1310 676 1385 Ἰησοῦ
707 1310 785 1381 τῷ
818 1309 1011 1382 Κυρίῳ
1033 1309 1214 1381 ἡμῶν,
1253 1308 1320 1363 δι’
1342 1303 1403 1365 οὗ
1440 1313 1593 1367 πᾶσα
1609 1312 1737 1379 δόξα

128 1403 211 1475 τῷ
237 1404 426 1478 Πατρὶ
454 1404 550 1459 καὶ
574 1402 670 1458 νῦν
698 1403 795 1460 καὶ⁸
835 1402 924 1458 ἀεὶ⁹
963 1400 1056 1459 καὶ
1105 1403 1186 1466 είς
1240 1401 1368 1468 τοὺς
1395 1402 1600 1469 αίῶνας
1627 1404 1738 1460 τῶν

130 1497 379 1552 αἰώνων.
436 1498 627 1569 Ἀμήν.

203 1590 578 1662 Πεπλήρωται
610 1589 669 1643 τὸ
697 1588 984 1660 σύνταγμα
1012 1587 1122 1644 τῶν
1151 1588 1381 1643 Ἀετίου.

202 1682 325 1735 Καὶ
352 1681 467 1735 ἐστι
499 1680 608 1734 τῶν
633 1681 713 1745 είς
736 1681 887 1752 ἡμᾶς
919 1679 1029 1733 ἀπὸ
1045 1678 1247 1751 μέρους
1275 1677 1539 1732 ἐλθόντων
1566 1675 1734 1731 αὐτοῦ

130 1772 488 1845 φθοριμαίων
539 1770 759 1838 λέξεων,
808 1772 886 1835 ὠς
940 1770 1099 1842 ἔφην,
1139 1772 1173 1842 ὴ
1215 1770 1363 1843 ἀρχὴ
1407 1770 1540 1841 παρ’
1574 1769 1733 1841 ἡμῶν

1839 573 2172 645 significant,
2207 589 2332 629 cum
2373 573 2557 646 genita
2596 573 2815 631 soboles
2847 575 3149 648 ingenitum
3177 592 3286 633 non
3321 577 3417 633 ad-

1839 666 2038 720 mittat.
2077 663 2233 723 Unde
2289 680 2415 719 cum
2444 664 2557 722 Deo
2590 681 2653 721 ac
2685 665 2848 723 Patre
2892 682 2994 723 suo
3025 669 3191 741 simul
3232 670 3418 741 appel-

1839 756 1941 812 lari
1969 772 2092 813 sese
2115 772 2226 813 non
2255 758 2485 828 patitur.

1909 848 2054 906 Deus
2099 850 2212 915 ille,
2248 851 2343 923 qui
2385 866 2419 906 a
2466 851 2619 907 nullo
2658 852 2766 908 alio
2812 852 3031 923 genitus
3074 863 3179 919 est,
3214 854 3422 926 quique
3490 881 3504 898 -

1839 941 1990 998 solus
2026 958 2192 999 verus
2226 943 2376 1001 Deus
2410 944 2481 1000 ab
2522 942 2653 1000 Jesu
2689 943 2933 1011 Christo,
2960 945 3054 1016 qui
3093 946 3161 1000 ab
3188 960 3255 1003 eo
3284 946 3419 1001 mis-

1839 1050 1935 1091 sus
1977 1045 2119 1102 erat,
2156 1038 2459 1108 appellatus
2487 1044 2593 1103 est,
2638 1036 2882 1103 Christo,
2916 1037 3162 1106 inquam,
3203 1036 3297 1107 qui
3331 1052 3420 1092 re-

1838 1141 1969 1184 vera
2008 1135 2134 1184 ante
2165 1129 2367 1185 saecula
2397 1129 2584 1184 omnia
2622 1128 2855 1194 exstitit,
2888 1135 3084 1199 estque
3109 1126 3231 1183 sine
3250 1126 3423 1183 dubio

1837 1221 2020 1292 genita
2064 1220 2398 1289 substantia,
2441 1235 2609 1278 sanos
2648 1237 2768 1289 vos,
2805 1235 3081 1292 sanasque
3112 1229 3169 1276 et
3203 1220 3419 1277 incolu-

1838 1328 1958 1374 mes
1999 1312 2069 1369 ab
2111 1313 2393 1383 impietate
2435 1312 2749 1378 custodiat,
2789 1314 2845 1368 in
2883 1314 3104 1369 Christo
3150 1311 3279 1372 Jesu
3311 1311 3420 1367 Do-

1837 1404 1989 1460 mino
2007 1412 2238 1461 nostro:
2265 1420 2361 1477 per
2387 1419 2548 1476 quem
2571 1404 2752 1460 omnis
2775 1406 2948 1476 gloria
2972 1405 3124 1461 Patri
3171 1417 3226 1462 et
3275 1408 3423 1460 nunc

1835 1502 1893 1551 et
1925 1510 2162 1568 semper,
2195 1504 2250 1553 et
2277 1497 2335 1553 in
2370 1496 2569 1555 saecula
2600 1496 2950 1555 saeculorum.
2979 1498 3174 1554 Amen.

1918 1586 2200 1646 Hactenus
2237 1589 2381 1647 Aetii
2407 1591 2759 1661 opusculum.

1908 1680 2024 1738 Hoc
2068 1682 2233 1753 igitur
2272 1682 2873 1753 perniciosissimarum
2921 1681 3064 1737 Aetii
3117 1681 3423 1739 sententia-

1836 1788 1995 1839 rum,
2031 1788 2265 1844 quarum
2294 1774 2361 1830 ad
2391 1789 2496 1830 nos
2540 1775 2824 1845 particula:
2866 1773 3116 1846 quaedam
3158 1789 3423 1844 pervene-

128 1864 561 1937 ἀνατρεπομένη
599 1864 763 1936 αῦτη.
812 1864 1118 1935 Τριακόσια
1156 1862 1266 1933 γὰρ
1294 1860 1431 1934 ὁμοῦ
1460 1862 1729 1931 κεφάλαια

1917 1872 1981 1930 ιι,
2016 1864 2345 1935 principium
2375 1872 2461 1921 est
2494 1872 2683 1921 nostra
2726 1866 2829 1920 hac
2861 1865 3235 1936 disputatione
3264 1863 3422 1921 refel-

129 1959 477 2031 ὁμοιὸτροπα
518 1957 729 2020 τούτοις
775 1956 938 2026 φασιν
996 1955 1162 2010 αὑτὸν
1205 1954 1586 2026 πεποιηκέναι,
1638 1953 1739 2008 πά-

130 2069 235 2122 σης
300 2049 654 2121 βλασφημίας
696 2047 932 2118 ἔμπλεα.
987 2044 1255 2101 Ἐνταῦθα
1292 2044 1349 2099 δὲ
1386 2044 1464 2107 ὡς
1500 2041 1735 2097 ἀπολλυ-

133 2145 302 2219 μένου
338 2143 591 2215 σὼματος
624 2138 854 2214 ἑρπετοῦ
889 2138 984 2194 καὶ
1015 2136 1582 2207 σαπέντος,ὲπηὸόλου
1612 2137 1627 2165 ³
1649 2152 1731 2191 τι·-

131 2237 220 2301 νὸς
241 2235 544 2290 σπουδαίου
582 2231 987 2303 ἀναλεξαμένου
1018 2229 1125 2285 τῶν
1156 2229 1252 2283 τοῦ
1280 2226 1512 2299 ἑρπετοῦ
1543 2226 1731 2297 λειψά-

133 2346 239 2383 νων
262 2327 341 2381 τὰ
360 2326 526 2380 ὀστέα
558 2326 639 2390 είς
657 2324 838 2395 λύμην
869 2321 1054 2385 τινῶν,
1087 2321 1156 2393 ἢν
1204 2320 1476 2392 καυχᾶται
1509 2318 1732 2374 ἐπιϐου-

134 2422 230 2495 λὴν
264 2419 657 2490 πεποιηκέναι,
688 2418 802 2471 τισὶ
832 2415 1062 2487 γράφων
1081 2413 1263 2485 δῆθεν,
1297 2413 1374 2477 ὡς
1400 2411 1544 2467 κατά
1584 2411 1733 2481 φιλο-

133 2513 336 2569 καλίαν
370 2512 616 2585 περιέχει
647 2509 710 2563 τὸ
753 2507 1177 2579 συνταγμάτων,
1209 2497 1271 2560 οῦ
1305 2507 1336 2577 ἡ
1363 2503 1507 2576 ἀρχὴ
1535 2502 1732 2567 οὕτως,

133 2600 195 2660 οῦ
220 2608 441 2661 εἵνεκεν
495 2606 592 2661 καὶ
636 2602 793 2660 αὐτοὶ
814 2602 915 2674 τῆς
945 2600 1042 2656 τοῦ
1074 2597 1211 2654 Θεοῦ
1246 2597 1528 2670 ἐνεργείας
1548 2596 1618 2652 τὰ
1647 2598 1730 2650 ία-

135 2701 262 2755 τικά
308 2699 426 2753 τῶν
492 2697 667 2768 λόγων
713 2698 814 2768 τῆς
864 2695 1014 2759 θείας
1059 2691 1288 2763 Γραφῆς
1340 2689 1732 2760 ἀναλεξάμενοι

137 2794 231 2848 ἀπ’
281 2792 467 2864 ἀρχῆς
526 2790 656 2862 ἄχρι
701 2788 907 2854 τέλους,
978 2783 1389 2856 ἀνατρεπτικὴν
1435 2781 1731 2847 ἀντίδοτον,

140 2882 652 2953 κατασκευάσωμεν
667 2882 792 2944 στοῖς
816 2876 1163 2950 βουλομένοις
1207 2873 1424 2945 ίαθῆναι
1445 2875 1545 2959 τῆς
1565 2870 1734 2926 αὐτοῦ

142 2978 410 3044 ίοὸολίας,
446 2975 707 3046 ἄντικρυς
757 2972 996 3034 ἑκάστης
1037 2966 1239 3033 λέξεως
1271 2964 1589 3037 ἀνατροπὰς
1630 2979 1735 3017 πα-

142 3071 516 3146 ραθησόμενοι
564 3067 676 3122 τῶν
724 3064 906 3121 αὐτῶν
951 3058 1375 3130 συλλογιστικῶν
1422 3055 1736 3128 κεφαλαίων

139 3166 313 3230 οὕτως
344 3181 361 3197 ⁸

1837 1957 2095 2025 tendum;
2144 1956 2330 2014 ferunt
2366 1959 2512 2013 enim
2560 1965 2807 2015 trecenta
2853 1957 2922 2013 ab
2970 1957 3065 2012 illo
3105 1956 3422 2030 conscripta

1832 2048 1993 2120 931
2038 2049 2276 2119 capitula
2302 2050 2535 2105 istorum
2564 2050 2789 2115 similia,
2825 2065 2889 2108 ac
2916 2049 3264 2107 contumeliis
3289 2050 3426 2104 divi-

1832 2154 1962 2195 num
1992 2139 2049 2194 in
2069 2137 2284 2194 Numen
2307 2140 2530 2195 referta.
2563 2139 2662 2194 Hic
2682 2147 2864 2194 autem
2891 2139 3121 2210 perinde
3144 2154 3209 2195 ac
3230 2140 3278 2195 si
3301 2140 3423 2210 quis

1831 2233 2069 2288 emortui
2100 2230 2392 2302 cujusdam
2434 2245 2499 2286 ac
2543 2231 2838 2302 putrefacti
2882 2231 3156 2302 serpentis
3206 2232 3419 2302 peritus

1832 2337 1896 2378 ac
1941 2323 2225 2380 studiosus
2264 2320 2462 2378 artifex
2507 2322 2769 2394 reliquias
2808 2330 2974 2394 atque
3017 2337 3149 2379 ossa
3191 2324 3422 2395 legerit,

1833 2418 1909 2471 ita
1936 2413 2211 2487 pestiferae
2257 2414 2406 2470 illius
2444 2414 2711 2470 doctrinae
2743 2423 2971 2485 partem,
3006 2429 3170 2486 quam
3213 2415 3283 2469 ad
3320 2414 3423 2470 ho-

1833 2509 2010 2564 mines
2034 2505 2387 2578 decipiendos
2418 2507 2626 2578 scripto
2654 2507 2750 2562 illo
2773 2522 2876 2563 suo
2901 2506 2969 2562 ad
2998 2508 3266 2578 quosdam
3289 2508 3420 2563 dato

1833 2596 2132 2662 commisit,
2180 2610 2246 2651 ac
2273 2596 2342 2651 de
2370 2609 2437 2652 eo
2476 2601 2737 2666 tanquam
2778 2594 2997 2667 egregio
3029 2596 3216 2665 aliquo
3262 2609 3427 2665 opere

1835 2690 2122 2762 gloriatur,
2166 2687 2356 2758 hujus,
2405 2687 2650 2757 inquam,
2683 2695 2892 2757 partem
2941 2686 3424 2742 lucubratiuncula

1837 2782 1930 2837 illa
1964 2782 2247 2849 continet,
2286 2780 2447 2851 cujus
2485 2780 2704 2836 initium
2749 2779 3167 2850 descripsimus.
3209 2778 3423 2845 Quibus

1835 2872 1904 2929 de
1942 2873 2128 2929 causis
2167 2881 2225 2930 et
2265 2887 2369 2928 nos
2399 2886 2467 2928 ex
2513 2869 2815 2944 Scripturis
2850 2871 3024 2927 sacris
3052 2871 3239 2926 divina
3272 2885 3426 2940 quaa-

1837 2963 1963 3019 dam
1991 2973 2156 3036 atque
2198 2962 2576 3022 efﬁcacissima
2616 2962 2949 3020 remedia-ab
2982 2962 3139 3018 initio
3170 2962 3239 3017 ad
3266 2960 3430 3017 finem

1838 3070 2014 3127 usque
2046 3056 2399 3127 collegimus,
2444 3071 2512 3112 ex
2542 3055 2744 3128 quibus
2788 3055 3095 3111 antidotum
3143 3054 3422 3124 quoddam

1838 3151 2178 3209 confecimus
2212 3153 2266 3207 in
2290 3167 2481 3208 eorum
2509 3154 2739 3224 gratiam
2761 3193 2776 3217 ,
2813 3153 2907 3224 qui
2939 3152 3008 3209 ab
3032 3152 3181 3208 illius
3220 3166 3431 3207 veneno

140 3275 201 3313 ac
244 3266 404 3329 peste
444 3254 629 3310 curari
660 3250 915 3308 voluerit.
947 3249 1026 3303 Ac
1067 3246 1410 3318 singulorum
1468 3243 1862 3314 propemodum
1896 3245 2188 3301 verborum
2236 3261 2303 3300 ex
2351 3245 2703 3317 syllogisticis
2750 3245 2857 3301 illis
2915 3245 3171 3316 capitulis
3227 3243 3423 3300 confu-

143 3353 412 3408 tationem
442 3346 752 3405 istiusmodi
786 3345 1128 3416 subiecimus
1154 3363 1169 3398 :

507 3462 583 3519 Τὰ
623 3463 851 3517 Ἀετίου
894 3461 1001 3516 τοῦ
1052 3458 1382 3530 Ἀνομοίου.

223 3556 449 3628 Ἐπειδὴ
475 3555 570 3608 τοῦ
601 3552 982 3624 ἐπενεχθέντος
1030 3554 1089 3605 ὲν
1136 3523 1311 3622 καιρῷ
1334 3547 1468 3619 ἡμῖν
1497 3540 1739 3615 διωγμοῦ
1819 3523 1822 3526 ’

146 3652 248 3705 ὑπὸ
269 3650 385 3705 τῶν
409 3645 690 3721 χρονιτῶν,
719 3646 865 3708 τινὲς
890 3643 1007 3721 τῶν
1031 3640 1446 3717 προειρημένων
1493 3652 1743 3708 σφετερι-

145 3746 375 3816 σάμενοι
412 3742 553 3815 μετὰ
590 3740 687 3795 καὶ
734 3739 909 3794 ἀλλων
952 3735 1168 3790 πολλῶν
1209 3731 1545 3803 πονημάτιον
1571 3744 1741 3782 σπου-

146 3836 342 3891 δασθὲν
386 3835 520 3906 ἡμῖν
562 3831 874 3898 ἰδιαζόντως
923 3829 1053 3902 περὶ
1109 3826 1409 3898 ἀγεννήτου
1459 3820 1595 3876 Θεοῦ
1645 3820 1742 3873 καὶ

148 3926 433 3998 γεννητοῦ,
478 3924 853 3997 παρενθήκαις
897 3938 956 3976 τε
998 3920 1092 3975 καὶ
1139 3917 1460 3989 ἀφαιρέσεσι
1494 3910 1737 3982 διαφθεί-

151 4037 345 4092 ραντες
375 4018 666 4083 ἐξέδωκαν,
687 4015 786 4087 τὴν
812 4012 1105 4068 ἀκόλουθον
1134 4008 1468 4082 ἀμείψαντες
1496 4004 1741 4077 ἀγωγὴν,

148 4116 274 4189 ἦλθε
307 4118 370 4172 δὲ
404 4114 542 4187 μετά
570 4112 744 4167 ταῦτα
782 4108 940 4166 τοῦτο
964 4109 1045 4173 είς
1074 4107 1240 4179 ἡμᾶς,
1269 4102 1415 4167 τινὸς
1442 4101 1550 4157 τῶν
1579 4116 1745 4189 σπου-

150 4188 310 4266 δαίων
349 4211 479 4282 ἡμῖν
524 4207 654 4261 αὐτὸ
697 4201 1234 4277 προσκεκομικότος·
1273 4193 1629 4269 ἠναγκάσθην
1656 4188 1745 4247 οἷα

156 4304 337 4375 πατὴρ
386 4297 543 4365 αὖθις
593 4297 931 4367 διακαθάρας
986 4291 1270 4365 ἐκπέμψαι
1320 4288 1450 4361 ὑμῖν
1497 4287 1559 4341 τὸ
1615 4286 1747 4356 σύγ-

157 4413 411 4469 γραμμα,
441 4388 486 4447 ὦ
516 4393 719 4457 πάντες
760 4388 1044 4451 εὐσεϐείας
1081 4382 1310 4455 ἀθληταί
1350 4398 1411 4435 τε
1451 4381 1544 4435 καὶ
1582 4378 1747 4451 ἀθλή-

164 4508 319 4563 ςριαι,
340 4489 491 4552 ὅπως
522 4485 588 4541 ἂν
613 4484 815 4539 εἰδέναι
846 4481 1019 4552 ἔχοιτε
1045 4479 1166 4533 κατ’
1196 4476 1405 4531 ἔννοιαν
1434 4472 1543 4563 τῶν
1578 4472 1747 4542 ἁγίων

159 4559 385 4657 έραφῶν
432 4577 685 4651 εἰρῆσθαι
735 4574 892 4647 ἡμῶν
951 4574 1012 4626 τὸ
1065 4568 1315 4640 λογίδιον,
1348 4567 1415 4621 δι’
1464 4559 1524 4620 οῦ
1568 4563 1746 4657 πάντα

160 4655 444 4749 ὶνθρωπον
472 4669 772 4739 ἀντιλέγειν
796 4667 925 4738 ὑμῖν
938 4659 1325 4734 ἐπιχειροῦντα
1356 4658 1483 4730 περὶ
1512 4655 1745 4749 ἀγεννήᾼ-

164 4744 413 4821 του-Θεοῦ
443 4762 539 4816 καὶ
587 4755 847 4830 γεννητοῦ
890 4754 1083 4809 παύει»
1136 4751 1510 4822 ἀναισχυντεῖν
1564 4744 1747 4800 συντό-

2196 3450 2337 3507 Aetii
2365 3450 2606 3505 Anomm’
2636 3449 2904 3520 prwfatio.

1914 3542 2188 3612 Quoniam
2211 3542 2613 3613 persecutionis
2636 3543 2786 3599 illius
2816 3551 3082 3613 tempore,
3113 3558 3281 3616 quam
3306 3559 3436 3601 con-

1842 3642 1928 3689 tra
1975 3649 2077 3689 nos
2125 3633 2443 3704 temporarii
2488 3631 2712 3704 quidam
2755 3633 3011 3690 homines
3072 3635 3431 3701 excitarunt,

1843 3723 2093 3780 nonnulli
2119 3723 2276 3780 exiis
2300 3738 2440 3795 quos
2460 3723 2722 3790 diximus,
2760 3723 2901 3780 inter
2934 3724 3041 3779 alia
3068 3726 3258 3796 multa,
3293 3741 3434 3798 opu-

1842 3817 2058 3874 sculum
2084 3816 2360 3889 quoddam
2392 3816 2649 3888 privatim
2683 3832 2714 3872 a
2747 3817 2905 3873 nobis
2950 3818 3335 3874 elucubratum
3366 3819 3435 3877 de

1843 3907 2087 3980 ingenito
2142 3907 2256 3963 Deo
2286 3922 2350 3963 ac
2383 3909 2566 3980 genito
2603 3908 2999 3979 subripientes,
3020 3909 3314 3983 plerisque
3338 3910 3437 3967 ad-

1843 4000 2008 4066 ditis,
2054 4010 2150 4057 aut
2195 3999 2499 4065 detractis,
2539 4000 2927 4072 interpolatum
2966 4015 3030 4056 ac
3077 4000 3434 4072 depravatum

1843 4091 2154 4158 ediderunt,
2199 4092 2518 4163 perturbata
2546 4092 2770 4163 insuper
2808 4091 3018 4149 ordinis
3062 4094 3237 4161 serie;
3270 4105 3437 4167 atque

1845 4184 1981 4241 illud
2010 4184 2153 4239 idem
2182 4192 2371 4255 postea
2402 4184 2708 4241 litterarum
2737 4185 2959 4255 quidam
2990 4185 3060 4241 ad
3085 4202 3187 4243 nos
3218 4188 3433 4247 studio-

1846 4292 1943 4334 sus
1986 4276 2191 4338 attulit.
2224 4290 2452 4332 necesse
2475 4275 2678 4342 habui,
2710 4283 2899 4348 utpote
2929 4278 3075 4334 illius
3110 4288 3322 4345 auctor,
3354 4295 3438 4337 re-

1847 4368 2121 4425 censitum
2143 4382 2207 4423 ac
2235 4375 2589 4440 repurgatum
2618 4384 2758 4440 opus
2787 4369 2933 4427 istud
2959 4371 3025 4425 ad
3062 4386 3159 4428 vos
3192 4372 3435 4439 mittere,

1848 4462 2164 4534 quicunque
2194 4460 2416 4532 pietatis
2445 4460 2663 4516 athleta:
2686 4462 2973 4533 utriusque
3003 4479 3169 4520 sexus
3191 4466 3349 4532 estis,
3377 4473 3437 4521 ut

1849 4552 2169 4626 intelligatis
2201 4551 2340 4607 nihil
2370 4566 2481 4607 non
2509 4552 2566 4607 in
2589 4567 2655 4609 eo
2684 4568 2751 4609 ex
2786 4569 3070 4610 sacrarum
3104 4553 3436 4613 Litterarum

1848 4661 2109 4719 germano
2137 4661 2260 4703 esse
2302 4660 2468 4702 sensu
2501 4645 2794 4717 prolatum.
2824 4647 2998 4719 Cujus
3036 4650 3255 4721 quidem
3296 4667 3437 4722 pra:-

1852 4741 1994 4798 sidio
2021 4755 2116 4797 eos
2137 4756 2350 4804 omnes,
2376 4740 2467 4811 qui
2494 4740 2878 4798 contradicere
2906 4742 3207 4811 voluerint,
3243 4744 3438 4814 paucis

164 4876 278 4931 μοις
324 4854 686 4929 περιτροπαῖς
731 4853 753 4884 ³
803 4846 1097 4922 δυνήσεσθε
1119 4862 1134 4876 ο
1187 4846 1406 4901 πάντων
1449 4844 1505 4899 δὲ
1549 4842 1737 4915 μᾶλλον

1917 4834 2179 4892 libusdam
2226 4833 2466 4890 breviter
2513 4833 2765 4905 objectis,
2801 4835 3092 4905 prohibere
3138 4837 3436 4908 poteritis,

168 4952 278 5015 τοὺς
308 4944 745 5022 προειρημένους
778 4941 1053 5014 χρονίτας,
1079 4938 1138 4992 ὲν
1180 4938 1309 4992 εῖδει
1340 4935 1449 4991 τῶν
1474 4934 1748 5009 στιχηρῶν

165 5040 503 5112 ἑπαπόρησιν
532 5033 855 5106 ἀπορήσεως
880 5030 1177 5102 διαστήσας
1222 5026 1317 5081 καὶ
1341 5025 1494 5080 λύσιν
1520 5024 1748 5091 λύσεως,

171 5134 247 5188 5ιά
274 5134 338 5188 τὸ
362 5130 789 5203 εὐπερίδρακτον
823 5125 917 5181 καὶ
962 5124 1132 5195 σαφὲς
1169 5122 1276 5176 τῶν
1303 5120 1749 5193 ἐπιχειρημάτων

175 5222 530 5296 ποιησάμενος
556 5219 656 5291 τὴν
686 5216 860 5289 ἀρχὴν
893 5214 1022 5287 περὶ
1052 5212 1350 5284 ἀγεννήτου
1378 5209 1538 5265 Θεοῦ.

1854 4945 1925 4986 ne
1950 4930 2016 4989 de
2045 4927 2289 4999 ingenito
2322 4927 2433 4985 Deo
2491 4942 2556 4984 ac
2592 4929 2776 5001 genito
2815 4944 3123 4985 sermonem
3154 4930 3440 5001 impuden-

1855 5030 1941 5079 ter
1971 5021 2285 5085 inStituant,
2316 5035 2381 5075 ac
2412 5021 2777 5092 temporarios
2812 5021 2935 5078 illos
2965 5022 3020 5076 in
3055 5021 3268 5091 primis,
3299 5038 3440 5094 quos

1858 5115 2015 5186 attigi
2049 5133 2063 5170 ε
2094 5128 2264 5185 porro
2295 5113 2411 5169 haec
2440 5114 2832 5187 disputationis
2855 5114 3034 5184 capita
3073 5129 3336 5171 versuum
3382 5118 3439 5172 in

1858 5208 2082 5264 modum
2112 5208 2189 5263 ita
2218 5206 2575 5279 digessimus,
2624 5216 2687 5264 ut
2722 5213 2775 5263 et
2820 5206 3157 5275 obiectiones
3192 5207 3331 5264 alias
3372 5224 3441 5264 ex

177 5321 286 5377 aliis
313 5327 369 5377 et
392 5315 757 5390 quaestionum
784 5310 1177 5369 dissolutiones
1202 5315 1549 5366 necteremus
1575 5324 1588 5361 :
1642 5320 1753 5378 quo
1785 5313 1841 5363 et
1868 5304 1935 5360 ad
1967 5302 2544 5377 comprehendendum
2603 5299 2849 5355 faciliora
2906 5307 2962 5355 et
3014 5299 3286 5371 planiora,
3318 5300 3441 5371 qui-

175 5417 270 5472 bus
305 5412 531 5477 utimur,
579 5413 896 5480 argumenta
930 5404 1088 5462 vobis
1120 5409 1306 5461 essent
1335 5421 1350 5458 :
1380 5401 1449 5457 ab
1497 5400 1743 5474 ingenito
1774 5413 1909 5457 vero
1940 5398 2053 5456 Deo
2086 5396 2405 5470 disputandi
2435 5393 2654 5451 initium
2688 5392 2943 5450 fecimus.

796 5524 1141 5595 Ἀνατροπή.

242 5621 318 5678 Δ¹.
349 5621 506 5677 Κατὰ
543 5619 689 5688 λέξιν
715 5618 817 5690 τῆς
860 5616 1208 5687 διαλεκτικῆς
1252 5633 1349 5669 σου
1386 5614 1627 5686 κομπίας
1664 5616 1759 5671 καὶ
1834 5640 1841 5645 ·

2496 5513 2835 5584 Confutatio.

1931 5609 1971 5666 1.
2013 5608 2189 5668 Tuam
2236 5609 2385 5664 illam
2430 5621 2497 5663 ex
2546 5605 2963 5661 dialecticorum
3017 5611 3072 5660 et
3116 5602 3441 5675 disputandi

183 5713 584 5787 συλλογιστικῆς
630 5709 1016 5784 ματαιοπονίας
1046 5709 1144 5781 τὴν
1180 5710 1493 5782 ἀνατροπὴν
1537 5708 1737 5783 ποιήσο

1917 5702 2133 5761 'tificum
2164 5699 2379 5760 ofﬁcina
2422 5696 2743 5771 [profectam
2786 5712 2981 5755 vanam
3026 5705 3079 5754 et
3120 5697 3442 5754 insolentem

252 5848 382 5921 ’rp.
410 5847 685 5904 ἑπιϐὀλου.
770 5848 789 5878 ¹
815 5864 904 5916 πρ.
942 5843 1290 5917 περιτομαϊς.
1400 5820 1421 5838 ’
