3798 6212
379 391 480 450 51³7

1762 367 1820 424 S.
1859 359 2196 420 EPlPllANli

3515 347 3614 403 548

377 506 710 568 oralionem,
748 502 828 557 sic
857 500 923 555 ad
964 500 1185 556 verbum
1229 494 1390 567 932
1429 493 1692 554 refellam,
1737 488 1941 542 nullam

2080 501 2164 545 αι,
2205 480 2278 551 μὴ
2312 476 2674 550 ὑπερϐαίνων,
2713 473 2846 546 μηδὲ
2869 473 2927 526 ὲν
2951 471 3188 541 δευτέρῳ
3210 466 3487 537 τιθέμενος
3513 467 3616 518 τῶν

379 609 438 656 ιιι
462 615 526 653 ex
555 596 778 650 infinitis
817 595 923 648 illis
951 591 1278 646 dictionibus
1321 587 1578 654 majorem
1611 583 1943 636 minoremve

345 686 752 762 ~praetereundo
783 683 1142 738 dissimulem.
1172 680 1249 732 Ac
1298 678 1530 748 primum
1569 672 1715 744 quod
1743 670 1808 724 ad
1840 677 1946 723 tua:

381 779 633 834 factionis
663 776 892 829 athletas
930 774 1074 827 viros
1111 786 1174 823 ac
1204 768 1433 823 feminas
1480 765 1945 846 scribis,.tempo-

379 873 556 924 rarios
588 866 849 936 quosdam
891 863 1138 932 Opusculi
1178 862 1340 923 illius,
1381 858 1525 928 quod
1558 872 1667 926 pra:
1696 853 1946 907 manibus

382 955 642 1017 habebas,
678 965 730 1008 et
772 953 823 1006 in
857 966 964 1022 quo
1011 967 1122 1005 rem
1175 965 1390 1003 omnem
1437 943 1948 1016 interrogationibus

383 1045 896 1116 comprehenderas,
937 1051 1141 1112 partem
1192 1039 1553 1108 subripuisse,
1606 1037 1688 1090 vel
1737 1050 1803 1089 ex
1847 1034 1951 1088 hoc

385 1139 503 1208 ipso
531 1145 626 1190 tuo
672 1135 875 1204 scripto
905 1132 1151 1185 convinci
1185 1141 1355 1200 potes,
1391 1129 1456 1182 ad
1482 1129 1713 1197 teipsum
1741 1127 1947 1195 potius,

385 1229 786 1298 discipulosque
821 1236 963 1286 tuos,
999 1240 1064 1277 ne
1095 1223 1296 1276 erroris
1329 1221 1508 1275 socios
1531 1219 1816 1289 appellem,
1851 1233 1949 1271 no-

387 1336 508 1375 men
542 1318 682 1372 istud
719 1317 1004 1386 pertinere.
1041 1314 1250 1367 Etenim
1280 1321 1628 1366 sacrosancta
1689 1309 1782 1363 Dei
1822 1307 1953 1363 fides

387 1426 450 1466 ac
483 1410 698 1480 religio,
729 1423 851 1462 cum
887 1407 954 1460 ab
980 1406 1134 1459 initio
1167 1415 1327 1472 atque
1367 1403 1433 1456 ab
1462 1401 1649 1454 ultima
1689 1406 1956 1454 vetustate

387 1503 624 1564 exstitit,
671 1499 796 1553 licet
835 1513 942 1550 non
985 1497 1291 1549 obsolescat
1339 1503 1430 1546 aut
1475 1493 1805 1546 inveterctur
1852 1506 1958 1543 un-

389 1606 574 1661 quam,
616 1597 728 1640 tuni
774 1595 1030 1658 perpetuo
1062 1593 1190 1646 stat,
1229 1582 1559 1637 solidissimo
1607 1579 1958 1633 fundamento

389 1682 514 1736 nixa
545 1699 556 1734 :
585 1682 742 1746 cujus
778 1677 1038 1730 Dominus
1067 1684 1218 1730 extra
1254 1684 1468 1742 tempus
1506 1686 1665 1726 omne
1691 1670 1960 1724 constitu-

391 1783 479 1828 tus
508 1783 609 1828 est.
647 1770 913 1836 Quocirca
947 1783 1119 1836 neque
1149 1768 1265 1834 ipsa
1295 1763 1524 1832 tempori
1555 1762 1801 1830 subjacet
1824 1804 1838 1826 ,
1863 1760 1958 1815 sed

390 1878 514 1917 cum
552 1861 756 1930 angelis
787 1865 1037 1912 versatur
1070 1855 1311 1914 assidue,
1353 1860 1682 1919 sanctosque
1715 1866 1811 1920 per
1845 1850 1961 1903 sin-

390 1953 546 2022 gulas
586 1947 962 2019 generationes
1006 1952 1250 1998 exornat.
1293 1939 1372 1992 Tu
1427 1953 1554 1992 vero
1599 1936 1961 2005 temporarius

392 2042 565 2095 multo
596 2039 765 2107 magis
796 2032 1149 2105 appellandus
1181 2047 1258 2093 es,
1291 2028 1381 2097 qui
1411 2037 1463 2082 et
1498 2028 1552 2080 in
1587 2040 1828 2080 errorem
1869 2026 1964 2078 ab-

393 2137 591 2191 ductus
623 2149 703 2198 es,
735 2138 788 2186 et
822 2130 966 2182 fastu
992 2124 1410 2195 arrogantiaque
1440 2121 1809 2203 distentusbet
1843 2132 1962 2186 gre-

394 2229 479 2298 gis
522 2225 600 2278 tui
635 2219 870 2292 pecudes
897 2217 1098 2287 passim
1123 2229 1219 2283 per
1253 2212 1432 2266 dumis
1462 2224 1525 2262 ac
1550 2207 1723 2276 spinis
1751 2207 1964 2262 consita

397 2333 599 2390 pascua
625 2311 933 2386 propulisti.
965 2309 1132 2363 Nemo
1165 2305 1309 2360 enim
1340 2303 1525 2358 eadem
1553 2311 1729 2355 tecum
1777 2315 1840 2355 ex
1869 2314 1962 2354 ve-

398 2389 607 2462 teribus
651 2403 856 2464 sensit,
893 2414 924 2453 o
959 2398 1115 2462 Aeli,
1165 2392 1520 2463 temporarios
1569 2389 1789 2458 scriptis
1855 2390 1966 2444 tuis

399 2499 696 2560 lacessens,
733 2489 1092 2562 temporarius
1129 2501 1190 2539 ac
1220 2498 1411 2539 recens
1444 2483 1579 2552 ipse.
1611 2480 1718 2535 Sed
1756 2481 1812 2534 in
1847 2479 1966 2550 ipso

398 2591 582 2644 statim
625 2586 804 2656 aperis
851 2583 1021 2644 aditu,
1073 2594 1196 2633 eum
1244 2585 1296 2631 te
1345 2574 1869 2628 lucubratiunculam
1901 2572 1969 2627 de

398 2677 640 2749 ingenito
673 2674 782 2728 Deo
819 2688 881 2726 ac
919 2670 1102 2742 genito
1146 2664 1433 2736 scripsisse
1490 2678 1702 2727 narras,
1739 2662 1874 2716 adeo
1903 2662 1970 2716 il-

399 2771 556 2826 lustri
599 2764 863 2838 principio
897 2764 988 2832 (ut
1035 2769 1142 2814 tam
1195 2758 1452 2812 inusitata
1500 2771 1764 2811 novorum
1810 2771 1972 2810 voca-

401 2865 652 2918 bulorqu
716 2858 938 2913 licentia
993 2853 1509 2914 commemoranda,
1557 2861 1706 2905 tuam
1757 2863 1974 2906 omnem

402 2952 653 3007 homines
691 2950 745 3002 in
781 2947 1196 3002 admirationem
1227 2942 1524 2998 adduxisti.

473 3043 534 3097 ll.
581 3041 780 3110 Ecquis
812 3051 896 3094 cst
930 3053 1058 3093 vero
1091 3037 1531 3090 Christianorum
1561 3035 1835 3100 omnium,
1883 3037 1976 3107 qui

405 3134 698 3188 salutarem
730 3129 822 3182 Dei
855 3128 1157 3182 doctrinam
1187 3125 1457 3188 obtinent,
1485 3126 1579 3192 qui
1607 3125 1707 3178 hac
1739 3125 1856 3193 ipsa
1879 3127 1976 3180 de-

407 3225 596 3279 relicta
645 3219 893 3275 confictis
947 3218 1055 3272 tuis
1115 3217 1310 3270 fabulis
1360 3231 1422 3270 ac
1455 3217 1614 3284 nugis
1669 3216 1924 3272 inductus
1955 3257 1971 3282 ,

407 3325 609 3369 aiterno
670 3311 780 3365 Deo
820 3310 1047 3379 ejusque
1081 3307 1284 3377 Spiritu
1340 3315 1529 3362 sancto
1575 3309 1854 3377 neglecto,
1911 3308 1976 3362 ad

409 3416 531 3459 tuas
561 3411 744 3474 partes
781 3401 1014 3455 transire
1043 3400 1211 3463 malit,
1243 3414 1305 3451 ac
1335 3397 1400 3453 de
1431 3399 1617 3468 genito
1651 3397 1759 3454 Deo
1793 3399 1981 3468 dispu-

412 3507 615 3552 tantem
647 3493 861 3556 audiat,
899 3501 958 3545 ut
982 3499 1036 3546 et
1080 3492 1196 3560 ipse
1233 3491 1374 3544 inter
1407 3490 1603 3544 stultos
1640 3498 1976 3551 numeretur,

409 3597 461 3641 et
507 3592 810 3640 creaturam
842 3583 962 3635 loco
989 3580 1264 3634 Creatoris
1292 3579 1518 3633 adorare
1550 3579 1856 3641 condiscat,
1886 3579 1978 3648 qui

409 3686 484 3731 est
528 3676 826 3729 benedictus
888 3673 941 3725 in
998 3670 1215 3725 sazcula.
1242 3669 1404 3722 Amen
1429 3670 1482 3723 ‘?
1517 3669 1625 3724 "Nos
1655 3670 1800 3724 enim
1831 3684 1984 3723 crea-

412 3776 527 3820 tum
559 3781 666 3818 non
694 3763 955 3816 habemus
985 3761 1176 3828 Deum,
1224 3767 1317 3812 aut
1367 3759 1594 3824 factum,
1635 3758 1730 3812 sed
1773 3759 1985 3812 increa-

412 3867 550 3922 t'um,
589 3866 644 3911 et
679 3872 708 3908 a
741 3855 890 3908 nullo
923 3854 1222 3919 conditum,
1255 3866 1285 3905 a
1319 3851 1478 3906 Patre
1524 3866 1652 3906 vero
1683 3851 1800 3906 sine
1830 3851 1986 3905 initio

413 3952 525 4005 ullo
572 3963 636 4002 ac
684 3955 927 4016 tempore
961 3946 1222 4015 genitum.
1267 3943 1542 4012 Quidquid
1591 3944 1647 3997 in
1677 3943 1780 3997 hac
1821 3943 1985 4011 geniti

410 4039 880 4096 voce-.calunmim
929 4037 1215 4100 struxeris,
1267 4043 1322 4090 et.
1369 4035 1618 4104 ambigue
1662 4034 1985 4103 usurparis,

415 4149 534 4190 eam
568 4133 664 4187 abs
694 4140 746 4186 te
777 4131 1067 4185 dictionem
1095 4144 1200 4181 non
1234 4127 1535 4188 admittam,
1568 4124 1786 4179 tametsi
1819 4140 1886 4178 ne
1915 4125 1986 4176 ita

410 4223 629 4294 quidem
665 4221 924 4290 accipias,
961 4227 1018 4272 ut
1062 4217 1221 4272 Patre
1270 4216 1494 4270 inferior
1537 4215 1712 4270 factus
1737 4230 1860 4269 esse
1906 4214 1989 4281 di-

413 4323 569 4369 catur
595 4313 786 4384 :933
830 4310 1010 4382 Neque
1034 4311 1170 4364 enim
1202 4310 1413 4372 espinis
1439 4308 1688 4378 colligunt
1719 4323 1867 4372 uvas,
1899 4323 1989 4358 ue-

411 4423 506 4476 que
541 4421 602 4460 ex
634 4404 841 4458 tribulis
885 4404 1016 4470 ﬁcus
1040 4442 1053 4464 ,
1097 4416 1270 4469 neque
1311 4400 1378 4453 ab
1409 4415 1475 4454 eo
1512 4401 1602 4468 qui
1636 4411 1878 4452 errorem
1906 4411 1990 4450 se—

2047 571 2316 626 δοκουσῶν
2361 587 2440 623 σοι
2487 566 2767 638 μειζόνων,
2807 565 2840 636 ἢ
2885 564 2979 618 καὶ
3027 561 3272 632 βραχέων
3318 558 3515 622 λέξεων
3562 559 3618 610 τὸ

2043 664 2341 734 ἀμύθητον.
2386 662 2496 715 Καὶ
2529 659 2743 732 πρῶτον
2793 657 2891 728 μὲν
2933 656 3054 708 ἐπεὶ
3095 655 3208 707 ἄνω
3247 651 3477 723 γράφων
3518 652 3619 712 τοῖς

2045 753 2138 806 τοῦ
2191 752 2282 805 σοῦ
2351 749 2712 821 πληρώματος
2780 746 3038 817 ἀθληταῖς
3112 743 3207 796 καὶ
3274 741 3617 810 ἀθλητρξαις,

2049 844 2257 916 ἔφησθα
2290 843 2544 913 χρονίτας
2579 841 2732 904 τινὰς
2779 837 3272 909 σφετερισαμένους
3307 833 3453 902 ἅπερ
3495 831 3621 899 μετὰ

2050 939 2233 1005 χεῖρας
2269 928 2413 1004 εἶχες
2441 932 2533 985 τοῦ
2568 931 2896 1002 πονηματίου
2931 927 3297 998 ὲρωτηθεξσης
3343 927 3444 993 τῆς
3487 921 3624 989 παρὰ

2052 1028 2132 1078 σοὶ
2168 1027 2384 1089 λέξεως,
2437 1024 2494 1077 σὲ
2538 1024 2734 1094 μᾶλλον
2759 1022 2917 1075 τοῦτο
2958 1020 3020 1072 τὸ
3063 1019 3232 1087 ὄνομα
3271 1013 3621 1082 κεκτημένον,

2051 1123 2143 1174 καὶ
2195 1122 2323 1184 τοὺς
2365 1121 2471 1173 ἀπὸ
2517 1119 2605 1172 σοῦ
2653 1113 3187 1188 μεμαθητευμένους,
3232 1111 3317 1163 ἵνα
3379 1107 3458 1177 μὴ
3500 1108 3626 1158 εἴπω

2053 1213 2519 1283 πεπλανημένους,
2561 1210 2898 1277 διελέγξειεν.
2943 1207 3007 1259 Ἦ
3041 1206 3136 1275 μὲν
3171 1204 3279 1273 γὰρ
3323 1198 3464 1253 Θεοῦ
3508 1199 3628 1264 ἁγία

2055 1311 2236 1366 πὲστις
2265 1302 2520 1373 ἁπαρχῆς
2568 1296 2703 1354 οὖσα
2757 1301 2850 1352 καὶ
2890 1298 2996 1360 ἀεὶ,
3025 1295 3364 1367 ἀρχαϊζουσα
3425 1289 3521 1342 καὶ
3563 1289 3629 1358 μὴ

2006 1398 2016 1409 “
2057 1395 2449 1465 παλαιουμένη,
2481 1394 2627 1446 ἔστιν
2652 1394 2760 1455 ἀεὶ,
2809 1393 2902 1445 καὶ
2930 1389 3223 1462 ἡδραιωται
3255 1385 3467 1453 ταύτης
3497 1385 3528 1435 ὁ
3551 1381 3630 1433 θε-

1994 1831 2034 1884 Β

2061 1486 2258 1557 μὲλιος,
2308 1486 2401 1538 καὶ
2457 1485 2723 1553 ὑπάρχει,
2773 1483 2970 1552 ἔχουσα
3013 1480 3104 1532 τὸν
3153 1477 3326 1546 αὐτῆς
3356 1474 3628 1542 Δεσπότην

2058 1579 2302 1648 ἄχρονον.
2349 1576 2438 1628 Διὸ
2482 1576 2602 1627 οὐδὲ
2651 1575 2787 1643 αὑτὴ
2826 1571 3048 1643 χρονικὴ
3095 1571 3356 1640 ὑπάρχει,
3410 1565 3528 1619 ἀλλ’
3557 1563 3633 1616 ἀεί

2060 1671 2175 1722 ἐστι
2219 1667 2333 1738 μετ’
2361 1667 2604 1735 ἀγγέλων
2642 1663 3124 1735 ἐμπολιτευομένη,
3163 1663 3255 1714 καὶ
3286 1659 3478 1727 ἁγίους
3504 1657 3636 1710 κατὰ

2061 1759 2250 1827 γενεὰν
2283 1759 2374 1810 καὶ
2397 1758 2586 1825 γενεὰν
2622 1755 2920 1826 κοσμοῦσα.
2969 1755 3040 1806 Σὺ
3069 1755 3123 1807 δὲ
3164 1752 3364 1824 μᾶλλον
3394 1748 3636 1820 χρονικδς

2065 1851 2348 1918 ὑπάρχεις
2379 1846 2722 1917 βουκοληθεὶς
2750 1845 2854 1898 ὑπὸ
2881 1846 2979 1913 τῆς
3010 1844 3235 1913 πλάνης,
3267 1837 3639 1908 καὶ-ἐπαρθεὶς

2064 1939 2204 1992 κατὰ
2235 1940 2333 2010 τὴν
2361 1939 2617 1999 διάνοιαν,
2659 1939 2752 1990 καὶ
2803 1937 2863 1988 τὸ
2901 1936 2988 1988 σὺν
3017 1935 3267 2005 βόσκημα
3298 1932 3400 2001 τῆς
3443 1928 3641 1996 ἀγέλης

2066 2030 2298 2100 χυδαίως
2332 2033 2410 2093 εἰς
2459 2030 2628 2100 νομὴν
2676 2029 2958 2098 ἁκανθὼδη
3011 2025 3416 2096 παρεμπλέξας.
3458 2019 3643 2083 Οὐδεὶς

2065 2121 2174 2192 γὰρ
2206 2122 2346 2174 κατὰ
2384 2123 2442 2174 σὲ
2490 2124 2598 2175 τῶν
2649 2122 2892 2176 παλαιῶν
2949 2121 3268 2192 ἐφρόνησεν,
3297 2111 3342 2168 ὦ
3390 2114 3587 2176 Ἀέτιε,
3618 2114 3645 2164 ὁ

2067 2211 2208 2265 κατὰ
2251 2213 2516 2284 χρονικῶν
2554 2216 2807 2286 γράφων,
2856 2215 3018 2277 αὐτὸς
3063 2211 3312 2284 χρονικὸς
3363 2209 3645 2277 ὑπάρχων.

2068 2302 2163 2354 καὶ
2191 2302 2288 2356 οὐκ
2317 2304 2612 2374 ἁρχαῖζων.
2647 2305 2822 2367 Εὐθὺς
2845 2305 2900 2356 δὲ
2933 2305 2997 2356 ὲκ
3024 2302 3246 2374 πρώτης
3270 2298 3550 2368 ἐπιϐολῆς.
3576 2296 3649 2358 ὡς

2070 2395 2204 2465 ἔφης
2233 2399 2566 2467 πονημάτιθν
2603 2398 2955 2468 γεγραφέναι,
2987 2394 3154 2448 εἰπὼν
3192 2391 3320 2463 περὶ
3351 2389 3651 2458 ἁγεννήτου

2071 2487 2206 2540 Θεοῦ
2243 2490 2336 2542 καὶ
2369 2489 2648 2560 γεννητοῦ,
2689 2488 2986 2559 ἐξέπληξας
3025 2488 3113 2539 τὸν
3153 2486 3265 2556 βίον
3314 2486 3373 2536 ἐν
3415 2485 3482 2552 τῇ
3527 2497 3650 2534 τος-

2074 2581 2211 2651 αύτῃ
2262 2599 2353 2634 σου
2411 2585 2645 2652 φωτεινῇ
2703 2581 2926 2650 ἐπιϐολῇ
2972 2577 3066 2632 τοῦ
3115 2578 3294 2644 λόγου,
3351 2576 3441 2627 ἵνα
3482 2563 3653 2634 οὕτως

2077 2672 2462 2743 περιγέλαστόν
2491 2691 2582 2726 σου
2609 2675 2919 2742 ποιήσωμαι
2941 2670 3030 2723 τὸν
3059 2670 3214 2736 λόγον
3239 2668 3338 2737 τῆς
3367 2663 3654 2729 διαλέξεως

2076 2765 2174 2835 τῆς
2201 2766 2467 2837 τοσαύτης
2499 2783 2591 2818 σου
2619 2764 3112 2834 καινοτομουμὲνης
3143 2757 3585 2832 ὀνοματοποιίας.

2034 2856 2180 2914 illam
2232 2862 2654 2932 disputationem
2699 2861 2934 2915 ludibrio
2993 2859 3328 2927 traducam),
3385 2865 3654 2910 summam

2150 3035 2223 3090 B'.
2257 3036 2352 3099 Τίς
2382 3036 2489 3108 γὰρ
2518 3037 2624 3091 τῶν
2661 3037 2722 3090 τὸ
2768 3037 3030 3108 σωτήριον
3068 3035 3160 3089 τοῦ
3211 3035 3346 3089 Θεοῦ
3396 3036 3658 3108 κήρυγμα

2004 3161 2045 3217 C
2080 3131 2431 3200 κεκτημένων
2479 3129 2818 3200 Χριστιανῶν
2868 3129 3069 3182 παίδων
3119 3129 3308 3184 τοῦτον
3338 3129 3358 3160 ⁸
3404 3129 3659 3184 καταλει-

2079 3241 2190 3286 ποι,
2227 3223 2562 3294 προτραπεὶς
2592 3224 2696 3276 ὑπὸ
2723 3223 2815 3276 σοῦ
2849 3223 2936 3276 διὰ
2965 3223 3061 3294 τῆς
3098 3221 3374 3292 μυθώδους
3405 3239 3500 3275 σου
3528 3223 3663 3274 πλά-

2078 3330 2194 3382 νης,
2223 3315 2387 3376 ἐάσας
2425 3312 2555 3365 Θεὸν
2595 3314 2680 3365 ἀεὶ
2711 3313 2857 3375 ὄντα,
2887 3313 2980 3364 καὶ
3005 3312 3066 3364 τὸ
3106 3311 3257 3380 ἆγιον
3299 3311 3463 3364 αὑτοῦ
3493 3311 3663 3366 Πνεῦ-

2084 3421 2158 3473 μα
2203 3402 2288 3455 ἀεὶ
2327 3401 2406 3466 δν,
2445 3401 2540 3455 καὶ
2578 3401 2744 3455 ἐλθὼν
2785 3401 3006 3454 ἀκούσει
3048 3400 3200 3471 παρὰ
3234 3400 3326 3454 σοῦ
3356 3402 3486 3472 περὶ
3544 3419 3665 3470 γεν-

2081 3493 2240 3564 νητοῦ
2285 3493 2440 3558 Θεοῦ,
2482 3495 2566 3547 ἵνα
2607 3494 2702 3546 καὶ
2739 3494 2900 3556 αὐτὸς
2934 3495 2990 3545 ὲν
3033 3496 3236 3564 μωροῖς
3278 3493 3661 3564 καταλεχθεέη,

2081 3582 2462 3653 διδασκόμενος
2502 3586 2822 3654 προσκυνεῖν
2877 3582 2973 3653 τὴν
3018 3583 3195 3636 κτίσιν
3239 3582 3390 3652 παρὰ
3426 3583 3519 3635 τὸν
3553 3585 3665 3636 κτί-

2085 3691 2273 3739 σαντα,
2308 3675 2374 3740 ὅς
2417 3674 2587 3727 ἐστιν
2635 3674 3034 3743 εὐλογημένος
3085 3677 3172 3741 εις
3225 3674 3368 3741 τοὺς
3421 3674 3662 3740 αἰῶνας.

2098 3767 2318 3835 Ἀμήν;
2373 3769 2486 3820 Οὐκ
2544 3767 2736 3838 ἔχομεν
2777 3767 2883 3838 γὰρ
2923 3769 3083 3837 ἡμεῖς
3136 3767 3352 3820 κτιστὸν
3393 3767 3553 3831 Θεὸν,
3604 3768 3663 3819 οὐ

2086 3859 2324 3928 ποιητὸν,
2349 3858 2462 3911 ἀλλ’
2490 3859 2740 3912 ἄκτιστον
2769 3858 2861 3910 καὶ
2893 3858 3205 3928 ἀγέννητον,
3237 3861 3300 3910 ὲκ
3326 3858 3540 3928 Πατρὸς
3575 3875 3665 3925 γε-

2087 3949 2409 4021 γεννημένον
2443 3949 2692 4019 ἀνάρχως
2743 3948 2837 4001 καὶ
2882 3948 3143 4018 ἀχρόνως.
3189 3949 3304 4002 Κᾶν
3338 3965 3396 4000 τε
3438 3951 3550 4020 γὰρ
3585 3966 3667 4000 σο-

2088 4036 2219 4110 φίζῃ
2248 4039 2307 4090 τὸ
2337 4038 2612 4109 γεννητὸν,
2644 4039 2896 4108 γεννητὸν
2929 4037 3234 4108 ὁμωνύμως
3265 4037 3450 4090 καλεῖν
3484 4037 3667 4107 βουλό·

2093 4147 2269 4199 μενος,
2309 4129 2369 4181 οὐ
2403 4129 2622 4200 δέξομαί
2659 4147 2751 4181 σου
2792 4131 2889 4200 τὴν
2930 4129 3104 4196 λέξιν,
3133 4129 3234 4182 κᾶν
3266 4146 3323 4180 τε
3359 4131 3459 4198 οὐχ
3492 4127 3668 4191 οὕτως

2089 4222 2308 4291 νοήσῃς,
2359 4221 2749 4291 ἠλαττωμένως
2797 4221 2946 4290 παρὰ
2973 4221 3034 4273 τὸ
3075 4224 3138 4274 ἐκ
3162 4222 3374 4292 Πατρδς
3411 4221 3668 4290 γεγεννῆο

2093 4309 2234 4365 σθαι.
2274 4312 2372 4376 Ἐξ
2395 4310 2668 4364 ἀκανθῶν
2689 4313 2795 4381 γὰρ
2823 4315 2894 4366 οὺ
2919 4314 3290 4380 συλλέγουσι
3327 4313 3665 4379 σταφυλὰς,

2091 4402 2229 4454 οὔτε
2264 4404 2331 4455 ἐκ
2363 4406 2646 4469 τριϐόλων
2677 4404 2867 4456 σῦκαο
2901 4405 3019 4456 οὐδὲ
3061 4403 3121 4468 ἐξ
3167 4404 3356 4474 ἀνδρὸς
3394 4404 3670 4474 πεπλανηο

3349 3979 3396 4000 ις.

413 4508 574 4552 cutus
623 4504 738 4559 est,
791 4509 984 4548 sanum
1033 4508 1097 4545 ac
1146 4492 1419 4546 sincerum
1466 4490 1658 4559 dogma
1716 4487 1964 4557 prolicisc

2095 4491 2253 4561 μένου
2286 4493 2439 4564 ὀρθὸς
2467 4491 2531 4544 ἂν
2566 4491 2911 4565 ὑπολειιρθεέη
2942 4493 3116 4562 λόγος.
3169 4495 3391 4564 Ἐςρίμου
3437 4498 3547 4565 γὰρ
3573 4497 3668 4554 ,καὶ

414 4597 612 4659 potest.
659 4586 856 4651 Quare.
887 4583 1146 4637 Dominus
1184 4585 1300 4652 ipse
1345 4582 1617 4636 silentium
1653 4579 1994 4634 damionihus

415 4679 657 4744 indixit,
711 4678 804 4748 qui
833 4692 916 4730 se.
946 4675 1224 4728 Christum
1282 4690 1404 4729 esse
1434 4673 1798 4726 fatebantur’.
1839 4669 1995 4735 Quod

418 4780 597 4823 autem
630 4767 694 4821 ad
726 4781 1008 4822 sacrarum
1037 4764 1359 4819 Litterarum
1392 4761 1714 4817 sententiam
1742 4770 1995 4815 exactum

414 4874 536 4915 esse
568 4858 808 4913 libellum
843 4857 992 4909 illum
1020 4855 1239 4921 asseris,
1269 4854 1377 4917 dic,
1413 4853 1606 4906 amabo
1641 4858 1714 4915 te,
1748 4865 1995 4920 quamam

418 4953 616 5008 divina:
659 4951 955 5019 Scriptum
1013 4963 1141 5017 pars
1189 4947 1392 5000 factum
1441 4943 1608 4999 Deum
1659 4943 1996 4998 adorandum

416 5058 540 5099 esse
568 5041 852 5097 docuerit?
889 5039 1044 5106 Quod
1077 5039 1221 5094 enim
1252 5037 1523 5108 ingenitus
1555 5035 1806 5100 sitDeus,
1834 5033 1994 5090 dubi-

418 5142 497 5190 tat
533 5150 712 5190 nemo.
750 5133 828 5188 Ac
857 5131 1072 5186 tametsi
1106 5129 1426 5185 nominatim
1459 5128 1592 5182 illud
1617 5128 1670 5181 in
1696 5126 1994 5197 Scripturis

418 5242 736 5297 expressum
772 5241 881 5280 non
927 5224 1111 5289 fuerit,
1144 5222 1500 5276 nihilominus
1533 5219 1694 5274 ut'de
1720 5218 1831 5273 Deo
1863 5233 1994 5272 con—

420 5327 629 5375 stanter
666 5319 754 5388 ita}
787 5317 1092 5388 cOgitemus
1153 5331 1217 5370 ac
1264 5316 1633 5386 proﬁteamur,
1679 5330 1802 5369 cum
1847 5321 1996 5368 recta

423 5412 617 5481 piaque
638 5410 799 5475 ratio,
837 5417 951 5463 tum
983 5409 1270 5479 prudentia
1305 5408 1422 5478 ipsa
1466 5407 1775 5478 persuadet.
1830 5405 2016 5462 Addis.

424 5517 571 5565 vero,
605 5516 714 5570 quo
741 5501 959 5556 athleta:
997 5501 1074 5554 illi
1105 5501 1206 5564 tui,
1248 5502 1329 5556 vel
1363 5499 1568 5555 erroris
1618 5500 1800 5569 potius
1832 5499 1992 5563 socii,

425 5591 640 5646 facilius
670 5592 994 5661 intelligant,
1024 5591 1482 5662 quemadmodum
1513 5591 1664 5646 brevi
1703 5597 1865 5661 atque
1897 5604 1995 5647 ex-

501 5743 521 5775 ¹
545 5741 704 5799 Rom.
740 5760 780 5812 ι,
809 5745 900 5799 25.
976 5748 997 5778 ³
1031 5744 1217 5800 Matth.
1250 5761 1347 5814 vn,
1384 5745 1478 5815 l6;
1512 5744 1644 5801 Luc.
1681 5761 1754 5814 iv,
1783 5744 1873 5802 41.

2095 4585 2122 4634 ὁ
2152 4581 2352 4653 Κύριος
2380 4583 2504 4644 τοὺς
2532 4581 2790 4651 δαίμονας
2871 4587 3104 4659 Χριστὸν
3140 4585 3299 4638 αὑτὸν
3338 4587 3664 4658 ὁμολογοῦν-

2096 4690 2220 4739 τας.
2264 4673 2399 4726 Κατ’
2446 4672 2652 4724 ἔννοιαν
2703 4672 2758 4724 δὲ
2808 4671 2913 4724 τῶν
2958 4671 3115 4725 θείων
3165 4673 3393 4742 Γραςςῶν
3445 4676 3672 4741 φάσκεις

2099 4757 2232 4814 εἶναι
2265 4764 2325 4815 τὸ
2365 4762 2619 4830 λογίδιονο
2659 4762 2784 4830 λέγε
2815 4779 2922 4831 μοι,
2969 4763 3095 4815 ποία
3138 4764 3324 4836 Γραφὴ
3355 4765 3471 4817 θεία
3502 4765 3670 4818 ἐδίδα-

2101 4869 2196 4907 σκε
2228 4854 2646 4924 προσκυνεῖσθαι
2673 4853 2804 4906 Θεὸν
2846 4855 3104 4925 ποιητόν;
3139 4857 3245 4909 Καὶ
3288 4857 3367 4908 ὅτι
3404 4857 3505 4926 μὲν
3543 4857 3670 4920 Θεὸς

2099 4947 2388 5019 ἀγέννητός
2439 4950 2588 5012 ἐστι,
2642 4948 2800 5000 παντί
2837 4965 2912 5018 τῳ
2974 4949 3140 5018 σαφὲς
3191 4950 3294 5019 εἴη.
3361 4949 3495 5001 Ἀλλ’
3553 4950 3670 5003 οὐδὲ

2101 5038 2256 5091 τοῦτο
2305 5040 2561 5109 ὀνομαστὶ
2607 5039 2846 5107 ἔγκειται
2882 5041 2938 5094 ἐν
2964 5043 3029 5112 τῇ
3069 5041 3188 5112 θείᾳ
3226 5042 3446 5113 Γραφῇ·
3479 5045 3586 5097 ἀπὸ
3615 5043 3668 5096 δὲ

2100 5130 2258 5201 ὀρθοῦ
2298 5131 2388 5183 καὶ
2433 5131 2686 5195 εὐσεϐοῦς
2738 5131 3017 5202 λογισμοῦ,
3067 5133 3158 5186 καὶ
3205 5135 3373 5204 αὐτῆς
3409 5135 3512 5205 τῆς
3547 5153 3668 5187 συν-

2101 5221 2270 5285 έσεως
2303 5223 2430 5292 περὶ
2489 5221 2623 5275 Θεοῦ
2671 5221 2827 5276 τοῦτο
2856 5228 2993 5276 νοεῖν
3035 5225 3128 5277 καὶ
3171 5224 3350 5292 λέγειν
3392 5226 3669 5296 ἀραρότως

2102 5312 2231 5383 ἔχει.
2260 5313 2455 5381 Λέγεις
2482 5314 2559 5378 δὲ,
2597 5315 2683 5367 ἵνα
2720 5315 2916 5368 ειδέναι
2955 5315 3127 5386 ἔχοιεν
3168 5319 3216 5369 0i
3249 5317 3352 5369 ὑπὸ
3387 5317 3482 5368 σοῦ
3511 5317 3670 5385 ἀθλη-

2101 5407 2190 5460 ταί
2233 5423 2292 5459 τε
2331 5407 2425 5459 καὶ¹
2468 5407 2750 5480 ἁθλήτριαι
2795 5409 3134 5480 καλούμενοι,
3175 5410 3572 5479 πεπλανημένοι
3615 5409 3668 5461 δὲ

2105 5499 2324 5569 μᾶλλον,
2371 5499 2489 5563 πῶς
2533 5501 2669 5571 πρὸς
2715 5503 2941 5557 ἕκαστον
2979 5502 3315 5574 ἀποκριθῶσι
3351 5502 3441 5555 διὰ
3490 5502 3659 5554 συντό-

2106 5607 2207 5660 μου
2258 5593 2352 5645 καὶ
2400 5593 2819 5663 εὐπεριδρὰκτου
2863 5594 3020 5664 λόγου
3068 5594 3340 5665 στιχηρῶν
3379 5594 3576 5666 τρόπον
3604 5589 3671 5644 τὰ

1953 5745 1974 5777 ³
1996 5744 2120 5802 Cor.
2148 5745 2323 5800 τοῦτο.
