3822 6310
1929 310 1989 368 S.
2032 310 2370 371 EPIPHANII

3666 309 3756 368 552

516 430 781 496 condidit,
813 439 872 487 ut
906 430 1138 486 alterum
1161 444 1286 485 cum
1315 430 1487 485 altero
1514 437 1888 501 comparatum
1919 432 2101 503 appel—

2210 434 2580 507 άκοινωνήτων
2611 434 2789 491 οὐσῶν
2807 473 2822 501 ,
2850 432 3111 489 ἀδύνατόν
3134 432 3249 485 ἐστι
3274 430 3607 501 κοινωνῆσαι
3632 432 3760 484 κατὰ

518 526 723 582 latione
752 525 873 596 ipsa
919 523 1221 593 superioris
1268 537 1434 593 supra
1482 521 1796 579 inferiorem
1823 523 2098 578 excellen-

517 620 673 684 tiam,
718 632 839 688 quae
882 617 1033 672 nulla
1071 615 1431 687 appellatione
1469 614 1856 686 comprehendi
1898 621 2095 683 potest,

517 712 777 767 obscuret
812 718 867 766 et
912 710 1243 781 exstinguat.
1297 707 1432 763 Nam
1466 708 1512 763 si
1546 706 1687 764 Deus
1718 708 1856 763 alter
1888 722 1919 761 a
1950 708 2101 762 nullo

520 802 722 869 factus,
754 803 892 857 alter
918 800 1100 857 factus
1124 812 1228 866 est,
1255 815 1381 856 cum
1412 799 1559 854 nulla
1592 799 1842 855 sitinter
1871 808 2101 854 naturas

520 895 854 962 communio,
893 893 1009 949 ﬁeri
1038 908 1146 949 non
1178 900 1378 964 potest,
1419 899 1480 946 ut
1514 890 1818 947 secundum
1847 901 2099 946 naturam

520 986 760 1042 nominis
808 985 954 1041 illius
998 985 1317 1055 dignitatem
1357 998 1703 1038 communem
1739 982 1957 1049 habeat,
1993 979 2101 1037 nisi

521 1080 659 1135 forte
688 1079 951 1134 abusione
983 1077 1217 1148 quadam
1271 1085 1326 1132 et
1359 1075 1558 1148 gratia,
1595 1077 1701 1131 hoc
1748 1082 1833 1133 est
1878 1076 2103 1147 partici-

523 1172 742 1244 patione
765 1170 1021 1242 quadam,
1046 1168 1162 1225 ﬁeri
1190 1168 1427 1232 dicatur,
1458 1174 1516 1223 ut
1539 1166 1810 1238 ejusmodi
1837 1167 2103 1223 beneﬁcio

527 1263 839 1320 inferiorem
867 1262 1020 1318 dives
1049 1262 1268 1318 alliciat.
1296 1261 1434 1315 Nam
1470 1260 1561 1316 ille
1583 1262 1802 1332 quidem
1837 1263 1939 1318 sibi
1965 1278 2105 1315 nun-

522 1370 686 1429 quam
715 1355 1015 1426 superioris
1038 1369 1236 1411 nomen
1262 1352 1602 1423 imposuerit,
1632 1362 1689 1408 ut
1714 1354 1808 1425 qui
1839 1368 1898 1410 se
1919 1354 1988 1409 ab
2014 1354 2103 1408 illa

521 1458 731 1506 naturae
782 1448 1046 1520 dignitate
1092 1446 1563 1518 appellationeque
1608 1445 1846 1501 alienum
1876 1460 2103 1517 prorsus

520 1544 808 1613 intelligat.
846 1540 989 1595 Sane
1012 1538 1169 1606 illud,
1199 1554 1233 1594 ο
1264 1538 1408 1601 Acti,
1440 1537 1636 1593 merito
1660 1536 1758 1591 tibi
1782 1537 1979 1608 aliquis
2002 1537 2102 1591 ob-

516 1636 746 1708 iecerit:
803 1632 945 1688 Deus
972 1641 1087 1687 erat
1119 1630 1345 1686 Verbum
1365 1632 1382 1662 ί
1403 1670 1419 1696 ,
1464 1644 1641 1699 neque
1672 1625 1911 1684 Verbum
1960 1624 2102 1683 Deus

520 1730 722 1783 factum
742 1736 846 1783 est.
865 1724 1099 1792 Quinam
1123 1737 1254 1778 vero
1271 1720 1666 1777 nobilissimam
1690 1719 2101 1790 appellationem

2200 527 2359 597 φύσιν
2386 528 2464 600 τῷ
2493 529 2587 583 τοῦ
2616 529 2879 600 ὀνόματος
2907 526 3197 599 ἀξιώματι,
3231 523 3348 579 ἀλλ’
3382 525 3429 576 εἰ
3465 523 3578 594 ἄρα
3608 540 3758 577 κατα-

2198 624 2464 693 χρηστικῇ
2490 640 2595 677 τινι
2626 622 2831 695 χάριτι,
2853 620 2948 675 καὶ
2974 619 3106 673 αὐτὸ
3131 619 3273 673 κατὰ
3302 614 3655 687 συμμετοχὴν
3678 614 3760 667 τοῦ

2199 712 2452 767 πλουσίου
2498 713 2855 786 χαριζομένου
2896 711 2976 783 τῷ
3012 711 3222 783 ἥσσονι.
3258 710 3319 764 '0
3356 708 3415 761 δὲ
3456 708 3643 779 ἥσσων
3674 705 3761 759 οὐκ

2200 804 2265 859 ἄν
2294 822 2422 858 ποτε
2456 808 2534 869 εἰς
2574 806 2636 859 τὸ
2662 804 2757 858 τοῦ
2790 804 3033 876 μείζονος
3075 803 3249 873 ὄνομα
3280 799 3475 854 ἑαυτὸν
3505 797 3761 860 καλέσειε,

2202 896 2516 951 παντάπασι
2536 896 2822 965 γινώσκων
2844 895 3124 966 ἀλλότριον
3145 893 3341 948 ἑαυτὸν
3364 892 3499 945 ὄντα
3524 889 3619 943 τοῦ
3636 890 3759 942 κατὰ

2202 989 2361 1059 φύσιν
2393 987 2699 1061 ἀξιώματός
2730 1007 2790 1042 τε
2825 988 2920 1043 καὶ
2950 989 3233 1058 ὀνόματος.
3274 984 3462 1051 Δέξειε
3514 983 3560 1035 δ’
3596 983 3657 1037 άν
3688 982 3761 1045 τίς

2204 1099 2307 1147 σοι,
2332 1075 2375 1135 ὧ
2405 1082 2596 1147 Ἀἐτιε,
2626 1081 2707 1143 τὸ,
2734 1079 2877 1147 Θεὸς
2903 1075 2981 1150 ἦν
3010 1082 3043 1133 ό
3062 1078 3253 1148 Λόγος
3273 1093 3285 1107 ·
3324 1075 3421 1130 καὶ
3437 1075 3542 1127 οὐκ
3570 1072 3761 1141 ἐγένετο

2201 1174 2335 1239 Θεὸς
2351 1177 2379 1229 ό
2402 1173 2730 1242 Λόγος.Πῶς
2753 1173 2864 1238 ἕξει
2890 1173 2951 1226 τὸ
2979 1171 3120 1226 κατὰ
3144 1170 3305 1239 φύσιν
3334 1168 3433 1238 τῆς
3458 1165 3724 1235 εὐγενείας
3741 1164 3757 1195 ⁸

2202 1267 2392 1337 ὄνομα,
2428 1265 2461 1337 ἢ
2496 1265 2614 1329 πῶς
2649 1264 2995 1336 ἰσωθήσεται,
3028 1263 3186 1334 εἰπερ
3231 1280 3284 1315 τι
3327 1260 3523 1329 γέγονε
3572 1256 3647 1328 τῷ
3684 1254 3758 1308 τοῦ

2203 1358 2441 1431 Χριστοῦ
2465 1356 2737 1428 ἀξιώματι
2753 1373 2767 1422 ;
2789 1358 2859 1410 Ἣ
2876 1356 2993 1418 πῶς
3008 1356 3088 1421 τὸ,
3114 1355 3259 1420 Θεὸς
3276 1350 3372 1423 ἦν,
3386 1350 3757 1421 ἐκκοπήσεται,

2204 1450 2394 1522 χρόνου
2413 1450 2487 1521 μὴ
2514 1449 2895 1521 ἐπιδεχομένου
2909 1447 3003 1502 τοῦ
3029 1445 3105 1520 ἦν
3134 1447 3397 1520 διαίρεσιν
3422 1441 3759 1515 ἐργάσασθαι,

2204 1540 2308 1595 κᾶν
2332 1542 2389 1593 ὲν
2415 1540 2492 1612 τῷ
2520 1541 2768 1611 τυχόντις
2808 1540 2999 1614 Γνώσῃ
3036 1540 3115 1604 δὲ,
3142 1541 3222 1593 ὃτι
3253 1539 3491 1609 ἄναρχος
3505 1536 3654 1597 Θεὸς,
3675 1534 3754 1585 καί

2204 1631 2496 1702 ἀγέννητὸς
2513 1632 2646 1698 Θεὸς
2667 1632 2954 1703 ἐγέννησεν
2968 1633 3025 1699 ἐξ
3042 1631 3208 1686 αὑτοῦ
3231 1630 3360 1684 Θεὸν
3375 1631 3566 1699 ὅμοιον
3586 1623 3757 1693 ἑαυτῷ,

2204 1725 2266 1779 οὐ
2294 1726 2473 1795 μόνον,
2490 1724 2627 1779 ἀλλὰ
2646 1724 2741 1778 καί
2764 1724 2877 1778 ἴσον
2906 1724 3046 1778 κατὰ
3077 1724 3274 1778 πάντα.
3296 1722 3409 1804 καὶ
3427 1721 3533 1774 οὐκ
3550 1718 3755 1779 ἔκτισεν,

520 1829 712 1875 natura
747 1819 850 1875 sibi
885 1810 1206 1882 vindicabit,
1238 1824 1332 1870 aut
1353 1813 1661 1884 aequabitur
1689 1811 1860 1876 Patri,
1893 1813 1939 1869 si
1968 1812 2098 1882 quid

2210 1817 2287 1874 ἵνα
2333 1816 2436 1888 μὴ,
2469 1817 2720 1889 ἀνόμοιος
2761 1818 2790 1869 ό
2829 1816 3069 1879 κτισθείς
3099 1800 3409 1885 γενόμενος,
3440 1811 3673 1883 ἀφανίσῃ
3712 1809 3759 1859 τὸ

518 1914 585 1968 ad
617 1912 819 1969 Christi
866 1910 1190 1982 dignitatem
1237 1904 1579 1963 accesserit?
1618 1904 1782 1975 935
1830 1905 1936 1959 Aut
1965 1904 2099 1959 illud

518 2018 751 2074 quanam
784 2004 993 2057 ratione
1024 2000 1299 2070 amputari
1342 1998 1562 2069 poterit,
1620 1998 1759 2051 Deus
1802 2006 1940 2059 erat,
1973 2011 2098 2051 cum

517 2110 642 2157 vox,
658 2104 795 2158 erat,
818 2093 1027 2148 nullum
1052 2092 1134 2147 vel
1148 2091 1477 2148 levissimam
1497 2090 1755 2160 temporis
1775 2089 2097 2145 divisionem

522 2186 820 2241 admittat?
850 2184 1087 2239 Proinde
1106 2184 1249 2239 scire
1274 2192 1330 2239 te
1360 2184 1494 2239 illud
1524 2190 1761 2253 oportet,
1797 2182 1965 2238 Deum
1996 2182 2105 2236 ini-

521 2279 600 2333 tio
624 2284 922 2343 carentem,
957 2284 1011 2331 et
1042 2289 1072 2329 a
1111 2275 1262 2331 nullo
1296 2274 1501 2330 factum
1529 2273 1762 2330 similem
1790 2272 1895 2329 sibi
1928 2274 2095 2328 Deum

2199 1909 2294 1963 τοῦ
2320 1908 2465 1977 Θεὸς
2490 1908 2661 1981 ὄνομα
2688 1909 2775 1963 διά
2798 1909 2895 1980 τῆς
2924 1907 3257 1971 διαστάσεως
3284 1906 3381 1977 τῆς
3403 1903 3756 1977 παραλλαγῆς.

2212 2002 2495 2056 Ἀδύνατον
2536 2002 2646 2075 γὰρ
2692 2001 2785 2055 τὸν
2838 1999 3111 2070 γεννῶντα
3164 1999 3415 2069 ἀνόμοιον
3464 1998 3560 2050 καὶ
3604 1996 3760 2048 ἄνισον

2198 2092 2392 2164 γεννᾷν
2433 2092 2649 2156 ἑαυτοῦ,
2683 2092 2777 2146 καί
2806 2092 2897 2145 τὸν
2926 2090 3322 2161 γεγεννημένον
3350 2088 3606 2160 ἀνόμοιον
3640 2081 3756 2138 εἶναι

2198 2181 2292 2235 τοῦ
2329 2182 2742 2253 γεγεννηκότος.
2767 2180 2857 2235 Διὸ
2892 2176 3126 2235 ἐνταῦθα
3153 2179 3514 2251 περιλήψεται
3538 2176 3635 2247 τῆς
3654 2191 3759 2227 ταυ-

2196 2269 2419 2343 τότητος
2462 2273 2522 2325 τὸ
2568 2271 2710 2325 κατὰ
2753 2272 2916 2341 φύσιν
2961 2272 3020 2339 ἐξ
3054 2270 3417 2341 εὺαΠελικῆς
3456 2267 3755 2341 μαρτυρίας,

519 2386 548 2423 a
598 2370 779 2439 seipse
822 2366 1080 2438 genuisse
1140 2364 1384 2436 adeoque
1418 2365 1474 2420 in
1524 2363 1782 2420 omnibus
1809 2362 2094 2434 aequalem.

2210 2364 2284 2417 ’ότι
2305 2362 2509 2417 Πάντα
2537 2364 2609 2416 τὰ
2632 2363 2736 2417 τοῦ
2769 2363 2996 2432 Πατρός
3018 2362 3131 2432 ἐμά
3161 2364 3313 2430 ἐστι,
3343 2362 3620 2415 τουτέστι·
3649 2358 3758 2419 Θεὸς

518 2462 690 2528 Quem
718 2458 936 2530 quidem
970 2457 1195 2512 minime
1220 2472 1439 2513 creasse
1461 2455 1684 2520 dicitur,
1706 2472 1793 2523 ne,
1816 2456 1861 2512 si
1878 2462 2098 2511 creatus

2210 2456 2233 2508 ό
2264 2454 2488 2527 Πατὴρ,
2528 2453 2659 2518 Θεὸς
2692 2452 2804 2523 ἐγώ
2830 2468 2845 2483 ⁸
2890 2453 3002 2524 ζωὴ
3035 2455 3065 2506 ό
3097 2454 3284 2525 Πατὴρ
3309 2495 3324 2519 ,
3361 2451 3479 2525 ζωὴ
3516 2448 3648 2521 ὲγὼ·
3683 2448 3760 2501 καὶ

518 2558 667 2608 esset
710 2550 942 2622 ideoque
1005 2549 1290 2607 dissimilis
1329 2546 1490 2614 foret,
1541 2548 1880 2613 diversitate,
1921 2546 2101 2603 varie-

2210 2546 2274 2601 τὰ
2293 2545 2442 2617 ἑξῆς,
2464 2546 2643 2601 πάντα
2670 2546 2769 2599 ὅσα
2792 2544 2993 2617 πρέπει
3019 2545 3215 2617 Πατρί,
3244 2546 3339 2598 καὶ
3368 2543 3505 2615 Υἱῷ,
3528 2544 3617 2596 καί
3640 2541 3757 2610 ἁγίῳ

518 2652 741 2714 taleque
794 2657 893 2698 sua
951 2641 1048 2698 Dei
1099 2639 1515 2712 appellationem
1560 2654 1591 2695 e
1635 2637 1813 2693 medio
1862 2638 2095 2692 tolleret.

2210 2637 2482 2710 Πνεύματι
2528 2640 2585 2691 ἐν
2622 2638 2723 2709 μιᾷ
2762 2636 3012 2710 θεότητι,
3046 2637 3213 2708 μηδὲν
3263 2637 3361 2709 τῆς
3390 2637 3620 2709 Τριὰδος
3645 2649 3760 2703 παρ-

519 2735 731 2791 Etenim
759 2734 874 2791 ﬁeri
907 2749 1014 2789 non
1053 2740 1256 2805 potest,
1297 2740 1357 2787 ut
1394 2734 1486 2803 qui
1514 2737 1737 2803 generat
1777 2728 2098 2785 dissimilem

2210 2727 2545 2800 ηλλαγμένον
2611 2728 2872 2800 ἐχούσης·
2948 2728 3134 2798 σαφῶς
3187 2729 3318 2799 ἡμῖν
3376 2727 3629 2800 άνὰρχως
3684 2725 3757 2776 καί

518 2826 604 2882 sui
662 2825 1097 2896 inaaqualemque
1130 2823 1418 2894 producat,
1453 2830 1547 2876 aut
1592 2829 1652 2875 ut
1695 2821 1916 2891 genitus
1940 2833 2101 2890 gene-

2210 2824 2448 2895 άχρόνως
2479 2824 2572 2878 τοῦ
2595 2824 2961 2879 ὲνυποστάτου
2994 2825 3168 2894 Λόγου
3198 2822 3291 2877 τοῦ
3317 2824 3553 2893 Πατρὸς,
3577 2820 3664 2874 καὶ
3683 2817 3758 2871 τοῦ

518 2918 692 2973 rantis
726 2919 798 2974 sit
828 2917 1138 2973 dissimilis.
1175 2914 1444 2982 Quocirca
1476 2914 1781 2968 naturalem
1814 2912 2101 2982 utriusque

2210 2916 2571 2969 ὲνυποστάτου
2618 2915 2938 2987 Πνεύματος
2976 2916 3070 2969 τοῦ
3118 2916 3273 2985 ἁγίου
3303 2916 3368 2968 ὲκ
3399 2916 3611 2987 Πατρὸς
3634 2953 3647 2977 ,
3683 2910 3757 2964 καὶ

518 3010 859 3065 identitatem
904 3010 1101 3065 retinet
1147 3007 1224 3072 id,
1266 3006 1411 3077 quod
1441 3004 1756 3075 evangelico
1787 3004 2101 3060 testimonio

2210 3007 2296 3060 rbv
2328 3006 2423 3060 τοῦ
2455 3007 2607 3073 Υίοῦ,
2663 3007 2821 3080 ἡμῶν
2852 3010 2911 3061 ὲν
2960 3007 3159 3077 γνώσει
3216 3006 3399 3078 τελείᾳ
3450 3004 3759 3078 ἠσφαλισμέ-

518 3101 717 3167 fertur,
752 3104 805 3157 in
840 3116 949 3173 quo
977 3102 1052 3156 ita
1081 3101 1347 3170 scriptum
1377 3106 1461 3153 est
1488 3116 1499 3151 :
1544 3096 1738 3153 Omnia
1767 3112 1883 3167 qua:
1914 3096 2096 3152 Patris
2125 3093 2171 3155 C
2200 3116 2314 3153 νου.

518 3201 643 3246 sunt
676 3209 791 3246 mea
820 3194 1001 3256 sunt',
1033 3191 1139 3246 hoc
1171 3198 1275 3257 est,
1302 3188 1446 3244 Deus
1471 3198 1555 3245 est
1578 3188 1757 3253 Pater,
1787 3204 1888 3258 ego
1928 3188 2113 3245 itidem
2187 3189 2368 3256 Deus;
2430 3190 2541 3246 vita
2576 3204 2661 3247 εει
2714 3190 2896 3258 Pater,
2948 3204 3050 3262 ego
3089 3190 3253 3246 etiam
3296 3189 3443 3254 vita;
3490 3195 3545 3245 et
3593 3193 3758 3242 cetera

519 3283 725 3347 omnia,
757 3297 877 3354 qua:
902 3280 1074 3348 Patri,
1112 3279 1253 3335 Filio
1278 3289 1331 3335 et
1354 3278 1582 3351 Spiritui
1610 3290 1802 3336 sancto
1826 3282 1881 3335 in
1920 3296 2028 3335 una
2060 3282 2345 3337 divinitate
2372 3284 2726 3348 conveniunt,
2760 3299 2883 3338 cum
2918 3283 3054 3337 nihil
3088 3282 3162 3337 sit
3208 3283 3265 3337 in
3292 3281 3565 3337 Trinitate
3613 3280 3757 3333 diver-

520 3390 663 3441 sum,
682 3390 746 3429 ac
768 3372 1055 3430 manifeste
1076 3373 1236 3429 nobis
1262 3372 1616 3428 subsistentis
1643 3373 1763 3427 sine
1796 3372 1908 3427 ullo
1935 3372 2094 3428 initio
2152 3388 2216 3429 ac
2260 3382 2526 3445 tempore,
2561 3375 2775 3446 paterni
2816 3374 2983 3431 Verbi
3034 3389 3098 3430 ac
3127 3373 3377 3430 similiter
3436 3368 3758 3429 subsistentis

522 3468 758 3539 Spiritus
806 3466 1023 3532 sancti,
1075 3464 1172 3535 qui
1246 3479 1315 3522 ex
1364 3463 1527 3520 Patre
1580 3462 1817 3537 Filiique
1882 3465 2123 3537 propriis
2174 3468 2372 3532 oritur,
2423 3467 2666 3540 perlecta
2720 3467 2880 3524 nobis
2933 3467 3117 3523 oblata
3174 3467 3416 3539 cognitio
3497 3466 3569 3523 sit
3622 3471 3787 3533 atque,

520 3560 669 3615 omni
702 3559 916 3615 ratione
945 3557 1181 3612 ﬁrmata.

1038 3668 1222 3727 AETll
1259 3668 1489 3727 CAPUT
1518 3668 1582 3726 ll.

593 3760 652 3817 Si
697 3760 1011 3831 unigenitus
1044 3760 1187 3817 Deus
1216 3775 1385 3818 causa
1432 3768 1518 3817 est
1554 3760 1705 3817 omni
1737 3761 2109 3833 praestantior,

520 3854 627 3911 erit
647 3854 810 3909 ctiam
841 3853 1193 3924 generatione
1216 3853 1334 3925 ipsa
1359 3853 1725 3923 praestantior.
1761 3854 1842 3918 Si.
1865 3856 2121 3930 inquam,

520 3943 706 3999 causis
748 3944 1007 3999 omnibus
1039 3943 1369 4010 iantecellit,
1422 3945 1762 4015 generationi
1815 3946 2111 4001 identidem

521 4035 832 4093 antecellet.
866 4033 1053 4104 Neque
1078 4034 1226 4090 enim
1248 4041 1345 4089 aut
1367 4034 1437 4089 ab
1458 4034 1626 4091 altera
1650 4046 1847 4092 natura
1880 4044 1940 4092 ut
1966 4045 2112 4094 esset

520 4128 755 4201 accepit,
791 4136 884 4184 aut
914 4128 1049 4184 illud
1081 4128 1198 4200 ipse
1232 4128 1340 4184 sibi
1370 4128 1625 4183 contulit.

1105 4243 1419 4314 Confutatio
1446 4242 1534 4299 11.

595 4334 654 4388 Si
697 4334 973 4405 ingenitus
1000 4348 1169 4390 causa
1198 4342 1284 4391 est
1312 4335 1459 4390 omni
1495 4337 1864 4405 pmstantior,
1894 4336 1963 4391 ab
1989 4337 2109 4407 ipso

526 4439 690 4494 porro
716 4427 934 4498 genitus
960 4425 1107 4482 haud
1138 4426 1232 4481 illo
1254 4427 1419 4498 digne
1441 4427 1655 4497 genitus
1668 4437 1771 4493 est,
1796 4444 1898 4484 nec
1925 4443 2109 4500 aequa-

2598 3669 2852 3725 ΔΕΤΙΟΥ
2889 3669 3286 3725 ΚΕΦΑΔΔΙΟΝ
3324 3670 3399 3725 B'.

2282 3761 2345 3814 Εἰ
2395 3760 2578 3831 πάσης
2622 3760 2802 3824 αἰτίας
2850 3760 3113 3833 κρείττων
3145 3761 3378 3834 ὑπάρχει
3418 3764 3451 3817 ό
3499 3762 3752 3834 ἀγέννητος

2212 3850 2363 3917 Θεὸς,
2391 3850 2480 3906 διὰ
2510 3851 2667 3905 τοῦτο
2698 3851 2793 3905 καὶ
2824 3852 3091 3921 γενέσεως
3124 3854 3385 3925 κρείττων
3413 3854 3483 3911 ἂν
3511 3857 3610 3927 εἰη.
3633 3856 3687 3909 Εἰ
3706 3854 3748 3906 δὲ

2212 3944 2476 4014 κρείττων
2509 3944 2628 3997 ἐστί
2654 3944 2834 4016 πάσης
2862 3946 3040 4009 αἰτίας
3058 3984 3073 4009 ,
3104 3944 3347 4017 δηλονότι
3375 3948 3473 4001 καὶ
3500 3948 3746 4017 γενέσεως.

2212 4034 2350 4089 Οὔτε
2383 4035 2493 4107 γὰρ
2520 4038 2650 4109 παρ’
2685 4037 2880 4110 ἑτέρας
2909 4037 3122 4108 φύσεως
3152 4038 3343 4111 εἴληφε
3381 4040 3447 4095 τὸ
3476 4036 3625 4107 εἶναι,
3649 4037 3746 4092 οὔτε

2210 4127 2375 4192 αὐτὸς
2402 4127 2581 4200 ἑαυτῷ
2610 4128 2671 4181 τὸ
2704 4126 2843 4184 εἶναι
2875 4130 3139 4202 παρέσχε.

2791 4242 3112 4312 Ἁνατροπὴ
3151 4245 3232 4297 B'.

2278 4353 2344 4407 Εἰ
2388 4354 2571 4425 πάσης
2619 4353 2799 4418 αἰτίας
2842 4354 3109 4426 κρείττων
3160 4355 3394 4427 ὑπάρχει
3427 4355 3459 4409 ὁ
3497 4353 3745 4424 άγέννητος

2209 4441 2362 4507 Θεὸς,
2396 4443 2426 4497 ό
2454 4443 2511 4498 δὲ
2548 4444 2805 4514 γεννητὸς
2839 4445 2898 4510 ἐξ
2946 4443 3111 4499 αὐτοῦ
3145 4445 3377 4511 ἀναξίως
3403 4446 3565 4501 αὐτοῦ
3586 4442 3741 4513 γεγένο

527 4514 619 4578 lis,
652 4522 707 4568 et
734 4522 918 4569 tamen
947 4515 1232 4571 excellenti
1264 4515 1355 4569 illa
1383 4514 1563 4572 Patris
1589 4518 1953 4589 appellatione
1978 4534 2103 4575 con-

2210 4551 2388 4605 νηται,
2428 4536 2525 4589 καὶ
2553 4537 2615 4589 οὐ
2647 4540 2767 4591 κατ’
2824 4537 3043 4609 ἰσότητα
3090 4539 3185 4594 καὶ
3225 4540 3283 4592 ὲν
3328 4539 3408 4610 τῷ
3436 4539 3531 4603 τοῦ
3570 4536 3743 4605 [ἰατρὸς

527 4606 768 4668 tinetur,
816 4619 1087 4660 summam
1120 4605 1352 4677 genitori
1380 4607 1598 4677 genitus
1630 4609 1986 4679 ignominiam
2024 4611 2107 4666 af-

528 4696 658 4759 fert,
688 4696 781 4764 qui
813 4695 1059 4761 alterius,
1088 4711 1249 4766 quam
1275 4705 1472 4753 creatae
1503 4714 1589 4754 res
1619 4707 1849 4768 caateraa,
1874 4702 2109 4759 nominis

527 4786 796 4857 dignitate
832 4785 1088 4858 gaudeat,
1122 4802 1299 4857 neque
1326 4796 1387 4843 ut
1416 4797 1613 4845 caetera
1644 4790 1758 4857 illa,
1793 4807 1916 4863 qua:
1964 4792 2109 4849 facta

530 4884 682 4942 sunt,
726 4876 997 4932 conditori
1031 4892 1131 4933 suo
1161 4877 1366 4933 cultum
1416 4886 1470 4934 et
1514 4879 1781 4936 honorem
1826 4882 2107 4940 adhibeat.

528 4966 665 5024 Nam
697 4968 803 5023 alia
836 4968 1079 5039 quidem,
1115 4984 1237 5040 quae
1279 4977 1437 5026 extra
1468 4970 1621 5027 illum
1651 4980 1804 5039 sunt,
1836 4963 2111 5031 conditori

527 5076 632 5116 suo
678 5060 847 5117 decus
900 5062 1275 5133 honoremque
1298 5063 1575 5127 tribuunt;
1628 5068 1715 5123 cui
1753 5083 1851 5125 nec
1884 5069 2115 5140 aequalia

528 5161 683 5221 sunt,
728 5169 830 5209 nec
865 5154 1057 5210 eadem
1089 5170 1215 5211 cum
1255 5157 1350 5214 illo
1395 5160 1757 5230 appellatione
1790 5173 2113 5230 censentur,

531 5242 631 5298 sed
678 5244 894 5301 servilis
943 5245 1277 5303 conditionis
1316 5256 1476 5315 sunt,
1526 5258 1689 5323 atque
1736 5255 1803 5310 ad
1839 5255 2116 5314 Creatoris

534 5335 763 5405 gloriam
798 5338 1095 5407 producta:
1127 5355 1236 5411 quo
1267 5341 1525 5399 nimirum
1555 5360 1623 5401 ex
1648 5346 1952 5405 illustribus
1983 5349 2112 5413 illis,

535 5434 590 5481 et
623 5428 855 5498 egregiis
884 5428 1006 5498 ejus
1032 5431 1125 5501 qui
1157 5432 1466 5490 illustribus
1501 5434 1654 5493 hisee
1679 5436 1846 5495 reb‘hs
1875 5440 2113 5499 conditis

536 5520 789 5589 superior
828 5529 948 5589 est,
983 5520 1305 5594 dignitatem
1362 5527 1851 5603 excellentiamque
1885 5548 2118 5605 propor-

536 5609 686 5665 tione
726 5612 965 5682 quadam
1010 5616 1463 5689 contemplemur.
1502 5620 1667 5695 936
1699 5622 1768 5678 At
1792 5639 1923 5681 vero
1953 5626 2111 5694 alter,

616 5721 631 5752 '
658 5719 819 5779 Juan.
850 5740 889 5789 ι.
926 5725 977 5781 l.
1072 5728 1092 5760 ²
1121 5727 1279 5785 Joan.
1313 5749 1425 5806 xvi,
1453 5735 1539 5791 15.
1619 5736 1638 5767 ³
1666 5754 1753 5806 πο.
1788 5738 2060 5806 άγενείας.

2212 4626 2524 4697 προκριτέῳ
2579 4626 2802 4698 ὀνόματι
2869 4627 3133 4699 ἕστηκεν·
3195 4630 3419 4701 ἀτιμίαν
3466 4628 3543 4701 τῷ
3586 4642 3739 4696 γεγεν-

2213 4717 2399 4788 νηκότι
2445 4718 2506 4771 τὸ
2548 4718 2797 4790 γέννημα
2845 4723 3243 4791 περιποιεῖται,
3292 4722 3479 4794 ἐτέρου
3523 4719 3742 4789 ὀνόματος

2216 4807 2366 4878 παρὰ
2397 4809 2465 4863 τά
2492 4811 2755 4879 γεγονότα
2784 4811 3059 4881 κτίσματα
3089 4811 3212 4882 ἔχον
3234 4812 3294 4865 τὸ
3332 4813 3559 4884 ἀξίωμα,
3592 4810 3671 4862 καὶ
3691 4805 3737 4857 οὗ

2214 4898 2354 4952 κατὰ
2389 4899 2460 4952 τά
2493 4901 2756 4970 γεγονότα
2789 4901 2887 4974 τὴν
2936 4904 3101 4974 τιμὴν
3150 4904 3229 4975 τῷ
3264 4904 3576 4977 πεποιηκότι
3616 4914 3739 4970 περι-

2216 4989 2557 5061 ποιούμενον.
2620 4992 2701 5045 Τὰ
2762 4994 2859 5064 μὲν
2907 4994 3016 5065 γὰρ
3075 4995 3231 5059 ἐκτὸς
3287 4996 3450 5050 αὐτοῦ
3493 4995 3633 5059 δόξαν
3680 4984 3739 5054 τῷ

2213 5084 2488 5139 κεκτικότι
2515 5089 2901 5157 περιποιεῖται,
2929 5090 3028 5141 οὐκ
3050 5089 3177 5143 ὅντα
3204 5091 3293 5143 ῐσα
3316 5090 3393 5161 τῷ
3430 5084 3735 5157 πεποιηκότι,

2212 5175 2332 5229 οὐδὲ
2348 5175 2570 5246 ὀνόματι
2595 5178 2689 5231 τοῦ
2718 5179 3077 5249 πεποιηκότος
3103 5182 3410 5253 καλούμενα
3429 5225 3443 5250 ,
3467 5181 3590 5235 ἀλλὰ
3611 5175 3737 5230 δοῦλα

2213 5266 2481 5337 γενόμενα
2531 5271 2610 5333 εἰς
2654 5260 2812 5339 δόξαν
2854 5272 2946 5326 τοῦ
2998 5274 3389 5344 πεποιηκότος,
3420 5275 3503 5330 ἵνα
3528 5270 3623 5327 ἀπὸ
3652 5265 3735 5319 τῶν

2213 5358 2439 5426 ἐνδόξων
2474 5360 2539 5413 ἐκ
2574 5361 2683 5416 τῶν
2717 5364 2856 5435 ὑπὲρ
2892 5364 2960 5417 τὰ
2987 5363 3169 5430 ἔνδοξα
3194 5366 3452 5436 γεγονότα
3477 5366 3533 5420 τὸ
3554 5375 3736 5435 προκρι’

2213 5451 2355 5516 τέον,
2404 5454 2495 5507 καὶ
2534 5455 2675 5526 ὑπὲρ
2706 5456 2849 5510 αὐτὰ
2887 5456 2947 5511 δν
3000 5457 3281 5528 ἀναλόγως
3326 5459 3604 5531 Θεωρῆται’
3640 5448 3731 5505 ὅδὲ

2207 5542 2391 5596 οὐκέτι
2440 5545 2507 5616 τῇ
2551 5546 2756 5600 τούτων
2802 5547 3068 5620 ὀνομασίᾳ
3117 5550 3567 5622 κικλησκόμενοςν
3607 5544 3660 5613 τῇ
3689 5537 3732 5589 δδ

2213 5638 2541 5708 προκριτέου
2566 5640 2941 5711 ὁυοουσιότητι
2976 5642 3044 5695 ὲκ
3076 5640 3171 5696 τοῦ
3198 5643 3451 5717 τετάχθαι
3474 5630 3731 5710 συνηνωμέ-
