3798 6212
136 274 250 331 555

738 280 1101 342 ADVERSUS
1140 286 1478 349 [IA‘IRESES
1516 295 1643 351 LIB.
1686 299 1776 356 Ill.
1821 299 1981 358 ΤΟΜ.
2027 304 2065 360 Ι.
2108 337 2179 349 -—
2213 309 2484 371 "XERES.
2526 316 2759 377 LXXVI.

3264 334 3371 392 554

113 406 238 453 im;
278 390 416 460 ἔχων
444 391 503 445 τὺ
530 392 742 464 ἀξίωμα
761 436 777 460 ,
806 399 854 449 εἰ
881 398 1070 453 διοίσει
1112 403 1204 456 τοῦ
1236 410 1560 478 προκριτέου
1600 429 1608 441 ·

113 479 478 507 ~-_1\_...‘...
534 483 622 507 --.Α
656 484 726 507 -.εἰ
758 488 1014 507 ---μμ-ι
1104 490 1147 507 νη
1365 496 1441 507 ...ι

1767 456 1772 475 ,
1802 417 1892 484 qui
1926 433 2024 473 nec
2054 426 2327 479 communi
2376 436 2695 486 cancrorum
2726 438 3085 507 appellatione
3121 448 3367 507 contine-

109 479 498 552 παραλλαγὴν,
534 483 731 556 καὶτῷ
757 488 1064 559 προκριτὲῳ
1101 490 1319 546 ἔλαττον
1352 496 1568 567 ἀξίωμα
1602 479 1695 553 πε-

106 570 489 640 ριποιήσεται,
514 570 963 646 διαλλαττομένης
989 579 1088 649 τῆς
1110 581 1252 635 κατὰ
1290 583 1351 643 τὸ
1374 588 1696 659 προκριτέον

99 660 214 713 τοῦ
249 663 589 732 γεννήματος
617 667 1014 731 ἐπικοινωνως.
1050 671 1142 724 Διὸ
1167 673 1352 744 ὅμοιος
1387 677 1447 741 ἐξ
1483 679 1691 748 ὁμοίου,

99 753 212 804 καὶ
241 753 358 817 ἴσος
384 754 443 820 ἐξ
485 753 599 808 ἴσου
624 757 753 826 ἡμῖν
779 759 806 811 ὁ
832 757 1075 827 βλαστὸς,
1110 763 1210 818 οὐκ
1237 765 1344 819 ἀπὸ
1376 773 1694 842 σωματικῆς

94 844 330 908 ἐννοίας
348 849 412 917 τῇ
437 847 613 901 πίστει
634 849 1011 921 κατείληπται,
1041 854 1156 907 ἀλλ’
1190 856 1265 920 ὼς
1300 859 1431 924 Θεὸς
1449 862 1514 915 ὲκ
1535 864 1690 929 Θεοῦ,

91 934 233 1002 φῶς
265 938 332 989 ἐκ
360 938 557 1007 φωτὸς,
605 940 698 993 καὶ
734 940 905 1009 Λόγος
932 944 1146 1016 Πατρὸς
1179 948 1561 1019 ὲνυπόστατος,
1589 973 1693 1008 σω-

90 1026 351 1099 ζομένης
383 1030 483 1099 τῆς
512 1031 846 1101 ἀμεταθέτου
882 1034 977 1088 τοῦ
1027 1041 1353 1111 προκριτέου
1402 1044 1562 1117 δόξης
1584 1087 1597 1109 ,
1632 1050 1689 1101 ἐν

82 1118 184 1188 τῷ
215 1120 278 1172 τὸ
326 1122 648 1193 προκριτέον
686 1125 786 1178 οὐκ
823 1127 956 1181 αὐτὸ
989 1130 1183 1185 ἑαυτοῦ
1217 1135 1410 1201 αἴτιον,
1441 1138 1555 1192 ἀλλ’
1592 1142 1685 1196 ἀπ’

86 1208 279 1262 αὑτοῦ
318 1210 380 1264 τὸ
413 1214 525 1267 ἴσον
550 1215 753 1282 γεννῶν
791 1216 1046 1291 ἀχράντῳ
1074 1222 1170 1275 καὶ
1197 1225 1560 1300 ἀκαταλήπτῳ
1592 1233 1652 1284 οὐ
1674 1265 1687 1273 -

82 1300 236 1372 atq,
273 1304 578 1373 ὁμοουσίως
609 1306 669 1360 τὸ
694 1307 946 1374 οὐσιῶδες
986 1313 1081 1365 καὶ
1125 1314 1487 1372 ὲνυπὸστατον
1542 1320 1682 1375 θεῖον

80 1392 357 1463 γέννημα
377 1412 392 1427 ο
428 1391 597 1469 οὗπερ
624 1397 788 1452 εἰκών
829 1400 977 1455 ἐστιν
1018 1405 1119 1457 οὐκ
1145 1405 1370 1477 ἄψυχος,
1400 1410 1534 1465 ἀλλὰ
1572 1413 1683 1466 Πα-

76 1480 229 1550 τρὸς
268 1488 743 1558 χαρακτηρίζουσα
770 1492 946 1559 γένος,
977 1493 1053 1558 ὥς
1096 1514 1226 1568 φησι
1254 1501 1286 1571 ή
1320 1500 1437 1555 θεία
1468 1504 1507 1556 Γ
1513 1505 1675 1577 ραφὴν

78 1573 191 1625 ἐπὶ
218 1577 288 1645 τῇ
326 1578 531 1648 ἰσότητι
560 1579 653 1633 τοῦ
677 1584 997 1656 γεννήτορος
1026 1587 1086 1640 τὸ
1116 1588 1360 1661 γέννημα
1388 1573 1674 1661 τάττουσα,

74 1663 327 1729 Εἱκὼν,
360 1671 639 1737 φάσκουσα
662 1714 677 1738 ,
712 1674 818 1729 τοῦ
849 1676 1104 1745 ἀοράτου
1138 1683 1304 1736 Θεοῦ.
1333 1686 1441 1740 Καὶ
1475 1688 1561 1741 ἴνα

72 1769 175 1817 τις
201 1758 408 1831 νομίσῃ
432 1758 689 1832 διάφορον
718 1758 972 1837 εἶναιτὴν
1001 1770 1185 1824 εἰκόνα
1209 1775 1308 1845 τῆς
1328 1758 1672 1848 ταυτότητος,
1711 1765 1750 1823 Β

71 1844 261 1910 αὐτὸς
294 1848 325 1900 ὁ
357 1850 541 1923 Πατὴρ
566 1891 581 1917 ,
628 1852 727 1925 τὴν
758 1854 1040 1927 διόρθωσιν
1087 1862 1183 1931 τῆς
1221 1864 1497 1937 ἡμετέρας
1529 1844 1673 1940 ζωῆς

74 1938 377 2007 προνοῶν,
410 1941 514 2011 πρὸ
537 1942 728 1997 τούτου
761 1948 856 1999 τοῦ
903 1948 1062 2018 λόγου
1104 1951 1273 2025 ἔφησε
1302 1956 1383 2020 τὸ,
1414 1938 1673 2025 [Ioniam-

62 2044 198 2096 μεν
252 2030 571 2101 ἄνθρωπον
617 2039 743 2090 κατ’
798 2041 1006 2095 εἰκόνα
1056 2044 1351 2115 ἡμετέραν
1396 2051 1495 2104 καὶ
1539 2056 1670 2109 καθ’

63 2394 98 2462 ἢ
135 2395 241 2447 καὶ
288 2398 503 2468 εἴποιμι
548 2400 640 2453 καὶ
682 2401 742 2454 τὸ
771 2404 926 2473 ἆγιον
958 2408 1200 2481 Πνεῦμα.
1230 2415 1341 2468 Καὶ
1369 2416 1431 2470 τὸ
1466 2418 1559 2472 ἐπὶ
1594 2423 1660 2493 τῇ

66 2487 289 2557 ἰσότητι
336 2489 427 2560 τῆς
459 2491 683 2555 εἰκόνος,
715 2494 774 2547 τὸ
808 2496 882 2568 μὴ
919 2498 1007 2553 διὰ
1031 2501 1123 2556 δύο
1148 2503 1320 2573 λόγων
1349 2487 1657 2579 παρενθείς,

62 2578 261 2630 εἰκόνα
290 2579 423 2648 μίαν
460 2580 561 2653 ἔφη
591 2598 604 2612 ·
633 2584 906 2655 ἡμετέραν
937 2588 992 2642 δὲ
1020 2592 1081 2644 τὸ
1109 2592 1288 2647 δυῖκὸν
1311 2578 1654 2670 ἀπεφήνατο·

60 2667 157 2719 τὸν
203 2667 265 2720 δὲ
309 2670 593 2740 γινόμενον
635 2672 920 2743 ἄνθρωπον
968 2678 1031 2731 οὐ
1064 2682 1130 2752 τῇ
1174 2682 1268 2736 τοῦ
1319 2685 1437 2750 ἑνὸς
1467 2667 1654 2757 εἰκόνι,
1757 2700 1777 2755 ί

62 2758 211 2812 ἀλλὰ
244 2762 314 2830 τῇ
344 2760 451 2814 τῶν
479 2761 571 2815 δύο
594 2763 870 2837 ὁμοιότητί
902 2785 962 2821 τε
987 2770 1080 2823 καὶ
1115 2773 1319 2844 ἰσότητι
1345 2778 1529 2832 εἰκόνα
1565 2796 1654 2849 γι-

61 2851 325 2921 νόμενον,
354 2854 441 2906 ἵνα
467 2854 641 2925 πάντη
666 2857 833 2925 σαφὲς
863 2859 946 2931 εἴη
970 2861 1031 2914 τὸ
1078 2867 1373 2935 πρακτέον,
1396 2869 1454 2923 ὲν
1476 2870 1652 2943 Πατρὶ

61 3039 135 3108 μὴ
172 3038 586 3115 ἀλλοιούμενον.
620 3046 694 3100 Οὐ
719 3048 826 3120 γὰρ
863 3053 993 3123 παρ’
1026 3053 1219 3125 ἑτέρας
1253 3056 1467 3125 φύσεως
1497 3060 1649 3133 εἴλη-

60 3149 157 3199 φεν
182 3132 215 3185 ὁ
240 3134 460 3206 Πατὴρ,
486 3135 519 3207 ἢ
554 3139 583 3190 ὀ
616 3138 764 3208 Υἱὸς,
801 3142 834 3213 ἢ
865 3143 925 3197 τὸ
944 3120 1381 3218 ἅγιον-Πνεῦμα.
1482 3120 1645 3208 δέδιῦ-
1674 3120 1721 3186 c

57 3240 151 3275 κεν
186 3224 366 3296 ἑτέρᾳ
388 3225 548 3295 φύσει
581 3231 927 3304 συμμετοχὴν
952 3236 1049 3305 τῆς
1081 3236 1276 3291 ἑαυτοῦ
1310 3238 1525 3308 φύσεως
1550 3244 1646 3298 καὶ

56 3315 417 3386 ἀξιώματος·
458 3315 583 3372 οὔτε
624 3321 761 3375 κατά
795 3340 914 3376 τινα
954 3325 1122 3397 τομὴν
1163 3326 1195 3397 ἢ
1245 3327 1547 3401 ἀπόρροιαν
1583 3332 1644 3387 τὸ

56 3403 195 3459 εἶναι
242 3407 308 3471 ἐξ
354 3407 517 3461 αὑτοῦ
556 3409 648 3463 τὸν
675 3413 973 3486 Μονογενῆ,
1014 3418 1107 3471 καὶ
1143 3418 1205 3472 τὸ
1236 3419 1389 3489 ἅγιον
1417 3422 1642 3495 Πνεῦμα

55 3498 354 3553 ἀλλοίωσιν
389 3501 489 3572 τῆς
516 3501 729 3571 φύσεως
772 3506 1160 3580 ἐξειργάσατο·
1203 3511 1341 3567 ἀλλὰ
1388 3514 1640 3588 καθάπερ

53 3591 299 3662 ἐξαρχῆς
346 3596 645 3665 προκριτέα
692 3597 854 3665 φύσις
899 3600 1192 3672 ἀγέννητος
1238 3604 1332 3658 καὶ
1385 3606 1639 3674 ἄκτιστος

53 3684 138 3736 ἀεὶ
165 3679 264 3755 ἦν,
303 3683 481 3748 οὕτως
512 3686 598 3739 ἀεὶ
625 3685 683 3753 ἐξ
707 3689 871 3743 αὐτοῦ
901 3694 1223 3764 προκριτέον
1247 3694 1513 3767 γέννημα,
1541 3700 1636 3752 καὶ

50 3771 207 3839 ἅγιον
241 3774 476 3845 Πνεῦμα
504 3777 636 3847 ἡμῖν
674 3780 859 3849 σαφῶς
887 3784 1181 3855 κεκήρυχε,
1225 3787 1318 3840 καὶ
1347 3788 1448 3842 οὐκ
1488 3792 1638 3861 ἐνηλ-

1802 516 1910 573 tur,
1939 518 1992 563 et
2022 527 2120 581 pro
2159 530 2225 569 eo
2260 518 2406 585 quod
2451 522 2737 579 excellenti
2773 528 2848 583 illi
2884 536 3368 602 consubstantialis

1798 608 1901 664 est,
1929 600 2197 670 ejusmodi
2242 607 2506 679 dignitate
2546 616 2805 684 praeditus
2848 630 2952 687 est,
2997 634 3056 681 ut
3095 630 3149 683 in
3176 634 3365 693 eodem

1797 705 1920 745 cum
1956 692 2051 748 illo
2095 697 2284 754 ordine
2314 702 2633 771 collocetur,
2666 710 2710 765 si
2746 727 2908 782 quam
2937 718 3132 775 habeat
3159 725 3229 779 ab
3253 729 3368 783 exi-

1796 781 1908 837 mio
1962 784 2055 840 illo
2105 795 2495 866 prmstantique
2533 781 2870 871 varietatem,
2908 825 3133 870 necesse
3172 830 3255 873 est
3307 832 3364 876 ut

1793 873 1859 927 de
1896 874 2141 944 ejusdem
2184 882 2448 955 dignitate
2498 890 2701 962 aliquid
2744 896 3046 970 imminuat,
3096 906 3199 963 hoc
3244 873 3364 981 ipso

1790 964 1936 1033 quod
1959 969 2400 1032 excellentissimi
2425 979 2570 1036 illius
2601 999 2654 1039 tn
2678 989 2859 1056 genito
2883 993 3186 1062 splendoris
3209 964 3362 1057 corm-

1791 1056 1977 1111 munio
2029 1061 2310 1120 varietatis
2363 1069 2569 1140 aliquid
2621 1090 2685 1132 ac
2759 1056 3094 1144 diversitatis
3143 1090 3357 1149 habeat.

1788 1144 1968 1209 Quare
1998 1148 2228 1207 similem
2255 1154 2406 1212 illum
2433 1175 2464 1215 e
2492 1161 2675 1229 simili,
2705 1176 2759 1223 et
2784 1174 3044 1241 aequalem
3068 1192 3133 1233 ex
3163 1186 3359 1252 aequali

1788 1235 1977 1304 fetum,
2010 1256 2118 1298 non
2142 1260 2240 1315 pro
2262 1258 2423 1319 captu
2443 1268 2720 1325 corporeae
2742 1235 2973 1333 alicujus
2992 1235 3359 1345 intelligentia:

1783 1326 2097 1387 Christiana
2137 1335 2242 1393 [ide
2279 1342 2640 1414 concipimus,
2671 1352 2766 1407 sed
2801 1326 3058 1427 tanquam
3084 1326 3254 1421 Deum
3288 1385 3355 1425 ex

1784 1417 1914 1483 Deo,
1944 1422 2124 1480 lumen
2142 1428 2208 1484 de
2230 1430 2452 1500 lumine,
2482 1452 2547 1492 ac
2567 1437 2801 1498 Verbum
2820 1417 2998 1507 Patris
3021 1456 3351 1524 subsistens,

1781 1510 1917 1568 adeo
1946 1524 2003 1570 ut
2027 1521 2340 1581 excellentis
2365 1528 2513 1585 illius
2537 1531 2753 1590 interim
2781 1546 2943 1610 atque
2971 1546 3152 1602 eximii
3182 1551 3351 1621 gloria

1779 1607 1926 1661 salva
1965 1610 2282 1686 integraque
2312 1622 2631 1690 retineatur,
2667 1628 2769 1685 hoc
2817 1607 2936 1702 ipso
2962 1639 3106 1707 quod
3140 1607 3231 1699 ille
3264 1649 3349 1701 sui

1601 1692 1673 1762 μή
1711 1765 1750 1805 n
1777 1693 1949 1764 ipsius
1975 1702 2198 1760 minime
2239 1709 2567 1783 principium
2618 1725 2904 1790 asscritur,
2951 1729 3044 1785 sed
3085 1738 3347 1805 aequalem

1778 1786 1881 1842 sibi
1925 1792 2166 1850 sobolem
2197 1801 2489 1868 purissima
2531 1816 2583 1864 et
2619 1811 3157 1888 incomprehensibili
3212 1832 3347 1886 sub-

1775 1881 1974 1935 stantia
2005 1888 2568 1968 consubstantialique
2623 1881 2928 1970 modo,'boc
2957 1921 3044 1969 est
3089 1918 3348 1979 substan-

1772 1970 1849 2025 tia
1870 1981 1950 2090 Aet
1984 1975 2264 2049 bypostasi
2299 1989 2583 2056 praeditum
2633 1998 2956 2067 produxisse
2983 1970 3341 2090 Filium

1772 2062 1991 2129 quidem
2020 2082 2133 2125 non
2161 2074 2356 2132 animae
2387 2096 2584 2153 expers
2615 2062 2762 2147 illius
2790 2094 2968 2167 imago
3001 2100 3093 2165 sit,
3124 2106 3218 2161 sed
3247 2062 3343 2178 pa-

1761 2520 1943 2589 Pater,
1976 2528 2052 2582 uti
2079 2545 2182 2587 nos
2225 2543 2378 2591 certo
2405 2539 2680 2611 dirigeret,
2733 2556 2861 2606 ante
2888 2520 3155 2623 prolatam
3185 2562 3333 2621 illam

1760 2614 2090 2671 sententiam
2123 2618 2200 2675 ita
2230 2622 2448 2684 locutus
2481 2642 2603 2688 est:
2650 2634 2940 2699 Faciamus
2974 2646 3231 2707 hominem
3261 2659 3333 2711 ad

2023 2996 2043 3033 :
2099 2972 2206 3053 qua
2233 2985 2373 3044 duos
2414 2972 2762 3066 exprimeret,
2803 2972 3041 3077 seipsum
3075 3016 3327 3076 videlicet

1752 3077 1818 3119 ac
1845 3062 2067 3136 Filium,
2101 3082 2196 3128 aut
2221 3075 2446 3147 insuper
2472 3062 2525 3137 et
2546 3062 2806 3155 Spiritum
2834 3062 3327 3178 εέηειξωῖἶᾶιῖἷέ

1751 3163 1812 3211 ιιι
1856 3158 2113 3231 imaginis
2158 3170 2520 3238 aequalitatem
2561 3182 2901 3254 ostenderet,
2953 3189 3166 3249 diversa
3214 3158 3326 3257 duo

1750 3248 2016 3305 vocabula
2065 3254 2309 3315 inserere
2364 3264 2579 3333 noluit;
2638 3270 2731 3325 sed
2793 3277 3007 3333 unicam
3059 3283 3323 3345 duntaxat

1748 3347 2197 3403 commemoravit
2225 3348 2515 3423 imaginem
2576 3350 2821 3421 nostram
2866 3381 3047 3429 autem
3071 3392 3135 3433 ea
3165 3395 3317 3448 voce,

1747 3447 1870 3503 quae
1902 3435 1970 3490 ad
1994 3436 2133 3495 duos
2161 3451 2454 3512 spectaret,
2486 3457 2733 3521 protulit.
2760 3458 2933 3519 Porro
2950 3478 3194 3529 creatum
3220 3435 3320 3528 ho:

1746 3523 1947 3580 minem
1974 3543 2082 3584 non
2113 3531 2180 3586 ad
2202 3535 2367 3593 unius
2395 3538 2684 3613 imaginem
2708 3565 3048 3626 expressum,
3076 3564 3173 3618 sed
3200 3580 3318 3620 am-

1745 3613 1937 3670 borum
1993 3619 2372 3683 similitudinis
2417 3639 2472 3685 et
2520 3613 2851 3705 aaqualitatis
2915 3613 3145 3720 elligiem
3193 3669 3350 3711 esse-

1741 3706 2096 3778 signilicavit,
2148 3723 2210 3770 ut
2238 3718 2370 3775 illud
2419 3735 2605 3795 aperte
2661 3706 3314 3818 declararet,vquidquid

1742 3801 2074 3860 excellentia)
2117 3816 2220 3877 est,
2272 3811 2327 3867 in
2361 3812 2541 3883 Patre,
2574 3819 2711 3879 Filio
2764 3842 2828 3883 ac
2883 3801 3091 3902 Spiritu
3122 3801 3314 3896 sancto

1742 3888 1884 3947 idem
1915 3901 2079 3965 atque
2102 3914 2272 3956 unum
2299 3918 2444 3972 esse,
2476 3925 2653 3982 neque
2671 3919 2880 3974 varium
2908 3936 2973 3978 ac
3003 3927 3308 3999 multiplex.

1720 3981 1918 4051 piritus
1957 3997 2186 4049 sanctus
2227 3998 2459 4067 accepit,
2522 4011 2616 4058 aut
2656 4005 2711 4061 in
2773 4011 3003 4069 alteram
3056 4027 3309 4079 naturam

2358 4055 2375 4067 Ι
2446 4055 2458 4064 ⁵
2529 4055 2613 4058 ““’““
2656 4055 2711 4061 “““
2773 4055 3003 4069 ““¹⁷”ιι“.⁸υ
3056 4055 3309 4079 ΙΙΠ.υΙ⁴ιι¹

49 4062 261 4109 naturae
289 4055 682 4128 dignitatisque
708 4076 820 4116 sua:
844 4067 1281 4124 communionem
1313 4073 1630 4139 transtulit;
1663 4091 1839 4147 neque
1881 4083 2027 4138 velut
2058 4088 2299 4144 sectione
2333 4094 2591 4162 quadam,
2635 4110 2728 4158 aut
2784 4105 3049 4174 profluvio
3111 4112 3309 4170 divinae

50 4148 116 4174 ill:
178 4156 404 4174 ..Δια-..Α
458 4152 766 4174 ...._:_.-.-A-
826 4164 890 4174 -..
940 4159 993 4174 ιο.
1135 4161 1147 4173 ο
1262 4164 1319 4174 .A.
1372 4164 1490 4174 κη..
1576 4166 1604 4174 ι.
1651 4170 1662 4174 -
1704 4171 1712 4174 _

50 4148 119 4200 illi
178 4156 406 4203 naturae
458 4152 772 4209 varietatem
818 4159 998 4212 attulit
1058 4161 1319 4232 unigeniti
1372 4164 1492 4220 Filii
1573 4166 1915 4245 Spiritusque
1980 4183 2152 4237 sancti
2208 4185 2515 4253 productio.
2550 4191 2678 4248 .Sed
2731 4148 3186 4267 quemadmodum
3236 4209 3308 4265 ab

48 4241 199 4298 initio
220 4247 679 4314 przestantissima

709 4250 797 4305 illa
821 4260 1018 4309 natura
1039 4271 1068 4309 a
1089 4256 1250 4328 937
1281 4260 1431 4315 nullo
1463 4262 1604 4318 facta
1653 4277 1906 4326 creatave
1947 4288 2163 4345 semper
2198 4250 2409 4336 exstitit
2441 4300 2454 4338 :
2505 4284 2581 4339 ita
2643 4303 2859 4361 semper
2915 4300 3304 4365 pmstantissi-

2066 4338 2083 4345 _
2643 4338 2848 4361 _-_--,--
2915 4338 3304 4365 ,,...υ.,.......σο.-

51 4351 186 4390 mam
212 4353 282 4392 ex
317 4338 501 4409 seipsa
548 4340 789 4399 sobolem
832 4360 940 4401 una
985 4361 1111 4402 cum
1164 4360 1358 4407 sancto
1396 4352 1630 4425 Spiritu,
1699 4361 1817 4418 sine
1850 4364 1958 4419 ulla
2001 4365 2318 4427 diversitate
2382 4375 2709 4444 produxisse
2747 4385 2906 4441 nobis
2960 4392 3321 4459 apertissime

52 4430 367 4459 ...πωπω-,ει

52 4430 389 4497 praedicavit.

433 4544 824 4601 ΚΕΦΛΛΑΙΟΝ
861 4550 1114 4604 ΑΕΤΙΟΥ
1162 4555 1233 4610 Γσ.

110 4631 170 4685 Εἰ
203 4632 261 4685 δὲ
297 4632 466 4695 αὐτὸς
498 4634 674 4706 ἑαυτῷ
704 4637 766 4689 τὸ
813 4636 951 4692 εἶναι
987 4643 1059 4713 μὴ
1104 4645 1394 4717 παρέσχεν,
1436 4649 1497 4701 οὐ
1532 4650 1622 4705 διὰ

46 4721 100 4773 τὸ
142 4722 374 4787 ἀσθενὲς
400 4725 498 4797 τῆς
529 4726 761 4795 φύσεως,
790 4730 924 4784 ἀλλὰ
967 4732 1054 4788 διὰ
1094 4735 1155 4789 τὸ
1185 4737 1622 4811 ὑπερὸεὸηκέναι

48 4815 213 4869 πᾶσαν
245 4816 433 4870 αἰτίαν
456 4834 470 4848 ·
507 4818 671 4871 πόθεν
698 4821 763 4874 ἄν
787 4838 869 4886 τις
895 4823 995 4894 τὴν
1026 4825 1335 4883 ὑποστᾶσαν
1363 4831 1497 4902 πρὸς
1522 4833 1620 4906 τὴν

50 4910 427 4983 ὑποστήσασαν
459 4911 620 4981 φύσιν
633 4913 693 4965 τὸ
725 4914 1139 4986 ἀπαράλλακτον
1159 4920 1237 4983 εἰς
1256 4922 1442 4978 οὐσίαν
1475 4925 1619 4997 ἔχειν

50 5006 461 5075 συγχωρήσειεν,
496 5005 557 5059 οὐ
580 5007 943 5079 προσιεμένης
974 5010 1074 5081 τῆς
1104 5012 1356 5086 τοιαύτης
1389 5018 1624 5076 ὑποστά-

52 5111 173 5159 σεως
203 5096 422 5166 γένεσιν
440 5113 458 5163 ;

593 5212 925 5283 Ἀνατροπὴ
977 5216 1062 5269 Γ’.

102 5299 177 5352 Α⁹.
220 5303 345 5374 Χρή
383 5318 461 5364 σε,
493 5293 539 5353 ὦ
588 5302 784 5366 Ἀέτιε,
831 5304 944 5358 ἄνω
988 5306 1338 5379 προσέχοντα,
1374 5312 1467 5365 καὶ
1519 5330 1609 5366 σε-

51 5390 195 5443 αυτοῦ
221 5392 283 5445 τὺ
318 5393 549 5447 ἐλεεινὸν
583 5394 966 5460 κατανοοῦντα,
1011 5397 1225 5470 ἐπέχειν
1268 5402 1365 5473 τῆς
1411 5405 1605 5458 ἑαυτοῦ

1767 5408 1952 5465 oribus
2003 5425 2066 5467 ac
2114 5390 2432 5476 caelestibus
2474 5422 2638 5480 rebus
2674 5426 2936 5499 intentus,

50 5477 305 5552 τολμηρᾱς
349 5483 589 5548 διανοίας
640 5484 701 5538 τὸ
739 5489 991 5557 περιττὸν
1038 5489 1138 5559 τῆς
1187 5491 1471 5559 ἀσεϐείας·
1520 5497 1607 5553 ἵνα

1770 5508 1878 5556 tem
1910 5511 2058 5559 tuam
2091 5521 2418 5579 agnoscens,

52 5568 131 5620 καὶ
156 5572 312 5641 ἡμεῖς
354 5574 430 5646 μὴ
461 5575 888 5645 συμμαινὸμενοι
918 5579 982 5649 τῇ
1011 5579 1247 5654 τοσαύτῃ
1276 5582 1474 5656 ἀφοϐἰᾳ
1506 5588 1601 5657 ητα

116 5688 263 5743 ‘Col.
302 5706 339 5754 ι,
379 5692 466 5745 15.
544 5694 563 5722 ¹
596 5690 729 5747 Gen.
774 5695 921 5758 I,26.

348 5782 621 5842 Parnm.
660 5783 777 5842 Gn.
816 5785 1005 5848 XLII.

1726 4929 1793 4985 ab
1811 4945 1895 4997 ea,
1914 4948 2034 5002 quae
2045 4936 2385 5007 produxerit,
2406 4942 2541 4999 nihil
2556 4945 2609 5000 in
2628 4948 2936 5009 substantia
2959 4956 3294 5019 discriminis

1726 5018 1931 5076 habere
1977 5021 2259 5094 fatebitur,
2306 5044 2433 5086 cum
2467 5033 2739 5103 ejusmodi
2786 5040 3094 5100 substantia
3126 5064 3293 5119 gene-

1723 5112 1988 5169 rationem
2017 5130 2236 5174 omnem
2262 5122 2558 5181 excludat?

2271 5230 2582 5305 Confulatio
2616 5239 2735 5299 111.

1788 5315 1828 5369 l.
1862 5316 2031 5375 Multo
2060 5328 2143 5389 tu,
2171 5339 2204 5378 ο
2232 5324 2377 5392 Aeti,
2415 5332 2727 5390 consultius
2760 5335 2993 5408 faceres,
3037 5343 3085 5400 si
3129 5361 3288 5419 supe-

2970 5440 3025 5489 et
3052 5435 3286 5497 infelici-

2453 5519 2758 5576 temerariae
2784 5525 2983 5584 mentis
3018 5528 3284 5604 insignem

1714 5590 1861 5646 illam
1890 5592 2221 5664 impietatem
2249 5617 2649 5678 compesceres,
2676 5627 2744 5668 ne
2771 5624 2823 5670 et
2852 5632 2952 5674 nos
2980 5620 3107 5692 ipsi,
3135 5627 3283 5683 velut

2893 5826 2970 5889 18

3304 5168 3397 5244 κβ
