3798 6212
470 224 578 280 555

1851 218 1920 272 'S.
1966 217 2305 274 EPIPHANII
3619 221 3694 275 5L6

469 345 665 400 iisdem
703 341 862 398 furiis
909 341 1140 412 perciti,
1182 347 1350 396 tanta:
1393 339 1636 396 audacia:
1685 341 1905 395 ευοοιὼι

2150 342 2374 412 τημένοι
2409 341 2829 412 ὐποληφθῶμεν,
2867 340 3004 394 ἀλλὰ
3056 344 3138 396 σοί
3174 362 3232 398 τε
3283 345 3377 397 καὶ
3429 343 3621 405 ἑαυτοῖς
3650 348 3695 397 τὰ

469 438 774 502 videamur,
801 435 896 490 sed
925 433 1023 489 tibi
1050 434 1232 505 potius
1276 449 1339 488 ac
1373 434 1531 488 nobis
1562 432 1696 503 ipsis
1721 447 1842 502 quae
1865 432 2050 503 pietati

467 537 598 586 sunt
631 536 1002 584 consentanea
1054 526 1424 583 consuluisse.
1475 525 1612 580 Cum
1661 525 1806 580 enim
1860 541 2055 581 neces—

465 621 629 676 sariis
663 620 720 674 in
770 619 958 684 rebus,
986 633 1056 673 ac
1090 617 1204 673 Deo
1245 617 1699 673 convenientibus
1731 616 2053 672 dissimilem

464 713 614 768 hune
681 720 737 768 et
789 711 1113 782 inaequalem
1181 710 1229 765 ei
1282 724 1442 779 quem
1495 708 1683 778 genuit
1722 709 2050 771 constituas,

464 804 630 875 idque
655 819 853 876 magno
880 817 1014 859 sane
1035 816 1243 866 errore,
1274 800 1370 856 sed
1405 799 1542 854 falsa
1573 799 1810 869 quadam
1833 799 2054 870 pietatis

465 897 651 967 specie
674 895 990 964 conﬁngere
1025 893 1264 956 videare,
1301 893 1356 946 in
1388 891 1492 945 hoc
1529 891 1648 960 ipso
1677 900 1879 958 tamen,
1904 893 2049 962 quod

464 991 577 1046 Deo
616 988 1061 1060 indignissimum
1097 993 1216 1050 est,
1263 985 1329 1040 iis
1365 999 1488 1054 quae
1539 985 1882 1039 divinitatem
1931 985 2051 1053 ejus

465 1084 691 1140 minime
721 1082 939 1146 decent,
976 1079 1209 1136 similem
1241 1077 1526 1148 praedicas.
1560 1075 1619 1129 1n
1655 1076 1848 1146 primis
1895 1077 2042 1131 enim

467 1180 523 1234 in
553 1186 662 1231 tam
694 1175 834 1231 altas
873 1173 942 1230 de
987 1171 1098 1227 Deo
1135 1170 1496 1242 cogitationes
1545 1184 1670 1224 sese
1707 1169 2052 1224 committere

465 1268 769 1340 impietatis
830 1266 916 1322 vel
965 1263 1190 1320 furiosae
1238 1261 1422 1334 potius
1471 1261 1672 1315 mentis
1714 1261 1805 1315 ille
1840 1258 2052 1318 fruetus

464 1370 570 1418 est.
600 1359 738 1416 Nam
777 1373 903 1414 cum
938 1357 1054 1412 haec
1088 1369 1363 1425 usurpas:
1413 1353 1509 1408 Sui
1544 1353 1716 1424 ipsius
1761 1367 1884 1408 esse
1918 1367 2048 1408 cau-

465 1469 618 1520 sam;
651 1460 767 1514 aut,
794 1451 916 1522 Ipse
947 1449 1054 1506 sibi
1087 1455 1144 1502 ut
1171 1455 1319 1503 esset
1341 1445 1640 1502 contulisse
1662 1463 1677 1512 ;
1701 1455 1933 1516 utraque
1960 1446 2050 1500 illa

466 1546 705 1616 pessima
735 1542 1052 1612 suspicione
1093 1540 1442 1610 temetipsum
1477 1537 1788 1606 conﬁxisti;
1833 1554 1958 1593 cum
1995 1539 2048 1594 id

463 1639 533 1693 de
571 1638 684 1693 Deo
752 1636 900 1690 velut
953 1631 1229 1704 palpando
1278 1645 1343 1685 ac
1385 1631 1648 1686 tentando
1683 1631 2044 1701 perquisisti:

462 1727 927 1802 quemadmodum
949 1724 1114 1779 fuerit
1134 1765 1150 1787 ,
1175 1731 1489 1778 utrumnam
1515 1737 1732 1792 semper
1755 1723 2046 1785 exstiterit,

463 1837 532 1877 ac
564 1834 695 1876 num
743 1817 847 1874 sibi
885 1817 990 1887 ipsi
1031 1824 1092 1870 ut
1125 1823 1272 1869 esset
1323 1812 1600 1878 tribuerit,
1632 1827 1701 1867 an
1731 1827 1867 1868 casu
1913 1813 2048 1868 illud

464 1911 789 1969 obtinuerit.
849 1908 1116 1980 Equidem
1162 1921 1273 1961 non
1327 1905 1447 1960 sine
1490 1912 1635 1958 metu
1703 1906 1939 1975 quodam
1994 1914 2048 1960 et

464 2009 695 2062 horrore
743 2002 1014 2072 meipsum
1051 2009 1206 2054 tuum
1248 1997 1315 2052 ad
1367 1995 1500 2051 illud
1548 1997 1847 2066 pessimum
1885 2011 2050 2068 argn-

465 2105 710 2153 mentum
747 2090 1127 2147 accommodo.
1162 2085 1271 2142 Fac
1301 2088 1487 2156 itaque
1517 2085 1764 2151 modum,
1793 2087 1839 2142 si
1872 2094 2047 2157 potes,

464 2197 606 2247 utet
637 2187 744 2258 ipsi
781 2186 963 2240 facere
1008 2180 1308 2252 possimus,
1339 2179 1544 2249 quibus
1591 2178 1849 2233 idoneum
1915 2177 2049 2233 illud

465 2299 531 2339 ac
562 2279 881 2352 religiosum
922 2274 1160 2340 videtur,
1196 2271 1365 2326 Deum
1409 2284 1626 2340 semper
1652 2269 1956 2340 intelligere
1985 2283 2050 2324 ac

450 2391 685 2448 semper
738 2374 892 2428 illum
934 2369 1214 2426 exstitisse
1274 2365 1518 2422 credere.
1563 2364 1623 2419 In
1673 2379 1782 2434 quo
1826 2363 2048 2433 quidem

446 2467 662 2529 stolide
687 2467 908 2521 locutus
935 2477 1000 2518 ac
1046 2458 1430 2523 ratiocinatus,
1459 2455 1618 2527 quasi
1641 2453 1752 2510 Deo
1783 2455 2049 2510 honorem

462 2561 769 2618 niaximum
799 2554 1056 2617 haberes,
1115 2550 1304 2607 dixisti
1337 2563 1442 2604 nec
1463 2551 1641 2618 ipsum
1677 2546 1783 2602 sibi
1815 2553 1877 2601 ut
1903 2553 2051 2602 esset

464 2651 788 2710 contulisse.
819 2645 1022 2701 Verum
1111 2641 1405 2713 siquidem,
1468 2648 1528 2694 ut
1570 2639 1839 2702 instituis,
1885 2653 1917 2692 a
1965 2639 2049 2694 di-

439 2744 745 2804 ctionibus
775 2749 830 2799 et
874 2737 1213 2812 syllogismis
1249 2734 1451 2806 pendet
1500 2731 1623 2788 ﬁdei
1667 2732 1852 2796 salus,
1882 2730 2051 2802 938

461 2854 586 2912 quae
635 2837 690 2890 in
745 2833 951 2889 inlimis
1003 2827 1440 2897 miserrimisque
1486 2825 1813 2896 corporibus
1869 2823 2049 2879 simile

464 2928 670 3000 aliquid
719 2925 861 2995 ejus,
893 2921 1041 2993 quod
1094 2933 1327 2984 narras,
1387 2916 1622 2972 inveniri
1670 2915 1908 2987 potest),
1945 2929 2048 2970 nec

2157 437 2294 506 πρὸς
2329 435 2610 488 εὐσέϐειαν
2643 435 3125 506 συμϐουλεύοντες.
3175 438 3359 491 Δοκῶν
3405 437 3510 509 γὰρ
3537 440 3588 490 ὲν
3614 442 3696 501 τοῖς

2155 529 2471 597 ἀναγκαίοις
2504 531 2596 582 καὶ
2622 531 2679 582 ὲν
2710 533 2822 594 τοῖς
2853 531 2972 602 Θεῷ
3021 532 3328 604 πρέπουσιν
3369 532 3606 599 ἀνόμοιον
3630 535 3697 583 καὶ

2154 620 2336 674 ἄνισον
2365 621 2455 674 τὸν
2485 621 2615 674 Θεὸν
2644 620 2722 691 τῷ
2752 621 2809 688 ἐξ
2841 623 3007 676 αὑτοῦ
3040 623 3428 695 γεγεννημένῳ
3458 622 3559 676 ἀπὺ
3601 624 3698 674 πολ-

2156 713 2254 782 λῆς
2305 713 2511 782 πλάνης
2560 713 2700 767 κατὰ
2747 715 2946 786 εὐσεϐῆ
2991 733 3115 769 τινα
3163 715 3380 786 ποίησιν
3434 713 3642 777 ἐξελθεῖν
3668 718 3698 776 ί.

2154 805 2286 858 Θεὸν
2329 805 2528 874 μᾶλλον
2559 806 2616 858 ἐν
2649 807 2764 869 τοῖς
2805 806 3324 876 ἁπρεπωδεστάτοις
3370 806 3550 875 ὅμοιον
3574 807 3694 857 αὐτοι.

2154 894 2444 966 κηρύττεις
2481 897 2592 958 τοῖς
2627 895 2702 966 μὴ
2737 897 3015 967 πρέπουσι
3061 898 3126 967 τῇ
3164 896 3330 950 αὐτοῦ
3375 896 3595 967 θεότητι.
3622 895 3705 950 Καὶ

2154 985 2368 1056 πρῶτον
2407 986 2504 1055 yév
2540 985 2601 1038 τὸ
2649 986 2994 1056 διανοηθῆναι
3037 988 3129 1039 ἐπὶ⁸
3177 986 3314 1039 Θεοῦ
3359 986 3453 1039 τὸν
3494 987 3699 1040 τοσοῦτον

2155 1075 2314 1146 βυθὸν
2345 1077 2443 1147 τῆς
2468 1076 2708 1138 διανοίας
2744 1076 3052 1140 ’,ἀσεϐείας
3080 1078 3196 1130 ἐστὶ
3231 1077 3463 1148 καρπὸς,
3492 1079 3580 1129 καὶ
3600 1079 3700 1146 pi}.-

2152 1169 2241 1222 λον
2267 1167 2567 1238 μανιώδους
2582 1167 2925 1230 διανοίας.Τδ
2951 1167 3060 1238 γάρ
3082 1171 3275 1234 εἰπεῖν,
3295 1168 3523 1226 Ἑαυτοῦ
3548 1171 3700 1232 αἰτίαν,

2151 1258 2184 1329 ἢ
2251 1257 2332 1319 τὺ,
2383 1257 2553 1321 Αὐτὸς
2604 1257 2782 1328 ἐαυτῷ
2831 1251 2973 1309 εἶναι
3009 1257 3114 1309 eo“
3160 1258 3458 1328 παρέσχεν,
3498 1260 3553 1311 ὲν
3588 1258 3700 1310 δυσὶν

2153 1351 2432 1415 ὑπονοίαις
2453 1353 2652 1414 κακαῖς
2683 1350 2908 1404 σεαυτὸν
2935 1350 3314 1423 περιέπειρας,
3371 1351 3701 1421 ἀναψηλαᾳξν

2153 1443 2246 1496 καὶ
2281 1442 2460 1513 ζητῶν
2497 1443 2626 1514 περὶ
2661 1441 2796 1495 Θεοῦ
2827 1442 2910 1508 τὸ,
2949 1443 3067 1504 πῶς
3096 1438 3185 1514 ἦν,
3222 1439 3331 1511 ἆρα
3359 1443 3472 1501 ἀεὶ,
3503 1444 3534 1513 ἦ
3563 1444 3700 1512 ἐαυτῷ

2149 1536 2212 1590 τὸ
2243 1535 2402 1600 εἶναι,
2435 1536 2468 1606 ἢ
2510 1535 2832 1606 αὐτομάτως
2865 1531 3026 1592 εἶναι.
3078 1535 3180 1589 Καὶ
3211 1535 3359 1588 δέδια
3393 1535 3492 1589 καὶ
3536 1536 3704 1606 φρίττω

2149 1627 2229 1700 τῷ
2259 1629 2336 1700 σῷ
2364 1626 2521 1698 κακῷ
2554 1627 2898 1699 ἐνθυμήματι
2934 1628 3452 1699 παρεκτεινὸμενος.
3493 1628 3702 1681 Πέπαυσο

2151 1722 2279 1794 γὰρ,
2309 1721 2406 1775 καὶ
2437 1720 2780 1791 παυσόμεθα,
2815 1720 3062 1792 ἀρκετῶς
3088 1721 3184 1774 καὶ
3211 1719 3376 1783 ὁσίως
3425 1720 3626 1790 ἔχοντες
3660 1723 3701 1772 τὸ

2150 1815 2238 1867 ἀεὶ
2267 1816 2408 1866 νοεῖν
2438 1813 2592 1876 Θεὸν,
2625 1813 2718 1866 καὶ
2751 1812 3048 1876 πιστεύειν,
3079 1813 3162 1866 ὅτι
3203 1806 3272 1883 ἦν
3314 1813 3404 1866 ἀεὶ
3439 1811 3584 1874 Θεός.
3621 1814 3702 1864 Καὶ

2150 1905 2260 1976 γὰρ
2285 1908 2380 1960 καὶ
2407 1907 2466 1959 ὲν
2497 1905 2672 1976 τούτῳ
2699 1904 2950 1976 ἀφρόνως
2979 1904 3350 1974 φθεγγόμενός
3393 1921 3459 1956 τε
3489 1905 3578 1957 καί
3606 1906 3701 1957 sai-

2151 1997 2522 2070 λογιζόμενος,
2554 1997 2630 2060 ὼς
2667 1996 2917 2067 μεγάλως
2950 1994 3263 2066 τετιμηκὼς
3283 1994 3375 2048 τὸν
3403 1993 3552 2058 Θεὸν,
3580 1997 3702 2063 ἑῇς,

2150 2091 2232 2143 ὅτι
2263 2087 2388 2142 οὑτε
2437 2089 2599 2150 αὐτὸς
2649 2087 2828 2160 ἑαυτῷ
2874 2087 2936 2140 τὸ
2973 2081 3113 2140 εἶναι
3147 2087 3447 2158 παρέσχενο
3487 2087 3599 2139 οὐδὲ
3621 2088 3704 2157 ἄρα

2152 2181 2295 2235 κατὰ
2323 2181 2382 2234 σὲ
2437 2182 2484 2234 εί
2523 2181 2632 2234 ἀπὸ
2657 2179 2855 2247 λέξεών
2899 2181 3018 2234 ἐστι
3047 2181 3140 2233 καὶ
3171 2178 3550 2248 συλλογισμῶν
3581 2179 3704 2248 ﬁci;

2153 2274 2387 2336 πίστεως
2423 2272 2687 2343 σωτηρία,
2727 2272 2924 2342 ἔχουσα
2954 2271 3052 2324 καὶ
3097 2273 3158 2324 ὲν
3184 2273 3298 2336 τοῖς
3327 2271 3704 2342 ὑποδεεστέροις

2150 2365 2184 2436 ἦ
2211 2367 2452 2436 οἰκτροῖς
2483 2363 2700 2434 σώμασι
2731 2365 2830 2435 τὴν
2870 2362 2964 2417 τσῦ
3014 2364 3172 2432 λόγου
3203 2363 3504 2434 ὁμοιότητα
3539 2379 3550 2393 ·
3586 2363 3706 2414 σῦἇὲν

2149 2455 2259 2527 γὰρ
2306 2456 2414 2510 τῶν
2458 2458 2770 2527 κτισμάτων
2801 2456 2982 2527 ἑαυτῷ
3012 2456 3183 2510 αἴτιόν
3223 2458 3390 2520 ἐστιν,
3438 2455 3473 2526 ἢ
3505 2455 3564 2508 τὸ
3592 2451 3703 2508 εἶναι

2152 2549 2284 2602 αὐτὸ
2317 2549 2496 2620 έαυτῷ
2527 2549 2822 2620 παρέσχεν,
2856 2548 2966 2601 ἀπὸ
3010 2547 3298 2602 κνωδάλων
3336 2548 3499 2618 ἄχρις
3529 2546 3706 2617 stega.

2151 2659 2276 2705 που,
2313 2640 2408 2693 καὶ
2440 2641 2546 2693 ἀπὸ
2585 2638 2889 2712 ἀνθρώπων
2921 2639 3082 2710 ἄχρις
3120 2638 3388 2707 ἀγγέλων.
3416 2639 3601 2701 Οὐδεὶς
3624 2639 3707 2708 γὰρ

2149 2733 2258 2788 τῶν
2292 2732 2592 2802 γεγονότων
2643 2730 2818 2802 ἐαυτῷ
2866 2731 2926 2785 τὸ
2968 2727 3106 2784 εἶναι
3161 2731 3459 2803 παρέσχεν,
3492 2731 3622 2785 ἀλλὰ
3661 2735 3710 2783 ἐκ

2148 2821 2244 2875 τοῦ
2285 2822 2458 2884 ὅντως
2495 2821 2658 2892 μόνου
2689 2821 2749 2874 τὸ
2778 2817 2916 2874 εἶναι
2945 2820 3174 2874 ἕκαστον
3216 2820 3372 2873 ἔλαϐε
3416 2820 3518 2892 τὴν
3546 2822 3707 2892 ἀρχὴν.

2164 2914 2251 2977 Ὠς
2279 2908 2371 2967 οὖν
2402 2911 2636 2967 ἐνταῦθα
2668 2911 2736 2966 δι’
2768 2906 2844 2967 ὧν
2880 2913 3136 2984 ἐνόμισας
3175 2913 3588 2982 συλλογίζεσθαι
3613 2914 3710 2964 συλ-

463 3027 776 3076 creatarum
801 3012 1034 3085 quidem
1071 3025 1254 3066 rerum
1302 3009 1412 3062 ulla
1454 3006 1832 3076 suimetipsius
1880 3023 1905 3061 c

2150 3005 2445 3074 λογισθεὶς,
2475 3005 2548 3077 μὴ
2585 3004 2772 3075 βιάζου
2802 3005 2953 3077 παρὰ
2977 3005 3138 3074 φύσιν
3177 3006 3624 3077 παρεκτείνεσθαι
3646 3007 3708 3077 τῷ

462 3117 568 3172 est,
594 3110 689 3158 aut
722 3116 752 3156 a
789 3101 973 3170 seipsa
1013 3105 1074 3152 ut
1103 3105 1250 3153 esset
1293 3096 1554 3161 obtinuit,
1589 3095 1773 3168 idque,
1807 3095 1854 3151 si
1886 3110 1905 3149 a

2157 3097 2380 3170 μείζονι.
2418 3097 2782 3169 Παραλυθήσῃ
2818 3098 2928 3170 γὰρ
2968 3099 3109 3152 κατὰ
3147 3099 3343 3162 πάντα,
3368 3099 3469 3152 τοῦ
3505 3101 3712 3168 Movera-

443 3197 586 3254 -stiis
643 3193 710 3248 ad
766 3191 1042 3255 homines,
1090 3189 1247 3246 etab
1292 3187 1366 3242 iis
1408 3187 1477 3242 ad
1524 3187 1749 3259 angelos
1792 3187 2044 3258 progredi

431 3286 728 3352 evolueris,
759 3299 949 3340 verum
982 3297 1106 3338 esse
1134 3281 1460 3352 comperies.
1488 3279 1634 3334 Nihil
1658 3279 1807 3335 enim
1828 3294 2042 3344 eorum,

445 3395 586 3452 quae
617 3378 761 3433 facta
793 3385 941 3440 sum,
965 3374 1070 3430 sibi
1104 3380 1163 3429 ut
1199 3373 1492 3430 exsisteret
1517 3374 1814 3438 concessit,
1842 3373 1940 3429 sed
1973 3374 2042 3428 ab

447 3488 537 3527 eo
553 3470 701 3534 solo,
721 3468 867 3540 quod
892 3475 1000 3532 est,
1021 3466 1323 3522 exsistendi
1348 3465 1565 3522 initium
1589 3469 1821 3539 accepit.
1841 3467 2046 3536 Quam-

459 3560 649 3615 obrem
673 3571 807 3612 cave
829 3554 1104 3626 ejusmodi
1123 3554 1454 3618 rationibus,
1472 3555 1672 3625 quibus
1698 3565 1889 3628 argute
1913 3573 2047 3612 con—

462 3649 685 3705 cludere
713 3655 822 3702 tete
855 3653 1042 3718 putas,
1077 3645 1144 3701 ad
1182 3646 1238 3701 id
1275 3647 1420 3716 quod
1456 3648 1634 3717 majus
1678 3663 1742 3703 ac
1775 3657 2047 3720 praestan-

461 3741 574 3796 tius
596 3747 701 3805 est,
721 3747 940 3810 praeter
969 3747 1223 3793 naturam
1262 3744 1317 3793 te
1365 3753 1430 3792 ac
1468 3737 1732 3795 violenter
1757 3742 2043 3797 extendas.

465 3830 580 3888 Hoc
615 3831 761 3887 enim
779 3831 852 3886 «si
886 3829 1104 3894 feceris,
1134 3828 1361 3885 omnino
1386 3830 1597 3887 viribus
1620 3830 1865 3888 defectus
1895 3833 2046 3888 exci-

461 3925 578 3978 des.
614 3921 1067 3994 Quandoquidem
1105 3922 1302 3978 unicus
1335 3921 1428 3978 Dei
1474 3920 1645 3978 Filius
1680 3923 1908 3994 aequalis
1963 3931 2049 3979 est

454 4028 528 4069 ac
549 4013 764 4069 similis:
785 4012 896 4068 Deo
919 4013 1092 4076 Patri,
1124 4011 1250 4067 licet
1283 4011 1388 4066 hoc
1414 4011 1698 4083 dignitatis
1737 4012 1953 4080 habeat,
1989 4019 2048 4067 ut

459 4106 532 4160 ab
552 4119 623 4160 eo.
643 4105 946 4176 productus
967 4105 1122 4159 sitae
1144 4103 1384 4174 genitus.
1403 4101 1546 4158 Nihil
1570 4103 1714 4159 enim
1737 4103 1842 4159 hoc
1865 4106 2044 4174 ipsum

2152 3190 2276 3256 νοῦς
2300 3194 2414 3246 ἴσου
2436 3193 2531 3246 καὶ
2551 3190 2736 3263 ὁμοίου
2757 3192 2909 3256 ὁντος
2938 3192 3016 3262 τῷ
3032 3193 3225 3264 Ila-cpi,
3250 3193 3350 3246 κάν
3363 3211 3423 3246 τε
3442 3192 3536 3246 τοῦ
3553 3193 3712 3263 τεχθῆ-

2151 3300 2257 3344 ναι,
2291 3283 2458 3353 ἥγουν
2487 3281 2832 3354 γεννηθῆναι,
2867 3283 2976 3337 ἀπὸ
3010 3283 3222 3356 Πατρδς
3248 3283 3361 3354 ἔχει
3393 3285 3457 3337 τὸ
3504 3285 3710 3352 ἀξίωμα.

2150 3374 2315 3428 Οὐδὲν
2348 3375 2455 3446 γὰρ
2473 3374 2658 3428 διοίσει
2688 3377 2746 3428 ὲν
2769 3374 2944 3445 τούτῳ
2973 3375 3070 3444 τῆς
3101 3374 3236 3445 πρὸς
3266 3375 3354 3428 τὸν
3381 3375 3600 3444 Πατέρα
3627 3373 3712 3424 ἰσό-

2147 3480 2327 3534 τητος,
2358 3463 2548 3536 ὥσπερ
2581 3465 2700 3518 οὐδὲ
2731 3463 2839 3518 ἀπὸ
2879 3463 2972 3517 τοῦ
3007 3465 3218 3534 ὁμοίου,
3242 3464 3334 3518 τοῦ
3359 3465 3439 3536 μὴ
3483 3463 3711 3517 δύνασθαι

2155 3554 2226 3608 τά
2267 3556 2527 3624 γεγονότα
2561 3557 2774 3619 ἑαυτοῖς
2819 3559 3120 3626 παρασχεῖν
3172 3557 3234 3609 τὸ
3276 3551 3443 3618 εἶναι,
3478 3556 3552 3618 rb;
3590 3554 3710 3608 καὶὸ

2149 3647 2474 3720 προκριτέος
2506 3649 2599 3702 καὶ
2623 3650 2680 3701 ἐν
2711 3648 2883 3702 ἅπασι
2913 3649 3139 3712 τέλειος,
3161 3649 3261 3701 οὑκ
3287 3649 3400 3701 ἀπό
3433 3665 3574 3711 τινος
3601 3646 3711 3700 ἄνω-

2151 3738 2242 3793 θεν
2271 3739 2395 3810 ἔσχε
2425 3740 2524 3812 τὴν
2553 3740 2729 3813 ἀρχήν
2753 3759 2766 3772 ο
2799 3739 2923 3793 οὐτε
2947 3740 3055 3812 γὰρ
3082 3739 3284 3812 ἤρξατο
3311 3739 3407 3792 τοῦ
3444 3735 3600 3792 εἶναι.
3626 3733 3710 3788 Ἦν

2150 3830 2260 3904 γάρ
2310 3831 2417 3896 ἀεὶ,
2474 3832 2568 3885 καὶ
2613 3832 2700 3884 ἀεὶ
2733 3831 2867 3898 ἐστι,
2900 3832 3000 3886 κάν
3041 3849 3098 3884 τε
3139 3833 3196 3885 ὲν
3234 3832 3531 3902 ταυτότητι
3565 3831 3708 3901 μένοι,

2149 3922 2241 3975 καὶ
2279 3920 2459 3992 ἑαυτῷ
2491 3921 2552 3976 τὸ
2591 3919 2732 3976 εἶναι
2763 3921 2838 3994 μὴ
2878 3922 3171 3993 παράσχοι,
3203 3923 3264 3975 οὐ
3293 3922 3403 3975 τῶν
3436 3921 3709 3992 ὁμωνύμων

2149 4012 2348 4078 λέξεων
2399 4013 2769 4085 ζητουμένων,
2827 4013 2966 4068 ἀλλὰ
2998 4013 3096 4084 τῆς
3138 4014 3282 4068 κατὰ
3327 4015 3391 4068 τὸ
3442 4010 3708 4086 ἀκραιφνὲς

2150 4105 2287 4177 πρὸς
2313 4105 2376 4158 τὸ
2404 4105 2625 4170 εὐσεϐὲς
2651 4105 2901 4179 θεωρίας.

465 4198 536 4253 ab
569 4198 880 4268 aequalitate
926 4197 1103 4253 Patris
1141 4195 1493 4262 abhorrebit,
1526 4198 1607 4253 uti
1651 4213 1754 4254 nec
1812 4215 1842 4254 a
1897 4199 2279 4256 similitudine.
2349 4200 2484 4255 Nam
2540 4202 2676 4256 nihil
2715 4218 2906 4258 eorum
2964 4219 3085 4274 quae
3126 4201 3270 4258 facta
3320 4210 3481 4268 sunt,
3529 4200 3626 4257 sibi
3663 4205 3708 4252 ut

457 4298 610 4345 esset
630 4287 900 4353 contulit;
928 4284 1390 4355 quemadmodum
1417 4287 1907 4356 praestantissimus
1930 4288 2040 4353 ille,
2082 4296 2246 4360 atque
2279 4292 2427 4346 omni
2453 4307 2518 4346 ex
2542 4301 2696 4363 parte
2724 4293 2999 4364 perfectus
3026 4295 3097 4349 ab
3138 4294 3290 4349 nullo
3337 4295 3556 4350 initium
3603 4293 3707 4346 olim

444 4381 682 4464 .habuit,
727 4396 793 4435 eo
826 4380 974 4450 quod
1031 4395 1312 4450 nunquam
1348 4395 1473 4435 esse
1523 4381 1773 4452 coeperit.
1825 4382 2054 4453 Semper
2088 4386 2234 4439 enim
2295 4386 2506 4441 exstitit
2547 4387 2874 4458 cxsistitque
2928 4403 3162 4458 semper,
3221 4388 3449 4444 tametsi
3498 4389 3552 4442 in
3584 4385 3709 4439 iden-

460 4472 618 4526 titate
647 4478 890 4534 maneat,
923 4485 1100 4540 neque
1127 4471 1234 4527 sibi
1265 4478 1324 4525 ut
1351 4479 1500 4526 esset
1532 4473 1810 4527 tribuerit.
1848 4473 1906 4527 In
1955 4490 2065 4544 quo
2119 4491 2228 4532 non
2297 4477 2568 4547 ambigua:
2608 4493 2772 4534 voces
2811 4479 3119 4550 quaerendae
3160 4487 3290 4535 sunt
3317 4519 3332 4544 ,
3375 4480 3477 4535 sed
3525 4480 3707 4535 sincera

461 4577 525 4615 ac
549 4561 740 4631 pietati
772 4571 1141 4616 consentanea
1176 4561 1485 4617 adhibenda
1511 4561 1905 4620 consideratio.

534 4653 596 4706 ll.
649 4651 942 4718 Praeterea,
993 4668 1118 4708 eum
1179 4653 1261 4708 sic
1313 4654 1429 4723 ipse
1478 4653 1725 4725 disputes
1770 4673 1784 4710 :
1836 4656 1905 4724 Qt

2222 4663 2296 4716 B'.
2340 4663 2448 4718 Καὶ
2504 4664 2710 4732 ἄλλως,
2743 4666 2866 4719 ἐπεὶ
2928 4665 3097 4736 ἔφης·
3150 4667 3214 4720 Εἰ
3247 4665 3303 4720 δὲ
3345 4667 3515 4731 αὐτὸς
3561 4662 3709 4732 ἐαυτῷ

461 4744 582 4814 ipse
621 4744 726 4799 sibi
770 4751 830 4797 ut
878 4753 1024 4800 esset
1063 4743 1289 4800 minime
1321 4745 1599 4811 tribuerit,
1654 4760 1767 4802 non
1824 4765 1905 4819 prr

2150 4755 2206 4808 τὸ
2240 4751 2379 4810 εἶναι
2417 4755 2491 4828 μὴ
2527 4757 2820 4828 παρέσχεν,
2859 4758 2919 4810 οὐ
2967 4757 3055 4811 διὰ
3105 4757 3165 4811 τὸ
3206 4758 3439 4822 ἀσθενὲς
3494 4759 3586 4829 τῆς
3627 4755 3707 4824 φύ-

460 4840 627 4894 ullam
674 4846 885 4892 naturae
933 4837 1385 4901 imbecillitatem,
1441 4836 1537 4892 sed
1585 4840 1732 4909 quod
1773 4841 1846 4897 sit
1895 4859 1905 4894 ι

2150 4865 2310 4913 σεως,
2365 4848 2502 4903 ἀλλὰ
2551 4849 2639 4902 διὰ
2692 4849 2752 4902 τὸ
2800 4849 3236 4921 ὑπερϐεϐηκέναι
3282 4852 3468 4904 πᾶσαν
3525 4849 3704 4903 αἰτία-δ’

457 4947 624 4988 causa
672 4929 960 5001 superior;
994 4928 1156 4984 velim
1188 4936 1242 4983 et
1271 4926 1388 4998 ipse
1420 4926 1552 4984 illud
1584 4929 1894 5003 intelligas:
1933 4948 2041 4987 non

456 5025 527 5080 ad
555 5024 984 5080 imbecillitatem
1012 5021 1178 5076 ullam
1219 5019 1342 5076 Filii
1384 5037 1583 5078 nomen
1616 5023 1910 5093 pertinere,
1942 5025 2040 5080 sed

455 5132 522 5174 eo
567 5117 770 5187 potius,
801 5115 946 5186 quod
995 5129 1122 5170 cum
1170 5115 1418 5186 genitore
1453 5115 1656 5186 pariter
1697 5117 2037 5173 conveniens

455 5210 560 5267 sibi
589 5207 1080 5266 consubstantialis
1104 5207 1275 5265 decus
1301 5207 1567 5265 obtineat.
1593 5207 1864 5276 Quoniam
1895 5210 2040 5265 sicut

457 5303 672 5357 Patrem
704 5302 759 5357 in
795 5301 989 5372 primis
1014 5301 1172 5357 decet
1201 5315 1428 5356 causam
1472 5316 1690 5356 onmem
1727 5301 2034 5357 excellere:

457 5397 528 5448 ita
561 5393 724 5447 unico
755 5391 845 5446 Dei
870 5391 1030 5456 Filio,
1068 5401 1122 5448 et
1155 5393 1222 5446 ab
1251 5407 1359 5446 uno
1401 5390 1565 5447 Patre
1599 5408 1724 5446 cum
1758 5407 1868 5448 uno
1910 5391 2038 5463 Spi-

458 5483 564 5539 ritu
589 5491 780 5537 sancto
806 5481 1125 5552 procedenti
1153 5497 1260 5536 una
1286 5480 1586 5554 eademque
1611 5481 1870 5539 divinitas
1901 5499 2037 5540 con-

548 5642 567 5676 I
598 5639 662 5699 p.
693 5639 916 5712 ἐξελεῖν.
991 5641 1010 5674 ³
1039 5637 1099 5695 F.
1131 5639 1336 5702 ἀνοίας.
1413 5639 1432 5670 ³
1469 5637 1594 5710 Leg.
1629 5638 1691 5692 τὸ
1723 5635 1883 5700 εἶναι.

2148 4938 2287 5009 μάθε
2338 4939 2428 4992 καὶ
2479 4940 2661 5004 αὐτὸς,
2709 4942 2791 4994 ὅτι
2830 4943 2889 4994 οὐ
2940 4941 3029 4995 διὰ
3069 4940 3129 4994 τὸ
3178 4940 3407 5005 ἀσθενὲς
3456 4941 3549 4994 τοῦ
3599 4936 3705 4992 Υἱοῦ

2145 5027 2296 5082 ἔσται
2327 5028 2388 5080 τὸ
2433 5027 2624 5100 ὄνομα,
2660 5029 2796 5083 ἀλλὰ
2828 5030 2918 5085 διὰ
2962 5031 3022 5084 τὸ
3057 5031 3381 5102 συμπρέπον
3415 5033 3494 5102 τῷ
3543 5047 3705 5098 γεγεν-

2143 5120 2330 5188 νηκότι
2359 5120 2471 5191 ἔχει
2501 5122 2599 5192 τῆς
2625 5123 3039 5196 ὁμοουσιὸτητος
3068 5123 3129 5177 τὸ
3158 5123 3456 5194 ἐξαίρετον.
3519 5121 3705 5188 Ἐπειδὴ

2138 5214 2268 5286 γὰρ,
2303 5215 2379 5280 ὡς
2416 5215 2494 5288 τῷ
2529 5217 2706 5291 Πατρὶ
2736 5218 2796 5272 τὸ
2843 5219 3284 5291 ὑπερϐεϐηκέναι
3332 5222 3513 5273 πᾶσαν
3556 5217 3706 5270 αἰτίαν

2139 5304 2590 5375 πρεπωδέστατὸν
2623 5308 2790 5371 ἐστιν,
2838 5309 2979 5362 οὑτω
3030 5307 3124 5362 καὶ
3156 5309 3235 5380 τῷ
3283 5309 3429 5380 μόνῳ
3468 5311 3529 5361 ὲκ
3568 5307 3703 5376 μόνω

2138 5395 2352 5466 Πατρὸς
2405 5398 2503 5452 σὺν
2532 5399 2609 5470 τῷ
2641 5401 2787 5471 μόνῳ
2818 5399 3096 5472 Πνεῦματι
3143 5403 3176 5472 ὴ
3226 5402 3364 5472 αὑτὴ
3399 5403 3499 5473 μία
3541 5400 3702 5467 θεότης

2141 5489 2476 5562 συμπρέπει,
2533 5491 2667 5564 μηδὲ
2701 5492 2872 5547 αἴτιον
2925 5493 3280 5565 ὑποδέχεσθαι
3327 5493 3615 5565 δυναμένην
3652 5488 3699 5540 αὖ
