3798 6212
87 301 170 355 557
716 280 1084 340 ADVERSUS
1122 278 1471 338 IIEBESES
1509 277 1638 335 LIB.
1680 277 1767 334 ΙΙΙ.
1810 277 1978 336 TOM.
2020 278 2063 336 Ι.
2105 307 2172 318 --
2199 277 2468 336 llrERES.
2503 279 2732 338 LXXV].
3191 283 3295 341 558

80 405 245 470 suam
283 404 518 468 ἀσθενὲς,
553 401 688 456 ἀλλά
734 401 822 454 διὰ
854 400 915 453 τὸ
952 397 1391 471 ὑπερϐεϐηκέναι
1442 397 1616 451 πάντα

1738 396 1885 462 ιεηῑι,
1921 412 2042 469 quae
2099 397 2303 452 nullam
2353 397 2438 453 sui
2489 411 2713 452 causam
2767 395 3036 462 admittat,
3073 413 3182 454 non
3224 399 3296 455 ob

83 501 280 577 ἀριθμὸν
309 498 397 552 τδν
434 495 492 562 ἐξ
539 495 638 548 οὐκ
671 493 840 546 ὄντων
866 508 882 524 ο
917 492 1046 562 μιᾶς
1094 489 1260 560 οὗσης
1290 489 1392 559 τῆς
1433 488 1620 558 θεότη-

1738 487 1888 541 illam
1917 487 2368 553 imbecillitatem,
2393 486 2488 543 sed
2517 486 2662 558 quod
2693 487 2759 542 iis
2788 488 3066 554 omnibus,
3084 505 3204 560 quae
3227 505 3293 546 ex

81 614 154 660 τος
194 597 244 647 ὲν
290 591 365 644 ἐνὶ
407 590 630 659 ὀνόματι
680 585 908 657 Τριάδος
948 582 1377 655 ἀριθμουμένης,
1432 580 1525 634 καὶ
1561 581 1618 634 ὲν

1738 579 1892 633 iihilo
1924 580 2066 635 facta
2092 590 2241 647 sunt,
2265 581 2574 636 antecellat.
2604 579 2870 635 Nimirum
2900 596 3009 636 una
3036 583 3296 642 divinitas

85 689 164 759 μιᾷ
189 681 429 755 σφραγῖδι
460 679 737 750 ὀνομάτων
765 676 977 746 Πατρὸς
1040 675 1134 727 καὶ
1179 672 1309 728 Υίοῦ
1340 672 1434 727 καὶ
1463 673 1618 741 ἁγίου

1738 683 1826 737 :st,
1870 688 1993 744 quae
2035 673 2144 729 sub
2193 687 2304 727 una
2335 673 2622 728 Trinitatis
2677 673 3042 745 appellatione
3103 691 3295 731 nume-

80 776 360 846 Πνεύματος
419 775 531 836 τοῖς
583 768 968 840 φωτιζομένοις
1023 765 1466 838 κηρυττομένης,
1525 765 1622 818 καὶ

1738 771 1899 829 δοίην,
1923 772 1978 820 et
2029 765 2086 820 in
2119 764 2321 832 Patris,
2349 764 2471 820 Filii
2523 781 2586 820 ac
2619 764 2856 836 Spiritus
2897 767 3073 820 sancti
3118 768 3290 822 nomi-

83 868 221 941 μηδὲν
267 863 712 935 παρηλλαγμένον
760 860 961 931 ἑαυτῆς
1004 859 1255 930 ἐχούσης,
1288 857 1377 911 διά
1418 857 1526 911 τῶν
1561 858 1618 909 ὲν

1738 855 1902 924 iibus,
1937 856 2137 927 quibus
2170 858 2320 913 velut
2367 859 2629 929 singulari
2676 858 2860 929 aliquo
2890 859 3070 930 sigillo
3113 860 3293 914 firma--

78 959 276 1031 ἀληθεία
332 957 504 1026 λόγων
571 955 794 1024 ἰσότητα
871 952 1164 1024 ὀνομασίας
1231 949 1616 1022 πληρούντων,

1738 963 1867 1014 nur,
1914 949 1982 1004 iis
2011 949 2103 1019 qui
2151 949 2429 1020 baptismo
2479 951 2766 1006 initiantur
2799 951 3082 1022 praedicari
3118 953 3258 1008 solet
3285 970 3298 1009 .-

81 1052 263 1124 ῐῐατρδς
309 1052 402 1106 καὶ
442 1047 574 1104 Υίοῦ
624 1049 714 1102 καὶ
747 1047 901 1117 ἁγίου
942 1045 1276 1116 Πνεύματος.
1336 1045 1513 1115 Ἔφης
1560 1041 1619 1094 δὲ

1738 1054 1786 1094 tc
1821 1040 2060 1110 denique
2103 1041 2242 1096 nihil
2287 1059 2316 1096 a
2355 1045 2538 1114 seipsa
2573 1044 2849 1098 diversum
2880 1045 3144 1110 continet,
3174 1060 3297 1099 cum

78 1143 235 1205 πάλιν,
266 1142 344 1194 ὅτι
374 1138 544 1192 Πόθεν
593 1138 661 1192 ἀν
711 1153 794 1200 τις
827 1135 926 1207 τὴν
973 1135 1285 1187 ύποστᾶσαν
1335 1130 1472 1203 πρὸς
1522 1127 1620 1199 τὴν

1738 1147 1751 1186 ι
1785 1133 2016 1189 veritate
2044 1134 2303 1204 profectae
2331 1136 2435 1191 illa:
2470 1152 2633 1192 voces
2677 1136 2879 1204 Patris,
2917 1136 3043 1191 Filii
3081 1146 3134 1192 et
3176 1136 3300 1207 Spi-

1720 1223 1862 1280 ritus
1914 1227 2118 1292 sancti,
2159 1227 2302 1297 ejus,
2348 1229 2492 1300 quod
2542 1229 2889 1300 signiﬁcant,
2936 1232 3301 1300 aequalitatem

1725 1317 2005 1387 impleant.
2036 1319 2192 1386 Quod
2221 1336 2352 1376 vero
2385 1321 2651 1392 subjicis:
2683 1321 2819 1388 Quis
2847 1324 3170 1391 productam
3203 1339 3302 1378 na-

1724 1414 1902 1462 turam
1937 1410 2005 1465 ab
2027 1425 2090 1466 ea
2115 1426 2240 1482 quae
2271 1413 2592 1484 produxerit
2618 1413 2784 1486 939
2811 1414 2945 1468 nihil
2977 1416 3030 1469 in
3057 1416 3295 1471 essentia

1722 1499 2064 1560 discriminis
2100 1504 2301 1561 habere
2349 1505 2630 1571 fatebitur,
2691 1522 2812 1560 cum
2858 1508 3124 1575 ejusmodi
3161 1509 3294 1563 sub-

78 1598 322 1668 Πνεύματι
353 1596 492 1665 ἁγίῳ
519 1596 587 1647 τά
627 1593 726 1663 τῆς
763 1589 1017 1662 ἀληθείας
1043 1588 1446 1658 διδασκόμενος,
1483 1584 1621 1638 άλλά

1738 1595 1926 1648 :tantia
1980 1597 2386 1668 generationem
2431 1613 2647 1654 omnem
2685 1601 2978 1654 excludat?
3016 1599 3135 1656 Non
3167 1601 3298 1656 illud

79 1689 215 1760 σοφίᾳ
251 1688 484 1758 κοσμικῇ
526 1687 591 1756 τῇ
641 1681 988 1755 μωρανθείσῃ
1030 1679 1096 1733 τά
1141 1679 1254 1733 ἀνω
1297 1675 1620 1748 ἐμϐατεύειν

1738 1686 2141 1754 animadvertis,
2182 1702 2211 1742 a
2241 1689 2442 1744 divinae
2477 1690 2724 1746 veritatis
2770 1691 3078 1761 cognitione
3123 1699 3217 1746 tua
3252 1703 3304 1746 te

78 1779 406 1852 πειρώμενος.
464 1777 794 1840 Ἀκολούθως
831 1775 939 1848 γάρ
996 1773 1087 1828 καὶ
1135 1771 1299 1835 αὐτὸς
1345 1769 1618 1833 ἀκούσεις,

1738 1778 1886 1849 :ulpa
1915 1779 2234 1846 abalienari,
2277 1787 2338 1834 ut
2367 1781 2460 1852 qui
2484 1797 2592 1836 non
2615 1797 2646 1836 a
2687 1781 2896 1853 Spiritu
2930 1795 3120 1840 sancto
3153 1787 3302 1840 veri-

81 1876 148 1928 ὅτι
192 1869 562 1945 μεματαίωταί
591 1887 698 1924 σοι·
738 1866 870 1924 Οἵδε
895 1870 1006 1938 τὰρ
1049 1869 1082 1921 d
1129 1866 1275 1931 Θεὸς
1323 1862 1468 1929 τοὺς
1516 1865 1621 1915 λο-

1738 1878 1892 1926 tatem
1924 1871 2003 1926 sis
2023 1871 2271 1936 edoctus,
2300 1871 2393 1927 sed
2429 1871 2621 1926 mundi
2651 1872 2817 1943 hujus
2846 1874 3110 1947 sapientia
3131 1915 3146 1941 ,
3181 1892 3303 1946 qua:

81 1963 304 2035 γισμοὺς
351 1961 474 2014 τῶν
517 1959 744 2029 σοφῶν,
802 1958 892 2012 ὅτι
938 1956 1056 2013 εἰσὶ
1104 1955 1364 2026 μάταιοι.
1411 1953 1470 2005 '0
1513 1951 1622 2022 γὰρ

1738 1961 1874 2016 fatua
1901 1963 2210 2033 stolidaque
2267 1963 2479 2019 reddita
2514 1971 2598 2020 est
2621 1966 2665 2030 ³,
2698 1965 2988 2030 subnixus,
3023 1967 3090 2022 ad
3130 1969 3298 2023 cocle-

78 2055 252 2125 γεννῶν
278 2053 369 2107 τὸν
391 2053 748 2107 ὲνυπόστατον
769 2051 962 2118 Λόγον,
992 2049 1106 2102 ἴσον
1131 2045 1309 2116 ἑαυτῷ
1339 2043 1620 2114 ἐγέννησε,

1738 2053 1834 2108 stis
1883 2061 1934 2108 te
1983 2053 2284 2123 provehere
2326 2055 2568 2110 conaris.
2610 2053 2792 2122 Quare
2817 2071 3165 2130 consequens
3195 2070 3299 2120 est,

77 2149 154 2202 καὶ
169 2149 223 2201 οὐ
243 2145 692 2218 παρηλλαγμένον
718 2145 818 2215 τῆς
844 2140 1038 2196 ἑαυτοῦ
1060 2140 1327 2211 θεότητος,
1346 2138 1406 2190 ού
1424 2136 1511 2190 διὰ
1528 2135 1625 2206 τὴν

1738 2150 1790 2196 ut
1819 2149 1872 2197 et
1898 2141 2032 2197 illud
2058 2142 2273 2209 audias,
2307 2143 2512 2200 frustra
2545 2153 2597 2201 te
2623 2160 2779 2201 esse:
2814 2145 2976 2201 Novit
2995 2149 3136 2202 enim
3162 2148 3304 2204 Deus

77 2238 153 2291 τοῦ
178 2239 507 2308 γεννήματος
539 2233 912 2307 παραλλαγὴν,
940 2231 1053 2286 ἀλλ’
1081 2231 1163 2285 ὅτι
1206 2228 1455 2302 ἀπρεπὲς
1485 2227 1622 2292 ὅλως

1738 2239 2022 2303 sapientum
2055 2237 2430 2305 cogitationes,
2461 2238 2709 2309 quoniam
2748 2255 2895 2294 vana:
2935 2251 3056 2295 sunt
3079 2241 3119 2294 ⁸.
3154 2241 3306 2308 Quo-

75 2331 130 2404 ήν
141 2335 194 2387 τὸ
207 2331 546 2404 διανοηθῆναι
567 2331 714 2403 ἡμᾶς
741 2329 958 2394 ἀνάξιον
982 2326 1193 2381 έαυτδν¹
1217 2326 1312 2379 καὶ
1329 2325 1512 2380 ἄνισον
1526 2322 1626 2378 καὶ

1738 2327 1873 2382 circa
1906 2327 2002 2399 qui
2045 2327 2357 2386 subsistens
2391 2328 2631 2384 Verbum
2675 2333 2883 2402 genuit,
2917 2332 3059 2389 idem
3097 2336 3307 2406 aequale

78 1236 424 1305 ὑποστήσασαν
481 1231 676 1301 φύσιν,
717 1228 778 1281 τὸ
829 1225 1244 1297 ἀπαράλλακτον
1292 1225 1372 1286 εἰς
1429 1219 1618 1274 οὐσίαν

77 1329 200 1397 ἔχειν
235 1323 631 1394 συγχωρήσειεν
653 1360 668 1384 ,
697 1319 758 1371 οὐ
803 1317 1170 1389 προσιεμένης
1211 1315 1310 1385 τῆς
1364 1310 1620 1381 τοιαύτης

78 1414 397 1474 ὑποστάσεως
421 1411 666 1480 γένεσιν;
701 1409 810 1462 Καὶ
852 1406 976 1460 οὕτε
1019 1406 1301 1474 νενόηκας,
1330 1405 1405 1466 ὡς
1429 1402 1620 1456 ἑαυτὸν

78 1505 414 1578 ἡλλοτρίωσας
472 1500 834 1570 ἀπογνώσεως
883 1497 1018 1552 Θεοῦ
1071 1497 1172 1566 τῆς
1227 1494 1502 1566 ἀληθείας,
1557 1492 1619 1544 ού

80 2424 427 2493 ὑποϐεϐηκότα
441 2422 534 2477 τοῦ
563 2423 884 2494 γεννήτορος
907 2418 1293 2490 γεγεννηκέναι
1304 2417 1366 2470 τὸ
1383 2417 1627 2488 γέννημα

78 2513 214 2566 αὑτὸν
257 2513 345 2566 τὸν
385 2511 766 2583 γεγεννηκότα.
827 2510 917 2563 Διὸ
946 2509 1034 2564 διά
1088 2507 1180 2561 τοῦ
1215 2505 1347 2560 Υίοῦ
1397 2505 1493 2560 καλ⁹
1539 2507 1625 2557 ὲν-

81 2607 348 2658 υποστάτου
367 2605 541 2673 Λόγου
567 2602 637 2656 τὰ
664 2603 840 2657 πάντα
870 2601 1148 2670 γεγονέναι
1173 2598 1278 2669 ἔφη
1301 2615 1313 2627 ·
1351 2597 1437 2650 ἵνα
1465 2596 1627 2650 αὑτὸν

79 2699 161 2752 οὐκ
201 2699 302 2752 ἀπὸ
336 2698 450 2752 τῶν
501 2696 799 2766 γεγονότων
831 2693 1131 2765 ἀριθμήσῃ,
1177 2690 1290 2744 ἀλλ’
1338 2691 1394 2742 ὲν
1447 2687 1624 2760 Πατρὶ

79 2794 235 2862 ὅμοιον
263 2793 354 2846 καὶ
381 2792 498 2846 ἴσον
540 2791 689 2856 ὄντα,
727 2790 815 2844 διὰ
843 2789 903 2841 τὸ
937 2787 1258 2859 συμπρέπον
1291 2786 1357 2855 τῇ
1387 2781 1480 2836 τοῦ
1517 2783 1630 2837 [Ict-

81 2884 186 2954 τρὸς
207 2884 470 2956 ὀνομασίᾳ
507 2879 666 2948 εἶναι,
717 2882 804 2936 ἀεὶ
832 2881 960 2934 ὅντα
993 2879 1091 2950 τὴν
1126 2878 1315 2932 οὐσίαν
1365 2875 1444 2947 τῷ
1491 2876 1627 2939 om,

82 2977 132 3028 οὐ
158 2975 294 3039 ξένον
320 2976 472 3041 ὄντα,
507 2973 642 3028 ἀλλά
669 2975 922 3046 γνήσιον,
972 2971 1048 3036 ὡς
1078 2970 1208 3024 Υίδν
1253 2968 1539 3038 ὁμοούσιον
1572 2966 1632 3032 ἐξ

83 3069 220 3123 αὐτοῦ
255 3067 672 3139 γεγεννημένον.

1729 2421 1834 2478 sibi
1883 2420 2092 2492 genuit,
2141 2435 2244 2478 nec
2289 2436 2323 2476 a
2368 2436 2469 2478 sua
2505 2421 2790 2480 divinitate
2841 2425 3158 2496 diversum;
3203 2445 3306 2484 nec

1730 2514 1840 2568 ulla
1863 2522 1946 2568 est
1972 2516 2027 2568 in
2055 2513 2238 2584 genita
2269 2512 2459 2571 sobole
2481 2514 2743 2583 varietas,
2766 2530 2891 2571 eum
2921 2517 3146 2574 minime
3174 2536 3307 2576 sane

1729 2603 1948 2668 deceat,
1991 2612 2051 2660 ut
2089 2605 2242 2660 illum
2279 2615 2555 2676 putemus,
2593 2605 2876 2678 indignum
2921 2610 3104 2681 seipso
3133 2619 3188 2666 et
3222 2613 3307 2666 in-

1728 2695 1992 2767 azqualem
2043 2705 2104 2752 et
2140 2696 2282 2752 infra
2324 2696 2696 2752 conditionem
2734 2699 3002 2768 genitoris
3043 2703 3307 2758 amanda«

1731 2795 1846 2842 tum
1896 2803 2054 2844 suum
2101 2789 2256 2842 illum
2325 2789 2581 2858 genuisse
2631 2787 2850 2846 Filium.
2906 2791 3080 2859 Quam
3137 2796 3302 2850 etiam

1732 2877 1802 2932 ob
1851 2891 2077 2931 causam
2130 2891 2226 2947 per
2310 2875 2508 2932 Filium
2575 2893 2640 2934 ac
2698 2880 3010 2938 subsistens
3067 2882 3305 2940 Verbum

1733 2968 1916 3023 omnia
1949 2984 2078 3026 esse
2113 2969 2257 3024 facta
2294 2977 2527 3028 testatus
2556 2979 2663 3037 est,
2703 2983 2764 3028 ut
2797 2974 3092 3044 ipsummet
3125 2977 3193 3031 ab
3220 2979 3306 3030 fa-

1732 3067 1948 3115 clarum
2010 3075 2192 3117 rerum
2236 3076 2469 3117 numero
2527 3075 2840 3122 secerneret
2870 3065 3218 3138 ᾶοοοτοισυο,
3247 3083 3309 3124 se.

83 3161 127 3214 in
159 3161 306 3218 Patre
337 3161 573 3216 similem
613 3166 775 3228 atque
806 3155 1068 3228 aequalem
1107 3169 1266 3210 esse:
1302 3151 1445 3224 quod
1484 3151 1664 3222 ipsum
1697 3149 1877 3210 Patris
1906 3153 2255 3225 appellationi
2289 3163 2722 3212 consentaneum
2761 3166 2874 3224 est;
2932 3173 3166 3230 semper,
3221 3159 3308 3214 in-

83 3271 254 3328 quam,
308 3255 665 3312 exsistentem
733 3251 788 3306 in
835 3249 1143 3308 substantia
1191 3262 1326 3312 sua,
1371 3261 1480 3301 non
1542 3246 1910 3317 peregrinum,
1953 3247 2050 3304 sed
2117 3262 2470 3319 germanum,
2543 3257 2734 3320 utpote
2776 3252 3307 3311 consubstantialem

83 3347 271 3413 Filium,
304 3357 361 3406 et
389 3364 424 3403 a
460 3348 621 3402 Patre
650 3346 916 3417 genitum.

443 3463 838 3518 ΚΕΦΑΛΑΙΟΝ
874 3458 1130 3515 ΑΕΤῘΟΥ
1167 3464 1240 3517 Δ’.

137 3559 194 3610 Εἰ
220 3542 586 3628 ἀτελευτήτως
613 3557 641 3609 ὁ
679 3553 811 3618 Θεὸς
842 3553 1084 3624 διαμένει
1116 3555 1174 3606 ὲν
1217 3553 1496 3625 ἀγεννήτῳ
1527 3551 1630 3621 φύ-

83 3665 165 3709 σει,
194 3650 281 3702 καὶ
317 3647 693 3718 ἀτελευτήτως
718 3645 780 3698 τὸ
810 3644 1058 3716 γέννημα
1084 3643 1331 3714 γέννημα
1356 3645 1503 3697 ἐστιν
1526 3660 1539 3673 ·
1581 3632 1630 3714 ’ἡ

81 3739 158 3792 τοῦ
178 3739 461 3809 ὁμοουσίου
495 3737 590 3792 καὶ
621 3735 996 3808 ἀνομοιουσίου
1057 3733 1346 3800 κακοδοξία
1375 3749 1632 3805 παραιρα⁹

83 3831 381 3903 νισθήσεται.
423 3833 668 3884 ’Ἱσταται
697 3829 753 3882 δὲ
773 3828 832 3882 τὺ
856 3829 914 3882 ὲν
942 3827 1100 3899 οὐσίᾳ
1133 3826 1467 3896 ἀσυγκρίτῳ,
1499 3827 1630 3878 ἑκα-

81 3923 223 3993 τέρας
272 3923 488 3994 φύσεως
536 3920 832 3986 ἀπαύστως
882 3918 1243 3992 διαμενούσης
1291 3918 1350 3972 ὲν
1388 3917 1466 3989 τῷ
1519 3917 1633 3990 ίδίῳ

83 4016 162 4088 τῆς
187 4016 251 4087 eti
260 4035 395 4081 σεως
435 4015 726 4087 ἀξιώματι.

616 4130 672 4181 Ἀ
682 4126 948 4196 νατροπὴ
995 4125 1068 4180 Δ’.

139 4223 193 4277 Ei
239 4223 612 4293 ἀτελευτήτως
658 4220 754 4274 καὶ
786 4218 1080 4280 ἀπαύστως
1131 4217 1160 4269 ὁ
1203 4215 1334 4279 Θεὸς
1366 4215 1630 4286 διαμένει,

83 4313 145 4376 ὡς
169 4314 316 4386 ἔφης,
357 4318 416 4369 ὲν
447 4314 728 4383 ἀγεννήτῳ
759 4310 937 4380 φύσει,
975 4309 1136 4379 φύσις
1192 4306 1250 4360 δὲ
1291 4305 1428 4359 θεοῦ
1463 4307 1632 4370 ἀΐδιος

84 4405 421 4480 ἀτελευτήτως
455 4407 656 4478 ἔχουσα
705 4405 766 4459 τὸ
812 4404 1050 4474 ἀξίωμα,
1087 4402 1150 4456 οὑ
1201 4400 1290 4455 διά
1329 4419 1385 4455 τι
1421 4401 1629 4474 ἕτερον,

84 4499 195 4553 ἀλλά
216 4501 298 4555 διὰ
321 4501 384 4554 τὸ
420 4499 678 4553 αύτόθεον
705 4498 799 4552 καὶ
828 4496 1127 4550 αύτοαῒδιον
1148 4510 1162 4525 ⁸
1195 4495 1302 4565 ἄρα
1330 4511 1394 4564 γε
1429 4495 1524 4548 καὶ
1571 4494 1633 4547 τὸ

84 4591 296 4663 γέννημα
325 4591 612 4663 δμοούσιον
642 4589 818 4655 ἔσται,
870 4587 919 4639 εί
953 4584 1105 4658 παρά
1149 4585 1232 4639 σοὶ
1274 4585 1336 4639 τὸ
1384 4583 1480 4639 τοῦ
1505 4585 1633 4638 ἀτε-

83 4683 308 4758 λευτήτου
338 4687 564 4757 εἴληφεν
602 4686 796 4755 ὄνομα,
846 4683 943 4747 ὡς,
996 4679 1342 4752 παλιμϐόλως
1389 4677 1466 4751 τῷ
1516 4677 1632 4749 Υίῷ

86 4778 412 4849 χαρίσασθαι,
478 4777 722 4841 πιθανῶς
774 4773 1224 4846 ὲφυσιολόγησας.
1272 4771 1476 4834 Δώσεις
1522 4769 1632 4844 γὰρ

2224 3447 2410 3505 AETlI
2448 3448 2681 3506 CAPUT
2719 3450 2810 3506 IV.

1806 3541 1866 3598 Si
1898 3547 2162 3613 perpetuo
2216 3554 2281 3596 ac
2327 3541 2449 3596 sine
2481 3541 2590 3596 uilo
2640 3540 2746 3597 ﬁne
2788 3541 2931 3600 Deus
2972 3545 3026 3600 in
3059 3545 3302 3619 ingenita

1730 3641 1927 3690 natura
1965 3631 2234 3703 persistit,
2266 3647 2330 3687 ac
2360 3632 2406 3686 si
2431 3633 2615 3702 genita
2649 3633 2867 3691 soboles
2910 3635 3031 3693 sine
3066 3641 3177 3696 ullo
3202 3643 3308 3699 ﬁne

1731 3727 1913 3797 genita
1941 3732 2046 3790 est,
2074 3738 2242 3795 prava
2271 3706 2364 3778 ill'a
2393 3723 2461 3779 de
2488 3723 2814 3781 homoousio
2869 3735 2925 3783 et
2957 3728 3305 3789 hommousio

1732 3815 2006 3875 sententia
2026 3813 2429 3886 proﬁigabitur.
2463 3814 2602 3872 Cum
2629 3817 2760 3873 illud
2784 3819 3004 3876 interim
3025 3822 3077 3876 in
3103 3826 3311 3882 utrius-

1733 3930 1841 3988 que
1877 3921 2091 3970 natura:
2129 3914 2394 3985 dignitate
2432 3924 2738 3982 remaneat,
2769 3923 2848 3980 ut,
2886 3914 3031 3986 quod
3073 3917 3140 3972 ad
3174 3919 3306 3974 sub-

1734 4008 1993 4065 stantiam
2025 4007 2239 4072 attinet,
2275 4009 2582 4078 comparari
2614 4009 2756 4065 inter
2786 4023 2846 4064 se
2875 4015 3172 4080 nequeant.

2293 4121 2602 4190 Confutatio
2637 4120 2664 4175 Ι
2684 4121 2741 4176 ν.

1805 4214 1862 4270 Si
1897 4221 2162 4285 perpetuo
2196 4227 2259 4269 ac
2313 4215 2434 4269 sine
2477 4214 2588 4268 ullo
2635 4212 2741 4269 ﬁne
2774 4213 2936 4278 Deus,
2971 4224 3030 4270 ut
3078 4217 3306 4281 asseris.

1734 4303 1790 4359 in
1838 4305 2081 4375 ingenita
2127 4311 2326 4358 natura
2367 4310 2691 4373 permanet,
2733 4312 2928 4374 estque
2975 4309 3305 4377 sempiterna

1733 4397 1830 4453 Dei
1880 4404 2114 4460 natura,
2161 4412 2282 4468 qua:
2331 4397 2450 4452 sine
2497 4395 2610 4450 ullo
2643 4395 2749 4452 ﬁne
2786 4396 3108 4468 dignitatem
3151 4417 3305 4456 suam

1733 4489 1973 4556 obtinet;
2004 4489 2210 4543 nullam
2243 4489 2313 4543 ob
2354 4489 2515 4544 aliam
2554 4503 2802 4554 causam,
2836 4503 2999 4561 quam
3035 4491 3179 4562 quod
3213 4509 3309 4564 per

1733 4598 1856 4640 sese
1898 4581 2064 4647 Deus,
2097 4596 2160 4637 ac
2204 4595 2302 4652 per
2339 4595 2461 4636 sese
2505 4580 2874 4651 sempiternus
2904 4589 2989 4637 est
3020 4600 3032 4636 :
3059 4583 3225 4655 igitur
3253 4593 3309 4638 et

1733 4675 1916 4749 genita
1961 4674 2181 4731 soboles
2235 4671 2720 4728 consubstantialis
2760 4671 2884 4736 erit,
2932 4688 3060 4728 cum
3103 4674 3306 4729 indesi-

1733 4769 1915 4824 nentis
1949 4767 2049 4823 abs
2081 4773 2134 4823 te
2171 4780 2370 4820 nomen
2410 4765 2488 4820 illi
2524 4765 2818 4828 tribuatur,
2846 4764 3305 4836 quemadmodum

85 4869 160 4919 xui
182 4867 616 4939 ἀναγκαζόμενος
656 4863 990 4936 ὁμολογῆσαι
1031 4862 1092 4915 τὸ
1139 4859 1234 4914 τοῦ
1267 4858 1627 4930 ἀτελευτήτου

1738 4859 1929 4915 callide
1957 4873 2021 4914 ac
2073 4857 2408 4914 veteratorie
2436 4855 2578 4914 Filio
2608 4856 2926 4927 gratiﬁcans
2949 4856 3308 4926 probabiliter

85 4960 131 5010 tv
155 4960 342 5015 ἅπασιν
375 4961 609 5015 ἄπλετον
644 4957 739 5012 καὶ
789 4955 1072 5028 ἀχώρητον
1117 4953 1306 5022 όνομα.
1365 4951 1489 5015 Πῶς
1535 4946 1628 5006 οὖν

85 5053 162 5103 οὐκ
219 5053 363 5108 ἔσται
424 5051 747 5124 ὁμοούσιον;
819 5047 1039 5119 Ἐπειδὴ
1108 5043 1293 5109 ἔδοξας
1333 5038 1624 5110 σκώπτειν,

86 5143 153 5198 διά
189 5147 470 5214 κακοδόξου
541 5144 804 5215 ὀνόματος
869 5142 969 5215 τὴν
1035 5139 1288 5212 ἀλήθειαν
1348 5137 1626 5208 ἐξυϐρίσαι

85 5242 483 5311 πειρασάμενος,
552 5239 612 5305 ὲξ
663 5236 842 5292 αὐτῶν
905 5235 1290 5306 ἐλεγχόμενος,
1346 5228 1420 5286 ὧν
1470 5231 1626 5302 ἔφης,

87 5331 328 5400 ῥημάτων.
387 5332 462 5385 Ἦ
511 5331 622 5402 γὰρ
682 5329 871 5392 δώσεις
940 5327 1091 5392 τέλος
1129 5330 1151 5359 ³
1208 5325 1317 5380 τῶν
1371 5324 1477 5377 ὑπὸ
1536 5322 1628 5376 σοῦ

87 5423 520 5494 παρηλλαγμένων
571 5419 1075 5493 βλασφημουμένων
1148 5419 1248 5490 τὴν
1302 5416 1491 5470 ούσίαν
1513 5456 1527 5480 ,
1590 5414 1624 5486 ἢ

87 5513 397 5588 ἀτελεύτητον
453 5515 614 5572 αὐτὸν
657 5513 1013 5588 ὁρισάμενος,
1063 5511 1120 5564 ὲν
1167 5511 1368 5564 ἅπασιν
1419 5507 1630 5579 ἀμετά-

90 5620 245 5660 στατον
275 5610 367 5663 καὶ
400 5607 816 5682 ἀπαράλλακτον
842 5605 941 5677 τῆς
966 5601 1060 5658 τοῦ
1085 5602 1442 5674 ἀτελευτήτου
1472 5600 1629 5665 ἀξίας

1734 4951 1802 5008 de
1839 4952 1959 5022 ejus
2006 4957 2201 5006 natura
2241 4949 2556 5019 disputasti.
2608 4947 2774 5004 Dabis
2826 4947 2934 5002 hoc
2982 4948 3177 5018 igitur,
3222 4948 3304 5000 vel

1734 5045 1976 5108 invitus,
2019 5051 2080 5096 ut
2132 5042 2407 5096 inﬁnitum
2473 5039 2609 5094 illud
2654 5050 2708 5095 et
2753 5036 3307 5107 incomprehensibile

1734 5151 1934 5192 nomen
1982 5133 2347 5190 indesinentis
2375 5133 2600 5185 omnino
2631 5130 2857 5186 fateare.
2886 5127 3084 5183 Annon
3141 5125 3308 5197 igitur

1734 5224 2222 5284 consubstantialis
2266 5223 2409 5280 erit?
2443 5221 2674 5288 Quando
2718 5222 2794 5275 ita
2823 5219 2999 5289 jocari
3039 5219 3191 5276 visus
3225 5236 3302 5282 es,

1734 5321 1862 5375 dum
1903 5317 2068 5390 940
2113 5317 2379 5387 sacrilega
2416 5312 2781 5385 appellatione
2819 5309 3036 5366 veritati
3076 5311 3306 5367 illudere

1733 5419 1964 5467 conatus
1986 5426 2068 5474 es,
2102 5409 2178 5464 ita
2209 5418 2392 5464 tamen
2434 5415 2497 5461 ut
2530 5405 2623 5460 illa
2661 5405 2800 5475 ipsa,
2827 5401 3030 5473 quibus
3051 5417 3184 5458 usus
3217 5419 3300 5464 es.

1733 5512 1786 5560 te
1815 5503 1980 5558 verba
2006 5501 2359 5572 redarguant.
2381 5497 2488 5553 Aut
2508 5496 2654 5553 enim
2684 5493 2845 5549 ﬁnem
2866 5491 3068 5550 habere
3089 5501 3304 5558 statues

1731 5597 1906 5664 illum,
1943 5609 2103 5666 quem
2137 5607 2233 5662 per
2260 5605 2531 5648 summam
2563 5584 2952 5643 contumeliam
2991 5583 3301 5644 substantia

143 5723 159 5756 ¹
187 5723 243 5780 F.
280 5726 496 5781 ἑαυτοῦ.
572 5728 594 5758 ²
628 5725 688 5781 F.
712 5725 878 5798 ἔχειν,
905 5723 1000 5782 sed
1028 5737 1096 5780 ne
1122 5723 1205 5779 sic
1236 5720 1456 5794 quidem
1487 5732 1622 5774 cons

1738 5716 1837 5773 sibi
1873 5713 2055 5770 lectio.
2137 5706 2532 5778 '1Cor.t,20.
2609 5701 2799 5763 δρυσὶ.
2831 5716 2989 5769 xcnt,
3019 5703 3109 5760 Η.
