3798 6212
452 260 555 317 559

1797 257 1855 314 S.
1899 255 2244 313 EPIPIIANII
3600 261 3679 322 550

450 384 768 449 discrepare
826 373 1086 441 voluisti;
1136 381 1269 437 aut,
1328 373 1373 428 si
1442 386 1723 443 nunquam
1790 372 2033 429 desinere

2147 374 2386 442 εἰσάγειν
2429 374 2854 445 ἀναγκασθήσῃ,
2889 373 2988 445 τῆς
3023 374 3278 447 ἀληθείας
3320 373 3393 444 μὴ
3423 375 3681 447 παραδεχο-

452 472 677 534 sentias,
731 467 981 523 eumdem
1033 467 1180 521 nulla
1240 482 1304 521 ex
1365 472 1517 537 parte
1578 473 1882 531 mutatum,
1936 474 2031 521 aut

450 568 731 620 diversum
786 564 854 617 ab
887 560 1256 617 indesinentis
1298 559 1445 615 illius
1482 558 1749 630 dignitate
1790 560 2030 629 protiteri

448 659 682 730 rogeris.
731 654 919 727 Neque
970 654 1118 711 enim
1170 653 1376 709 veritas
1430 652 1669 722 patitur,
1714 654 1792 707 uti
1858 651 2033 709 Filius

451 750 611 806 tinem
635 765 873 820 unquam
898 748 1186 803 habiturus
1213 746 1578 812 existimetur,
1598 747 1856 818 quoniam
1887 748 2035 819 regni

449 840 638 908 ipsius,
670 840 743 894 ait
786 837 1133 909 Scriptura‘,
1176 852 1279 890 non
1306 837 1405 889 erit
1437 836 1584 906 linis,
1617 852 1683 891 eo
1727 838 1874 908 quod
1906 853 2033 893 cum

452 932 612 988 Patre
668 947 732 987 ac
782 930 990 1002 Spiritu
1039 938 1232 986 sancto
1262 936 1527 1000 perpetuo
1562 938 1776 1000 regnat.
1818 930 2034 986 Etenim

449 1025 714 1095 quidquid
748 1024 964 1079 initium
1000 1024 1183 1085 habet,
1225 1025 1386 1077 linem
1424 1024 1586 1077 etiam
1618 1022 1875 1089 habebit,
1911 1024 2033 1079 sici

452 1116 691 1182 libuerit,
726 1117 817 1187 qui
862 1116 961 1181 illi,
1003 1115 1150 1186 quod
1190 1115 1408 1170 initium
1451 1114 1656 1170 habere
1694 1114 1919 1179 dicitur,
1977 1124 2037 1170 ut

449 1212 617 1269 esset,
652 1205 863 1261 tribuit.
904 1203 1059 1271 Quod
1108 1203 1327 1274 quidem
1366 1220 1489 1259 cum
1532 1205 1747 1262 ueteris
1792 1206 1847 1260 in
1870 1207 2037 1263 rebus

449 1312 639 1353 verum
677 1298 766 1360 sit,
803 1298 911 1351 dici
945 1299 1009 1353 de
1043 1296 1185 1353 Filio
1224 1312 1332 1352 non
1379 1306 1580 1369 potest.
1630 1297 1729 1355 Est
1778 1300 1924 1355 enim
1967 1300 2035 1355 ab

451 1403 517 1444 eo
551 1404 789 1461 semper,
827 1389 921 1461 qui
960 1398 1064 1457 est,
1097 1399 1148 1445 et
1184 1389 1327 1460 apud
1355 1390 1630 1457 eumdem,
1658 1407 1760 1447 nec
1792 1408 2033 1464 unquam

452 1497 573 1537 esse
600 1482 821 1537 desinit.
858 1480 1038 1547 Quare
1068 1487 1121 1536 et
1152 1480 1645 1539 consubstantialis
1684 1492 1824 1550 erat,
1849 1498 1901 1540 et
1928 1493 2032 1550 est,

451 1574 669 1645 eritque
708 1582 995 1643 perpetuo,
1033 1575 1185 1630 solus
1226 1590 1257 1630 e
1309 1575 1447 1641 solo,
1484 1591 1583 1631 nec
1623 1576 1730 1630 ulla
1773 1576 1827 1631 in
1861 1593 1921 1633 re
1968 1578 2036 1633 ab

454 1666 602 1722 ilius
633 1664 939 1722 substantia
971 1662 1247 1728 diversus,
1278 1665 1374 1721 sed
1405 1680 1506 1735 pro
1534 1666 1819 1720 nominum
1851 1668 2035 1739 digni-

2138 465 2304 537 μένης
2339 464 2482 535 ἐχειν
2517 464 2607 519 τὸν
2642 466 2769 519 Υίὸν
2793 508 2807 532 ,
2862 466 2943 520 ὅτι
2994 466 3107 536 τῆς
3149 467 3473 533 βασιλείας
3514 469 3681 533 αὐτοῦ.

2134 556 2300 628 φησὶν
2346 558 2380 628 ὴ
2441 556 2653 629 Γραφὴ,
2707 559 2817 613 οὐκ
2872 558 3043 613 ἔσται
3089 559 3298 626 τέλος⁹
3369 557 3455 611 διὰ
3520 558 3577 612 τὸ
3612 560 3684 617 σὺν

2136 650 2313 720 Πατρ“ι
2349 649 2655 719 βασιλεύειν
2686 651 2773 703 ἀεὶ
2808 651 2902 704 καὶ
2933 652 3030 705 σὺν
3075 652 3153 723 τῷ
3185 652 3327 722 ἁγίῳ
3360 650 3521 705 αὐτοῦ
3553 654 3674 706 Ilva;

2139 757 2289 810 ματι.
2320 741 2648 813 Ἐπειδήπερ
2677 743 2785 796 πᾶν
2820 744 2879 796 τὸ
2906 743 3079 816 ἀρχήν
3109 744 3253 815 ἔχον,
3284 745 3381 797 καὶ
3414 744 3559 808 τέλος
3582 745 3685 813 ἕξει,

2136 835 2184 886 εί
2216 832 2457 903 βούλοιτο
2481 835 2509 887 ό
2542 829 2681 887 εἶναι
2721 834 2798 905 τῷ
2831 836 2931 906 τὴν
2962 835 3137 907 ἀρχὴν
3169 835 3418 904 εἰληφότι
3449 852 3679 909 παρεσχῃ.

2140 926 2299 998 μένος
2323 942 2336 955 ·
2380 927 2517 999 ὅπερ
2546 928 2640 981 ἐπὶ
2681 930 2818 982 πᾶσι
2854 929 2953 1000 μὲν
2990 928 3286 999 ἐνδέχεται,
3314 930 3410 981 ἐπὶ
3436 929 3490 981 δὲ
3518 928 3586 999 τῷ
3604 929 3688 1000 Υἱῴ

2152 1021 2471 1076 ἀνένδεκτόν
2502 1023 2670 1076 ἐστιν.
2705 1020 2862 1075 Ἐστι
2911 1020 3020 1094 γὰρ
3052 1021 3140 1075 ἀεὶ
3179 1021 3243 1073 ὲκ
3282 1018 3377 1073 τοῦ
3424 1019 3582 1082 ὄντος,
3620 1023 3688 1073 ul

2138 1110 2290 1182 παρά
2310 1109 2387 1182 τῷ
2407 1110 2520 1165 ὄντι
2542 1112 2650 1175 ἀεὶ,
2686 1111 2780 1166 τοῦ
2814 1106 2950 1165 εἶναι
2984 1110 3249 1182 μηδέποτε
3280 1110 3486 1181 λήγων.
3516 1109 3596 1162 Διό
3621 1114 3689 1162 καὶ

2138 1203 2417 1276 ὁμοούσιος
2449 1200 2538 1277 ἦν,
2586 1203 2704 1277 [καὶ
2732 1202 2899 1276 ἔστι,]
2938 1203 3035 1257 καὶ
3070 1202 3245 1268 ἔσται,
3277 1202 3437 1274 μόνος
3458 1204 3519 1255 ὲκ
3546 1204 3689 1273 μόνον,

2138 1297 2234 1350 καὶ
2268 1298 2326 1352 ὲν
2351 1298 2523 1351 οὐδενὶ
2550 1300 2618 1369 τῇ
2652 1298 2809 1370 οὐσίᾳ
2842 1295 3318 1369 παρηλλαγμένος,
3344 1294 3483 1349 ἀλλά
3508 1298 3629 1349 κατὰ
3649 1298 3689 1349 τό

2144 1376 2362 1461 ἀξίωμα
2390 1390 2499 1444 τῶν
2529 1391 2810 1462 ὀνομάτων
2842 1389 3111 1461 μενούσης
3146 1390 3245 1463 τῆς
3291 1390 3541 1461 θεάτητος
3577 1392 3689 1460 ένςῇ

2138 1482 2463 1554 ταυτότητι,
2516 1481 2640 1535 οὐτε
2704 1481 3036 1555 συναλοιφὴν
3088 1483 3321 1554 ἔχουσα,
3376 1480 3504 1535 05:5
3554 1481 3689 1553 ἀρχὴν

2140 1576 2305 1646 ἐαυτῇ
2353 1574 2669 1646 παρέχουσα
2713 1574 2806 1627 τοῦ
2856 1571 3015 1639 εἶναι,
3077 1574 3204 1628 οὐτε
3234 1575 3506 1645 δεχομένη
3539 1573 3690 1627 τὸάν-

2141 1666 2327 1737 όμοιον
2369 1667 2533 1738 ἑαυτῇ
2565 1666 2853 1738 ὑπάρχειν,
2900 1668 2933 1737 ἡ
2976 1667 3063 1720 ἀεὶ
3110 1662 3263 1732 οὐσα,
3315 1667 3414 1719 καὶ
3466 1666 3694 1737 μηδέποτε

454 1768 568 1814 tate
592 1757 852 1813 divinitas
883 1757 937 1811 in
962 1757 1249 1812 identitate
1275 1767 1613 1827 perseverat,
1634 1774 1742 1813 non
1775 1759 1885 1814 ulla
1909 1776 2033 1815 con-

2147 1761 2234 1816 τοῦ
2262 1757 2401 1815 εἶναι
2432 1761 2695 1832 λήγουσα,
2734 1762 3135 1832 συμπρέπουσα
3163 1760 3219 1815 δὲ
3249 1762 3414 1833 αὐτῇ,
3448 1761 3533 1814 ἀεὶ⁵
3556 1762 3605 1812 ὲν
3640 1760 3693 1829 τῷ

452 1849 669 1903 fusione
717 1847 1061 1913 coalescens,
1108 1864 1287 1919 neque
1335 1848 1440 1904 sibi
1483 1848 1609 1920 ipsi,
1646 1850 1790 1905 velut
1834 1852 2038 1922 princi-

453 1942 601 2013 pium
624 1940 923 2013 quoddam,
964 1948 1025 1994 ut
1060 1939 1153 2004 sit,
1187 1941 1471 2006 tribuens;
1504 1955 1683 2011 neque
1732 1942 2032 2014 quid‘quam

453 2035 539 2090 sui
584 2032 855 2088 dissimile
908 2031 963 2085 in
1016 2030 1253 2102 seipsam
1302 2030 1637 2093 admittens,
1689 2046 1809 2100 qua:
1855 2041 1910 2086 et
1954 2040 2040 2088 est

370 2148 373 2151 ν
454 2141 696 2199 semper,
733 2132 788 2180 et
814 2138 940 2181 esse
978 2138 1263 2195 nunquam
1300 2122 1524 2189 desinit,
1558 2122 1661 2177 sibi
1696 2124 1797 2194 ipsi
1836 2129 2037 2181 conVe-

457 2220 637 2284 niens,
680 2217 736 2272 in
786 2216 1119 2286 sempiterna
1160 2214 1429 2286 dignitate
1472 2213 1652 2270 Patris
1697 2215 1767 2270 ad
1813 2215 2036 2283 Filium,

2144 1855 2414 1929 ἀξιώματι
2445 1856 2661 1927 Πατρὺς
2688 1855 2826 1928 πρὸς
2850 1855 3000 1920 Υίὸν,
3037 1856 3130 1908 καὶ
3162 1854 3297 1908 Υἱοῦ
3329 1854 3471 1924 πρὸς
3497 1853 3694 1923 Πατέρα.

2144 1950 2239 2004 καὶ
2292 1948 2450 2019 ἁγίου
2498 1948 2839 2020 Πνεύματος,
2895 1949 2990 2002 σὺν
3050 1947 3229 2019 Πατρὶ
3262 1948 3358 2001 καὶ
3399 1944 3518 2016 Υίῷ
3560 1946 3699 2015 ὑπάρ-

2145 2059 2339 2114 χουσα,
2390 2042 2487 2095 καὶ
2522 2041 2791 2113 μηδέποτε
2826 2040 3196 2094 διαλείπουσα.
3239 2040 3401 2093 Ἔστι
3438 2038 3544 2108 γὰρ
3568 2037 3698 2107 havsi

2149 2131 2483 2204 ἀσύγκριτος
2508 2135 2541 2205 ή
2571 2132 2764 2205 Τριάς,
2790 2131 3052 2204 διαίρεσιν
3082 2132 3337 2203 οὐδεμίαν
3372 2133 3433 2185 ὲν
3460 2130 3536 2200 τῷ
3574 2128 3702 2194 ἀξιῶ·

2153 2239 2285 2293 ματι
2328 2224 2723 2296 ὑποδεχομένη.

452 2315 577 2371 Filii
610 2314 679 2369 ad
708 2313 950 2375 Patrem,
982 2312 1158 2369 sancti
1202 2309 1447 2382 Spiritus
1498 2326 1625 2366 cum
1661 2311 1823 2368 Patre
1874 2322 1929 2370 et
1985 2313 2125 2373 Filio
2159 2320 2281 2375 sin'e
2342 2321 2453 2375 ulla
2505 2321 2907 2393 interruptione
2959 2323 3295 2380 consistens.
3344 2319 3538 2392 Neque
3590 2320 3703 2376 enim

455 2422 641 2466 secum
674 2407 792 2479 ipsa
823 2403 1133 2477 comparari
1164 2401 1410 2459 Trinitas
1442 2411 1645 2474 potest,
1682 2420 1803 2474 quae
1828 2419 2046 2463 omnem
2082 2410 2367 2482 dignitatis
2401 2411 2728 2468 divisionem
2757 2413 2991 2485 respuit.

961 2516 1147 2572 AETII
1186 2514 1418 2572 CAPUT
1458 2515 1526 2573 ν.

526 2616 585 2672 Si
621 2613 897 2686 ingenitus
935 2609 1243 2667 substantia
1285 2609 1430 2666 Deus
1458 2618 1545 2667 est
1570 2649 1585 2675 ,
1624 2610 1769 2681 quod
1796 2612 2039 2682 genitum

454 2716 559 2775 est,
602 2721 714 2762 non
766 2703 1128 2760 distractione
1151 2701 1387 2773 quadam
1433 2702 1756 2758 substantiae
1799 2702 2043 2772 genitum

450 2810 559 2865 est,
588 2800 685 2857 sed
727 2799 796 2854 ab
826 2796 1162 2859 substantia,
1209 2810 1241 2849 a
1271 2809 1380 2865 qua
1416 2794 1748 2865 productum
1786 2802 1893 2860 est,
1929 2809 2045 2849 ma-

452 2895 625 2950 navit.
651 2892 866 2962 Quippe
901 2887 1151 2945 eamdem
1203 2886 1571 2943 substantiam
1601 2885 1841 2957 genitam
1879 2885 2043 2941 simul

455 2994 509 3043 et
541 2986 838 3057 ingenitam
860 2996 983 3037 esse
1010 2979 1159 3034 nulla
1191 2994 1317 3034 cum
1348 2979 1551 3050 pietate
1580 2977 1880 3049 conjuncta
1901 2979 2045 3035 ratio

453 3075 683 3149 patitur.

1030 3186 1345 3257 Confutatio
1395 3185 1458 3241 V.

528 3280 923 3352 Swpenumero
973 3280 1095 3337 btec
1154 3276 1381 3349 ingeniti
1441 3274 1720 3347 genitique
1776 3274 2043 3331 vocabula

455 3373 621 3429 nobis
665 3369 982 3435 obtrusisti,
1019 3368 1116 3423 Dei
1168 3382 1368 3423 nomen
1405 3366 1706 3422 insolenter
1755 3365 2041 3437 jactitans,

457 3480 585 3521 cum
639 3465 694 3518 in
764 3462 917 3517 omni
973 3474 1174 3533 genere
1236 3457 1604 3531 improbitatis
1663 3456 2043 3528 consepultam

457 3563 697 3612 mentem
750 3552 979 3608 habeas.
1012 3550 1079 3607 Et
1127 3550 1347 3621 quidem
1389 3548 1523 3604 illud
1559 3547 1826 3619 indigenti
1867 3547 2044 3603 cuivis

458 3652 512 3706 in
548 3650 741 3721 primis
769 3647 1011 3719 Optabile
1038 3653 1145 3712 est,
1172 3652 1231 3700 ut
1255 3643 1396 3713 ejus,
1428 3657 1539 3715 quo
1567 3641 1794 3711 indiget,
1829 3641 2043 3712 copiam

457 3743 525 3798 ad
559 3742 817 3798 solatium
873 3740 1108 3804 habeat,
1158 3746 1253 3792 aut
1289 3734 1450 3807 94],
1503 3735 1550 3791 si
1602 3735 1785 3790 minus
1824 3734 2045 3805 assequi

458 3836 671 3905 possit,
722 3833 916 3889 saltem
977 3829 1176 3885 crebro
1212 3829 1267 3884 in
1310 3842 1564 3884 sermone
1612 3826 1747 3883 illud
1796 3836 2041 3898 usurpet.

457 3926 614 3983 Unde
670 3934 724 3981 et
782 3932 881 3992 tu,
932 3938 1057 3978 cum
1131 3920 1334 3991 impius
1405 3934 1471 3974 ac
1528 3917 1624 3975 Dei
1682 3918 1761 3975 sis
1810 3933 2042 3989 expers,

454 4018 604 4091 quod
654 4034 825 4073 unum
876 4024 1077 4083 restat,
1130 4028 1263 4069 voce
1313 4022 1474 4069 tenus
1524 4011 1855 4085 proferendo
1895 4012 2044 4068 illius

455 4110 686 4166 nomine
736 4116 846 4165 tete
894 4106 1172 4174 venditas,
1200 4105 1461 4178 quoniam
1510 4105 1755 4177 quidem,
1784 4104 1930 4177 quod
1974 4105 2043 4161 ad

454 4204 575 4276 ejus
600 4204 876 4268 timorem,
910 4200 1095 4267 tidem,
1120 4215 1271 4270 spem
1296 4207 1353 4255 et
1373 4214 1502 4272 erga
1530 4199 1683 4254 illum
1713 4200 2039 4255 eharitatem

455 4297 669 4363 attinet,
702 4308 987 4364 nunquam
1039 4292 1195 4346 illum
1226 4308 1353 4347 vere
1394 4292 1449 4346 in
1498 4290 1907 4363 possessionem
1940 4289 2043 4345 ba-

2543 2525 2946 2579 ΚΕΦΑΛΛΙΟΝ
2984 2524 3241 2579 ΑΕΤΙΟΥ
3276 2525 3352 2578 Ε’.

2219 2617 2281 2670 Ei
2313 2616 2606 2687 ἀγέννητός
2636 2619 2783 2670 ἐστιν
2818 2618 2847 2670 ό
2889 2616 3022 2681 Θεὸς
3051 2617 3150 2688 τὴν
3177 2615 3390 2679 οὐσίαν,
3431 2616 3531 2668 οὐκ
3555 2615 3707 2672 οὐςίας

2148 2708 2427 2764 διαστάσει
2480 2708 2542 2762 τὸ
2594 2710 2851 2781 γεννητὸν
2902 2710 3166 2782 ἐγεννήθη
3195 2749 3210 2771 .
3265 2708 3381 2763 ἀλλ’
3449 2708 3508 2773 ἐξ
3557 2707 3708 2768 οὐσίας

2151 2799 2537 2871 ὑποστησάσης
2571 2798 2723 2852 αὐτό.
2758 2799 2868 2871 Τὴν
2912 2799 3021 2871 γάρ
3051 2799 3223 2871 αὐτὴν
3262 2800 3459 2852 οὐσίαν
3497 2798 3586 2851 καὶ
3614 2816 3708 2865 72v-

2150 2893 2320 2965 νητὴν
2353 2888 2497 2972 εἶναι
2528 2892 2622 2946 καὶ
2650 2891 2947 2963 ἀγέννητον
2978 2893 3151 2958 οὐδεὶς
3181 2893 3336 2963 λόγος
3360 2893 3591 2965 εὐσεϐής
3618 2893 3711 2945 tm-

2071 3023 2114 3083 C
2150 2986 2359 3059 τρέπει.

2724 3191 3048 3262 Ἁνατροπὴ
3096 3190 3175 3246 E’.

2216 3282 2485 3348 Πολλάκις
2515 3286 2646 3357 ἡμῖν
2672 3284 2941 3358 προῆλθες
2972 3284 3175 3355 φέρων,
3206 3278 3251 3337 ὦ
3283 3276 3465 3347 οὗτος,
3502 3283 3563 3337 τὸ
3586 3282 3714 3349 ἀγέν-

2145 3391 2305 3445 νητον
2332 3375 2426 3429 καὶ
2453 3375 2730 3447 γεννητὸν,
2758 3375 2821 3429 τὸ
2840 3374 2934 3428 τοῦ
2952 3374 3086 3429 Θεοῦ
3111 3376 3282 3445 ὄνομα
3312 3375 3713 3447 φρυαττόμενος.

2142 3466 2173 3518 ὁ
2222 3466 2281 3518 ὲν
2333 3469 2485 3538 πάσῃ
2526 3465 2726 3538 ἀνομίᾳ
2775 3464 3005 3521 σεαυτοῦ
3040 3464 3138 3537 τήν
3188 3465 3438 3519 διάνοιαν
3486 3464 3712 3533 ένθάψας.

2158 3556 2365 3611 Ἐκεῖνο
2394 3558 2451 3611 δὲ
2480 3557 2746 3630 παντὶτῷ
2790 3558 3013 3630 ἀπόρως
3046 3558 3225 3630 ἔχοντί
3258 3561 3376 3613 έστι
3412 3542 3659 3628 ποθητιν,
3687 3559 3710 3623 ἡ

2144 3638 2238 3701 cas
2270 3648 2651 3720 ἀπορουμένου
2695 3649 2930 3721 εὐπορία
2961 3651 3040 3714 είς
3092 3649 3476 3721 παραμυθίαν,
3529 3648 3620 3702 καὶ
3642 3648 3713 3700 ἐπὶ

2143 3738 2239 3793 τοῦ
2271 3740 2540 3812 στόματος
2575 3741 2783 3811 φέρειν,
2820 3741 2915 3795 ἐὰν
2949 3742 3024 3814 μὴ
3055 3742 3314 3815 εὐποροίη
3348 3742 3451 3796 τοῦ
3480 3741 3709 3795 τοιούτου.

2145 3831 2256 3885 Καὶ
2287 3832 2373 3897 σὺ,
2422 3832 2610 3905 ἐπειδὴ
2644 3831 2805 3895 ἄθεος
2836 3834 3149 3905 τυγχάνεις,
3201 3832 3474 3905 σέμνυναι
3517 3833 3615 3886 κᾶν
3647 3831 3713 3882 ξιὰ

2144 3922 2236 3978 τοῦ
2271 3924 2535 4002 όνόματος
2571 3926 2749 3997 λέγειν
2777 3925 2969 3982 τούτου
3014 3928 3075 3980 τὸ
3120 3926 3312 3999 ὄνομα,
3354 3928 3550 3997 ἐπειδὴ
3582 3925 3712 3996 φύσει

2145 4018 2286 4073 κατὰ
2317 4021 2408 4073 τὸν
2464 4020 2632 4075 αὐτοῦ
2673 4021 2859 4090 φόϐον,
2897 4020 2993 4073 καὶ
3026 4019 3231 4087 πίστιν,
3268 4022 3364 4073 καὶ
3399 4020 3611 4079 ἐλπίδα,
3640 4018 3713 4072 καὶ

2146 4111 2283 4182 πρὸς
2313 4112 2474 4165 αὐτὸν
2504 4113 2727 4183 ἀγάπην
2760 4111 3015 4166 οὐδέποτε
3058 4112 3221 4165 αὐτὸν
3254 4113 3501 4183 ἐκτήσω.
3538 4113 3603 4165 Ἦ
3627 4112 3712 4179 γὰρ

2147 4203 2213 4257 ἂν
2244 4204 2404 4275 ἢρκει
2445 4221 2527 4257 σοι
2558 4204 2703 4271 ἅπαξ
2736 4204 2894 4258 τοῦτο
2926 4204 3126 4274 λέγειν,
3158 4206 3251 4258 καὶ
3281 4206 3356 4275 μὴ
3390 4204 3711 4275 ὑπερϐαίνειν
3782 4200 3783 4225 λ

2145 4295 2269 4365 ὅρον
2301 4295 2409 4350 τῶν
2435 4298 2782 4367 τεταγμένων
2812 4297 2909 4368 τῆς
2958 4296 3299 4360 ἀκολουθίας.
3353 4297 3546 4367 Σαφὴς
3572 4297 3709 4365 γὰρὴ

456 4388 644 4445 huisti.
697 4386 915 4456 Alioqui
969 4386 1105 4441 satis
1173 4399 1297 4441 esse
1355 4383 1615 4441 crederes
1663 4384 1831 4440 semel
1890 4381 2033 4439 istud

2147 4385 2296 4457 παρά
2350 4386 2443 4440 σοῦ
2484 4387 2525 4451 ³,
2580 4388 2731 4460 παρὰ
2772 4386 2865 4441 τοῦ
2916 4388 3171 4459 Σωτῆρος
3217 4390 3350 4459 ἡμῖν
3394 4386 3711 4456 ἀποφαντιιὴ

454 4480 676 4551 eloqui,
727 4494 906 4549 neque
985 4476 1370 4549 praescriptum
1419 4474 1670 4531 ordinem
1728 4476 2041 4544 seriemque

454 4566 830 4639 praetergredi.
889 4564 1178 4621 Manifesta
1229 4562 1448 4635 quidem
1512 4572 1597 4621 est
1652 4581 1683 4619 a
1753 4564 2040 4622 Salvatore

454 4669 649 4716 contra
678 4666 732 4715 te
761 4660 1113 4730 pronuntiata
1141 4659 1413 4714 sententia
1446 4677 1459 4714 :
1491 4658 1534 4711 A
1570 4658 1828 4730 fructibus
1855 4675 2038 4714 eorum

455 4754 777 4826 cognoscetis
822 4753 963 4823 ipsos
986 4755 1028 4818 ',
1059 4767 1124 4808 eo
1155 4753 1302 4823 quod
1332 4768 1457 4807 cum
1491 4753 1609 4808 ovis
1657 4753 1797 4823 pelle
1831 4752 1909 4809 sis
1938 4753 2037 4808 ob-

455 4849 699 4908 volutus.
737 4845 885 4902 intus
916 4859 1085 4916 rapax
1128 4832 1198 4900 es
1237 4851 1292 4901 et
1336 4860 1464 4901 cum
1496 4846 1625 4917 lupo
1658 4853 2034 4917 comparatus.

454 4940 670 4998 Etenim
704 4939 752 4995 si
804 4953 834 4993 a
880 4939 1089 5011 Spiritu
1130 4948 1325 4995 sancto
1374 4940 1594 5010 genitus
1638 4953 1814 5005 esses,
1870 4946 2036 5009 atque

452 5051 485 5090 a
519 5035 802 5107 prophetis
867 5033 1243 5105 apostolisque
1296 5031 1546 5098 edoctus,
1620 5030 1803 5087 facere
1848 5039 1903 5086 te
1957 5031 2037 5086 il-

452 5129 546 5184 lud
596 5129 906 5200 oportebat,
951 5136 1033 5193 ut,
1075 5127 1249 5182 sacris
1276 5125 1533 5183 omnibus
1574 5124 1863 5181 codicibus
1900 5138 2040 5195 per-

453 5219 679 5285 volutis,
715 5234 746 5275 a
776 5216 976 5275 Genesi
1034 5217 1103 5273 ad
1164 5216 1413 5273 Estheris
1468 5224 1735 5287 tempora,
1767 5217 1861 5288 qui
1908 5226 2038 5273 sunt

454 5319 660 5381 septem
696 5320 751 5366 et
787 5309 979 5381 viginti
1026 5309 1155 5366 libri
1183 5308 1523 5367 Testamenti
1557 5308 1794 5377 Veteris,
1826 5317 1881 5366 et
1913 5326 2029 5365 χχιι

458 5410 846 5469 numerantur;
921 5411 1035 5457 tum
1091 5402 1463 5459 sacrosanctis
1509 5418 1563 5458 tv
1594 5401 1924 5473 Evangeliis,
1978 5411 2033 5458 et

453 5494 510 5548 S.
562 5494 719 5549 Pauli
774 5510 867 5551 xw
940 5494 1226 5567 Epistolis,
1280 5510 1493 5552 necnon
1552 5505 1607 5552 et
1658 5496 2029 5568 apostolorum

454 5586 624 5649 Artis,
661 5601 782 5656 quae
809 5588 895 5643 vel
931 5588 1219 5659 superiora
1260 5588 1369 5644 illis
1400 5595 1667 5659 tempora,
1711 5589 1796 5645 vel
1838 5595 2023 5659 postc-

2146 4477 2443 4545 ἀπόδειξις,
2472 4478 2553 4533 ὅτι
2596 4479 2730 4533 Ἀπὸ
2764 4477 2882 4533 τῶν
2925 4478 3169 4547 καρπῶν
3199 4478 3404 4534 αὐτῶν
3436 4480 3712 4551 γνώσεσθε

2146 4568 2392 4636 αὐτοὺς,
2422 4568 2499 4639 τῷ
2543 4567 2683 4624 εἶναι
2730 4570 2830 4641 μέν
2877 4588 2935 4623 σε
2964 4570 3434 4642 περισεὸλημένον
3467 4570 3710 4643 προὸἑτω

2146 4659 2359 4725 κώδιον,
2396 4660 2598 4716 ἔσωθεν
2627 4662 2682 4715 δὲ
2716 4658 2853 4715 εἶναι
2887 4662 3128 4734 ἅρπαγα,
3179 4663 3274 4716 καὶ
3310 4662 3417 4716 λύκ
3438 4684 3467 4733 ρ
3500 4662 3711 4734 7.1916:-

2146 4754 2436 4825 ϐλημένον.
2485 4754 2548 4807 Εἰ
2594 4752 2703 4825 γὰρ
2746 4748 2816 4825 ἦς
2866 4754 2925 4820 ἐξ
2973 4754 3130 4822 άγίου
3173 4752 3502 4824 Πνεύματος
3547 4770 3711 4823 γεγεν-

2147 4845 2399 4917 νημένος.
2432 4844 2525 4898 καὶ
2547 4846 2873 4917 προφήταις,
2906 4846 2999 4899 καὶ
3027 4844 3350 4910 ἀποστόλοις
3386 4844 3711 4918 μεμαθητευ-

2150 4938 2331 5009 μένος,
2374 4938 2482 4991 ἔδει
2522 4953 2581 4989 σε
2615 4937 2889 4991 διελθόντα
2922 4938 3178 5009 ἀπαρχῆς
3222 4938 3497 5007 γενέσεως
3532 4939 3709 5006 κόσμιί

2144 5030 2271 5101 ἄχρι
2302 5028 2409 5081 τῶν
2441 5027 2540 5103 τῆς
2568 5027 2777 5101 Αίσθὴρ
2800 5030 3027 5101 χρόνων,
3058 5030 3116 5082 ὲν
3148 5028 3322 5082 εἴκοσι
3352 5029 3452 5082 καὶ
3484 5028 3618 5082 ἑπτὰ
3644 5025 3709 5096 βξ-

2148 5122 2293 5186 6λοις
2335 5121 2575 5186 Παλαιᾶς
2621 5122 2896 5194 Διαθήκης
2944 5121 3117 5176 εἴκοσι
3152 5120 3246 5176 δύο
3285 5122 3709 5194 ἀριθμουμένως.

2144 5214 2367 5285 τέταρσι
2418 5212 2476 5266 δὲ
2512 5212 2688 5281 ἁγίοις
2720 5212 3091 5280 Εὐαγγελίοις,
3134 5214 3226 5267 καὶ
3249 5212 3309 5266 ὲν
3338 5210 3712 5283 τεσσαρεσκαί-

2142 5303 2273 5356 δεκα
2320 5303 2657 5368 Ἐπιστολαῖς
2694 5302 2785 5356 τοῦ
2828 5302 2985 5372 άγίου
3018 5304 3318 5357 ἀποστόλου
3368 5303 3604 5365 Παύλου,
3633 5301 3710 5353 xal
3774 5318 3775 5353 ι

2144 5402 2201 5454 ὲν
2244 5404 2366 5465 ταῖς
2407 5400 2513 5472 πρὸ
2559 5400 2784 5466 τούτων,
2837 5401 2932 5454 καὶ
2984 5401 3079 5454 σὺν
3116 5402 3235 5462 ταῖς
3287 5402 3347 5455 ἑν
3382 5404 3498 5464 τοῖς
3554 5394 3708 5452 αὐτῶν

2140 5494 2353 5566 χρόνοις
2376 5494 2615 5565 Πράξεσι
2632 5493 2741 5549 τῶν
2761 5493 3101 5558 ἀποστόλων,
3120 5492 3441 5557 καθολικῶς
3482 5494 3706 5546 Ἐπιστο-

2143 5588 2264 5653 λαῖς
2308 5588 2585 5652 Ἰακώϐου,
2606 5587 2700 5641 καὶ
2728 5587 2959 5659 Πέτρου,
2980 5587 3074 5641 καὶ
3110 5586 3379 5657 Ἰωάννου,
3400 5589 3497 5641 καὶ
3538 5582 3707 5641 Ἰούδα»
3772 5580 3773 5635 l

522 5719 538 5751 ¹
567 5717 699 5775 Luc.
734 5736 770 5786 ι,
796 5721 883 5775 35.
962 5724 981 5754 ²
1010 5720 1201 5777 Matth.
1235 5739 1329 5790 vn,
1363 5724 1446 5777 16.
1527 5721 1547 5752 ³
1580 5722 1637 5777 F.
1675 5723 1802 5795 περὶ
1832 5722 1946 5791 σοῦ,
1974 5739 2032 5780 se

2147 5733 2216 5779 et.
2253 5728 2283 5795 ἡ
2314 5725 2462 5796 παρὰ
2499 5724 2589 5779 τοῦ
2628 5726 2765 5780 Σωτ.
