3798 6212
90 313 184 367 561
723 317 1091 375 ADVERSUS
1133 321 1472 378 ΗτΕῐιεεεε
1509 321 1590 376 Lll

1862 325 1936 380 »ι
1977 323 2092 380 1.-
2111 298 2385 384 manus.
2430 330 2660 386 Lxxw.
3247 337 3362 393 532-

91 433 177 484 καὶ
231 433 290 485 ὲν
338 436 400 504 τῇ
446 435 540 489 τοῦ
604 436 846 490 Ἰωάννου
896 440 1298 512 Ἀποκαλύψει,
1343 442 1400 495 ἕν
1443 461 1502 497 τε
1551 461 1591 497 τ‹

1847 462 1919 500 ira
1961 450 2280 517 continent;
2339 451 2625 510 catholicis
2659 457 2787 514 item
2834 462 3092 536 Epistolis
3137 462 3347 524 Jacobi.

89 522 304 592 Σοφίαις
338 523 467 594 (90),
501 525 844 598 Σολομῶντὸς
881 529 942 583 τέ
994 548 1138 602 φημι
1171 533 1266 587 καὶ
1306 534 1424 588 υἱοῦ
1472 535 1589 607 Σιρέ

1847 538 1944 604 tri,
1984 538 2214 598 Joannis
2241 548 2295 597 et
2335 541 2527 608 Judze,
2570 522 2897 624 Apocalypsi
2943 553 3207 622 Joannis;
3246 522 3347 608 Sa;

85 615 172 666 καὶ
196 614 397 678 πάσαις
436 615 624 680 ἁπλῶς
647 618 890 689 Γραφαϊς
915 619 1108 688 θείαις,
1146 622 1239 676 καὶ
1272 622 1466 676 ἑαυτοῦ
1501 641 1585 676 κα·

1928 633 1987 687 ia:
2005 647 2222 703 quoque
2240 633 2417 701 libris,
2431 637 2534 692 hoc
2554 647 2638 695 est
2658 640 2990 711 Salomonis,
3010 646 3103 700 lilii
3126 645 3342 710 Siracb,
3418 714 3428 724 _

83 705 299 774 γνῶναι,
352 707 432 761 ὅτι
461 707 654 780 ὄνομα,
705 710 844 782 ὅπερ
869 711 1105 782 οὐδαμοῦ
1135 713 1474 788 ἐντέτακται,
1499 709 1583 786 ἦλί

1926 723 2024 780 bus
2056 724 2294 796 denique
2315 726 2614 800 Scriptura:
2637 732 2792 790 libris
2824 705 3124 805 percursis,
3151 705 3346 792 temet;
3416 714 3426 762 ⁵

81 802 206 870 ἡμῖν
239 799 444 872 φέρων,
491 802 592 856 οὐκ
640 803 889 875 ἀπρεπὲς
943 805 1042 876 μὲν
1085 806 1241 878 Θεῷ,
1288 808 1402 862 ἀλλ’
1445 809 1581 862 societ

1846 828 1947 868 aum
1993 814 2318 884 damnares;
2360 820 2507 890 quod
2545 823 2815 892 ejusmodi
2863 843 3094 893 nomen,
3137 825 3204 883 de
3236 844 3346 897 quo

79 892 152 954 είς
179 890 336 957 Θεὸν,
380 892 441 948 τὸ
489 893 583 947 τοῦ
618 895 915 965 ἀγεννήτου
961 896 1154 969 ὄνομα,
1194 899 1446 972 μηδαμοῦ
1496 900 1553 955 δὲ

1847 901 1917 955 lla
1959 903 2031 959 sit
2063 920 2296 976 usquam
2331 890 2767 977 mentio,7nobis
2811 913 3004 970 aﬂerre
3035 929 3145 969 non
3182 913 3345 969 dubi-

80 982 191 1054 θείᾳ
237 984 430 1056 Γραφῇ
464 985 650 1057 ῥηθέν.

1843 994 1990 1051 teris.
2041 995 2136 1053 Est
2183 1000 2326 1055 enim
2384 1001 2613 1074 ingeniti
2667 1020 2866 1061 nomen
2931 1005 3157 1062 minime
3207 1005 3343 1061 illud

86 1078 301 1148 quidem
341 1079 627 1152 indignum
660 1081 795 1151 Deo,
821 1091 882 1140 ut
911 1085 1073 1142 etiam
1106 1088 1363 1158 pietatem
1395 1086 1661 1153 redoleat,
1696 1103 1887 1144 verum
1921 1107 2191 1164 nusquam
2225 1095 2281 1150 in
2316 1092 2620 1168 Scripturis
2657 1112 2997 1169 expressum.

141 1171 330 1235 Οὐδεὶς
348 1173 458 1245 γὰρ
491 1175 751 1245 μεμηνώς
785 1194 917 1233 ποτε
948 1179 1206 1253 γεννητὸν
1256 1181 1458 1236 ἐνενόει
1500 1181 1634 1235 θεόν

1841 1181 2018 1255 Neque
2051 1202 2181 1243 vero
2215 1187 2352 1244 adeo
2395 1189 2520 1260 quis
2547 1206 2790 1262 unquam
2838 1194 3067 1248 insanus
3111 1189 3341 1256 exstitit,

88 1263 217 1316 Ἀλλ’
236 1263 364 1318 οὔτε
398 1266 586 1339 χρείαν
627 1267 787 1341 ἔσχον
815 1273 992 1325 εἰπεῖν
1013 1272 1306 1345 ἀγέννητον
1338 1274 1470 1329 Θεὸν
1496 1273 1588 1346 μόν

1841 1273 2003 1330 nilum
2053 1285 2112 1331 ut
2161 1291 2286 1333 esse
2315 1279 2586 1350 cogitaret
2613 1279 2817 1347 Deum;
2864 1297 3042 1352 neque
3069 1281 3140 1338 ob
3186 1281 3341 1352 geni-

75 1355 283 1425 Πατέρα
310 1357 401 1412 διὰ
437 1359 530 1413 τὸν
558 1359 620 1427 ἐξ
645 1362 813 1417 αὐτοῦ
867 1366 1266 1438 γεγεννημένον
1293 1385 1306 1398 ·
1333 1368 1420 1422 ἵνα
1460 1369 1532 1441 μή
1570 1389 1575 1403 ι

1839 1381 1872 1420 n
1899 1365 2098 1422 Filium
2131 1385 2362 1427 necesse
2403 1371 2507 1426 fuit
2559 1373 2736 1428 solum
2789 1375 3003 1430 Patrem
3036 1375 3339 1447 ingenitum

76 1447 158 1498 ἐπὶ
185 1447 260 1520 τῷ
291 1450 468 1522 Πατρὶ
495 1451 642 1525 μόνῳ
690 1455 890 1528 νομίσῃ
934 1456 1093 1511 τοῦτο
1118 1458 1477 1530 πληροῦσθαι,
1518 1461 1576 1514 ἀλ

1838 1474 1926 1513 um
1959 1461 2266 1532 appellare;
2299 1478 2367 1518 ne
2391 1463 2516 1534 quis
2546 1464 2600 1520 in
2627 1463 2789 1522 Patre
2824 1467 2942 1522 solo
2974 1482 3160 1522 verum
3193 1465 3338 1522 istud

79 1540 162 1591 nl
208 1539 303 1592 ἐπὶ
333 1539 416 1612 τῷ
446 1542 582 1614 Υίῷ,
637 1546 732 1599 καὶ
785 1547 881 1600 ἐπὶ
917 1547 996 1620 τῷ
1025 1548 1166 1621 ἀγίῳ
1191 1550 1472 1623 Πνεῦματι
1500 1569 1514 1583 ⁸
1555 1571 1579 1605 τ

1837 1566 1876 1606 ιο
1907 1551 2010 1607 sibi
2044 1553 2404 1622 persuadeat,
2465 1556 2561 1612 sed
2593 1564 2642 1613 et
2674 1556 2811 1612 Filio
2853 1572 2918 1613 ac
2951 1558 3179 1631 Spiritui
3207 1573 3337 1616 san-

73 1629 296 1694 διανοίας
343 1632 446 1704 τῆς
492 1634 682 1707 ὀρθῆς,
729 1638 944 1692 καὶτοῦ
975 1641 1295 1712 Πνεύματος
1344 1642 1438 1696 τοῦ
1495 1645 1567 1712 ἀγ

1838 1665 1841 1687 ι
1893 1643 2208 1699 convenire.
2271 1643 2438 1701 Recta
2499 1648 2700 1718 quippe
2759 1649 2934 1713 ratio,
2989 1629 3044 1706 et
3101 1651 3338 1721 Spiritus

75 1722 404 1790 διδάσκοντος
449 1728 661 1793 πάντας
719 1731 872 1794 υίοὺς
901 1731 1158 1803 ἀληθείας
1195 1734 1288 1804 ἀφ’
1334 1734 1545 1788 ἑαυτῶν

1835 1741 1982 1790 ictus
2011 1735 2258 1793 veritatis
2294 1737 2433 1795 ﬁlios
2479 1741 2678 1798 docent
2728 1759 2834 1799 non
2867 1750 3155 1814 tantopere
3199 1743 3335 1804 illud

75 1817 125 1868 ἐν
143 1815 454 1890 θαυμασμῷ
486 1819 644 1874 τοῦτο
666 1820 830 1892 ἔχειν,
865 1824 1003 1879 ἀλλά
1043 1825 1186 1880 κατά
1217 1827 1279 1880 τὸ
1307 1827 1575 1898 ἀπαιτούμ

1834 1825 2136 1882 nirandum
2178 1843 2325 1893 esse,
2377 1831 2471 1886 sed
2509 1846 2608 1903 pro
2637 1847 2703 1888 eo
2748 1840 2912 1904 atque
2942 1849 2971 1888 a
3005 1833 3164 1890 nobis
3217 1833 3334 1888 exi-

76 1926 171 1972 νον,
203 1911 296 1963 καὶ
345 1912 408 1963 ὲν
456 1911 634 1983 ἑαυτῷ
667 1913 913 1985 ὑπάρχον
949 1916 1044 1969 τοῦ
1089 1916 1226 1988 πρὸς
1249 1918 1532 1973 εὐσέϐειαν
1561 1918 1576 1971 λ

1834 1933 1916 1983 ur,
1955 1918 2212 1989 quodque
2243 1921 2301 1976 in
2345 1923 2506 1980 nobis
2537 1925 2642 1995 pia:
2689 1926 2921 1982 rationis
2957 1925 3120 1994 inest,
3155 1925 3222 1982 de
3250 1925 3334 1981 di-

77 2000 258 2069 γισμοῦ
299 2001 433 2073 περὶ
473 2001 609 2056 Θεοῦ
637 2004 857 2060 εἰδέναι.
892 2005 955 2060 Et
998 2007 1054 2060 δὲ
1083 2010 1123 2073 ¹,
1151 2008 1237 2062 διὰ
1262 2010 1322 2063 τὸ
1351 2011 1577 2083 ἀγέννητ

1835 2025 1878 2064 ia
1911 2013 2196 2082 majestate
2225 2015 2590 2072 sentiendum.
2621 2017 2892 2085 Quoniam
2922 2018 3088 2092 igitur
3125 2020 3335 2091 ingeni-

75 2089 220 2144 αὐτὸν
275 2087 438 2157 εἶναι,
498 2094 976 2165 συνομολεογεῖσθαι
1032 2098 1090 2152 δὲ
1138 2100 1231 2172 ἀφ’
1274 2101 1432 2172 ἡμῶν
1467 2102 1575 2155 τοῦτ

1832 2119 1836 2152 ι
1914 2101 2057 2158 Deus
2113 2113 2234 2170 est,
2299 2105 2462 2175 idque
2525 2109 2668 2164 ultro
2733 2087 3058 2166 confitemur
3116 2125 3332 2174 omnes,

76 2182 170 2234 ἀπὸ
217 2183 441 2255 Γραφῆς
485 2186 540 2239 δὲ
575 2186 649 2257 μὴ
697 2187 842 2258 ἔχειν
876 2189 979 2260 τῆς
1021 2191 1317 2262 ὀνομασίας
1360 2193 1451 2248 τοῦ
1483 2194 1576 2265 λόγ

1834 2194 1964 2249 netsi
1993 2194 2146 2251 nullo
2175 2210 2208 2251 e
2238 2193 2534 2267 Scriptura:
2571 2199 2692 2254 loco
2722 2201 3066 2270 comprobari
3101 2201 3205 2256 hoc
3234 2217 3334 2272 ap-

76 2273 157 2345 τὴν
183 2273 459 2338 σύστασιν,
499 2277 614 2339 ἀλλ’
647 2279 740 2349 ἀφ’
760 2281 971 2335 ἑαυτῶν
1003 2281 1090 2337 διὰ
1118 2285 1222 2337 τῶν
1246 2285 1520 2358 λογισμῶν
1547 2306 1576 2341 τ

1838 2287 2059 2343 lationis
2101 2304 2274 2360 genus
2317 2298 2532 2358 potest,
2583 2291 2677 2346 sed
2710 2307 2740 2345 a
2776 2292 2936 2348 nobis
2982 2293 3140 2362 ipsis,
3170 2300 3335 2363 atque

78 2364 333 2418 εὐσέϐειαν
370 2367 578 2440 ταύτην
605 2369 804 2424 εἰδέναι
839 2372 898 2427 τὸ
923 2373 1097 2438 οὕτως
1126 2371 1286 2430 εἶναι.
1329 2378 1424 2442 Et;
1445 2378 1498 2432 τί
1534 2396 1578 2448 γε

1857 2378 1944 2450 pia
1981 2379 2071 2433 illa
2120 2380 2540 2437 ratiocinatione
2591 2381 2899 2452 profectum
2950 2391 3070 2442 est:
3108 2385 3175 2440 ad
3207 2400 3332 2440 eum

74 2455 240 2519 οὐσίας
259 2456 416 2512 ἔσται
454 2459 730 2526 διάστασις
758 2463 818 2516 τὸ
845 2465 1127 2536 γεννηθὲν,
1153 2467 1364 2522 είκατά
1383 2469 1570 2542 ἀλήθει

1831 2469 1968 2526 ldum
2006 2472 2149 2529 scire
2180 2488 2284 2530 nos
2314 2481 2368 2529 et
2398 2475 2718 2532 existimare
2767 2485 3201 2534 consentaneum
3228 2487 3331 2534 est.

76 2544 152 2598 τοῦ
172 2547 528 2620 γεγεννῆσθαι
557 2551 670 2622 ἔχει
703 2553 765 2606 τὸ
809 2554 981 2627 ὖνομα
1033 2560 1238 2629 φυσικῇ
1277 2562 1504 2615 τινικαὶ
1541 2563 1573 2616 ἀ

1831 2577 1856 2615 r
1889 2562 2035 2618 enim
2066 2564 2119 2618 in
2153 2577 2218 2619 eo
2252 2563 2398 2635 quod
2433 2565 2679 2634 genitum
2722 2574 2825 2632 est,
2858 2567 3116 2623 essentia:
3143 2567 3331 2622 divor-

77 2641 204 2710 ρήτῳ
233 2644 633 2717 συμπρεποὺσῃ
658 2643 734 2716 τῷ
754 2645 895 2718 Θεῷ,
935 2649 1028 2701 καὶ
1060 2647 1138 2719 τῷ
1162 2650 1220 2717 ἐξ
1248 2651 1411 2704 αὑτοῦ
1450 2669 1576 2722 γεγε

1833 2667 1880 2707 m
1920 2653 2141 2726 aliquod
2193 2655 2318 2720 erit,
2369 2654 2534 2727 942
2588 2657 2634 2712 si
2670 2656 2838 2728 geniti
2887 2672 3088 2713 nomen
3137 2659 3188 2713 ei
3219 2673 3333 2713 me—

77 2732 268 2812 νημὲνῳ
326 2734 577 2805 ἀχρόνως
624 2737 718 2790 καὶ
771 2738 1024 2810 ἀνάρχως
1064 2742 1122 2794 ἐν
1153 2741 1404 2816 ἀληθείᾳ,
1440 2745 1534 2799 καὶ
1575 2783 1577 2792 ι

1831 2755 2188 2818 )congruat,
2241 2747 2307 2802 a‘c
2357 2747 2597 2803 naturali
2645 2749 2904 2819 quadam,
2952 2749 3049 2806 sed
3098 2750 3331 2820 inexpli-

78 2829 467 2897 καταχρηστικῇ
515 2845 619 2882 τινι
671 2830 931 2902 ὑπονοίας
991 2833 1272 2888 Ἐντεῦθεν
1313 2837 1373 2890 οὐ
1413 2854 1578 2892 κτισττ

1828 2837 1900 2892 iiii
1960 2809 2024 2893 ac
2060 2809 2184 2893 tam-
2205 2838 2316 2896 Deo
2345 2838 2519 2906 Patri,
2552 2809 2716 2911 quain
2752 2841 2802 2896 ei
2833 2843 2926 2914 qui
2955 2843 3023 2897 ab
3061 2843 3158 2899 illo
3192 2809 3328 2897 citra

77 2934 231 2987 φαμεν
262 2919 358 2990 τὴν
388 2921 596 2985 οὐσίαν,
631 2923 752 2977 οὐδὲ
791 2923 1079 2997 ἀλλοτρίαν
1105 2926 1182 2992 ὡς
1218 2931 1471 3003 ποιητὴν,
1501 2933 1577 2987 ἀλ]

1832 2943 1958 3001 lpus
2013 2929 2338 3002 initiumque
2388 2932 2607 3003 genitus
2655 2940 2774 2999 est,
2837 2932 3185 2988 convenienti
3244 2948 3332 2988 ra-

77 3009 311 3079 γεννητὴν
334 3011 631 3077 οὑσιωδῶς,
662 3015 756 3068 καὶ
779 3016 877 3070 οὐκ
901 3017 1117 3072 ἀλλοίαν
1156 3021 1309 3092 παρά
1327 3023 1418 3076 τὸν
1444 3041 1572 3095 γεγε

1829 3039 1906 3090 ue,
1943 3031 1997 3078 et
2023 3022 2242 3094 quidem
2291 3039 2421 3080 vere
2485 3039 2550 3080 ac
2591 3025 2833 3096 proprie,
2884 3040 2991 3080 non
3024 3025 3142 3082 sola
3177 3025 3329 3081 vocis

78 3101 270 3188 νηκρτα.
301 3103 396 3156 Διὸ
427 3104 521 3157 καὶ
551 3104 806 3171 ἀκτιστος
827 3107 1092 3180 διαμένει,
1123 3113 1216 3166 καὶ
1236 3114 1298 3168 οὐ
1324 3116 1578 3188 ποιηθεῖσι

1829 3115 2004 3171 tsione
2033 3115 2346 3170 tribuatur?
2379 3115 2536 3172 Unde
2568 3132 2671 3171 nos
2715 3131 2890 3187 neque
2919 3127 3160 3172 creatam
3197 3117 3329 3171 sub-

77 3186 189 3240 ἀλλά
217 3190 536 3262 γεννηθείσα
559 3193 625 3247 ὲκ
652 3195 749 3266 τῆς
772 3197 945 3268 αὐτῆς
976 3199 1163 3265 οὐσίας
1183 3201 1340 3268 Θεοῦ,
1363 3207 1424 3259 οὐ
1442 3186 1577 3278 Ἵχρόι

1833 3207 2024 3273 ntiam,
2061 3223 2164 3263 nec
2196 3208 2452 3275 alienam,
2489 3217 2749 3280 tanquam
2785 3186 2928 3264 facta
2979 3209 3070 3274 sit,
3111 3207 3208 3263 sed
3239 3223 3327 3263 se-

78 3277 450 3339 ὑποπίπτουσα.
495 3285 568 3338 Ut)
604 3285 712 3358 γὰρ
741 3289 770 3341 ὁ
807 3292 1075 3362 γεννήσας
1109 3294 1169 3346 ὲν
1204 3294 1431 3370 ἀληθείᾳ
1455 3277 1578 3370 χρόν

1829 3299 1984 3355 ndum
2031 3301 2397 3357 substantiam
2435 3277 2700 3372 genitam,
2737 3314 2841 3356 nec
2883 3314 2910 3354 a
2948 3301 3329 3371 genitorepu~

79 3370 340 3442 ὑπέπεσεν,
374 3376 466 3434 ἵνα,
493 3381 750 3452 χρονικὴν
781 3381 1148 3454 ὑποστήσεται
1183 3387 1388 3442 οὐσίαν.
1419 3391 1579 3446 Ὀποῖ‹

1827 3408 1920 3448 nus
1955 3392 2207 3448 alienam.
2263 3391 2346 3448 0b
2397 3392 2454 3448 id
2495 3392 2740 3448 increata
2776 3400 2982 3456 manet,
3019 3407 3129 3446 non
3161 3389 3327 3455 faeta,

79 3462 166 3532 γάρ
209 3466 320 3520 ἐστι
367 3469 434 3522 τὸ
487 3471 754 3543 γέννημα,
799 3473 1039 3538 τοιοῦτος
1095 3479 1124 3530 ὁ
1160 3481 1478 3552 γεννήτωρο
1539 3503 1579 3538 κε

1827 3482 1930 3538 lex
1985 3482 2103 3553 ipsa
2135 3481 2226 3536 Dei
2286 3481 2593 3537 substantia
2627 3482 2828 3553 genita,
2869 3497 3046 3553 neque
3093 3489 3327 3552 tempori

79 3553 229 3618 ὁποῖος
257 3557 286 3609 ὁ
317 3560 623 3633 γεννήτωρ,
656 3563 896 3628 τοιοῦτος
925 3567 1019 3619 καὶ
1058 3569 1087 3620 ὁ
1124 3572 1542 3642 γεγεννημένος.

1825 3575 2009 3646 ajecta.
2043 3573 2255 3645 Quippe
2306 3575 2521 3646 genitor
2552 3575 2668 3645 ipse
2717 3573 2948 3645 tempori
2981 3589 3325 3645 nequaquam

79 3648 268 3715 subest,
321 3661 383 3708 ut
451 3657 838 3725 temporariam
905 3661 1269 3719 substantiam
1333 3671 1624 3737 producat.
1657 3672 1792 3727 Nam
1826 3669 2140 3740 cujusmodi
2183 3676 2268 3724 est
2316 3669 2462 3739 quod
2503 3670 2765 3742 gignitur,
2821 3669 2949 3724 talis
3005 3675 3090 3724 est
3139 3679 3193 3725 et
3235 3684 3327 3741 ge-

77 3742 224 3812 nitor;
249 3754 301 3801 et
327 3747 574 3805 vicissim
598 3752 776 3822 qualis
805 3754 1022 3824 genitor
1059 3764 1165 3823 est,
1207 3760 1316 3815 tale
1342 3763 1506 3818 etiam
1545 3775 1631 3824 est
1670 3764 1818 3839 quod
1850 3763 2125 3838 gignitur-

433 3860 825 3921 ΚΕΦΑΛΑῙΟΝ
861 3868 1117 3926 ΑΕτιοΥ
1146 3875 1238 3942 c7.

2231 3878 2412 3935 AETII
2453 3879 2680 3936 CAPUT
2721 3878 2806 3934 Vl.

134 3949 187 4003 ΕΞ
213 3952 269 4005 τὸ
290 3953 589 4028 ἀγέννητον
620 3958 906 4034 ἐγεννήθη,
932 3963 986 4016 τί
1028 3964 1089 4018 τὸ
1112 3967 1320 4021 κωλῦον
1345 3970 1406 4024 τὸ
1438 3989 1630 4044 γεννη-

1821 3975 1868 4031 Si
1905 3976 2206 4048 ingenitum
2258 3975 2505 4047 genitum
2552 3981 2660 4040 est,
2713 3972 2844 4044 quid
2897 3979 3044 4028 vetat
3085 3979 3140 4028 et
3177 3973 3321 4043 quod

79 4040 152 4094 τὸν
191 4045 475 4118 ἀγέννητον
537 4051 857 4119 γεγονέναι;
922 4055 1138 4111 Μᾶλλον
1189 4059 1297 4131 γὰρ
1347 4063 1441 4115 τοῦ
1485 4065 1579 4118 ἀνο

1822 4040 1990 4125 ιίιιιῐη⁷
2021 4076 2107 4126 est
2158 4070 2462 4140 ingenitum
2506 4069 2662 4125 ﬁeri?
2703 4069 2895 4125 Omnis
2932 4069 3078 4125 enim
3127 4077 3322 4124 natura

83 4135 200 4188 κείου
220 4138 304 4191 ἐπὶ
330 4141 389 4192 τὸ
417 4140 587 4213 αὐτῆς
618 4143 816 4198 οἰκεῖον
855 4146 1137 4216 ἐπείγεται
1175 4153 1323 4206 πᾶσα
1362 4152 1539 4224 φύσις.

1832 4160 1886 4215 id
1916 4159 2062 4230 quod
2099 4160 2204 4216 sibi
2250 4167 2685 4216 consentaneum
2716 4167 2801 4216 est
2841 4160 3020 4233 magis
3047 4176 3211 4232 quam
3253 4161 3322 4216 ad

1741 4253 1973 4308 alienum
2003 4253 2460 4323 peregrinumque
2492 4253 2789 4308 contendit.

614 4345 899 4416 Ἀνατροπ
910 4347 942 4417 ἡ
975 4351 1063 4417 (τ’.
2087 4362 2089 4364 ’

2087 4362 2089 4364 ’
2297 4361 2606 4432 Confutatio
2656 4360 2748 4418 VI.

136 4433 189 4487 Εί
225 4434 284 4490 τδ
315 4435 609 4507 ἀγέννητον
643 4439 887 4510 ἐποίησε,
923 4442 1018 4494 καὶ
1048 4441 1150 4496 οὐκ
1193 4442 1502 4515 ἐγέννησεν,
1535 4447 1628 4502 ἐπὶ

1819 4456 1864 4511 Si
1906 4454 2055 4528 quod
2083 4455 2383 4528 ingenitum
2417 4463 2504 4512 est
2549 4453 2768 4524 fecisse,
2802 4469 2911 4509 non
2944 4454 3204 4526 genuisse
3235 4453 3319 4509 di—

82 4523 161 4593 τῆς
193 4529 309 4597 μιᾶς
330 4529 657 4600 ταυτότητος
688 4532 1024 4605 ταττομένης
1051 4534 1152 4604 τῆς
1188 4535 1504 4607 ὀνομασίας,
1534 4557 1582 4593 xc

1821 4523 2034 4614 ιιι-,Ἕω
2075 4523 2166 4604 ιιι⁷
2188 4557 2420 4620 utraque
2463 4546 2580 4605 haec
2628 4548 2920 4621 appellatio
2951 4523 3072 4620 “pro
3112 4561 3222 4603 una
3265 4554 3319 4602 et

85 4612 274 4687 θατέρου
319 4617 531 4691 θατέρῳ
591 4619 668 4691 μὴ
725 4623 1217 4694 παρεκτεινομὲνου
1255 4625 1344 4679 διὰ
1363 4627 1460 4698 τῆς
1487 4645 1585 4682 κατ

1817 4639 1919 4697 lem
1963 4639 2302 4712 accipiatur,
2353 4657 2531 4712 neque
2559 4641 2791 4697 alterum
2832 4641 3010 4704 alteri,
3053 4640 3202 4696 velut
3249 4655 3317 4695 ex

84 4703 299 4776 ἀλήθειαν
340 4710 687 4782 ἀντωνυμίας
714 4726 729 4740 ⁶
767 4713 800 4784 ἡ
841 4711 1071 4785 δύναμις
1111 4716 1210 4786 τῆς
1255 4717 1494 4788 σχέσεως
1533 4722 1584 4774 ea

1818 4747 1962 4788 verso
2007 4733 2369 4806 respondens,
2411 4733 2693 4791 contrario
2734 4749 2923 4792 revera
2948 4731 3216 4790 vocabulo
3247 4731 3318 4788 sit

86 4793 274 4870 θατέρω
294 4801 558 4874 διαφωνία
578 4803 798 4876 ἕστηκε,
835 4806 1004 4878 μηδὲν
1035 4806 1172 4880 πρὸς
1203 4807 1265 4862 τὸ
1295 4809 1482 4883 ἕτερον
1504 4815 1586 4868 ἐπι

1816 4826 2064 4895 positum,
2103 4793 2210 4883 .vis
2265 4826 2604 4884 habitudinis
2647 4828 2822 4899 ipsius
2872 4829 2926 4882 in
2985 4827 3159 4882 altero
3203 4825 3316 4881 dis-

86 4891 369 4947 κοινωνοῦσα
397 4893 430 4966 ἢ
462 4894 624 4966 μόνον
651 4895 792 4950 κατὰ
819 4897 918 4969 τὴν
943 4897 1213 4965 ἐξουσίαν,
1247 4900 1340 4954 καὶ
1360 4901 1456 4955 τοῦ
1493 4923 1586 4977 πρε

1811 4891 1922 4971 icta
1968 4918 2188 4988 penitus
2236 4924 2342 4983 est,
2400 4933 2580 4990 neque
2629 4891 2927 4990 quidquam
2979 4916 3142 4972 liabet
3185 4929 3311 4970 cum

87 4983 261 5051 κριτέον
309 4986 521 5056 φύσεως
571 4989 746 5042 αἰτίου
784 4990 920 5062 πρὸς
970 4993 1078 5046 πᾶν
1119 4991 1181 5046 τὸ
1206 4993 1297 5046 ὑπ’
1329 4995 1501 5066 αὐτῆς
1529 5014 1587 5050 κε

1809 5023 1903 5063 ero
1938 5023 2250 5074 commune,
2279 5019 2477 5080 praeter
2503 5009 2791 5082 potestatis
2820 5006 3307 5077 comparationem,

88 5075 353 5142 κτισμένον.
397 5076 618 5151 Ἐπειδὴ
666 5080 722 5134 δὲ
744 5082 1020 5153 ἁναμέσον
1073 5084 1168 5138 τοῦ
1198 5087 1485 5157 ποιητικοῦ
1532 5106 1588 5143 κο

1809 5098 1874 5152 od
1909 5106 2168 5170 tanquam
2197 5075 2365 5156 causa
2407 5099 2462 5155 id
2513 5114 2697 5165 omne,
2724 5099 2872 5171 quod
2906 5111 2936 5152 a
2975 5112 3036 5152 se
3065 5103 3309 5152 creatum

89 5167 384 5263 ποιουμένου,
419 5171 515 5225 καὶ
545 5172 767 5227 κτίστου
816 5174 910 5228 καὶ
963 5176 1304 5248 κτιζομένου,
1357 5179 1493 5252 ἄλλη
1539 5182 1589 5236 τί

1815 5229 1830 5255 ,
1862 5167 2072 5247 natura:
2114 5191 2380 5261 dignitate
2416 5197 2656 5263 superet.
2686 5167 2806 5245 1am
2850 5205 2981 5246 vero
3008 5189 3145 5244 cum‘
3169 5187 3312 5242 inter

89 5253 203 5309 ἐστιν
221 5257 488 5332 ὀνομασία,
510 5263 805 5334 ὲγγίζουσα
835 5267 932 5337 μὲν
953 5267 1030 5339 τῷ
1062 5269 1341 5344 ἀγεννήτῳ
1373 5273 1589 5348 ὀνόματι

1811 5253 1956 5352 quod
1997 5253 2265 5341 (alliciendi
2309 5285 2359 5340 vi
2394 5253 2679 5354 praeditum
2725 5293 2831 5347 est,
2860 5290 3026 5354 atque
3054 5296 3190 5352 opus
3222 5278 3308 5336 είς

93 5353 428 5426 μακρυνομένη
468 5356 526 5410 δὲ
557 5357 668 5411 ἀπὸ
699 5356 793 5412 τοῦ
833 5360 1052 5414 κτίστου
1092 5363 1385 5429 ὀνόματοςο
1425 5367 1593 5424 ἀδύνα

1809 5384 1952 5443 :tum,
1991 5383 2045 5432 et
2087 5384 2391 5434 creatorem
2417 5385 2769 5447 creatamth
2824 5391 2937 5430 rem
2990 5374 3095 5429 alia
3159 5388 3309 5444 qua»

146 5505 160 5536 ¹
188 5504 239 5561 F.
270 5511 323 5566 δὲ
346 5509 443 5570 δεῖ.

276 5630 374 5709 ξεν
411 5633 642 5710 terga;
677 5635 945 5710 ρὀφζαις.
979 5635 1056 5710 Ex
1105 5637 1209 5710 hoc
1251 5637 1372 5710 loco
1405 5639 1620 5694 discant

1807 5659 1839 5695 η
1895 5642 1980 5696 liic
2011 5658 2174 5710 quam
2223 5643 2313 5697 alii
2364 5649 2574 5696 veteres
2605 5641 2792 5699 Patres
2836 5637 2980 5692 inter
3013 5632 3307 5704 Scriptura:

97 5688 823 5786 ξξξξίξξίοὶ,ψιοςίᾚρῖρίιοῆἰί
885 5688 1075 5786 deus
1106 5688 1619 5786 illibr—isvjudiciuiii
1731 5688 1986 5771 ἱίιῷἶοξὲὶ
2013 5688 2737 5786 69525rEé'eaié'Féefpiuiii;

100 5758 255 5834 hem:
285 5758 414 5841 ίίιιάδ
443 5775 520 5830 illi
570 5758 851 5834 aCanone
893 5758 1366 5852 E'ejiL-im‘;7,;o;
1381 5758 1618 5853 ᾖ,ῖάξῶ
1731 5758 1898 5771 ””““’·’
1935 5758 1986 5770 "
2017 5758 2160 5779 "'"’
2192 5758 2213 5767 ’
2236 5758 2411 5786 tm?"
2448 5758 2505 5770 ’ν
2561 5758 2616 5786 r'
2677 5758 2693 5770 ·
3002 5795 3060 5825 ’χ
