3790 6212
113 317 214 374 565

700 315 1071 375 ADVERSUS
1110 316 1450 373 HzERESES
1489 315 1618 371 LIB.
1661 315 1675 370 I

1829 313 2032 370 θέλω.
2066 342 2137 355 ——
2175 311 2448 370 HERES.
2489 311 2724 368 LXXVI.
3255 311 3360 370 ὅθ.

113 437 286 508 ἑαυτῷ
313 435 562 509 πονηρὸν,
591 438 684 490 καί
711 437 884 492 οὐδενὶ
909 440 1108 508 ἀγαθὸν
1139 440 1474 509 τυγχάνοντα
1499 455 1512 504 ;
1544 437 1675 491 Ἀλλ⁴

1827 436 1892 491 ibi
1937 436 2040 506 ipsi
2075 433 2276 498 malus,
2306 432 2700 490 nemini-alteri
2730 431 2906 488 benus
2933 437 3020 488 est
3047 429 3112 484 ’τ
3155 429 3259 486 Sed
3295 445 3366 485 ne

111 533 194 584 ἵνα
243 531 316 601 μὴ
369 531 454 600 ἐφ’
486 524 568 593 οἷς
615 529 958 602 ὲϐλάστησας
1005 531 1086 602 τῷ
1146 532 1336 604 κόσμῳ
1377 533 1587 596 κακοῖς,
1625 531 1683 584 ὲν

109 621 318 692 σεαυτῷ
371 621 528 691 ἔχων,
587 621 994 692 ὕπολαμϐἀνοις
1027 623 1102 686 ὡς
1137 624 1264 695 περὶ
1302 623 1554 695 μεγάλων
1591 622 1686 676 καὶ

105 710 420 774 ἀντιθέτων,
477 711 847 782 ἐπιμενοῦμεν
907 711 1002 764 καλ⁸
1039 711 1192 765 αὐτοὶ
1239 712 1376 782 μετά
1413 711 1686 783 μακροθυ-

107 803 234 874 μίας
299 803 364 872 τῇ
408 800 644 872 διστόμῳ
703 801 968 872 μαχαίρᾳ,
1009 801 1106 855 τοῦ
1151 803 1390 874 Χριστοῦ
1415 803 1559 873 λόγῳ
1595 803 1686 856 ὲκ-

101 894 388 962 τέμνοντές
445 910 538 946 σου
603 891 702 956 τὰς
743 892 1080 957 ἀκανθώδεις
1120 893 1296 964 ῥίζας,
1324 897 1382 948 ἐν
1413 897 1478 967 τῇ
1505 896 1680 962 ὑγιαι-

101 987 264 1058 νούσῃ
295 985 430 1056 πρὸς
449 983 580 1038 Θεὸν
607 984 792 1056 τελείᾳ
825 986 920 1038 καὶ
967 985 1195 1056 ἀληθινῇ
1232 986 1512 1056 ὁμολογίᾳ.
1544 983 1683 1050 Δόξα

101 1081 204 1148 γὰρ
257 1077 340 1146 τῷ
389 1077 638 1146 ὲλεήμονι
671 1075 748 1147 τῷ
783 1077 1098 1148 φωράσαντί
1139 1095 1220 1143 σε,
1253 1081 1435 1142 ὁποῖος
1460 1075 1531 1143 εἴ,
1585 1077 1682 1150 τὴν

97 1168 188 1222 τοῦ
231 1168 404 1221 Ἰούδα
435 1169 648 1237 ἐπέχων
679 1167 856 1234 τάξιν,
889 1169 984 1221 τοῦ
1015 1169 1114 1221 σὺν
1145 1171 1258 1229 τοῖς
1292 1169 1558 1240 μαθηταῖς
1584 1169 1682 1240 μὲν

99 1256 512 1329 ἀριθμηθέντος,
571 1255 957 1326 ἀτορισθέντος
997 1256 1076 1320 δὲ,
1114 1257 1175 1310 οὐ
1202 1257 1436 1328 Χριστοῦ
1470 1257 1681 1328 ἔχοντος

95 1351 182 1404 τὸν
209 1349 356 1412 νοῦν,
384 1348 497 1402 ἀλλ’
525 1350 588 1400 ὲκ
613 1349 706 1402 τοῦ
737 1349 952 1402 Σατανᾶ
987 1348 1388 1418 ὑποδεξαμένου
1419 1350 1518 1420 τὴν
1542 1350 1680 1421 πρὸς

95 1444 182 1498 τὸν
212 1444 496 1513 Δεσπότην
529 1442 694 1496 αὑτοῦ
727 1441 1174 1512 ἐπαρνησιθεῖαν.
1213 1442 1358 1514 Ψιλῇ
1387 1444 1496 1515 γὰρ
1538 1444 1681 1508 λέξει

97 1536 456 1607 ὡμολόγησας
503 1535 594 1587 τὸν
647 1534 774 1586 Υἱὸν
795 1533 890 1586 τοῦ
918 1533 1053 1586 Θεοῦ
1089 1533 1236 1606 ἔχειν
1274 1538 1332 1589 ὲν
1354 1539 1420 1606 τῇ
1447 1536 1676 1606 διανοίᾳ,

99 1629 204 1682 Καὶ
259 1627 344 1690 τίς
401 1629 516 1680 ἐστι
547 1627 706 1696 χρεία
737 1627 866 1695 περὶ
894 1625 996 1695 τῆς
1020 1625 1156 1696 πρὸς
1182 1625 1244 1678 σὲ
1279 1625 1491 1692 λαλιᾶς,
1515 1628 1677 1681 ὁπότε

98 1720 440 1774 παντάπασιν
466 1718 744 1788 ἀλλότριος
771 1716 1114 1789 Χριστιανῶν
1143 1718 1430 1789 ὑπάρχεις,
1463 1735 1676 1789 προφη-

1787 528 2024 600 pessima
2079 528 2170 582 illa
2215 527 2490 598 dogmata.
2521 539 2670 595 qua
2699 525 2996 580 inmundo
3041 532 3094 580 te
3137 532 3364 578 auctore

1787 619 2146 690 pullularunt,
2177 619 2526 689 magnificum
2559 616 2818 687 quiddam
2851 624 2906 671 et
2937 615 3204 686 ejusmodi
3238 627 3364 670 esse

1786 725 2037 776 censeas,
2075 719 2134 766 ut
2169 711 2386 766 veritati
2439 707 2816 764 contradicere
2867 709 3101 778 possint,
3152 707 3212 760 in
3259 707 3374 760 boe-

1782 805 1960 874 ipsuin
2026 804 2254 874 patienti
2313 801 2698 856 incumbemus
2753 797 2968 865 animo,
3029 805 3088 851 ut
3137 796 3372 866 ancipiti

1781 895 1966 966 gladio
1997 895 2039 960 ⁸,
2081 895 2182 950 hoc
2233 904 2318 950 est
2359 893 2564 948 Christi
2603 892 2789 956 verbo,
2826 889 3080 960 spinosas
3127 896 3252 942 tuas
3283 903 3364 942 ra-

1783 989 1939 1043 dices
1981 987 2322 1050 excidamus,
2371 1001 2436 1041 ac
2477 985 2778 1047 salubrem,
2831 981 3130 1052 perfectam
3162 995 3226 1036 ac
3254 980 3362 1036 sin-

1781 1094 1964 1134 ceram
2027 1079 2149 1134 fidei
2221 1078 2626 1135 confessionem
2700 1089 3066 1148 opponamus.
3135 1073 3361 1145 Magnas

1781 1170 1968 1240 itaque
2001 1167 2348 1224 misericordi
2386 1167 2496 1222 Deo
2524 1167 2730 1238 gratias
2757 1181 2918 1237 agere
2947 1165 3234 1228 debemus,
3265 1163 3361 1234 qui

1782 1259 2092 1330 cujusmodi
2143 1259 2223 1315 sis
2269 1259 2516 1314 iudicare
2546 1259 2705 1314 nobis
2743 1259 2935 1322 voluit,
2977 1265 3062 1321 tu,
3111 1257 3360 1327 inquam,

1791 1355 1882 1424 qui
1919 1352 2074 1408 Judaa
2116 1352 2297 1407 locum
2343 1351 2630 1422 vicemque
2668 1352 2913 1408 sustines
2945 1370 2960 1405 :
2995 1351 3086 1420 qui
3125 1364 3249 1405 cum
3281 1349 3365 1402 in-

1785 1455 1868 1502 ter
1909 1445 2215 1516 discipulos
2259 1451 2602 1510 censeretur,
2651 1443 2722 1499 ab
2769 1459 2957 1500 eorum
3007 1457 3238 1496 numero
3277 1453 3364 1496 se-

1780 1547 2040 1610 gregatus
2071 1546 2178 1602 est,
2210 1537 2356 1608 quod
2388 1536 2596 1592 Christi
2627 1543 2810 1590 mente
2849 1547 3192 1606 nequaquam
3222 1547 3361 1602 prae.-

1779 1631 1930 1686 ditus
1959 1646 1989 1686 e
2030 1628 2250 1684 Satanae
2284 1628 2464 1684 amatu
2502 1627 2770 1684 nefariam
2806 1627 2950 1680 illam
2977 1623 3228 1696 ejurandi
3263 1621 3360 1678 Dei

1781 1723 2113 1777 voluntatem
2144 1722 2437 1792 expressit.
2471 1719 2548 1774 Ita
2573 1727 2626 1775 et
2667 1727 2724 1774 tu
2757 1719 2942 1774 verbis
2971 1725 3132 1772 tenus
3161 1713 3359 1769 Filium

97 1813 198 1864 τῶν
215 1828 276 1863 τε
303 1811 400 1863 καὶ
429 1809 760 1873 ἀποστόλων,
788 1811 882 1862 καὶ
927 1808 1348 1877 εὐαγγελιστῶν,
1385 1808 1675 1880 μαρτύρων

1827 1814 1874 1867 ei
1928 1812 2130 1868 habere
2175 1821 2228 1866 te
2275 1811 2330 1865 in
2394 1810 2578 1864 animo
2626 1807 2920 1878 profiteris.
2987 1803 3130 1872 Quid
3178 1813 3360 1860 autem

96 1921 150 1955 τε
167 1904 260 1956 καὶ
277 1903 496 1955 πάντων
524 1901 629 1954 τῶν
652 1902 852 1969 ἀγίων;
889 1901 996 1954 τῶν
1026 1901 1241 1969 ἐλέγξαι
1267 1917 1325 1953 σε
1359 1903 1440 1964 είς
1463 1901 1675 1971 ἡμέραν

99 1994 326 2063 κρίσεως
373 1992 607 2061 ἑτοίμως
659 1992 924 2060 ἑχόντων·
967 1991 1048 2044 ὃτι
1085 1990 1214 2060 ἄχρι
1254 1989 1488 2043 θανάτου
1520 2006 1678 2060 στρε-

99 2083 376 2154 ϐλούμενοι
409 2083 727 2153 ὑπέμειναν.
765 2081 1172 2153 μαστιζόμενοι,
1211 2081 1474 2152 ξεόμενοι,
1515 2080 1678 2151 θηρσὶ

99 2177 186 2229 καὶ
233 2175 374 2245 πυρὶ
425 2171 866 2243 παραϐληθέντες
905 2173 998 2226 καὶ
1063 2171 1208 2241 φόνῳ
1245 2171 1538 2242 μαχαίρας,
1589 2171 1677 2224 ἵνα

99 2265 216 2319 Υἰὸν
246 2265 384 2318 Θεοῦ
421 2266 548 2318 ὄντα
611 2265 707 2318 καὶ
749 2262 809 2328 ἐξ
847 2262 1011 2317 αὐτοῦ
1047 2262 1314 2333 ἀληθινῶς
1343 2261 1676 2332 γεγεννημέ-

102 2373 184 2408 νον
225 2355 298 2426 μὴ
343 2357 711 2427 ἀρνήσωνται.
743 2353 1067 2425 Γεννητικὸς
1107 2353 1214 2424 γὰρ
1246 2356 1274 2408 ὁ
1297 2353 1486 2424 Πατὴρ
1511 2353 1674 2424 μόνου

98 2445 458 2516 Μονογενοῦς,
506 2447 602 2500 καὶ
625 2446 724 2517 οὐχ
757 2445 945 2516 ἐτέρου
986 2446 1130 2510 τινὸς
1166 2445 1246 2498 ἔτι
1273 2446 1410 2516 μετὰ
1436 2447 1527 2500 τὸν
1559 2445 1674 2508 ἕνα,

101 2539 186 2590 καὶ
207 2537 615 2610 ἀνομϐρητικὸς
655 2537 974 2607 Πνεῦματος
1025 2537 1202 2606 ἁγίου,
1235 2539 1331 2591 καὶ
1367 2537 1466 2608 οὐχ
1487 2537 1676 2608 ἑτέρου

99 2629 428 2700 Βνεύματος.
487 2629 726 2699 Κτίστης
771 2629 828 2681 δὲ
869 2629 962 2682 καὶ
992 2629 1224 2699 ποιητὴς
1255 2629 1364 2684 τῶν
1394 2630 1484 2683 ὑπ’
1511 2626 1676 2684 αὑτοῦ

99 2719 396 2790 γενομένων
451 2720 545 2772 καὶ
582 2719 670 2773 ἀεὶ
714 2719 1074 2790 γιγνομένων.
1121 2719 1214 2772 Διὸ
1238 2720 1421 2772 οὐκέτι
1465 2719 1676 2772 πολλῶν

101 2811 220 2863 υίῶν
261 2811 643 2882 γεννωμένων,
669 2809 794 2864 οὔτε
826 2810 1038 2864 πολλῶν
1073 2812 1400 2882 πνευμάτων
1428 2812 1488 2876 ἐξ
1513 2811 1676 2865 αὐτοῦ

103 2899 560 2971 ἐκπορευομένων,
593 2899 692 2969 τῆς
725 2898 896 2969 αὐτῆς
923 2897 1176 2969 θεότητος
1199 2899 1288 2953 ἀεὶ
1319 2901 1378 2950 ὲν
1399 2901 1466 2970 τῇ
1487 2897 1676 2970 Τριάδι

105 2994 360 3064 μενούσης
395 2992 488 3045 καὶ
526 2990 898 3063 δοξαζομένης
955 2991 1052 3045 καὶ
1097 2991 1365 3062 μηδέποτε
1402 2989 1679 3063 προστιθε-

107 3085 276 3154 μένης,
299 3085 442 3155 μήτε
466 3082 764 3154 ληγούσης,
797 3083 934 3154 μήτε
971 3081 1389 3153 ὑπολειφθείσης
1415 3081 1567 3145 ποτε,
1597 3080 1671 3145 ὡς

106 3175 172 3246 μὴ
203 3175 392 3245 οὔσης.
443 3175 534 3228 Διὸ
562 3174 658 3228 καὶ
686 3175 784 3245 οὐχ
802 3174 908 3240 ἕως
929 3174 1092 3244 ψιλῆς
1123 3173 1416 3244 ὀνομασίας
1469 3173 1562 3228 ἐπὶ
1593 3172 1670 3242 τῷ

103 3270 386 3338 γεννήματι
409 3266 622 3320 ἵσταται
659 3268 722 3320 τὸ
753 3266 996 3338 ἀξίωμα·
1029 3267 1152 3320 ἐπεὶ
1179 3265 1244 3320 ἂν
1267 3266 1496 3332 πολλοὺς
1523 3265 1670 3319 ἀδελ-

105 3363 222 3429 φοὺς
281 3363 401 3432 μετ’
465 3361 626 3416 αὐτὸν
676 3360 834 3431 ἔσχεν
879 3361 1100 3432 ὁμοίους
1135 3360 1304 3431 αὐτῷ,
1345 3359 1421 3424 ὼς
1458 3361 1550 3414 ἐπὶ
1589 3359 1669 3432 τῷ

104 3456 364 3527 εἰρημένῳ
386 3469 406 3488 ⁸
447 3455 619 3522 Υἱοὺς
655 3455 956 3526 ἐγέννησα
1007 3455 1108 3510 καὶ
1135 3455 1389 3524 ὕψωσα·
1441 3455 1534 3508 καὶ
1578 3453 1670 3507 ἐπὶ

105 3547 198 3616 τῷ,
238 3547 300 3600 '0
323 3547 582 3614 τετοκὼς
605 3548 849 3614 βώλους
869 3547 1094 3618 δρόσου
1117 3562 1131 3574 ·
1164 3547 1260 3600 καὶ
1291 3548 1383 3600 ἐπὶ
1410 3544 1510 3616 τῷ.
1543 3546 1669 3614 Ἀφ’

106 3635 169 3693 οὗ
195 3637 360 3694 πᾶσα
411 3639 624 3709 πατριὰ
660 3639 730 3692 ἐν
759 3639 994 3708 adparuit
1015 3639 1228 3694 καί-ἐπί
1255 3637 1368 3708 γῆς
1400 3634 1674 3706 demptde-

107 3745 214 3783 ται·
245 3730 338 3782 καὶ
408 3729 502 3783 ἐπὶ
534 3728 634 3798 τῷ,
673 3730 796 3796 Οὐχ
834 3723 922 3794 εἷς
959 3728 1164 3796 Πατὴρ
1199 3727 1441 3782 πάντων
1469 3727 1669 3796 ducor;

107 3819 190 3871 καὶ
225 3817 316 3870 ἐπὶ
347 3817 448 3888 τῷ,
482 3816 629 3884 Παῖς
676 3835 796 3886 μου
845 3815 1044 3870 Ἰακώϐ
1064 3835 1076 3846 ·
1125 3818 1220 3870 καὶ
1269 3817 1362 3870 ἐπὶ
1389 3815 1487 3887 τῷ,
1515 3819 1673 3884 Πρω.

108 3907 336 3974 τότοκός
353 3925 475 3978 μου
526 3905 782 3974 Ἰσραήλ.
809 3901 969 3961 Οὗτοι
992 3906 1101 3975 γὰρ
1130 3907 1351 3970 πάντες,
1370 3904 1498 3977 ψιλῇ
1527 3905 1672 3971 λέξει

109 4001 162 4052 τὸ
187 4003 278 4070 τῆς
312 4000 606 4070 ἀναγωγῆς
639 3999 746 4053 ἀπὸ
773 3999 868 4053 τοῦ
902 3999 979 4071 μὴ
1013 3995 1152 4054 εἷναι
1189 4000 1267 4063 είς
1285 3999 1346 4052 τὸ
1382 3994 1521 4052 εἶναι
1547 4015 1674 4065 προσ

111 4092 412 4162 κεκυφότες,
443 4093 504 4145 οὺ
545 4092 663 4145 κατ’
697 4091 884 4144 οὐσίαν
917 4094 984 4162 τῇ
1017 4089 1243 4162 ἀληθινῇ
1286 4091 1531 4144 ἵστανται
1558 4090 1674 4142 όνο-

115 4184 291 4256 μασία,
318 4183 458 4238 ἀλλᾶ
478 4183 648 4254 ψιλῶς
667 4182 918 4238 καὶκατὰ
937 4183 1118 4254 χάριν,
1151 4181 1275 4235 οὔτε
1313 4182 1442 4253 ψιλῇ
1472 4184 1673 4253 όνομα·

115 4273 196 4345 σία
219 4275 614 4348 ὀνομαζομένου
647 4278 687 4337 ί.
716 4275 854 4331 ἀλλά
869 4275 1008 4329 κατὰ
1023 4273 1280 4347 ἀλήθειαν
1306 4274 1412 4327 ἀπὸ
1445 4273 1536 4328 τοῦ
1559 4273 1675 4338 ἐνὸς

113 4365 188 4419 διὰ
212 4366 302 4420 τοῦ
335 4367 478 4430 ἐνὸς,
509 4369 606 4421 σὺν
635 4365 716 4438 τῷ
753 4365 814 4432 ἐξ
877 4364 1046 4420 αὑτοῦ
1089 4365 1511 4438 ἐκπορευομένῳ
1531 4405 1546 4430 ,
1578 4364 1673 4418 τοῦ

117 4456 264 4510 αὑτοῦ
287 4457 638 4530 λαμϐάνοντι.

1779 1905 2030 1976 pluribus
2088 1911 2268 1960 tecum
2321 1901 2554 1972 colloqui
2591 1915 2820 1956 necesse
2861 1905 2983 1964 est.
3009 1912 3132 1953 cum
3179 1896 3258 1951 sis
3289 1895 3358 1948 ab

1778 1996 1928 2051 omni
1971 2005 2116 2050 coetu
2153 1994 2596 2049 Christianorum
2651 1991 2892 2052 alienus,
2947 1988 3228 2060 prophetis
3273 1986 3358 2041 ni-

1777 2089 2000 2154 mirum,
2055 2085 2346 2157 apostolis,
2396 2083 2769 2155 evangelistis,
2807 2081 3172 2153 martyribus.
3197 2086 3359 2135 cme-

1777 2177 1857 2232 ris
1915 2175 2152 2245 denique
2213 2173 2466 2229 sanctis?
2529 2171 2618 2240 qui
2658 2180 2712 2226 te
2738 2181 2984 2226 extremo
3033 2168 3126 2223 illo
3165 2166 3362 2238 JlldiCii

1777 2268 1864 2324 die
1911 2268 2091 2338 palam
2139 2267 2506 2337 redarguent,
2574 2263 2722 2335 quod
2777 2263 2844 2316 ad
2903 2272 3130 2317 mortem
3186 2273 3362 2329 usque

1777 2359 2130 2430 quaestiones,
2185 2357 2418 2428 ﬂagella,
2451 2356 2722 2420 lanienas,
2774 2353 3002 2416 bestias,
3055 2353 3228 2422 ignes,
3265 2367 3362 2421 po-

1779 2458 1984 2506 stremo
2017 2449 2256 2520 gladium
2293 2447 2680 2511 sustinuerint,
2709 2453 2768 2499 ut
2811 2459 2882 2500 ne
2925 2443 3019 2498 Dei
3049 2441 3247 2496 Filium
3305 2449 3362 2496 et

1779 2540 1848 2595 ab
1877 2541 1998 2610 ipso
2025 2553 2213 2594 revera
2241 2537 2624 2608 procedentem
2649 2536 3006 2605 abnegarent.
3031 2531 3194 2588 Pater
3217 2531 3362 2586 enim

1777 2647 1948 2686 unum
1997 2629 2268 2686 duntaxat
2317 2628 2542 2690 Filium,
2570 2643 2678 2682 non
2709 2627 2942 2682 alterum
2988 2625 3058 2680 ab
3083 2639 3150 2680 eo
3181 2631 3368 2695 potest
3431 2651 3446 2668 -

1777 2724 2019 2794 gignere,
2057 2720 2199 2775 idem
2229 2729 2286 2776 et
2333 2719 2602 2790 Spiritum
2655 2727 2930 2780 sanctum,
2965 2731 3076 2770 non
3125 2715 3366 2784 ahenum

1778 2815 1848 2870 ab
1877 2829 1944 2869 eo
1979 2813 2244 2882 Spiritum
2287 2819 2480 2880 suapte
2511 2811 2562 2864 vi
2605 2817 2770 2879 atque
2823 2824 2889 2862 ex
2931 2822 3054 2863 sese
3079 2805 3364 2878 produxit:

1777 2907 1848 2959 At
1901 2917 2092 2960 eorum
2144 2918 2267 2973 quae
2310 2901 2382 2957 ab
2411 2902 2534 2972 ipso
2586 2901 2744 2956 facta
2784 2908 2936 2963 sunt,
2997 2897 3364 2967 ett-perpetuo

1781 2997 1934 3062 ﬁunt,
1976 3002 2194 3051 creator
2219 3002 2306 3050 est
2335 3009 2402 3050 ac
2431 2993 2704 3050 conditor.
2733 2991 3006 3058 Quocirca
3029 3003 3206 3061 neque
3247 2989 3364 3059 plu-

1777 3104 1866 3143 res
1920 3087 2100 3141 adhuc
2153 3092 2485 3156 generantur
2533 3084 2650 3144 filii,
2705 3097 2883 3152 neque
2933 3081 3358 3151 plures..ab.eo

1775 3176 2076 3248 procedunt
2131 3177 2394 3246 spiritus.
2435 3174 2544 3231 Sed
2592 3173 2856 3230 divinitas
2911 3173 3048 3242 ipsa.
3081 3169 3368 3226 in'l‘riuip
3453 3159 3456 3162 ’

1770 3275 1884 3322 tate
1935 3273 2140 3330 manet,
2191 3281 2254 3321 ac
2301 3265 2654 3336 praedicatur,
2699 3278 2800 3318 nec
2849 3263 2922 3318 ad
2968 3277 3088 3318 eam
3142 3261 3254 3316 ulla
3307 3261 3367 3316 tit

1769 3359 2037 3423 accessio,
2074 3372 2254 3428 neque
2288 3356 2495 3412 desinit
2525 3369 2790 3426 unquam,
2837 3369 3014 3424 neque
3043 3353 3203 3423 quasi
3237 3367 3371 3406 nus-

1769 3465 1932 3520 quam
1957 3449 2034 3504 sit
2055 3449 2396 3506 destituitur.
2438 3445 2595 3502 Unde
2637 3462 2750 3502 non
2785 3447 2840 3500 in
2861 3445 3222 3516 appellatione
3249 3441 3369 3498 sola

1769 3541 1893 3617 ejus
1926 3541 2073 3612 quod
2129 3541 2372 3610 genitum
2403 3549 2510 3604 est,
2537 3537 2782 3610 dignitas
2821 3537 3100 3592 consistit.
3147 3533 3369 3602 Alioqui

1771 3649 1934 3703 quam
1972 3634 2239 3704 plurimos
2273 3640 2398 3704 post
2449 3647 2510 3688 se
2555 3630 2758 3688 fratres
2786 3645 2852 3687 ac
2891 3629 2978 3687 sui
3016 3627 3226 3686 similes
3271 3623 3370 3679 ha-

1771 3725 1940 3792 beret,
2007 3735 2064 3780 ut
2113 3741 2182 3780 ex
2235 3725 2330 3778 illo
2369 3723 2492 3778 loco
2539 3729 2804 3781 constat:
2843 3721 3016 3776 Filios
3063 3719 3256 3790 genui,
3317 3727 3369 3772 et

1771 3817 2076 3882 exaltari“;
2113 3817 2244 3872 item
2275 3835 2289 3871 :
2333 3815 2440 3883 Qui
2461 3816 2642 3888 genuit
2669 3813 2850 3870 stillas
2896 3813 3034 3868 roris
3063 3813 3117 3876 ‘;
3161 3820 3276 3865 tum
3311 3807 3372 3862 il-

1777 3908 1909 3964 lud:
1953 3907 2037 3962 Ea:
2082 3925 2184 3978 quo
2214 3905 2384 3963 omnis
2429 3907 2728 3978 paternitar
2767 3908 2823 3962 in
2853 3905 2982 3960 εωίο
3037 3912 3088 3959 et
3125 3904 3198 3956 in-
3229 3909 3370 3958 terra

1773 4002 2076 4056 nominatur
2105 4003 2123 4032 ⁷
2148 4018 2162 4065 ;
2195 3999 2392 4055 deinde
2418 4017 2432 4053 :
2467 3997 2657 4054 Nonne
2677 4014 2814 4052 unus
2845 3996 3009 4050 Pater
3033 4003 3110 4049 est
3133 3991 3370 4048 omnium

1773 4100 2003 4144 vestrum
2023 4089 2082 4142 3?
2111 4087 2272 4158 945
2299 4087 2458 4142 item:
2478 4085 2652 4141 Filius
2671 4103 2812 4142 meus
2831 4083 3002 4139 Jacob
3037 4085 3094 4150 9;
3125 4089 3180 4138 et
3205 4099 3220 4135 :
3243 4079 3369 4136 Pri:

1776 4181 2064 4250 mogenitus
2107 4194 2252 4232 meus
2294 4176 2472 4232 Israel
2504 4178 2570 4233 ¹⁰.
2609 4176 2746 4230 Nam
2789 4177 2882 4232 isti
2917 4190 3108 4233 omnes
3157 4186 3372 4230 accom-

1777 4272 1996 4326 modata
2044 4285 2142 4340 per
2186 4269 2580 4344 tropum.Filii
2615 4283 2771 4336 voce,
2828 4283 2958 4325 cum
3009 4265 3256 4324 nondum
3289 4276 3372 4318 es.-

1777 4372 1920 4428 sent,
1951 4379 2018 4420 eo
2051 4372 2112 4418 ut
2143 4371 2332 4418 essent
2369 4361 2648 4433 progressi
2696 4367 2847 4418 sunt.
2881 4359 3118 4430 Ideoque
3159 4367 3371 4426 nequa-

1777 4471 1940 4527 quam
1999 4469 2130 4511 vera
2171 4469 2236 4508 ac
2269 4453 2452 4510 solida
2475 4453 2780 4512 secundum
2825 4459 3102 4508 naturam.
3130 4445 3370 4522 appella-

117 4551 248 4604 tione
297 4560 628 4616 censentur,
687 4552 784 4608 sed
843 4552 1028 4608 minus
1094 4551 1313 4622 proprie
1369 4564 1434 4603 ac
1485 4549 1673 4618 gratia:
1749 4547 2110 4618 beneficiique
2156 4547 2280 4604 loco
2319 4545 2372 4600 id
2433 4545 2548 4602 illis
2588 4545 2905 4604 tribuitur:
2959 4544 3034 4599 ita
3083 4551 3266 4596 tamen
3309 4544 3368 4594 ut

119 4653 298 4713 praeter
317 4647 746 4716 appellationem.
772 4648 946 4716 ipsam
977 4647 1108 4700 insit
1137 4645 1365 4716 aliquid,
1389 4651 1674 4714 propterea
1712 4641 1858 4713 quod
1898 4641 1966 4696 ab
2001 4657 2108 4696 uno
2165 4650 2222 4698 et
2291 4657 2388 4712 per
2435 4657 2612 4696 unum
2651 4655 2858 4697 revera.
2887 4644 3172 4710 procreata
3215 4641 3364 4700 sunt,

121 4755 316 4796 necnon
373 4749 430 4797 et
459 4757 490 4795 ιι
536 4742 742 4811 Spiritu
775 4749 992 4802 sancto,
1040 4742 1130 4811 qui
1175 4744 1246 4796 ab
1272 4741 1390 4810 ipso
1421 4737 1688 4808 procedit,
1726 4746 1782 4794 et
1809 4753 1876 4794 ex
1909 4737 2028 4807 ipso
2057 4737 2274 4806 accipit.

491 4834 888 4889 ΚΕΦΑΑΑΙΟΝ
925 4833 1182 4888 ΑΕΤΙΟΥ
1223 4833 1298 4885 0’.

183 4929 242 4982 Ei
273 4929 661 4999 σπερματικῶς
687 4923 755 4999 ἦν
797 4928 854 4979 ἐν
884 4928 964 4997 τῷ
1000 4927 1282 4997 ἀγεννήτῳ
1311 4925 1428 4996 Θεῷ
1465 4925 1527 4978 τὸ
1561 4924 1679 4994 γέν-

125 5038 276 5090 νημα,
306 5021 443 5092 μετά
471 5021 568 5092 τὴν
613 5021 864 5090 γέννησιν
899 5020 1106 5086 ἔξωθεν·
1145 5015 1472 5089 προσλαϐὸν,
1507 5016 1582 5078 ὼς
1615 5015 1682 5068 ἂν

127 5113 254 5164 εἴποι
291 5129 404 5176 τις,
427 5110 700 5183 ἠνδρώθη.
737 5110 954 5174 Τέλειος
979 5106 1072 5164 οὖν
1103 5112 1248 5162 ἐστιν
1283 5111 1312 5162 ὁ
1343 5107 1470 5170 Υίὸς
1501 5105 1600 5159 οὐκ
1625 5105 1686 5169 ἐξ

127 5197 190 5256 ὧν
215 5206 493 5276 ἐγεννήθη,
521 5204 632 5258 ἀλλ’
667 5205 728 5270 ἐξ
758 5198 834 5258 ὧν
869 5202 1196 5275 προσέλαϐε.
1232 5201 1314 5256 Τὰ
1345 5199 1454 5272 γὰρ
1485 5215 1684 5268 συγγεο

130 5295 278 5360 νικῶς
297 5295 806 5368 προσλαμϐάνοντα,
831 5296 906 5358 ὡς
929 5293 988 5357 ἐξ
1009 5294 1236 5348 ἐκείνων
1265 5293 1596 5358 συνεστῶτα,
1627 5292 1688 5344 τὸ

131 5387 316 5443 τελείου
342 5391 512 5460 ὄνομα
535 5390 808 5459 διαφόρως
843 5387 1128 5458 προΐεσθαι
1145 5388 1164 5418 ²
1194 5387 1457 5456 πέφυκεν.

201 5683 217 5754 '_
329 5681 783 5754 dvopa§dpswz.__
811 5684 830 5712 ²
943 5679 1280 5754 προσίεσθαι.

2281 4827 2466 4882 AETII
2503 4825 2732 4884 CAPUT
2775 4825 2868 4881 IX.

1866 4922 1924 4978 Si
1957 4922 2011 4979 in
2043 4924 2288 4994 ingenito
2339 4919 2449 4977 Deo
2481 4920 2697 4992 [territus
2739 4918 2910 4974 Filius
2963 4917 3110 4972 velut
3135 4913 3369 4986 quodam

1791 5017 1998 5072 semine
2032 5015 2436 5080 continebatur,
2473 5012 2616 5068 idem
2645 5011 2756 5066 ubi.
2769 5009 2988 5082 genitus
3017 5013 3122 5072 est,
3156 5005 3369 5060 extrin-

1793 5123 1956 5166 secus
2000 5108 2316 5164 accessione
2359 5105 2500 5160 facta
2529 5103 2598 5160 ad
2629 5103 2864 5168 virilem,
2903 5109 2962 5158 ut
2999 5101 3070 5154 ita
3111 5096 3366 5158 dixerim.

1785 5207 1998 5254 aetatem
2026 5196 2284 5252 adolevit.
2317 5194 2506 5265 itaque
2537 5194 2816 5265 perfectus
2845 5199 2928 5248 est
2958 5191 3129 5246 Filius
3163 5201 3272 5244 non
3300 5203 3368 5241 ex

1789 5289 1906 5358 ipsa
1949 5287 2320 5357 generatione,
2363 5284 2460 5340 sed
2492 5299 2558 5339 ex
2591 5299 2656 5340 eo
2701 5283 2844 5352 quod
2889 5281 2965 5336 illi
3007 5278 3359 5351 postmodum

1789 5377 2068 5432 accrevit:
2105 5393 2232 5432 nam
2268 5391 2392 5446 quae
2421 5383 2686 5446 cognatas
2720 5388 2810 5428 res
2840 5371 2908 5426 ad
2939 5371 3026 5426 sui
3055 5370 3366 5424 incremen-

1786 5467 2230 5532 tumasciscunt.
2271 5475 2532 5537 tanquam
2562 5481 2628 5520 ex
2655 5465 2762 5520 illis
2786 5461 3116 5526 constantia,
3147 5460 3366 5516 diverso

1787 5562 1949 5618 modo
1983 5558 2206 5630 perfecti
2237 5573 2432 5614 nomen
2465 5557 2774 5612 admittunt.

1359 5679 1378 5706 ³
1403 5678 1566 5734 Eccli.
1605 5695 1675 5733 xu

1881 5681 1900 5710 ⁸
1942 5679 2104 5736 Hebr.
2141 5695 2214 5738 IV,
2254 5679 2337 5733 1‘2.
2416 5681 2436 5712 ⁵
2472 5679 2575 5735 lsa.
2621 5693 2657 5742 ι,
2691 5678 2744 5731 2.
2823 5677 2842 5708 ⁶
2874 5673 2977 5731 Job
3004 5687 3233 5740 xxxviii,
3263 5667 3355 5726 28.

137 5749 156 5782 '
185 5749 364 5822 Eplies.
389 5749 472 5820 ιιι,
509 5749 592 5808 15.
687 5754 708 5784 ³
740 5751 928 5808 Matth.
959 5749 1116 5820 ιιᾷιιιι,
1150 5753 1201 5807 9.
1280 5750 1300 5782 ⁹
1333 5749 1438 5805 lsa.
1463 5767 1571 5820 xm,
1605 5751 1656 5804 8.

1827 5749 1986 5807 Exod.
2029 5767 2102 5816 Iv,
2143 5751 2233 5804 2‘2.
