3790 6212
394 259 501 318 567

954 371 1266 443 Confatatio
1307 369 1417 428 IX.

466 465 508 521 Ι.
556 463 674 522 Nisi
723 477 978 536 corporis
1029 473 1312 536 expertem
1361 464 1665 537 genitorem
1719 465 1982 522 conﬁtea-

392 572 539 625 mur,
563 563 1029 628 quantascunque
1055 557 1211 613 voles
1239 556 1541 629 tragardias
1563 555 1823 612 excitato.
1849 555 1982 622 Qui-

323 645 338 694 !
392 645 496 702 bus
540 646 812 702 neminem
867 652 926 699 tu
964 645 1186 716 quidem
1245 654 1544 717 perterres,
1597 645 1692 702 sed
1741 652 1982 701 mentem

392 744 544 792 tuam
589 750 622 792 a
670 752 814 793 vera:
873 736 998 792 fidei
1044 736 1390 809 professione
1436 738 1849 808 perturbatione
1889 736 1981 792 illa

390 827 609 897 dejicis.
651 829 826 899 Igitur
864 828 1148 901 perfectus
1188 844 1220 887 e
1257 829 1445 900 seipse
1484 829 1630 886 Deus
1680 829 1983 902 perfectum

391 921 582 992 genuit
609 920 828 986 Filium,
881 936 989 977 non
1024 922 1191 978 alium
1234 933 1433 993 praeter
1471 934 1746 979 naturam.
1796 922 1984 994 Neque

391 1012 541 1068 enim
581 1014 834 1081 genitore
866 1023 954 1072 est
991 1015 1276 1087 indignus,
1332 1032 1437 1074 nec
1479 1023 1763 1073 externam
1814 1017 1983 1072 ullam

393 1107 771 1162 accessionem
799 1107 1099 1165 desiderat.
1145 1106 1292 1164 Nihil
1314 1110 1515 1180 quippe
1559 1107 1860 1164 secundum
1889 1107 1984 1164 Dei

395 1197 765 1254 substantiam
828 1200 1012 1270 majus
1064 1216 1129 1255 ac
1187 1202 1538 1271 praestantius
1590 1216 1714 1258 esse
1759 1208 1982 1272 potest;

393 1288 544 1358 quod
583 1289 733 1347 istud
771 1290 972 1361 ipsum,
1005 1291 1152 1365 quod
1185 1291 1254 1348 ad
1298 1291 1690 1362 perfectionem
1722 1291 1988 1347 accedere

395 1383 622 1449 dicitur,
670 1398 798 1440 cum
839 1384 1118 1456 indigente
1148 1383 1537 1440 communicet.
1574 1381 1712 1438 Nam
1744 1383 1836 1453 qui
1864 1398 1988 1453 per-

397 1481 566 1542 petuo
602 1489 800 1546 expers
830 1475 1084 1546 corporis
1117 1474 1358 1540 exsistit,
1418 1489 1676 1546 peraeque
1711 1475 1986 1531 exsisten-

399 1569 510 1618 tem
556 1566 700 1638 apud
734 1566 940 1638 ipsum,
979 1565 1400 1636 perfectumque
1441 1566 1721 1635 perfectus
1760 1564 1987 1635 genitali

398 1661 635 1736 quadam
658 1659 710 1715 vi
739 1674 958 1730 semper
988 1672 1054 1714 ac
1077 1673 1204 1714 vere
1230 1657 1510 1728 produxit,
1535 1656 1704 1722 Deus,
1737 1657 1987 1728 inquam,

1762 251 1824 310 S.
1867 249 2216 308 EPIPIIANII

2005 377 2052 433 Δ

2658 369 2712 422 Ἀ
2726 367 2994 437 νατροπὴ
3023 369 3102 420 Θ’.

2138 458 2211 512 A’.
2225 456 2288 511 Et
2301 454 2378 529 μὴ
2388 452 2718 526 ὡμολογεῖτο
2731 450 3020 524 ἀσώματος
3030 451 3107 508 ὦν
3117 453 3147 507 ὁ
3156 453 3463 525 γεννήτωρ.
3491 456 3682 510 πάντα

2081 549 2236 620 παρὰ
2266 549 2349 602 σοί
2375 545 2915 621 δραματουργείσθω.
2937 548 3449 618 Δραματουργήσας
3469 547 3550 608 δὲ.
3578 549 3680 600 οὐκ

2079 640 2241 696 ἀλλον
2270 639 2394 694 τινὰ
2425 637 2675 711 πτύρεις,
2711 637 2944 692 σεαυτοῦ
2979 638 3038 692 δὲ
3064 639 3158 692 τὸν
3202 637 3330 692 νοῦν
3355 637 3535 700 θολοῖς
3570 638 3685 691 ἀπὸ

2081 735 2183 806 τῆς
2213 733 2475 805 ἀληθινῆς
2494 731 2808 804 ὁμολογίας.
2846 731 2936 809 Ἐξ
2965 730 3134 786 αὑτοῦ
3162 731 3274 802 γὰρ
3307 731 3446 794 θεὸς
3473 730 3680 792 τέλειος

2083 828 2189 896 ὢν,
2223 828 2429 883 τέλειον
2478 827 2608 881 Υίδν
2641 809 2965 897 ἐγέννησεν,
3009 825 3109 896 οὐχ
3151 825 3342 896 ἕτερον
3383 824 3541 895 παρά
3589 824 3682 892 τὴν

2084 924 2267 995 φύσιν.
2300 924 2375 995 Οὐ
2418 922 2530 995 γάρ
2571 920 2829 993 ἀπρεπής
2879 922 2994 974 ἐστι
3043 919 3182 990 πρὸς
3221 918 3316 972 τὸν
3349 920 3680 989 γεννήτορα,

2081 1015 2208 1071 οῦτε
2233 1013 2432 1081 ἔξωθεν
2456 1014 2804 1086 ὲπιδεόμενος
2832 1012 3213 1085 προσλήψεως.
3239 1013 3316 1066 Οὐ
3341 1013 3452 1084 γάρ
3485 1013 3542 1066 τί
3568 1013 3684 1064 ἐστι

2087 1107 2271 1182 μεῖξον
2299 1107 2437 1180 μετὰ
2457 1107 2557 1180 τὴν
2586 1107 2680 1161 τοῦ
2707 1105 2845 1160 Θεοῦ
2865 1104 3076 1167 οὐσίαν,
3103 1105 3254 1168 ὅπως
3272 1103 3354 1174 τῷ
3381 1103 3683 1173 ὲνδεομένῳ

2087 1201 2412 1274 μεταδοῦναι
2459 1200 2560 1271 τῆς
2601 1198 2960 1270 προσλήψεως
2998 1197 3138 1270 πρὸς
3171 1195 3495 1266 τελειότητα
3525 1196 3684 1264 89w,-

2085 1294 2225 1366 θείη.
2265 1293 2326 1346 '0
2348 1291 2458 1362 γὰρ
2485 1291 2562 1345 ὢν
2600 1291 2688 1344 ἀεὶ
2731 1289 3046 1362 ἀσώματος,
3075 1289 3170 1344 τὸν
3209 1287 3344 1342 ὄντα
3388 1285 3683 1357 ἀσώματον

2085 1385 2219 1456 παρ’
2243 1383 2392 1455 αὐτῷ
2420 1383 2497 1455 τῷ
2527 1384 2641 1437 ὄντι
2670 1383 2758 1437 ἀεὶ
2785 1381 3143 1452 γεννητικιῖκ,
3177 1381 3390 1434 τέλειον
3417 1381 3449 1434 ό
3480 1380 3684 1442 τέλειος

2085 1479 2173 1532 ἀεὶ
2200 1477 2373 1540 ὅντως
2405 1475 2728 1547 γεγέννηκε,
2769 1473 2990 1546 πνεῦμα
3035 1472 3110 1527 ὢν
3138 1473 3292 1537 Θεὸς,
3326 1473 3428 1527 καὶ
3469 1471 3684 1540 πνεῦμα

2086 1568 2216 1621 ὅντα
2263 1567 2356 1621 τὸν
2399 1566 2771 1621 ὲνυπόστατον
2821 1565 2997 1634 Λόγον
3030 1562 3406 1634 γεγεννηκώς.
3441 1563 3518 1615 Τὸ
3570 1562 3684 1614 ὅλον

2089 1661 2198 1732 γὰρ
2225 1659 2433 1730 ἠλίθιον
2458 1658 2543 1730 εἴη
2567 1658 2721 1731 παρά
2751 1658 2834 1712 σοὶ
2864 1656 2944 1728 τῷ
2980 1655 3192 1728 Ἀετξῳ,
3216 1655 3296 1726 τῷ
3327 1653 3684 1726 ἑμϐατεύοντι

398 1724 626 1825 spiritus
677 1724 932 1822 spiritum
978 1750 1188 1821 genuit,
1226 1724 1464 1805 Verbum
1511 1748 1607 1806 Dei
1655 1724 1983 1806 subsistens.

2118 1724 2187 1806 Lai
2219 1724 2318 1814 τάς
2350 1749 2494 1804 κατὰ
2523 1724 2665 1803 Θεὸν.
2679 1748 2836 1816 δόξας
2871 1724 3165 1819 ἐρευνῶντί
3203 1724 3279 1800 ὲκ-
3306 1724 3686 1815 σῦλλογισρῶν

397 1843 497 1900 Est
525 1857 659 1899 vero
685 1857 812 1897 cum
833 1840 1049 1912 primis,
1078 1840 1223 1906 Aeti,
1262 1847 1414 1896 tuum
1444 1839 1580 1896 illud
1613 1850 1986 1896 commentum

398 1923 720 1998 ridiculum,
750 1934 844 2004 qui
881 1932 1132 1989 cmlestia
1163 1932 1524 2002 perscrutari,
1561 1946 1626 1986 ac
1659 1932 1790 2002 quid
1819 1930 1887 1988 de
1911 1931 1991 1987 di-

399 2026 545 2082 vinis
591 2025 759 2082 rebus
795 2024 1229 2082 existimandum
1267 2025 1362 2090 sit,
1398 2024 1732 2095 syllogismis
1786 2030 1842 2078 et
1905 2037 1991 2078 ar-

399 2118 550 2190 gutis
585 2117 1108 2174 ratiocinationibus
1147 2117 1484 2190 investigare
1516 2117 1725 2184 studes,
1759 2132 1886 2173 cum
1933 2118 1985 2172 ei

400 2205 512 2286 qui
535 2229 568 2270 ο
612 2212 790 2269 nihilo
814 2211 1067 2267 condidit
1096 2211 1379 2278 universa,
1427 2209 1483 2268 et
1510 2211 1580 2268 ad
1614 2225 1786 2267 unum
1817 2210 1991 2281 perfeo

400 2309 490 2356 cte
522 2301 710 2356 eadem
739 2299 1027 2356 elaborare
1064 2299 1157 2355 illa
1193 2309 1395 2372 potest,
1433 2302 1638 2372 quique
1677 2300 1884 2356 nullius
1912 2300 1988 2354 in-

400 2391 667 2449 crementi
708 2397 764 2446 et
797 2390 1139 2448 accessionis
1181 2400 1322 2463 eget,
1363 2401 1418 2446 et
1460 2393 1553 2447 illa
1600 2393 1814 2463 legibus
1873 2392 1990 2449 suis

403 2499 469 2539 ac
510 2482 752 2539 decretis
793 2483 1073 2548 astrinxit,
1111 2482 1348 2538 Verbum
1398 2482 1610 2555 nilitigis
1651 2484 1987 2552 istiusmodi,

401 2577 547 2647 quod
597 2584 956 2648 augmentum
995 2575 1304 2633 divinitatis
1331 2575 1608 2645 admittat,
1660 2591 1844 2648 neque
1888 2579 1994 2634 sal-

398 2675 512 2722 tem
559 2681 684 2722 eum
717 2667 925 2724 creatis
973 2667 1044 2723 ab
1075 2667 1194 2738 ipso
1234 2667 1404 2724 rebus
1444 2666 1721 2738 adaquari
1759 2668 1988 2739 pateris.

399 2759 570 2833 9&6
596 2759 747 2828 Quas
781 2775 909 2815 cum
944 2760 1219 2832 perfectas
1254 2761 1414 2817 initio
1455 2761 1850 2834 absolutasque
1879 2777 1994 2817 mo-

406 2851 538 2908 litus
584 2859 692 2917 est,
740 2859 857 2908 tum
903 2869 1027 2926 quae
1071 2869 1136 2911 ex
1192 2854 1328 2925 ipsis
1368 2855 1638 2920 pullulant
1673 2855 1994 2912 accessione

403 2959 544 3015 opus
570 2944 780 3002 habere.
805 2947 1087 3016 sapientiae
1129 2963 1242 3004 suae
1273 2948 1494 3004 decreto
1535 2947 1860 3004 constituit:
1889 2963 1992 3004 cu-

400 3035 642 3105 jtmxrodi
674 3044 805 3092 sunt
842 3053 964 3108 quae
992 3037 1254 3109 deinceps
1300 3047 1428 3093 nata
1477 3046 1628 3103 sunt,
1664 3047 1993 3095 nascuntur-

402 3144 512 3200 que
535 3128 804 3200 quotidie,
838 3129 1003 3185 veluti
1034 3131 1260 3193 emlum,
1305 3138 1478 3196 terra,
1513 3146 1680 3202 aqua,
1727 3147 1842 3196 aer,
1883 3133 1990 3194 sol,

405 3220 537 3274 luna
559 3258 576 3285 ,
613 3218 797 3276 sidera
842 3229 898 3276 et
929 3236 1052 3292 quae
1091 3237 1157 3276 ex
1189 3222 1355 3292 aquis
1387 3222 1666 3287 oriuntur,
1699 3222 1770 3278 ad
1813 3223 1991 3296 ipsmn

406 3312 686 3368 hominem
744 3327 942 3382 usque.
1012 3307 1186 3384 Igitur
1246 3329 1424 3385 neque
1478 3314 1679 3370 caelum
1738 3313 1996 3386 imperfev

405 3413 580 3470 ctum,
613 3419 793 3476 neque
827 3412 1032 3460 terram
1075 3419 1328 3461 mancam
1377 3406 1762 3479 deiectamque
1809 3406 1996 3463 condi-

407 3499 513 3563 dit,
553 3498 654 3557 sed
682 3499 980 3570 perfectam
1014 3499 1179 3566 hanc,
1208 3500 1436 3571 perinde
1465 3509 1630 3573 atque
1657 3501 1856 3558 coelum
1879 3519 1895 3566 ;
1920 3511 1997 3558 ta-

405 3591 570 3648 metsi
613 3591 854 3647 minime
887 3591 1274 3663 aspectabilem
1323 3594 1498 3663 ipsam
1545 3592 1996 3664 inconditamque

407 3681 714 3748 fabricarit,
748 3691 972 3754 prepter
1005 3683 1392 3754 expolitionem
1431 3691 1485 3739 et
1523 3691 1781 3739 ornatum
1816 3683 1992 3750 illum,

408 3788 571 3844 quem
596 3775 944 3846 postmodum
967 3784 1086 3830 erat
1115 3775 1444 3844 elfecturus;
1469 3776 1565 3834 sed
1595 3783 1649 3832 et
1675 3791 1874 3847 aquam
1931 3791 1996 3832 ac

409 3866 597 3922 lumen
635 3866 768 3922 illud
801 3876 926 3922 ante
952 3883 1136 3923 omnm
1181 3880 1534 3938 procreatum
1565 3867 1759 3933 edidit,
1801 3884 1866 3925 ac
1897 3884 1995 3941 per

406 3970 626 4022 verum,
667 3953 968 4012 inereatum
1032 3972 1098 4012 ac
1141 3957 1307 4013 vitale
1338 3958 1518 4014 lumen
1574 3959 1831 4014 universa
1876 3973 1998 4029 pro-

407 4047 586 4114 duxit,
620 4057 737 4104 tum
785 4051 1005 4104 demum
1039 4060 1238 4105 caetera
1263 4066 1385 4120 qua:
1423 4065 1453 4106 e
1501 4058 1647 4107 terra
1692 4065 1998 4122 propagan-

407 4148 521 4205 tur,
549 4139 771 4211 adjecit.
816 4139 960 4197 Ante
986 4141 1171 4198 omnia
1199 4157 1328 4197 vero
1372 4143 1776 4204 firmamentum
1815 4144 1994 4214 ipsum

406 4231 638 4288 creavit.
679 4230 886 4290 Horum
919 4233 1166 4291 omnium
1202 4250 1372 4306 porro
1403 4235 1541 4290 nihil
1589 4235 1992 4306 imperfectum,

408 4324 508 4381 sed
540 4325 794 4382 absoluta
830 4326 1017 4382 omnia
1049 4328 1348 4384 constituta
1393 4335 1546 4384 sunt.
1588 4327 1886 4395 Producat,
1921 4328 1998 4382 in-

406 4415 547 4487 quit,
580 4425 720 4472 terra
751 4417 967 4473 herbam
1003 4418 1272 4482 virentem,
1307 4421 1575 4473 seminans
1597 4435 1776 4474 semen
1814 4419 1882 4473 ad
1921 4420 1999 4474 si-

2094 1846 2188 1899 ml.
2223 1842 2318 1897 σοῦ
2353 1841 2792 1914 φιλολογιστικῆς
2817 1839 3044 1904 ἐννοίας,
3073 1840 3155 1893 ὅτι
3186 1837 3265 1909 τῷ
3294 1838 3595 1907 ποιήσαντι
3627 1839 3686 1888 τὰ

2095 1938 2272 1992 πάντα
2303 1936 2364 2002 ἐξ
2386 1936 2488 1990 οὐκ
2519 1934 2712 1999 ὄντων,
2735 1933 2829 1988 καὶ
2857 1917 3138 2003 δυνηθέντι
3161 1931 3393 1995 τελείως
3419 1931 3492 1983 τὰ
3515 1929 3686 1983 πάντα

2095 2027 2201 2081 ὑπὸ
2232 2027 2290 2081 ἓν
2324 2025 2685 2098 ἐργάσασθαι,
2722 2023 2889 2095 μηδὲν
2919 2021 3107 2094 χρείαν
3134 2021 3313 2091 ἔχοντι
3352 2020 3688 2091 προσληπτι-

2094 2119 2201 2190 κῆς
2238 2119 2568 2186 ἐπιδόσεως,
2605 2115 2793 2187 θεσμῷ
2828 2115 2885 2169 δὲ
2917 2113 3092 2169 ταῦτα
3139 2113 3465 2184 πεδήσαντι,
3493 2112 3684 2184 ἀδρυν-

2095 2211 2254 2284 τικὴν
2309 2212 2499 2266 οὐσίαν
2552 2207 2970 2284 προσληπτικῆς
3026 2207 3280 2277 θεότητος
3341 2204 3691 2272 ὲπιδεόμενον

2097 2301 2455 2374 ἐπιφημίζεις
2488 2289 2806 2369 Λόγον,’καὶ
2850 2295 2975 2351 οῦτε
3015 2296 3216 2362 tamen;
3249 2296 3368 2358 τοῖς
3402 2293 3501 2346 ὑπ’
3527 2293 3686 2347 αὑτοῦ

2042 2449 2056 2465 ⁸
2097 2393 2495 2463 κεκτισμένοις.
2527 2390 2810 2462 Ἀπαρχῆς
2850 2388 2958 2460 γὰρ
2999 2387 3218 2446 τελείως
3269 2385 3414 2440 αὑτά
3460 2386 3692 2454 ποιήσας

2098 2483 2456 2557 προσλήψεως
2489 2482 2837 2552 ὲπιδεόμενα,
2878 2479 2948 2532 τὰ
2995 2477 3054 2543 se
3102 2477 3283 2532 αὐτῶν
3336 2477 3423 2529 ἔτι.
3461 2474 3688 2546 sum.

2098 2594 2259 2632 νοντα
2287 2576 2454 2647 ὥρισε
2489 2574 2640 2646 νόμῳ
2674 2572 2899 2642 σοφίας·
2939 2571 3098 2625 ἀτινά
3133 2572 3245 2623 ἐστι
3279 2567 3484 2634 ταῦτα,
3520 2569 3582 2620 ἐν
3619 2561 3690 2627 οἷς

2099 2671 2217 2722 ὲστι
2246 2669 2314 2722 τὰ
2350 2665 2590 2737 καθεξῆς
2625 2663 2896 2736 γενόμενά
2931 2681 2988 2717 τε
3024 2664 3120 2717 καὶ
3154 2661 3448 2732 γινόμενα·
3479 2658 3562 2722 ὡς
3589 2652 3689 2710 οἷον

2098 2761 2296 2827 εἰπεῖν,
2328 2757 2588 2830 οὐρανὸν,
2615 2758 2748 2828 γῆν,
2797 2755 2962 2826 ὕδωρ,
3009 2755 3172 2826 ἀέρα,
3208 2752 3390 2824 ἥλιον,
3439 2751 3688 2821 σελήνην,

2100 2852 2279 2923 ἄστρα
2327 2851 2423 2905 καὶ
2455 2849 2527 2903 τὰ
2560 2850 2625 2903 ὲκ
2654 2847 2763 2902 τῶν
2790 2847 2999 2902 ὑδάτων
3030 2846 3432 2916 γεγεννημένα,
3465 2844 3580 2906 ἓως
3607 2842 3690 2894 καὶ

2100 2943 2265 2999 αὑτοῦ
2304 2943 2398 2998 τοῦ
2430 2942 2740 3014 ἀνθρώπου.
2779 2941 2895 2996 Οὐκ
2936 2940 3167 3013 οὐρανὸν
3208 2938 3378 3008 ἀτελῆ
3414 2938 3688 3008 ἐποίησεν,

2100 3039 2160 3092 οὐ
2193 3039 2296 3110 γῆν
2347 3037 2726 3108 ἀτελεστάτην,
2758 3034 2894 3089 ἀλλά
2922 3033 3135 3088 τελείαν
3173 3033 3273 3104 μὲν
3299 3032 3400 3102 τὴν
3442 3031 3578 3100 γῆν,
3615 3030 3690 3081 τέ-

2100 3132 2243 3186 λειον
2272 3131 2328 3184 δὲ
2354 3129 2444 3184 τὸν
2466 3128 2696 3202 οὐρανόν
2712 3145 2724 3156 ·
2750 3127 2983 3199 ἀόρατον
3007 3127 3065 3181 δὲ
3087 3125 3183 3180 καὶ
3207 3124 3689 3179 ἀκατασκεύαστον

2099 3225 2243 3287 τότε,
2269 3222 2336 3276 δι’
2369 3222 2436 3292 ἢν
2469 3221 2661 3292 ἔμελλε
2695 3223 2869 3275 ποιεῖν
2894 3218 3284 3289 διακόσμησινο
3318 3215 3466 3285 ὕδωρ
3505 3214 3564 3268 δὲ
3586 3216 3687 3284 ἅμα

2102 3316 2196 3369 καὶ
2217 3314 2333 3385 φῶς
2353 3315 2413 3367 τὸ
2444 3313 2872 3386 πρωτόκτιστον,
2896 3310 2984 3366 διὰ
3009 3309 3105 3365 τοῦ
3133 3309 3390 3381 ἀληθινοῦ
3419 3309 3604 3378 φωτὸς
3629 3308 3686 3359 τὰ

2103 3406 2280 3461 πάντα
2304 3406 2562 3478 ποιήσας,
2595 3403 2690 3459 τοῦ
2729 3405 2989 3460 ἀκτίστου
3021 3403 3116 3458 καὶ
3165 3399 3433 3467 ζωοποιοῦ
3455 3415 3470 3430 ·
3506 3400 3684 3453 ἔπειτα

2100 3498 2157 3552 δὲ
2185 3498 2256 3552 τὰ
2298 3499 2365 3553 ἐκ
2395 3498 2497 3570 τῆς
2528 3497 2634 3569 γῆς
2668 3498 2908 3568 φυέντα·
2951 3497 3045 3552 καὶ
3091 3496 3200 3568 πρὸ
3232 3494 3428 3550 τούτου
3468 3495 3540 3547 τὸ
3581 3510 3684 3547 στε-

2105 3591 2314 3662 ρέωμα.
2371 3591 2484 3661 Οὐχ
2529 3588 2788 3662 ἡμιτελὲς
2833 3608 2884 3644 τι
2930 3591 3160 3660 ἐγίνετο,
3215 3589 3354 3644 ἀλλά
3405 3590 3591 3643 πάντα
3639 3591 3686 3641 ὲν

2101 3684 2434 3756 τελειότητι·
2461 3683 2830 3754 Ἐξαγαγέτω
2854 3683 2964 3755 γὰρ
2989 3683 3027 3750 ἠ
3049 3680 3128 3752 γῆ
3148 3681 3429 3749 βοτάνην
3449 3683 3680 3750 χόρτου.

2102 3774 2357 3844 σπεῖρον
2385 3774 2626 3844 σπέρμα
2663 3773 2793 3829 καθ’
2821 3772 3141 3844 ὁμοιότητα
3165 3771 3263 3826 ἐπὶ
3291 3771 3405 3840 τῆς
3427 3770 3568 3840 γῆς,
3599 3770 3680 3822 καὶ

2103 3867 2297 3933 ξύλον
2324 3866 2644 3938 κάρπιμον,
2692 3862 2766 3923 οὗ
2805 3865 2872 3920 τὸ
2905 3865 3148 3936 σπέρμα
3174 3863 3379 3919 αὐτῶν
3418 3865 3494 3918 ἐν
3540 3861 3681 3926 αὑτῷ

2103 3961 2230 4015 καθ’
2263 3962 2584 4030 ὁμοιότητα
2627 3961 2725 4014 ἐπὶ
2773 3957 2883 4030 τῆς
2927 3957 3058 4030 γῆς.
3096 3960 3206 4014 Καὶ
3247 3958 3406 4028 ὁρᾷς,
3438 3956 3521 4019 ὡς
3553 3955 3680 4009 οὐδε-

2107 4055 2236 4124 μιᾶς
2266 4053 2395 4107 εὐθὺ
2426 4053 2493 4107 τά
2533 4052 2798 4123 γεγόνοτα
2832 4051 3084 4105 ὲπεδέετο
3130 4048 3551 4119 προσληπτικῆς
3579 4049 3678 4098 ἐπι-

2102 4145 2323 4212 δόσεως,
2355 4145 2470 4200 ἀλλ’
2514 4145 2754 4219 ἀνδρεῖα,
2783 4145 2860 4210 ὡς
2898 4146 3092 4207 εἰπεῖν,
3127 4145 3221 4197 καὶ
3247 4142 3436 4195 τέλεια
3467 4140 3557 4194 διὰ
3597 4138 3677 4191 τοῦ

2105 4239 2530 4310 προστάγματος
2563 4239 2724 4304 εὐθὺς
2751 4238 3100 4312 εὑρίσκεσθαι
3123 4239 3177 4302 ’;
3209 4235 3302 4307 Τῷ
3333 4234 3390 4287 δὲ
3422 4233 3675 4306 ἀνθρώπῳ

2103 4329 2423 4384 ὲπιδοθὲντα
2448 4333 2538 4385 ὑπ’
2559 4332 2722 4386 αὑτὸν
2749 4331 2899 4399 ὄντα,
2922 4332 3018 4385 καὶ
3039 4333 3096 4385 ὲν
3121 4327 3270 4399 αὐτῷ
3299 4324 3673 4400 σπερματικῶς

2103 4425 2184 4484 εἰς
2208 4422 2550 4489 δεσποτείαν,
2595 4424 2659 4478 οὐ
2714 4423 2892 4478 τέλεια
2926 4421 3219 4496 παρεδόθη,
3253 4420 3342 4474 διὰ
3375 4419 3441 4472 τὸ
3497 4417 3670 4471 εἰδέναι

409 4507 766 4564 militudinem
801 4513 854 4564 in
903 4520 1064 4576 terra,
1113 4521 1165 4567 et
1208 4512 1409 4582 lignum
1440 4511 1796 4580 fructifernm,
1843 4512 1990 4582 cujus

2118 4516 2196 4568 τὸν
2254 4515 2543 4589 ἄνθρωπον
2603 4517 2836 4571 πάντοτε
2883 4515 2973 4570 τὸν
3020 4513 3451 4586 εὐεργετοῦντα,
3491 4510 3582 4564 καὶ
3623 4503 3673 4558 τὸ

408 4615 582 4654 semen
615 4601 669 4654 in
703 4603 818 4670 ipso
863 4603 933 4656 sit
984 4604 1055 4657 ad
1086 4604 1496 4659 similitudinem
1541 4605 1595 4658 in
1631 4607 1830 4659 terra’.
1873 4607 1990 4661 Ani-

2118 4605 2246 4663 εἷναι
2271 4612 2406 4664 πᾶσι
2439 4613 2768 4683 παρέχοντα,
2801 4611 2895 4663 ἐπὶ
2929 4610 3146 4664 πάντων
3173 4607 3230 4661 δὲ
3269 4608 3424 4670 ὂντα,
3465 4606 3560 4659 καὶ
3589 4602 3669 4661 τὰς

409 4693 785 4750 rnadvertisne
835 4710 998 4766 quam
1038 4698 1244 4751 nullam
1299 4697 1531 4752 subinde
1572 4713 1694 4768 qua:
1732 4699 1990 4767 producta

2118 4702 2375 4767 ἐπιδόσεις
2398 4705 2635 4777 ἑκάστης
2659 4703 2930 4776 ποιήσεως
2954 4702 3089 4776 πρὸς
3118 4701 3377 4754 σᾶστασιν
3401 4699 3514 4752 τῶν
3545 4692 3671 4762 α’)τῷ

409 4793 540 4840 sunt
603 4789 982 4844 accessionem
1066 4791 1581 4860 incremenlumque
1641 4790 1987 4846 desiderave-

2118 4797 2548 4867 (ρησιμευόντων
2588 4797 2916 4868 παρέχοντα.
3441 4855 3450 4862 ,

405 4877 553 4943 rint,
609 4881 705 4936 sed
736 4881 907 4946 virili,
940 4891 999 4935 ut
1034 4884 1108 4936 ita
1155 4881 1356 4946 dicam,
1405 4885 1599 4940 robore
1631 4885 1878 4956 praedita,
1919 4894 1972 4940 et
2011 4887 2196 4943 adulta
2257 4891 2441 4945 statim
2489 4889 2581 4946 Dei
2650 4891 2913 4945 mandato
2964 4887 3306 4960 prodierint?
3339 4887 3669 4952 Qutecunquc

405 4987 538 5027 vero
576 4972 784 5028 homini
823 4973 1072 5044 subjecta
1106 4985 1257 5038 sunt,
1293 4984 1387 5028 ant
1429 4976 1619 5030 insunt
1648 4975 1816 5041 ineo,
1878 4975 1995 5030 solo
2055 4977 2237 5033 adhuc
2285 4980 2492 5035 semine
2544 4989 2824 5044 contenta,
2863 4979 3094 5033 necdum
3143 4977 3386 5047 perfecta
3423 4975 3566 5028 illius
3588 4971 3665 5025 d0-

406 5061 637 5117 minatui
669 5064 965 5119 commissa
1006 5070 1156 5129 sunt,
1196 5071 1255 5116 ut
1289 5064 1335 5119 is
1370 5065 1508 5119 bene
1534 5064 1602 5120 de
1625 5077 1685 5120 se
1726 5063 1981 5118 meritum
2012 5067 2268 5137 ignorare
2299 5086 2408 5124 non
2442 5082 2660 5141 posset;
2710 5070 2800 5140 qui
2857 5078 2912 5124 et
2943 5070 3107 5124 rebus
3164 5067 3427 5122 erunibus
3473 5077 3531 5120 ut
3577 5065 3666 5119 sint

407 5156 738 5228 impertitur,
762 5164 816 5213 et
842 5157 1104 5214 omnibus
1131 5159 1385 5230 superior
1431 5167 1550 5222 est,
1593 5174 1656 5214 ac
1715 5161 1930 5231 singula
1989 5178 2153 5232 opera
2210 5181 2309 5221 sua
2373 5183 2473 5237 pro
2525 5167 2673 5224 illius
2723 5164 3232 5237 Opportunitatibus
3279 5162 3665 5229 commodisque

408 5250 718 5324 dilargitur.

477 5343 542 5398 ΙΙ.
619 5341 988 5409 Quamobrem
1041 5345 1257 5400 occulta
1315 5360 1501 5400 rerum
1560 5346 1770 5401 semina
1827 5348 1998 5402 conti-

407 5445 626 5491 nentem
667 5437 716 5492 ei
755 5445 958 5492 terram
997 5437 1240 5500 tradidit,
1283 5453 1514 5508 eamque
1547 5438 1886 5493 fundamenti
1933 5455 1996 5496 ac

407 5525 583 5593 basis,
630 5537 689 5582 ut
735 5531 807 5584 ita
841 5530 1043 5596 dicam,
1082 5531 1199 5585 vice
1239 5533 1562 5597 substravit,
1609 5549 1670 5588 ac
1705 5533 1850 5588 velut
1893 5548 2002 5587 ma-

485 5687 503 5721 ⁸
535 5685 669 5743 Gen.
709 5704 745 5753 ι,
789 5689 869 5743 ll.
952 5690 969 5719 ’
995 5688 1120 5742 Cor.
1155 5688 1495 5759 εὑρεσκεται.

2176 5348 2250 5404 B’.
2288 5348 2613 5420 Παρέδωκεν
2657 5345 2805 5417 αὐτῷ
2851 5343 3247 5416 σπερματικῶς
3285 5343 3388 5414 τὴν
3425 5341 3530 5412 γῆν
3555 5341 3662 5392 ὐπο-

2105 5441 2334 5513 δάθραν,
2369 5441 2444 5506 ὡς
2482 5442 2676 5504 εἰπεῖν,
2711 5437 3192 5512 προστησάμενος,
3239 5435 3336 5489 καὶ
3373 5435 3450 5499 ὡς
3483 5434 3659 5503 μήτρτι

2109 5533 2255 5605 αὐτῷ
2289 5531 2701 5606 παραδεδωκὼς.
2729 5533 2814 5587 ἵνα
2845 5531 2953 5586 ἀπὸ
2980 5534 3077 5602 τῆς
3107 5528 3381 5600 προϐολῆς
3412 5527 3516 5581 τῶν
3543 5537 3654 5578 κατα
