3790 6212
53 293 156 349 569

670 284 1038 344 ADVERSUS
1076 285 1419 345 HERESES
1446 289 1577 347 LIB.
1616 289 1709 346 Ill.
1751 289 1918 346 TOM.
1959 288 2088 346 l.—
2124 287 2405 345 HERES.
2450 286 2688 344 LXXVI.

3213 287 3322 349 57-9

52 409 113 462 τὸ
148 405 356 459 τέλειον
394 401 500 456 ὑπὸ
545 401 682 456 Θεοῦ
735 403 1038 472 γεγονότων
1058 440 1075 468 ,
1125 405 1196 460 τὰ
1243 390 1633 478 σπερματικῶς

1813 420 1930 462 cem
1961 405 2180 470 obtulit,
2206 413 2264 460 ut
2289 395 2415 474 quae
2440 403 2510 459 ab
2541 403 2609 461 iis
2638 405 2804 460 rebus
2838 411 3139 477 propagata
3167 415 3322 471 sunt,

57 499 118 552 δι’
160 494 360 551 ἑαυτοῦ
395 493 532 566 μετά
571 494 842 558 συνέσεως
884 495 978 550 ἐπὶ
1009 497 1114 568 γῆν
1165 496 1634 570 καταὸαλλόμενα,

58 590 127 653 ὡς
158 583 271 642 οἷόν
303 604 364 641 τε
386 585 558 653 ξύλων
584 585 681 639 καὶ
714 585 890 641 ἀλλων
920 588 1300 660 γεννημάτων,
1333 589 1496 653 αὐτὸς
1541 589 1638 660 μὲν

55 678 426 752 λεπτομερῶς,
451 678 527 744 ὡς
555 678 764 749 ψηφῖδα
797 679 952 752 παρά
978 681 1088 758 τῶν
1123 682 1348 736 τελείων
1380 682 1638 754 ἐρανισά-

58 787 233 843 μενος,
261 770 466 842 ταύτην
494 770 576 833 είς
602 770 708 841 γῆν
733 772 1104 843 ἐνθεματίζων
1129 773 1198 828 τὰ
1219 774 1321 844 τῆς
1341 774 1639 840 ἐπιδόσεως

54 863 142 916 τοῦ
192 862 404 915 τελείου
453 860 589 916 Θεοῦ
635 863 774 936 πρὸς
821 863 1052 934 αὔξησιν
1102 865 1508 939 προσδέχηται,
1551 867 1641 921 ἵνα

57 954 313 1025 αὐξηθείη
357 953 555 1020 ἔξωθεν
585 953 659 1008 τά
705 955 796 1008 ὑπ’
845 955 1012 1009 αὑτοῦ
1061 956 1636 1030 ἐνσπερματιξόμενα·

59 1047 139 1099 ἵνα
169 1047 278 1116 μὴ,
333 1046 607 1116 ἀγνοήσας
649 1047 743 1101 τὸν
789 1048 1121 1120 ἐπιχορηγὸν
1167 1048 1270 1119 τῆς
1313 1049 1636 1115 ἐπιδόσεως,

58 1139 212 1194 αὑτὸν
239 1139 442 1210 νομίσῃ
465 1138 817 1210 δημιουργὸν,
852 1141 946 1193 καὶ
983 1140 1194 1214 ἐκπέσῃ
1231 1139 1331 1211 τῆς
1363 1140 1638 1213 ἀληθείας.

59 1234 115 1285 Εἰ
142 1231 252 1303 γὰρ
278 1231 376 1284 καὶ
400 1229 802 1301 ἐφύτευσεΝῶε
823 1230 1087 1302 ἄμπελον,
1115 1233 1174 1285 οὺ
1205 1233 1532 1304 γέγραπται,
1557 1235 1642 1288 ὅτι

57 1318 118 1393 ἦν
146 1320 454 1392 φυτουργός
474 1336 488 1349 °
523 1318 662 1384 ἀλλ’,
705 1319 969 1389 Ἐγένετο
995 1319 1154 1389 ἀνὴρ
1179 1323 1453 1392 γεωργός.
1485 1323 1641 1376 Ἕτε-

63 1430 144 1484 ρος
174 1413 286 1482 γάρ
320 1415 471 1467 ἐστιν
499 1414 527 1467 ό
564 1413 635 1468 τὰ
673 1412 967 1468 αὑθεντικά
1013 1413 1268 1486 παρέχων
1300 1416 1414 1480 τοῖς
1443 1414 1639 1486 ἐσομέ-

61 1523 182 1570 νοις,
216 1506 410 1577 ἕτερος
445 1506 502 1560 δέ
535 1508 682 1560 ἐστιν
713 1507 741 1559 ό
768 1506 829 1559 τὸ
868 1502 1008 1560 εἶναι
1051 1506 1181 1578 παρ’
1205 1506 1372 1561 αὑτοῦ
1404 1505 1642 1577 εἰληφὼς

61 1598 364 1670 ἄνθρωπος,
387 1599 482 1652 καὶ
508 1599 607 1672 τὴν
631 1599 842 1652 ἐκείνου
872 1598 1150 1671 γεωργίαν
1175 1599 1607 1671 πεπιστευμένος
1623 1613 1638 1628 ’

63 1692 140 1744 ἵνα
163 1693 192 1745 ό
232 1690 336 1761 μὲν
377 1693 600 1763 γεωργῇ
636 1690 706 1744 τὰ
756 1690 1050 1755 ἐπιδόσεως
1081 1692 1159 1754 είς
1188 1690 1468 1744 τελείωσιν
1517 1691 1640 1745 ἐπι-

63 1759 298 1853 δεόμενα,
335 1785 364 1836 ό
397 1783 454 1837 δὲ
623 1781 938 1855 τελειότητα
970 1783 1199 1854 παρέχοι
1227 1781 1317 1840 διὰ
1354 1783 1453 1854 τῆς
1473 1781 1639 1839 αὑτοῦ
1671 1759 1714 1814 Β

64 1875 346 1938 ἐπιδόσεως
370 1874 477 1929 τῶν
497 1874 590 1928 ὑπ’
610 1873 777 1930 αὐτοῦ
798 1875 1154 1946 ἐκτισμένων,
1176 1875 1272 1929 καὶ
1299 1873 1640 1948 [ἐπιδόσεως]

67 1969 137 2031 εἰς
162 1965 478 2038 τελειότητα
499 1967 902 2039 αὐξανομένων.
925 1967 1081 2022 Οὕτω
1107 1969 1202 2022 καὶ
1231 1969 1324 2023 ἐπὶ
1348 1967 1457 2022 τῶν
1485 1967 1646 2034 ζώων

68 2060 150 2113 καὶ
177 2059 270 2112 ἐπὶ
287 2058 402 2112 τῶν
427 2059 715 2114 πετεινῶν·
741 2057 884 2113 οὕτω
913 2059 1008 2113 καὶ
1041 2059 1134 2113 ἐπὶ
1156 2059 1266 2114 τῶν
1290 2060 1504 2132 κτηνῶν
1548 2060 1644 2115 καὶ

71 2150 299 2222 ἑρπετῶν
336 2151 436 2204 κα)⁵
486 2151 736 2217 ἐναλίων,
767 2151 950 2205 πάντα
976 2153 1036 2204 ἐν
1068 2152 1212 2224 ἀρχῇ
1241 2151 1421 2207 τέλεια
1448 2152 1641 2223 γέγονε

69 2244 144 2296 διὰ
170 2242 261 2296 τοῦ
298 2242 724 2314 προστάξαντος.
759 2243 1022 2315 Βουλήσει
1073 2243 1132 2298 δὲ
1163 2245 1354 2314 σοφίας
1390 2244 1486 2301 νῦν
1521 2247 1644 2300 ἐπι-

71 2337 250 2400 δόσεως
280 2335 459 2389 δεῖται
499 2335 586 2390 διά
614 2334 712 2406 τὴν
741 2334 837 2389 τοῦ
884 2335 978 2389 ἐπί⁵
1010 2334 1114 2406 γῆς
1157 2335 1513 2402 δεσπόζοντος
1550 2338 1645 2390 ἀν-

73 2426 273 2498 θρώπου
298 2429 424 2482 κατ’
440 2428 646 2482 ἔννοιαν
663 2427 952 2498 ὠφέλειαν,
971 2428 1051 2492 είς
1072 2428 1134 2481 τὸ
1149 2427 1533 2498 ἐπιγινώσκειν
1555 2430 1644 2483 τὸν

76 2521 241 2574 ἐπάνω
262 2520 481 2574 πάντων
496 2520 650 2584 Θεὸν,
665 2520 755 2572 τὸν
772 2518 1006 2592 χορηγὸν
1022 2520 1129 2572 τῶν
1147 2521 1536 2592 σπερματικῶν
1551 2523 1645 2576 κα)⁸

75 2613 159 2682 τῆς
185 2613 478 2676 ἐπιδόσεως
505 2613 616 2667 τῶν
643 2612 946 2684 αὑξήσεων,
979 2613 1109 2667 ὅντα
1129 2613 1261 2667 Θεὸν
1292 2615 1387 2668 καὶ
1414 2614 1639 2688 Κύριον.

77 2703 258 2776 Διόπερ
279 2699 350 2756 τὰ
382 2703 485 2775 μὲν
515 2705 637 2758 κατ’
682 2703 932 2774 οὐρανὸν,
965 2704 1058 2757 καὶ
1091 2704 1152 2757 οὐ
1189 2703 1278 2759 διά
1319 2705 1518 2777 χειρῶν
1547 2707 1642 2760 ἀν-

78 2794 277 2866 θρώπου
326 2796 670 2867 σπειρόμενα
725 2796 891 2860 ὄντα,
933 2796 1029 2850 καὶ
1081 2796 1144 2849 οὐ
1194 2797 1473 2866 γεννῶντα
1523 2798 1645 2852 οὐδὲ

80 2887 396 2960 γεννώμενα,
426 2888 610 2942 εἴασεν
636 2890 666 2942 ό
693 2889 826 2953 Θεὸς
850 2889 909 2944 ἐν
948 2888 1272 2960 τελειότητι.
1308 2889 1384 2943 Οὐ
1414 2889 1526 2962 γὰρ
1557 2891 1646 2944 ἐν-

83 2979 332 3052 ἐσκηπτον
377 2983 446 3053 τῇ
492 2981 702 3052 διανοίᾳ.
735 2979 841 3035 ’τοῦ
889 2979 1179 3052 ἀνθρώπου
1227 2982 1310 3045 εἰς
1353 2981 1645 3053 ἐπιϐουλὴν

83 3071 163 3123 καὶ
184 3069 344 3142 τῦφον
377 3071 709 3137 κενοδοξίας,
737 3071 812 3136 ὡς
850 3065 964 3125 οἷον
1013 3072 1106 3125 ἐπὶ
1140 3071 1292 3144 ἡλίου
1323 3075 1522 3138 εἰπεῖν,
1549 3075 1645 3130 καὶ

84 3163 286 3234 σελήνης
323 3163 424 3218 καὶ
467 3164 702 3237 ἄστρων.
777 3163 914 3219 Οὔτε
962 3163 1071 3238 γὰρ
1107 3164 1194 3219 διά
1239 3164 1301 3218 τὸ
1351 3166 1644 3236 γεννᾶσθαι

83 3253 163 3324 τὴν
206 3253 470 3326 σελήνην,
519 3253 553 3326 ἢ
601 3253 830 3324 φθίνειν,
878 3256 912 3327 ἦ
956 3253 1164 3321 αὔξειν,
1213 3255 1522 3312 ἀλλοιοῦται
1553 3258 1644 3312 τὸν

84 3345 280 3415 τρόπον,
309 3345 452 3399 ἀλλά
483 3344 572 3398 διὰ
604 3345 666 3399 τὸ
699 3346 904 3417 καιρῶν
929 3340 1069 3400 εἶναι
1103 3345 1363 3403 σύστασιν
1395 3350 1491 3405 καὶ
1521 3351 1645 3406 ἐπι-

85 3438 345 3509 χορηγίαν,
372 3431 452 3492 ὧν
485 3437 616 3502 Θεὸς
644 3440 756 3502 τοῖς
777 3439 1062 3510 φωστῆρσι
1089 3439 1392 3506 διετάξατο.

1739 513 1880 569 quas
1923 496 2066 554 Deus
2097 496 2371 568 perfectas
2411 493 2690 567 produxit.
2739 511 2867 552 cum
2922 498 3071 553 velut
3113 500 3322 555 semina

1739 589 1990 661 quaedam
2025 589 2248 660 proprio
2299 587 2488 644 labore
2516 597 2572 644 et
2599 587 2872 644 industria
2902 589 2958 644 in
2998 597 3204 647 terram
3235 592 3326 648 de-

1739 681 1989 754 posuerit
2021 701 2034 736 :
2067 680 2381 752 cujusmodi
2415 686 2546 737 sunt
2586 679 2852 736 arborum
2903 695 2968 737 ac
3000 692 3325 738 caeterorum

1739 773 1795 829 id
1835 789 2010 846 genus
2043 773 2277 837 semina;
2331 788 2456 828 cum
2498 772 2637 838 haec,
2687 772 2935 844 inquam,
2985 773 3326 845 singillatim.

1740 864 1890 920 velut
1925 864 2221 928 calculum,
2260 879 2290 918 a
2320 861 2583 935 perfectis
2615 863 2723 920 illis
2760 864 3021 935 operibus
3046 872 3328 919 mutuatus

1739 957 1796 1014 in
1834 965 2039 1014 terram
2075 957 2380 1021 demiserit,
2421 970 2451 1010 a
2497 955 2740 1027 perfecto
2783 955 2897 1012 Deo
2929 957 3327 1012 incrementum

1741 1051 2038 1122 accipiant,
2073 1051 2448 1121 paulatimque
2491 1064 2612 1120 qua:
2645 1049 2736 1105 ille
2789 1050 3101 1105 conseverit
3143 1049 3356 1124 adolc-,

1741 1152 1920 1209 scant,
1954 1156 2024 1199 ne
2047 1142 2094 1198 si
2129 1141 2283 1197 illum
2328 1141 2532 1212 ipsum,
2563 1142 2724 1212 cujus
2761 1141 2865 1198 ista
2905 1140 3174 1198 beneficio
3203 1131 3355 1198 suc-‘

1741 1239 2024 1299 crescunt,
2069 1233 2428 1303 ignoraverit,
2460 1239 2740 1287 auctorem
2777 1246 2837 1288 se
2879 1245 2944 1284 ac
2988 1229 3330 1286 conditorem

1740 1324 2060 1386 arbitretur,
2084 1328 2140 1378 et
2170 1335 2200 1375 a
2228 1319 2459 1376 veritate
2483 1335 2713 1392 prorsus
2737 1321 2976 1377 excidat.
3005 1317 3160 1376 Licet
3183 1320 3328 1376 enim

1740 1415 2008 1472 Noemum
2062 1414 2310 1486 legamus
2359 1414 2638 1484 plantasse
2680 1412 2913 1478 vitem’,
2970 1427 3082 1468 non
3145 1421 3330 1467 tamen

1743 1508 2010 1578 scriptum
2038 1514 2124 1563 est
2153 1505 2344 1577 stirpis
2375 1504 2541 1575 hujus
2570 1505 2910 1561 conditorem
2941 1504 3090 1559 illum
3123 1503 3328 1569 fuisse;

1741 1599 1904 1672 947
1923 1600 2018 1655 sed
2048 1599 2152 1654 hoc
2173 1599 2439 1654 duntaxat
2468 1617 2480 1653 :
2527 1596 2618 1651 Vir
2637 1606 2775 1662 erat,
2804 1597 3000 1668 inquit,
3028 1595 3267 1667 agricola
3285 1596 3326 1650 ³.

1742 1692 1878 1746 Nam
1917 1692 2060 1748 alius
2095 1690 2252 1747 estis
2286 1690 2379 1760 qui
2417 1688 2621 1746 futuris
2657 1690 2822 1746 rebus
2877 1689 3182 1744 naturalem
3218 1688 3329 1744 vim

1742 1799 1808 1838 ac
1849 1783 2120 1854 praecipua
2167 1797 2399 1854 qumque
2442 1797 2542 1854 pro
2603 1797 2704 1838 sua
2760 1788 3034 1852 potestate
3079 1780 3329 1852 largitur,

1742 1879 1883 1935 alius
1908 1877 2002 1949 qui
2040 1877 2109 1932 ab
2157 1877 2278 1948 ipso
2313 1883 2374 1932 ut
2417 1885 2568 1932 esset
2597 1875 2810 1947 accepit
2854 1874 3040 1942 homo,
3073 1875 3333 1930 commis.

1743 1983 1971 2039 samque
1996 1967 2099 2024 sibi
2125 1967 2195 2023 ab
2225 1966 2416 2023 eodem
2453 1967 2851 2038 agriculturam
2879 1966 3144 2037 suscepit.
3173 1966 3244 2022 Ut
3279 1973 3334 2020 et

1743 2061 1834 2117 ille
1865 2075 1990 2132 quae
2033 2059 2100 2114 ad
2137 2059 2528 2131 perfectionem
2578 2059 2938 2117 obtinendam
2985 2060 3332 2130 progressio-

1742 2169 1866 2209 nem
1905 2153 2218 2224 requirunt,
2248 2153 2487 2219 excolat,
2517 2160 2571 2208 et
2601 2152 2712 2218 hic,
2747 2152 2987 2208 conditis
3016 2168 3046 2207 a
3077 2167 3137 2208 se
3168 2153 3335 2206 rebus

1743 2245 2063 2318 largiendis,
2093 2259 2157 2301 ea
2179 2261 2302 2316 qua:
2322 2243 2594 2314 ejusmodi
2623 2245 2945 2302 accessione
2971 2246 3234 2317 gliscunt,
3265 2244 3333 2298 ad

1745 2336 2121 2394 maturitatem
2162 2335 2664 2406 perfectionemque
2697 2335 2983 2407 perducat.
3017 2335 3177 2402 Quod
3211 2337 3334 2406 qui-

1747 2429 1872 2484 dem
1902 2427 2132 2498 perinde
2161 2428 2216 2483 in
2251 2427 2572 2484 animalium
2626 2437 2679 2485 et
2708 2428 2997 2484 volucrum
3046 2443 3243 2499 genere
3270 2442 3334 2481 ac

1746 2520 2039 2591 pecudum,
2110 2528 2428 2592 serpentum
2477 2521 2825 2592 pisciumque
2881 2521 3148 2594 contigit;
3211 2537 3334 2575 nam

1743 2613 1929 2669 omnia
1961 2613 2234 2685 principio
2280 2614 2604 2685 imperantis
2643 2614 2739 2670 Dei
2771 2616 3056 2671 voluntate
3085 2613 3332 2684 perfecta

1745 2705 2104 2778 prodierunt;
2132 2722 2278 2762 nunc
2308 2715 2492 2763 autem
2515 2705 2760 2778 ejusdem
2796 2707 3081 2777 sapientiae
3111 2707 3336 2762 decreto

1746 2800 2235 2877 progressionibus
2298 2799 2416 2856 suis
2483 2805 2540 2854 et
2602 2800 2958 2856 incrementis
3010 2807 3337 2870 augescunt.

1745 2890 1901 2957 Quod
1931 2891 1998 2946 ad
2035 2891 2295 2958 hominis,
2331 2891 2428 2961 qui
2464 2891 2518 2945 in
2554 2898 2699 2947 terra
2733 2890 3068 2956 dominatur,
3099 2891 3336 2946 fructum

1747 2983 1917 3038 animi
1954 2983 2358 3054 utilitatemque
2409 2983 2680 3054 pertinet,
2715 2999 2825 3054 quo
2865 2985 2914 3040 is
2955 2999 3233 3040 summum
3275 2983 3340 3036 il-

1745 3075 1860 3129 lum
1890 3073 2084 3142 Deum,
2117 3087 2147 3128 a
2189 3089 2300 3146 quo
2350 3083 2459 3129 tam
2505 3075 2715 3131 semina
2763 3078 2903 3146 ipsa,
2937 3091 3102 3148 quam
3145 3091 3337 3132 eorum

1696 3167 2092 3228 ,‘incrementa
2146 3167 2608 3239 proﬁciscuntur,
2677 3167 2847 3224 Deum
2919 3182 2984 3223 ac
3048 3167 3338 3223 Dominum

1750 3268 2038 3333 agnoscat.
2080 3259 2323 3317 Proinde
2345 3276 2689 3332 quaecunque
2730 3263 2787 3316 in
2825 3261 2968 3317 caelo
3003 3271 3156 3329 sunt,
3193 3276 3342 3332 quaa-

1749 3370 1858 3426 que
1893 3353 2180 3410 hominum
2232 3369 2402 3410 manu
2451 3371 2561 3410 non
2618 3361 2898 3420 seruntur,
2931 3369 2996 3410 ac
3036 3370 3212 3425 neque
3257 3355 3343 3424 gi-

1751 3455 1950 3520 gnunt,
1978 3463 2082 3504 nec
2109 3448 2180 3503 ab
2209 3447 2333 3503 aliis
2364 3449 2681 3519 gignuntur,
2719 3463 2783 3503 ea
2814 3447 2960 3506 Deus
2985 3448 3221 3518 perfecta
3250 3463 3342 3501 re-

87 3532 242 3602 liquit.
269 3529 462 3603 Neque
499 3532 645 3586 enim
693 3531 949 3587 humana:
994 3542 1206 3590 mentes
1232 3535 1422 3590 damni
1469 3551 1536 3592 ex
1579 3537 1650 3594 iis
1678 3539 1885 3610 aliquid
1925 3555 2123 3611 capere
2164 3547 2441 3610 poterant,
2503 3547 2598 3594 aut
2644 3538 2714 3594 ad
2775 3539 3145 3610 arrogantiam
3188 3536 3341 3593 exci-

87 3622 196 3686 tari,
225 3632 284 3676 ut
323 3623 384 3678 in
419 3623 555 3687 sole,
595 3623 725 3677 luna
779 3626 1103 3698 ueterisque
1142 3627 1420 3686 sideribus
1469 3642 1713 3703 apparet.
1739 3633 1876 3688 Nam
1908 3649 1977 3691 ex
2025 3648 2093 3690 co
2157 3631 2306 3705 quod
2362 3632 2490 3688 luna
2551 3639 2836 3698 nascatur,
2886 3638 2984 3686 aut
3013 3630 3326 3694 decrescat,

89 3722 419 3785 augeaturve,
444 3716 592 3771 nulla
615 3716 766 3773 illius
797 3718 854 3773 in
885 3735 1065 3776 mores
1091 3721 1324 3777 mutatio
1351 3723 1646 3781 redundat.

147 3805 260 3871 Πῶς
289 3804 387 3862 οὖν
421 3807 490 3862 τά
519 3811 809 3881 σωματικὰ
861 3812 996 3878 Θεὸς
1038 3813 1133 3867 καὶ
1158 3813 1230 3868 τὰ
1263 3813 1518 3884 φθίνοντα
1556 3816 1651 3871 καὶ

90 3900 146 3953 τὰ
169 3901 461 3973 φθινόμενα
487 3901 720 3974 θελήσας
751 3904 916 3969 εὐθὺς
939 3905 1120 3960 τέλεια
1152 3908 1467 3978 εἰργάσατο,
1499 3908 1559 3962 ὃν
1590 3908 1649 3963 δὲ

91 3992 140 4057 ἐξ
158 3993 311 4048 αὐτοῦ
339 3994 656 4066 ἐγέννησεν,
687 3997 784 4050 ἕνα
815 3995 872 4064 ἐξ
898 3997 1017 4061 ἐνὸς
1051 3997 1144 4053 τὸν
1175 3999 1303 4054 δντα
1332 4000 1421 4054 ἀεὶ
1454 4017 1648 4074 γεννη-

92 4087 233 4151 τικῶς
257 4086 411 4160 παρά
440 4087 521 4158 τῷ
561 4089 674 4143 δντι
709 4089 1001 4155 ἐπιδόσεως
1029 4091 1225 4160 ἐγέννα
1263 4093 1645 4166 ἐπιδεόμενον;

95 4177 322 4231 Πέπαυσο
353 4172 472 4245 οὖν,
499 4172 545 4232 ὦ
595 4180 787 4244 ’Δέτιε,
825 4181 988 4246 κενὰς
1018 4183 1149 4253 ἡμῖν
1193 4183 1291 4238 καὶ
1333 4183 1646 4256 Ἀριστοτεο

97 4264 227 4330 λικέις
257 4265 432 4334 λέξεις
455 4264 659 4339 φέρων,
694 4269 941 4341 ἀρκετῶς
969 4270 1202 4340 ἐχόντων
1230 4271 1410 4343 ἡμῶν,
1441 4273 1536 4326 καὶ
1569 4273 1644 4345 μὴ

99 4358 447 4432 ἁπατωμένων
483 4360 582 4431 τὴν
609 4363 625 4392 ¹
659 4360 752 4416 τοῦ
785 4363 990 4434 Κυρίου
1026 4361 1185 4436 ἡμῶν
1213 4364 1473 4437 ἀληθινὴν
1508 4365 1649 4421 διδα·

1828 3812 1948 3869 Jam
1991 3826 2124 3867 vero
2174 3812 2268 3884 qui
2321 3811 2438 3868 ﬁeri
2477 3818 2677 3883 potest,
2729 3819 2790 3866 ut
2829 3825 3090 3884 corporea
3131 3811 3222 3867 illa
3268 3828 3333 3868 ac

1751 3904 2094 3974 corruptioni
2129 3904 2378 3975 subjecta
2424 3902 2570 3961 Deus
2603 3903 2837 3961 subinde
2866 3904 3106 3976 perfecta
3143 3907 3344 3962 volun-

1749 4007 1860 4056 tate
1890 4014 1990 4054 sua
2029 3999 2354 4071 procreat-it.
2397 4013 2524 4054 eum
2565 4013 2720 4063 vero,
2760 4013 2922 4068 quem
2969 4013 3001 4052 e
3041 3997 3224 4070 seipse
3256 4014 3345 4069 ge-

1750 4092 1893 4156 nuit,
1925 4107 2092 4146 unum
2134 4105 2202 4146 ex
2243 4105 2376 4152 uno,
2408 4089 2616 4160 quique
2656 4089 2802 4160 apud
2837 4089 3194 4145 exsistentem
3223 4105 3347 4160 per-

1750 4192 1917 4254 petuo
1984 4197 2082 4253 per
2137 4182 2545 4253 generationem
2594 4181 2844 4245 exsistat,
2897 4181 3236 4236 accessionis
3279 4195 3346 4236 ac

1753 4274 2162 4347 progressionis
2207 4280 2457 4344 egentem
2512 4271 2874 4344 produxerit?
2908 4271 3106 4329 Desine
3152 4273 3342 4344 igitur,

1752 4367 1896 4432 Aeli,
1926 4364 2309 4422 Aristotelicas
2343 4363 2468 4420 illas
2515 4371 2641 4419 tuas
2689 4378 2854 4420 voces
2901 4371 2958 4421 et
3014 4365 3207 4420 inanes
3239 4365 3343 4420 ob-

101 4450 316 4516 σκαλίαν,
339 4451 442 4523 τὴν
475 4452 739 4522 λέγουσαν
769 4454 851 4519 τὸ,
890 4456 986 4509 Ἐκ
1018 4456 1125 4511 τοῦ
1151 4457 1383 4526 Πατρός
1408 4457 1523 4528 ἐγὼ
1551 4457 1647 4522 ἐξ·

1811 4457 2015 4524 udere;
2045 4457 2206 4514 nobis
2239 4457 2386 4513 enim
2414 4456 2551 4513 citra
2594 4457 2766 4512 ullum
2803 4458 3010 4513 erroris
3037 4459 3342 4530 periculum

101 4540 294 4609 ἦλθον,
342 4544 446 4600 καὶ
473 4545 632 4615 ἥκω,
663 4547 758 4601 καὶ
809 4547 870 4601 οὐ
925 4536 1378 4620 καταχρηστικῶς
1421 4551 1652 4622 ἐχούσης

101 4641 180 4709 τῆς
204 4639 394 4708 λέξεως
420 4638 521 4711 τὴν
553 4640 802 4712 δύναμιν,
835 4642 971 4696 ἀλλά
1002 4643 1338 4715 τελειότητος
1369 4645 1461 4698 καὶ⁵
1494 4643 1652 4710 ἀξίας

102 4729 215 4785 Θεοῦ
236 4730 602 4806 σημαινούσης
633 4732 734 4804 τὴν
758 4733 969 4788 οὐσίαν.

462 4914 862 4971 ΚΕΦΔΛΔΙΟΝ
911 4915 1164 4970 ΛΕἸΊΟΥ
1201 4918 1259 4972 l'.

162 5006 215 5061 Εἰ
254 5009 455 5063 τέλειον
484 5004 555 5082 ἦν
585 5008 649 5062 τὸ
685 5009 957 5080 γέννημα,
991 5011 1050 5063 ἐν
1091 5010 1372 5081 ἀγεννήτῳ
1406 5007 1654 5079 γέννημα

109 5098 220 5163 ἔστι,
263 5101 354 5155 καὶ
384 5102 486 5157 οὐκ
541 5101 603 5167 ἐξ
642 5094 718 5155 ῶν
765 5104 795 5155 ό
840 5101 1139 5172 ἀγέννητὸς
1182 5102 1318 5156 αὐτὸ
1367 5102 1649 5170 ἐγέννησε.

113 5191 340 5265 Γεννητὴν
361 5196 470 5267 γὰρ
491 5195 654 5266 φύσιν
679 5197 738 5248 ἐν
776 5195 1056 5267 ἀγεννήτῳ
1075 5196 1234 5268 οὐσίᾳ
1259 5195 1360 5249 οὐκ
1383 5195 1654 5265 ἐνδέχεται

113 5279 249 5337 εἶναι’
271 5287 329 5340 τὸ
359 5287 466 5358 γὰρ
499 5287 633 5341 αὐτὸ
656 5283 794 5341 εἶναί
826 5288 886 5342 τέ
918 5290 1035 5342 ἐστι
1067 5289 1160 5342 καὶ
1204 5288 1280 5360 μὴ
1319 5283 1481 5342 εἶναι.
1528 5288 1654 5341 Γένο

112 5389 235 5444 vulta
262 5377 363 5450 γάρ
393 5379 690 5450 ἀγέννητον
719 5381 819 5434 οὐκ
847 5380 985 5445 ἐστι,
1017 5382 1111 5434 καὶ
1135 5380 1429 5450 ἀγέννητον
1443 5379 1502 5432 ὸν
1533 5379 1655 5447 γέν-

117 5483 239 5536 νημα
275 5471 370 5524 οὐκ
414 5468 511 5544 ἦν*
549 5471 644 5526 τοῦ
677 5473 934 5544 ἀνομοίου
961 5476 1162 5546 μέρους
1194 5475 1287 5528 ἐπὶ
1325 5473 1458 5528 Θεοῦ
1492 5473 1655 5544 βλασ-

117 5561 293 5629 φημίας
321 5564 486 5620 τύπον
510 5567 605 5621 καὶ
639 5566 796 5639 ὕϐριν
823 5568 1131 5638 ἐπέχοντος.

1759 4549 2070 4606 certissima
2115 4548 2324 4606 Christi
2355 4548 2606 4604 doctrina
2643 4547 2860 4615 sumcit,
2896 4566 3022 4604 cum
3059 4550 3132 4605 ita
3163 4551 3343 4621 loqui-

1757 4653 1891 4698 tur:
1923 4641 2035 4714 Ego
2073 4643 2211 4698 exivi
2247 4659 2281 4696 a
2327 4641 2511 4704 Patre,
2550 4652 2599 4697 et
2637 4642 2770 4697 vado
2794 4643 2848 4709 ⁸;
2879 4643 3040 4711 cujus
3084 4643 3346 4700 dictionis

1758 4736 1840 4792 vis
1872 4752 1982 4790 non
2022 4736 2078 4791 in
2109 4735 2378 4790 abusione
2411 4735 2520 4789 ulla
2569 4734 2843 4800 consistit,
2887 4735 2982 4790 sed
3011 4735 3195 4791 divina
3221 4751 3344 4806 per-

1726 4901 1729 4906 ,
1759 4827 1995 4884 t'cctione
2027 4842 2094 4884 ac
2125 4827 2391 4899 dignitate
2431 4826 2714 4897 praeditam
2748 4835 3004 4881 naturam
3046 4827 3341 4899 signiﬁcat.

2272 4917 2456 4974 AETII
2489 4916 2719 4974 CAPUT
2759 4917 2826 4973 X.

1833 5012 1893 5069 Si
1922 5011 2166 5084 perfecta
2211 5013 2283 5070 sit
2307 5013 2488 5085 genita
2519 5013 2758 5076 soboles,
2791 5025 2978 5068 eadem
3002 5025 3062 5066 in
3101 5011 3345 5082 ingenito

1761 5105 1888 5170 erit,
1933 5119 2045 5159 non
2099 5117 2167 5159 ex
2200 5103 2268 5159 iis
2307 5119 2431 5174 qua:
2471 5117 2595 5158 cum
2636 5103 2706 5158 ab
2743 5102 2987 5174 ingenito
3028 5103 3344 5174 gigneretur

1761 5198 2018 5253 obtinuit.
2057 5195 2194 5252 Nam
2227 5197 2410 5269 genita
2446 5204 2643 5251 natura
2684 5195 2738 5250 in
2767 5193 3008 5267 ingenita.
3033 5195 3343 5251 substantia

1759 5307 1884 5346 esse
1923 5305 2034 5346 non
2081 5297 2297 5362 potest;
2329 5297 2477 5346 esset
2517 5289 2663 5344 enim
2705 5287 2870 5344 simul
2917 5285 3083 5354 idem,
3129 5295 3186 5344 et
3229 5301 3342 5342 non

1761 5390 1927 5439 esset.
1951 5380 2086 5439 Nam
2113 5383 2260 5454 quod
2290 5382 2530 5454 genitum
2561 5389 2666 5446 est,
2698 5381 2998 5451 ingenitum
3041 5395 3150 5436 non
3175 5380 3345 5454 953

1765 5483 1869 5537 est,
1891 5482 1947 5530 et
1974 5473 2119 5545 quod
2151 5473 2448 5545 ingenitum
2468 5481 2573 5536 est,
2599 5473 2842 5544 genitum
2865 5488 2973 5528 non
2995 5472 3096 5528 fuit
3112 5490 3124 5528 :
3140 5474 3342 5544 quippe

1766 5566 2084 5622 dissimilem
2132 5565 2368 5636 aliquam
2411 5563 2519 5620 Deo
2553 5572 2760 5636 partem
2799 5563 3071 5636 aﬂingere,
3115 5564 3344 5622 malediv

1767 5657 1838 5710 cli
1872 5658 1925 5711 in
1956 5672 2078 5713 eum
2114 5673 2176 5712 ac
2213 5656 2554 5714 contumelia:
2581 5657 2816 5727 speciem
2847 5656 3088 5728 praetert.
3198 5673 3203 5678 ·

187 5753 362 5815 ‘Dccst
397 5763 532 5818 κατὰ
557 5763 669 5833 τήν.
749 5764 766 5793 ³
798 5764 928 5818 (ἐι-η.
973 5779 1047 5831 Ix,
1079 5762 1164 5818 20.
1251 5763 1268 5793 ³
1300 5763 1431 5818 ibid.
1510 5763 1528 5794 ⁸
1552 5765 1647 5820 Jua

1809 5783 1856 5831 ι,
1884 5772 1953 5822 28
