3790 6212
96 326 200 383 573

164 527 222 578 ΕΞ
243 525 538 595 ἀγεννήτου
567 525 784 595 φύσεως
811 527 1070 599 ὑπάρχων
1099 531 1128 582 6
1156 529 1288 593 Θεὸς
1312 547 1340 584 ο
1363 532 1668 602 παντοκρά-

98 635 222 688 τωρ,
254 616 520 688 γεννητῆς
553 617 767 686 φύσεως
801 620 902 673 οὑκ
941 615 1082 674 οἶδεν
1125 623 1337 675 ἑαυτόνο
1373 625 1400 675 6
1433 623 1488 676 δὲ
1517 624 1663 688 Υἱὸς,

95 708 356 778 γεννητῆς
394 707 608 776 φύσεως
648 709 927 780 ὑπάρχων,
969 711 1128 764 τοῦτο
1165 711 1422 780 γινώσκει
1457 715 1664 776 ἑαυτὸν,

95 803 226 870 6mg
251 800 388 852 ἐστί·
417 799 534 862 πῶς
557 801 660 854 οὑκ
691 799 756 854 ἂν
787 801 872 873 εἴη
907 801 968 854 τὸ
998 803 1284 873 ὁμοούσιον
1321 805 1536 874 ψεῦδος,
1574 806 1666 860 τοῦ

99 893 192 963 μὲν
219 891 578 960 γινώσκοντος
611 892 804 946 ἑαυτὸν
831 893 1150 966 ἀγέννητον,
1182 894 1276 948 τοῦ
1309 896 1364 949 δὲ
1389 898 1667 968 γεννητόν;

654 1087 980 1156 Ἀνατροπὴ
1012 1089 1123 1142 ΙΑ’.

165 1173 408 1245 Ἐφησεν
448 1173 672 1240 Ἀέτιος,
713 1177 808 1230 καὶ
850 1177 1168 1248 ἀπεφήνατο
1188 1179 1216 1231 6
1242 1178 1550 1244 διαστολεὺς
1577 1181 1670 1234 καί⁹

97 1265 352 1338 ὀροοέτης
381 1268 476 1320 ἐπὶ
507 1266 723 1336 φύσεως
751 1268 886 1322 Θεοῦ
937 1269 1340 1340 διαλαμϐάνων,
1387 1272 1671 1344 ἄνθρωπος

98 1359 166 1412 ὢν
191 1361 255 1430 τῇ
291 1359 475 1428 φύσει,
517 1360 613 1414 καὶ
639 1360 708 1414 τὰ
739 1361 880 1432 ὑπὲρ
910 1361 1072 1430 φύσιν
1108 1363 1428 1435 βουλόμενος
1458 1363 1671 1428 εἰδέναι,

100 1451 291 1504 ειδέναι
321 1452 378 1505 δὲ
413 1453 474 1505 οὑ
504 1452 646 1506 κατὰ
673 1452 998 1508 ἀκολουθίαν
1029 1455 1274 1527 Γραφῆς,
1315 1456 1430 1510 ἀλλ’
1458 1458 1522 1509 ἐκ
1551 1456 1676 1510 συλ-

100 1541 370 1613 λογισμῶν
417 1543 672 1613 βροτείων
721 1543 1120 1616 διανοημάτων,
1172 1548 1254 1600 ὅτι
1298 1567 1318 1598 ι
1357 1547 1674 1619 Ἀγεννήτου

102 1635 308 1701 φύσεως
334 1635 596 1705 ὑπάρχων
637 1635 666 1688 6
707 1635 840 1699 Θεὸς
883 1639 912 1690 6
949 1639 1363 1710 παντοκράτωρ,
1411 1639 1678 1708 γεννητῆς

104 1727 310 1794 φύσεως
341 1726 443 1778 οὐκ
468 1721 610 1779 οἶδεν
635 1725 848 1780 ἑαυτόν.
882 1745 900 1778 ι
934 1727 1172 1782 Πάντοτε
1197 1728 1252 1782 δὲ
1273 1729 1360 1782 ἀεὶ
1381 1730 1476 1782 καὶ
1503 1729 1678 1800 ἀπαρ-

795 323 1162 382 ADVERSUS
1201 325 1542 383 [UERESES
1580 327 1684 382 ιιι]

1827 371 1838 386 .
1886 326 2051 381 ΤΟΜ.
2091 324 2132 380 1.
2173 355 2241 366 —-—
2281 321 2536 378 IIA‘JRES
2592 321 2828 381 LXXVI.

465 435 717 490 ΔΕΤῙΟΥ
748 435 1148 493 ΚΕΦΑΛΑΙΟΝ
1187 439 1287 496 ιε’.
1397 395 1402 400 Ι
1700 459 1744 512 Α

3251 319 3354 377 ὅτι

2269 435 2450 491 ΔΕΤΙΙ
2483 435 2713 492 CAPUT
2751 435 2840 492 XI.

1847 533 1906 588 Si
1955 531 2194 604 ingenita
2258 542 2456 585 natura
2505 529 2766 598 praeditus
2799 529 2940 586 Deus
2987 529 3356 600 omnipotens,

1776 628 1972 696 genita:
2002 633 2210 678 natura:
2243 621 2614 678 conditionem
2661 621 2716 676 in
2757 637 2876 677 sese
2925 637 3034 678 non
3077 624 3358 693 agnoscit;

1777 719 1946 774 Filius
1987 733 2116 772 vero
2144 715 2383 786 genitam
2429 723 2678 768 naturam
2729 715 2936 770 habens
2966 716 3356 787 ejusmodi,se,

1775 811 1956 882 qualis
1986 819 2091 874 est,
2115 809 2363 879 agnoscit
2399 825 2410 860 :
2450 822 2632 862 nonne
2654 814 2763 860 tota
2798 807 2886 860 illa
2917 808 3361 862 consubstantia-

1785 903 1854 956 lis
1887 902 2028 955 ratio
2065 899 2297 954 mendax
2349 907 2433 954 est
2469 913 2529 951 ac
2555 897 2709 960 falsa,
2739 913 2863 950 cum
2893 897 3030 952 alter
3061 897 3359 968 ingenitum

1777 1007 1920 1058 sese,
1954 993 2194 1062 genitum
2232 992 2369 1045 alter
2400 989 2694 1060 agnoscat?

2341 1101 2648 1172 Confutatio
2686 1100 2796 1160 ΧΙ.

1849 1195 2040 1251 Aetius
2093 1195 2203 1260 ille,
2237 1195 2329 1264 qui
2373 1189 2432 1248 in
2459 1195 2641 1249 divina
2674 1203 2870 1248 natura
2909 1191 3203 1250 discrimen
3238 1207 3356 1247 con-

1781 1288 2006 1344 stituere
2061 1303 2125 1342 ac
2163 1289 2428 1343 terminos
2457 1285 2722 1358 quosdam
2759 1287 2985 1340 delinire
3031 1285 3364 1356 disputando

1780 1387 2011 1433 conatus
2036 1385 2141 1442 est,
2177 1392 2300 1432 cum
2332 1388 2526 1432 natura
2552 1377 2884 1432 conditionis
2910 1385 3055 1433 esset
3086 1379 3360 1438 humanae,

1783 1469 1985 1539 quique
2015 1483 2076 1524 ea
2123 1484 2244 1538 qum
2283 1477 2533 1522 naturam
2572 1484 2787 1524 omnem
2825 1477 3119 1537 superant,
3153 1483 3262 1522 non
3298 1485 3362 1522 ex

1784 1576 2064 1616 sacrarmn
2097 1559 2426 1616 auctoritate
2466 1557 2819 1625 Litterarum,
2871 1560 2966 1616 sed
2997 1576 3063 1615 ex
3109 1561 3366 1616 humanis

1783 1651 2293 1706 ratiocinationibus
2343 1650 2808 1720 comprehendere
2851 1650 3084 1714 studuit,
3134 1651 3248 1712 sic,
3283 1651 3366 1702 in-

1784 1757 1969 1810 quam,
2022 1741 2110 1796 ille
2153 1743 2521 1812 pronuntiavit
2571 1759 2585 1794 :
2635 1760 2653 1793 ι
2686 1739 3124 1810 Omnipotentem
3168 1740 3361 1802 Deum,

105 1823 194 1891 χξς
219 1819 311 1874 τοῦ
347 1819 530 1888 λόγου,
571 1821 753 1874 οὐκέτι
794 1821 936 1875 κατὰ
977 1823 1104 1885 τοὺς
1147 1823 1410 1884 παλαιοὺς
1466 1823 1680 1893 Ἀρεια-

1823 1847 1905 1883 um
1943 1839 2134 1884 natura
2184 1833 2254 1885 sit
2299 1831 2606 1901 ingenitus,
2655 1833 2896 1900 genitum
2933 1847 2992 1886 se
3026 1839 3222 1885 natura
3265 1847 3365 1885 ne-

104 1913 236 1976 ~.-o6;,
269 1909 378 1963 κᾶν
409 1911 922 1981 ἀποκεκρυμμένως
955 1910 1081 1964 Υίὸν
1111 1910 1356 1981 βούλεται
1386 1912 1566 1980 λέγειν
1589 1912 1680 1965 τὸν
1713 1936 1715 1938 ·

106 2004 400 2074 Μονογενῆ.
447 2001 536 2055 Ἑν
587 2004 722 2056 πᾶσι
769 2003 826 2056 δὲ
881 2001 1226 2073 θεωρήσατε,
1273 2005 1378 2058 υἱοὶ
1409 2005 1510 2075 τῆς
1547 2004 1680 2075 ἁλη-

107 2095 264 2158 υείας,
295 2094 374 2156 ὡς
413 2093 728 2148 παντάπασι
763 2094 1012 2164 βούλεται
1045 2094 1208 2148 αὑτὸν
1237 2095 1516 2166 ἀλλότριον
1543 2089 1682 2147 εἶναι

107 2186 190 2237 τοῦ
220 2185 456 2256 Πατρὺς,
500 2185 598 2238 καὶ
635 2185 744 2238 οὐδ’
777 2185 912 2249 ὅλως
950 2187 1244 2257 μετέχοντα
1278 2184 1465 2256 οεῖκῆς
1497 2183 1683 2248 οὐσίας

109 2278 162 2343 ἐξ
191 2269 263 2331 ὧν
289 2275 524 2330 πάντοτε
555 2276 844 2348 τολμηρῶς
886 2277 1313 2346 ἀποφθέγγεται.
1357 2276 1429 2328 Τὸ
1461 2275 1570 2346 γὰρ
1593 2273 1682 2326 λέ-

109 2387 236 2438 γειν,
275 2369 360 2422 ὅτι
405 2369 568 2423 αὑτὸν
599 2369 895 2438 ἀγέννητον
925 2368 1206 2438 γινώσκει,
1238 2368 1332 2420 καὶ
1363 2367 1686 2437 γεννητικῆς

111 2461 310 2530 φύσεως
353 2462 458 2514 οὐκ
501 2460 640 2515 οἶδεν
677 2461 886 2528 ἑαυτὸν,
940 2461 1116 2533 μάτην
1158 2461 1290 2530 παρ’
1323 2459 1472 2530 αὑτῴ
1507 2459 1599 2513 καὶ
1625 2458 1687 2511 τὸ

112 2553 308 2608 κᾶνὸιὰ
337 2553 502 2624 ψιλῆς
531 2551 730 2618 λέξεως
753 2553 882 2605 Υἱὸν
903 2553 996 2604 τὸν
1025 2550 1156 2603 Υίδν
1184 2549 1486 2604 καλεῖσθαι.
1527 2550 1686 2602 Ἀνα-

111 2645 440 2715 τραπήσεται
482 2644 538 2696 δὲ
584 2642 750 2696 αὑτοῦ
793 2645 821 2696 6
860 2643 1039 2710 λόγος.
1085 2641 1196 2696 Καὶ
1239 2641 1348 2711 γὰρ
1395 2639 1688 2710 ἀγέννητός

115 2737 248 2786 ἐστιν
279 2737 306 2788 6
339 2733 558 2806 Πατὴρ,
601 2736 696 2788 καὶ⁸
727 2735 1017 2805 ἐγέννησεν
1047 2731 1234 2796 eram;
1263 2733 1356 2786 τὸν
1383 2731 1684 2802 Μονογενῆ,

114 2826 314 2894 φύσεως
341 2825 422 2880 ὢν
461 2828 624 2898 ιαντῇ
656 2826 993 2898 πρεπούσης,
1035 2825 1116 2896 τῷ
1145 2825 1242 2880 ἕνα
1275 2825 1434 2897 μόνον
1459 2825 1549 2878 τὸν
1577 2825 1691 2880 Mo-

115 2921 286 2991 νογενῆ
337 2921 746 2990 γεγεννηκέναι,
801 2921 894 2973 καλ¹
945 2919 1172 2989 Πνεῦμα
1217 2919 1548 2989 ἐνηνοχέναι,
1599 2918 1690 2970 τὸν

54 3015 62 3024 '
121 3013 260 3082 μόνον
290 3013 439 3082 μόνῳ
461 3010 552 3064 ἐπὶ
581 3012 876 3079 Μονογενεῖ
897 3011 1218 3080 γεννήτορά·
1251 3008 1310 3072 ὃς
1337 3007 1414 3078 τῷ
1440 3008 1690 3078 ἀνάρχως

117 3099 488 3170 γεγεννημένῳ
519 3099 633 3168 Υἱῷ
672 3099 1030 3171 συνυπάρχει,
1072 3097 1291 3168 πνεῦμα
1335 3097 1429 3160 ὣν,
1465 3096 1690 3167 Πνεῦμα

119 3191 470 3263 γεγεννηκώς,
505 3191 597 3243 καὶ
634 3192 696 3244 οὑ
731 3190 893 3260 σῶμα
919 3191 994 3243 ὢν
1031 3188 1357 3261 σωματικῶς
1383 3187 1686 3242 διαστελλό-

126 3301 288 3354 μενον,
317 3284 440 3337 οὑδὲ
469 3282 654 3352 φθῖνον
721 3284 816 3337 καὶ
856 3279 1016 3348 αῦξον
1053 3283 1148 3336 καὶ
1177 3281 1350 3352 τομὴν
1389 3280 1692 3350 ὑφιστάμε-

122 3395 218 3430 νον.
249 3377 338 3430 Διὸ
368 3377 522 3448 παρὰ
549 3379 660 3442 τοῖς
691 3375 874 3439 ἄλλοις
900 3377 1034 3428 πᾶσι
1068 3377 1178 3438 τοῖς
1211 3371 1570 3445 γεγεννηκόσι
1598 3371 1691 3424 καὶ

122 3467 463 3537 γεννωμένοις
509 3465 622 3520 ἁλλ’
645 3469 658 3496 ¹
686 3466 782 3519 ἐπὶ
823 3464 1036 3518 πολλῶν
1078 3463 1384 3534 ἐπιδέχεται
1429 3465 1460 3534 ἡ
1509 3461 1686 3534 χρεία·

122 3557 338 3612 ἐνταῦθα
364 3558 422 3610 δὲ
453 3559 554 3628 οὑχ
579 3558 762 3628 ὅμοιον
781 3559 892 3620 τοῖς
915 3553 1034 3610 οὖσι
1063 3558 1226 3609 πᾶσιν
1249 3555 1392 3627 ήτοῦ
1417 3554 1533 3618 ἑνὸς
1555 3553 1692 3625 πρὸς

121 3651 204 3704 τὸν
223 3651 315 3704 ἕνα
341 3651 490 3718 ἀξία.
519 3651 609 3704 Διὸ
637 3651 730 3704 κα)⁵
761 3649 922 3713 αὐτὸς
947 3652 975 3703 6
1004 3648 1284 3720 γεννηθεὶς
1309 3647 1600 3716 ἐξαιρέτως
1625 3647 1692 3699 ὲκ

123 3744 206 3796 τοῦ
235 3743 552 3815 ἐκπλήκτως
585 3743 967 3814 γεννήσαντος,
1016 3741 1205 3812 ὥσπερ
1242 3740 1352 3794 ἀπὸ
1393 3738 1486 3793 τοῦ
1528 3739 1690 3808 ἀγεν-

123 3837 268 3907 νήτου
297 3837 624 3908 γεγέννηται
656 3835 998 3907 συμπρέπων
1029 3834 1108 3906 τῷ
1136 3836 1442 3906 γεννήτορι,
1469 3833 1562 3887 καὶ
1591 3833 1691 3886 αὑ-

124 3928 202 3991 τὸς
225 3929 284 3981 οὑ
317 3929 506 4000 γεννᾷ,
541 3928 725 3982 οὐκέτι
761 3928 905 3982 κατὰ
932 3929 1030 4000 τὴν
1059 3927 1248 3982 οὐσίαν
1278 3928 1442 3999 φημὶ,
1471 3927 1560 3980 ἵνα
1586 3926 1693 3980 ἀπὸ

123 4019 206 4071 τοῦ
237 4020 432 4090 μηκέτι
463 4023 658 4093 γεννᾷν
691 4022 814 4074 κατ’
843 4021 1051 4086 οὐσίαν,
1081 4019 1176 4074 καὶ
1206 4021 1314 4073 ἀπὸ
1343 4018 1438 4072 τοῦ
1468 4019 1556 4072 τὸν
1580 4019 1692 4072 Πα-

125 4111 242 4180 τέςα
285 4111 358 4182 μὴ
402 4113 787 4183 γεγεννῆσθαι,
823 4113 881 4179 ὲξ
930 4113 1208 4184 ἑκατέρων
1239 4109 1421 4182 μερῶν
1466 4111 1499 4181 ἡ
1543 4113 1693 4163 πᾶσα

125 4201 236 4268 δόξα
263 4204 356 4257 τοῦ
389 4203 700 4276 ἀξιώματος
734 4205 975 4276 σώζηται
1022 4207 1079 4258 ὲν
1116 4206 1181 4275 τῇ
1221 4205 1318 4274 μιᾷ
1349 4201 1562 4272 ὲνότητι
1589 4201 1692 4270 τῆς

128 4293 268 4360 ἀξίας
332 4296 504 4360 Θεοῦ,
540 4297 754 4369 Πατρὸς
797 4297 1001 4350 τελείου
1047 4298 1142 4350 καὶ
1177 4295 1310 4349 Υῐοῦ
1354 4295 1558 4349 τελείου
1597 4295 1691 4347 καὶ

129 4387 314 4441 τελείου
347 4387 490 4441 Πνεύ
501 4405 670 4458 ματος
690 4391 870 4458 ἁγίου.
899 4391 1010 4443 Καὶ
1033 4389 1120 4442 διὰ
1143 4388 1300 4442 τοῦτο
1326 4388 1387 4440 τὸ
1406 4389 1690 4458 ὁμοοὺσιον

1716 3149 1760 3206 ο

1781 1935 2056 1990 quaquam
2104 1919 2429 1991 intelligere.
2469 1941 2487 1974 ι
2535 1921 2690 1988 Quod
2717 1922 2935 1992 quidem
2973 1925 3046 1976 ita
3078 1933 3362 1992 perpetuo,

1781 2020 1834 2065 et
1873 2011 1939 2064 ab
1974 2011 2092 2080 ipso
2133 2011 2288 2066 initio
2321 2015 2590 2069 sermonis
2625 2013 2883 2080 asseruit,
2933 2020 2993 2068 ut
3028 2029 3059 2066 a
3089 2013 3366 2070 veteribus

1781 2099 2001 2154 Arianis
2041 2099 2321 2166 dissideat,
2369 2100 2496 2155 licet
2543 2099 2737 2154 Filium
2795 2102 3138 2172 unigenitum
3188 2103 3370 2172 appel-

1783 2191 1898 2247 lare
1958 2191 2354 2246 dissimulando
2404 2193 2658 2246 voluerit.
2718 2192 2856 2246 lllud
2907 2209 3065 2258 vero,
3121 2193 3368 2248 veritatis

1786 2285 1876 2338 lilii
1901 2324 1913 2348 ,
1977 2284 2178 2355 ubique
2218 2285 2505 2354 diligenter
2562 2283 2824 2338 attendite
2859 2301 2871 2336 :
2909 2283 3366 2355 quemadmodum

1785 2391 1815 2430 a
1852 2375 2015 2432 Patre
2055 2377 2305 2431 eumdem
2355 2377 2666 2432 abalienare
2705 2379 2920 2447 penitus
2960 2377 3211 2443 studeat,
3267 2391 3368 2430 nec

1789 2469 1900 2524 ullo
1946 2468 2107 2523 modo
2153 2468 2348 2524 divina:
2394 2469 2711 2524 substantia:
2761 2470 3078 2540 participem
3130 2484 3253 2522 esse
3301 2483 3368 2521 ex

1786 2557 1874 2612 his
1913 2557 2205 2620 ostendat,
2258 2571 2378 2626 quze
2421 2556 2713 2611 identidem
2766 2567 2970 2612 temere
3014 2559 3369 2627 pronuntiare

1785 2645 1952 2717 950
1985 2663 2092 2701 non
2122 2647 2352 2702 dubitat.
2389 2647 2522 2702 Nam
2552 2662 2675 2702 cum
2710 2647 2924 2703 Patrem
2975 2660 3182 2704 asserat
3213 2649 3372 2718 inge-

1787 2739 1962 2792 nitum
1997 2753 2117 2794 sese
2147 2753 2504 2810 cognoscere,
2536 2753 2711 2809 neque
2755 2741 3058 2794 naturalem
3099 2741 3152 2793 in
3197 2755 3254 2794 se
3285 2757 3374 2810 ge-

1787 2829 2014 2885 nerandi
2064 2829 2372 2886 facultatem
2424 2847 2552 2887 esse
2600 2834 2764 2897 scire,
2808 2833 3008 2886 frustra
3043 2829 3237 2886 Filium
3285 2833 3370 2888 vel

1789 2921 2053 2974 vocabulo
2085 2931 2243 2976 tenus
2277 2921 2476 2976 Filium
2529 2921 2782 2991 appellat.
2821 2921 3018 2977 Verum
3057 2923 3212 2977 facile
3249 2923 3372 2994 ejus

1791 3011 1968 3066 oratio
2014 3011 2362 3066 refutabitur.
2417 3012 2550 3066 Nam
2582 3023 2634 3065 et
2671 3013 2944 3083 ingenitus
2975 3021 3057 3067 est
3088 3011 3277 3078 Pater;
3319 3022 3374 3068 et

1795 3105 2132 3173 unigenitum
2173 3105 2238 3158 ab
2261 3113 2465 3160 aeterno
2495 3104 2704 3176 genuit,
2731 3120 2854 3158 cum
2891 3113 3141 3158 naturam
3173 3105 3371 3159 habeat

1794 3195 2087 3265 ejusmodi,
2127 3211 2248 3265 quze
2287 3197 2388 3251 sibi
2439 3197 2542 3267 ipsi
2582 3197 2912 3252 conveniens
2959 3198 3030 3252 sit
3061 3217 3072 3251 :
3103 3195 3372 3266 siquidem

1795 3303 1962 3341 unum
1992 3303 2055 3342 ac
2091 3287 2266 3344 solum
2298 3289 2590 3359 unigenam
2612 3287 2809 3343 Filium
2842 3291 3047 3359 genuit,
3079 3289 3375 3359 Spiritum-

1794 3394 1900 3450 qu-e
1938 3379 2198 3450 produxit
2243 3381 2392 3435 solus
2443 3395 2568 3436 cum
2605 3381 2896 3452 Unigenito
2954 3381 3071 3436 sulo
3119 3381 3370 3450 genitor;

1793 3470 1885 3541 qui
1918 3485 2041 3525 cum
2074 3469 2214 3524 Filio
2249 3470 2368 3525 sine
2394 3471 2504 3525 ullo
2551 3471 2707 3526 initio
2736 3473 2918 3541 genito
2953 3471 3111 3526 simul
3135 3471 3372 3538 exsistit,

1792 3571 1845 3618 et
1879 3577 2000 3618 eum
2031 3563 2258 3632 spiritus
2296 3562 2404 3627 sit,
2457 3561 2720 3633 Spiritum
2768 3563 2974 3633 genuit.
3024 3560 3210 3632 Neque
3243 3577 3373 3617 vero

1793 3667 1997 3724 corpus
2035 3661 2138 3719 est,
2172 3651 2318 3723 quod
2344 3667 2610 3723 corporeo
2659 3669 2811 3709 more
2861 3652 3223 3714 distrahatur,
3280 3661 3374 3706 aut

1793 3753 2180 3815 corrumpatur
2217 3753 2570 3814 augeatur-ve,
2621 3746 2707 3800 vel
2751 3745 3047 3799 sectionem
3109 3743 3370 3813 patiatur.

1793 3839 2158 3906 Quamobrem
2188 3838 2289 3893 etsi
2337 3839 2388 3891 in
2447 3837 2659 3892 caeteris
2695 3839 2950 3893 omnibus
2983 3853 3100 3908 qum
3147 3839 3374 3908 gignunt

1793 3938 1886 3984 aut
1915 3930 2231 4001 gignuntur,
2266 3927 2409 3982 aliud
2440 3930 2746 3984 necessitas
2781 3929 2894 3998 ipsa
2929 3927 3260 3982 conditionis
3289 3925 3372 3981 fe-

1791 4029 1910 4085 rat,
1942 4028 2125 4075 tamen
2155 4020 2244 4074 hic
2278 4021 2441 4075 unius
2481 4021 2548 4073 ad
2577 4035 2745 4073 unum
2776 4029 3091 4088 comparata
3126 4017 3368 4088 dignitas

1793 4113 2064 4168 dissimile
2103 4111 2360 4182 quiddam
2397 4121 2478 4166 est
2511 4111 2580 4166 ab
2606 4109 2728 4165 aliis
2756 4110 2968 4164 sortita.
3002 4107 3157 4162 Unde
3185 4117 3236 4162 et
3281 4123 3374 4176 ge-

1792 4204 1940 4258 nitus
1967 4205 2082 4272 ipse
2109 4203 2310 4257 eximia
2347 4201 2584 4272 quadam
2617 4199 2831 4254 ratione
2867 4213 2894 4250 a
2931 4197 3094 4252 Patre
3117 4237 3130 4261 ,
3159 4197 3248 4266 qui
3283 4195 3375 4250 ad-

1793 4293 2116 4346 mirabiliter
2161 4290 2369 4360 genuit,
2421 4297 2681 4358 tanquam
2739 4286 2806 4339 ab
2855 4285 3096 4354 ingenito
3153 4283 3372 4352 genitus

1793 4389 1898 4443 est,
1920 4380 2180 4450 genitoris
2205 4388 2415 4432 natura:
2440 4386 2864 4432 consentaneus.
2889 4373 3030 4428 idem
3053 4373 3166 4442 ipse
3179 4385 3369 4442 porro,

128 4479 178 4528 οὑ
207 4478 394 4547 ψεῦδος
423 4476 564 4534 οἶδεν
595 4483 628 4551 η
659 4479 776 4533 θεία
807 4482 1019 4552 Γραφὴ,
1049 4480 1170 4533 οὑδὲ
1204 4482 1232 4533 6
1273 4479 1502 4551 εὐσεϐὴς
1541 4479 1684 4548 λογι-

1823 4471 1939 4538 1uod
1972 4470 2187 4541 quldem
2220 4469 2284 4522 ad
2321 4479 2571 4522 naturam
2602 4468 2831 4531 attinet,
2871 4479 2979 4518 non
3011 4461 3246 4532 amplius
3279 4475 3372 4532 ge-

132 4568 248 4636 σμὸς
277 4573 304 4622 6
331 4571 460 4642 περὶ
485 4571 695 4641 Πατρὸς
733 4571 826 4624 καὶ⁵
886 4569 1015 4624 rio“)
1059 4572 1151 4624 καὶ
1179 4569 1336 4638 ἁγίου
1371 4570 1688 4640 Πνεύματος

133 4661 348 4724 εὐσεϐῶς
391 4661 749 4734 μεμαθηκὼς,
790 4662 850 4714 τὸ
887 4660 1129 4726 δοξάζειν
1154 4662 1248 4714 καὶ
1273 4663 1599 4736 προσκυνεῖν
1625 4661 1688 4714 ἐκ

131 4751 250 4803 Θεοῦ
273 4753 452 4806 λαϐὼν
477 4754 574 4823 τὴν
599 4755 780 4825 χάριν.

137 4932 180 4984 lii
215 4949 272 4989 ac
303 4932 530 5004 perfecti
577 4935 816 5008 Spiritus
861 4935 1054 4991 sancti.
1126 4933 1256 5000 Quae
1301 4949 1424 4988 cum
1487 4933 1560 4986 ita
1619 4935 1761 4998 sint,

1796 4573 1971 4629 ncrat,
2011 4573 2069 4617 ut
2100 4578 2166 4617 ex
2193 4577 2258 4616 eo
2289 4562 2435 4632 quod
2487 4561 2619 4614 nihil
2651 4561 2766 4629 ipse
2797 4565 2991 4611 natura
3037 4554 3374 4611 substantia-

1797 4671 1902 4727 que
1931 4655 2134 4726 gignat,
2172 4653 2334 4708 Pater
2369 4667 2498 4708 vero
2533 4667 2562 4705 a
2593 4651 2746 4706 hullo
2777 4651 2848 4705 sit
2893 4651 3108 4720 genitus
3132 4689 3146 4712 ,
3175 4645 3376 4702 divina:

1797 4747 2170 4820 amplitudinis
2197 4746 2370 4817 gloria
2403 4745 2456 4799 in
2511 4757 2618 4798 una
2661 4759 2724 4798 ac
2767 4741 3032 4812 singulari
3071 4739 3161 4794 Dei
3196 4737 3374 4808 digni-

1797 4848 1907 4894 tate
1936 4845 2206 4900 servetur,
2233 4837 2416 4892 Patris
2443 4835 2696 4892 videlicet
2730 4834 2976 4905 perfecti.
3005 4831 3234 4902 perfecti
3273 4825 3368 4882 Fi-

1801 4936 1918 5002 ipsa
1976 4931 2463 4989 consubstantialis
2527 4929 2669 4984 ratio
2739 4929 2874 4982 falsa
2938 4941 3002 4980 ex
3069 4922 3372 4993 Seripturis

137 5027 326 5080 ostendi
351 5028 578 5082 minime
600 5037 797 5098 potest.
823 5041 996 5097 neque
1025 5025 1109 5095 pia
1140 5041 1204 5079 ac
1236 5023 1486 5093 religiosa
1515 5039 1668 5078 mens
1701 5024 1986 5092 repudiare
2013 5023 2158 5077 velut
2184 5021 2473 5076 confictam
2521 5025 2720 5087 potest,
2768 5015 2912 5086 quod
2961 5014 3028 5068 de
3083 5012 3263 5074 Patre,
3309 5024 3373 5064 ae

137 5113 255 5173 Filio
317 5129 619 5190 sanctoque
668 5120 874 5192 Spiritu
937 5118 1024 5187 pie
1089 5117 1335 5170 instituta
1383 5115 1566 5178 fuerit,
1630 5115 1986 5186 eamdemque
2050 5115 2329 5170 celebrare
2391 5118 2446 5166 et
2507 5109 2740 5165 adorare
2809 5121 2970 5178 posse
3024 5103 3371 5172 Trinitatem,

140 5207 302 5266 divino
339 5211 410 5266 sit
441 5211 710 5266 beneficio
741 5217 1058 5266 consecuta.

499 5321 898 5376 ΚΕΦΑΛΑῙΟΝ
927 5321 1176 5374 ΑΕΤΙΟΥ
1201 5317 1298 5374 lB'.

199 5411 254 5465 Εἰ
288 5414 358 5486 μὴ
379 5415 440 5468 τὸ
474 5415 767 5486 ἀγέννητον
795 5417 893 5487 τὴν
930 5415 1226 5468 ὑπόστασιν
1254 5413 1348 5466 τοῦ
1375 5412 1512 5467 Θεοῦ
1543 5429 1687 5485 παρ-

145 5499 349 5572 ίστησιν,
377 5507 490 5560 ἀλλ’
519 5508 773 5572 ὑπονοίας
799 5508 946 5561 ἐστὶν
967 5505 1312 5578 ἀνθρωπίνης
1342 5505 1402 5559 τὸ
1428 5503 1693 5576 ἀσύγκριη

144 5609 220 5648 τον
250 5595 432 5668 ὄνομα,
470 5603 627 5673 χάριν
667 5603 778 5666 τοῖς
816 5601 1129 5670 ἐπινοήσασι
1168 5595 1424 5666 γινώσκει
1469 5597 1497 5650 6
1534 5596 1692 5665 Θεὸς,

208 5757 226 5794 ι
250 5757 458 5818 ἢάλλ’.

2281 5309 2461 5366 AETII
2500 5307 2728 5363 CAPUT
2765 5305 2880 5361 XII.

1870 5409 1927 5462 Si
1973 5404 2195 5478 ingeniti
2227 5419 2332 5458 vox
2367 5401 2460 5458 Dei
2490 5401 2851 5457 substantiam
2889 5401 3110 5456 minime
3163 5393 3368 5470 signifi-

1798 5510 1923 5563 cat,
1972 5497 2066 5553 sed
2117 5492 2542 5566 iucomparabile
2573 5491 2717 5548 istud
2760 5505 2956 5544 nomen
3004 5491 3072 5544 ab
3117 5490 3369 5548 humanis

1800 5591 2032 5664 ingeniis
2072 5587 2439 5660 excogitatum
2473 5592 2555 5641 est
2577 5624 2590 5650 ,
2623 5581 2766 5638 Deus
2799 5583 2868 5638 ob
2900 5583 3028 5638 illud
3078 5583 3253 5653 ipsum
3283 5581 3370 5638 in-
