3790 6212
377 242 485 301 575

1786 250 1843 305 S.
1889 249 2237 305 EPlPllANll

3537 247 3640 301 576

374 362 538 434 geniti
568 373 932 418 commentum
969 364 1034 420 iis
1052 366 1145 434 qui
1172 366 1702 439 repererint,gratiae
1735 366 1871 423 debil

2177 368 2277 439 τὴν
2319 369 2613 438 ἀγέννητον
2660 368 2900 422 ἐπίνοιαν
2949 368 3047 440 τὴν
3091 366 3361 439 ὑπεροχὴν
3402 365 3500 418 τοῦ
3530 366 3642 417 ἀνο-

373 464 458 512 cst
480 498 495 523 ,
530 471 655 511 cutn
684 464 836 511 tanto
862 458 1072 511 nomini
1116 461 1537 531 respondentem
1568 460 1949 517 excellentiam

376 548 435 603 in
465 549 702 605 essentia
735 564 836 606 sua
867 564 976 605 non
1006 550 1223 607 habeat.

920 677 1230 749 Confutatiu
1269 678 1405 735 XII.

955 802 1013 848 ut
1073 795 1335 852 adversus
1389 795 1606 852 Aetium
1671 798 1963 854 contendi-

379 897 525 947 mus,
558 897 658 938 nec
688 883 920 938 inﬁciari
950 899 1270 955 possumus,
1299 887 1516 942 tametsi
1552 888 1605 941 in
1641 889 1817 944 sacris
1850 888 1963 943 Lit-

378 976 513 1033 teris
543 977 766 1033 minitne
798 980 1127 1049 reperiatur,
1158 979 1319 1051 951
1354 979 1441 1050 pie
1469 989 1653 1036 tamen
1689 990 1771 1037 est
1800 996 1963 1038 exco-

379 1069 570 1138 gitata.
599 1069 742 1141 Ergo
778 1070 1080 1141 ingenitum
1105 1068 1322 1127 Patrem
1352 1073 1719 1143 appellamus,
1746 1089 1809 1129 ac
1839 1089 1965 1129 con-

382 1162 598 1217 titemur
627 1178 639 1214 :
672 1163 915 1233 genitum
949 1178 1077 1218 vero
1109 1160 1309 1217 Filium
1344 1165 1646 1222 asserimus
1669 1206 1683 1231 ,
1714 1175 1768 1222 et
1809 1182 1963 1223 crea-

382 1259 497 1307 tum
542 1251 715 1310 fuisse
766 1270 1051 1327 negamus.
1104 1254 1239 1310 Nam
1293 1271 1418 1311 cmn
1476 1256 1669 1314 Filium
1722 1262 1963 1330 genitum

379 1359 504 1400 esse
536 1344 1011 1411 constituerimus,
1044 1347 1177 1416 quin
1212 1362 1241 1400 a
1271 1346 1381 1402 Deo
1406 1346 1568 1404 Patre
1600 1349 1964 1405 substantiam

384 1438 678 1507 acceperit,
712 1454 913 1509 negare
947 1456 1055 1495 non
1090 1455 1407 1511 possumus.
1442 1440 1579 1496 Nam
1615 1445 1967 1515 generatione

386 1526 565 1597 ipsum
620 1528 915 1598 produxit,
956 1544 1064 1584 non
1103 1533 1331 1588 creavit.
1370 1535 1446 1590 Ac
1478 1542 1535 1591 tu
1584 1552 1869 1607 perperam
1913 1548 1967 1594 et

384 1618 609 1689 oblique
652 1620 893 1691 genitum
927 1621 1061 1677 illud
1092 1631 1146 1679 et
1186 1625 1493 1696 ingenitum
1527 1627 1839 1699 accipiens,
1867 1627 1966 1683 de-

387 1719 641 1782 torquere
665 1714 1010 1786 temetipsum
1045 1718 1236 1773 studes
1268 1720 1470 1790 (neque
1489 1720 1637 1774 enim
1661 1720 1965 1791 quidquam

387 1802 533 1858 aliud
564 1803 775 1875 Cilicis),
811 1814 923 1860 tum
951 1807 1018 1863 de
1065 1809 1321 1865 humanis
1356 1811 1877 1868 ratiocinationibus
1912 1820 1967 1867 et

388 1903 581 1967 arguta
613 1900 1018 1969 oppugnatione
1054 1900 1537 1973 disputationeque
1590 1914 1680 1958 tua
1704 1943 1720 1968 ,
1751 1904 1855 1959 hoc
1895 1913 1979 1961 est

446 788 676 863 Ingeniti
734 808 835 847 vox
856 834 871 858 ,

2070 482 2238 537 ματος
2268 464 2329 516 οὐ
2365 465 2546 534 φέρων
2579 463 2637 515 έν
2661 461 2836 531 οὐσίᾳ.

2628 681 2904 750 Ἀνατροπ
2916 679 2948 748 ἡ
2976 681 3088 736 IB'.

2143 800 2254 855 Καὶ
2310 798 2637 869 ἀγέννητον,
2691 796 2768 861 ὡς
2825 796 3035 867 ἔφαμεν
3084 794 3218 866 πρὸς
3278 794 3371 845 τὸν
3447 790 3649 843 Ἀέτιον

2070 894 2498 964 ἁποτεινόμενοι,
2542 889 2682 963 [καὶ]
2718 891 2818 943 οὐκ
2852 886 3185 957 ἀρνούμεθα,
3222 886 3324 940 κᾶν
3350 902 3413 936 τε
3441 886 3501 937 ὲν
3536 882 3652 951 θείᾳ.

2072 988 2261 1059 Γραφῇ
2299 985 2372 1056 μὴ
2405 983 2737 1055 ἐμφέρηται,
2784 979 3023 1043 εὐσεϐῶς
3061 976 3426 1047 ἐπινενόηται.
3470 974 3651 1041 Ἀγένο

2073 1097 2232 1150 νητον
2260 1077 2318 1130 δὲ
2350 1077 2653 1147 φάσκοντες
2682 1073 2773 1127 τὸν
2808 1072 3048 1144 Πατέρα,
3080 1071 3175 1124 καὶ
3203 1068 3500 1139 ἀγέννητον
3530 1069 3652 1135 ὁμου

2073 1170 2357 1241 λογοῦμεν·
2396 1168 2654 1238 γεννητὸν
2681 1165 2739 1218 δὲ
2766 1163 2856 1217 τὸν
2886 1163 3013 1217 Υίὸν
3041 1162 3141 1214 οὐκ
3167 1157 3505 1231 ἀρνούμεθα,

2072 1264 2195 1334 οὐχὶ
2238 1260 2474 1316 κτιστύν
2515 1257 2640 1312 οὔτε
2684 1256 2814 1328 γὰρ,
2846 1255 2943 1309 ὲάν
2970 1253 3064 1307 τὸν
3094 1251 3221 1305 Υἱὸν
3253 1248 3519 1320 γεννητὸν
3548 1249 3655 1315 ὀρι-

2076 1356 2319 1427 σώμεθα,
2346 1356 2412 1408 ὲκ
2436 1352 2570 1406 Θεοῦ
2608 1351 2820 1422 Πατρὸς
2855 1346 2953 1419 τὴν
2978 1346 3165 1401 οὐσίαν
3196 1344 3344 1414 ἔχειν
3374 1341 3654 1415 ἀρνεῖτθαι

2074 1449 2373 1522 δυνάμεθα.
2404 1445 2685 1517 Γεννητῶς
2713 1443 2822 1515 γὰρ
2851 1441 3133 1512 ἐγέννησε,
3167 1437 3261 1492 καὶ
3292 1437 3396 1491 οὐκ
3426 1435 3653 1487 ἔκτισεν.

2089 1545 2176 1606 Ὠς
2200 1543 2311 1612 γὰρ
2335 1540 2506 1605 λοξῶς
2537 1540 2715 1593 πάντα
2748 1537 2842 1590 ὲπὶ
2874 1534 2970 1588 τοῦ
3010 1531 3272 1603 γεννητοῦ
3307 1530 3404 1583 καὶ
3433 1529 3657 1597 ἀγεννή-

2075 1656 2171 1692 του
2219 1633 2599 1705 διανοούμενος
2647 1629 3051 1702 παρεκτρέπειν
3098 1625 3291 1679 ἑαυτὸν
3339 1622 3522 1693 βούλει
3582 1620 3657 1689 (οὐ

2076 1730 2186 1801 γάρ
2210 1746 2263 1782 τι
2292 1726 2521 1799 ἕτερον),
2550 1724 2723 1788 οὕτως
2754 1722 2846 1776 καὶ
2872 1720 3034 1782 αὐτὸς
3061 1716 3283 1781 ἀκούεις
3306 1715 3365 1780 ἐξ
3383 1713 3656 1785 ἀνθρωπί-

2079 1839 2185 1875 νων
2254 1816 2629 1888 συλλογισμῶν
2689 1814 2785 1869 καὶ
2842 1811 3169 1872 ἀντιθέσεως
3226 1806 3659 1875 συλλογιστικῇ.

2079 1910 2427 1986 ἀνθρωπείας
2448 1927 2507 1962 τε
2536 1904 3032 1981 ματαιοφροσύνης,
3062 1902 3144 1965 τὸ,
3177 1901 3466 1969 Ἕγκειται
3491 1901 3525 1968 η
3554 1898 3661 1951 διάη

387 1990 455 2044 de
483 1988 721 2043 humana
749 1991 1005 2053 stultitia,
1041 1994 1329 2049 commode
1365 1995 1499 2050 illud
1533 2011 1564 2051 e
1595 1996 1771 2052 sacris
1808 1995 1884 2050 Lil

2164 2019 2198 2056 α
2226 2000 2321 2055 τοῦ
2346 1997 2637 2071 ἀνθρώπου
2678 1998 2769 2050 ἐπὶ
2796 1995 2868 2049 τά
2909 1993 3123 2066 πονηρά
3155 1990 3435 2063 ἐπιμελῶς
3459 1992 3525 2042 ὲκ
3556 1990 3660 2041 νεο-

391 2083 469 2138 ris
495 2083 760 2139 exaudire
790 2093 946 2154 potes
976 2105 988 2141 :
1022 2085 1284 2156 Prompta
1326 2096 1411 2142 est
1446 2088 1689 2144 hominis
1724 2105 1879 2145 mens
1920 2089 1974 2145 in

391 2175 534 2228 mala
581 2174 926 2246 impensius,
956 2179 1068 2247 jam
1118 2179 1243 2233 inde
1289 2180 1358 2235 ab
1389 2180 1821 2236 adolescentia‘.
1869 2180 1981 2239 Nos

392 2277 574 2325 autem
608 2277 663 2325 et
697 2269 831 2325 illud
882 2278 1074 2324 contra
1140 2280 1191 2327 te
1221 2270 1403 2328 dicere
1437 2290 1729 2344 possumus
1762 2292 1774 2327 :
1810 2276 1982 2330 multo

391 2361 448 2417 id
502 2363 747 2419 increato
799 2363 912 2419 Deo
956 2364 1233 2435 indignius
1263 2407 1277 2429 ,
1340 2374 1394 2423 et
1444 2369 1787 2423 indecentius
1834 2384 1980 2432 esse,

392 2469 583 2511 creare
611 2454 875 2527 quidquid
903 2463 986 2511 est
1011 2454 1313 2522 conditum,
1372 2464 1467 2512 aut
1499 2458 1593 2527 qui
1639 2472 1669 2511 a
1716 2458 1866 2511 nullo
1898 2458 1982 2512 fa-

393 2559 517 2607 ctus
544 2560 627 2607 est
656 2551 854 2608 facere.
888 2550 1103 2607 Etenim
1134 2551 1202 2615 si,
1241 2552 1386 2622 quod
1419 2552 1610 2608 Aetius
1640 2553 1860 2616 asserit,
1896 2551 1981 2607 in-

395 2644 638 2716 genitum
688 2658 951 2716 generare
999 2658 1345 2714 nequaquam
1396 2644 1586 2710 decet,
1638 2661 1986 2716 consequens

392 2741 498 2800 est,
541 2750 642 2791 nec
672 2735 977 2791 increatum
1016 2752 1203 2792 creare
1256 2736 1580 2808 quidquam,
1617 2753 1796 2808 neque
1825 2738 1916 2808 qui
1953 2753 1984 2791 a

394 2827 548 2883 nullo
582 2826 758 2883 factus
803 2837 920 2893 est,
954 2844 1078 2897 quae
1117 2837 1277 2884 erant
1306 2828 1593 2884 condenda
1631 2844 1980 2898 procreasse.

394 2918 664 2984 Quocirca
706 2934 834 2975 cum
874 2928 1075 2975 creatae
1124 2937 1214 2975 res
1262 2921 1440 2976 oculis
1488 2920 1879 2990 subjiciantur,
1920 2937 1986 2976 ac

397 3021 539 3063 bona
570 3023 699 3079 pars
729 3016 938 3063 natura:
971 3009 1328 3065 subsistentis
1358 3017 1661 3079 appareat,
1709 3025 1811 3064 nec
1850 3008 1983 3063 illud

2079 2112 2261 2166 τητος.
2295 2091 2535 2163 Λέξομεν
2565 2091 2659 2144 καὶ
2690 2089 2864 2155 αὐτοὶ,
2888 2089 2968 2142 ὅτι
2998 2085 3208 2140 πολλῶν
3227 2086 3249 2116 ⁶
3278 2083 3484 2156 μᾶλλον
3508 2083 3665 2152 ἀπρέ-

2083 2206 2213 2242 πεια
2252 2186 2372 2257 Θεῴ
2413 2186 2491 2256 τῷ
2518 2185 2759 2254 ἀκτίστῳ
2785 2183 2845 2236 τὺ
2875 2180 3079 2245 κτίζειν
3116 2180 3185 2233 τὰ
3226 2176 3542 2238 κτισθέντα,
3578 2176 3662 2226 καὶ

2083 2281 2160 2353 τῷ
2182 2282 2428 2351 ἀποιήτῳ
2456 2278 2517 2332 τὸ
2543 2280 2737 2332 ποιεῖν.
2769 2276 2843 2330 Οὐ
2872 2274 2979 2343 γὰρ
3005 2271 3281 2343 ἐνδέχεται
3300 2270 3393 2323 τὸν
3418 2269 3665 2322 ἀκτιστον

2083 2373 2286 2438 κτίζειν
2313 2373 2382 2426 τά
2412 2370 2722 2437 κτισθέντα,
2753 2368 2871 2441 [καὶ
2909 2366 2987 2438 τῷ
3016 2367 3265 2436 ἀποιήτῳ
3300 2364 3363 2416 τὸ
3393 2364 3590 2415 ποιεῖν’
3613 2362 3664 2413 οὗ

2085 2469 2193 2538 γάρ
2217 2466 2486 2537 ἐνδέχεται
2513 2464 2614 2519 τὸν
2629 2465 2884 2518 ἄκτιστον
2911 2458 3170 2531 κτίζειν,]
3188 2458 3392 2511 καὶτὸν
3420 2456 3501 2527 μὴ
3522 2454 3665 2522 γενέθ-

2090 2574 2249 2628 μενον
2279 2558 2450 2610 ποιεῖν
2478 2555 2549 2607 τά
2583 2552 2836 2622 ἐσόμενα,
2871 2550 2919 2602 εί
2957 2549 3018 2602 οὐ
3050 2548 3251 2620 πρέπει
3284 2546 3365 2616 τῷ
3393 2544 3666 2613 ἀγεννήτῳ

2086 2650 2147 2701 τὸ
2185 2649 2381 2719 γεννᾷν
2426 2645 2569 2700 κατὰ
2607 2645 2699 2698 τὸν
2748 2643 2956 2697 Ἀετίου
2989 2642 3169 2709 λόγον.
3203 2639 3331 2692 Τῶν
3361 2638 3421 2691 δὲ
3446 2638 3666 2690 κτίσεων

2087 2739 2402 2813 ὁρωμένων,
2434 2740 2528 2793 καλ⁸
2555 2736 2647 2792 τοῦ
2676 2738 2929 2791 πλείστου
2968 2735 3164 2807 μέρους
3199 2733 3297 2803 τῆς
3326 2731 3519 2792 οὐσίας
3543 2730 3665 2783 ὑπο·

2092 2835 2333 2897 στάσεως
2361 2832 2711 2903 φαινομένης,
2741 2829 2861 2901 Θεῴ
2888 2830 2945 2883 δὲ
2976 2828 3055 2899 τῷ
3084 2826 3328 2895 ἀκτίστῳ
3363 2824 3427 2876 τὸ
3458 2824 3551 2875 ὐπ’
3579 2821 3665 2873 αὐο

2090 2923 2183 2978 τοῦ
2216 2922 2497 2977 κεκτίσθαι
2528 2921 2602 2994 μὴ
2637 2920 2973 2993 πρεπούσης,
3010 2920 3099 2972 ἵνα
3132 2915 3207 2988 μὴ
3250 2916 3311 2970 τὸ
3347 2914 3668 2985 ἀσύγκριτον

2092 3016 2185 3069 ἐπὶ
2217 3012 2518 3086 μεταϐολὴν
2545 3013 2655 3065 τῶν
2692 3010 3005 3081 γενομένων
3043 3006 3380 3079 παρενεχθὲν
3425 3006 3549 3060 ἀντὶ
3588 3002 3671 3056 τοῦ

395 3099 620 3167 deceat,
669 3101 944 3157 increatus
983 3102 1239 3165 utiillam
1284 3100 1426 3157 Deus
1474 3102 1782 3165 creaverit,
1833 3117 1892 3156 ne

2168 3108 2397 3170 πέποντος
2438 3105 2591 3177 παρά
2629 3104 2706 3175 τῷ
2762 3101 2952 3172 Ἀετίῳ
3000 3099 3248 3171 ἀπρεπὲς
3293 3096 3500 3168 μᾶλλον
3533 3112 3665 3163 νομι-

398 3194 827 3264 incomparabile
857 3194 989 3249 illud
1020 3196 1086 3249 ad
1133 3211 1322 3250 eormn
1352 3210 1473 3265 qua:
1504 3194 1653 3248 facta
1681 3202 1833 3259 sunt,
1864 3211 1985 3249 mu—

404 3286 622 3342 tabilem
650 3285 1027 3342 conditionem
1056 3287 1368 3356 abjiciatur,
1410 3301 1523 3341 non
1556 3286 1721 3342 modo
1756 3303 1865 3342 non
1900 3286 1991 3343 de-

400 3394 593 3437 corum
627 3380 720 3447 sit,
754 3379 846 3435 sed
878 3396 945 3436 ex
978 3380 1151 3450 ipsius
1171 3380 1312 3435 Aetii
1344 3378 1618 3435 sententia
1644 3380 1728 3436 vel
1755 3380 1990 3435 maxime

402 3471 685 3538 dedeceat,
716 3487 783 3527 eo
810 3487 901 3528 res
937 3472 1155 3528 tandem
1190 3471 1505 3538 adducitur,
1560 3480 1621 3527 ut
1667 3472 1804 3527 alter
1845 3471 1991 3527 Deus

404 3566 705 3631 increatus,
741 3566 878 3621 alter
909 3573 1151 3629 creatus,
1185 3565 1281 3635 qui
1327 3565 1392 3619 ad
1449 3565 1534 3620 sui
1573 3563 1990 3620 similitudinem

405 3673 599 3714 creare
630 3666 827 3713 caetera
868 3658 1076 3728 possit,
1125 3656 1455 3727 qumrcndus
1495 3658 1690 3712 merito
1722 3656 1989 3711 videatur.

406 3749 527 3806 Jam
558 3764 688 3805 vero
718 3764 842 3803 cum
880 3749 969 3802 hic
1013 3749 1131 3819 ipse
1180 3756 1399 3803 creatus
1444 3747 1621 3813 Deus,
1668 3757 1722 3802 et
1770 3745 1994 3802 creandi

410 3848 681 3915 potestate
732 3840 1012 3913 praeditus,
1074 3857 1103 3895 a
1149 3858 1207 3897 se
1249 3842 1368 3912 ipso
1415 3856 1524 3895 non
1556 3840 1851 3903 exstiterit,
1900 3840 1994 3895 scd

410 3942 633 3989 creatus
668 3942 931 4004 ponatur,
983 3934 1312 4005 qumrendus
1353 3934 1551 3988 iterum
1586 3933 1725 3987 alter
1757 3933 1847 3986 ille
1878 3932 1998 3987 fue-

411 4026 503 4093 rit,
527 4041 558 4081 a
589 4041 697 4098 quo
726 4036 982 4098 tanquam
1008 4042 1036 4079 a
1072 4026 1346 4097 principio
1373 4024 1652 4096 profectus
1675 4025 1765 4079 sit.
1793 4024 1998 4080 Deinde

412 4120 575 4176 etiam
610 4120 751 4176 alius
790 4130 913 4191 post
944 4120 1121 4190 ipsum
1159 4118 1578 4189 cxc03itandus.
1615 4117 1695 4173 Ex
1728 4135 1838 4190 quo
1870 4136 1999 4190 pro-

416 4210 777 4268 fundissimus
828 4212 928 4267 iste
957 4226 1112 4267 error
1151 4211 1217 4265 ad
1275 4212 1551 4280 ingentem
1585 4210 1906 4282 dogmatum
1944 4220 1999 4266 et

414 4304 811 4360 sententiarum
870 4301 1268 4357 absurditatem
1347 4308 1627 4371 postremo
1682 4300 1997 4355 deducitur.

416 4393 604 4465 Neque
655 4394 801 4450 enim
851 4393 1159 4481 consistere
1214 4392 1433 4447 animus
1486 4392 1700 4462 uspiam
1763 4393 1999 4461 poterit;

2093 3199 2268 3271 σθείη,
2296 3195 2866 3269 ζητηθήσεταιλοιπον
2886 3194 3073 3265 ἕτερος
3095 3190 3171 3244 ὢν
3192 3189 3322 3252 Θεὸς
3348 3191 3378 3241 ὁ
3406 3189 3666 3248 ἀκτιστος,

2091 3293 2277 3365 ἔτερος
2304 3291 2361 3345 δὲ
2408 3292 2436 3343 ὁ
2480 3287 2740 3351 κτισθεὶς,
2787 3286 2882 3339 καὶ
2932 3285 3138 3350 κτίζειν
3180 3281 3467 3349 ἀναλόγως
3510 3280 3669 3347 ἐαυτῷ

2090 3384 2407 3454 δυνάμενος.
2424 3381 2531 3435 Τοῦ
2552 3381 2608 3434 δὲ
2630 3378 2986 3450 κεκτισμένου
3014 3377 3108 3430 καὶ
3132 3375 3193 3429 τὸ
3219 3375 3431 3439 κτίζειν
3448 3374 3667 3444 ἔχοντος,

2094 3476 2399 3542 αὐτομάτου
2440 3473 2514 3545 μὴ
2549 3473 2719 3537 ὖντος,
2740 3471 2875 3526 ἀλλά
2902 3468 3286 3539 κεκτισμένου,
3315 3466 3667 3538 ζητηθήσεται

2096 3568 2189 3622 καὶ
2233 3568 2417 3637 ἕτερος
2454 3568 2483 3619 ὁ
2519 3564 2708 3619 τούτου
2743 3564 2914 3625 αίτιος
2942 3558 3203 3629 γεγονὼς,
3236 3558 3331 3612 καὶ
3358 3558 3472 3611 ἀπὸ
3498 3556 3665 3609 τούτου

2096 3657 2255 3720 ἀλλος
2273 3654 2710 3726 ὲπινοηθήσεται.
2735 3652 2845 3706 Καὶ
2862 3649 3030 3721 πολλὴ
3050 3648 3203 3701 ἔσται
3227 3649 3261 3719 ἡ
3278 3646 3371 3701 τοῦ
3398 3645 3560 3718 βυθοῦ
3584 3646 3666 3713 τῆς

2100 3748 2307 3815 πλάνης
2341 3748 2374 3819 ὴ
2409 3744 2762 3817 ματαιολογία
2808 3744 2916 3797 τῶν
2961 3742 3272 3813 νοημάτων,
3320 3740 3423 3810 τῆς
3451 3738 3666 3798 διανοίας

2103 3842 2298 3914 μηκέτι
2337 3839 2724 3910 εὐσταθούσης,
2761 3837 2897 3892 ἀλλά
2933 3836 3249 3910 πληρούσης
3281 3835 3344 3888 τὸ
3374 3834 3661 3906 εἰρημένον·

2114 3932 2572 4003 Ἐμωράνθησαν
2600 3934 2653 3985 οἱ
2681 3930 2891 3985 δοῦλοι
2918 3929 3023 3983 τοῦ
3056 3928 3223 3983 Θεοῦ·
3250 3926 3351 3980 καὶ
3378 3923 3662 3994 ἐμψάνθη

2101 4023 2219 4090 πᾶς
2248 4022 2557 4092 ἅνθρωπος
2588 4022 2707 4076 ἀπὸ
2729 4020 3027 4091 γνώσεως.
3053 4019 3126 4072 Uti
3153 4018 3260 4089 γάρ
3283 4034 3368 4080 τις
3394 4014 3567 4082 ἑαυτῷ
3591 4014 3661 4080 ζῇ.

2101 4116 2223 4170 οὐδὲ
2268 4113 2447 4185 ἑαυτῷ
2497 4112 2853 4184 ἀποθνήσκει·
2906 4109 3027 4163 οὐδέ
3075 4126 3158 4173 τις
3208 4105 3482 4176 γνώσεται
3536 4102 3661 4156 οὐδὲν

2106 4207 2279 4280 παρὲξ
2305 4207 2400 4260 τοῦ
2433 4206 2590 4270 Θεοῦ,
2630 4205 2723 4259 τοῦ
2757 4201 3207 4271 ἀποκαλύψαντος
3254 4200 3390 4270 ἡμῖν
3429 4197 3527 4267 τὴν
3556 4193 3663 4261 in;

2106 4298 2256 4370 θινὴν
2281 4298 2464 4350 πίστιν
2493 4295 2680 4361 αὐτοῦ,
2729 4293 3001 4362 λέγοντος·
3042 4286 3231 4355 Οὗτός
3270 4289 3447 4341 ἐστιν
3475 4290 3507 4340 ό
3554 4284 3660 4343 ὶῖός

2099 4410 2218 4462 μου
2253 4394 2285 4445 ό
2316 4390 2642 4460 ἀγαπητὸς,
2678 4387 2774 4441 καὶ
2822 4384 3009 4441 αὑτοῦ
3042 4384 3315 4438 ἀκούετε·
3359 4381 3458 4433 καὶ
3499 4377 3583 4431 τοῦ
3616 4375 3659 4438 ἐξ

418 4486 516 4542 sed
558 4485 693 4542 illud
726 4501 757 4542 e
804 4483 1109 4556 Scripturis
1142 4470 1399 4554 implebit
1430 4501 1443 4536 :
1496 4482 1663 4539 διαίιὶ
1713 4486 1844 4554 facti
1877 4502 1915 4538 si

2161 4484 2273 4551 ὒτσοῦ
2294 4482 2694 4554 γεγεννημένου
2722 4472 3171 4548 ἀποκαλύψαύτος
3194 4478 3330 4547 ἡμῖν
3352 4474 3449 4526 τὸν
3474 4470 3658 4538 Πατέρα

418 4579 519 4636 Dei
567 4578 723 4635 servi.
774 4574 845 4629 Et
888 4577 1073 4647 fatuus
1124 4578 1295 4631 omnis
1340 4576 1496 4631 homo
1551 4576 1791 4630 redditus
1846 4586 1923 4631 est
1966 4595 1999 4631 a

420 4673 703 4730 scientia’.
735 4668 921 4740 Neque
950 4670 1095 4724 enim
1125 4669 1228 4724 sibi
1259 4670 1361 4740 ipsi
1397 4667 1691 4739 quisquam
1725 4668 1876 4735 vivit,
1909 4676 2003 4723 aut

423 4766 732 4831 moritur';
766 4780 942 4834 neque
985 4762 1266 4834 quidpiam
1315 4762 1604 4831 cognoscit
1649 4761 1828 4825 ullus,
1880 4763 2004 4817 sine

421 4874 523 4930 ope
555 4858 672 4924 Dei,
700 4857 792 4927 qui
823 4872 1009 4912 veram
1038 4855 1201 4911 nobis
1229 4852 1386 4908 ﬁdem
1413 4852 1699 4924 patefecit,
1725 4867 1788 4906 ac
1817 4853 1952 4907 dixit
1986 4873 2000 4909 :

424 4952 528 5007 Hic
559 4962 637 5008 est
678 4950 855 5007 Filius
903 4967 1048 5005 meus
1087 4947 1348 5011 dilectus;
1392 4947 1567 5015 ipsum
1613 4944 1831 5000 audite‘
1879 4966 1892 5000 :
1938 4961 2003 5000 ac

406 5046 545 5109 Asine
587 5050 736 5106 illius
776 5064 937 5119 quem
994 5044 1183 5118 genuit
1227 5044 1469 5106 auxilio,
1517 5041 1611 5111 qui
1649 5056 1809 5096 suum
1846 5040 2005 5095 nobis

424 5150 635 5204 l‘atrem
662 5143 960 5200 declaravit
990 5141 1076 5196 bis
1100 5139 1281 5196 verbis
1310 5153 1325 5191 :
1365 5137 1474 5208 Ego
1507 5154 1539 5190 a
1569 5135 1734 5189 Patre
1762 5135 1922 5198 exivi,
1953 5142 2005 5187 et

431 5240 576 5296 venio
593 5240 637 5293 ⁸.
659 5237 832 5293 Porro
856 5250 1037 5306 neque
1066 5249 1133 5290 ex
1162 5232 1445 5288 hominum
1477 5228 1841 5300 appellatione
1863 5225 2007 5281 Dens

428 5333 559 5389 illud
603 5329 1031 5400 incomparabile
1063 5327 1229 5400 952
1280 5326 1509 5382 sortitus
1557 5331 1678 5389 est;
1721 5335 1899 5392 neque
1935 5319 2007 5375 ob

429 5428 572 5481 idem
601 5423 1045 5495 incomparabile,
1089 5421 1200 5477 veri
1222 5435 1287 5475 ac
1322 5418 1678 5477 subsistentis
1700 5415 1793 5471 Dei
1819 5412 2005 5478 Verbi,

505 5605 520 5633 ⁸
547 5606 681 5658 Gen.
718 5621 789 5668 τι,
816 5606 865 5659 5.

990 5608 1009 5637 ¹
1041 5600 1148 5660 Jer.
1178 5616 1288 5671 XIV,
1346 5602 1438 5671 l0;
1470 5617 1542 5667 LI,
1581 5602 1663 5657 I7.

438 5674 638 5744 πολλῷ.

1771 5602 1790 5633 ³
1824 5600 1980 5655 Rom.
2022 5613 2129 5665 xxv,
2176 5595 2222 5649 7.
2330 5598 2347 5629 δ
2381 5596 2570 5651 Manli.
2608 5610 2735 5660 xvii,
2786 5593 2837 5647 5.

2110 4577 2297 4641 αὐτοῦ,
2327 4579 2420 4631 καὶ
2453 4576 2721 4645 λέγοντος·
2756 4572 2901 4644 Ἐγὼ
2926 4574 2995 4626 ἐκ
3024 4570 3129 4625 τοῦ
3151 4568 3383 4637 Πατρός
3408 4564 3656 4635 ἐξῆλθον,

2110 4671 2208 4725 καὶ
2255 4669 2400 4737 ἥκω.
2451 4668 2561 4722 Καὶ
2602 4667 2725 4721 οὐτε
2771 4666 2881 4719 ἀπὸ
2932 4663 3224 4735 ὀνομασίας
3274 4660 3569 4733 ἀνθρώπιον
3611 4654 3657 4707 τὸ

2110 4763 2441 4833 ἀσύγκριτον
2476 4760 2597 4831 ἔσχε
2628 4759 2780 4822 Θεὸς,
2807 4757 2930 4811 οὐτε
2955 4755 3043 4809 διὰ
3069 4755 3130 4807 τὸ
3157 4752 3495 4823 ἀσύγκριτον
3514 4751 3540 4819 ἡ
3560 4745 3658 4810 aii:

2109 4854 2205 4908 τοῦ
2254 4853 2506 4925 ἀληθινοῦ
2552 4850 2916 4906 ὲνυποστάτου
2950 4846 3086 4902 Θεοῦ
3132 4847 3331 4914 Λόγου,
3365 4845 3462 4898 καὶ
3487 4844 3543 4895 ἐκ
3568 4840 3635 4892 lla

2107 4949 2235 5019 τρὸς
2276 4948 2531 5018 ἀνάρχως
2574 4945 2877 5016 ὁμοουσίως
2913 4938 3336 5012 γεγεννημένου,
3376 4950 3654 5006 παρεκτρλ-

2109 5042 2362 5113 πήσεται·
2391 5039 2514 5093 οὐτε
2543 5038 2806 5110 ὁποτέρου
2833 5037 2942 5089 τῶν
2978 5033 3260 5105 ὀνομάτων
3284 5033 3451 5103 χάριν
3478 5030 3654 5098 ἔχοντος

2112 5133 2377 5195 ἐπινοίαις
2416 5131 2741 5204 ἀνθρώπων.
2776 5130 2943 5184 Οὐδὲν
2980 5127 3091 5199 γάρ
3123 5124 3584 5198 προσλαμϐάνεται
3609 5115 3653 5167 τὸ

2110 5228 2265 5279 Θεῑον
2315 5224 2682 5297 ἀξιώματοςῆ
2718 5221 3055 5295 προσθήκης
3096 5219 3231 5273 αὐτὸ
3273 5218 3329 5270 δὲ
3362 5217 3510 5269 Θεῖον
3548 5211 3650 5262 πᾶσι

2113 5317 2341 5388 παρέχει
2376 5318 2441 5370 ὲκ
2478 5314 2573 5369 τοῦ
2601 5314 2765 5369 αὐτοῦ
2792 5312 3175 5387 πληρώματος,
3204 5311 3291 5364 ἀεὶ
3324 5312 3381 5362 ὲν
3407 5304 3650 5367 ταυτότητι

2116 5412 2389 5482 μένοντος,
2430 5409 2525 5463 καὶ
2554 5408 2630 5482 μὴ
2658 5406 3072 5477 ἐλαττουμένου,
3111 5403 3226 5457 ἀλλ’
3263 5404 3320 5455 ὲν
3360 5403 3423 5470 τῇ
3463 5397 3557 5464 tat;
3580 5390 3630 5460 φέ

2954 5590 2971 5620 ⁸
3006 5586 3161 5643 Jonn.
3203 5599 3314 5652 xvx,
3348 5582 3429 5637 28.
3499 5578 3519 5608 ⁸
3548 5574 3643 5630 Cor.
