3790 6212
83 236 179 292 577

752 231 1119 289 ADVERSUS
1154 229 1494 288 IDERESES
1533 227 1661 284 LIB.
1700 229 1785 285 Ill.
1809 224 1970 287 ΤΟΜ.
2015 234 2054 288 l.
2091 266 2159 275 —
2192 235 2463 294 IUERES.
2506 237 2742 296 LXXVI.

3244 238 3348 296 578

80 368 266 422 ροντος
309 351 392 406 ἀεὶ
428 351 586 422 οὐσίᾳ
631 351 727 406 τοῦ
760 351 1042 423 ὀνόματος,
1080 353 1174 406 κα)⁵
1221 351 1520 422 δυνάμεως,
1571 351 1660 404 καὶ

1820 395 1821 402 η
1856 368 1886 406 a
1914 352 2073 408 Patre
2107 353 2227 408 sine
2268 354 2380 408 ullo
2410 355 2570 411 initio
2595 355 2786 412 eadem
2819 356 3226 414 in'snbstantia
3261 372 3352 428 gc-

77 446 259 509 ούσίας
288 458 347 498 το
374 442 612 515 ἀξίωμα.

1765 443 1862 499 niti
1895 443 2136 513 dignitas
2167 443 2543 515 abrogabitur.
2598 445 2866 502 Neutrum
2913 448 3058 504 enim
3111 447 3348 505 istorum

81 539 362 592 nominum
399 537 638 609 ingeniis
683 536 989 602 hominum,
1020 536 1106 592 vel
1132 535 1374 592 inventis
1397 542 1680 606 acceptum
1718 532 2000 589 terendum
2033 540 2136 588 est.
2166 534 2376 605 Quippe
2433 535 2618 590 divina
2655 547 2850 592 natura
2909 553 3103 594 novam
3143 540 3350 594 nullam

80 628 408 700 dignitatem
457 625 904 682 accessionemve
955 633 1141 698 putest
1202 625 1539 683 admittere:
1575 625 1709 696 quin
1764 624 1948 694 potius
1991 639 2057 679 ex
2097 640 2163 680 eo
2210 625 2356 696 quod
2410 627 2568 697 plene
2615 629 2671 682 in
2721 645 2844 685 sese
2896 621 3351 702 abundanterqua-

78 719 343 787 continet,
369 721 624 777 omnibus
665 720 997 792 suppeditat,
1029 720 1221 777 eodem
1253 720 1309 774 in
1341 727 1489 776 statu
1525 733 1876 790 permanens,
1910 733 2011 774 nec
2042 718 2154 772 ullu
2195 719 2359 775 modo
2414 719 2712 786 diminuta,
2757 736 2821 776 ac
2875 722 3096 779 demum
3157 726 3343 780 nomi-

77 816 160 871 nis
183 815 335 872 illius
363 830 428 872 ac
459 815 748 888 potestatis
771 823 825 872 et
855 815 1176 872 substantia:
1199 815 1516 888 dignitatem
1542 815 1598 869 in
1629 821 1826 868 natura
1857 828 1957 869 sua
1988 813 2390 884 complectitur.

451 929 851 983 ΚΕΦΑΛΔΙΟΝ
887 929 1141 984 ΑΕΤΙΟΥ
1170 929 1272 984 ΙΓ⁹.

140 1020 202 1072 Et
233 1019 434 1086 ἔξωθεν
451 1014 845 1094 ’ἐπιθεωρεῖται
869 1021 946 1094 τῷ
966 1020 1084 1092 Θεῷ
1111 1021 1424 1093 ἀγέννητον,
1457 1023 1504 1075 οί
1535 1023 1655 1075 ἐπι-

75 1112 446 1183 θεωρήσαντες
505 1111 598 1166 τοῦ
652 1113 1117 1186 ἑπιθεωρηθέντος
1174 1115 1312 1167 εἰσιν
1373 1113 1650 1184 ἀμείνους,

74 1206 316 1274 κρεῖττον
345 1203 515 1268 ὄνομα
542 1205 640 1276 τῆς
675 1203 892 1274 φύσεως
916 1202 1064 1276 αὑτῷ
1095 1204 1478 1276 πορισάμενοι.

631 1383 952 1454 Ἄνατροπὴ
971 1386 1082 1440 1Γ’.

148 1475 418 1546 Ἀμείνων
447 1475 620 1540 οὐδεὶς
653 1475 789 1531 Θεοῦ
849 1477 1010 1548 (πρὸς
1049 1477 1256 1531 Ἀέτιόν
1287 1495 1377 1549 μοι
1413 1480 1446 1550 ἡ
1485 1477 1648 1544 λέξις,

2219 927 2402 983 ΑΕΤΙΙ
2444 929 2674 987 CAPUT
2713 929 2857 990 Xlll.

1830 1015 1887 1074 Si
1935 1016 2163 1092 ingeniti
2207 1017 2450 1075 conditio
2492 1019 2601 1076 Deo
2653 1021 3000 1077 extrinsecus
3045 1020 3342 1093 aﬂingitur,

1756 1110 1849 1180 qui
1879 1124 2000 1163 eam
2035 1107 2364 1162 atlinxerunt
2397 1108 2446 1163 ei
2477 1109 2582 1180 ipsi
2610 1110 2699 1164 cui
2729 1108 3022 1180 afﬁngitur,
3057 1121 3342 1182 praestant,

1755 1216 1879 1256 cum
1931 1199 2283 1271 praestantius
2309 1213 2474 1268 quant
2511 1208 2708 1256 natura
2744 1200 3006 1272 patiatur,
3037 1202 3089 1257 ei
3143 1217 3343 1258 nomen

1757 1292 2078 1348 attribuant.

2272 1383 2583 1456 Confutatio
2621 1383 2796 1439 XIII.

1827 1475 1940 1532 Deo
1978 1476 2173 1534 melior
2222 1491 2347 1534 esse
2383 1492 2548 1533 nemo
2589 1485 2770 1548 potest
2802 1475 2893 1546 (ut
2920 1472 3188 1532 adversus
3235 1478 3345 1533 Ae~

73 1569 155 1621 τὸν
185 1566 364 1630 οὑτως
405 1553 835 1640 ἐπινενοηκότα),
875 1569 952 1632 ὡς
992 1568 1104 1640 ἔχει
1154 1571 1188 1642 ἡ
1234 1571 1480 1642 ἀλήθεια.
1525 1571 1650 1634 Πῶς

1820 1583 1896 1622 im
1924 1569 2222 1624 commenti
2271 1568 2441 1639 hujus
2473 1576 2756 1624 auctorem
2787 1567 3123 1637 disputem),
3166 1582 3343 1638 neque

73 1663 173 1732 γὰρ
217 1659 463 1731 ἀμείνων
506 1659 642 1714 Θεοῦ
676 1659 762 1732 είη
806 1677 912 1726 τις,
945 1659 1053 1715 τῶν
1087 1661 1304 1716 πάντων
1333 1664 1400 1716 ὲκ
1428 1662 1563 1717 Θεοῦ
1593 1664 1654 1717 τὸ

1820 1661 2053 1731 Iidquam
2097 1675 2165 1716 eo
2216 1661 2326 1716 dici
2377 1668 2558 1732 potest
2610 1659 2818 1717 verius.
2871 1656 3008 1713 Nam
3065 1658 3343 1731 quomodo

75 1749 204 1806 εἶναι
244 1751 580 1823 εἰληφότων;
625 1752 811 1806 Αίτίου
845 1752 902 1806 δὲ
945 1752 1096 1814 ὄντος
1137 1753 1232 1807 τοῦ
1263 1752 1399 1806 Θεοῦ
1427 1754 1536 1808 τῶν
1560 1755 1652 1807 ὑπ’

77 1836 230 1891 αὑτοῦ
248 1837 626 1910 κεκτισμένων
651 1838 886 1909 λογικῶν
901 1858 961 1894 τε
984 1840 1079 1894 καὶ
1099 1842 1331 1911 ἀλόγων,
1357 1843 1570 1914 ὁρατῶν
1592 1862 1653 1898 τε

79 1933 162 1984 καὶ
191 1932 466 2002 ἀοράτων,
501 1931 742 2004 ἀμείνων
769 1932 932 1998 αὐτός
962 1934 1078 1987 ἐστι
1107 1934 1258 2006 παρά
1288 1935 1517 2000 πάντας,
1553 1936 1655 1990 κάν

79 2040 131 2074 τε
165 2023 214 2074 οἱ
254 2021 469 2090 λογικοὶ
505 2021 744 2086 διανοίας
779 2022 1018 2090 γένοιντο
1045 2023 1214 2097 ὀρθῆς
1241 2025 1320 2088 είς
1350 2025 1653 2091 εὐσέϐειαν,

80 2114 163 2165 τοῦ
187 2113 472 2185 γεραίρειν
493 2114 554 2166 τὸ
574 2113 797 2185 ἄμεινον
828 2114 937 2167 ἀπὸ
973 2115 1191 2186 μέρους,
1225 2115 1358 2187 μηδὲ
1383 2117 1520 2180 ὅλως
1544 2116 1654 2170 τῶν

82 2208 285 2260 πάντων
316 2206 609 2260 ὲπιτοαυτὺ
630 2205 1024 2277 συναχθέντων,
1049 2208 1141 2260 καὶ
1169 2208 1378 2281 μυρίων
1400 2209 1656 2263 ἐπέκεινα

82 2293 519 2364 διανενοημένων,
547 2293 683 2365 πρὸς
705 2292 872 2365 ὑμνον
897 2294 1030 2349 Θεοῦ
1061 2297 1466 2352 ὲπεκτείνεσθαι
1498 2298 1657 2352 δυνα-

84 2385 266 2455 μένων,
290 2384 354 2437 τὸ
369 2386 384 2415 ¹
404 2384 608 2438 τέλειον
624 2386 722 2456 τῆς
745 2387 916 2460 αὑτῆς
937 2387 1094 2458 δόξης
1116 2391 1172 2442 ὲν
1193 2390 1406 2454 ἑαυτοῖς
1430 2391 1655 2462 ἐμπερι-

84 2476 234 2547 έχειν,
274 2477 717 2552 ὑπερὸαινούσης
756 2478 843 2532 ἀεὶ
875 2480 976 2552 τῆς
1007 2480 1290 2550 ἀμείνονος
1319 2481 1428 2535 τῶν
1457 2483 1656 2535 ὑποϐε-

87 2570 320 2641 ϐηκότων
339 2571 443 2644 τὴν
469 2571 697 2636 ἔννοιαν,
738 2571 841 2626 κάν
869 2587 929 2625 τε
964 2571 1107 2626 κατά
1135 2571 1364 2644 δύναμιν
1391 2573 1485 2628 καὶ
1516 2573 1657 2646 ὑπὲρ

84 2666 296 2738 δύναμιν
328 2667 467 2740 πρὸς
491 2667 819 2738 ὑμνολογίαν
843 2667 1266 2721 ὲπεκτείνωνται
1290 2667 1369 2739 τῷ
1389 2667 1654 2739 ἀμείνονι.

88 2760 228 2813 Ἐστι
261 2760 373 2832 γάρ
411 2760 471 2812 οὑ
500 2758 644 2831 λόγῳ
675 2759 938 2830 ἀμείνων,
971 2758 1108 2814 ἀλλά
1131 2759 1382 2831 δυνάμει,
1415 2760 1510 2813 καὶ
1534 2758 1656 2812 ὀνό-

85 2871 223 2923 ματι,
263 2853 361 2907 καὶ
401 2851 564 2924 λόγῳ.
611 2851 751 2906 Ἀλλ’
781 2853 841 2906 οὑ
875 2851 1063 2906 διοίσει
1096 2850 1158 2905 τὸ
1193 2850 1522 2927 ἀσύγκριτον
1550 2851 1658 2906 ἀπὸ

1755 1755 2045 1824 quisquam
2076 1751 2188 1808 Deo
2215 1753 2410 1808 melior
2449 1767 2572 1809 esse
2603 1759 2818 1824 potest,
2849 1766 2974 1806 cum
3018 1750 3087 1806 ab
3121 1764 3188 1806 eo
3229 1750 3343 1806 sint

1755 1846 1938 1900 omnia
1971 1845 2277 1916 producta?
2325 1846 2465 1902 Cum
2506 1846 2671 1917 igitur
2723 1843 3072 1900 conditarum
3102 1857 3133 1897 a
3166 1859 3226 1900 se
3259 1857 3344 1899 rc-

1754 1952 1876 1992 rum
1924 1937 2170 1992 omnium
2199 1944 2396 1992 auctor
2429 1937 2503 1993 sit
2534 1935 2678 1992 Deus
2722 1951 2788 1990 ac
2821 1934 3190 2007 principium,
3231 1943 3342 1989 tam

1755 2045 1878 2100 qua:
1906 2030 2121 2085 ratione
2144 2029 2386 2101 praedita:
2406 2037 2533 2085 sunt
2552 2043 2717 2100 quam
2741 2043 2864 2098 qua:
2884 2027 3100 2083 ratione
3119 2035 3340 2094 carent,

1757 2129 1866 2176 tam
1900 2137 2022 2192 quae
2062 2121 2237 2176 videri
2287 2127 2522 2192 possunt
2567 2135 2731 2192 quam
2776 2135 2899 2190 quae
2934 2128 3216 2189 aspectum
3256 2117 3340 2174 Iuv

1755 2214 1932 2284 ginnt,
1975 2216 2202 2270 necesse
2244 2223 2329 2268 est
2359 2212 2616 2269 omnibus
2649 2219 2706 2265 ut
2738 2211 2810 2266 sit
2840 2211 2933 2267 ille
2964 2205 3340 2281 praestantior,

1762 2302 2114 2374 quantumvis
2137 2316 2203 2358 ex
2233 2305 2396 2360 rebus
2429 2303 2634 2359 creatis
2667 2317 2789 2372 quze
2848 2303 3063 2357 ratione
3101 2300 3333 2373 praedita

1756 2408 1906 2463 sunt,
1949 2407 2157 2455 rectum
2188 2399 2257 2454 ad
2289 2400 2550 2470 pietatem
2608 2397 2851 2451 animum
2887 2395 3253 2460 obtinuerint,
3283 2402 3338 2450 ut

1755 2507 1822 2548 ex
1856 2493 2038 2564 aliqua
2085 2499 2238 2562 parte
2265 2489 2622 2547 excellentius
2657 2487 2792 2543 illud
2817 2487 2996 2544 colere
3052 2501 3117 2543 ac
3146 2485 3344 2558 pradi-

1756 2597 1885 2640 care
1917 2584 2153 2654 possint.
2190 2582 2403 2639 Etenim
2438 2583 2486 2640 si
2521 2582 2576 2636 in
2606 2596 2775 2636 unum
2827 2581 3008 2636 locum
3042 2578 3337 2636 conferan-

1763 2685 1856 2730 tur
1884 2691 2099 2743 omnes,
2133 2683 2188 2730 et
2217 2675 2432 2730 inﬁnito
2463 2675 2650 2746 plures
2683 2673 3037 2744 adjiciantur,
3072 2680 3239 2743 atque
3272 2671 3341 2726 ad

1757 2766 2176 2824 collaudandum
2215 2765 2386 2822 Deum
2416 2767 2562 2822 vires
2611 2781 2742 2823 suas
2788 2781 2982 2822 omnes
3032 2764 3341 2833 intendant.

1757 2874 2041 2931 nunquam
2071 2858 2376 2931 perfectum
2416 2858 2564 2915 illius
2615 2857 2961 2929 splendorem
3001 2872 3067 2912 ac
3111 2857 3342 2928 gloriam

86 2947 166 3001 τοῦ
205 2948 538 3018 ἀσυγκρίτου
571 2946 605 3017 ἢ
638 2949 659 2978 ⁸
689 2945 782 3000 τοῦ
815 2946 1098 3018 ἀμείνονος
1131 2944 1283 3017 παρά
1312 2945 1422 2999 τῶν
1455 2943 1654 2999 ὑποδε-

1847 2951 2046 3021 seipsis
2078 2949 2372 3022 concipere
2400 2956 2683 3021 poterunt,
2708 2964 2774 3005 eo
2809 2947 2958 3020 quod
2992 2948 3344 3020 praestantior

88 3039 313 3108 εηκότων
340 3036 641 3106 δοξολογία.
674 3032 798 3092 Οἷδε
823 3037 934 3108 γάρ
959 3036 1016 3090 ὲν
1041 3035 1216 3107 Πατρὶ
1244 3034 1304 3089 τὸ
1325 3036 1547 3107 ἄμεινον
1567 3036 1655 3090 διά

87 3129 167 3184 τοῦ
195 3130 516 3200 ἀγεννήτου,
554 3129 647 3183 καὶ⁴
682 3128 743 3183 τὸ
773 3127 995 3200 ἄμεινον
1028 3125 1090 3192 ἐξ
1119 3125 1285 3180 αὑτοῦ
1316 3125 1653 3198 γεγεννημέ-

88 3239 182 3276 νον.
207 3221 411 3292 Διόπερ
432 3219 715 3292 όμοούσιον
739 3218 993 3291 ὁμολογεῖ
1022 3219 1056 3290 ἠ
1089 3219 1154 3271 ὲκ
1179 3217 1314 3272 Θεοῦ
1343 3217 1654 3294 ἀνθρώποις

87 3314 205 3387 ὀρθὴ
251 3312 624 3386 κεχαρισμένη
666 3311 865 3368 έννοιαυ
905 3311 995 3365 ἴνα
1034 3309 1131 3381 μὴ,
1175 3309 1236 3364 τὸ
1281 3309 1658 3382 ἀνομοιούσιον

89 3407 409 3480 ὲπινοήσασα
446 3405 576 3460 Υἱοῦ
611 3405 748 3476 πρὸς
789 3404 1032 3476 Πατέρα,
1069 3405 1333 3476 διαίρεσιν
1363 3404 1659 3476 ποιήσηται

88 3504 173 3572 τῆς
200 3500 486 3572 ἀμείνονος
512 3499 607 3552 καὶ
631 3498 972 3570 ἀκραιφνοῦς
1002 3498 1339 3570 τελειότητος
1367 3498 1435 3550 δι’
1460 3492 1522 3552 οῦ
1547 3491 1657 3551 οἵδε

91 3593 472 3664 γεγεννημένου
501 3593 558 3646 ὲν
581 3590 808 3664 ἀληθείᾳ
831 3590 937 3644 ὑπὸ
959 3590 1054 3644 τοῦ
1078 3590 1468 3662 γεγεννηκότος
1487 3589 1658 3658 ἀσυγ-

93 3685 273 3757 κρίτως
304 3683 489 3747 πάσας
522 3681 730 3746 ἐννοίας
762 3681 1183 3753 ὑπερϐαίνοντος
1208 3681 1296 3735 διὰ
1324 3680 1386 3734 τὸ
1408 3679 1655 3752 ἄμεινον.

1761 3045 1853 3100 illa
1883 3053 2080 3100 natura
2106 3043 2429 3100 inferiorum
2451 3084 2468 3110 ,
2500 3057 2565 3100 ac
2593 3043 2699 3099 sibi
2733 3042 3107 3112 subjectarum
3133 3042 3340 3112 cogita-

1761 3124 1967 3192 tionem
1998 3149 2218 3191 omnem
2249 3142 2494 3206 superat,
2527 3133 2656 3190 licet
2691 3149 2792 3205 pro
2829 3133 3062 3199 viribus,
3095 3132 3205 3188 imo
3241 3148 3340 3188 su-
3407 3187 3410 3189 λ

1763 3244 1862 3301 pra
1883 3227 2052 3294 vires,
2073 3226 2326 3283 laudibus
2353 3226 2754 3299 pmconiisque
2781 3225 2900 3282 suis
2920 3238 3046 3280 cum
3078 3234 3342 3295 praestari.

1762 3321 1906 3378 tiore
1952 3318 2241 3391 adaequare
2277 3333 2341 3375 se
2392 3325 2682 3375 conentur.
2726 3318 2823 3374 Est
2870 3317 3017 3373 enim
3067 3330 3177 3372 non
3227 3314 3347 3372 solo

1765 3426 2038 3475 sermone,
2088 3409 2185 3468 sed
2229 3416 2520 3482 potestate,
2551 3425 2687 3466 voce
2734 3425 2799 3465 ac
2829 3411 3045 3466 ratione
3071 3416 3342 3480 praestan-

1763 3503 1892 3558 tior.
1916 3500 2092 3557 Porro
2121 3501 2553 3572 incomparabile
2585 3518 2752 3558 unum
2777 3503 2846 3558 ab
2871 3503 3045 3558 altero
3064 3515 3344 3572 nunquam

1764 3590 2168 3647 excellentioris
2220 3589 2290 3644 ab
2326 3589 2681 3647 inferioribus
2720 3599 2979 3662 suscepta
3032 3589 3349 3661 pmdicatio

1764 3681 2062 3752 separabit.
2112 3679 2275 3735 Novit
2319 3681 2466 3736 enim
2502 3681 2556 3736 in
2585 3680 2749 3738 Patre
2779 3681 3131 3753 praestantius
3166 3681 3349 3736 inesse

95 3778 335 3846 quiddam
363 3817 380 3843 ,
417 3781 689 3847 quatenus
739 3782 824 3832 est
871 3775 1172 3846 ingenitus,
1232 3788 1298 3827 ac
1361 3773 1714 3843 praestantius
1746 3773 1934 3830 itidem
1989 3787 2114 3829 esse
2162 3773 2267 3829 hoc
2305 3773 2452 3845 quod
2502 3773 2572 3828 ab
2618 3788 2685 3830 eo
2732 3774 2975 3844 genitum
3019 3780 3127 3835 est.
3182 3771 3348 3843 953

95 3874 446 3938 Quamobrem
469 3885 602 3927 vera
659 3882 724 3924 ac
753 3868 1011 3932 sincera,
1055 3878 1218 3938 quam
1253 3864 1396 3921 Deus
1446 3865 1763 3922 hominibus
1818 3865 2158 3937 impertitur,
2229 3865 2590 3937 intelligentia
2649 3867 3176 3924 consubstantialem
3225 3879 3349 3921 esse

96 3967 223 4022 I'all‘i
275 3966 482 4022 Filium
530 3961 839 4033 proﬁtetur,
879 3976 951 4017 ne
1001 3958 1048 4018 si
1091 3958 1378 4015 dissimilis
1411 3958 1536 4014 illos
1595 3959 1854 4015 essentia:
1907 3959 2236 4024 constituat,
2289 3958 2665 4014 excellentiori
2717 3959 2794 4014 illi
2839 3972 2906 4014 ac
2956 3957 3343 4014 sincerissime

99 4057 399 4131 perleCtioni
453 4057 745 4113 divisionis
787 4051 996 4124 aliquid
1047 4051 1310 4117 inducat,
1373 4064 1498 4105 cum
1562 4049 1654 4104 ille
1687 4049 1833 4121 ipse,
1873 4049 2034 4119 cujus
2099 4050 2201 4105 ista
2271 4047 2532 4104 beneﬁcio
2573 4049 2839 4119 percipit,
2885 4062 2917 4102 a
2964 4048 3211 4120 genitore
3257 4059 3345 4100 re-

99 4173 207 4211 vera
261 4156 333 4211 sit
379 4154 634 4226 genitus,
680 4160 735 4208 et
781 4150 1199 4224 intelligentiam
1245 4159 1509 4211 omnem,

100 4251 293 4308 tendat.

1586 4157 1700 4214 prae

468 4367 865 4425 ΚΕΦΑΛΑῙΟΝ
896 4364 1150 4420 ΑΕΤΙΟΥ
1178 4364 1278 4418 IA'.

163 4467 218 4520 El
241 4465 318 4538 μὴ
355 4465 496 4519 εῐκει
521 4465 555 4533 ἡ
577 4463 874 4533 ἀγέννητος
901 4459 1064 4530 φύσις
1087 4457 1320 4528 γενέσει,
1342 4452 1485 4508 τοῦτ’
1512 4450 1660 4506 ἔστιν

104 4558 369 4627 ὃλέγεται.
403 4556 470 4612 Εἰ
492 4555 550 4609 δὲ
567 4555 710 4608 εῐκει
731 4551 966 4622 γενέσει,
997 4549 1068 4605 τά
1098 4548 1196 4621 τῆς
1223 4546 1489 4618 γενέσεως
1511 4541 1660 4613 πάθη

107 4652 188 4721 τῆς
213 4649 561 4712 ὑποστάσεως
587 4645 684 4702 τοῦ
707 4643 842 4699 Θεοῦ
874 4641 959 4715 εἴη
986 4641 1211 4713 ἄμεινον
1239 4641 1292 4698 ³.

643 4841 974 4912 Ἀνατροπὴ
1012 4840 1120 4898 ΙΔ’.

171 4945 240 5000 Δ’.
273 4942 429 5014 Πάθη
481 4941 620 5004 ὅλως
661 4940 720 4992 ὲν
769 4934 890 5007 Θεῷ
935 4932 1238 5006 διηγεῖσθαι
1282 4929 1662 4984 ἀσεόέστατον.

113 5037 234 5090 Είσω
251 5037 356 5108 γάρ
380 5034 571 5090 παθῶν
593 5031 700 5087 οὐδ’
723 5031 861 5094 ὅλως
885 5027 1198 5100 περιέχεται
1219 5024 1279 5078 τὸ
1298 5022 1471 5076 Θεῖον.
1510 5021 1668 5073 Ἀνω-

114 5130 236 5183 tam
259 5130 312 5184 δὲ
341 5130 402 5184 δν
435 5129 458 5161 ⁵
484 5127 596 5182 τῶν
617 5124 900 5186 τοιούτων,
937 5120 1046 5176 τῶν
1074 5120 1132 5174 ὲν
1160 5120 1290 5190 ἡμῖν
1317 5118 1397 5179 είς
1425 5130 1666 5187 μεριστι-

117 5221 198 5284 xi;
248 5221 452 5286 ἑννοίας
498 5217 934 5282 ὑποπιπτόντων,
988 5212 1130 5267 κατά
1182 5211 1360 5266 πάντα
1399 5208 1600 5281 τρόπον
1633 5208 1663 5260 ὁ

127 5315 304 5368 ’Δετίου
329 5314 485 5383 λόγος
506 5312 974 5384 ἀνατραπήσεται.
1005 5308 1190 5362 Πάντα
1214 5304 1324 5376 γάρ
1353 5302 1423 5356 τὰ
1452 5303 1509 5355 ὲν
1532 5301 1664 5373 ἡμῖν

120 5407 406 5475 παθητικῶς
425 5424 487 5460 συ
496 5405 810 5477 μ6αίνοντα,
838 5405 894 5456 ὲν
915 5400 1033 5472 Θεῷ
1052 5396 1279 5462 ἀπαθῶς
1310 5393 1661 5464 συνέστηκεν.

130 5497 202 5551 Ἐν
227 5501 349 5572 ἡμῖν
377 5501 486 5570 γάρ
521 5499 663 5554 κατά
691 5516 745 5552 τι
793 5497 960 5568 μέρος
994 5495 1055 5548 τὸ
1099 5493 1272 5547 θέλειν
1309 5489 1426 5544 ἐστὶ
1458 5486 1660 5551 πάθος·

221 5659 279 5718 F.
307 5662 439 5734 πρὸς
469 5663 548 5717 τό.
612 5635 647 5695 δ’
686 5660 812 5717 Cor.
835 5662 893 5732 ἡ.
969 5659 988 5692 ³
1025 5655 1085 5713 F.
1111 5655 1340 5728 ἀμείνω.
1367 5610 1369 5612 π
1413 5654 1434 5684 ⁸
1468 5647 1530 5705 F.
1556 5646 1729 5715 ὄντος.

1698 4367 1745 4424 ι)

1763 4142 2085 4200 excellentia
2154 4156 2295 4209 sua,
2357 4141 2479 4198 sine
2535 4141 2643 4197 ulla
2704 4141 3116 4212 comparatione
3163 4144 3348 4192 trans-

2247 4342 2428 4400 AETII
2462 4341 2695 4399 CAPUT
2726 4341 2865 4398 XIV.

1840 4441 1898 4496 Si
1937 4437 2176 4512 ingenita
2228 4443 2428 4492 natura
2496 4433 2834 4506 generatioui
2895 4434 3120 4492 minime
3165 4437 3347 4503 cedat,

1769 4534 2036 4590 habemus
2082 4529 2228 4602 quod
2291 4529 2570 4585 volumus.
2629 4525 2727 4582 Sin
2774 4527 3110 4600 generationi
3169 4529 3351 4597 cedat,

1770 4623 2142 4700 generationis
2187 4621 2506 4678 allec-tiones
2530 4619 2717 4678 divina
2747 4621 3055 4678 substantia
3087 4632 3353 4694 praestan-

1772 4721 1944 4778 tiores
1965 4723 2150 4775 erunt.

2310 4828 2618 4900 Confutatio
2669 4827 2721 4884 Χ
2725 4827 2755 4884 I
2772 4828 2832 4884 V.

1844 4927 1886 4982 1.
1920 4925 2055 4984 Esse
2087 4926 2299 4997 aliquas
2333 4923 2386 4978 in
2435 4920 2546 4978 Deo
2571 4920 2888 4977 aﬂ‘ectiones
2935 4920 3141 4985 dicere,
3182 4919 3358 4976 sacri-

1772 5018 1954 5090 legum
1984 5026 2070 5074 est
2091 5028 2144 5073 et
2173 5016 2423 5088 impium.
2448 5013 2700 5070 Divinum
2724 5013 2926 5085 quippe
2963 5027 3166 5069 numen
3197 5012 3360 5067 nullis

1773 5121 1859 5170 est
1903 5110 2284 5167 affectionibus
2328 5106 2648 5171 obnoxium,
2690 5111 2746 5161 et
2790 5105 2879 5160 bis
2907 5103 3164 5160 omnibus
3197 5117 3362 5174 supe-

1769 5208 1888 5263 rius
1933 5213 2039 5271 est,
2081 5219 2203 5276 quae
2251 5199 2514 5274 peculiari
2562 5198 2878 5270 cognitione
2927 5212 2992 5253 ac
3029 5197 3363 5270 cogitatione

1771 5297 2306 5371 comprehendimus.
2337 5293 2518 5360 Quare
2542 5289 2689 5360 quod
2718 5288 2789 5344 ab
2823 5287 2979 5344 Aetio
3020 5287 3359 5359 propositum

1771 5402 1876 5461 est,
1919 5389 2169 5447 funditus
2209 5390 2504 5443 evertetur.
2570 5380 2706 5437 Nam
2741 5395 2865 5452 qua:
2909 5380 3068 5437 nobis
3106 5394 3231 5434 cum
3280 5376 3360 5432 af-

1772 5485 2008 5544 fectione
2047 5482 2230 5555 aliqua
2259 5477 2607 5547 contingunt,
2641 5475 2750 5532 Deo
2785 5474 3038 5534 sinemlla
3073 5471 3360 5530 atl‘ectionc
