3838 6308
415 288 521 347 579

1812 257 1874 315 S.
1912 250 2254 311 EPIPIIANII

3598 245 3703 306 58-3

417 409 767 467 conveniunt.
806 407 1082 477 Siquidem
1111 406 1165 459 in
1207 403 1360 459 nobis
1393 402 1525 455 velle
1563 401 1761 469 ipsum,
1794 394 1989 466 partim

2122 384 2159 435 νύ
2184 387 2244 438 τὸ
2273 383 2444 438 θέλειν
2478 382 2718 436 εὐσεϐεῖν
2756 382 2917 452 λέγω,
2953 381 3085 435 ἀλλὰ
3126 380 3184 433 τὸ
3216 381 3386 434 θέλειν
3421 397 3483 431 τι
3517 374 3703 443 πράτ-

419 504 633 558 affectio
690 502 935 571 quaedam
985 509 1089 563 cst,
1143 513 1285 559 non,
1347 493 1578 562 exempli
1628 504 1815 551 causa,
1856 487 1991 540 velle

420 597 568 667 pium
617 611 758 656 esse,
810 595 967 657 dico;
1004 592 1094 645 sed
1131 589 1329 658 aliquid
1354 585 1623 656 ejusmodi
1655 584 1788 637 velle
1814 581 1991 634 facere

419 688 565 758 quod
624 696 833 740 natura!
892 696 1107 754 captum
1165 688 1408 752 superat,
1449 694 1512 733 eo
1542 674 1684 746 quod
1731 672 1993 727 voluntati

420 782 647 850 obsequi
685 780 907 834 minime
938 778 1233 845 possimus,
1270 775 1415 827 velut
1448 772 1499 825 in
1533 769 1751 825 homine
1790 767 1994 827 volare,

424 881 517 927 aut
555 873 608 926 in
649 886 827 925 aerem
874 870 1021 928 ferri,
1077 874 1167 919 aut
1196 863 1448 935 profundi
1498 875 1665 914 venas
1722 857 1994 925 indagare,

425 973 583 1019 terrae
635 962 858 1016 fundum
909 958 1240 1027 investigare
1279 963 1331 1008 et
1386 953 1438 1007 id
1474 967 1644 1022 genus
1668 948 1794 1002 alia.
1824 943 1997 1011 Quid-

425 1055 554 1124 quid
589 1064 765 1108 autem
802 1068 923 1107 cum
958 1052 1136 1120 aliqua
1185 1047 1469 1101 affectione
1513 1053 1724 1098 natura:
1754 1054 1886 1093 mete
1926 1036 2002 1088 in-

425 1150 589 1202 situm
623 1158 725 1207 est,
759 1146 887 1200 illud
921 1159 1080 1197 omne
1098 1142 1232 1195 citra
1261 1140 1568 1209 passionem
1600 1138 1743 1189 inest
1786 1134 1837 1186 in
1863 1130 1996 1186 Deo.

428 1239 567 1293 Hinc
628 1248 711 1294 est
761 1236 901 1308 quod
937 1248 1272 1304 qurecunquc
1329 1231 1446 1283 vult
1494 1227 1755 1298 perﬁcere
1794 1229 1996 1292 potest,

420 1332 681 1401 quoniam
715 1338 907 1384 natura
937 1328 1055 1395 ejus
1086 1320 1346 1379 voluntati
1394 1336 1503 1375 non
1540 1320 1871 1377 reluctatur;
1903 1326 2000 1364 no-

427 1435 539 1478 slra
570 1437 701 1476 vero
732 1424 782 1473 in
819 1420 979 1474 nobis
1006 1417 1141 1488 ipsis
1168 1421 1455 1484 repugnat,
1484 1409 1698 1481 quoties
1720 1406 2000 1461 voluntate

428 1516 495 1569 ad
547 1515 600 1568 id
666 1512 1021 1572 intendimur,
1057 1508 1201 1578 quod
1237 1507 1351 1559 fieri
1390 1503 1614 1557 omnino
1652 1515 1759 1554 non
1799 1502 1996 1567 potest.

428 1606 628 1660 Verum
666 1604 808 1672 quod
858 1601 1023 1655 Deum
1059 1598 1299 1650 diximus
1323 1610 1441 1664 quae
1466 1593 1593 1645 velit
1623 1589 1801 1644 omnia
1836 1584 1997 1656 perfi-

429 1714 579 1761 cere,
596 1712 704 1751 non
728 1702 812 1749 est
842 1694 984 1762 quod
1010 1690 1211 1760 aliquis
1230 1687 1449 1757 ohjiciat
1474 1684 1654 1737 facere
1671 1680 1820 1733 illum
1836 1677 1998 1731 etiam

428 1808 548 1862 quae
595 1790 776 1843 minus
842 1787 1086 1840 deceant.
1130 1781 1481 1851 Nequaquam
1538 1789 1697 1839 vero;
1745 1784 1869 1825 nam
1912 1767 2003 1862 illa

426 1856 563 1943 vult,
596 1895 715 1949 quze
765 1892 824 1931 re
868 1876 985 1944 ipsa
1032 1872 1181 1934 facit,
1214 1870 1426 1924 ratione
1457 1881 1568 1921 sua:
1600 1859 1881 1933 dignitatis
1912 1856 2007 1910 ha-

429 1972 564 2030 hita,
597 1970 733 2022 adeo
765 1976 822 2020 ut
875 1978 1052 2033 neque
1100 1958 1355 2031 potestati
1384 1957 1656 2014 voluntas,
1692 1962 1869 2018 neque
1908 1962 2005 2000 vo-

430 2056 627 2112 luntati
659 2055 729 2109 sit
769 2052 1045 2107 contraria
1082 2056 1328 2119 potestas
1362 2062 1373 2098 :
1402 2060 1510 2098 non
1535 2040 1681 2113 quod
1713 2042 1889 2097 facere
1921 2053 2009 2095 ne-

430 2156 615 2219 queat,
650 2145 746 2200 sed
783 2142 926 2213 quod
967 2156 1075 2196 non
1118 2140 1302 2194 libeat.

504 2236 569 2290 ll.
600 2236 891 2298 Praeterea,
934 2241 1223 2303 postquam
1260 2228 1383 2284 talis
1427 2234 1510 2283 est
1558 2225 1904 2280 afl‘ectionum
1954 2224 2005 2277 in

433 2326 543 2383 Deo
573 2326 872 2381 constituta
915 2322 1186 2384 vacuitas,
1227 2334 1351 2373 cum
1398 2319 1451 2372 in
1484 2317 1643 2372 nobis
1688 2315 2010 2385 caeterisque

432 2419 631 2473 creatis
662 2417 825 2469 rebus
862 2414 1052 2469 eadem
1096 2413 1187 2466 illa
1212 2426 1336 2466 cum
1377 2408 1754 2463 affectionibus
1786 2406 2011 2476 conjun-

430 2523 518 2566 οπο
542 2511 671 2573 sint,
706 2506 872 2578 954
899 2506 943 2560 si
976 2504 1045 2559 ad
1075 2504 1224 2557 illum
1267 2501 1488 2557 modum
1519 2499 1795 2569 quidpiam
1828 2499 2009 2552 animo

433 2599 798 2669 concipiatur,
834 2597 938 2650 alia
964 2610 1160 2651 rursus
1183 2592 1397 2647 affectio
1420 2607 1483 2646 ex
1516 2590 1595 2645 rei
1620 2589 1848 2643 veritate
1877 2604 2011 2643 con-

437 2692 637 2747 frtenda
659 2690 844 2754 fuerit,
878 2695 932 2742 et
964 2694 1089 2756 post
1125 2686 1266 2738 hanc
1311 2684 1483 2753 ipsam
1515 2681 1710 2741 altera,
1743 2682 2013 2749 tertiaque

435 2783 707 2840 similiter.
743 2780 854 2836 Nos
905 2780 1126 2850 quidem
1172 2792 1281 2831 non
1322 2776 1441 2830 sine
1472 2771 1754 2826 affectione
1782 2783 2009 2839 genera-

433 2889 559 2930 mus
614 2883 709 2929 aut
754 2874 1046 2944 gignimur,
1083 2877 1370 2941 prepterea
1411 2865 1555 2937 quod
1597 2871 1789 2918 natura
1820 2868 2011 2916 nostra

434 2976 867 3035 caeterarumque
922 2980 1127 3027 rerum,
1184 2977 1305 3031 qua:
1358 2961 1606 3031 gignunt,
1654 2964 1747 3010 aut
1792 2956 1859 3009 ah
1888 2955 2010 3009 aliis

436 3061 752 3130 gignuntur,
779 3057 1125 3128 partitionem
1160 3053 1417 3114 admittit,
1452 3066 1514 3103 ac
1543 3048 1818 3119 profluens
1850 3052 1934 3100 est
1956 3052 2010 3100 et

435 3153 749 3213 col-letatur,
799 3158 893 3203 aut
950 3146 1307 3210 contrahitur,
1328 3152 1381 3198 et
1422 3143 1581 3199 molis
1613 3142 2006 3195 incrementum

433 3246 522 3302 vel
546 3243 965 3298 diminutionem
1000 3240 1227 3309 patitur,
1259 3252 1321 3291 ac
1348 3242 1543 3289 uetera
1582 3232 1635 3287 id
1671 3248 1860 3301 genus,
1893 3246 2013 3300 qua:

437 3354 563 3394 cun
593 3336 875 3392 affectione
892 3335 1183 3401 conjuncta
1214 3339 1361 3393 sunt,
1396 3329 1639 3384 eamdem
1668 3328 1738 3381 oh
1767 3340 2011 3382 causam.

438 3426 501 3486 in
530 3428 638 3483 Deo
676 3441 804 3482 vero
838 3425 972 3478 nihil
1002 3422 1303 3493 ejusmodi,
1328 3422 1455 3476 dum
1484 3419 1679 3474 Filium
1708 3426 2009 3489 generaret,

440 3520 617 3575 locum
663 3517 864 3572 habere
908 3516 1103 3586 potuit.
1130 3514 1264 3568 Nam
1297 3515 1342 3569 si
1382 3516 1487 3569 tale
1514 3514 1787 3583 quidpiam
1811 3512 1864 3565 in
1895 3514 2013 3582 ipso

441 3609 727 3668 exsutisse
751 3609 1021 3672 dicamus,
1063 3616 1121 3661 ut
1154 3608 1333 3663 inanis
1394 3607 1623 3661 istorum
1668 3605 1773 3659 fert
1806 3605 2012 3675 Opinio,

439 3720 563 3775 quae
614 3702 681 3757 ad
740 3702 1090 3757 evertendam
1131 3700 1225 3755 Dei
1272 3700 1511 3756 sobolem
1553 3699 1809 3769 pertinet,
1842 3713 1907 3752 ex
1938 3696 2017 3749 al-

444 3805 583 3859 tero,
607 3797 753 3864 quod
796 3795 849 3847 in
884 3794 1040 3847 nobis
1068 3793 1228 3856 inest,
1272 3793 1377 3846 tale
1409 3791 1673 3846 adversus
1711 3790 1830 3843 illos
1853 3804 2016 3859 argu-

443 3896 686 3940 mentum
728 3882 1042 3938 efficiemus.
1096 3882 1311 3936 Etenim
1365 3881 1525 3936 nobis
1574 3881 1728 3951 ipsis,
1760 3880 1853 3950 qui
1903 3894 2015 3933 non

442 3979 562 4035 sine
591 3977 873 4033 affectione
904 3976 1198 4047 gignimus,
1239 3983 1332 4029 aut
1377 3975 1669 4046 gignimur,
1714 3972 2013 4027 secundum

442 4070 714 4142 quoddam
746 4070 969 4125 insitum
1005 4076 1089 4125 est
1116 4068 1420 4123 affectionis
1446 4083 1638 4138 genus,
1667 4080 1788 4120 cum
1810 4064 2015 4135 aliquid

446 4174 815 4235 procreamus.
871 4162 1008 4217 Tum
1043 4163 1186 4218 enim
1239 4160 1464 4232 perinde
1502 4160 1758 4229 patimur,
1793 4173 1857 4212 ac
1886 4157 2015 4213 dum

443 4256 737 4327 gignimus,
789 4263 881 4308 aut
930 4255 1222 4325 gignimur.
1277 4253 1439 4322 Atqui
1472 4251 1635 4308 Deum
1668 4267 1783 4315 vos,
1830 4251 2017 4305 sinon

444 4346 764 4416 genitorem,
828 4351 974 4399 certe
1015 4351 1313 4397 creatorem
1357 4342 1692 4412 agnoscitis;
1742 4350 1906 4410 atque
1960 4348 2019 4393 ut

2042 1741 2143 1822 Βά

2099 496 2231 542 τειν,
2265 479 2400 548 ὅπερ
2426 478 2574 530 ἐστὶν
2597 476 2737 549 ὑπὲρ
2771 477 2951 543 φύσιν,
2986 475 3075 529 διὰ
3100 476 3159 528 τὸ
3188 473 3563 546 μὴδύνασθαι
3593 473 3711 523 ἑπι-

2098 570 2269 624 τελεέν
2303 569 2361 621 τὸ
2402 569 2640 638 καθῆκον
2682 568 2775 620 τοῦ
2819 568 3154 637 θελήματος·
3192 564 3303 619 οἷον
3340 568 3415 630 ὡς
3457 566 3564 617 ἐπὶ
3611 565 3708 615 ἀν-

2103 662 2303 733 θρώπῳ
2329 663 2506 731 λέγειν
2550 662 2610 713 τὸ
2644 661 2864 731 πτῆναι,
2898 661 2954 713 τὸ
2988 662 3066 723 εἰς
3112 662 3246 732 ἀέρα
3296 658 3608 729 φέρεσθαι,
3648 672 3708 708 το

2104 758 2199 819 τὰς
2234 756 2433 825 φλέϐας
2475 754 2568 808 τοῦ
2606 754 2766 824 βυθοῦ
2817 755 3182 823 κατανοῆσαι,
3233 753 3293 805 τὸ
3343 752 3567 805 εἰδέναι
3604 768 3708 801 πυ-

2105 851 2268 921 θμίας
2299 851 2418 921 γῆς,
2450 851 2543 905 καὶ
2572 848 2643 902 τὰ
2684 848 2893 913 τούτοις
2926 850 3107 919 ὃμοια.
3154 850 3315 901 Ὅσον
3341 848 3395 900 δέ
3428 851 3601 901 ἐστιν
3652 848 3709 897 ὲν

2104 945 2227 1014 ἐμοὶ
2270 942 2586 1013 παθητικῶς
2631 943 3008 1013 συνεχόμενον,
3055 941 3307 994 τοσοῦτον
3354 943 3411 993 ὲν
3461 939 3552 1008 τῷ
3586 936 3710 1006 Θεῷ

2105 1038 2328 1100 ἀπαθῶς
2363 1039 2507 1089 ἐστιν
2536 1037 2796 1108 ὑπάρχον.
2836 1037 2934 1089 Διά
2962 1034 3119 1088 τοῦτο
3155 1036 3330 1088 πάντα
3358 1037 3461 1088 ὅσα
3505 1034 3709 1102 βούλε-

2104 1145 2213 1189 ται,
2243 1126 2502 1181 δύνασθαι
2538 1130 2552 1160 ¹
2595 1128 2874 1199 πράττειν,
2907 1127 3007 1197 τῆς
3052 1128 3264 1194 φύσεως
3301 1126 3451 1196 αὐτῷ
3488 1126 3574 1196 μὴ
3609 1127 3708 1177 άν-

2105 1218 2504 1290 τιπραττούσης
2538 1219 2672 1290 πρὸς
2703 1219 2764 1271 τὸ
2810 1220 3076 1289 βούλημα,
3108 1219 3203 1289 τῆς
3237 1220 3292 1272 δὲ
3327 1218 3629 1289 ἡμετέρας
3653 1219 3709 1269 ἐν

2105 1313 2235 1381 ἡμῖν
2257 1311 2722 1382 ἀντιπραττούσης
2747 1312 2882 1383 πρὸς
2900 1313 2966 1365 τὰ
2994 1311 3325 1382 βουλήματα,
3341 1314 3442 1365 ὅσα
3468 1311 3623 1379 πρὸς
3651 1310 3709 1362 τὸ

2107 1400 2363 1454 ἀδύνατον
2380 1400 2783 1454 ὲπεκτείνεσθαί
2796 1403 2942 1455 ἐστιν
2960 1404 3016 1454 ὲν
3032 1405 3180 1473 ἡμῖν.
3197 1402 3302 1456 Καὶ
3314 1402 3420 1454 οὐδ’
3439 1405 3532 1455 ὅτι
3554 1402 3713 1454 εἷπον

2110 1508 2210 1561 μεν
2231 1492 2321 1544 τὸν
2348 1491 2479 1545 Θεὸν
2502 1491 2763 1563 πράττειν
2789 1492 2816 1545 ὃ
2843 1492 3110 1563 βούλεται,
3138 1493 3356 1556 πάεκτως
3381 1492 3570 1557 λέξειέ
3600 1509 3707 1553 τις,

2107 1585 2187 1637 ὅτι
2216 1583 2448 1654 Πράττει
2470 1579 2562 1637 οὖν
2586 1582 2655 1637 τά
2683 1584 2757 1655 μὴ
2781 1586 3078 1656 πρέπονταο
3103 1586 3162 1638 οὐ
3195 1585 3432 1647 πάντως.
3475 1585 3710 1636 Ἐκεῖνα

2110 1676 2216 1747 γὰρ
2248 1675 2516 1746 βούλεται,
2560 1676 2593 1730 ἃ
2626 1678 2719 1730 καὶ
2764 1677 3012 1747 πράττει.
3061 1678 3337 1745 ἀναλόγως
3375 1677 3481 1746 τῆς
3529 1676 3706 1729 amb-45

2151 1770 2285 1833 ξίας,
2312 1768 2434 1821 οὔτε
2466 1769 2559 1822 τοῦ
2603 1768 2762 1838 βουλή
2776 1786 2943 1839 ματος
2972 1770 3425 1840 ἀντιπράττοντος
3464 1769 3617 1840 πρὸς
3650 1768 3707 1819 tb

2114 1859 2185 1930 μὴ
2211 1860 2487 1921 δύνασθαι,
2514 1859 2634 1912 οὔτε
2664 1860 2753 1912 τοῦ
2783 1859 3039 1913 δύνασθαι
3060 1860 3337 1913 ἁντιθέτου
3368 1861 3529 1925 ὄντος
3560 1860 3707 1930 πρὶς

2108 1949 2168 2001 τὸ
2204 1949 2505 2019 βούλεσθαι,
2538 1952 2597 2004 οὐ
2628 1950 2715 2005 διὰ
2741 1950 2801 2004 τὸ
2831 1952 2905 2022 μὴ
2934 1950 3211 2016 δύνασθαι,
3240 1951 3374 2005 ἀλλά
3400 1952 3492 2005 διὰ
3524 1952 3593 2004 τὸ
3629 1950 3707 2020 μὴ

2112 2041 2414 2112 βούλεσθαι.

2181 2228 2254 2279 B'.
2293 2228 2401 2280 Καὶ
2420 2227 2613 2291 ἄλλως·
2639 2227 2783 2281 Μετὰ
2811 2227 2910 2296 τὴν
2930 2228 3182 2300 τοιαύτην
3203 2229 3472 2283 ἀπάθειαν
3496 2232 3556 2283 ὲν
3582 2228 3707 2300 Θεῷ

2111 2319 2481 2388 ὑπάρχουσαν,
2508 2321 2564 2371 ὲν
2588 2320 2717 2387 ἡμῖν
2741 2318 2797 2371 δὲ
2827 2321 2921 2373 καὶ
2944 2320 3121 2383 ἄλλοις
3146 2320 3408 2391 κτίσμασι
3438 2322 3704 2391 παθητὴν

2109 2404 2295 2471 οὖσαν,
2340 2408 2434 2460 ἐὰν
2475 2408 2655 2478 συμϐῇ
2686 2406 2859 2471 οὕτως
2900 2408 3244 2469 διανοεῖσθαι,
3296 2410 3460 2462 πάλιν
3507 2411 3707 2482 ἕτερον

2112 2500 2283 2562 πάθος
2312 2499 2452 2553 κατὰ
2492 2500 2590 2570 τὴν
2631 2500 2886 2571 ἀλήθειάν
2937 2504 3085 2558 ἐστιν
3124 2504 3515 2573 ὁμολογητέον·
3560 2506 3708 2573 μετά

2111 2591 2167 2645 δὲ
2206 2591 2266 2645 τὸ
2309 2590 2558 2662 δεύτερον
2591 2593 2685 2645 καὶ
2728 2592 2907 2663 τρίτον
2952 2593 3063 2646 ἐστὶ
3103 2595 3473 2666 διανοηθῆναι.
3525 2596 3708 2651 Πάθει

2113 2684 2409 2753 γεννῶμεν,
2446 2684 2541 2736 καὶ
2589 2683 2929 2753 γεννώμεθα,
2979 2686 3075 2755 τῆς
3128 2687 3403 2759 ἡμετέρας
3450 2689 3704 2756 φύσεως.

2114 2774 2207 2827 καὶ
2236 2775 2333 2844 τῆς
2359 2775 2468 2826 τῶν
2508 2773 2683 2827 ἄλλων
2724 2776 2832 2828 τῶν
2863 2777 3215 2846 γεννωμένων
3253 2778 3346 2831 καὶ
3376 2779 3709 2847 γεννώντων

2112 2865 2284 2935 τομὴν
2329 2864 2751 2936 ὑποδεχομένης,
2789 2868 2883 2919 καὶ
2931 2866 3084 2937 ῥύσιν
3131 2869 3452 2939 ἐπεχούσης,
3491 2870 3711 2925 πλατυσ-

2115 2957 2250 3027 σμόν
2278 2974 2337 3008 τε
2371 2957 2464 3008 καὶ
2509 2956 2786 3027 συστολὴν,
2820 2957 2981 3026 ὄγκον
3006 2976 3063 3011 τε
3098 2961 3193 3012 καὶ
3231 2961 3477 3030 μείωσιν,
3508 2962 3613 3015 καὶ
3637 2960 3708 3014 τὰ

2118 3048 2252 3103 ἄλλα
2286 3050 2485 3111 πάντα,
2518 3050 2727 3121 ὅσαπερ
2755 3050 2915 3103 πάθει
2956 3054 3233 3122 συνέχεται
3267 3052 3353 3106 διὰ
3374 3054 3473 3123 τὴν
3508 3054 3705 3107 τοιαύ-

2115 3159 2213 3212 την
2243 3143 2439 3196 αἰτίαν.
2484 3143 2571 3195 Ἐν
2602 3142 2722 3213 Θεῷ
2754 3142 2810 3195 δὲ
2848 3142 2999 3197 οὐδὲν
3025 3144 3229 3197 τούτων
3260 3146 3317 3197 ὲν
3345 3145 3423 3216 τῷ
3448 3148 3542 3200 τὸν
3566 3147 3706 3200 Υίὸν

2114 3235 2501 3305 γεγεννηκέναι
2544 3234 2865 3305 ὲνυπῆρξεν.
2896 3235 2957 3287 Ei
2985 3236 3093 3307 γὰρ
3129 3236 3370 3308 ὑπῆρξεν
3416 3238 3474 3290 ἓν
3507 3256 3561 3291 τι
3594 3240 3705 3293 τῶν

2115 3327 2370 3381 τοιούτων
2418 3330 2476 3379 ὲν
2515 3327 2652 3397 Θεῷ,
2690 3326 2829 3380 κατά
2872 3328 2970 3397 τὴν
2999 3330 3431 3401 προφασιστικὴν
3460 3332 3543 3393 εἰς
3569 3332 3707 3385 ἀναο

2114 3420 2323 3491 τροπὴν
2367 3417 2460 3470 τοῦ
2509 3419 2847 3490 γεννήματος
2891 3418 3164 3486 ὑπόνοιαν,
3214 3420 3320 3473 ἀπὸ
3360 3422 3454 3473 τού
3506 3423 3708 3494 ἑτέρου

2116 3517 2237 3570 καθ’
2267 3518 2413 3587 ἡμᾶς
2455 3517 2671 3587 μέρους,
2716 3515 3007 3580 ἀντιθέτως
3055 3518 3190 3588 πρὸς
3240 3518 3437 3581 αὐτοὺς
3481 3520 3705 3591 ῥητέον,

2115 3610 2196 3663 ὅτι
2233 3612 2290 3662 ὲν
2321 3612 2452 3680 ἡμῖν
2485 3610 2596 3671 τοῖς
2640 3609 2694 3661 ὲν
2726 3607 2886 3661 πάθει
2913 3608 3142 3675 γεννῶσί
3178 3626 3237 3661 τε
3274 3610 3366 3662 καὶ
3417 3613 3700 3682 γεννωμέο

2116 3718 2227 3763 νοις
2253 3701 2420 3763 πάθος
2445 3700 2559 3753 ἐστὶ
2588 3699 2839 3769 δεύτερον
2865 3703 2921 3752 ὲν
2945 3699 3022 3769 τῷ
3046 3700 3267 3765 κτίζειν,
3298 3700 3389 3754 καὶ
3415 3703 3706 3774 πάσχομεν

2116 3794 2174 3845 ὲν
2207 3791 2285 3862 τῷ
2311 3794 2506 3863 γεννᾷν
2535 3809 2593 3844 τε
2624 3792 2717 3845 καὶ
2745 3791 3057 3859 γεννᾶσθαι.
3089 3791 3221 3855 Θεὸς
3252 3791 3306 3844 δὲ
3333 3794 3361 3845 ὁ
3398 3792 3532 3863 παρ’
3571 3793 3697 3864 ὑμῖν

2116 3885 2359 3954 κτίστης,
2400 3885 2492 3937 καὶ
2526 3885 2587 3936 οὐ
2618 3884 2894 3955 γεννήτωρ
2934 3882 3345 3953 ὲπινοούμενος·
3369 3888 3443 3948 ὡς
3476 3884 3568 3939 διὰ
3599 3884 3706 3958 μὲν

2116 3977 2176 4029 τὸ
2212 3978 2406 4048 γεννᾷν
2436 3976 2849 4048 άνατρεπτικῶς
2883 3976 2944 4028 τὸ
2984 3974 3155 4039 πάθος
3197 3977 3573 4047 παραφέρετε,
3615 3979 3704 4032 ἵνα

2116 4068 2214 4140 τὴν
2245 4068 2375 4121 Υἱοῦ
2423 4068 2751 4139 γνησιότητα
2792 4068 3136 4139 ἀρνήσησθε’
3179 4066 3317 4139 λήθῃ
3359 4070 3416 4122 δὲ
3464 4069 3701 4140 παραδι-

2116 4160 2271 4214 δόατε
2303 4160 2364 4213 τὸ
2388 4160 2478 4213 ἐπὶ
2496 4160 2572 4230 τῷ
2597 4160 2801 4224 κτίζειν
2832 4160 3021 4223 πάθος,
3046 4162 3183 4230 ὅπερ
3205 4162 3298 4212 καὶ
3320 4160 3452 4213 αὐτὸ
3476 4162 3535 4213 ὲν
3559 4161 3700 4231 Θεῷ,

2118 4254 2178 4307 οὐ
2207 4252 2376 4316 πάθος
2415 4252 2669 4323 ὑπάρχει,
2700 4252 2773 4323 μὴ
2810 4252 3048 4321 γένοιτοῐ
3087 4252 3223 4307 Οὔτε
3264 4253 3373 4325 γὰρ
3400 4256 3567 4323 ἡμεῖς
3598 4256 3701 4307 πά-

2120 4346 2210 4409 θος
2241 4344 2391 4416 αὐτῷ
2419 4346 2827 4417 προσάπτομεν,
2853 4344 3243 4415 ὁμολογοῦντες
3283 4345 3445 4398 αὑτὸν
3472 4346 3701 4417 κτίστην

446 4428 568 4490 Filii
598 4434 1013 4505 germanitatem
1047 4432 1423 4502 abnegetis,et
1462 4432 1791 4485 catholicum
1815 4432 2008 4499 dogma

2122 4439 2245 4492 ὗντα
2268 4438 2374 4493 τῶν
2400 4439 2672 4493 ἁπάντων.
2706 4438 2840 4492 Ούδὲ
2877 4437 3037 4491 πάλιν
3073 4437 3244 4501 πάθος
3282 4437 3343 4489 ὃν
3372 4438 3503 4510 περὶ⁵
3537 4440 3701 4493 αὐτον

446 4525 800 4587 convellatis,
859 4524 1194 4591 generationi
1246 4522 1463 4591 quidem
1518 4521 1861 4577 affectionem
1914 4523 2016 4575 tri-

447 4617 634 4679 buitis,
663 4616 908 4669 eamdem
940 4630 1063 4668 vero
1094 4614 1147 4667 in
1179 4614 1454 4668 creatione.
1469 4612 1826 4668 dissimulatis
1858 4632 1871 4667 :
1898 4628 2019 4682 qua:

446 4714 501 4761 et
534 4707 649 4775 ipsa
687 4706 738 4757 in
786 4704 893 4758 Deo
946 4704 1233 4771 reperitur,
1268 4716 1368 4756 nec
1410 4703 1463 4755 in
1498 4716 1563 4755 eo
1590 4712 1769 4755 tamen
1805 4701 2019 4757 affectio

447 4806 552 4859 est,
589 4796 730 4850 absit
780 4802 839 4848 ut
897 4794 1028 4847 illud
1073 4793 1341 4848 dicamus.
1385 4791 1495 4847 Nos
1533 4792 1676 4847 enim
1728 4794 1932 4847 nullam
1968 4796 2018 4847 ei

448 4887 785 4943 affectionem
848 4892 1134 4956 propterea
1192 4884 1520 4946 tribuimus,
1570 4885 1711 4953 quod
1770 4886 2014 4940 omnium

448 4994 749 5036 creatorem
778 4994 902 5034 esse
950 4978 1239 5032 fateamur.
1274 4976 1536 5030 Similiter
1578 4992 1645 5029 ne
1676 4975 2016 5032 affectionem

453 5065 666 5135 quidem
712 5066 766 5118 iu
818 5080 884 5119 eo
931 5075 1186 5134 putamus
1226 5080 1368 5130 esse,
1417 5067 1561 5134 quod
1607 5080 1791 5121 verum
1820 5065 2015 5121 Filium

454 5173 575 5213 rere
610 5173 669 5212 ac
697 5159 817 5213 sine
852 5159 1027 5221 initio,
1060 5158 1138 5213 vel
1166 5167 1407 5227 tempore
1430 5161 1684 5228 genuisse
1722 5159 2011 5217 fateamur.

456 5251 531 5305 οι)
562 5251 614 5305 id
649 5261 899 5304 naturam
932 5251 1077 5306 illius
1098 5252 1482 5320 comprehendi
1512 5266 1616 5306 non
1650 5268 1831 5322 posse,
1858 5262 1913 5307 et
1945 5255 2015 5307 ab

451 5342 594 5396 amni
623 5358 820 5411 genere
853 5340 1201 5395 afl'ectionum
1236 5342 1534 5398 immunem
1572 5360 1692 5397 esse
1720 5345 2010 5412 cognosci-

450 5450 591 5487 mus.
620 5431 911 5502 PrOpterea
958 5434 1205 5489 eumdem
1237 5435 1353 5490 sine
1396 5435 1501 5487 ulla
1545 5434 1828 5490 affectione
1859 5440 2009 5506 geni-

451 5531 621 5578 torem
661 5538 723 5577 ac
746 5537 1047 5579 creatorem
1092 5527 1415 5596 asserimus,
1470 5524 1681 5599 Quippe
1718 5527 1854 5583 nihil
1895 5544 2013 5583 om-

533 5675 689 5737 [εον.
721 5676 962 5733 δύναται.

2119 4528 2495 4599 διανοούμεθα,
2529 4528 2894 4599 γεγεννηκότα
2923 4530 3015 4581 τὸν
3056 4528 3307 4598 ἀληθινὸν
3355 4529 3482 4583 Υίδν
3514 4531 3704 4601 ἀληθι-

2120 4618 2509 4689 νῶς,ἀνάρχως
2535 4620 2627 4673 καὶ
2651 4620 2894 4690 ἀχρόνως
2920 4619 3324 4689 ὁμολογοῦντες.
3351 4620 3444 4673 Διὸ
3467 4621 3570 4693 τὴν
3600 4622 3700 4689 φύ-

2123 4724 2207 4762 σιν
2235 4708 2399 4761 αὑτοῦ
2427 4708 2766 4779 γινώσκομεν
2796 4709 3177 4779 ἀκατάληπτον
3206 4706 3390 4774 οὖσαν,
3418 4712 3512 4764 καὶ
3540 4713 3700 4765 πάθει

2123 4797 2199 4870 μὴ
2233 4800 2613 4870 συνεχομένην.
2654 4801 2754 4855 Διά
2789 4801 2946 4854 τοῦτο
2995 4802 3365 4873 ὁμολογοῦμεν
3406 4804 3574 4858 αὐτὸν
3611 4804 3701 4859 καὶ

2125 4890 2307 4959 ἀπαθῆ
2338 4892 2672 4963 γεννήτορά,
2727 4893 2820 4946 καὶ
2866 4894 3089 4955 κτίστην
3136 4894 3343 4966 ἀπαθῆ.
3410 4896 3699 4967 Ἐγέννησε

2123 4981 2231 5053 γὰρ
2276 4981 2366 5034 τὸν
2412 4984 2686 5053 Μονογενῆ
2736 4984 2809 5055 μὴ
2846 4985 3091 5054 πάσχων,
3144 4986 3239 5037 καὶ
3282 4986 3605 5041 ἀπέστειλεν
3645 4988 3699 5055 ἐξ

2123 5071 2287 5125 αὐτοῦ
2318 5072 2378 5124 τὸ
2412 5073 2565 5141 ἅγιον
2601 5074 2764 5127 αὑτοῦ
2814 5076 3057 5146 Πνεῦμα,
3102 5077 3275 5147 τομὴν
3315 5078 3389 5148 μὴ
3418 5078 3661 5143 ὑποστάς
3682 5094 3696 5111 ο

2124 5164 2215 5216 καὶ
2261 5164 2439 5217 ἔκτισε
2470 5165 2536 5219 τὰ
2587 5167 2897 5231 κτισθέντα,
2942 5170 3035 5221 καὶ
3074 5170 3364 5239 κτιζόμενα
3395 5170 3472 5242 μὴ
3523 5170 3695 5241 κακῷ.

2125 5256 2258 5326 μηδὲ
2296 5257 2456 5311 πάθει
2489 5260 2798 5329 συσχεθείς·
2825 5260 2920 5314 καὶ
2948 5264 3089 5315 ποιεῖ
3117 5262 3145 5314 ὃ
3169 5261 3415 5331 βούλεται
3452 5280 3698 5335 συμπρε-

2122 5349 2331 5413 πόντως
2357 5353 2424 5421 τῇ
2447 5352 2609 5405 αὐτοῦ
2641 5353 2851 5422 θεότητι
2870 5372 2883 5384 ’
2916 5355 2975 5406 οὺ
3002 5354 3217 5425 πρῶτον
3248 5354 3591 5425 βουλόμενος,
3618 5357 3698 5410 ἵνα

2126 5441 2267 5512 μάθῃ
2301 5443 2699 5514 διανοούμενος,
2736 5447 2784 5498 εἰ
2818 5446 2923 5517 χρὴ
2965 5445 3215 5514 γενέσθαι
3244 5446 3305 5498 τὸ
3349 5446 3697 5517 ἐπιτελούμε-

2122 5550 2241 5586 νον·
2288 5535 2407 5588 οὐδὲ
2454 5536 2775 5608 βουλόμενος
2822 5539 3105 5609 πράττειν,
3155 5538 3354 5610 καὶμὴ
3406 5540 3696 5615 δυνάμενος
