3790 6212
97 213 177 268 581
674 214 1042 272 ADVERSUS
1076 215 1418 272 IM‘ZRESES
1454 217 1581 275 LIB.

1757 220 1920 277 ΤΟΜ.
1956 221 1996 277 1.
2039 253 2100 263 -
2147 223 2417 282 HIERES.
2466 228 2700 285 LXXVI.

3221 236 3327 292 582

94 331 412 404 ἐπιχορηγεῖν
458 329 870 401 τῷ¹βουλήματι
908 332 996 385 διὰ
1021 331 1192 394 πάθος
1223 331 1283 384 τὸ
1329 331 1621 404 τελειοὺμει

1746 335 1874 390 nino
1923 338 2138 406 patiens
2188 341 2408 395 unicum
2465 342 2663 398 Filium
2699 353 2903 415 genuit,
2939 355 2989 402 et
3021 363 3085 403 ex
3127 350 3327 421 seipso

92 445 185 480 νον.
217 423 360 493 Ἀμα
381 421 487 492 γὰρ
517 420 627 490 ἔχει
661 421 721 474 τὸ
749 422 946 487 θέλειν,
974 423 1032 475 τὸ
1064 422 1348 492 πράττειν,
1376 424 1436 476 τὸ
1457 441 1646 493 γεγεν-

92 518 288 587 νηκέναι
319 514 402 568 τὸν
429 515 733 582 Μονογενῆ,
761 514 818 566 τὸ
847 514 1028 566 κτίσαι
1075 513 1144 566 τὰ
1177 514 1378 576 πάντα,
1411 516 1505 586 τῆς
1536 515 1643 567 Θεῖ-

92 611 178 679 ﬁt;
225 607 431 678 φύσεως
493 607 588 659 καὶ
644 605 955 676 ἀξιώματος
1011 605 1288 658 ἀνωτάτου
1348 605 1498 668 ὗντος
1551 606 1646 660 καὶ

101 700 282 755 Ἀετίου
325 696 738 767 συλλογιπικῆς
776 696 1002 760 ἐννοίας,
1032 697 1124 748 καὶ
1155 695 1333 766 πάσης
1359 695 1637 766 ἀνθρωπό-

90 809 247 864 τητος,
276 788 555 861 ἀμείνονος
592 788 743 852 ὄντος
777 787 871 841 τοῦ
901 787 1034 840 Θεοῦ
1077 787 1256 858 πάσης
1289 787 1549 852 ἐπινοίας,
1576 787 1637 840 οὑ

89 884 231 937 πάθει
265 881 518 944 εἴκοντος,
569 879 685 934 ἀλλ’
737 879 1016 933 ἁνωτὰτου
1071 879 1224 942 ὄντος
1271 879 1488 932 πάντων
1529 881 1638 933 τῶν

87 976 272 1038 παθῶν,
299 967 392 1027 καὶ
422 975 601 1043 πάσης
631 973 906 1036 ὑπονοίας.

1751 436 1998 482 sanctum
2066 447 2222 484 suum
2285 432 2546 502 Spiritum
2593 439 2796 502 emisit,
2855 441 3054 494 nullam
3101 445 3327 498 omnino

1749 519 2069 580 sectionem,
2101 530 2196 574 ant
2245 524 2592 592 partitionem
2647 537 2923 596 expertus.
2965 529 3107 585 Idem
3144 545 3325 588 creata

1747 611 1932 666 omnia
1976 615 2282 682 procreavit
2321 616 2455 669 citra
2493 617 2860 685 fatigationem
2892 635 2943 675 et
2982 623 3323 678 affectionem

1747 702 1930 756 ullam.
1970 703 2108 756 Tum
2141 719 2270 758 vero
2305 707 2567 776 quidquid
2624 707 2862 773 libuerit,
2898 726 2996 780 pro
3026 729 3110 772 eo.
3149 728 3211 766 ac
3240 713 3325 767 di-

1747 793 1960 846 vinitati
1983 810 2096 848 sua:
2123 810 2422 866 congruum
2443 807 2543 861 est,
2573 800 2795 852 molitur
2823 816 2834 850 :
2865 817 2969 855 non
2995 805 3136 872 quod
3169 814 3324 859 antea

1744 883 1906 948 velit,
1956 893 2013 939 ut
2056 889 2318 942 attentius
2374 897 2559 958 postea
2610 892 2859 961 cogitans
2901 892 3078 947 discat
3127 895 3324 964 ecquid

1743 975 1928 1046 perfici
1956 982 2098 1046 quod
2129 978 2378 1049 designat
2437 990 2703 1050 oporteat.
2743 983 2926 1055 Neque
2978 987 3050 1040 ita
3089 989 3202 1041 vult
3232 1004 3326 1042 ex-

86 1071 240 1137 sequi,
290 1075 346 1118 ut
385 1065 456 1118 ob
506 1064 850 1119 affectionem
887 1063 1122 1132 aliquam
1172 1062 1439 1115 voluntati
1492 1077 1631 1131 opus
1663 1062 1840 1133 ipsum
1872 1076 2268 1135 repracsentare
2297 1079 2553 1138 nequeat.
2593 1071 2726 1125 Nam
2752 1073 2865 1128 lucc
2908 1075 3090 1127 omnia
3158 1076 3324 1129 simul

83 1162 124 1215 ei
149 1163 454 1227 suppetunt,
477 1155 631 1221 velle,
654 1155 853 1217 facere,
880 1154 1103 1208 unicum
1132 1168 1395 1224 generare
1427 1151 1647 1221 Filium,
1679 1171 1971 1225 procreare
2002 1173 2092 1212 res
2126 1174 2336 1214 omnes.
2361 1159 2813 1233 Quandoquidem
2857 1164 2950 1220 Dei
3015 1178 3210 1220 natura
3269 1176 3324 1222 ct

83 1250 320 1318 majestas
339 1246 488 1302 omni
511 1254 594 1302 est
628 1246 768 1301 Aetii
801 1245 1116 1316 disputandi
1142 1245 1446 1301 subtilitate
1476 1245 1639 1316 955
1673 1255 1725 1302 et
1756 1249 1992 1304 humana
2025 1253 2340 1308 conditione
2397 1257 2666 1324 superior.
2725 1257 2890 1323 Deus,
2929 1259 3151 1329 inquam
3175 1300 3189 1320 ,
3233 1259 3323 1314 in-

83 1338 418 1410 telligentiam
455 1353 670 1394 onmem
702 1344 1020 1409 exsuperat,
1066 1352 1170 1393 nec
1208 1335 1479 1393 aﬂectioni
1513 1339 1656 1396 cedit
1686 1341 1803 1406 ulli,
1828 1343 1923 1397 sed
1955 1358 2123 1415 supra
2176 1344 2518 1400 affectionem
2577 1361 2791 1403 omnem
2841 1364 2907 1402 ac
2956 1349 3321 1419 suspicionem

81 1433 292 1488 eminet-ﬁ

446 1547 844 1602 ΚΕΦᾹΛΑῘΟΝ
876 1547 1130 1603 ΑΕΤΙΟΥ
1178 1548 1278 1602 IE'.

2234 1546 2416 1602 AETII
2452 1547 2681 1602 CAPUT
2708 1547 2822 1604 XV.

142 1639 194 1692 Εἰ
224 1640 281 1691 τὸ
307 1637 551 1707 γέννημα
604 1639 872 1710 ἄτρεπτον
905 1640 1020 1692 ἐστι
1069 1639 1167 1710 τὴν
1220 1639 1380 1708 φύσιν
1427 1640 1514 1694 διὰ
1544 1639 1621 1693 τὸν

1809 1637 1866 1693 Si
1894 1639 2073 1709 genita
2106 1640 2324 1694 soboles
2355 1649 2548 1695 natura
2582 1643 2650 1696 ob
2675 1652 3025 1713 generantem
3066 1647 3320 1705 immuta-

80 1736 394 1808 γεννῆσαντα
423 1733 513 1786 τὸν
544 1735 558 1764 ⁸
598 1734 921 1804 ἀγέννητον,
966 1733 1124 1787 οὑσία
1166 1735 1312 1787 ἐστὶν
1343 1734 1632 1807 ἄτρεπτος,

80 1827 128 1879 οὑ
153 1825 230 1878 διὰ
256 1823 500 1895 γνώμην,
535 1824 670 1878 ἀλλά
691 1824 778 1878 διὰ
804 1825 864 1878 τὸ
893 1827 946 1877 ἐν
971 1825 1129 1897 οὐσίᾳ
1163 1825 1400 1896 ἀξίωμα.

614 2021 937 2090 Ἀνατροπὴ
979 2025 1060 2076 ΙΕ
1080 2064 1095 2078 .

137 2111 267 2172 Ἕως
291 2110 421 2163 πότε
447 2110 572 2180 ἥκει
609 2110 790 2182 φέρων
827 2113 959 2181 ἡμῖν
989 2107 1142 2175 οὗτος
1168 2112 1229 2165 τὸ
1260 2112 1392 2166 αὑτὸ
1428 2112 1628 2180 λέγειν,

79 2203 157 2257 καὶ
191 2202 348 2274 μηδὲν
383 2202 733 2273 ὑπερϐαίνειν
781 2203 890 2257 τῶν
931 2204 1296 2275 ὲγκειμένων;
1347 2205 1488 2259 ’Ὀσα
1522 2206 1631 2276 γὰρ

79 2297 163 2366 ἔφη
184 2293 430 2366 ἀπαρχῆς
495 2296 585 2348 καὶ
610 2296 736 2366 ἄχρι
761 2295 962 2364 τέλους,
976 2295 1115 2349 αὑτά
1136 2296 1264 2367 περὶ
1288 2295 1396 2349 τῶν
1424 2297 1626 2362 αὑτῶν,

79 2389 156 2442 καὶ
177 2387 321 2441 οὐθὲν
344 2387 534 2462 ἕτερον
562 2388 878 2458 διηγήσατο,
917 2389 978 2441 οὑ
1016 2391 1289 2460 μυστήρια
1329 2391 1463 2459 ἡμῖν
1495 2389 1628 2442 ὑπο-

78 2479 255 2544 δείξας,
288 2479 346 2533 οὑ
377 2479 514 2533 Θεὸν
537 2519 552 2544 ,
582 2480 640 2532 ὃν
681 2480 1104 2549 ἐπαγγέλλεται,
1130 2481 1346 2548 διδάξας
1371 2523 1387 2550 ,
1435 2483 1496 2536 οὑ
1537 2484 1629 2537 πίε

79 2591 191 2634 στιν,
215 2573 277 2625 δι’
301 2568 369 2645 ἧς
402 2572 752 2643 ἐνεργοῦντες
798 2573 1082 2626 ἀπόστολοι
1118 2573 1215 2644 τὴν
1242 2575 1340 2645 τῆς
1369 2574 1626 2646 ἀληθείας

75 2663 396 2734 ὀνομάζοντες
455 2663 682 2735 στερεὰν
727 2663 1056 2735 ὁμολογίαν,
1093 2667 1318 2736 νεκροὺς
1375 2667 1626 2738 ἤγειραν,

76 2760 152 2810 καὶ
178 2759 396 2829 λεπροὺς
427 2757 787 2828 ὲκαθάρισαν,
825 2758 918 2811 καὶ
948 2758 1112 2812 τᾶλλα
1146 2761 1324 2812 πάντα
1364 2761 1462 2831 τῆς
1490 2763 1628 2829 ἀγα-

77 2849 156 2918 θῆς
193 2848 504 2919 συμφωνίας
528 2889 543 2912 ,
578 2848 637 2916 ἐξ
688 2843 762 2901 ὧν
809 2849 877 2902 τὰ
926 2849 1296 2921 ὑποδείγματα
1331 2851 1625 2920 ὑπέφαινον

74 2943 154 3012 τῆς
184 2941 434 3014 ἀληθινῆς
459 2940 770 3012 ἐνεργείας*
805 2941 940 2994 ἀλλά
969 2945 1229 3013 ματαίους
1281 2942 1376 2995 καὶ
1401 2942 1626 3014 κομπώ-

73 3034 163 3096 δεις
207 3032 595 3102 συλλογισμοὺς
634 3032 708 3102 μὴ
761 3032 1184 3102 ὑπερϐαίνοντας
1222 3032 1319 3104 τὴν
1355 3033 1457 3104 τῆς
1502 3051 1622 3088 ταυ-

74 3123 287 3192 τολογίας
341 3124 624 3194 προφορὰν
651 3139 662 3152 ·
705 3121 819 3175 ἀλλ’
853 3123 992 3176 αὑτά
1048 3123 1266 3185 ἐκεῖνα,
1324 3125 1418 3176 καὶ
1473 3124 1622 3177 οὐδὲν

73 3217 228 3286 ἕτερον
261 3215 634 3287 διηγούμενος.
673 3214 764 3268 Διὸ
784 3213 1205 3285 παρακαλοῦμεν
1241 3216 1388 3278 ὅπως
1435 3216 1622 3286 μηδεὶς

73 3309 194 3377 ἡμᾶς
233 3308 613 3380 έπιμέμψηται
658 3309 766 3362 τῶν
805 3309 1238 3380 ἐντυγχανόντων
1262 3351 1278 3376 ,
1317 3311 1476 3379 εἴπερ
1529 3311 1622 3363 καὶ

71 3401 196 3452 αὐτοὶ
233 3400 372 3454 κατά
414 3399 523 3453 τῶν
577 3400 755 3453 αὑτῶν
789 3399 1096 3471 ὲνεχθῶμεν
1123 3441 1137 3462 ,
1187 3399 1618 3471 ἀναγκαζόμενοι

70 3494 219 3564 λέγειν
246 3494 377 3567 πρὸς
405 3494 507 3566 τὴν
530 3493 696 3547 αὑτοῦ
726 3494 1103 3562 ταυτολογίαν.
1139 3494 1212 3546 Τὸ
1233 3492 1480 3564 γέννημα
1508 3493 1619 3564 γὰρ

69 3589 301 3659 ἇτρεπτόν
338 3591 490 3642 ἐστιν
514 3627 530 3649 ,
581 3587 704 3640 ὅσον
735 3587 931 3658 πρέπει
961 3585 1201 3656 θεότητιο
1234 3586 1328 3638 καὶ⁸
1367 3589 1395 3639 ὁ
1426 3587 1614 3657 γεννήο

68 3698 159 3752 τωρ
186 3681 449 3752 ἀτρεπτός
486 3681 664 3742 ἐστιν,
693 3677 768 3742 ὠς
812 3678 1014 3746 πρέπει
1043 3677 1320 3745 ἀναλόγως
1357 3679 1421 3748 τῇ
1453 3676 1616 3729 αὑτοῦ

68 3769 289 3840 ἀτρέπτῳ
345 3768 529 3837 φύσει.
581 3767 742 3820 Μένει
796 3766 855 3820 δὲ
904 3769 935 3820 ὁ
971 3768 1237 3838 γεννήσας
1274 3766 1362 3820 ἀεὶ
1410 3766 1504 3820 τὸν
1557 3767 1618 3833 ἐξ

68 3860 203 3913 αὑτοῦ
234 3861 369 3930 ἒχων
403 3859 805 3931 γεγεννημένον
824 3899 838 3923 ,
883 3859 1152 3930 μηδεμίαν
1201 3859 1455 3913 ὑπόνοιαν
1487 3876 1618 3928 συγ-

67 3954 229 4023 χωρῶν
259 3956 368 4018 τοῖς
390 3953 486 4006 ὑπ’
517 3951 682 4005 αὑτοῦ
711 3950 1118 4020 κεκτισμένοις,
1155 3949 1286 4004 ἄνευ
1326 3949 1456 4003 Υἱοῦ
1491 3951 1617 4004 εἰδέ-

66 4061 136 4095 ναι
161 4047 403 4116 Πατέρα,
443 4045 538 4098 καὶ
569 4044 696 4099 ἄνευ
734 4044 948 4116 Πατρός
981 4060 1110 4096 ποτε
1149 4042 1348 4096 είδέναι
1387 4043 1476 4096 τὸν
1517 4059 1614 4111 γε-

66 4137 378 4209 γεννημένον,
410 4136 508 4189 καὶ
545 4135 608 4190 τὸ
637 4135 844 4190 τέλειον
869 4135 1034 4189 αὑτοῦ
1077 4134 1323 4206 Πνεῦμα,
1371 4135 1399 4188 ὃ
1428 4135 1491 4187 ἐκ
1518 4133 1614 4188 τοῦ

68 4228 248 4299 Πατρὺς
293 4227 657 4299 ἐκπορεύεται
682 4267 697 4292 ,
755 4227 850 4280 καὶ
884 4226 980 4280 τοῦ
1015 4225 1144 4280 Υίοῦ
1183 4227 1466 4298 λαμϐάνει.
1504 4226 1614 4279 Καὶ

1740 1727 1864 1782 bilis
1895 1737 2012 1793 est;
2065 1729 2210 1799 quod
2266 1731 2569 1802 ingenitum
2600 1741 2683 1787 est
2725 1734 3030 1789 substantia
3069 1741 3314 1809 quazdam

1737 1819 2094 1876 immutabilis
2121 1833 2224 1886 est,
2252 1839 2358 1876 non
2399 1824 2626 1878 arbitrio
2651 1826 2993 1896 cujusquam,
3029 1833 3126 1885 sed
3153 1833 3316 1887 insita

1735 1908 1969 1977 quadam
1999 1912 2318 1968 substanlize
2341 1914 2627 1984 dignitate.

2291 2027 2598 2098 Confulatt'o
2640 2027 2688 2081 X
2707 2027 2765 2082 V.

1803 2109 2101 2183 Quousque
2155 2115 2375 2170 tandem
2425 2119 2612 2172 cadent
2656 2122 2814 2176 nobis
2863 2121 3176 2190 inculcabit,
3215 2145 3312 2181 nec

1732 2202 1802 2257 ab
1835 2204 1900 2259 iis
1941 2221 2060 2274 qua)
2090 2217 2246 2262 antea
2279 2211 2559 2278 proposita
2595 2221 2743 2277 sunt,
2782 2213 3059 2271 diversum
3092 2219 3301 2274 aﬂ‘erct‘

1731 2293 1864 2349 Nam
1909 2314 2032 2366 qua:
2085 2298 2241 2352 initio
2285 2303 2758 2370 prommtiaverat,
2809 2304 3000 2360 eadem
3040 2310 3107 2361 ad
3153 2310 3291 2363 fmen

1739 2401 1912 2456 usque
1943 2387 2137 2443 iisdem
2171 2389 2238 2443 de
2289 2390 2472 2459 rebus,
2507 2408 2604 2446 nec
2637 2393 2783 2448 aliud
2820 2403 3079 2464 prmterea
3105 2407 3300 2452 narrat.

1730 2494 1838 2532 non
1868 2480 2124 2550 mysteria
2152 2482 2261 2534 ulla
2286 2484 2445 2537 nobis
2477 2486 2712 2554 aperuit,
2741 2503 2851 2540 non
2887 2486 2955 2542 de
2985 2489 3115 2552 Deo,
3151 2507 3310 2560 quem

1735 2569 2021 2641 professus
2063 2579 2200 2638 erat,
2257 2573 2468 2638 docuit,
2509 2592 2619 2630 non
2657 2579 2838 2641 tidem,
2875 2579 3032 2649 cujus
3058 2583 3312 2652 praesidio

1728 2660 1866 2713 mira
1903 2661 2168 2716 facientes
2200 2665 2454 2731 apostoli,
2491 2680 2614 2718 cum
2656 2667 2885 2722 solidam
2915 2670 3160 2728 veritatis
3180 2689 3310 2728 conv

1728 2748 2026 2806 fessionem
2085 2753 2492 2822 concepissent,
2545 2766 2791 2812 mmtnos
2841 2760 3171 2828 excitarunt,
3201 2765 3313 2820 ele—

1727 2843 2050 2914 pbantiacos
2073 2856 2392 2915 purgarunt,
2435 2849 2647 2918 aliaque.
2687 2851 2944 2918 praeclare
2980 2853 3309 2909 cohaarentia

1728 2935 2099 3006 praestiterunt
2136 2955 2148 2990 :
2181 2954 2301 3007 qua:
2369 2939 2589 3009 quidem
2631 2958 2774 3007 vere,
2807 2959 2916 2998 non
2954 2946 3069 2999 sola
3127 2947 3310 3017 specie

1726 3035 1959 3098 patrata,
2012 3029 2159 3083 velut
2209 3043 2530 3101 argumenta
2581 3042 2750 3104 atque
2809 3035 3015 3092 indicia
3064 3038 3309 3108 profere-

1727 3121 1902 3175 bant:
1945 3129 1999 3174 at
2049 3121 2139 3176 ille
2178 3134 2371 3178 contra
2424 3126 2558 3180 nihil
2608 3135 2806 3196 praeter
2848 3131 3182 3186 vanissimas
3253 3142 3309 3188 et

1723 3219 1982 3266 ventosas
2055 3213 2496 3284 syllogismorum
2559 3219 2892 3275 subtilitates
2964 3223 3307 3279 inmedium

1723 3298 1895 3366 aﬂert,
1927 3316 2064 3371 quas
2119 3302 2266 3372 ipsas
2317 3306 2613 3374 repetendo
2645 3309 2845 3377 saepius
2882 3310 2950 3365 ad
2995 3312 3304 3369 satietatem

1723 3390 1959 3462 ingerit;
2018 3409 2121 3448 nec
2183 3394 2330 3449 aliud
2378 3403 2642 3465 praeterea
2703 3403 2979 3470 proponit.
3037 3402 3306 3469 Quocirca

1726 3483 1982 3538 lectorem
2034 3493 2280 3555 rogatum
2336 3487 2610 3553 volumus,
2655 3505 2723 3544 ne
2759 3490 2810 3545 id
2854 3492 3012 3548 nobis
3041 3495 3174 3548 vitio
3213 3495 3307 3550 tri-

1720 3574 1999 3630 buendum
2049 3577 2325 3633 existimet
2371 3581 2515 3648 quod
2545 3588 2598 3634 et
2629 3581 2732 3650 ipsi
2768 3583 2969 3652 saepius
2995 3585 3183 3640 eadem
3218 3601 3307 3641 reo

1720 3675 1973 3735 petamus
2010 3683 2024 3732 ;
2089 3669 2256 3738 quod,
2309 3677 2366 3724 ut
2399 3671 2476 3725 illi
2506 3673 2962 3742 respondeamus,
2998 3674 3176 3732 facere
3200 3679 3304 3734 hoc

1719 3758 1840 3814 loco
1872 3761 2140 3830 cogimur.
2173 3761 2337 3832 Igitur
2390 3763 2572 3833 genita
2613 3765 2852 3831 soboles,
2900 3782 2998 3836 pro
3026 3784 3090 3823 eo
3121 3783 3186 3823 ac
3218 3770 3304 3824 di-

1717 3852 2000 3908 vinitatem
2059 3855 2236 3917 decet,
2283 3855 2644 3913 immutabilis
2693 3866 2810 3922 est;
2844 3859 2939 3913 sed
2978 3871 3031 3913 et
3064 3865 3180 3931 ipse
3209 3875 3304 3930 ge-

1717 3943 1868 4000 nitor
1925 3945 2282 4000 immutabilis
2335 3954 2454 4012 est,
2509 3949 2970 4017 quemadmodum
3024 3953 3300 4008 constanti

1719 4034 1895 4105 ipsius
1931 4044 2139 4092 natura:
2192 4039 2474 4093 convenit.
2523 4038 2792 4095 Caeterum
2823 4041 3036 4112 genitor
3077 4043 3150 4096 ita
3181 4058 3298 4098 ma-

1718 4132 1830 4187 net.
1860 4133 1921 4179 nt.
1961 4142 2124 4196 quem
2155 4143 2187 4181 e
2219 4128 2403 4197 seipso
2441 4134 2630 4200 genuit
2671 4140 2934 4202 perpetuo
2968 4149 3154 4188 secum
3197 4135 3298 4189 ha-

1717 4217 1877 4282 beat;
1935 4232 2035 4271 nec
2079 4219 2244 4272 ullam
2285 4221 2523 4277 conditis
2569 4238 2598 4276 a
2635 4239 2693 4278 se
2760 4225 2923 4280 rebus
2979 4226 3296 4296 suspicandi

65 4319 192 4373 τοῦτο
251 4322 462 4393 πρέπον
514 4320 662 4374 ἐστὶν
713 4319 1020 4390 ἀξιώματος
1073 4319 1262 4383 οὐσίας
1311 4317 1448 4371 Θεοῦ
1482 4359 1497 4380 ,
1552 4317 1614 4369 τὸ

1746 4309 2064 4362 ιαυειεὶοηειη
2123 4311 2344 4378 praebet,
2402 4319 2461 4364 ut
2516 4314 2598 4368 ve!
2647 4314 2764 4367 sine
2818 4314 2958 4370 Filio
2995 4316 3298 4387 intelligere

66 4412 489 4485 ἀπροσληπτικῶς
516 4413 590 4484 μὴ
617 4409 914 4466 ὲπιδεῖσθαί
951 4428 1094 4475 τινος
1123 4409 1433 4475 ἀξιώματος
1453 4451 1466 4474 ,
1494 4406 1606 4461 ἀλλ’

66 4503 181 4571 ἔχειν
203 4506 328 4558 αὑτὸ
354 4505 543 4568 ἀῖδίως
568 4507 625 4557 ὲν
655 4507 722 4575 τῇ
760 4503 863 4574 ίδίᾳ.
900 4503 1207 4574 ταυτότητι.

1718 4398 1955 4462 Patrem,
1990 4401 2074 4455 vel
2131 4402 2248 4456 sine
2281 4400 2441 4458 Patre
2466 4406 2706 4474 genitum
2753 4404 2972 4473 Filium,
2998 4417 3090 4461 aut
3124 4407 3297 4478 perfe-

1717 4501 1866 4547 ctum
1925 4491 2046 4561 ejus
2099 4491 2385 4562 Spiritum,
2423 4496 2516 4566 qui
2565 4512 2594 4550 a
2621 4496 2786 4554 Patre
2825 4501 3140 4569 procedit’,
3175 4509 3228 4557 et
3260 4517 3294 4557 a

68 4593 179 4651 Filio
198 4599 388 4668 accipit
420 4599 463 4660 ³,
509 4597 694 4652 animo
724 4597 935 4667 possint
972 4597 1280 4667 concipere.
1307 4596 1485 4664 Atque
1507 4593 1611 4646 hoc
1648 4595 1843 4644 natura
1883 4584 1975 4640 Dci
2020 4587 2244 4658 dignum
2291 4596 2396 4652 est,
2438 4591 2780 4662 maximeque
2833 4604 3305 4659 consentaneum“

70 4693 241 4749 nullam
282 4702 341 4748 ut
373 4691 686 4762 splendoris
726 4690 1100 4746 accessionem
1157 4689 1501 4744 extrinsecus
1538 4683 1804 4756 requirat,
1865 4681 1961 4737 sed
2023 4689 2199 4737 totum
2246 4681 2379 4738 illud
2434 4692 2696 4755 perpetuo
2724 4685 2778 4740 in
2819 4689 3039 4759 pr0pria
3098 4688 3294 4744 identi-

68 4793 154 4842 tate
180 4788 473 4843 contineat.

396 4903 798 4958 ΚΕΦᾹΛᾹΙΟΝ
828 4903 1080 4956 ᾹΕΤΙΟΥ
1118 4904 1234 4970 ις’.

120 4990 170 5042 Ei
199 4992 253 5044 τὸ
295 4992 592 5063 ἀγέννητον
620 4993 809 5056 οὐσίας
863 4993 977 5046 ἐστὶ
1010 4991 1306 5062 δηλωτικὸν
1330 5029 1344 5056 ,
1381 4990 1605 5052 εἰκότως

69 5083 172 5150 πρὸς
209 5085 297 5156 τὴν
341 5085 436 5138 τοῦ
485 5085 819 5156 γεννήματος
855 5084 1040 5137 οὐσίαν
1092 5081 1600 5136 ἀντιδιαστέλλεται.

67 5169 114 5221 ει
138 5171 184 5222 δὲ
220 5174 376 5244 μηδὲν
413 5173 671 5244 σημαίνει
720 5173 782 5225 τὸ
828 5173 1118 5244 ἀγέννητον
1143 5213 1156 5235 ,
1192 5171 1370 5242 πολλῷ
1403 5172 1603 5242 μᾶλλον

65 5260 184 5313 οὐδὲν
211 5263 350 5333 δηλοῖ
380 5265 445 5318 τὸ
488 5263 752 5335 γέννημα.
787 5265 851 5317 Et
894 5263 949 5316 δὲ
983 5263 1174 5334 μηδὲν,
1209 5263 1324 5327 πῶς
1365 5262 1602 5316 ἀντιδια-

66 5351 278 5424 σταλείης
307 5355 366 5409 Εἰ
391 5357 451 5410 δὲ
497 5359 531 5428 ή
561 5356 857 5427 ἀγέννητος
885 5355 1136 5426 προφορὰ
1169 5355 1305 5426 πρὸς
1343 5353 1440 5425 τὴν
1470 5371 1596 5423 γεν-

2085 4889 2253 4964 956
2281 4890 2463 4948 AETII
2495 4893 2726 4951 CAPUT
2769 4893 2908 4949 XVI.

1725 5029 1728 5032 .
1784 4982 1840 5037 Si
1873 4982 2101 5054 ingeniti
2135 4999 2237 5038 vox
2276 4985 2638 5040 substantiam
2687 4987 2962 5055 exprimit,
3000 4997 3193 5042 merito
3219 4989 3288 5044 ab

1712 5075 1878 5146 geniti
1907 5076 2238 5141 substantia,
2267 5077 2414 5131 velut
2445 5079 2747 5133 membrum
2792 5079 3079 5135 divisionis
3117 5095 3288 5150 oppo-

1711 5166 1901 5229 situm,
1941 5163 2294 5222 discernitur.
2338 5165 2433 5221 Sin
2483 5175 2662 5221 autem
2706 5167 2841 5222 nihil
2875 5169 3099 5222 omnino
3131 5185 3288 5223 voca-

1705 5259 1895 5314 bulum
1938 5259 2070 5314 illud
2104 5259 2328 5329 ingeniti
2376 5260 2666 5330 signiﬁcat,
2705 5261 2876 5314 multo
2916 5261 3095 5316 minus
3119 5262 3283 5332 geniti

1702 5369 1808 5408 vox
1842 5353 2047 5425 aliquid
2086 5353 2393 5423 exprimet;
2443 5369 2622 5424 neque
2658 5355 2955 5426 quidquam
2987 5357 3285 5426 supererit,

64 5444 197 5516 νητὴν
225 5449 498 5521 προφορὰν
540 5448 1060 5512 ἀντιδιαστέλλεται,
1094 5447 1303 5519 σιωπῆς
1328 5447 1427 5520 τὴν
1464 5464 1597 5520 προ-

1746 5448 1845 5504 uod
1877 5448 1932 5503 in
1969 5447 2249 5510 divisione,
2273 5448 2432 5504 alteri
2467 5447 2816 5519 respondeat.
2863 5447 3071 5515 Quodsi
3130 5449 3286 5520 inge-

119 5603 266 5680 ‘Leg.
293 5608 354 5664 τό
451 5611 472 5642 ³
499 5607 658 5666 Joan.
687 5624 778 5679 xv,
813 5607 905 5664 26.
981 5608 1003 5641 ³
1035 5604 1193 5664 Joan.
1230 5605 1462 5679 “1,14,
1498 5605 1588 5663 l5.
