3838 6310
428 265 535 323 583

1862 272 1919 326 S.
1961 272 2304 330 EPIPHANII

3601 276 3721 331 58$

428 384 533 441 niti
563 384 800 457 prolatio
855 384 975 457 ipsa
1025 399 1056 439 a
1100 382 1268 455 geniti
1307 383 1634 454 prolatione,
1669 385 1814 441 velut
1842 402 2012 443 mem-

2138 391 2291 462 ροράν
2320 390 2712 461 διαδεχομένης
2732 429 2747 454 ,
2782 390 3030 459 γίνεσθαι
3058 391 3351 463 συμϐαίνει
3391 391 3485 445 καὶ
3519 393 3723 459 ἀπογε-

427 477 588 533 brum
620 473 906 530 divisionis
941 473 1277 545 oppositum,
1311 475 1637 537 secernitur,
1658 489 1783 529 cum
1807 491 2007 531 secun-

426 571 555 625 dum
580 569 1084 640 pronuntiationem
1112 578 1346 635 tacetur,
1381 567 1818 624 Christianorum
1856 587 2008 642 spem

428 660 590 717 modo
636 661 927 724 exsistere,
977 660 1140 716 modo
1187 659 1463 730 exstingui
1500 675 1728 716 necesse
1758 668 1862 727 est,
1891 677 2014 733 qua:

2129 484 2315 537 νεσθαι
2352 482 2449 551 τὴν
2475 480 2585 533 τῶν
2622 483 2965 554 Χριστιανῶν
2994 484 3204 549 ὲλπίδα,
3247 486 3307 539 ὲν
3336 485 3581 555 ὐποφορᾷ
3600 502 3725 537 κει-

2130 574 2298 645 μένην
2322 612 2337 637 ,
2378 573 2494 625 ἀλλ’
2517 570 2617 627 οὐκ
2645 576 2703 626 ὲν
2737 575 2998 643 φύσεσιν,
3035 576 3207 640 οὕτως
3244 576 3537 648 ἐχούσαις..
3570 577 3639 643 ὡς
3672 576 3725 647 ἡ

2123 665 2233 719 τῶν
2262 666 2545 736 ὀνομάτων
2586 666 2834 737 βούλεται
2878 669 3145 739 σημασία.

428 760 539 805 tota
581 752 635 806 in
690 752 1142 823 pronuntiatione
1193 751 1487 821 consistat,
1520 766 1631 807 non
1674 752 1731 807 in
1763 754 2004 823 naturis,
2045 772 2166 826 quae
2212 757 2287 813 ita
2335 774 2458 816 sese
2510 757 2772 825 habeant,
2833 768 2896 814 ut
2946 760 3341 817 vocabulorum
3388 760 3725 832 signiﬁcatio

425 848 544 917 ipsa
581 862 690 918 prie
725 862 783 903 se
807 846 951 902 ferre
982 845 1221 903 videtur.

956 957 1265 1027 Confutatio
1316 956 1479 1013 XVI.

496 1052 783 1119 Quomodo
810 1067 931 1123 quze
961 1061 1155 1108 contra
1190 1068 1249 1109 se
1273 1052 1484 1108 faciunt
1522 1052 1838 1111 testimonia
1868 1054 2018 1124 prio-

426 1160 517 1201 res
541 1160 809 1217 usurpare
832 1145 1010 1200 solent
1032 1145 1068 1199 ii
1092 1145 1187 1215 qui
1218 1144 1503 1201 rudiorum
1522 1145 1720 1202 animis
1737 1154 2017 1217 stuporem

429 1237 656 1307 injicere
693 1238 1054 1294 didicerunt?
1106 1237 1321 1294 Etenim
1378 1240 1601 1305 Aetius,
1660 1242 1755 1309 qui
1800 1240 1856 1294 in
1899 1240 2016 1295 sola

430 1330 899 1401 pronuntiatione,
945 1346 1056 1386 non
1099 1331 1153 1384 in
1189 1331 1268 1385 rei
1294 1332 1545 1398 veritate,
1609 1345 1761 1402 spem
1801 1346 2018 1387 onmem

428 1422 740 1484 collocavit,
772 1420 922 1476 istud
959 1421 1138 1489 ipsum
1169 1421 1331 1474 nobis
1370 1420 1613 1489 objicere
1643 1420 1780 1474 nihil
1809 1429 1895 1476 est
1922 1436 2019 1477 ve-

429 1514 590 1580 ritus,
626 1528 750 1567 cum
788 1513 905 1583 ipse
939 1510 1035 1566 Dei
1068 1509 1266 1565 Filium
1326 1510 1610 1582 Deumque
1654 1510 1872 1567 Patrem
1902 1512 2019 1567 sola

426 1620 562 1661 voce
622 1604 869 1661 conﬁteri
916 1619 1027 1659 non
1074 1602 1396 1658 erubuerit:
1431 1618 1557 1657 nam
1610 1602 1758 1673 quod
1807 1602 1875 1657 ad
1914 1617 2015 1659 nos

428 1696 646 1761 attinet,
683 1695 989 1751 naturalem
1012 1694 1069 1749 in
1091 1693 1285 1765 primis
1311 1708 1434 1750 esse
1450 1693 1667 1750 Patrem
1693 1694 2017 1763 asserimus,

2688 958 3015 1030 Ἀνατροπὴ
3047 953 3174 1020 1C1".

2194 1049 2322 1114 Πῶς
2352 1049 2761 1123 προλαμϐάνειν
2793 1050 3016 1107 εἰώθασι
3044 1054 3146 1116 τάς
3178 1050 3302 1106 καθ’
3332 1052 3542 1107 ἑαυτῶν
3570 1074 3724 1128 μαρ-

2119 1140 2313 1211 τυρίας
2355 1141 2405 1193 οἱ
2436 1139 2733 1213 ὲκθαμὸεἴν
2780 1141 2878 1213 τὴν
2925 1141 3163 1196 διάνοιαν
3190 1142 3301 1196 τῶν
3344 1143 3585 1217 ἀπείρων
3622 1164 3723 1217 με-

2126 1231 2435 1303 μαθηκότες
2459 1250 2475 1302 ;
2511 1231 2568 1288 '0
2597 1233 2705 1306 γὰρ
2734 1234 2794 1289 ὲν
2820 1235 3073 1306 προφορᾷ
3100 1234 3198 1305 τὴν
3219 1234 3411 1290 ἐλπίδα
3438 1238 3720 1308 κεκτημέι

2124 1338 2216 1385 νος
2257 1322 2463 1386 Ἀέτιος
2511 1323 2671 1394 μόνος
2698 1324 2741 1390 ⁸,
2786 1326 2885 1378 καὶ
2915 1325 3015 1378 οὐκ
3048 1324 3275 1398 ἀληθείᾳ
3299 1366 3314 1391 ,
3346 1326 3553 1399 ταύτην
3581 1330 3721 1400 ἡμῖν

2125 1412 2481 1485 ἐπιφημίζειν
2511 1413 2802 1486 τολμηρῶς
2852 1414 3123 1487 προῆλθεν
3166 1417 3330 1481 αὐτὸς
3352 1458 3369 1481 ,
3405 1418 3537 1472 Υίδν
3578 1419 3719 1472 Θεοῦ

2125 1504 2225 1558 καὶ
2264 1505 2397 1560 Θεὸν
2422 1506 2645 1577 Πατέρα
2688 1504 2829 1578 ψιλῷ
2861 1506 3006 1578 λόγῳ
3057 1507 3133 1580 μὴ
3163 1508 3433 1573 αἰδεσθεὶς
3456 1510 3723 1583 ὁμολογῆ-

2127 1614 2217 1651 σαι
2240 1613 2255 1628 ο
2291 1597 2449 1669 ἡμῶν
2492 1598 2549 1651 δὲ
2578 1597 2814 1667 μάλιστα
2862 1599 3269 1669 ὁμολογούντων
3312 1602 3547 1670 φυσικὸν
3581 1599 3721 1659 εἶναι

2126 1689 2368 1763 Πατέρα,
2400 1690 2496 1744 καὶ
2524 1690 2750 1760 φυσικὸν
2810 1685 2951 1744 εἶναι
2994 1690 3141 1759 Υίὸν,
3186 1693 3283 1747 καὶ
3321 1695 3554 1764 φυσικὸν
3580 1690 3721 1751 εἶναι

426 1794 481 1841 et
521 1786 825 1841 naturalem
867 1781 1096 1848 Filium,
1142 1790 1197 1838 et
1225 1781 1533 1839 naturalem
1583 1782 1848 1854 Spiritum
1890 1799 2019 1841 san-

2138 1778 2282 1849 Ξγιον
2318 1780 2565 1853 Πνεῦμα.
2595 1782 2676 1854 Τῇ
2717 1782 2826 1854 γάρ
2852 1782 3040 1854 Τριάδι
3072 1783 3223 1837 οὐδὲν
3256 1784 3387 1838 ἀλλο
3409 1788 3719 1860 συγκριθῆ-

427 1886 602 1933 ctum.
632 1876 780 1932 Nihil
817 1884 1001 1931 autem
1036 1873 1279 1930 conferri
1310 1888 1435 1929 cum
1481 1872 1756 1932 Trinitate
1797 1885 2015 1947 potest:

427 1970 501 2022 ob
532 1966 697 2039 idque
732 1964 1206 2022 consubstantiale
1266 1979 1459 2021 revera
1523 1972 1610 2021 est
1656 1965 1781 2022 fidei
1812 1976 2019 2023 nostra:

428 2059 857 2122 tinnimentum,
891 2073 1072 2129 neque
1115 2057 1235 2113 sola
1269 2058 1724 2127 pronuntiatione
1766 2067 2018 2128 constat;

426 2167 553 2222 qua:
581 2167 707 2207 cum
738 2151 901 2206 modo
930 2151 1024 2215 sit,
1050 2149 1215 2205 modo
1244 2149 1484 2215 desinat,
1521 2149 1578 2204 in
1609 2150 1841 2206 nihilum
1879 2151 2024 2208 redi-

428 2244 623 2313 gitur:
658 2242 789 2298 talis
818 2250 904 2298 est
946 2242 1016 2297 de
1060 2241 1248 2306 Patre,
1278 2238 1418 2295 Filio
1468 2254 1533 2295 ac
1574 2240 1785 2313 Spiritu
1825 2250 2021 2299 sancto

428 2336 570 2392 Aetii
594 2335 885 2392 sententia.
925 2333 1021 2389 Est
1054 2332 1203 2389 enim
1230 2348 1395 2389 verus
1420 2333 1609 2405 utique
1638 2330 1823 2400 Pater,
1856 2352 2023 2394 verus

430 2426 624 2493 Filius,
657 2443 822 2484 verus
848 2426 1090 2499 Spiritus
1126 2426 2023 2496 sanctus:quantumvisinlinitos

434 2522 525 2576 ille
553 2521 901 2592 syllogismos
954 2517 1288 2589 eosdemque
1316 2518 1649 2576 vanissimos
1681 2535 1865 2577 serere
1891 2536 2024 2578 con-

433 2612 641 2668 tendat.
702 2612 778 2668 De
846 2608 1166 2680 hujusmodi
1232 2623 1365 2665 vero
1430 2609 1748 2668 hominibus
1802 2612 2023 2670 divinus

432 2718 616 2759 sermo
670 2704 751 2760 sic
798 2703 1078 2775 loquitur:
1112 2702 1446 2772 Sapientiam
1500 2703 1799 2772 sapientum
1842 2723 2025 2777 repro-

432 2797 568 2850 babo
603 2796 620 2827 ¹
648 2816 661 2852 :
684 2796 813 2851 item
850 2816 862 2851 :
896 2794 1057 2851 Novit
1085 2794 1349 2852 Dominus
1369 2798 1710 2869 cogitationes
1731 2798 2023 2870 hominum,

429 2889 681 2958 quoniam
714 2904 864 2944 vana:
892 2901 1017 2943 sunt
1063 2889 1105 2955 ’,
1139 2895 1246 2943 etc.

891 2999 1077 3056 AETll
1121 3001 1353 3058 CAPUT
1399 3000 1565 3057 XVII.

508 3090 567 3144 Si
601 3090 905 3161 ingenitum
937 3091 1077 3145 nihil
1107 3092 1175 3147 ad
1206 3093 1531 3148 substantiae
1558 3094 1874 3165 dignitatem
1908 3111 2025 3153 am-

432 3182 578 3250 plius
599 3182 834 3247 confert,
866 3197 1031 3255 quam
1070 3183 1350 3254 genitum;
1402 3184 1575 3242 Filius
1614 3186 1732 3241 sola
1769 3190 2021 3247 vocabuli

432 3275 884 3344 pronuntiatione
916 3283 1231 3346 superatus,
1292 3278 1703 3347 praestantiores
1744 3295 1805 3337 se
1844 3282 2025 3353 appel-

432 3367 610 3423 lantes
671 3367 820 3438 ipsos
880 3376 1160 3438 agnoscet,
1205 3383 1315 3425 non
1354 3386 1503 3437 eum,
1541 3371 1635 3443 qui
1670 3371 1845 3444 ipsius
1877 3374 2024 3433 Deus

428 3458 739 3532 appellatur
763 3466 816 3513 et
845 3456 1029 3515 Pater.

841 3570 1006 3645 957
1048 3572 1357 3643 Confutatio
1392 3574 1588 3631 XVII.

502 3666 769 3732 Quamvis
814 3665 1132 3722 innumeras
1174 3667 1335 3723 nobis
1373 3667 1564 3724 Aetius
1603 3672 1901 3741 tragoedias
1927 3687 2025 3726 ex-

429 3759 584 3824 citet,
633 3758 781 3813 nulla
829 3756 990 3813 nobis
1034 3772 1276 3828 unquam
1326 3774 1452 3815 cum
1501 3761 1703 3831 pietate
1727 3762 2022 3834 conjuncta

433 3852 577 3907 ratio
609 3849 947 3920 persuadere
980 3851 1217 3921 peterit,
1263 3852 1673 3921 praestantiores
1714 3853 1839 3910 illos
1874 3870 2022 3921 esse,

432 3944 529 4013 qui
578 3943 650 3998 ab
700 3956 789 4011 eo,
829 3942 925 4013 qui
970 3950 1078 4007 est,
1128 3951 1191 3997 ut
1236 3951 1423 3998 essent
1469 3944 1850 4002 obtinuerunt.
1884 3946 2023 4003 Nam

435 4036 617 4107 ipsius
664 4034 932 4091 beneﬁcio
981 4033 1106 4090 illos
1151 4035 1433 4092 exstitisse
1477 4036 1569 4092 ille
1614 4036 1731 4107 ipse
1765 4045 2021 4094 testatur.

433 4130 620 4200 Atqui
650 4127 918 4200 singulari
945 4126 1095 4184 illius
1123 4141 1352 4183 munere
1380 4125 1823 4185 Christianorum
1843 4129 2022 4203 digni-

434 4231 603 4279 tatem
626 4220 867 4278 assecuti
900 4226 1050 4285 sunt,
1082 4219 1323 4290 genitam
1345 4219 1588 4277 sobolem
1630 4236 1743 4278 non
1782 4223 1902 4278 sola
1929 4239 2025 4279 vo-

430 4313 517 4369 cis
545 4312 874 4384 prolatione.
915 4309 1011 4365 sed
1041 4322 1230 4364 verum
1253 4325 1285 4365 e
1305 4324 1436 4365 vero
1459 4310 1707 4380 genitum
1748 4312 2026 4383 appellare

434 4416 665 4471 norunt;
700 4420 767 4460 eo
800 4403 946 4473 quod
980 4417 1105 4458 vere
1144 4403 1322 4474 ipsum
1354 4402 1688 4474 intelligunt,
1711 4410 1770 4459 et
1800 4417 1831 4458 a
1860 4402 2024 4459 Patre

2125 1890 2278 1927 σεται
2304 1889 2319 1905 ο
2356 1874 2450 1927 xal.
2505 1874 2594 1929 διὰ
2633 1873 2793 1928 τοῦτο
2830 1873 3103 1945 ἀληθινῶς
3158 1876 3451 1947 ὀμοούσιόν
3502 1882 3622 1933 ἐστι
3657 1882 3721 1934 τὸ

2121 1964 2222 2036 τῆς
2248 1965 2541 2037 ὁμολογίας
2593 1965 2750 2037 ἡμῶν
2785 1964 3015 2038 ἔρεισμα
3036 2008 3049 2032 ,
3088 1969 3184 2022 καὶ
3222 1970 3284 2022 οὐ
3310 1970 3400 2024 διὰ
3433 1976 3719 2046 προφορᾶς

2122 2057 2222 2129 τῆς
2254 2057 2322 2110 δι’
2346 2058 2513 2113 αὐτοῦ
2542 2060 2560 2091 ⁷
2591 2057 2840 2127 γίνεσθαι
2877 2060 2970 2115 καὶ
3003 2060 3079 2132 μὴ
3102 2060 3349 2131 γίνεσθαι
3383 2064 3719 2137 ἀναιρουμέο

2123 2167 2256 2221 νηςο
2303 2151 2444 2224 ὡςή
2486 2150 2579 2205 τοῦ
2619 2153 2824 2208 Ἀετίου
2867 2155 2999 2226 περὶ
3023 2154 3237 2227 Πατρὸς
3284 2156 3415 2224 δόξα
3464 2159 3562 2212 καὶ
3587 2159 3718 2214 Υίοῦ

2124 2240 2219 2294 καὶ
2258 2241 2417 2312 ἁγίου
2448 2241 2787 2313 Πνεύματος.
2819 2245 2976 2298 Ἔστι
3016 2245 3126 2318 γὰρ
3158 2246 3327 2311 ὅντως
3365 2248 3560 2320 Πατὴρ
3590 2250 3720 2320 ἀλη-

2124 2329 2269 2395 θινὸς
2288 2370 2304 2395 ,
2334 2331 2429 2385 καὶ
2461 2332 2590 2396 Υἱὸς
2622 2332 2790 2398 ὄντως
2822 2334 3111 2406 ἀληθινὸς,
3140 2337 3235 2391 καὶ
3278 2338 3509 2411 Πνεῦμα
3563 2339 3721 2410 ἅγιον

2124 2422 2379 2495 ἀληθινὸν
2401 2464 2417 2490 ,
2467 2426 2569 2480 κάν
2618 2443 2679 2479 τε
2729 2427 2956 2499 μυρίους
3015 2429 3411 2503 συλλογισμοὺς
3448 2434 3723 2505 ματαίους

2126 2515 2465 2592 ὑποσπείρῃ,
2496 2516 2573 2583 ῶς
2605 2535 2772 2591 φησιν
2803 2521 2831 2573 6
2859 2520 3003 2586 θεῖος
3034 2520 3193 2591 λόγος
3226 2525 3356 2595 περὶ
3397 2526 3512 2580 τῶν
3534 2526 3723 2581 τοιού-

2122 2625 2234 2664 των
2260 2608 2455 2679 λέγων,
2484 2611 2567 2664 ὅτι
2603 2611 2721 2680 Τὴν
2754 2613 3014 2668 σύνεσιν
3049 2614 3170 2670 τῶν
3192 2616 3471 2673 συνετῶν
3499 2620 3724 2687 ἀθετή-

2125 2715 2216 2755 σω
2236 2719 2253 2736 ο
2289 2702 2384 2757 καὶ
2411 2704 2493 2759 ὅτι
2535 2700 2671 2758 Οἵδε
2692 2706 2910 2775 Κύριος
2930 2706 3075 2775 τοὺς
3102 2711 3437 2781 λογισμοὺς
3458 2711 3588 2768 τῶν
3614 2714 3724 2770 ἀν-

2126 2793 2397 2864 θρώπων,
2434 2794 2525 2851 ὅτι
2561 2796 2683 2851 εὶσί
2713 2796 2978 2869 μάταιοι,
3007 2799 3103 2854 xal.
3125 2800 3198 2854 τά
3226 2800 3376 2873 ἑξῆς.

2496 2992 2891 3050 ΚΕΦᾹΛΑῙΟΝ
2930 2996 3189 3050 ΑΕΤΙΟΥ
3238 2999 3334 3052 IZ'.

2200 3086 2266 3140 Εἰ
2315 3087 2483 3160 μηδὲν
2535 3088 2696 3143 πλέον
2753 3089 2908 3160 νέμει
2964 3090 3045 3154 εἰς
3101 3090 3375 3164 ὑπεροχὴν
3412 3092 3611 3157 οὐσίας
3666 3095 3727 3147 τὸ

2126 3178 2423 3251 ἀγέννητον
2452 3180 2591 3253 πρὸς
2643 3181 2706 3235 τὸ
2733 3181 2990 3253 γεννητὸν
3014 3223 3031 3250 ,
3064 3184 3319 3256 προφορᾷ
3348 3185 3511 3255 μόνον
3542 3186 3726 3259 ὐπερς

2124 3273 2383 3345 εχόμενος
2429 3275 2458 3328 6
2511 3274 2680 3341 Υίὸς,
2740 3274 2985 3346 βελτίους
3036 3276 3231 3331 ἑαυτοῦ
3265 3277 3535 3347 γνώσεται
3589 3285 3727 3345 τοὺς

2124 3366 2675 3439 προσαγορεύσαντας
2699 3408 2717 3435 ,
2770 3369 2832 3422 οὐ
2876 3370 2969 3424 τὸν
3021 3370 3530 3444 προσαγορευθέντα
3579 3373 3723 3428 Θεὸν

2124 3458 2289 3513 αὐτοῦ
2322 3460 2416 3514 καὶ
2437 3460 2679 3533 Πατέρα.

2672 3574 2730 3629 Ἀ
2738 3575 3007 3645 νίιτροπὴ
3064 3579 3175 3631 IZ’.

2194 3663 2386 3727 Οὐδεὶς
2420 3663 2649 3735 εὐσεϐὴς
2677 3665 2835 3733 λόγος
2865 3666 3259 3738 συγχωρήσειε,
3291 3667 3393 3722 κάν
3424 3684 3485 3720 τε
3539 3671 3716 3741 μυρία

2122 3756 2590 3829 δραματουργήσῃ
2632 3759 2765 3829 ἡμῖν
2829 3758 3054 3823 ’Δέτιος.
3087 3760 3343 3831 ἀμείνους
3387 3757 3528 3817 εῖναι
3584 3769 3716 3830 τοὺς

2124 3847 2184 3900 τὸ
2216 3841 2361 3901 εἶναι
2412 3848 2566 3920 παρὰ
2604 3849 2698 3903 τοῦ
2727 3849 2881 3914 ὄντος
2933 3850 3242 3923 εἰληφότας.
3279 3854 3357 3907 Δι’
3385 3855 3551 3909 αὐτοῦ
3601 3859 3717 3931 γὰρ

2126 3940 2218 3994 καὶ
2267 3939 2430 4004 αὐτὸς
2460 3940 2713 4012 ὁμολογεῖ
2756 3942 2884 4006 τοὺς
2927 3943 3128 4009 αὐτοὺς
3176 3947 3522 4017 γεγενῆσθαι.
3571 3950 3717 4005 Οὔτε

2124 4030 2235 4103 γὰρ
2268 4031 2410 4085 κατά
2443 4031 2724 4104 προφορὰν
2750 4031 2907 4101 λόγον
2944 4033 3092 4089 ἴσασι
3133 4036 3196 4090 τὺ
3226 4036 3469 4109 γέννημα
3502 4040 3714 4105 καλεῖν,

2123 4122 2259 4177 ἀλλά
2288 4123 2541 4192 ἀληθινὸν
2590 4124 2650 4191 te
2695 4125 2954 4197 ἀληθινοῦ
2988 4130 3407 4200 γεγεννημένον,
3440 4132 3493 4185 οἱ
3523 4134 3583 4201 ἐξ
3616 4136 3716 4190 αὐ-

2123 4212 2219 4268 τοῦ
2272 4216 2727 4287 εὐεργετηθέντες
2771 4220 3174 4291 καταξιωθῆναι
3227 4223 3582 4293 Χριστιανοὶ,
3636 4229 3715 4299 τῷ

2126 4306 2324 4361 εἰδέναι
2371 4307 2533 4363 αὐτὸν
2572 4311 2629 4363 ὲν
2663 4309 2915 4383 ἀληθείᾳ,
2960 4313 3056 4367 καὶ
3096 4313 3433 4386 διδαχθέντες
3471 4316 3565 4372 διὰ
3602 4319 3715 4375 Πα-

2123 4399 2276 4470 τρὸς,
2331 4401 2426 4455 καὶ
2473 4400 2575 4455 οὐκ
2622 4401 2732 4457 ἀπὸ
2776 4407 2980 4475 σαργός
3023 4404 3117 4459 καὶ
3163 4407 3415 4478 αἵματος.
3465 4410 3578 4465 Καὶ
3624 4412 3714 4468 διὰ

433 4505 585 4563 sunt,
614 4511 725 4551 non
770 4510 802 4549 a
838 4508 1027 4559 carne,
1071 4495 1154 4549 vel
1185 4496 1454 4565 sanguine
1484 4495 1731 4565 perdocti
1748 4496 1791 4551 ³.
1843 4495 2019 4562 Quam

2138 4492 2284 4546 τοῦτο
2319 4494 2545 4559 είκότως
2574 4496 3024 4570 μακαριζόμενοι,
3057 4499 3133 4563 ὡς
3160 4502 3190 4554 6
3223 4501 3362 4571 μετά
3393 4503 3714 4576 προσθήκης

435 4591 506 4646 ob
538 4603 761 4644 causam
786 4586 976 4643 felices
997 4585 1191 4641 merito
1222 4586 1617 4657 pradicantur,
1649 4596 1710 4642 ut
1736 4587 1882 4644 inter
1914 4601 2019 4643 cre-

433 4693 583 4737 teros
623 4678 906 4750 apostolus
947 4678 1060 4745 ille,
1104 4679 1201 4750 qui
1245 4679 1484 4735 viventis
1515 4678 1703 4735 addito
1749 4680 2020 4736 vocabulo

435 4773 529 4829 Dei
565 4770 763 4826 Filium
806 4771 960 4825 illum
1008 4771 1230 4842 agnovit
1251 4772 1291 4824 δ.
1324 4770 1491 4827 Iidem
1533 4787 1700 4843 porro
1727 4773 2018 4828 animalem

434 4864 654 4920 Aetium
685 4861 1010 4933 spiritaliter
1028 4860 1357 4933 diiudicant,
1386 4863 1481 4933 qui
1511 4877 1575 4919 ea
1601 4877 1725 4933 quae
1756 4862 1825 4918 ad
1859 4864 2021 4933 spiri-

436 4966 554 5014 tum
585 4956 862 5029 pertinent
891 4953 1169 5026 repudiat.
1203 4954 1285 5010 Δρ
1314 4955 1443 5011 licet
1464 4954 1785 5026 unigenitus
1808 4955 1901 5013 Dei
1930 4954 2024 5011 Fi-

438 5052 568 5116 lius,
614 5063 681 5103 ac.
726 5046 969 5119 Spiritus
1014 5046 1092 5103 ita
1138 5046 1441 5119 loquatur:
1482 5046 1631 5103 Vada
1682 5048 1753 5103 ad
1805 5046 2025 5105 Patrem

436 5158 632 5206 meum,
664 5150 712 5197 et
741 5139 959 5195 Patrem
1004 5146 1255 5206 vestrum,
1303 5137 1475 5195 Deum
1528 5155 1700 5194 meum
1759 5148 1809 5195 et
1856 5138 2026 5195 Deum

437 5234 739 5302 vestrum';
782 5234 960 5290 ambae
1002 5240 1187 5290 tamen
1228 5232 1626 5305 appellationes
1658 5233 1780 5290 istae
1806 5233 2023 5301 alienis,

533 5390 550 5421 ⁸
594 5386 613 5441 1
650 5386 780 5451 Cor,
828 5385 989 5454 1,19.
1094 5384 1281 5443 ’Psal.
1330 5403 1482 5452 xcm,
1548 5386 1637 5441 ll.

1740 5386 1763 5419 ³
1792 5385 1984 5441 Matth.
2043 5401 2154 5450 xvr,
2192 5385 2276 5439 t7.

2124 4583 2623 4650 τοῦ,ζῶντος,Υἰὸν
2654 4586 2789 4641 Θεοῦ
2822 4589 2984 4643 αὐτὸν
3006 4590 3283 4660 ἐπιγνοὺς,
3316 4595 3419 4649 κάν
3454 4612 3516 4650 τε
3548 4613 3712 4651 πνευ-

2130 4679 2375 4748 ματικῶς
2424 4680 2844 4752 ἀνακρινόμενοι
2893 4682 3008 4753 (91)
3054 4683 3075 4714 ⁸
3112 4682 3167 4755 [6
3207 4684 3425 4757 πνεῦμα
3473 4686 3551 4742 ῶν
3620 4692 3713 4744 καὶ

2128 4770 2460 4844 Μονογενὴς]
2507 4773 2601 4826 τὸν
2633 4773 2863 4844 ψυχικὸν
2906 4775 3110 4831 Ἀέτιον
3160 4778 3236 4850 μὴ
3266 4779 3711 4852 παραδεχόμενον

2127 4862 2196 4916 τά
2224 4861 2318 4915 τοῦ
2359 4862 2701 4934 Πνεύματος,
2731 4866 2833 4920 κάν
2854 4882 2915 4919 τε
2945 4868 3088 4922 είποι
3107 4884 3122 4901 ο
3170 4870 3524 4940 Ἀπέρχομαι
3562 4874 3711 4941 ,πρὸς

2125 4950 2234 5006 τὸν
2282 4952 2513 5022 Πατέρα
2552 4971 2675 5024 μου
2743 4955 2843 5009 καί
2898 4956 3130 5027 Πατέρα
3174 4959 3363 5030 ὑμῶν.
3411 4962 3509 5015 καί
3564 4966 3710 5018 Geor

2120 5060 2241 5112 μου
2279 5042 2379 5097 καὶ
2430 5043 2581 5099 Θεὸν
2608 5044 2776 5116 ὑμῶν
2800 5063 2813 5076 ·
2844 5047 2953 5101 τῶν
2992 5049 3320 5122 ἀμφοτέρων
3365 5051 3573 5106 τούτων
3596 5054 3709 5107 6vo-

2135 5133 2346 5205 μασιῶν
2402 5136 2541 5207 πρὸς
2583 5138 2653 5190 τά
2685 5136 2946 5211 ἀλλογενῆ
2986 5140 3229 5211 ὀνόματα
3272 5142 3351 5214 μὴ
3395 5141 3709 5214 δυναμένων

2132 5226 2461 5298 ἐξισοῦσθαι,
2490 5228 2591 5301 τῆς
2622 5230 2879 5302 ἀληθείας
2905 5234 2994 5287 ἀεὶ
3028 5231 3319 5306 μενούσης,
3350 5234 3446 5287 καὶ
3473 5235 3709 5306 ικάστης

2385 5386 2407 5417 ⁸
2438 5383 2571 5441 ibid.
2620 5383 2687 5441 l6
2808 5383 3013 5441 'Joan.
3052 5402 3144 5454 xx,
3180 5386 3267 5441 17.
3369 5387 3390 5418 ⁸
3426 5382 3489 5441 F.
3524 5386 3703 5457 μόνον.

437 5459 460 5491 '
490 5457 553 5514 Ρ.
583 5459 673 5514 διὰ
702 5458 819 5513 τοῦ.
895 5457 917 5490 ⁸
940 5456 1154 5513 Luxata
1175 5460 1291 5513 haec
1320 5474 1423 5515 suo
1449 5459 1571 5514 loco
1595 5457 1865 5514 arbitror.
1902 5455 2019 5512 Vldt

2138 5465 2243 5513 tas.

507 5613 622 5684 (9i)
656 5615 785 5668 ιὶἇν
815 5631 879 5669 τε
919 5612 1331 5683 πνευματικῶς
1371 5614 1847 5684 ἀνακρινόμενοι.
1889 5613 2022 5680 Quae

438 5685 749 5755 parenthesi
783 5687 985 5741 includi
1032 5686 1342 5758 jussimus,
1376 5700 1439 5739 ea
1493 5686 1614 5741 loco
1660 5700 1759 5740 suo
1812 5685 2016 5739 dimota

2131 5621 2281 5687 sunt,
2311 5620 2366 5668 et
2380 5613 2451 5687 in
2476 5614 2638 5670 tertio
2661 5628 2823 5687 versa
2856 5614 2922 5669 ad
2952 5614 3101 5669 hunc
3124 5613 3346 5687 modum
3373 5613 3702 5687 reponenda,

2126 5684 2229 5742 κᾶν
2259 5694 2317 5738 τέ
2346 5685 2489 5739 είποι
2522 5687 2549 5740 6
2582 5686 2798 5757 πνεῦμα
2834 5687 2911 5741 ῶν
2955 5687 3048 5740 καὶ
3082 5686 3409 5757 Μονογενής.
