3790 6212
97 228 214 291 τις.

704 313 711 318 1
744 235 1115 296 ADVERSUS
1153 241 1495 301 IIIERESES
1531 246 1661 303 LIB.
1700 248 1788 305 Ill.
1832 251 1995 307 ΤΟΜ.
2027 253 2065 306 l.
2091 282 2159 293 —
2190 253 2463 313 H/ERES.
2505 258 2734 317 LXXVI.

3262 269 3365 329 586

102 340 396 413 χρειώδους
425 344 628 412 τάξεως
659 365 716 403 εν
746 350 859 420 Υἱῷ
890 353 1025 407 Θεοῦ
1058 357 1117 408 ὲν
1151 357 1378 431 ἀληθείᾳ
1415 362 1476 415 τὸ
1518 364 1632 431 σαφζ

1746 380 1855 425 iac
1903 366 2138 425 diversis
2190 372 2506 430 nominibus
2557 375 2831 447 adaquari
2880 392 3186 451 nequeunt,
3235 398 3361 439 cum

101 433 481 507 διδασκούσης.
527 437 663 491 Οῦτε
711 440 839 513 γάρ,
870 443 1100 514 Πατέρα
1127 467 1270 517 μου,
1306 452 1406 506 καὶ
1454 452 1632 523 Πατέι

1788 467 2052 529 perpetuo
2103 464 2307 519 veritas
2355 465 2473 535 ipsa
2514 477 2864 536 permaneat,
2912 487 2974 527 ac
3019 474 3361 544 singularum

100 523 288 592 ὑμῶν,
320 526 458 580 κατά
491 528 591 601 τὴν
621 531 801 602 σάρκα
838 535 919 598 εἰς
949 537 1148 603 αὐτοὺς
1186 539 1529 613 πληρωτέον·
1567 544 1685 609 πῶς

98 618 208 688 γὰρ
239 618 425 691 πατὴρ
468 621 670 692 σαρκὸς
702 624 731 676 ό
772 624 924 691 Θεὸς,
970 628 999 681 ὁ
1038 631 1219 702 σάρκα
1265 635 1340 707 μὴ
1379 637 1679 708 ἐνδυσάμε-

96 723 221 773 voc;
275 708 434 777 οὔτε,
473 711 582 765 τόν
629 716 779 770 Θεόν
818 735 959 786 μου,
993 721 1089 774 καὶ
1130 723 1278 778 Θεὸν
1320 725 1505 796 ὑμῶν,
1542 728 1683 782 κατὰ

95 795 192 866 τὴν
244 796 341 851 τοῦ
380 798 510 853 Υἱοῦ
545 800 800 874 θεότητα,
846 809 942 859 καί⁸
975 811 1116 863 κατὰ
1146 812 1246 883 τὴν
1278 813 1536 886 μαθητῶν
1568 820 1680 871 υἱο-

92 886 284 943 θεσίαν
341 890 651 963 πληρωτέον
673 911 686 927 ι
740 895 897 963 ἀλλὰ,
959 901 1109 955 Θεὸν
1154 922 1312 974 μου,
1370 908 1469 961 καὶ
1530 910 1679 964 Θεὸν

49 1008 57 1016 -
91 976 282 1046 ὑμῶν,
333 980 421 1036 διὰ
459 982 557 1055 τὴν
587 985 858 1059 ἡμετέραν
905 991 1320 1066 ὲνανθρώπησιν
1368 1016 1678 1072 μυστηριωο

90 1066 199 1160 δὼς
244 1069 606 1160 ὀ-άληθεύων
653 1077 713 1129 ὲν
751 1078 923 1134 ἅπασι
974 1084 1097 1147 τοὺς
1153 1066 1398 1157 μαθητάς
1442 1066 1674 1160 ἠσφαλί-

91 1151 234 1254 ζετο..
269 1155 504 1227 Πατέρα
553 1160 611 1214 δέ
638 1180 779 1232 μου,
827 1168 924 1220 καὶ
970 1151 1204 1241 Πατέρα
1231 1151 1414 1245 ὐῂῶκ,
1446 1151 1541 1233 διὰ.
1574 1181 1674 1254 τῆς

88 1243 223 1313 ἐμοῦ
270 1247 413 1319 πρὸς
455 1251 618 1305 αὐτὸν
658 1257 799 1310 κατά
831 1259 1012 1328 φύσιν,
1066 1265 1158 1318 καὶ
1193 1243 1324 1337 ἐμοῦ
1359 1272 1494 1340 πρὸς
1528 1243 1672 1344 ὑμάς

87 1338 488 1408 ὲπικοινωνίας,
523 1340 591 1417 ἧς
639 1348 750 1417 ἐγὼ
787 1351 905 1421 μὲν,
942 1356 1082 1409 κατὰ
1131 1338 1540 1430 φιλανθρωπίαν
1565 1338 1671 1418 -ὲνο

83 1428 360 1526 θημήσας,
406 1434 582 1492 ἔδωκα
608 1438 739 1509 ὑμῖν
785 1443 847 1496 τὸ
884 1445 901 1475 ¹
933 1446 1184 1513 γενέσθαι
1210 1449 1297 1503 διὰ
1326 1428 1419 1506 τοῦ
1464 1455 1629 1526 ῥητοῦ
1650 1473 1664 1487 ·

89 1518 350 1613 Ἔδωκεν
372 1526 577 1593 αὐτοῖς
620 1530 914 1595 ἐξουσίαν
959 1538 1145 1593 τέκνα
1183 1542 1331 1596 Θεοῦ
1364 1518 1662 1613 γενέσθαι.

82 1609 280 1712 Διόπερ
334 1615 430 1668 καὶ
480 1619 663 1686 αὐτὸς,
695 1627 826 1696 παρ’
855 1626 1039 1694 αὐτοῖς
1083 1609 1393 1703 γενόμενος,
1452 1640 1665 1712 μορφὴν

1787 563 1980 604 vocum
2027 556 2284 624 pr0prius
2332 565 2386 612 et
2434 560 2779 616 necessarius
2829 563 2967 617 ordo
3014 564 3090 620 rei
3129 565 3184 619 in
3222 564 3362 621 Filio

1785 637 1878 694 Dei
1922 643 2205 701 veritatem
2255 648 2403 704 clare
2431 665 2495 703 ac
2523 653 2812 722 perspicue
2845 654 3202 711 demonstret.
3252 657 3358 712 Ne-

1782 745 1889 799 que
1927 734 2073 787 enim
2110 734 2225 792 base
2269 738 2410 809 ipsa,
2442 739 2661 797 Patrem
2696 761 2888 811 meum,
2926 756 2975 800 et
3017 746 3229 803 Patrem
3261 766 3355 803 ve-

1780 829 1971 890 strum,
2006 825 2073 878 ad
2111 826 2284 897 ipsius
2317 845 2536 886 carnem
2576 832 2858 890 referenda
2891 845 3040 893 sunt.
3072 837 3357 904 Quomodo

1778 913 1922 967 enim
1956 917 2141 974 carnis
2184 928 2339 989 pater
2388 922 2532 979 Deus
2578 941 2700 982 esse
2746 935 2948 998 potest,
2994 931 3085 999 qui
3133 947 3354 986 catncm

1778 1019 2055 1076 nunquam
2085 1009 2300 1065 induit?
2330 1012 2515 1084 Neque
2542 1016 2682 1099 haec,
2708 1018 2872 1073 Deum
2900 1038 3088 1087 meum,
3115 1033 3164 1076 et
3191 1022 3354 1077 Deum

1777 1105 2027 1162 vestrum,
2074 1100 2141 1155 de
2174 1102 2297 1157 Filii
2334 1105 2637 1173 divinitate,
2671 1111 2757 1164 vel
2787 1111 3354 1185 adoptione‘discipu-

1775 1183 1951 1239 lorum
1979 1189 2299 1260 accipienda
2322 1202 2469 1249 sunt.
2502 1195 2606 1251 Sed
2630 1199 2743 1253 haec
2766 1201 2949 1266 verba,
2972 1201 3134 1256 Deum
3159 1222 3349 1270 meum,

1770 1284 1822 1328 et
1855 1274 2020 1331 Deum
2052 1291 2296 1346 vestrum,
2316 1284 2387 1338 ob
2415 1285 2709 1341 humanam
2740 1298 3007 1357 nostram,
3034 1309 3195 1364 quam
3225 1313 3350 1352 sus-

1769 1369 1936 1438 cepit,
1972 1380 2244 1439 naturam,
2270 1391 2378 1432 non
2399 1377 2517 1432 sine
2536 1381 2795 1448 mysterio
2815 1384 3059 1441 veritatis
3092 1387 3145 1440 in
3169 1390 3350 1441 otnni-

1770 1459 1873 1515 bus
1932 1462 2459 1525 observantissimus
2515 1471 2582 1525 ad
2627 1473 2927 1544 discipulos
2976 1480 3347 1549 praemunien-

1768 1551 1870 1607 dos
1898 1567 2162 1623 usurpare
2187 1558 2377 1614 voluit.
2408 1558 2628 1616 Patrem
2663 1579 2793 1619 vero
2823 1582 3014 1631 meum,
3042 1577 3092 1621 et
3127 1567 3345 1625 Patrem

1769 1650 1995 1696 vestrum
2022 1642 2180 1706 dixit,
2210 1655 2431 1718 propter
2459 1665 2633 1704 meam
2666 1667 2791 1706 cum
2825 1654 2917 1708 illo
2950 1663 3162 1712 natura:
3194 1673 3346 1712 com-

80 1701 264 1758 δούλου
298 1704 483 1773 ἔλαϐε,
511 1716 841 1785 προσφάτως
869 1720 1168 1794 προσφάτῳ
1209 1701 1632 1803 ἐπικοινωνήσας

1765 1733 2103 1801 munionem,
2133 1752 2417 1809 meamque
2442 1741 2719 1800 vobiscum
2751 1763 2762 1798 :
2795 1743 2954 1815 cujus
2979 1762 3080 1818 ego
3102 1764 3199 1818 pro
3224 1766 3342 1804 nica

83 1796 184 1851 τῶν
224 1800 600 1873 ἀρχαξίζόντων
627 1806 857 1863 ἐνόντων
892 1811 949 1865 ὲν
977 1815 1287 1888 ταυτότητι,
1331 1821 1425 1874 καὶ
1477 1796 1552 1894 pi;

83 1888 342 1962 σύγχυσιν
396 1895 849 1966 μεταϐαινόντων,
902 1903 1035 1958 υίῶν
1080 1905 1179 1976 μὲν
1224 1888 1552 1981 ἀνθρώπων-
1573 1914 1661 1969 διὰ

80 1984 173 2055 τῆς
218 1986 461 2058 μετοχῆς
504 1990 586 2054 εἰς
634 1990 943 2065 ἀφθαρσίαν
997 1998 1496 2072 μεταϐαλλομένων,
1542 2006 1656 2060 ἀλλ’

81 2076 174 2130 οὐκ
221 2079 307 2143 εἰς
356 2080 752 2155 ὁμοουσιότητα
804 2089 1228 2161 συνενουμένων,
1280 2096 1375 2148 καὶ
1415 2096 1510 2151 τοῦ
1559 2098 1657 2171 τὴν

86 2170 290 2242 μορφὴν
334 2171 526 2227 δούλου
556 2174 831 2243 λαϐόντος,
878 2179 964 2233 διὰ
996 2181 1090 2235 τοῦ
1123 2185 1241 2254 μὲν,
1278 2186 1552 2256 λαϐόντος,
1596 2170 1657 2245 τὸ

83 2259 388 2329 πρόσφατον
431 2261 749 2332 δηλοῦντος,
801 2267 888 2320 διὰ
948 2268 1005 2322 δὲ
1071 2272 1189 2334 τοῦ,
1219 2278 1274 2328 ὲν
1302 2281 1484 2351 μορφῇ
1519 2280 1652 2336 Θεοῦ

81 2350 529 2421 ὑπάρχοντος,είς
564 2356 771 2428 τροπὴν
825 2359 901 2430 μὴ
951 2365 1384 2435 παρερχομένου.
1436 2350 1652 2427 Τούτων

79 2442 131 2495 δὲ
163 2442 333 2508 οὕτως
371 2445 561 2512 ὄντων,
607 2448 702 2501 καὶ
751 2451 809 2502 ὲν
835 2452 1017 2523 τελείᾳ
1059 2455 1259 2523 γνώσει
1286 2460 1457 2527 οὕτως
1502 2468 1652 2537 παρά

81 2535 183 2596 τοῖς
225 2532 588 2599 θεοδιδάκτοις
643 2538 830 2607 σαφῶς
873 2542 1346 2617 ὁμολογουμένων,
1395 2551 1517 2607 οὔτε
1565 2532 1646 2619 τὸ,

84 2623 215 2690 θεός
240 2640 387 2692 μου,
434 2626 535 2680 καὶ
585 2628 730 2695 Θεὸς
774 2631 960 2700 ὑμῶν,
990 2634 1135 2701 οὔτε,
1190 2641 1224 2692 ό
1258 2642 1459 2711 Πατήρ
1501 2663 1645 2714 μου,

1765 1822 2101 1895 benignitate
2131 1827 2218 1881 hic
2253 1829 2397 1898 apud
2427 1832 2527 1886 v0s
2557 1833 2759 1902 degens
2799 1836 3095 1908 participes
3134 1848 3193 1893 ut
3218 1856 3341 1896 esse

1761 1914 2000 1982 possetis
2039 1915 2261 1971 indulsi.
2296 1915 2386 1972 Sic
2408 1920 2552 1973 enim
2590 1923 2854 1994 scriptum
2891 1933 2974 1982 est
3001 1946 3013 1981 :
3043 1926 3201 1982 Dedit
3229 1930 3338 1984 illis

1758 2001 2066 2069 p'otestatem
2096 2005 2235 2073 ﬁlios
2267 2004 2366 2059 Dei
2390 2007 2511 2075 ﬁeri
2534 2009 2577 2065 ¹.
2614 2007 2906 2081 Propterea
2933 2029 3056 2069 cum
3082 2016 3173 2071 ille
3194 2018 3338 2088 apud

1759 2095 1909 2165 ipsos
1931 2097 2245 2160 exsisteret,
2272 2098 2501 2152 fortnam
2530 2103 2671 2157 servi
2703 2107 2965 2175 suscepit,
2996 2122 3119 2161 cum
3147 2124 3336 2165 recen-

1756 2188 1882 2243 tiori
1924 2204 2116 2245 recens
2149 2191 2592 2247 communionem
2625 2196 2953 2267 suscipiens.
2993 2200 3074 2254 sic
3106 2209 3162 2254 ut
3192 2202 3336 2256 inte—

1756 2281 1859 2334 rim
1883 2289 2065 2337 vetera
2091 2284 2281 2340 eodem
2298 2285 2352 2339 in
2383 2294 2530 2342 statu
2549 2291 2975 2357 permanserint,
3004 2308 3179 2364 neque
3200 2308 3335 2348 con-

1755 2370 2022 2429 fusionem
2058 2375 2221 2430 ullam
2251 2393 2408 2446 passa
2434 2376 2657 2433 fuerint.
2686 2378 2979 2435 llotninum
3009 2384 3207 2455 quippe
3237 2385 3333 2440 ﬁlii

1752 2465 2025 2537 ejusmodi
2084 2470 2507 2539 participatione
2564 2471 2630 2525 ad
2691 2472 3068 2542 incorruptum
3127 2483 3330 2530 statum

1752 2560 2002 2616 translati
2025 2568 2176 2625 sunt,
2218 2578 2325 2616 non
2366 2562 2555 2618 eadem
2592 2564 2897 2619 substantia
2929 2565 3227 2635 conjuncti.
3261 2570 3332 2621 At

1750 2670 1875 2708 cum
1917 2655 2062 2709 servi
2104 2655 2330 2709 formam
2362 2654 2535 2713 Filius
2579 2660 2860 2729 accepisse
2896 2658 3099 2715 dicitur
3125 2661 3168 2721 ³.
3195 2660 3332 2716 illud

83 2715 170 2767 καὶ
213 2715 421 2782 Πατὴρ
468 2717 654 2787 ὑμῶν,
683 2720 792 2774 ἀπὸ
836 2723 936 2793 τῆς
971 2727 1111 2779 κατὰ
1155 2728 1215 2781 τὸ
1259 2728 1479 2802 εὔλογον
1526 2738 1632 2789 em-

1749 2744 2053 2815 accipiendi
2100 2746 2423 2801 vocabulum
2473 2763 2674 2802 novum
2728 2749 2964 2820 aliquid,
3017 2766 3082 2806 ac
3137 2767 3329 2808 recens

83 2806 352 2871 κοινωνίας
389 2809 476 2864 διὰ
512 2809 606 2864 τοῦ
637 2812 927 2886 ὁμωνύμου
960 2816 1146 2871 διοίσει
1181 2820 1282 2891 τῆς
1311 2823 1632 2896 ἀκραιφνοῦς

1750 2806 1896 2890 istud
1938 2835 2214 2891 exstitisse
2258 2836 2616 2891 demonstrat.
2668 2806 2835 2906 Quod
2864 2847 3043 2894 autem
3084 2839 3327 2916 additum

82 2896 272 2967 οὐσίας,
318 2902 433 2955 άπὸ
463 2902 564 2974 τῆς
607 2904 881 2979 ὑπεροχῆς
910 2909 1012 2980 τῆς
1061 2912 1197 2977 ἰδίας
1231 2915 1492 2989 ἰδιότητος
1541 2922 1632 2976 Πα-

1746 2934 1851 2989 est,
1889 2941 2012 2982 eum
2043 2926 2212 2999 958
2249 2928 2302 2982 in
2342 2926 2518 2983 forma
2553 2927 2642 2983 Dei
2714 2939 2862 2986 esset
2883 2932 2924 2999 ’⁸,
2963 2932 3327 2988 mutationem

81 2988 193 3057 τρδς
220 2990 356 3063 πρὸς
400 2992 549 3058 Υἱὸν,
589 2996 683 3048 καὶ
714 2996 845 3049 Υἰοῦ
892 2999 1031 3069 πρὸς
1078 3002 1318 3076 Πατέρα,
1353 2988 1447 3060 xei.
1484 3009 1632 3079 άγῑοι.

1747 3020 1951 3074 nullam
1988 3020 2371 3076 intercessisse
2412 3021 2706 3092 signiﬁcat.
2737 3022 2870 3089 Quae
2910 3038 3034 3078 cum
3085 3024 3159 3078 ita
3201 3040 3327 3080 sese

83 3077 378 3152 Πνεῦματος
406 3082 686 3150 ὠσαῦτως.

1749 3110 2008 3174 habeant,
2038 3126 2105 3167 ac
2128 3126 2254 3167 cum
2286 3112 2530 3183 perfecta
2559 3112 2651 3170 Dei
2683 3115 2999 3185 cognitione
3027 3116 3327 3185 conjuncta

83 3169 238 3269 palam
256 3171 428 3265 abiis
446 3184 787 3243 asserantur,
817 3181 910 3251 qui
932 3181 1200 3241 divinitus
1260 3188 1499 3248 instituti
1560 3209 1709 3268 sunt,
1751 3217 1930 3273 neque
1959 3169 2075 3257 haec
2114 3169 2304 3268 verba:
2332 3202 2471 3258 Deus
2500 3220 2665 3271 meus,
2696 3169 2910 3260 etvDeus
2940 3216 3124 3270 vester,
3149 3203 3325 3277 nequé

1868 3252 1926 3257 η
1959 3252 2070 3257 nm
2128 3252 2298 3268 -ν--μι
2332 3252 2467 3258 --πν
2501 3252 2665 3271 "mw.
2697 3252 2743 3259 ν-
2769 3252 2909 3260 -νπ-
2944 3252 3124 3270 mm.
3149 3252 3322 3277 ··νῚ“·”⁴

81 3252 193 3325 ista,
230 3252 399 3318 Pat'er
426 3281 605 3334 meus,
639 3278 692 3324 et
730 3269 895 3327 Pater
927 3284 1121 3337 vester.
1154 3294 1347 3349 puram
1387 3284 1536 3341 illam
1571 3304 1636 3346 ac
1675 3252 1946 3349 sinceiam
2017 3291 2110 3349 Dei
2168 3304 2420 3348 naturam
2456 3310 2486 3349 a
2520 3305 2911 3361 consentanea,
2942 3313 3042 3352 nec
3071 3298 3189 3367 ipso
3233 3297 3322 3352 in-

81 3352 224 3426 digna
256 3362 644 3419 communione
711 3375 932 3437 propter
993 3372 1142 3428 vocis
1203 3376 1613 3449 ambiguitatem
1681 3402 1941 3459 separare
1987 3396 2277 3459 poterunt,
2339 3397 2435 3443 aut
2498 3390 2794 3460 quidquam
2846 3392 2912 3446 de
2967 3393 3321 3461 proprietatis

80 3447 383 3508 excellentia
430 3454 740 3528 detrahent,
788 3478 895 3533 qua
958 3463 1123 3521 Pater
1178 3483 1304 3525 cum
1348 3447 1508 3542 Filio,
1541 3475 1712 3535 Filius
1741 3447 1874 3535 cum
1918 3447 2106 3546 Patre,
2156 3496 2220 3535 ac
2264 3447 2780 3552 Spiritus.sanctus
2823 3485 3058 3555 denique
3097 3499 3320 3555 compa-

84 3547 271 3596 rantur.

426 3666 821 3723 ΚΕΦΔΛΔΙΟΝ
858 3665 1112 3728 ΑΕΤΙΟΥ
1149 3679 1254 3732 IH'.

141 3754 196 3808 Et
223 3755 256 3825 ἡ
282 3755 578 3829 ἀγέννητος
602 3760 760 3815 οὐσία
792 3762 1059 3834 κρείττων
1088 3767 1205 3821 ἐστὶ
1232 3771 1520 3839 γενέσεως,
1553 3777 1634 3829 ol-

82 3844 219 3900 ttoBev
243 3847 444 3919 ἔχουσα
489 3850 551 3904 τὸ
583 3854 849 3924 κρεῖττον,
892 3856 1185 3913 αὑτοουσία
1205 3862 1353 3919 ἐστὶν
1402 3866 1635 3938 ἀγέννη-

81 3952 175 3999 tog.
229 3940 300 3992 οὐ
362 3939 475 4011 γὰρ
510 3940 852 4014 βουλόμενος,
901 3948 985 4002 ὅτι
1037 3948 1315 4018 βούλεται,
1364 3956 1634 4022 γενέσεώς

81 4028 181 4082 ἐστι
221 4032 500 4101 κρείττων,
551 4034 667 4089 ἀλλ’
698 4037 780 4091 ὃτι
812 4038 1072 4107 πέφυκεν.
1121 4042 1263 4097 Αὐτὸ
1304 4041 1398 4100 οὖν
1449 4049 1629 4121 ὑπάρ-

81 4138 226 4189 leuca
257 4124 416 4180 οὐσία
447 4127 741 4199 ἁγέννητος
768 4132 798 4184 ὁ
823 4131 976 4196 Θεὸς,
1012 4135 1188 4189 οὐδενὶ
1226 4137 1369 4208 λόγῳ
1411 4141 1631 4213 ἐπιτρέ-

84 4228 159 4265 πει
209 4215 325 4269 καθ’
377 4218 580 4290 ἑαυτῆς
627 4220 840 4289 γένεσιν
890 4226 1206 4298 ἐπινοῆσαι,
1262 4228 1479 4286 ὠθοῦσα
1529 4234 1627 4303 cpe-

2196 3685 2378 3742 ΑΕΤιΙ
2415 3686 2645 3743 CAPUT
2684 3687 2869 3743 XVIII.

1809 3777 1868 3833 Si
1895 3777 2135 3849 ingenita
2170 3777 2480 3834 substantia
2509 3780 2852 3849 generationi
2894 3791 3136 3851 praestat,
3181 3786 3315 3843 insi-

1733 3876 1845 3924 tam
1899 3870 1954 3924 in
1990 3884 2115 3926 sese
2162 3870 2370 3925 habens
2416 3870 2822 3936 excellentiam,
2872 3885 3064 3943 suapte
3115 3888 3313 3932 natura

1734 3960 1975 4032 ingenita
2001 3969 2086 4018 est
2111 3962 2436 4017 substantia.
2472 3959 2657 4031 Neque
2676 3962 2823 4017 enim
2847 3963 2938 4017 cui
2965 3964 3181 4021 libitum
3203 3978 3308 4034 est,

1733 4065 1833 4120 pro
1862 4065 1928 4107 eo
1955 4051 2106 4123 quod
2136 4051 2352 4107 libitum
2374 4059 2480 4114 est,
2515 4053 2856 4122 generationi
2889 4058 3183 4125 antecellit,
3212 4061 3309 4115 sed

1729 4142 1878 4212 quod
1918 4143 1993 4197 ita
2045 4149 2240 4196 natura
2277 4148 2628 4211 comparatus
2660 4150 2764 4198 est.
2795 4143 2978 4210 Quare
3005 4161 3129 4200 cum
3166 4147 3310 4206 Deus

1732 4247 1829 4303 per
1873 4247 1994 4288 sese
2022 4232 2264 4303 ingenita
2300 4232 2372 4286 sit
2404 4232 2730 4294 substantia,
2763 4234 2965 4289 rationi
3006 4238 3137 4291 nulli
3186 4255 3308 4309 per-

84 4303 246 4372 ρεσθαι
296 4307 439 4362 κατὰ
494 4309 605 4363 τῶν
658 4313 932 4383 γεννητῶν
986 4318 1166 4371 πᾶσαν
1228 4319 1475 4387 ἐξέτασιν
1535 4324 1627 4377 καὶ

1746 4322 1917 4388 nittit,
1964 4323 2068 4378 sibi
2100 4330 2157 4376 ut
2204 4323 2609 4393 generationem
2655 4322 2896 4393 atlingat,
2941 4327 3038 4382 sed
3075 4303 3308 4399 inquisi-

84 4394 234 4449 πάντα
258 4395 538 4470 λογισμόν.

598 4602 937 4674 Ἀνατροπὴ
976 4606 1086 4663 ΠΥ.
1542 4654 1547 4657 -

142 4682 252 4749 Τοῖς
289 4687 474 4752 αὐτοῖς
516 4691 666 4761 ἡμᾶς
714 4694 976 4766 σκυλμοῖς
1022 4697 1343 4768 περιέϐαλεν
1399 4701 1623 4766 ’Δέτιος,

84 4775 391 4846 ταντολογεῖν
440 4782 610 4850 ἡμᾶς,
658 4785 735 4849 ὡς
772 4785 942 4857 ἔφην,
994 4788 1089 4841 καὶ
1136 4790 1396 4856 πολλάκις
1451 4810 1626 4864 παρα-

88 4870 328 4936 σκευάζων
371 4873 463 4928 διὰ
505 4875 604 4946 τὴν
650 4876 709 4943 ἐξ
758 4878 1011 4950 ὑπαρχῆς
1060 4881 1187 4950 ἄχρι
1238 4883 1424 4947 τέλους
1458 4883 1624 4937 αὐτοῦ

87 4963 190 5032 περὶ
214 4964 316 5018 τῶν
354 4967 537 5020 αὐτῶν
574 4970 945 5038 ταυτολογίαν.
979 4972 1054 5025 Οὐ
1081 4974 1189 5044 γάρ
1217 4992 1345 5027 ποτε
1374 4977 1408 5046 ἡ
1442 4976 1623 5041 πίστις

87 5054 111 5118 ἡ
138 5055 293 5108 πάντα
333 5059 522 5112 πιστὸν
554 5059 803 5125 σώζουσα
829 5064 894 5115 ἐκ
928 5062 1337 5135 συλλογιστικῆς
1365 5066 1622 5131 ὑπονοίας

86 5142 347 5212 ἀνθρώπων
399 5150 746 5222 συνέστηκεν.
794 5151 1008 5223 Ἐπειδὴ
1039 5153 1146 5224 γάρ
1191 5152 1506 5223 ἐπισφαλεῖς
1546 5157 1621 5207 εἰ·

90 5247 156 5283 σιν
190 5238 238 5288 αἱ
280 5238 384 5291 τῶν
428 5239 731 5312 ἀνθρώπων
767 5242 1018 5307 διάνοιαι,
1074 5244 1169 5297 καὶ
1213 5245 1274 5297 οὐ
1325 5244 1618 5315 δυνάμεναι

89 5321 197 5391 πρὸς
219 5324 274 5377 τὸ
300 5326 520 5399 ἄπειρον
546 5331 645 5400 τῆς
671 5331 764 5384 τοῦ
789 5331 924 5385 Θεοῦ
954 5331 1139 5395 οὐσίας
1170 5334 1575 5388 ὲπεκτείνεσθαι
1600 5351 1615 5365 ο

89 5413 162 5465 καὶ
188 5415 282 5487 γάρ
316 5420 372 5472 τὸ
404 5422 513 5476 πᾶν
542 5422 642 5490 τῆς
681 5424 950 5494 σωτηρίας
981 5423 1136 5494 ἡμῶν
1188 5426 1423 5495 Χριστοῦ
1454 5426 1615 5489 ζωτι-

89 5501 164 5553 κὸν
185 5513 459 5581 μυστήριον
492 5512 796 5580 Ἰουδαίοις
814 5514 929 5582 μὲν
954 5513 1327 5580 σκάνδαλον,
1360 5517 1617 5584 Ἕλλησι

146 5638 161 5669 ⁸
189 5641 333 5702 Deest
363 5649 666 5714 κοινωνούς,
704 5664 797 5706 aut
828 5653 959 5720 quid
992 5654 1188 5710 simile.
1269 5654 1286 5684 ³
1315 5652 1472 5709 Joan.
1511 5671 1548 5720 t,
1590 5657 1671 5711 1'2.

357 5745 628 5811 Parnm.
666 5746 787 5812 Gn.
843 5750 892 5810 Χ
910 5749 1029 5809 Lll.

1732 4408 1935 4463 tionem
1977 4424 2194 4463 omnem
2246 4416 2300 4463 et
2342 4409 2811 4465 ratiocinationem
2851 4411 2919 4466 ad
2962 4427 3052 4467 res
3098 4416 3307 4485 genitas

1730 4498 1989 4553 amandat
2020 4513 2085 4552 ac
2112 4499 2188 4567 rei
2198 4498 2311 4553 icit.

2219 4612 2529 4681 Canfutatio
2569 4611 2799 4670 XVIII.

1799 4702 1856 4756 In
1903 4702 2121 4758 easdem
2157 4718 2258 4759 nos
2302 4704 2583 4760 molestias
2612 4704 2749 4760 Aetii
2791 4705 3177 4777 importunitas
3210 4710 3305 4764 im-

1726 4793 1896 4849 misit.
1939 4793 2045 4859 Qui
2087 4793 2216 4847 dum
2264 4794 2453 4850 eadem
2500 4795 2698 4864 saepius
2731 4795 2801 4851 ab
2831 4796 2990 4852 initio
3039 4800 3106 4853 ad
3142 4801 3301 4855 ﬁnem

1726 4898 1899 4955 usque
1925 4885 2145 4953 repetit,
2180 4884 2425 4954 ejusdem
2462 4887 2622 4941 nobis
2655 4887 2884 4944 faciendi
2918 4891 3296 4945 necessitatem

1726 4973 2003 5042 imposuit.
2030 4972 2322 5028 Enimvero
2349 4974 2501 5039 ﬁdes,
2538 4990 2659 5046 quae
2684 4977 2990 5034 Catholicos
3007 4993 3198 5033 omnes
3230 4983 3299 5035 ad

1724 5064 1954 5119 salutem
1978 5063 2248 5134 perducit,
2273 5064 2635 5120 humanorum
2654 5077 3096 5137 argumentorum
3126 5071 3300 5123 subti-

1729 5156 1879 5208 litate
1927 5170 2035 5208 non
2085 5161 2321 5209 constat.
2351 5156 2802 5227 Quandoquidem
2852 5159 3083 5221 lubrica,
3126 5169 3179 5214 et
3240 5163 3297 5217 in

1725 5259 1965 5299 errorem
1994 5259 2163 5312 prona
2196 5253 2325 5297 sunt
2357 5246 2638 5301 hominum
2683 5248 2921 5319 ingenia,
2966 5266 3142 5320 neque
3170 5267 3295 5306 cum

1726 5332 1937 5387 inﬁnita
1970 5331 2062 5386 Dei
2102 5333 2411 5388 substantia
2457 5334 2729 5404 adzequari
2773 5348 3023 5407 possunt.
3068 5342 3133 5394 Et
3163 5357 3293 5398 vero

1728 5435 1898 5481 totum
1943 5426 2072 5479 illud
2103 5427 2294 5481 salutis
2329 5435 2528 5482 nostra:
2558 5445 2587 5481 ιι
2607 5428 2824 5484 Christo
2848 5430 3289 5487 administratum

1727 5519 2074 5589 mysterium,
2109 5519 2253 5588 quod
2286 5520 2597 5576 hominibus
2626 5522 2792 5576 vitam
2828 5525 3044 5594 attulit,
3085 5524 3291 5580 Judwie

1748 5657 1766 5687 ³
1801 5655 2035 5729 Philipp.
2077 5674 2134 5726 tt,
2178 5658 2224 5711 7.
2306 5658 2323 5687 ³⁵
2352 5660 2483 5714 ibid.
2538 5660 2588 5715 6.

2982 5756 3056 5815 19
