3838 6312
474 308 580 364 587

1912 303 1973 358 ε.
2018 299 2356 356 ΕΡΙΡΗΛΝΙΙ

3625 297 3737 353 588

473 428 785 482 scanaalum
821 428 945 497 fuit,
986 427 1223 499 gentibus
1268 423 1534 478 stultitia:
1563 421 1711 474 nobis
1743 435 1860 473 vero
1908 435 2056 472 voca-

2170 415 2227 467 se
2252 415 2465 483 μωρία,
2498 415 2641 484 ἡμῖν
2668 415 2736 468 δὲ
2762 413 2885 480 τοῖς
2913 413 3158 481 κλητοῖς
3199 414 3505 477 Ἰουδαίοις
3534 430 3594 467 rs
3630 416 3741 466 καὶ

479 521 546 573 tis
591 517 793 572 Judwit
846 526 893 573 et
915 517 1157 589 gentibus
1202 514 1450 570 Christus
1498 512 1595 567 Dei
1633 512 1819 573 virtus,
1862 519 1911 562 et
1958 507 2053 562 Dei

478 612 759 680 sapientia.
793 610 1055 677 Quoniam
1082 608 1217 680 quod
1260 608 1482 661 stultum
1508 616 1586 660 est
1623 604 1718 658 Dei
1764 603 2053 672 sapientius

476 711 552 754 est
590 701 911 763 hominibus,
942 710 991 753 et
1020 700 1157 769 quod
1195 700 1466 768 inﬁrmum
1493 707 1570 752 est
1608 696 1701 751 Dei
1737 697 1928 762 fortius
1974 704 2055 750 est

476 793 833 847 hominibus‘.
870 792 1007 858 Quis
1048 792 1213 861 igitur
1254 790 1467 845 Aetium
1500 805 1609 844 non
1648 789 1823 859 primo
1854 785 2056 842 Iudaeis

478 892 823 950 annumeret,
866 882 1010 953 quod
1047 881 1381 954 syllogismis
1428 881 1545 937 suis
1578 880 1701 935 aliis
1739 876 2058 935 oﬂ'ensionis

478 990 702 1030 causam
750 973 1021 1045 praebeat?
1069 984 1180 1027 tum
1210 988 1338 1027 vero
1367 973 1621 1043 gentilem
1664 987 1787 1027 esse
1809 979 2056 1033 censeat,

477 1064 622 1133 quod
653 1079 763 1133 pra:
790 1062 1038 1118 ab‘ectata
1076 1076 1177 1117 sua
1201 1062 1471 1133 sapientia
1499 1062 1743 1117 divinam
1771 1062 2055 1117 veritatem

478 1158 724 1215 stultitia:
794 1157 1151 1212 condemnet?
1208 1155 1423 1210 Etenim
1469 1171 1615 1209 unus
1667 1155 1759 1210 ille
1809 1153 2061 1209 conditor

478 1251 750 1312 omnium,
796 1256 960 1319 atque
997 1248 1196 1303 artifex
1241 1249 1390 1303 omni
1436 1255 1688 1301 creatura
1738 1245 2062 1317 opiﬁcioque

483 1338 851 1407 praestantior,
885 1352 994 1391 non
1028 1346 1313 1406 propterea
1337 1324 1503 1405 959
1540 1333 1685 1404 quod
1713 1333 1995 1404 productis
2030 1349 2060 1387 a

481 1445 541 1484 se
581 1428 836 1484 omnibus
871 1428 1169 1494 antecellit,
1202 1441 1310 1481 non
1339 1424 1529 1481 eadem
1588 1426 1691 1480 ista
1733 1425 1959 1479 molitur
1997 1440 2062 1479 ac

482 1527 752 1591 procreat.
779 1518 965 1589 Neque
994 1518 1165 1582 enim,
1198 1533 1318 1588 qua:
1350 1518 1499 1571 illius
1531 1523 1615 1572 est
1642 1515 1881 1579 bonitas,
1920 1514 2061 1571 invi-

482 1612 572 1665 dia
602 1611 859 1681 tangitur,
899 1608 1341 1679 quandoquidem
1378 1607 1558 1678 ipsam
1588 1607 1642 1663 in
1680 1622 1739 1661 se
1762 1606 2060 1662 bonitatem

482 1703 881 1774 complectitur,
905 1717 1027 1772 quae
1054 1718 1141 1757 res
1167 1716 1273 1756 una
1295 1701 1505 1756 cazteri‘s
1530 1708 1751 1770 praestat
1778 1698 2059 1756 omnibus.

2156 508 2419 573 ’Ἕλλησι
2455 506 2708 576 Χριστὸς
2744 506 2892 561 Θεοῦ
2927 506 3199 575 δύναμις,
3230 505 3328 558 καὶ
3354 506 3501 559 Θεοῦ
3526 507 3741 575 σοφία.

2158 598 2287 651 Ὅτι
2321 598 2386 651 τό
2413 599 2613 667 μωρὸν
2644 598 2751 651 τοῦ
2782 596 2931 652 Θεοῦ
2977 596 3317 665 σοφώτερον
3359 596 3478 649 τῶν
3517 599 3748 665 ἀνθρὼ-

2157 704 2285 741 πων
2325 688 2478 751 ἐστὶ,
2511 689 2607 743 καὶ
2647 690 2711 742 τὸ
2748 690 3005 753 ἀσθενὲς
3030 690 3136 743 τοῦ
3171 690 3319 743 Θεοῦ
3355 691 3749 759 ἰσχυρότερον

2147 779 2276 832 ’τῶν
2313 779 2640 847 ἀνθρώπων
2665 781 2801 834 ἐστι
2824 798 2838 811 ο
2888 782 3003 843 πῶς
3034 776 3127 833 οὖν
3159 781 3259 833 οὐκ
3289 782 3354 835 ἀν
3385 798 3469 843 τις
3496 780 3582 832 τὸν
3622 781 3749 832 Ἀέ-

2158 886 2272 921 τιον
2306 870 2362 921 ὲν
2386 870 2500 933 τοῖς
2542 870 2816 933 Ἰουδαίοις
2855 870 2952 940 μὲν
2981 869 3069 923 διὰ
3094 870 3155 922 τὸ
3188 870 3481 923 σκάνδαλον
3508 868 3614 921 τῶν
3651 872 3750 921 αὑ·

2158 959 2250 1011 τοῦ
2284 959 2655 1029 συλλογισμῶν
2687 961 3097 1031 καταστήσειεν,
3134 950 3373 1030 Ἕλληνα
3394 961 3451 1013 δὲ
3475 960 3560 1012 διὰ
3586 961 3653 1013 τὸ
3683 963 3747 1012 ἐκ

2159 1051 2258 1119 τῆς
2306 1050 2443 1113 ἰδίας
2504 1051 2851 1121 ὲθελοσοφίας
2913 1052 3125 1122 μωρίαν
3183 1052 3431 1121 ἡγεῖσθαι
3494 1053 3588 1123 τὴν
3653 1054 3749 1106 τοῦ

2160 1143 2297 1196 Θεοῦ
2328 1142 2622 1215 ἀλήθειαν;
2675 1146 2786 1197 Καὶ
2830 1144 2938 1217 γὰρ
2980 1138 3061 1206 εἷς
3110 1144 3206 1197 καὶ
3256 1145 3519 1215 κρείττων
3560 1146 3746 1215 πάσης

2161 1236 2395 1298 κτίσεως
2438 1236 2533 1289 καί¹
2569 1237 2931 1307 δημιουργίας
2958 1238 2987 1289 ὁ
3016 1236 3239 1307 κτίστης
3283 1236 3379 1289 καὶ
3415 1236 3751 1308 δημιουργὸς

2161 1327 2269 1380 τῶν
2318 1328 2603 1381 ἁπάντωψ
2650 1326 2711 1380 οὐ
2757 1327 2909 1398 παρά
2946 1325 3124 1387 τοῦτο,
3174 1327 3257 1378 ὅτι
3306 1326 3426 1379 ἐστὶ
3479 1328 3747 1397 κρείττων

2162 1418 2268 1471 τῶν
2303 1419 2394 1471 ὑπ’
2426 1417 2591 1471 αὑτοῦ
2624 1418 3059 1489 γεγεννημένων,
3089 1417 3149 1469 οὐ
3181 1420 3325 1469 ποιεῖ
3358 1419 3452 1470 καὶ
3479 1418 3657 1481 κτίζει
3684 1419 3753 1470 τα

2164 1505 2252 1563 ὑπ’
2288 1509 2451 1563 αὐτοῦ
2498 1510 2777 1578 γεγονότα.
2810 1509 2944 1562 Οὐδὲ
2990 1508 3097 1579 γὰρ
3128 1508 3313 1577 φθονεί
3352 1511 3421 1579 τῇ
3469 1508 3575 1579 ἰδία
3611 1510 3751 1575 ἀγαο

2163 1598 2346 1673 θότητι
2368 1618 2381 1631 ·
2408 1601 2617 1655 οἴκοθεν
2645 1601 2753 1672 γὰρ
2795 1602 2907 1671 ἔχει
2937 1600 2997 1653 τὸ
3028 1601 3392 1668 αὐτοαγαθὸν,
3450 1602 3591 1671 ὅπερ
3628 1603 3752 1653 ἐστὶ

2165 1695 2388 1748 πάντων
2416 1697 2681 1766 κρεῖττον.
2716 1691 2855 1745 υῦτε
2883 1691 3152 1762 γὰρέῐσω
3184 1692 3369 1745 παθῶν
3412 1692 3749 1762 περιέχεται,

482 1760 668 1863 Neque
721 1760 1230 1859 perturbationibus
1263 1760 1546 1847 obnoxius
1566 1799 1670 1855 est,
1724 1792 1872 1845 velut
1920 1793 2061 1846 invi-

2170 1784 2432 1855 ἣφθόνου,
2519 1784 2835 1853 βασκανίας,
2858 1760 2975 1837 ’καί
3001 1784 3068 1836 τά
3084 1784 3212 1837 ὄντα
3243 1783 3301 1849 ἐξ
3322 1784 3422 1836 οὐκ
3634 1786 3752 1836 ἐτε-

480 1883 608 1946 ὀὶαξ.
635 1884 813 1948 livori,
840 1894 945 1939 etc.
971 1884 1150 1951 Quare
1171 1897 1509 1953 quaecunque
1529 1883 1748 1938 demum
1768 1882 2058 1947 exsistunt,

483 1990 515 2029 e
557 1974 729 2029 nihilo
768 1972 1018 2043 perfecit.
1057 1971 1191 2026 Nam
1225 1989 1347 2042 qua:
1380 1972 1450 2027 ab
1492 1972 1612 2042 ipso
1651 1972 1871 2027 condita
1910 1979 2060 2036 sunt,

484 2083 714 2137 quaque
736 2066 1153 2136 incomparabili
1174 2064 1295 2135 ejus
1315 2065 1603 2120 divinitate
1625 2064 1781 2133 longe
1804 2064 2063 2118 inferiora

486 2166 637 2223 sunt,
674 2173 781 2211 non
830 2156 1095 2213 adversus
1135 2156 1312 2225 ipsum
1361 2156 1662 2227 excogitata
1702 2154 1943 2219 fuerunt,
1968 2154 2065 2210 sed

488 2250 553 2301 aJ
609 2249 730 2316 ejus
762 2248 1024 2301 honorem
1057 2261 1121 2300 ac
1152 2246 1401 2316 gloriam,
1432 2253 1490 2299 ut
1512 2240 1860 2317 magnificam
1892 2258 1947 2301 et
1978 2248 2065 2299 in-

489 2338 647 2393 vidia:
696 2347 972 2408 expertem
1024 2338 1169 2393 illius
1222 2337 1560 2391 divinitatem
1619 2337 1882 2393 indicent.
1932 2337 2066 2403 Quae

491 2431 709 2499 quidem
757 2431 985 2499 ipsumet
1038 2437 1119 2483 est
1173 2429 1419 2493 bonitas,
1457 2436 1511 2482 et
1559 2428 1894 2493 substantia,
1945 2445 2067 2499 qua:

490 2536 613 2574 cum
647 2520 712 2574 iis
752 2521 939 2583 rebus,
974 2536 1112 2590 quas
1152 2536 1183 2574 e
1226 2521 1399 2575 nihilo
1425 2519 1647 2581 creavit.
1690 2533 1789 2574 sua
1819 2535 2067 2574 commu-

492 2610 660 2674 nicat,
690 2610 1018 2680 easdemque
1040 2618 1094 2665 et
1119 2626 1240 2666 esse
1261 2611 1396 2673 vult,
1426 2620 1481 2666 et
1504 2624 1940 2681 unamquamque
1970 2626 2069 2681 pro

490 2707 701 2754 naturae
738 2715 851 2754 sua:
882 2700 1200 2755 conditione
1248 2717 1470 2757 suorum
1518 2702 1907 2757 beneﬁciorum
1947 2718 2070 2758 esse

490 2790 833 2861 participem.
865 2789 1019 2846 Unde
1042 2801 1097 2846 et
1125 2792 1399 2848 sideribus
1430 2792 1607 2847 lucem
1630 2794 1937 2864 imper-titus
1962 2805 2067 2861 est,

490 2894 544 2933 et
578 2882 718 2935 cmlo
771 2880 1154 2950 descriptionis
1203 2879 1523 2953 ordinisque
1568 2880 2066 2950 pulchritudinem,

2164 1876 2569 1948 λεσιούργησεν.
2600 1878 2674 1930 Οὐ
2701 1875 2808 1947 γὰρ
2843 1876 2937 1929 ὑπ’
2979 1875 3145 1929 αὐτοῦ
3167 1876 3445 1943 γεγονότα,
3478 1876 3752 1947 ὑποϐεϐη-

2165 1968 2297 2023 κότα
2313 1967 2370 2021 δὲ
2388 1967 2484 2039 τὴν
2502 1967 2664 2022 αὑτοῦ
2688 1968 3014 2038 ἀσύγκριτον
3043 1968 3293 2038 θεότητα,
3313 1968 3376 2019 οὐ
3408 1966 3535 2022 καθ’
3552 1968 3747 2021 ἑαυτοῦ

2165 2058 2433 2130 ἐπενοήθη
2463 2058 2533 2112 τὰ
2573 2060 2665 2112 ὑπ’
2686 2059 2851 2112 αὑτοῦ
2881 2060 3189 2123 κτισθέντα,
3213 2059 3325 2112 ἀλλ’
3360 2062 3441 2121 είς
3466 2059 3634 2124 δόξαν
3658 2062 3752 2115 αὑ-

2166 2151 2281 2217 τοῦ,
2314 2151 2452 2221 πρὸς
2509 2150 2568 2203 τὸ
2612 2149 2782 2215 δείξαι
2827 2152 2925 2221 τὴν
2980 2150 3207 2219 ἄφθονον
3266 2150 3429 2204 αὐτοῦ
3485 2146 3749 2221 θεότητα·

2166 2241 2570 2312 αὑτοαγαθότης
2620 2236 2755 2294 οὖσα
2813 2242 2908 2295 καὶ
2968 2242 3257 2295 αὐτοουσία
3323 2242 3756 2295 ὲπικοινωνοῦσα

2166 2335 2277 2396 τοῖς
2306 2332 2364 2398 ἐξ
2412 2330 2577 2385 αὐτοῦ
2612 2332 2671 2398 ἐξ
2700 2332 2802 2385 οὐκ
2846 2332 3014 2385 ὅντων
3047 2332 3331 2393 κτισθεῖσι,
3358 2333 3420 2385 τὸ
3449 2328 3594 2386 εἶναι
3620 2336 3758 2388 αὐτὰ

2168 2422 2419 2493 θελήσας,
2452 2424 2546 2477 καὶ
2571 2424 2817 2494 μετέχειν
2850 2426 2950 2495 τῆς
2978 2416 3143 2478 αὐτοῦ
3168 2425 3398 2477 ἕκαστον
3430 2426 3544 2478 τῶν
3575 2443 3759 2479 κεκτι·

2171 2514 2384 2584 σμένων
2421 2512 2561 2567 κατά
2597 2512 2694 2583 τὴν
2722 2513 3011 2582 ἀναλογίαν
3041 2515 3249 2586 δωρεᾶς
3290 2514 3533 2585 ἑκάστης
3564 2516 3755 2571 ὑποθέ-

2171 2614 2308 2661 σεως
2327 2614 2341 2627 ο
2385 2599 2668 2670 φωστῆρσι
2710 2601 2808 2671 μὲν
2836 2601 2897 2653 τὸ
2927 2600 3043 2668 φῶς
3070 2603 3411 2675 κεχάρισται,
3454 2605 3678 2677 οὐρανῷ
3704 2606 3757 2658 δὲ

2168 2690 2237 2745 τὰ
2281 2689 2456 2761 κάλλη
2490 2692 2589 2762 τῆς
2631 2692 3066 2764 διακοσμήσεως,
3097 2697 3169 2765 γῇ
3201 2711 3260 2747 τε
3307 2696 3399 2749 καὶ
3428 2698 3549 2761 τοῖς
3580 2696 3756 2760 ἄλλοις

2169 2783 2313 2837 κατά
2374 2784 2436 2837 τὸ
2472 2783 2639 2837 αὐτοῦ
2696 2782 2940 2856 βούλημα
2994 2784 3132 2856 μέρη
3193 2784 3396 2857 ἀρετῆς
3438 2787 3756 2857 ἐχαρίσατο,

2170 2874 2421 2943 ἀγγέλοις
2446 2893 2505 2929 τε
2537 2876 2597 2929 τὸ
2622 2876 2805 2930 δοῦναι
2838 2877 3019 2940 αὐτοῖς
3057 2877 3383 2948 ἀφθαρσίαν,
3428 2881 3529 2932 καὶ
3573 2879 3757 2941 ἄλλαις

491 2970 545 3017 et
575 2971 751 3024 terrae,
782 2964 1124 3033 ceterisque.
1156 2977 1255 3033 pro
1282 2978 1368 3029 eo,
1400 2978 1464 3018 ac
1500 2964 1690 3025 voluit,
1732 2973 1941 3035 partem
1970 2964 2066 3018 ali-

2172 2963 2357 3031 ἁγίαις
2408 2964 2733 3036 δυνάμεσιν,
2792 2964 3062 3038 ἀνθρώπῳ
3127 2985 3186 3020 τε
3248 2966 3311 3020 τὸ
3376 2968 3475 3039 τῆς
3553 2971 3758 3031 εἰκόνος

492 3061 657 3118 quam
690 3048 905 3102 virtutis
930 3047 1209 3113 attribuit;
1244 3058 1298 3102 et
1334 3048 1565 3118 angelis,
1599 3063 1664 3102 ac
1693 3047 1919 3116 reliquis
1942 3061 2066 3102 san-

2173 3051 2410 3123 ἀξίωμα,
2453 3055 2546 3108 καὶ
2595 3056 2762 3127 ζωῆς,
2797 3055 2887 3110 καὶ
2924 3056 3198 3124 γνώσεως,
3249 3056 3344 3109 καὶ
3393 3057 3623 3126 λογικοῦ
3667 3076 3758 3129 χα-

492 3137 597 3191 ctis
618 3136 891 3191 mentibus
912 3136 1373 3191 immortalitatem
1396 3138 1700 3202 concessit;
1722 3144 1776 3192 et
1794 3136 2066 3192 hominem

2178 3142 2441 3215 ρίσματος
2487 3144 2678 3215 δῶρον.
2736 3147 2845 3199 Καὶ
2901 3146 3000 3199 οὐκ
3051 3147 3159 3200 ἀπὸ
3212 3145 3552 3219 βουλήματος
3605 3151 3758 3221 μόνον

494 3230 730 3298 denique
762 3228 1015 3298 imaginis
1043 3226 1330 3298 dignitate,
1363 3230 1492 3287 vita,
1525 3228 1777 3292 scientia,
1809 3243 1872 3283 ac
1899 3229 2066 3285 ratio-

2176 3232 2419 3304 ὑπῆρξεν
2444 3235 2593 3305 αὐτῷ
2630 3235 2807 3299 τοῦτο,
2837 3236 2912 3299 ὡς
2938 3236 3004 3290 ἂν
3040 3236 3181 3289 εἴποι
3208 3254 3291 3301 τις
3323 3240 3687 3311 μελλητικῶς,
3725 3243 3755 3311 ἢ

494 3321 583 3375 nis
610 3319 830 3390 proprio
872 3333 1095 3373 munere
1128 3317 1370 3372 donavit.
1424 3318 1579 3384 Quod
1621 3318 1839 3388 quidem
1889 3320 2066 3391 ipsum

2174 3323 2318 3377 κατά
2341 3325 2530 3395 μέλλον
2558 3328 2601 3391 ',
2624 3325 2656 3397 ἥ
2686 3327 3140 3397 συμϐουλευτικὸν
3161 3330 3437 3400 λογισμὸν,
3454 3332 3602 3384 ἀλλὰ
3626 3333 3759 3386 κατά

496 3430 604 3468 non
638 3414 784 3468 illius
812 3412 869 3467 in
900 3412 1016 3468 sola
1036 3411 1315 3467 voluntate
1345 3411 1581 3481 positum
1616 3412 1736 3480 fuit,
1766 3413 1921 3482 quasi
1942 3428 2066 3468 cuu-

2172 3417 2235 3468 τὸ
2256 3416 2610 3484 αὐτοαγαθόν.
2634 3418 2849 3486 Πέφυκε
2866 3418 2975 3494 γὰρ
3004 3419 3339 3490 αὐτοαγαθὸν
3362 3422 3381 3453 ³
3402 3424 3757 3495 συμπρεπόν-

495 3505 714 3569 ctando,
760 3515 813 3560 et
856 3506 911 3559 in
962 3503 1205 3559 futurum
1247 3504 1622 3569 deliberando,
1674 3515 1730 3560 ut
1752 3505 1829 3560 ita
1868 3505 2066 3571 dicam,

2180 3523 2290 3571 τως
2306 3507 2455 3579 αὑτῷ
2471 3507 2541 3562 τὰ
2563 3509 2739 3562 πάντα
2756 3510 2915 3582 ἔχων,
2934 3513 3026 3565 καὶ
3042 3510 3231 3576 ποιῶν,
3254 3513 3349 3567 κα)⁹
3366 3514 3577 3583 ἐργαζό
3584 3532 3736 3586 μενος

499 3598 643 3668 apud
682 3614 741 3655 se
771 3607 1059 3657 tracutret:
1122 3597 1216 3654 sed
1276 3611 1375 3665 pro
1420 3600 1670 3666 ipsemet,
1702 3611 1824 3667 qua:
1855 3598 1911 3652 in
1960 3597 2055 3652 illo
2111 3606 2219 3665 est,
2254 3599 2497 3655 bonitate
2566 3602 2794 3671 perfecit
2853 3620 2867 3656 :
2916 3604 3071 3673 cujus
3142 3604 3243 3658 hoc
3302 3606 3585 3673 proprium
3648 3613 3754 3665 est.

499 3698 557 3742 ut
582 3698 945 3759 congruenter
996 3688 1098 3743 sibi
1138 3687 1445 3749 contineat,
1490 3684 1687 3740 efﬁciat
1732 3700 1798 3739 ac
1822 3686 2078 3742 moliatur
2102 3685 2309 3742 omnia.

567 3778 1036 3847 Quemadmodum
1074 3778 1240 3848 igitur
1264 3778 1412 3845 quod
1447 3776 1653 3831 dictum
1685 3784 1793 3843 est,
1821 3777 1956 3833 nihil
2002 3780 2066 3834 in«

2250 3780 2459 3852 ’Ὠσπερ
2478 3778 2571 3835 οὖν
2586 3784 2651 3853 τῇ
2669 3783 2833 3837 αὑτοῦ
2848 3783 3252 3853 ἁγαθότητιούκ
3268 3785 3582 3855 ἀπρέπειαν
3611 3786 3754 3839 τοῦτο

499 3872 721 3940 dignum
769 3878 865 3924 aut
922 3870 1182 3924 indecens
1234 3867 1461 3923 bonitati
1507 3867 1626 3936 ejus
1672 3869 1927 3938 aspersit,
1978 3870 2066 3925 sed

2176 3873 2618 3942 περιεποιήσατο,
2653 3873 2789 3926 ἀλλά
2810 3873 2986 3938 δόξαν,
3003 3873 3099 3926 καὶ
3124 3873 3323 3941 γνῶσιν
3348 3873 3576 3926 ἐπαίνου
3594 3874 3750 3944 ἀφθο-

490 3963 750 4031 gloriam,
786 3977 850 4017 ac
879 3976 1004 4016 cum
1027 3960 1416 4030 praedicatione
1438 3959 1787 4029 conjunctam
1807 3962 2066 4033 largitatis

2176 3961 2294 4024 νίας
2316 3965 2429 4025 τοῖς
2462 3963 2552 4016 ὑπ’
2576 3963 2741 4017 αὐτοῦ
2754 3966 3053 4032 γεγονόσιν,
3073 3966 3152 4027 εἰς
3173 3965 3378 4035 εἴδησιν
3394 3966 3486 4019 καὶ
3504 3967 3749 4037 αἴσθησιν

500 4067 614 4108 suae
645 4052 891 4106 notitiam
930 4051 1158 4120 peperit,
1194 4050 1283 4104 ubi
1326 4048 1391 4103 ad
1431 4065 1621 4105 eorum
1662 4062 1803 4121 quos
1831 4050 2066 4106 condidit

2180 4052 2350 4105 ἐλθών
2374 4052 2396 4083 ⁸
2417 4070 2431 4084 ·
2464 4052 2605 4106 οὕτω
2636 4055 2731 4107 καὶ
2760 4054 2885 4118 δόξα
2933 4056 3101 4116 ἐστὶν,
3135 4056 3196 4108 οὐ
3248 4057 3632 4129 προσληπτικὴ
3659 4059 3747 4128 τῆς

498 4146 867 4217 cognitionem
908 4156 1241 4214 sensumque
1268 4144 1513 4215 pervenit
1542 4162 1556 4199 :
1586 4144 1661 4198 ita
1688 4152 1743 4199 et
1773 4159 1987 4199 summa
2018 4145 2066 4199 in

2175 4141 2338 4195 αὑτοῦ
2392 4142 2640 4213 θεότητος
2676 4144 2757 4213 (οὐ
2786 4146 2895 4216 γάρ
2922 4160 3051 4197 ποτε
3074 4146 3300 4199 ἐνδείται
3322 4146 3386 4200 τὸ
3409 4147 3572 4202 Θεῖον
3595 4163 3748 4219 προσ-

498 4250 566 4290 eo
609 4235 913 4291 divinitatis
947 4235 1120 4306 gloria
1156 4241 1259 4299 est,
1294 4249 1403 4289 non
1434 4234 1526 4289 illa
1552 4234 1771 4305 quidem
1801 4234 2066 4290 extrinse-

2183 4232 2354 4305 θήκης
2392 4234 2568 4304 δόξης,
2598 4235 2735 4288 ἀλλὰ
2755 4236 3031 4300 αὐτοδόξα,
3054 4237 3149 4290 καὶ
3188 4239 3507 4309 αὐτοαρετὴ,
3547 4241 3639 4293 καὶ
3662 4240 3746 4291 αὖ.

500 4340 600 4381 cus
636 4326 806 4381 ascita
840 4326 978 4393 (nec
1000 4324 1146 4379 enim
1175 4323 1418 4379 divinum
1464 4340 1666 4379 numen
1703 4324 2066 4381 accessionem

2180 4325 2446 4396 τοθαῦμα,
2491 4328 2583 4379 καὶ
2621 4328 3119 4399 αὐτοῡμνηγορία),
3146 4328 3209 4381 τὸ
3236 4329 3327 4382 τὸν
3372 4330 3595 4401 Πατέρα
3637 4346 3746 4397 γεν-

503 4418 668 4473 ullam
695 4417 924 4486 requirit
947 4434 959 4469 :
979 4417 1179 4486 quippe
1198 4430 1321 4469 cum
1349 4416 1577 4485 ipsemet
1599 4416 1769 4485 gloria
1791 4416 1882 4479 sit,
1901 4416 2076 4471 virtus

501 4506 642 4575 ipsa,
676 4504 1072 4559 admirabilitas
1097 4504 1236 4573 ipsa,
1284 4505 1400 4573 ipsa
1434 4504 1807 4573 praedicatio);
1836 4505 1962 4567 hoc,
1992 4505 2078 4558 in-

502 4611 693 4665 quam,
713 4596 767 4649 in
785 4595 931 4648 illius
949 4594 1177 4664 gloriam
1192 4594 1356 4658 cedit,
1379 4594 1523 4664 quod
1547 4593 1708 4649 Pater
1727 4595 1842 4663 ipse
1858 4602 2077 4663 generet

504 4702 537 4741 a
559 4686 710 4740 nullo
735 4686 972 4755 genitus,
1011 4691 1072 4737 ut
1105 4699 1170 4738 ex
1199 4686 1422 4754 perenni
1469 4683 1617 4739 fonte
1648 4684 1901 4754 perennis
1926 4700 2080 4754 seque

504 4778 629 4831 lous
656 4784 890 4838 emanet,
920 4789 1044 4828 cum
1070 4774 1209 4844 ipso,
1232 4782 1286 4827 et
1310 4789 1376 4827 ex
1404 4774 1555 4841 ipso;
1586 4789 1618 4828 e
1644 4774 1811 4837 fonte,
1835 4774 2077 4843 inquam,

507 4868 629 4923 fons
658 4868 949 4929 exsisteus,
976 4864 1119 4921 Deus
1142 4881 1208 4920 ex
1236 4864 1369 4928 Deo,
1409 4865 1587 4918 lumen
1618 4862 1685 4918 de
1720 4864 1958 4925 lumine;
1986 4864 2077 4933 qui

503 4963 623 5017 sine
656 4961 765 5015 ullo
794 4958 949 5014 initio
971 4973 1184 5027 semper
1216 4956 1335 5020 fuit,
1368 4972 1475 5010 nou
1502 4957 1780 5025 subjectus
1809 4957 2037 5025 tempori
2062 4975 2077 5011 :

505 5053 642 5108 adeo
673 5059 732 5106 ut
758 5061 813 5107 et
854 5050 1068 5106 Patrem
1098 5048 1268 5104 Filius
1294 5049 1347 5102 in
1381 5064 1441 5103 se
1470 5063 1593 5103 vere
1624 5049 1695 5103 sit
1735 5048 2077 5117 complexus,

506 5156 560 5200 et
605 5143 767 5199 Pater
796 5142 1012 5205 Filium,
1049 5142 1143 5211 qui
1175 5156 1274 5195 nec
1304 5141 1399 5194 illo
1439 5140 1691 5210 indiguus
1718 5146 1822 5203 est,
1866 5154 1965 5193 nec
1997 5140 2081 5193 in-

506 5236 855 5307 comparabili
915 5235 1035 5303 ejus
1088 5232 1422 5288 excellentiae
1479 5231 1773 5300 quidquam
1820 5229 2076 5284 detrahit.

509 5329 788 5398 Siquidem
830 5342 937 5381 non
988 5339 1251 5395 corporea
1297 5323 1463 5395 960
1499 5322 1744 5391 quaedam
1791 5322 2080 5377 distractio

509 5420 686 5472 locum
731 5417 839 5470 illic
870 5416 1051 5476 habet,
1082 5414 1176 5469 sed
1212 5412 1449 5469 Verbum
1501 5412 1831 5477 subsistens,
1871 5411 2013 5466 Deus
2050 5428 2077 5464 a

507 5508 668 5564 Patre
701 5508 1019 5577 procedens,
1055 5506 1278 5577 spiritus
1325 5521 1355 5559 a
1397 5506 1615 5576 spiritu,
1653 5506 1795 5561 Deus
1834 5520 1900 5559 ex
1947 5504 2077 5567 Deo,

583 5662 648 5717 ⁸1
679 5661 802 5717 Cor.
838 5678 873 5727 ι,
898 5662 968 5717 25
989 5677 1109 5731 sqq.

1186 5664 1203 5692 ’
1238 5678 1322 5728 rp.
1356 5660 1681 5729 κατάμελον.
1759 5660 1778 5690 ³
1810 5657 1869 5711 F.
1905 5659 2264 5727 αὖτοαγαθός.

2180 4417 2359 4486 νῆσαι,
2396 4418 2443 4469 εί
2478 4419 2569 4469 καὶ
2613 4418 2771 4479 αὐτὸς
2812 4420 2871 4470 οὐ
2922 4418 3266 4488 γεγέννηται,
3319 4420 3405 4473 ἵνα
3452 4420 3517 4472 ὲκ
3576 4418 3744 4489 πηγῆς

2180 4508 2266 4560 ἀεὶ
2296 4506 2463 4577 οὔσης
2516 4508 2687 4571 ἀΐδιος
2732 4510 2881 4579 πηγὴ
2922 4510 3281 4580 συνυπάρχων
3319 4512 3377 4576 ἐξ
3425 4511 3596 4564 αὐτοῦ
3623 4507 3741 4563 οὖσα

2181 4598 2333 4668 πηγὴ
2363 4600 2427 4650 ὲκ
2458 4599 2662 4668 πηγῆς,
2701 4600 2793 4652 καὶ
2825 4600 2956 4662 Θεὸς
2988 4602 3053 4653 ὲκ
3088 4600 3245 4665 Θεοῦ,
3281 4602 3373 4655 καὶ
3397 4603 3510 4670 φῶς
3545 4604 3612 4655 ἐκ
3641 4620 3740 4668 σω-

2179 4687 2292 4750 τὸς,
2327 4690 2425 4741 οὐκ
2471 4687 2776 4758 ἀρξάμενος
2808 4689 2901 4741 τοῦ
2945 4684 3105 4748 εἶναι,
3133 4692 3193 4743 οὺ
3236 4694 3411 4762 χρόνῳ
3445 4692 3739 4751 ὑποπεσὼν,

2183 4777 2297 4829 ἀλλ’
2331 4778 2448 4847 ἅμα
2481 4779 2701 4847 Πατέρα
2734 4778 2873 4848 ἔχων
2918 4780 3209 4849 ἀληθινῶς,
3242 4783 3338 4835 καὶ
3366 4782 3481 4852 ἅμα
3519 4785 3614 4836 τὸν
3642 4783 3741 4835 [Ια-

2180 4868 2315 4937 τέρα
2347 4868 2475 4922 Υἰὸν
2506 4868 2698 4937 ἔχοντα
2729 4869 3017 4939 ἀληθινῶς,
3044 4871 3142 4924 οὐκ
3183 4872 3605 4943 ἀποπρεποῦντα
3639 4873 3737 4925 Πα-

2179 4960 2287 5028 τρὶ,
2314 4959 2375 5011 οὐ
2404 4958 2463 5011 τὸ
2488 4958 2819 5031 ἀσύγκριτον
2842 4962 3188 5030 ἀφανίζοντα.
3213 4964 3287 5015 Οὐ
3307 4964 3414 5034 γάρ
3440 4966 3556 5018 ἐστι
3578 4979 3740 5033 σωμα-

2180 5048 2306 5117 τική
2336 5064 2420 5110 τις
2444 5047 2718 5119 διαστολὴ,
2748 5049 2884 5102 ἀλλά
2925 5050 3095 5117 Λόγος
3125 5051 3505 5119 ἑνυπόστατος,
3534 5053 3660 5114 Θεὸς
3683 5054 3735 5101 ἐκ

2184 5139 2394 5209 Πατρὸς
2419 5138 2515 5202 ὢν,
2541 5139 2759 5209 πνεῦμα
2786 5142 2849 5193 ὲκ
2875 5140 3201 5211 πνεύματος,
3234 5144 3325 5196 καὶ
3348 5143 3478 5207 Θεὸς
3503 5147 3569 5197 ὲκ
3594 5142 3736 5197 Θεοῦ.

2184 5230 2488 5285 ἀποκλείων
2521 5233 2700 5285 πᾶσαν
2732 5232 3143 5303 συλλογιστικὴν
3187 5235 3458 5296 ὑπόνοιαν,
3494 5237 3574 5298 εἰς
3608 5232 3734 5301 ζωὴν

2185 5322 2260 5374 ὢν
2291 5326 2520 5387 πιστοῖς,
2556 5326 2649 5377 καὶ
2678 5326 2819 5388 ὅλοις
2844 5328 2955 5388 τοῖς
2982 5325 3088 5378 ὑπὸ
3112 5325 3204 5378 τοῦ
3235 5327 3442 5397 Πατρὶς
3492 5327 3557 5379 δι’
3589 5323 3731 5378 αὑτοῦ

2187 5416 2281 5467 καὶ
2315 5416 2409 5467 ἀπ’
2439 5416 2606 5469 αὑτοῦ
2635 5417 2905 5485 γεγονόσι,
2937 5420 3048 5481 τοῖς
3099 5418 3427 5480 πιστεύουσι,
3461 5420 3554 5471 καὶ
3589 5416 3729 5484 γινώ-

2188 5524 2396 5570 σκουσι,
2436 5507 2531 5559 καὶ
2562 5507 2636 5578 μὴ
2674 5509 2887 5579 μωρίαν
2920 5508 3242 5578 ἡγουμένοις
3287 5509 3421 5562 Θεοῦ
3466 5510 3563 5579 τὴν
3589 5506 3731 5560 δύνα-

2341 5662 2361 5693 ¹⁵
2392 5660 2428 5713 F
2438 5701 2450 5711 .
2478 5660 2653 5716 ἐλθόν.
