3790 6212
194 299 286 355 589
803 293 1174 350 ADVERSUS
1216 287 1571 351 HA‘JBESES'
1591 295 1719 351 LIB.
1759 295 1846 352 Ill.
1881 296 2044 355 TOM.
2084 299 2124 353 Ι.
2156 332 2224 340 -
2249 299 2523 360 HASRES.
2563 302 2789 360 LXXVI.

3329 310 3437 366 590

195 431 296 486 μιν,
328 411 416 464 καὶ
440 411 574 464 Θεοῦ
599 414 697 484 τὴν
722 414 934 483 σοφίαν,
957 413 1057 484 τὴν
1083 415 1516 486 ὑπερϐαίνουσαν
1545 419 1744 483 συνεξέ-

1859 436 2048 478 omnes
2084 423 2519 493 syllogismorum
2548 428 2792 495 argutias
2817 428 3137 493 cxcludeus,
3166 444 3230 485 ac
3258 429 3436 486 ﬁdeli-

191 521 333 558 τασιν
361 502 380 534 ¹
409 502 502 556 καὶ
539 504 718 558 πάντα
759 505 1040 573 λογισμὸν,
1092 505 1328 577 μάλιστα
1373 508 1631 579 φθαρτῶν
1658 512 1752 565 ἀν-

189 594 426 667 θρώπων,
454 593 530 658 ὡς
552 594 649 649 καὶ
671 594 836 660 αὐτὸς
868 595 1074 661 Ἀέτιος
1098 599 1247 653 ἄκων
1275 592 1644 672 ὡμολόγησεν.

1862 513 1965 569 bus
1995 515 2157 567 vitam
2189 515 2514 579 concilians,
2552 517 2952 591 universisque,
2987 537 3126 592 quos
3152 520 3314 576 Pater
3339 536 3439 593 per

1858 606 2056 676 ipsum,
2091 616 2145 663 et
2185 611 2256 664 ab
2283 609 2403 680 ipso
2436 611 2714 682 produxit.
2743 611 2849 668 fide
2884 614 3141 670 nimirum
3181 624 3236 671 et
3256 617 3445 688 cogni-

189 688 326 739 tione
377 685 637 754 pmditis,
691 685 788 756 qui
847 684 943 743 Dei
1003 688 1112 742 vim
1170 703 1235 745 ac
1274 691 1622 760 sapientiam,
1649 710 1770 765 qua:
1798 696 2211 768 inquisitionem
2273 715 2488 756 omnem
2547 715 2610 757 ac
2671 703 2935 759 rationem
2996 684 3436 776 corruptibilium

186 777 470 846 prarsertim
496 778 777 834 hominum
800 788 1042 851 superat,
1073 794 1131 836 ut
1157 783 1240 838 vel
1270 784 1474 841 invitus
1496 786 1613 858 ipse
1630 789 1924 848 confitetur
1953 793 2165 860 Aetius,
2200 797 2446 853 stultitiae
2472 813 2584 853 non
2617 798 2922 854 ascribunt.

546 937 942 990 ΚΕΦΑΛΑΙΟΝ
979 938 1235 992 ΑΕΤΙΟΥ
1271 939 1354 992 10’
1359 981 1372 994 .

248 1050 308 1103 Εἰ
339 1050 642 1121 στερήσεώς
669 1052 784 1104 ἐστι
819 1050 1114 1123 δηλωτικὸν
1147 1053 1239 1105 ἐπὶ
1270 1052 1404 1106 Θεοῦ
1429 1054 1492 1106 τὸ
1513 1055 1747 1126 ἀγέννηο

189 1158 286 1202 τον,
333 1141 494 1211 μηδὲν
543 1141 600 1194 δὲ
652 1141 736 1212 εἴη
785 1141 846 1194 τὺ
907 1143 1202 1213 ἀγέννητον
1229 1160 1242 1174 ·
1276 1147 1427 1208 ποῖος
1473 1144 1630 1213 λόγος
1682 1145 1749 1200 ἂν

186 1232 492 1304 ἀφαιρήσειε
512 1232 606 1287 τοῦ
629 1233 702 1304 μὴ
731 1232 883 1297 ὄντος
910 1233 972 1286 τὸ
998 1234 1196 1305 μηδέν;
1222 1235 1360 1289 Εῑδέ
1383 1235 1444 1291 δν
1471 1237 1748 1308 σημαίνει,

188 1323 259 1387 τίς
278 1323 341 1376 ἂν
372 1325 572 1395 όρίσειε
631 1325 784 1389 ὄντος
811 1324 949 1378 Θεοῦ
980 1327 1116 1398 ὅπερ
1149 1327 1297 1379 ἐστὶν
1328 1328 1491 1392 αὐτὸς
1515 1329 1742 1395 ἐαυτοῦς

727 1572 1047 1641 Ἀνατροπὴ
1081 1576 1193 1628 18'.

2337 949 2521 1006 AETll
2559 950 2792 1007 CAPUT
2833 951 2972 1007 XIX.

1928 1063 1985 1118 Si
2034 1064 2256 1134 iugeniti
2305 1079 2407 1120 vox
2456 1065 2818 1136 privationem
2865 1067 2919 1120 in
2973 1067 3082 1123 Deo
3134 1069 3435 1140 significat,

1854 1157 2098 1229 nihilque
2126 1159 2286 1229 plane
2313 1158 2384 1214 sit
2413 1160 2710 1231 ingenitum
2728 1201 2742 1225 ,
2790 1176 3040 1230 quaenam
3075 1163 3218 1216 ratio
3248 1163 3318 1219 ab
3343 1180 3433 1228 eo,

1853 1249 1998 1320 quod
2033 1263 2142 1302 non
2189 1257 2294 1314 est,
2338 1249 2476 1303 nihil
2512 1250 2684 1320 possit
2730 1249 2984 1308 auferre?
3015 1251 3112 1307 Sin
3161 1254 3435 1312 essistens

1853 1339 2129 1412 quidpiam
2160 1350 2339 1404 sonat,
2374 1340 2498 1410 quis
2528 1339 2596 1395 ab
2621 1355 2686 1395 eo
2715 1342 2857 1411 quod
2893 1350 2998 1406 est,
3027 1343 3263 1412 idipsum
3285 1344 3436 1416 quod

1852 1449 1961 1495 εει,
1988 1434 2091 1487 hoc
2126 1439 2212 1487 est
2236 1431 2436 1502 ipsum,
2457 1449 2487 1488 a
2506 1433 2801 1502 semetipso
2834 1434 3118 1489 secernat?

2389 1565 2701 1638 Confutazio
2742 1565 2902 1622 XIX.

243 1682 317 1734 A'.
335 1681 414 1734 Τὰ
432 1683 572 1735 κατὰ
597 1683 853 1755 στέῃσιν
877 1685 1149 1756 λεγόμενα
1185 1685 1336 1758 παρὰ
1362 1690 1473 1750 τοῖς
1495 1685 1599 1752 ἔξω
1630 1688 1743 1741 δια-

1923 1683 1964 1737 l.
2004 1681 2138 1748 Quae
2161 1682 2425 1751 privantia
2453 1698 2484 1736 a
2515 1682 2765 1739 dialectis
2805 1685 3191 1747 nominantur,
3228 1687 3283 1740 in
3314 1701 3432 1743 me-

184 1770 444 1835 λεκτικοῖς
477 1773 632 1842 φέρει
657 1774 789 1844 ἡμῖν
831 1773 1052 1840 ’Δέτιος,
1085 1775 1161 1839 ὡς
1191 1776 1286 1828 ἐπὶ
1323 1775 1458 1829 Θεοῦ
1489 1777 1748 1848 είδήσεως

185 1863 271 1915 καὶ
295 1861 561 1931 ὠφελείας
580 1862 736 1917 τοῦτο
755 1863 1132 1936 διαλαμϐάνων
1149 1883 1162 1897 ·
1191 1866 1464 1937 πρότερον
1477 1867 1748 1939 ἀγνοήσας

181 1953 266 2005 ἐπὶ
295 1953 403 2006 τίσι
433 1953 587 2024 παρὰ
622 1957 737 2018 τοῖς
770 1954 876 2020 ἔξω
918 1957 981 2009 τὸ
1023 1957 1344 2028 στερητικὸν
1386 1957 1744 2028 λαμϐάνεται.

182 2043 250 2094 υύ
275 2041 382 2114 γὰρ
411 2043 563 2115 παρά
585 2045 752 2098 πᾶσιν
779 2044 1087 2116 ἐνδέχεσθαι
1113 2046 1176 2100 τὸ
1201 2047 1344 2101 κατά
1370 2047 1632 2119 στέρησιν
1659 2047 1750 2100 λέ-

184 2134 361 2204 γεσθαι
400 2133 679 2204 βούλονται
705 2137 754 2190 oi
790 2135 901 2191 τῶν
938 2136 1295 2192 διαλεκτικῶν
1322 2137 1490 2207 λόγοι,
1525 2138 1640 2192 ἀλλ’
1671 2139 1748 2202 ὡς

183 2227 268 2280 ἐπὶ
288 2230 398 2290 τοῖς
423 2227 568 2282 κατὰ
593 2227 756 2298 φύσιν
776 2246 828 2282 τι
852 2228 1233 2300 κεκτημένοις.
1265 2229 1486 2293 Τούτοις
1515 2229 1625 2302 γὰρ
1653 2230 1748 2284 ἐπὶ

185 2318 426 2372 τάναντία
459 2319 846 2392 ἐνδεχομέναις,
876 2320 1126 2376 ῐστασθαι
1148 2319 1258 2374 τῶν
1286 2321 1427 2374 κατὰ
1457 2320 1618 2390 φύσιν
1648 2322 1746 2374 αὐ-

182 2412 285 2473 τοῖς
311 2410 688 2482 ὑπαρχόντων,
723 2411 786 2465 τὸ
814 2411 956 2467 κατά
986 2411 1242 2484 στέρησιν
1273 2411 1488 2481 λέγεται
1507 2429 1522 2444 ο
1565 2413 1657 2466 ἐπὶ
1689 2413 1746 2466 δὲ

183 2499 280 2552 τῶν
311 2498 382 2572 μὴ
411 2501 779 2572 ἐνδεχομένων
803 2501 1008 2556 οὐκέτι.
1046 2496 1173 2556 οἷον
1202 2499 1265 2554 τὸ
1303 2500 1505 2570 τυφλὸς
1530 2501 1624 2554 ἐπὶ⁵
1651 2500 1746 2554 τοῦ

183 2589 317 2644 λίθου
339 2592 440 2645 οὐκ
465 2590 533 2646 ἂν
575 2593 723 2646 εἴποι
751 2609 857 2656 τις.
895 2593 955 2646 '0
991 2591 1102 2664 γὰρ
1143 2591 1404 2662 πεφυκὼς
1439 2594 1593 2664 όρᾷν,
1627 2587 1750 2647 εἶτα

181 2679 459 2734 ἀποσαλὼν
490 2679 552 2734 τδ
581 2681 735 2752 όρᾷν,
762 2679 962 2749 τυφλὸς
1001 2680 1189 2735 ἀκούει
1214 2698 1228 2713 ·
1263 2683 1314 2734 εἰ
1344 2681 1599 2750 μέντοιγε
1650 2699 1749 2735 πε-

189 2765 368 2830 τεινὸν,
421 2767 456 2838 ἢ
500 2767 807 2840 ἄνθρωπος,
841 2767 875 2840 ἢ
921 2769 1138 2840 κτῆνος,
1169 2769 1199 2823 ὃ
1220 2785 1275 2843 τι
1310 2769 1554 2839 πεφυκὸς
1593 2771 1745 2843 όρᾷν,

187 2859 266 2910 ὅτε
314 2839 624 2930 ἐστέρηται,
671 2839 872 2930 τυφλὸν
922 2839 1257 2932 στερητικῶς
1298 2859 1544 2931 λέγεται,⁹
1576 2839 1751 2926 alii»;

184 2951 344 3004 καὶτὸ
372 2952 646 3023 ἀόργητον
669 2951 768 3006 οὐκ
800 2953 866 3007 ἂν
890 2953 1137 3024 εἴποιμεν
1155 2953 1248 3007 τὸν
1274 2952 1442 3018 λίθον,
1467 2953 1501 3024 ἢ
1527 2953 1590 3008 τδ
1615 2953 1752 3009 ἄκα-

1850 1774 2001 1830 dium
2034 1773 2194 1828 nobis
2226 1773 2381 1828 affert
2397 1774 2611 1838 Aetius,
2641 1783 2696 1830 et
2727 1776 2792 1830 ad
2829 1775 2921 1832 Dei
2952 1778 3240 1834 scientiam
3264 1788 3431 1851 atque

1851 1863 2223 1936 intelligentiae
2265 1863 2504 1920 fructum
2551 1867 2784 1937 aliquem
2833 1867 3130 1924 transferre
3149 1878 3423 1926 conatur:

1850 1953 1945 2009 sed
1973 1952 2109 2008 illud
2141 1953 2198 2006 in
2218 1952 2408 2021 primis
2434 1954 2666 2024 ignorat,
2701 1955 2901 2023 quibus
2931 1955 3092 2010 rebus
3123 1955 3431 2026 significan-

1847 2042 1933 2100 dis
1962 2043 2284 2113 privationis
2313 2045 2639 2100 vocabulum
2681 2060 2712 2098 a
2748 2045 3087 2115 philosophis
3111 2047 3426 2117 impositum

1850 2133 1941 2190 sit.
1980 2131 2168 2203 Neque
2201 2133 2348 2187 enim
2388 2133 2693 2203 privatione
2735 2134 2930 2190 aﬂecta
2963 2138 3274 2206 promiscue
3315 2137 3426 2192 dici

1849 2223 2034 2278 omnia
2063 2223 2476 2278 dialecticorum
2512 2226 2720 2296 regula:
2750 2227 3033 2296 patiuntur
3053 2267 3068 2293 ,
3107 2227 3202 2284 sed
3235 2244 3302 2285 ea
3333 2244 3428 2284 so-

1851 2316 1987 2380 lum,
2035 2324 2159 2386 quae
2186 2324 2382 2370 natura
2421 2329 2520 2372 sua
2548 2316 2730 2387 aliqua
2757 2333 2817 2372 re
2844 2318 3069 2388 praedita
3099 2328 3250 2375 sunt.
3300 2318 3427 2376 ﬂare

1849 2409 1995 2464 enim
2039 2423 2164 2464 cum
2210 2415 2420 2464 naturae
2449 2424 2563 2466 sure
2589 2409 2926 2466 contrarium
2975 2403 3031 2466 in
3073 2420 3275 2467 statum
3326 2414 3428 2468 ali-

1849 2497 2071 2568 quando
2101 2498 2441 2570 redigantur,
2491 2506 2608 2554 tum
2652 2499 2868 2554 demum
2895 2501 3098 2570 privari
3129 2503 3424 2559 dicuntur:

1851 2602 2086 2658 quorum
2113 2602 2246 2644 vero
2274 2587 2545 2644 naturalis
2575 2587 2665 2642 illa
2694 2587 3170 2664 conditio'mutari
3197 2607 3304 2646 nou
3329 2607 3427 2662 po-

1851 2686 1980 2742 test,
2013 2677 2082 2733 ad
2113 2693 2179 2734 ea
2205 2693 2314 2734 vos
2337 2677 2448 2735 ista
2491 2693 2836 2750 nequaquam
2867 2681 3146 2738 convenit.
3184 2680 3263 2736 ita
3295 2683 3428 2754 lapi-

1850 2766 1974 2824 dem
2004 2783 2166 2824 nemo
2195 2783 2404 2824 caseum
2431 2769 2804 2841 appellaverit.
2842 2767 2958 2827 Hoc
2997 2772 3145 2829 enim
3189 2775 3429 2830 vocabu—

1852 2860 1964 2914 ium
1999 2861 2054 2916 ei
2089 2860 2193 2915 soli
2230 2860 2512 2927 tribuitur,
2553 2861 2647 2931 qui
2678 2876 2840 2932 quem
2880 2879 2913 2917 a
2955 2870 3150 2918 natura
3197 2867 3426 2922 sortitus

1851 2959 1938 3007 est
1979 2950 2198 3007 videndi
2240 2964 2460 3009 sensum
2509 2951 2777 3019 amiserit,
2818 2955 2896 3009 uti
2926 2955 3200 3020 volucres,
3243 2955 3426 3011 bomi-

184 3055 286 3102 κος,
316 3040 350 3110 ἢ
394 3041 458 3094 τὸ
510 3041 760 3110 ἄφθονος.
793 3042 875 3110 Οὐ,
924 3041 1034 3114 γὰρ
1081 3041 1347 3112 πέφυκεν.
1390 3043 1516 3096 Ἐπὶ
1563 3041 1744 3114 μέντοι

1859 3056 1974 3106 nes,
2023 3040 2303 3111 pecudes;
2351 3055 2474 3112 quae
2502 3041 2645 3102 visu,
2687 3057 2848 3110 quem
2885 3041 3087 3097 habent
3125 3056 3155 3096 a
3201 3049 3423 3108 natura,

183 3130 455 3202 ἀνθρώπου
506 3133 599 3186 καὶ
635 3134 865 3204 κτήνους
911 3133 1007 3187 τοῦ
1053 3133 1354 3202 πεφυκότος
1403 3131 1743 3206 ὀργίζεσθαι,

1859 3131 2396 3202 spoliata,privatlva
2442 3144 2578 3185 voce
2623 3143 2768 3185 caeca
2817 3131 3193 3187 nominantur.
3238 3130 3331 3188 Sic
3371 3141 3427 3188 et

182 3223 264 3276 ὅτε
293 3224 364 3293 μὴ
393 3225 689 3295 ὀργίζοιτο,
720 3225 864 3278 εἴποι
890 3227 955 3280 άν
978 3243 1062 3289 τις
1086 3224 1228 3279 κατὰ
1251 3225 1536 3297 στέρησιν⁶
1564 3225 1659 3278 ἐπὶ
1689 3225 1744 3278 δὲ

1859 3223 2173 3287 iracundiae,
2213 3221 2300 3279 vel
2345 3221 2588 3287 malitias,
2628 3223 2714 3277 vel
2755 3223 2971 3278 invidiae
3005 3224 3235 3294 lapidem
3265 3240 3427 3280 nemo

183 3313 280 3367 τῶν
308 3315 380 3386 μὴ
411 3316 778 3386 ἐνδεχομένων
802 3317 904 3370 οὐκ
925 3315 991 3370 ἃν
1018 3315 1119 3370 ἔτι.

1859 3312 2003 3368 dicat
2047 3321 2345 3384 expertem,
2393 3313 2652 3382 quoniam
2695 3313 2764 3368 ad
2800 3313 2918 3368 haec
2959 3322 3156 3368 natura
3203 3315 3428 3370 minime

185 3417 524 3478 comparatus
556 3414 662 3462 est.
699 3407 778 3462 Ad
815 3407 1089 3463 hominem
1125 3423 1274 3472 vero,
1308 3406 1424 3464 sive
1461 3405 1747 3477 pecudem,
1789 3420 1911 3476 quae
1937 3404 2234 3460 iracundiae
2253 3405 2474 3474 capacia
2508 3413 2655 3468 sunt,
2691 3419 2815 3459 cum
2853 3419 2916 3460 ea
2979 3406 3267 3473 carebunt,
3326 3408 3428 3476 pri-

188 3500 356 3553 vantia
394 3500 488 3552 illa
531 3498 756 3553 nomina
787 3498 1074 3554 transferri
1116 3507 1393 3568 poterunt,
1437 3497 1504 3553 ad
1553 3506 1751 3554 caetera
1781 3513 1890 3554 non
1921 3498 2071 3552 item.

249 3590 319 3643 B'.
347 3589 506 3644 Οὕτω
535 3590 630 3643 καί
657 3589 751 3643 ἐπὶ
791 3589 886 3643 τοῦ
915 3588 1050 3643 Θεοῦ
1089 3589 1344 3660 ληπτέον,
1379 3590 1456 3653 ὡς
1486 3589 1622 3662 πρὸς
1654 3589 1744 3643 τὸν

1927 3588 1992 3643 ιι.
2033 3587 2238 3642 Eodem
2285 3587 2446 3643 modo
2493 3598 2548 3643 et
2594 3589 2648 3643 in
2693 3589 2805 3646 Deo
2850 3591 2996 3648 istud
3046 3593 3427 3664 accipiendum

198 3684 384 3738 Ἀέτιον
404 3681 828 3752 ἀποτεινομένου
854 3681 949 3736 τοῦ
987 3681 1172 3751 λόγου,
1205 3682 1300 3736 καὶ
1354 3681 1633 3753 ἐρωτικῶς
1654 3681 1744 3749 ἐξ·

1859 3692 1960 3737 est.
1991 3681 2170 3752 Atque
2198 3687 2259 3734 ut
2291 3681 2359 3736 ad
2397 3681 2612 3736 Aetium
2632 3691 2830 3739 nostra
2857 3693 3204 3740 convertatur
3229 3687 3426 3752 oratio.

185 3778 472 3842 ετὰζοντος·
521 3777 666 3844 Λέγε
706 3776 860 3848 ἡμῖν,
903 3768 950 3829 ὧ
986 3773 1182 3838 Ἀέτιε,
1236 3769 1382 3836 οἶδας
1421 3772 1744 3845 ἀσύγκριτον

1859 3772 1988 3827 libet
2017 3771 2161 3825 hunc
2195 3771 2249 3824 in
2282 3770 2501 3826 modum
2527 3771 2897 3842 interrogare:
2919 3771 3034 3840 Dic,
3066 3775 3248 3840 sodes,
3281 3775 3427 3840 Aeti,

186 3869 312 3939 πρὸς
350 3871 476 3934 τοὺς
517 3869 730 3932 πάντας
758 3868 882 3931 τοὺς
913 3866 990 3938 μὴ
1030 3865 1191 3929 ὄντας
1217 3865 1282 3918 ἐκ
1316 3864 1418 3934 τῆς
1459 3864 1626 3936 αὐτῆς
1654 3864 1744 3918 οὐ·-

1859 3871 2167 3919 utrumnam
2201 3862 2352 3918 illum
2393 3878 2518 3918 cum
2548 3864 2762 3918 caeteris
2794 3865 3070 3931 omnibus,
3115 3867 3208 3937 qui
3237 3866 3426 3922 eadem

187 3961 317 4023 σίας,
344 3961 378 4032 ἢ
407 3960 504 4014 καὶ
549 3959 715 4013 αὑτὸν
742 3958 840 4012 σὺν
877 3959 990 4022 τοῖς
1021 3955 1228 4011 ἅπασιν
1270 3954 1522 4026 ἀριθμεῖν
1545 3955 1744 4026 τολμή-

1859 3955 2012 4027 961
2043 3970 2076 4011 e
2094 3955 2404 4012 substantia
2429 3970 2541 4009 non
2561 3961 2710 4021 sunt,
2735 3956 3040 4024 comparari
3062 3965 3222 4026 putas
3245 3972 3426 4028 posse,

189 4067 356 4119 σειαςς
399 4053 514 4106 Καὶ
551 4055 601 4105 εί
635 4052 733 4122 μὲν
775 4052 890 4114 τοῖς
918 4052 939 4082 ⁸
969 4049 1104 4103 πᾶσι
1134 4046 1324 4102 τοῦτον
1364 4046 1744 4118 ἀριθμήσειας,

1859 4062 1923 4101 an
1951 4061 2076 4101 cum
2104 4046 2173 4102 iis
2201 4059 2565 4100 annumerare
2592 4060 2704 4100 non
2736 4044 2992 4102 dubites?
3022 4045 3080 4100 Si
3113 4047 3168 4102 in
3195 4048 3427 4102 aliorum

185 4145 289 4204 τοῖς
317 4143 388 4214 μὴ
420 4144 488 4196 ἐκ
515 4145 618 4213 τῆς
655 4141 843 4205 οὐσίας
883 4139 1050 4194 αὑτοῦ
1083 4135 1257 4203 οὖσιν,
1294 4138 1409 4192 ἀλλ’
1442 4137 1501 4204 ἐξ
1529 4135 1629 4190 οὐκ
1659 4136 1744 4190 ὅν-

1859 4145 2056 4193 οαιιιιιῐι
2091 4149 2487 4206 numerumque
2522 4135 2801 4201 retuleris,
2849 4137 2943 4206 qui
2977 4151 3089 4191 non
3133 4152 3203 4193 ex
3253 4139 3427 4208 ipsius

185 4247 284 4285 των
312 4233 403 4286 ὑπ’
431 4233 601 4288 αὐτοῦ
645 4233 734 4286 διά
767 4231 862 4286 τοῦ
907 4231 1061 4295 ὕντος
1103 4227 1365 4298 ἐξάὑτοῦ
1417 4228 1536 4282 κατ’
1560 4227 1744 4282 οὐσίαν

1859 4227 2164 4284 substantia
2198 4236 2346 4290 sunt,
2378 4225 2474 4281 sed
2498 4240 2530 4280 e
2555 4225 2728 4281 nihilo
2751 4241 2850 4297 per
2871 4242 3019 4290 eum,
3060 4229 3154 4298 qui
3181 4230 3251 4284 ab
3278 4230 3427 4300 ipso-

188 4325 610 4396 γεγεννημένοις,
642 4323 819 4395 παρὲξ
860 4322 1026 4394 μόνου
1056 4322 1226 4377 αὑτοῦ
1254 4324 1349 4376 καὶ
1373 4322 1468 4374 τοῦ
1499 4320 1744 4392 Πνεύμα-

1859 4327 1964 4372 met
1997 4315 2300 4372 secundum
2332 4315 2696 4370 substantiam
2735 4325 2890 4371 ortus
2927 4324 3032 4383 est,
3073 4317 3143 4372 ab
3177 4318 3272 4373 illo
3301 4334 3426 4390 pro-

189 4432 267 4478 τος
301 4417 393 4470 τοῦ
437 4417 621 4485 ἀγίου,
650 4414 743 4469 τοῦ
781 4417 847 4469 ἐκ
891 4415 992 4486 τῆς
1039 4417 1229 4478 οὐσίας
1282 4413 1378 4467 τοῦ
1414 4412 1744 4484 ἀσυγκρίτου

1859 4409 2024 4464 creati
2065 4415 2227 4474 sunt;
2266 4422 2297 4460 a
2325 4406 2525 4478 quibus
2569 4406 2720 4462 solus
2764 4407 3082 4464 eximendus
3109 4419 3194 4464 est
3230 4408 3426 4476 Filius,

191 4505 383 4577 Πατρός
406 4509 500 4560 καὶ
523 4507 617 4561 τοῦ
645 4506 964 4577 μονογενοῦς
991 4505 1122 4559 Υίοῦ
1146 4505 1307 4558 αὐτοῦ
1335 4505 1514 4567 ὖντοςο
1543 4505 1744 4556 ἀτοπω-

1859 4516 1979 4554 cum
2017 4499 2222 4570 Spiritu
2254 4505 2475 4558 sancto.
2511 4497 2605 4569 qui
2639 4512 2710 4553 ex
2743 4498 3182 4570 incomparabiiis
3225 4499 3427 4565 Patris,

187 4597 310 4667 τάτη
333 4597 398 4652 ἂν
428 4600 517 4668 εἵη
550 4614 645 4650 σου
666 4599 699 4667 ἡ
724 4596 1003 4667 ὁμολογία.
1035 4595 1161 4658 Πῶς
1189 4595 1298 4667 γὰρ
1327 4593 1406 4647 ἔτι
1436 4589 1516 4656 εἷς
1543 4595 1608 4646 ἐκ
1637 4592 1748 4646 τῶν

188 4688 410 4752 πάντων,
439 4689 500 4755 ἐξ
524 4682 588 4741 οὗ
622 4688 800 4741 πάντα
823 4686 882 4754 ἐξ
915 4688 1014 4740 οὐκ
1035 4686 1204 4739 ὄντων
1227 4683 1552 4755 γεγένηται;
1595 4681 1749 4743 ’Δδύτ-

150 4791 154 4825 i
190 4795 334 4832 νατον
376 4781 485 4851 γάρ
516 4780 706 4843 τοῦτο,
742 4781 837 4833 καὶ
869 4779 976 4833 οὐδ’
1006 4779 1168 4840 αὐτὸς
1194 4773 1351 4830 τοῦτο
1393 4775 1623 4841 λέξειας.
1656 4775 1748 4845 Μὴ

191 4868 522 4939 ἐνδεχομένου
554 4870 612 4922 δὲ
638 4870 732 4922 τοῦ
759 4869 922 4923 αὐτὸν
953 4864 1094 4922 εἶναι
1131 4868 1315 4938 ὅμοιον
1344 4865 1378 4936 ἦ
1407 4866 1520 4919 ῐσον
1546 4867 1659 4927 τοῖς
1689 4864 1747 4930 ἐξ

191 4957 339 5010 αὑτοῦ
387 4959 444 5025 ἐξ
479 4960 582 5012 οὐκ
623 4959 791 5012 ὄντων
823 4957 1123 5026 γεγονόσιν,
1168 4952 1484 5008 ἀνένδεκτόν
1529 4952 1646 5006 ἐστι
1679 4952 1746 5005 τά

191 5046 336 5114 ὅμοια
358 5049 525 5102 αὐτὸν
548 5049 774 5119 πάσχειν
795 5051 905 5111 τοῖς
930 5046 1203 5118 ἀνομοίοις
1227 5043 1396 5114 αὐτῷ,
1421 5037 1501 5106 οἷς
1520 5044 1583 5096 τδ
1607 5038 1746 5097 εἶναι

191 5138 316 5192 αὐτὰ
357 5139 612 5204 ἐξαύτοῦ
647 5141 706 5207 ἐξ
742 5141 844 5194 οὐκ
884 5139 1074 5200 ὄντων,
1106 5138 1200 5191 καὶ
1232 5135 1413 5190 πάντα
1459 5134 1530 5188 τὰ
1561 5135 1620 5187 ἐν
1657 5135 1756 5188 αὐ-

193 5227 310 5289 τοῖς,
337 5223 418 5290 οἷς
441 5227 731 5298 συμϐαίνει
765 5227 906 5281 κατά
949 5227 1207 5298 στέρησιν
1235 5221 1374 5278 εἶναι
1401 5224 1463 5276 τὸ
1490 5223 1750 5277 ἐναντίον.

195 5316 265 5368 Τὰ
307 5319 400 5388 μὲν
430 5321 542 5390 γάρ
589 5323 737 5372 ἐστιν
782 5320 994 5391 ὁρῶντα
1018 5319 1038 5350 ³
1070 5319 1170 5372 οὐκ
1219 5318 1310 5387 ἀφ’
1339 5315 1583 5370 ἑαυτῶν·
1628 5315 1751 5367 οὗτε

195 5405 291 5475 γὰρ
320 5410 410 5462 καὶ
439 5410 500 5462 τὸ
545 5406 684 5463 εῖναι
721 5410 812 5478 ἀφ’
840 5409 1048 5462 ἑαυτῶν
1082 5392 1399 5480 ἐσχήκασιν,
1435 5405 1569 5460 ἀλλὰ
1608 5405 1750 5458 κατὰ

197 5496 391 5572 δοτικὴν
419 5503 578 5572 χάριν
618 5503 712 5556 τοῦ
740 5501 1136 5575 δεδωρημένου,
1172 5503 1228 5553 ἐν
1263 5496 1342 5563 οἷς
1377 5497 1658 5569 συμϐαίνει
1687 5496 1750 5550 τὸ

1345 5679 1385 5708 ’³
1419 5677 1481 5731 F.
1516 5675 1664 5730 ὄντα.

266 5679 280 5708 ²
307 5679 426 5735 Cor.
456 5683 634 5737 πᾶσαν
667 5684 801 5750 ἐξέτ.
877 5687 898 5718 ³
919 5684 1047 5738 Cor.
1078 5685 1135 5734 ἐν
1162 5685 1285 5743 τοῖς.

1854 4599 1908 4647 et
1938 4590 2199 4662 unigeniti
2241 4589 2360 4659 ejus
2401 4587 2523 4644 Filii
2568 4589 2874 4646 substantia
2929 4593 3216 4662 processit,
3267 4594 3315 4649 si
3360 4595 3426 4649 ad

1854 4691 2202 4743 caeterorum,
2239 4679 2482 4748 inquam,
2531 4679 2901 4734 conditionem
2946 4681 3244 4751 abieceris,
3292 4684 3426 4739 nihil

1856 4770 1977 4826 fidei
2023 4769 2361 4840 professione
2403 4775 2496 4823 tua
2545 4785 2669 4825 esse
2719 4779 2894 4840 potest
2953 4773 3268 4830 absurdius.
3321 4774 3424 4840 Qui

1853 4861 1997 4916 enim
2040 4875 2184 4915 unus
2216 4874 2281 4914 ex
2321 4859 2581 4915 omnibus
2625 4861 2750 4924 erit,
2795 4877 2825 4915 a
2865 4877 2975 4930 quo
2999 4871 3129 4918 sunt
3173 4880 3205 4919 e
3253 4864 3426 4918 nihilo

1853 4961 2047 5008 cuncta
2096 4952 2399 5023 producta?
2446 4953 2586 5008 Fieri
2612 4954 2744 5009 illud
2800 4957 2988 5024 utique
3041 4973 3148 5010 non
3202 4966 3422 5026 potest,

1853 5060 2029 5116 neque
2053 5053 2169 5100 tute
2198 5059 2439 5115 unquam
2485 5046 2588 5100 hoc
2620 5048 2942 5100 asserueris.
2977 5046 3156 5112 Quare
3183 5063 3310 5103 cum
3355 5048 3423 5104 iis

1854 5152 1975 5208 quae
1999 5139 2307 5206 procreavit
2331 5151 2362 5191 e
2390 5137 2586 5200 nihilo,
2628 5137 2824 5193 similis
2841 5147 2897 5191 et
2919 5138 3148 5207 aequalis
3176 5153 3300 5194 esse
3327 5153 3424 5194 ne-

1853 5235 2038 5297 queat,
2063 5227 2252 5282 eadem
2300 5241 2426 5282 cum
2461 5229 2544 5282 sui
2579 5228 2942 5283 dissimilibus
2987 5230 3096 5299 pati
3137 5231 3288 5286 nulla
3333 5247 3424 5285 ra-

1852 5322 2002 5373 tione
2031 5321 2246 5389 poterit,
2285 5319 2484 5389 quibus
2515 5320 2618 5374 hoc
2648 5321 2924 5386 convenit,
2956 5329 3015 5375 ut
3053 5323 3274 5377 enihilo
3311 5331 3421 5378 tam

1853 5405 1922 5458 ab
1950 5405 2044 5458 illo
2069 5405 2187 5474 ipsa
2218 5403 2482 5475 producta
2512 5404 2643 5470 sint,
2674 5419 2844 5476 quam
2887 5421 3009 5476 qum
3042 5405 3175 5477 ipsis
3209 5407 3418 5473 insunt,

1852 5496 2055 5568 quibus
2092 5511 2187 5567 per
2238 5496 2596 5568 privationem
2641 5497 2894 5554 accidunt
2940 5501 3236 5556 contraria.
3291 5499 3420 5557 iizcc
