3790 6212
393 292 492 348 5Ἠ
1777 280 1842 332 S.
1889 276 2228 332 EPlPllANil
3551 270 3670 326 59?.

392 409 536 464 enim
586 405 766 459 omnia
822 403 1044 458 minime
1075 416 1103 454 a
1151 398 1349 469 seipsis
1395 395 1690 457 exsistunt,
1750 393 1844 448 sed
1903 408 1958 447 ex

2084 392 2245 454 πάθος
2272 392 2411 445 κατὰ
2441 393 2698 462 στέρησιν
2723 389 2832 442 τῶν
2857 390 2915 441 ἐν
2936 387 3118 450 αὐτοῖς
3145 384 3505 456 ὑπαρξάντων
3523 385 3668 436 κατὰ

356 530 361 535 -
391 497 623 567 benigna
653 495 835 550 dantis
870 492 1159 563 largitione
1190 509 1201 544 :
1231 488 1432 558 quibus
1484 486 1650 539 etiam
1705 491 1894 552 utpote
1939 498 1958 537 ε

2084 485 2170 553 τὴν
2204 484 2352 537 δόσιν
2399 483 2493 536 τοῦ
2530 481 2930 552 δεδωρημένου,
2978 479 3074 532 τοῦ
3119 476 3388 539 ἀπαθοῦς,
3435 477 3526 527 καὶ
3566 475 3666 525 οὐκ

344 565 561 644 ῩηίΙιίΙο
590 586 868 657 productis
899 584 1008 655 pati
1032 581 1232 652 aliquid
1260 578 1544 646 contingit,
1577 591 1704 630 cum
1741 577 1811 629 iis
1836 575 1958 643 ipsis

2084 573 2139 624 Ex
2162 591 2305 635 τινος
2352 573 2566 642 ἔχοντος
2599 573 2660 624 τὸ
2699 567 2861 633 εἶναι,
2897 570 3020 622 οὐδὲ
3049 568 3352 638 δυναμένου
3385 565 3669 634 στερίσκε-

391 681 555 736 rebus
582 679 886 748 privantur,
919 691 1040 745 qua:
1070 691 1098 726 a
1133 673 1387 740 largitore
1422 670 1514 722 illo
1553 667 1970 722 communicatae

391 771 609 824 fuerant
634 787 646 821 :
673 768 768 838 qui
802 782 979 836 neque
1011 765 1120 834 pati
1173 761 1376 831 aliquid
1421 765 1619 830 potest,
1653 765 1706 812 et
1749 772 1778 810 a
1821 757 1970 810 nullo

391 861 498 914 alio
524 861 708 922 habet,
742 867 801 912 ut
826 859 916 920 sil,
957 871 1131 926 neque
1167 853 1364 922 privari
1397 851 1510 905 ullo
1540 851 1702 904 modo
1738 858 1935 918 potest.

362 937 378 1018 3
459 954 802 1022 Quapmpter
830 965 955 1003 cum
1003 948 1229 1017 azqualis
1277 945 1384 999 illis
1422 959 1528 997 non
1574 943 1644 997 sit
1679 941 1867 1005 Filius,
1896 941 1974 994 uti

363 1025 569 1112 'neque
598 1041 776 1103 Pater,
814 1053 988 1106 neque
1040 1035 1277 1105 Spiritus
1334 1038 1578 1093 sanctus,
1616 1046 1680 1084 ac
1725 1030 1974 1085 diversus

390 1133 464 1187 sit
501 1132 572 1185 ab
603 1131 723 1185 istis
759 1128 930 1182 Filius
954 1171 966 1192 ,
1003 1126 1326 1195 quibuscum
1395 1122 1583 1177 eadem
1617 1121 1976 1191 appellatione

389 1223 615 1277 minime
652 1219 1001 1285 continetur,
1052 1217 1143 1272 sed
1179 1216 1435 1270 eximium
1476 1228 1674 1268 nomen
1717 1214 1878 1268 habet
1922 1221 1977 1266 et

387 1312 680 1369 excellens,
713 1317 770 1362 ut
813 1309 1104 1377 ipsummct
1144 1305 1341 1358 bonum
1368 1305 1437 1357 ab
1463 1319 1528 1356 eo
1557 1303 1649 1371 qui
1682 1304 1976 1372 ipsummct

389 1403 614 1472 perinde
668 1402 870 1454 bonunt
921 1406 1028 1458 est,
1082 1395 1383 1463 profectum
1443 1394 1677 1454 dicatur.
1727 1407 1974 1462 quamam

388 1509 512 1547 esse
551 1499 727 1561 potest
753 1505 874 1543 cum
913 1488 978 1539 iis
1008 1497 1128 1554 qua:
1158 1485 1463 1553 oppositam
1497 1499 1559 1537 ex
1605 1483 1834 1537 adverso
1865 1484 1977 1550 pri-

389 1584 658 1638 vationem
707 1580 926 1640 habent,
975 1576 1323 1630 commistio?
1356 1575 1771 1644 Supervacanea
1813 1574 1977 1642 igitur

389 1668 638 1729 est'Aelii
681 1671 1044 1741 privationem
1081 1666 1241 1720 nobis
1269 1664 1573 1718 invehentis
1601 1664 1817 1718 oratio:
1852 1677 1976 1715 nam

2077 667 2220 731 σθαι,
2252 667 2364 728 τοῖς
2389 664 2449 728 ἐξ
2480 665 2582 716 οὐκ
2611 663 2780 716 ὄντων
2812 661 3140 732 ὐπάρξασιν.

2139 935 2209 988 Ei
2253 928 2343 986 οὖν
2394 933 2494 984 οὐκ
2543 933 2656 994 ἴσος
2685 932 2893 991 ἐκεῖνος
2925 929 2954 980 6
2989 927 3138 990 Υἱὸς,
3175 925 3210 995 ἢ
3243 926 3271 976 6
3295 923 3508 992 Πατὴρ,
3543 922 3582 991 ἢ
3613 921 3671 971 τὸ

2078 1027 2232 1094 ἆγιον
2263 1024 2489 1094 Πνεῦμα
2527 1023 2763 1086 τούτοις,
2797 1021 2957 1084 ἄλλος
3005 1020 3064 1072 δέ
3107 1020 3258 1071 ἐστιν
3291 1019 3321 1070 6
3356 1015 3484 1078 Υἱὸς
3518 1013 3671 1082 napi

2077 1123 2320 1183 τούτους,
2349 1119 2410 1170 οὐ
2451 1119 2518 1187 τῇ
2555 1116 2646 1189 ίσῃ
2676 1114 2944 1184 ὀνομασίᾳ
2971 1111 3430 1180 κικλησκόμενος,
3457 1106 3670 1177 ἐξαίρε-

2077 1228 2168 1264 τον
2206 1210 2263 1262 δὲ
2291 1209 2387 1262 καὶ
2430 1207 2762 1274 ἀσύγκριτον
2801 1206 2972 1274 ὄνομα
2997 1204 3157 1272 ἔχων,
3190 1198 3529 1267 αὐτοαγαθδν
3562 1197 3669 1250 ἀπὸ

2078 1299 2171 1353 τοῦ
2216 1297 2554 1366 αὐτοαγαθοῦ
2595 1298 2768 1360 ὄντος,
2807 1297 2890 1359 τίς
2927 1295 2994 1348 ἂν
3033 1295 3066 1362 ἡ
3115 1291 3404 1362 συμπλοκὴ
3444 1290 3584 1358 πρὸς
3611 1289 3670 1339 τὸ

2081 1391 2397 1462 στερητικὸν
2423 1389 2653 1459 ἐχούσης
2676 1387 2952 1441 ἀντίθετον
2974 1403 2987 1449 ;
3022 1383 3154 1455 Περί
3187 1400 3247 1436 τε
3270 1386 3283 1413 ¹
3311 1382 3419 1452 γὰρ
3441 1383 3471 1432 6
3492 1379 3586 1432 τοῦ
3613 1380 3670 1430 τὸ

2081 1481 2398 1551 στερητικὸν
2447 1479 2856 1545 εἰσενέγκαντος
2897 1478 3028 1546 ἡμῖν
3069 1474 3275 1525 ’Δετὶου
3323 1471 3515 1538 λόγος,
3573 1468 3665 1520 τοῦ

2080 1574 2376 1642 ἀγεννήτου
2422 1571 2558 1623 Θεοῦ
2591 1571 2686 1623 κα)⁹
2718 1567 2978 1638 γεννητοῦ
3025 1565 3157 1619 Υἱοῦ
3195 1566 3257 1618 οὐ
3298 1563 3443 1616 κατὰ
3482 1561 3668 1631 στέρη-

2083 1681 2166 1717 σιν
2198 1665 2297 1732 τὴν
2329 1663 2436 1716 τῶν
2463 1661 2779 1730 κτισμάτων
2807 1659 3020 1729 ἔχοντος
3049 1659 3111 1710 τὸ
3135 1657 3380 1725 ὑπάρχον
3423 1651 3664 1720 ἀξίωμα.

389 1767 662 1836 ingenitus
702 1763 864 1823 Deus,
904 1774 966 1813 ac
1005 1759 1218 1828 genitus
1272 1755 1444 1810 Filius
1495 1769 1601 1808 non
1659 1769 1724 1809 ex
1768 1761 1958 1808 creata-

2084 1757 2215 1810 ἀλλά
2253 1755 2398 1809 κατὰ
2429 1755 2491 1807 τὸ
2524 1755 2848 1822 αὐτομάτως
2878 1753 2972 1805 καὶ
3000 1751 3311 1813 ἰδιαζόντως
3344 1745 3468 1800 καθ’
3505 1745 3666 1798 ἑαυτὸ

389 1873 509 1911 rum
560 1868 742 1909 rerum
784 1850 1090 1920 privatione
1130 1848 1447 1918 dignitatem
1500 1845 1745 1900 obtinent
1778 1859 1932 1900 suam
1960 1883 1974 1908 ,

391 1949 484 2005 sed
528 1965 595 2002 ex
626 1962 692 2000 eo
721 1944 863 2014 quod
889 1949 1082 2012 sponte
1113 1955 1231 2000 sna.
1266 1939 1619 2008 peculiariter
1645 1951 1706 1991 ac
1736 1952 1831 2006 per
1857 1951 1976 1989 sese

388 2033 708 2088 substantiae
773 2045 886 2085 sine
949 2027 1331 2095 divinitatique
1394 2025 1664 2093 congruit.
1715 2023 1792 2078 lta
1846 2039 1970 2076 cum

388 2139 590 2196 expers
618 2125 710 2176 ira:
735 2122 937 2174 dicitur
971 2118 1133 2184 Deus,
1175 2134 1279 2171 non
1308 2117 1358 2169 id
1403 2117 1470 2168 ah
1503 2117 1582 2168 ira
1606 2116 1722 2184 ipsa
1754 2115 1976 2184 petitur,

391 2220 483 2270 Sed
511 2232 573 2268 ex
616 2230 680 2267 eo
710 2212 853 2282 quod
885 2213 963 2263 ira
997 2225 1092 2280 per
1121 2224 1242 2263 sese
1269 2216 1445 2260 vacat.
1493 2205 1583 2260 Sic
1619 2207 1780 2260 etiam
1820 2207 1970 2273 inge-

392 2309 539 2362 nitus
579 2306 902 2374 appellatur.
952 2302 1093 2371 quod
1143 2300 1370 2356 exsistat
1409 2315 1439 2351 a
1490 2300 1692 2368 seipse,
1739 2298 1862 2352 licet
1907 2299 1973 2350 ab

389 2396 579 2449 eodem
613 2393 851 2462 ingenito
877 2390 1047 2445 Filius
1093 2392 1162 2442 sit
1204 2389 1319 2458 ipse
1355 2390 1588 2457 genitus.
1626 2390 1813 2457 Itaque
1858 2389 1972 2443 fru-

390 2498 502 2541 stra
532 2495 616 2540 est
647 2485 890 2553 apposita
917 2485 1005 2536 illa
1043 2468 1306 2536 vocabulo
1334 2480 1570 2549 negatio,
1599 2494 1721 2533 cum
1751 2482 1816 2532 ad
1845 2496 1969 2534 eum

389 2577 740 2637 transfertur,
797 2577 888 2644 qui
938 2589 1061 2626 cum
1110 2572 1319 2628 caeteris
1375 2573 1455 2626 vel
1509 2588 1574 2625 ex
1623 2572 1832 2642 ipsius,
1878 2574 1970 2641 qui

2081 1848 2404 1918 συμπρέπον
2436 1849 2502 1916 τῇ
2551 1844 2745 1897 ἑαυτοῦ
2777 1843 2937 1914 οὐσίᾳ.
2976 1859 3034 1894 τε
3080 1841 3174 1894 καὶ
3198 1839 3436 1908 θεότητι.
3457 1837 3544 1898 Ὠς
3575 1836 3666 1889 ἐπὶ

2079 1936 2172 1989 τοῦ
2201 1930 2492 2004 ἀόργητος.
2536 1933 2596 1986 οὐ
2627 1933 2712 1985 διὰ
2744 1932 2804 1985 τὸ
2834 1929 3176 2002 ὀργίζεσθαι,
3204 1927 3341 1981 ἀλλά
3367 1927 3455 1979 διὰ
3488 1925 3549 1977 τὺ
3578 1925 3664 1976 αὐ-

2079 2028 2430 2098 τοαόργητον,
2459 2024 2554 2077 καὶ
2581 2025 2640 2076 τὸ
2669 2023 2961 2091 ἀγέννητος
2990 2019 3076 2072 διὰ
3115 2017 3177 2069 τὸ
3203 2015 3600 2085 αὐτογέννητον
3623 2017 3662 2076 ',

2083 2120 2183 2174 κᾶν
2210 2136 2269 2171 τε
2297 2120 2324 2171 6
2353 2117 2480 2179 Υίὸς
2505 2114 2765 2183 γεννητὸς
2790 2114 2875 2181 εἴη
2901 2111 3009 2165 ἀπὸ
3053 2108 3149 2163 τοῦ
3192 2110 3520 2179 ἀγεννήτοψ
3570 2107 3664 2174 τῆς

2080 2208 2221 2261 κατὰ
2286 2208 2543 2278 στέρησιν
2591 2205 2790 2269 λέξεως
2844 2203 3091 2272 ματαίως
3139 2199 3400 2270 κειμένης
3441 2199 3537 2251 ἐπὶ
3589 2197 3664 2264 τῷ

2079 2299 2392 2370 ἀσυγκρίτῳ
2435 2299 2571 2370 πρὸς
2602 2299 2727 2359 τοὺς
2774 2296 2989 2360 ἄλλους,
3020 2292 3160 2347 κατά
3189 2293 3280 2345 τὸν
3310 2291 3434 2343 νοῦν
3467 2288 3658 2341 τούτου

2078 2391 2172 2444 τοῦ
2204 2391 2616 2454 ὑποϐάλλοντος.
2655 2389 2791 2442 Οὐτε
2825 2388 2934 2458 γὰρ
2962 2387 3030 2440 τὰ
3056 2386 3191 2442 ἄλλα
3225 2385 3304 2456 τῷ
3332 2383 3663 2452 γεγεννημέ-

2078 2502 2153 2553 νῳ
2199 2482 2460 2546 ίσάζεται,
2504 2482 2625 2535 οὐτε
2654 2485 2682 2534 ὁ
2715 2482 3008 2552 ἀγέννητος
3046 2483 3159 2543 τοῖς
3180 2478 3560 2548 κεκτισμένοις
3605 2476 3662 2527 τι

2082 2576 2365 2646 ὁμοούσιον
2416 2576 2799 2646 μεταδίδωσιν·
2848 2575 2948 2628 οὐκ
2992 2574 3255 2628 ἀδυνάτου
3298 2570 3394 2624 τοῦ
3435 2568 3660 2621 δυνατοῦ

391 2665 718 2718 mentionem
769 2663 929 2731 hujus
988 2662 1149 2726 fecit,
1201 2662 1458 2730 opinione
1512 2663 1817 2730 comparari
1871 2675 1958 2720 n01

2085 2668 2581 2738 κατηγορουμένου,
2617 2667 2754 2720 ἀλλά
2791 2667 2904 2719 τῶν
2937 2667 3215 2720 ἀδυνάτων
3249 2663 3386 2734 πρὸς
3415 2662 3476 2714 τὸ
3501 2661 3658 2714 δυνα-

392 2763 588 2826 potest.
624 2755 739 2809 Non
764 2756 907 2810 enim
938 2761 1129 2808 czctera
1164 2752 1437 2824 adatquari
1479 2767 1602 2806 cum
1635 2755 1822 2823 genito
1855 2769 1982 2822 βοε-

389 2857 538 2911 sunt,
571 2864 670 2903 nec
717 2848 988 2917 ingenitus
1021 2860 1174 2900 suam
1225 2860 1347 2900 cum
1399 2845 1599 2898 creatis
1646 2845 1806 2900 rebus
1849 2847 1980 2900 sub-

390 2941 644 2993 stantiam
690 2938 1082 2993 communicat.
1122 2937 1283 3007 962
1329 2938 1485 3003 Quod
1533 2952 1641 2991 non
1698 2938 1806 2990 ulla
1843 2953 1980 3006 prte-

2081 2759 2172 2812 τὸν
2221 2760 2292 2828 μὴ
2337 2758 2818 2828 ὲπεκτεινομένων,
2848 2756 2936 2810 διὰ
2982 2757 3042 2810 τὸ
3090 2755 3370 2826 ἐξαίρετον
3413 2751 3508 2805 τοῦ
3547 2752 3659 2812 ἑνὸς

2082 2849 2218 2902 Θεοῦ
2248 2849 2342 2903 καὶ
2371 2847 2465 2902 τοῦ
2492 2848 2551 2912 ἐξ
2576 2846 2742 2902 αὐτοῦ
2776 2845 3098 2919 μονογενοῦς
3126 2843 3257 2898 Υίοῦ
3291 2844 3381 2896 σὺν
3413 2839 3493 2909 τῷ
3528 2836 3659 2905 ἁγίῳ

2085 2941 2379 3012 Πνεύματι.

387 3031 625 3100 potentis
657 3031 1027 3085 imbecillitate
1057 3029 1168 3082 ﬁeri
1205 3029 1503 3096 putandum
1538 3036 1641 3090 est,
1681 3028 1774 3083 sed
1803 3045 1868 3083 eo
1896 3031 2165 3095 videlicet,
2194 3035 2339 3102 quod
2409 3033 2679 3086 imbecilla
2741 3043 2934 3087 caetera
3003 3030 3068 3084 ad
3110 3032 3500 3100 prmpotentem
3569 3034 3657 3074 us-

389 3137 496 3194 que
544 3123 764 3190 provehi
841 3128 1131 3191 nequeant,
1201 3122 1270 3175 ob
1327 3122 1488 3175 unius
1544 3121 1657 3185 Dei,
1709 3131 1762 3176 et
1809 3123 1876 3176 ab
1922 3126 2042 3195 ipso
2083 3129 2424 3198 procedentis
2474 3126 2736 3196 unigeniti
2793 3125 2934 3189 Filii.
2997 3140 3120 3179 cum
3177 3121 3386 3192 Spiritu
3450 3123 3652 3173 sancto,

387 3215 722 3284 singularem
754 3214 1088 3284 majestatem
1130 3229 1191 3268 ac
1226 3214 1616 3282 praestantiam.

879 3326 1060 3381 AliTll
1102 3325 1331 3383 CAPUT
1372 3327 1488 3383 XX.

462 3421 598 3475 Cum
621 3419 952 3490 privationes
979 3420 1276 3474 ablationes
1304 3420 1412 3474 sint
1440 3421 1812 3488 atl‘ectionum,
1833 3426 1975 3494 quod

391 3512 446 3567 in
477 3509 588 3566 Deo
633 3519 717 3565 est
760 3512 1083 3580 ingenitum,
1122 3512 1202 3564 Vt‘l
1246 3511 1550 3568 affectionis
1599 3515 1828 3582 privatio
1868 3525 1972 3582 est,

390 3604 474 3658 vel
504 3602 715 3657 aﬂ‘ectio
743 3602 1032 3672 privationi
1061 3603 1358 3657 contraria.
1392 3602 1560 3673 Igitur
1600 3605 1645 3660 si
1675 3605 1975 3662 aﬂ‘ectionis

392 3695 624 3765 privatio
651 3701 753 3754 est,
791 3693 1062 3761 quomodo
1113 3693 1164 3746 id
1213 3695 1355 3762 quod
1387 3709 1494 3748 non
1540 3695 1679 3751 inest
1697 3695 1826 3758 Deo,
1850 3706 1973 3751 tan-

391 3797 554 3853 quam
580 3783 710 3836 insit
741 3781 1032 3835 tribuitur?
1063 3781 1128 3834 At
1169 3783 1213 3836 si
1260 3782 1473 3837 aﬂ'ectio
1503 3783 1746 3852 quredam
1775 3794 1860 3839 est
1890 3789 1966 3841 in-

391 3873 656 3944 genitum,
703 3872 941 3944 genitam
994 3873 1354 3927 substantiam
1402 3874 1665 3929 exsistere
1715 3885 1857 3939 ante,
1908 3892 1973 3932 ac

390 3965 538 4019 velut
568 3962 841 4020 substerni
872 3976 1096 4017 necesse
1121 3970 1224 4023 est,
1251 3969 1310 4015 ut
1332 3961 1618 4017 allectione
1646 3964 1733 4017 illa
1760 3965 1824 4018 ad
1851 3980 1970 4019 eam

390 4055 700 4118 accedente,
738 4051 974 4123 ingenita
1013 4052 1341 4107 nominetur.
1374 4052 1428 4106 Si
1469 4069 1594 4108 vero
1625 4055 1798 4123 genita
1839 4057 1972 4110 sub-

388 4146 590 4202 stantia
633 4145 887 4214 ingenitae
932 4143 1206 4212 particeps
1256 4142 1377 4204 fuit,
1416 4141 1716 4199 all‘ectionis
1760 4145 1973 4215 jactura

388 4235 553 4302 facta,
581 4235 948 4290 conditionem
975 4233 1156 4287 amisit
1183 4235 1426 4305 ingcniti.
1461 4233 1639 4301 Quare
1663 4238 1970 4292 substantia

387 4328 608 4398 quidem
663 4327 842 4398 genita
891 4325 1085 4390 fuerit,
1138 4324 1435 4395 ingenitum
1497 4338 1674 4380 autem
1735 4328 1966 4382 atTectio.

389 4416 545 4482 Quod
591 4417 634 4472 si
667 4416 846 4485 genita
891 4415 1107 4470 soboles
1151 4416 1440 4469 transitum
1481 4417 1765 4485 quemdam
1801 4421 1970 4489 siguic

392 4507 535 4568 ﬁcat,
563 4521 670 4560 non
703 4506 925 4561 dubium
963 4512 1046 4559 est
1086 4504 1426 4559 affectionem
1473 4506 1714 4562 indicare
1743 4520 1966 4572 certam.

2006 3337 2054 3402 ϐ

2467 3333 2862 3387 ΚΕΦΑΛΑῘΟΝ
2898 3331 3151 3384 ΑΕἹἸΟΥ
3190 3331 3273 3382 κ’.

2155 3426 2215 3478 ΕΞ
2252 3428 2306 3478 αἱ
2344 3428 2625 3496 στερήσεις
2666 3425 2774 3478 τῶν
2818 3425 2984 3489 ἕξεων
3030 3421 3210 3476 αὐτῶν
3246 3426 3385 3474 εἰσιν
3432 3423 3650 3492 ἀφαιρέ-

2086 3535 2217 3581 σεις,
2261 3518 2319 3570 τὸ
2372 3519 2462 3569 ἐπὶ
2513 3517 2647 3570 Θεοῦ
2700 3517 2994 3586 ἀγέννητον
3045 3516 3161 3584 ἦτοι
3213 3514 3472 3585 στέρησίς
3516 3517 3649 3567 ἐστιν

2081 3610 2265 3674 ἕξεως,
2296 3609 2327 3680 ἢ
2361 3609 2474 3675 ἕξις
2508 3606 2991 3681 στερήσεως.Ἀλλ’
3027 3609 3072 3659 εἰ
3104 3606 3203 3675 μὲν
3237 3605 3494 3675 στέρησίς
3516 3606 3646 3656 ἐστιν

2081 3701 2263 3766 ἕξεως,
2297 3702 2412 3764 πῶς
2445 3702 2508 3755 ἂν
2537 3702 2596 3754 τὸ
2632 3701 2704 3771 μὴ
2737 3699 2934 3770 προσὸν
2957 3699 3031 3760 ὼς
3063 3697 3262 3770 προσὸν
3287 3696 3366 3766 τῷ
3398 3696 3517 3766 Θεῷ
3538 3713 3646 3749 συν-

2082 3792 2550 3863 αριθμηθήσεταις
2578 3793 2626 3844 εί
2647 3791 2702 3843 δὲ
2730 3791 2842 3856 ἕξις
2873 3789 2988 3841 ἐστὶ
3009 3789 3066 3841 τὸ
3096 3788 3418 3857 ἀγέννητον,
3442 3788 3640 3854 ἀνάγκη

2083 3882 2482 3954 προύποοέσθαι
2517 3883 2780 3952 γεννητὴν
2812 3881 3015 3944 οὐσίαν,
3047 3879 3113 3931 ἵν’
3133 3877 3328 3940 οὓτως,
3351 3877 3465 3941 ἕξιν
3488 3893 3637 3941 προσ-

2080 3975 2338 4039 λαϐοῦσα,
2376 3976 2668 4046 ἀγέννητος
2689 3973 3037 4045 ὀνομάζηται.
3065 3972 3126 4023 Ei
3160 3971 3213 4024 δὲ
3249 3969 3481 4040 γεννητὴ
3505 3972 3640 4030 ἀγδ-

2081 4069 2238 4133 νὴτου
2269 4067 2455 4130 οὐσίας
2494 4067 2770 4137 μετέσχεν,
2802 4065 2967 4131 ἕξεως
3000 4063 3340 4133 ὑπομείνασα
3363 4061 3631 4128 ἀποϐολὴν,

2082 4157 2405 4228 ἁγεννησίας
2428 4158 2734 4228 ἐστέρηται.
2756 4156 2854 4225 Είη
2885 4155 2949 4208 ἂν
2979 4150 3072 4207 οῦν
3092 4153 3246 4206 οὐσία
3271 4154 3374 4224 μὲν
3399 4151 3627 4220 γεννητὴ.

2077 4247 2138 4300 τὸ
2170 4248 2224 4300 δὲ
2254 4249 2545 4317 ἀγέννητον
2570 4249 2702 4314 ἕξις.
2732 4249 2791 4300 El
2820 4247 2874 4299 δὲ
2905 4246 2963 4298 τὸ
2989 4246 3232 4314 γέννημα
3262 4243 3496 4314 παρόδου
3529 4240 3630 4292 ἐστὶ

2077 4337 2388 4406 δηλωτικὸν,
2431 4339 2671 4410 δηλονότι
2715 4337 2881 4404 ἕξεὼς
2927 4338 3040 4389 ἐστι
3093 4335 3448 4406 σημαντικὸν,
3478 4335 3538 4387 ἄν
3575 4347 3627 4383 τε

2080 4429 2520 4496 μεταπέπ).ασται
2564 4430 2622 4495 ἐξ
2662 4430 2848 4493 οὐσίας
2882 4428 3045 4492 τινὸς,
3079 4428 3143 4483 ἄν
3174 4444 3232 4480 τε
3265 4425 3423 4479 τοῦτό
3447 4430 3580 4478 ἐστιν
3601 4422 3626 4474 ὃ

2076 4515 2287 4584 λέγεται
2316 4519 2578 4589 γέννημα.

391 4600 504 4650 sive
549 4597 781 4664 quadam
835 4612 864 4648 e
919 4595 1225 4648 substantia
1281 4595 1580 4650 mutatione
1633 4599 1975 4654 conformata
2051 4606 2142 4672 sit,
2177 4609 2290 4662 sive
2341 4609 2439 4664 hoc
2468 4611 2645 4678 ipsum
2689 4617 2770 4665 est
2817 4609 2997 4679 genita
3033 4608 3271 4674 soboles,
3331 4605 3474 4677 quod
3517 4616 3620 4658 9556

389 4689 610 4742 dicitur.

945 4777 1251 4846 Confutatio
1290 4778 1414 4835 XX.

459 4871 496 4924 Ι.
529 4869 855 4925 Jamdudum
899 4870 966 4925 de
1013 4870 1114 4924 hoc
1167 4871 1487 4939 privationis
1521 4876 1755 4940 negotio,
1798 4877 1964 4929 multa

383 4978 508 5019 cum
539 4963 608 5018 iis
641 4964 734 5033 qui
791 4979 819 5017 a
872 4970 1017 5017 recta
1071 4961 1172 5018 [ide
1215 4964 1374 5017 alieni
1423 4972 1570 5026 sunt,
1603 4973 1965 5021 consentance

384 5057 521 5111 dixit
544 5057 754 5120 Aelius,
784 5057 1086 5125 eodemque
1109 5075 1230 5112 cum
1268 5059 1374 5112 illis
1409 5059 1591 5114 studio
1617 5061 1961 5130 oppugnandi

383 5147 633 5201 catholici
665 5148 931 5217 dogmatis
965 5150 1139 5203 elatus
1166 5158 1270 5210 est,
1301 5150 1434 5202 adeo
1463 5150 1702 5218 quidem,
1737 5151 1867 5204 nihil
1904 5161 1961 5204 ut

382 5257 412 5292 e
458 5243 684 5295 sincera:
738 5240 857 5295 ﬁdei
915 5241 1226 5310 prmscripto
1276 5242 1616 5309 pronuntiet,
1674 5256 1771 5296 nec
1815 5241 1960 5297 illius

381 5331 664 5386 sententia:
696 5332 1021 5392 meminerit,
1053 5347 1171 5399 quae
1213 5331 1476 5386 adversus
1510 5347 1603 5387 eos
1633 5340 1960 5401 contorque-

382 5433 488 5486 tur,
525 5423 616 5492 qui
648 5440 712 5476 ex
751 5423 965 5490 ingenio
990 5439 1090 5475 suo
1116 5424 1370 5492 pleraque
1416 5424 1651 5477 inaniter
1684 5423 1956 5487 effutiunt,

381 5527 554 5584 neque
591 5512 656 5567 ad
705 5514 822 5567 ﬁdei
864 5515 1185 5583 principium
1229 5516 1628 5572 adluercscunt.
1664 5517 1812 5583 Quos
1839 5519 1959 5588 qui-

454 5670 466 5699 '
507 5667 569 5723 F.
613 5672 882 5742 περιττός.
962 5676 980 5703 ¹
1016 5671 1073 5725 F.
1105 5671 1550 5737 αὐτοαγέννητον.

2641 4781 2962 4856 Ἄνατροπὴ
2985 4790 3068 4842 K’.

2133 4878 2210 4930 A'.
2259 4878 2392 4948 Ἤδη
2444 4880 2541 4948 μὲν
2600 4874 2694 4932 οῦν
2759 4880 2885 4949 περὶ
2945 4877 3276 4949 περητικῆς
3334 4879 3612 4941 ὑποθέσεως

2065 4969 2232 5023 πολλὰ
2272 4970 2764 5040 συμμαχεσάμενος
2807 4973 2846 5046 6
2870 4968 3071 5032 ’Ᾱέτιος
3114 4974 3228 5034 τοῖς
3271 4970 3380 5024 ἀπὸ
3416 4967 3505 5040 τῆς
3540 4971 3608 5020 1:!-

2065 5079 2232 5124 στεως
2275 5061 2592 5133 ἀλλοτρίοις,
2624 5063 2715 5115 καί
2763 5061 2923 5125 αὐτὸς
2974 5063 3064 5115 ίσα
3109 5062 3336 5115 ἐκείνων
3369 5063 3499 5115 κατά
3525 5060 3607 5126 τῆς

2064 5153 2298 5216 πίστεως
2336 5154 2685 5218 ἐξωπλίσατο,
2715 5153 2864 5205 οὐδὲν
2895 5153 3001 5205 ἀπὸ
3043 5153 3276 5216 πίστεως
3301 5152 3482 5220 λέγων,
3504 5148 3602 5202 οὐδὲ

2067 5243 2408 5314 μεμνημένος
2430 5243 2521 5295 τοῦ
2554 5243 2718 5315 ῥητοῦ
2751 5243 2886 5315 πρὸς
2917 5245 3042 5306 τοὺς
3067 5244 3161 5312 ἀφ’
3190 5244 3396 5297 ἑαυτῶν
3424 5240 3601 5296 κενολό-

2063 5351 2194 5401 γους
2228 5333 2552 5402 φωνοῦντας,
2588 5335 2678 5386 καὶ
2724 5334 2783 5388 οὐ
2836 5335 3167 5404 κρατοῦντας
3204 5335 3301 5405 τὴν
3340 5334 3499 5404 ἀρχὴν
3517 5332 3596 5394 τῆς

2064 5427 2316 5487 πίστεως,
2350 5426 2425 5487 ὡς
2454 5427 2587 5495 πρὸς
2618 5426 2814 5489 αὐτοὺς
2846 5427 3230 5493 διελεγκτικῶς
3265 5431 3294 5480 6
3342 5427 3483 5492 λόγος
3513 5439 3594 5490 ξη-

2066 5517 2179 5568 σῐν’
2217 5513 2404 5569 Εἶπον
2435 5516 2548 5585 ἐγὼ
2580 5517 2649 5570 ἐν
2681 5516 2752 5586 τῇ
2783 5517 3061 5571 ἐκστάσει
3084 5536 3205 5586 μου
3226 5536 3239 5552 ο
3272 5517 3388 5585 Πᾶς
3412 5517 3599 5583 ἀνθρω-
