3790 6212
183 277 294 336 893

789 276 1159 335 aovensus
1194 277 1540 336 insessas
1579 279 1709 337 LIB.
1750 278 1840 335 ιιι.
1883 276 2047 335 ron.
2084 279 2201 334 1.-
2236 275 2516 336 manes:
2555 275 2693 333 Lxx
2707 244 2791 332 vi.

3355 276 3464 334 θοι

180 417 300 468 stoc
324 400 619 470 ψεύστης.
638 398 792 453 Μετά
817 400 1042 468 καὶτοῦ,
1059 400 1489 469 Ὲταπεινώθην
1508 401 1744 472 σφόδρα

1933 417 1991 456 τω
2022 401 2109 457 his
2150 400 2336 456 verbis
2375 399 2657 471 Scriptura
2704 398 3072 456 condemnat:
3106 398 3213 470 Ego
3255 399 3365 454 dixi
3399 403 3454 455 in

177 491 301 547 Νῦν
323 492 380 548 δὲ
400 488 557 555 αὖθις
578 495 692 555 τοῖς
719 491 904 555 αὐτοῖς
928 492 1410 563 κατατριϐόμενος,
1440 494 1766 565 στερήσεως,

175 583 480 655 ὀνομασίας
498 600 557 636 τε
581 583 674 638 καὶ
694 583 880 650 ἕξεως,
912 584 1005 636 καὶ
1021 583 1400 654 συλλογισμῶν
1422 583 1771 655 ἀνθρωπίνης

101 722 134 771 ³
176 673 462 743 σφαλερᾶς
486 673 762 737 ὑπονοίας,
787 672 984 741 φόρτον
1012 671 1472 744 προϐαλλόμενος,
1496 672 1590 726 καὶ
1614 689 1770 725 πνευ-

179 763 435 832 ματικῶς
475 761 899 832 ἀνακρινόμενος
942 761 1135 815 ἑαυτοῦ
1187 763 1429 831 φείδεται
1454 764 1469 793 ¹
1498 762 1767 832 ἀνακόψαι

172 850 244 906 τὸ
291 851 424 907 ἴδιον
463 851 691 924 ὅρμημα
723 852 826 921 τῆς
848 849 909 914 ἐξ
936 848 1285 921 ἀνθρωπίνης
1312 850 1647 920 πανουργίας
1673 847 1766 915 ἀφ’

171 935 284 1015 ἦς’
340 941 465 1016 περὶ
506 942 642 997 Θεοῦ
688 942 868 1012 λέγειν
900 941 937 996 ἀ
965 941 1417 1013 βούλεται.⁹Αλλά
1457 942 1548 994 καὶ
1594 942 1763 1011 ἡμᾶς,

174 1034 392 1105 καίπερ
418 1032 586 1087 πολλά
600 1034 729 1103 περὶ
751 1032 1088 1104 στερητικῶν
1110 1032 1509 1104 διαλεχθέντας,
1530 1030 1767 1098 ἀναγκά-

170 1126 263 1190 ζει
293 1124 455 1180 πάλιν
478 1126 589 1187 τοῖς
618 1125 801 1187 αὐτοῖς
833 1125 1115 1194 ἐμμένειν,
1139 1124 1233 1177 καὶ
1267 1124 1327 1176 ὲν
1354 1125 1474 1186 ταῖς
1503 1122 1639 1192 πρὸς
1666 1122 1764 1176 αὑ-

167 1216 271 1269 τὸν
306 1218 640 1288 ἀνα-τροπαῖς
671 1213 1119 1284 κατατρίδεσθαι.
1155 1215 1265 1267 Καὶ
1297 1209 1366 1284 ἦν
1402 1212 1502 1283 μὲν
1540 1213 1696 1282 ἱκανὴ
1727 1216 1760 1282 ἡ

165 1306 287 1377 πρὸ
316 1307 517 1377 ταύτης
542 1305 821 1377 ἀνατροπὴ
851 1290 1125 1376 δυναμένη
1152 1302 1240 1357 διὰ
1266 1305 1326 1356 τὸ
1344 1302 1651 1375 ὁμόρροπον
1673 1304 1764 1356 καὶ

165 1398 471 1470 ὁμώνυμον
500 1397 593 1451 τοῦ
624 1395 1033 1465 συλλογιστικοῦ
1073 1395 1241 1449 αὑτοῦ
1284 1395 1443 1464 λόγου
1478 1394 1620 1448 κατά
1654 1394 1763 1448 τῶν

164 1489 507 1561 ἀμφοτέρων
536 1487 814 1559 φέρεσθαι.
833 1487 971 1540 Ἀλλ’
1002 1486 1225 1556 ὲπειδὴ³
1257 1486 1392 1557 μήτε
1428 1484 1593 1539 ἵππον
1617 1484 1762 1555 σιδη-

166 1580 443 1652 ρόστομον
485 1579 816 1650 ἀχαλίνωτον
865 1578 981 1648 ὲᾷν,
1028 1578 1131 1632 κάν
1180 1594 1240 1630 τε
1284 1575 1424 1631 κατά
1475 1575 1761 1648 βαράθρων

162 1672 435 1745 φέρηται,
464 1672 566 1725 κᾶν
591 1688 649 1723 τε
677 1670 786 1723 ἀπὸ
811 1667 905 1722 τοῦ
926 1670 1249 1740 ὁρμήματος
1271 1668 1372 1739 ήδη
1397 1666 1758 1739 ἅνεκρούσθη,

1871 508 2088 548 excessu
2128 509 2279 547 meo:
2312 492 2496 548 Omnis
2531 493 2684 545 homo
2716 490 2942 547 mendax
2973 492 3014 548 ‘.
3047 491 3177 547 Item
3213 511 3226 546 :
3270 493 3457 546 (Iunti-

1872 586 2033 641 liatus
2063 602 2182 642 sum
2208 587 2365 640 nimis
2399 587 2439 639 ".
2469 584 2624 639 Nunc
2652 574 2831 652 autem
2866 585 2918 638 in
2954 584 3146 640 iisdem
3182 600 3301 639 sese
3331 602 3451 639 vcr-

1870 692 2021 740 sans,
2055 676 2376 745 privationis
2423 674 2837 745 aﬂeelionisque
2874 689 3090 736 vocum,
3124 684 3177 730 et
3208 675 3458 729 humame

1869 782 1933 823 ac
1956 767 2179 822 lubricae
2215 766 2489 837 opinionis
2520 774 2963 836 argumentorum
2997 782 3137 821 onus
3189 775 3244 819 et
3281 768 3449 822 mole-

1868 857 2030 911 stiam
2048 856 2364 934 praeferens,
2386 871 2449 911 ac
2471 855 2789 926 spiritaliter
2811 855 3141 925 dijudicatus
3172 857 3469 926 proprium

1867 947 2034 1002 animi
2088 946 2347 1018 impetum
2399 948 2469 1003 ab
2523 949 2759 1003 humana
2809 946 3103 1002 calliditate
3151 947 3505 1016 profectum“

1867 1037 2103 1093 inhiberi
2148 1053 2254 1095 non
2293 1039 2519 1108 patitur,
2559 1038 2740 1108 eique,
2783 1045 2843 1091 ut
2881 1040 2948 1091 de
2995 1034 3106 1091 Deo
3152 1052 3276 1107 quae
3322 1038 3467 1091 velit'

1865 1131 2175 1198 eloquatur,
2231 1130 2371 1184 lavis
2430 1129 2659 1184 habenis
2716 1127 3000 1198 permittit.
3052 1127 3193 1193 Quin
3241 1134 3294 1180 et
3349 1142 3448 1182 nos

1865 1233 2082 1288 quoque
2120 1224 2242 1287 post
2299 1217 2469 1270 multa
2520 1215 2585 1271 de
2642 1214 3040 1286 privationibus
3092 1214 3258 1270 verba
3316 1213 3456 1267 facta

1867 1305 1935 1358 ad
2000 1305 2142 1359 idem
2199 1302 2611 1359 retractandum
2670 1318 2734 1358 ac
2796 1302 3143 1359 refutandum
3205 1304 3459 1373 impellit.‘

1862 1394 2025 1465 963
2066 1382 2324 1449 Suﬂicere
2360 1394 2579 1464 quidem
2629 1401 2860 1463 poterat,
2896 1398 3042 1464 quod
3081 1395 3148 1448 ad
3197 1410 3322 1450 eum
3355 1410 3441 1449 rc-

1865 1486 2155 1541 llallendum
2188 1485 2242 1539 in
2280 1484 2550 1555 superiori
2586 1485 2958 1541 confutatione
2994 1486 3270 1553 diximus;
3299 1488 3465 1557 quod

1866 1586 2085 1648 propter
2109 1577 2355 1633 eamdem
2401 1560 2846 1646 argumentorum
2885 1578 2994 1632 vim
3037 1592 3101 1633 ac
3143 1578 3457 1634 similitudi-

1866 1684 1987 1723 nem
2039 1667 2306 1723 ambobus
2364 1679 2751 1738 opponeretur.
2806 1668 2910 1723 Sed
2964 1670 3222 1739 quoniam
3281 1684 3458 1742 neque

160 1743 300 1817 οὔτε
333 1762 487 1833 ἀνδρὶ
512 1760 654 1814 κατά
680 1761 781 1830 τῆς
807 1761 1045 1822 πίστεως
1066 1759 1138 1813 τά
1160 1758 1302 1814 αὐτά
1318 1759 1528 1828 λέγοντι
1552 1774 1746 1828 συγχω

1933 1761 2207 1815 utumacis
2237 1760 2349 1815 oris
2403 1775 2603 1830 equum
2653 1759 2985 1816 infrenatum
3021 1763 3330 1833 relinquere
3362 1780 3458 1833 par

163 1858 315 1926 ρεῖν,
347 1855 440 1908 καὶ
471 1853 545 1924 μὴ
573 1854 710 1924 πρὸς
741 1853 905 1906 αὑτὸν
935 1852 1143 1921 λέγειν·
1183 1848 1339 1914 αὖθις
1368 1850 1622 1922 ἐροῦμεν,
1658 1850 1765 1910 ὅτι,

166 1941 363 2014 Είμὲν
406 1946 463 2000 αἱ
510 1948 794 2016 στερήσεις
835 1944 1004 2012 ἒξεὼν
1044 1947 1182 1999 εἰσιν
1215 1944 1554 2015 ἀφαιρέσεις,
1589 1942 1649 1995 τὸ
1672 1942 1762 1995 ἐπὶ

158 2035 312 2108 Θεοῦ
362 2037 659 2107 ἀγέννητον
706 2038 824 2109 ἦτοι
878 2038 1134 2110 στέρησίς
1166 2040 1311 2090 ἐστιν
1356 2032 1608 2104 ἕξεως,ῆ
1652 2032 1762 2098 ἓξις

160 2131 507 2202 στερήσεως.
549 2130 659 2182 Καὶ
696 2129 879 2195 πάλιν,
915 2128 1097 2199 Είμὲν
1128 2128 1383 2200 στέρησίς
1407 2129 1555 2180 ἐστιν
1576 2125 1764 2191 ἕξεως,

162 2219 291 2283 πῶς
322 2219 388 2273 ἂν
416 2219 477 2272 τὸ
509 2220 584 2292 μὴ
618 2219 818 2291 προσὸν
846 2219 922 2283 ὡς
952 2217 1151 2287 προσὸν
1173 2218 1251 2289 τῷ
1275 2216 1395 2287 Θεῷ
1419 2214 1755 2287 συναριθμη-

159 2313 397 2385 θήσεται
414 2329 432 2378 ;

1863 1860 1966 1916 est,
2018 1852 2131 1907 sive
2180 1867 2276 1922 per
2317 1851 2616 1922 praecipitia
2671 1850 2901 1914 feratur,
2952 1852 3067 1908 sive
3124 1853 3457 1908 concitatum

1864 1958 2089 1999 cursum
2146 1944 2508 2013 represserit;
2548 1958 2727 2013 neque
2779 1942 2828 1997 ei
2874 1943 3100 2011 homini,
3140 1945 3233 2014 qui
3268 1946 3457 2001 eadem

1869 2036 2129 2091 adversus
2172 2034 2330 2091 (idem
2364 2028 2629 2101 inculcat,
2663 2035 2858 2092 cedere
2902 2046 3134 2105 oportet,
3162 2045 3221 2090 ut
3265 2053 3370 2091 non
3406 2038 3457 2091 ei

1865 2127 2295 2189 contradicatur,
2324 2128 2471 2182 hunc
2521 2127 2575 2181 in
2623 2126 2844 2181 modum
2905 2128 3112 2183 idcirco
3156 2129 3458 2200 disputabi-

1864 2232 2026 2272 mus:
2057 2215 2115 2271 Si
2152 2218 2487 2287 privationes
2539 2217 2760 2287 quidem
2816 2217 3164 2275 aﬂ'ectionum
3206 2220 3456 2290 quaedam

1863 2308 2168 2365 ablationes
2203 2311 2335 2374 sint,
2371 2309 2692 2381 ingenitum,
2726 2309 2873 2379 quod
2913 2311 3019 2365 Deo
3064 2312 3341 2376 tribuitur,
3372 2312 3456 2367 vel

160 2403 477 2464 affectionis
520 2409 766 2479 quadam
823 2405 1055 2476 privatio
1109 2415 1226 2468 est,
1294 2404 1378 2458 vel
1453 2402 1668 2458 alieetio
1711 2400 2000 2471 privationi
2057 2401 2327 2472 opposita.
2378 2402 2509 2458 Item
2551 2422 2567 2458 :
2607 2400 2664 2459 Si
2722 2404 2954 2473 privatio
2996 2402 3301 2460 ali'ectinnis
3350 2410 3453 2475 est,

157 2516 409 2572 quonam
462 2506 625 2570 pacto
686 2499 739 2552 id
788 2497 932 2566 quod
982 2511 1088 2549 non
1144 2495 1287 2549 inest
1340 2494 1470 2559 Deo,
1509 2501 1768 2562 tanquam
1807 2492 1961 2556 insit,
1993 2491 2296 2547 tribuitur?

237 2592 319 2647 B'.
360 2591 473 2646 Kal
509 2591 544 2663 ἢ
584 2589 838 2652 τοιούτως
871 2589 904 2659 ἢ
931 2587 1190 2650 τοιούτως
1223 2586 1349 2657 περὶ
1376 2585 1513 2639 Θεοῦ
1548 2602 1607 2637 σε
1637 2584 1746 2636 δια-

159 2683 426 2747 νοεῖσθαι,
451 2675 498 2735 ὦ
538 2681 733 2742 Ἀέτιε,
761 2682 854 2733 καὶ
876 2680 1019 2743 ἕξεις
1050 2678 1178 2748 περὶ
1205 2677 1294 2730 τὸν
1316 2676 1449 2729 Θεὸν
1475 2676 1754 2739 τοπάζειν,

1933 2581 1997 2638 ll.
2029 2583 2109 2637 Ad
2144 2583 2287 2638 hunc
2318 2583 2502 2655 igitur,
2526 2584 2614 2639 vel
2649 2585 2716 2639 ad
2758 2586 2921 2640 istum
2967 2587 3184 2640 modum
3217 2589 3457 2659 cogitare

1857 2682 2036 2743 potes,
2062 2674 2202 2737 Aeti,
2229 2689 2293 2729 ac
2340 2674 2408 2729 de
2431 2675 2538 2731 Deo
2561 2677 2934 2746 conjecturam
2956 2692 3185 2747 capere;
3215 2687 3303 2732 tua
3329 2694 3458 2736 vero

159 2774 321 2827 ἔσται
357 2790 439 2826 σοι
476 2773 576 2844 μὲν
602 2774 634 2843 ἡ
665 2772 872 2825 διάνοια
921 2768 1312 2841 στερισκομένη
1328 2768 1520 2822 ⁸.”οσα
1556 2768 1667 2837 γάρ
1692 2765 1746 2819 ἂν

1933 2764 2222 2819 hilominus
2252 2765 2308 2820 in
2345 2764 2651 2834 privatione
2689 2782 2843 2821 mens
2871 2767 3201 2823 versabitur.
3240 2768 3454 2824 Etenim

158 2863 417 2934 ὲπαναόῇ
447 2863 481 2933 ἡ
512 2862 709 2935 καρδία
736 2878 829 2915 σου
866 2862 1001 2932 πρὸς
1042 2860 1174 2912 Θεὸν
1207 2857 1585 2917 ἀποτίθεσθαι.
1616 2858 1746 2926 πλὴτ

1939 2857 2153 2911 antavis
2198 2872 2259 2911 se
2319 2858 2668 2912 contentione
2722 2858 2938 2913 animus
2993 2865 3120 2913 tuus
3172 2859 3240 2912 ad
3285 2859 3456 2916 Deum

162 2956 335 3024 μόνου
356 2952 452 3008 τοῦ
479 2952 780 3017 πιστεύειν,
805 2953 900 3006 καὶ
927 2949 1393 3022 ύπερθαυμάξειν,
1423 2949 1518 3002 καὶ
1547 2948 1605 3015 ἐξ
1627 2948 1746 3018 ὅλης

1933 2950 2052 3018 igat,
2082 2948 2126 3003 si
2160 2949 2332 3003 solam
2366 2948 2548 3014 tidem,
2584 2957 2640 3005 et
2683 2949 3124 3014 admirationem,
3149 2958 3199 3005 et
3238 2953 3453 3006 enixam

157 3043 408 3108 διανοίας
431 3043 694 3108 δοξάζειν,
726 3042 1029 3113 ὲλεγχθήσῃ
1058 3040 1190 3093 Θεὸν
1226 3040 1323 3111 μὲν
1353 3041 1426 3110 μὴ
1460 3039 1746 3110 δυνάμενος

1957 3047 2072 3093 ιοιο
2104 3049 2322 3110 pectore
2349 3041 2789 3110 praedicationem
2829 3041 3094 3111 excipias,
3127 3057 3191 3096 eo
3235 3041 3454 3097 tandem

158 3134 600 3204 συλλογίζεσθαι,
641 3136 778 3206 μήτε
819 3135 912 3188 τὸν
943 3132 1108 3187 αὑτοῦ
1138 3132 1287 3193 Υίὸν,
1327 3134 1464 3203 μήτε
1497 3133 1560 3185 τὸ
1602 3133 1746 3199 ἅγιοι.

1933 3132 2145 3202 ligcris,
2172 3140 2232 3186 ut
2258 3141 2517 3202 appareat
2544 3133 2710 3190 Deum
2741 3142 2793 3188 te
2826 3133 3338 3188 ratiocinationibus
3373 3147 3456 3190 as.

156 3226 332 3280 αὑτοῦ
362 3226 605 3295 Πνεῦμα,
636 3226 725 3278 ἴνα
756 3226 829 3296 μή
860 3241 917 3277 σε
942 3226 970 3276 ὁ
992 3223 1122 3287 Θεὸς
1146 3222 1361 3294 ἐλέγξῃ.
1392 3223 1489 3276 καὶ
1516 3222 1746 3292 ψεύστης

1933 3224 2010 3293 iui
2044 3224 2270 3279 minime
2308 3224 2574 3293 potuisse,
2609 3238 2707 3279 nec
2734 3224 2909 3295 ipsius
2940 3221 3160 3281 Filium,
3201 3240 3299 3278 nec
3333 3222 3457 3293 Spi-

157 3318 321 3388 γένῃ,
356 3315 497 3369 κατά
524 3315 586 3368 τὸ
610 3314 1016 3385 γεγραμμένον.
1039 3312 1126 3365 Ἐν
1156 3313 1290 3384 ἡμῖν
1325 3312 1432 3382 γὰρ
1461 3312 1555 3365 καὶ
1592 3311 1752 3376 ἕξεις,

158 3410 257 3463 καὶ
304 3408 374 3463 τά
404 3406 704 3478 θελήματα,
736 3407 830 3459 καὶ
874 3407 929 3459 αἱ
966 3405 1201 3469 ,διάνοιαι
1245 3403 1541 3474 σφαλεραί·
1571 3403 1756 3473 ἐπειδὴ

157 3501 382 3571 φύσεώς
416 3502 583 3570 ἐσμεν
634 3498 729 3552 καὶ
769 3498 958 3559 οὐσίας
991 3496 1447 3567 τοιαύτης.Φύσις
1496 3495 1551 3548 δὲ
1604 3494 1758 3563 λέγε-

157 3608 251 3645 ται
305 3591 403 3644 καὶ
451 3588 608 3642 οὐσία
646 3584 800 3640 Θεοῦ.
840 3586 949 3639 Καὶ
985 3587 1045 3639 οὐ
1080 3585 1229 3655 παρά
1262 3584 1324 3636 τὸ
1358 3583 1519 3652 φύσιν
1542 3583 1634 3637 καὶ
1656 3582 1757 3651 φύ-

159 3699 246 3737 σιν
290 3682 443 3752 ἡμᾶς
482 3680 724 3743 ἀκούειν,
758 3679 853 3731 καὶ
899 3677 1086 3730 οὐσίαν
1138 3677 1233 3729 καὶ
1285 3675 1488 3736 οὐσίαν,
1522 3674 1627 3747 χρὴ
1665 3676 1756 3729 τὸν

158 3772 498 3842 ἀσύγκριτον
571 3770 704 3824 Θεὸν
770 3773 836 3839 τῇ
895 3770 1141 3840 ἡμετέρᾳ
1202 3767 1523 3839 συγκρίνειν
1572 3768 1752 3836 φύσει.

160 3862 353 3925 οὕτως
395 3862 489 3915 καὶ
534 3862 627 3914 ἐπὶ
684 3862 884 3925 πᾶσιν,
936 3856 1016 3924 οἷς
1064 3860 1159 3914 ἐὰν
1196 3861 1355 3931 εἴπῃς
1388 3860 1518 3931 περὶ
1570 3859 1706 3914 Θεοῦ
1739 3901 1753 3921 ,

158 3954 206 4008 ὦ
241 3954 440 4018 Ἀέτιε,
477 3953 609 4007 αὐτὸ
642 3954 762 4006 ὅλον
813 3954 961 4006 ἐστὶν
993 3953 1364 4023 ἀσύμπλοκον,
1397 3951 1752 4022 ἀσύγκριτον,

159 4047 368 4102 τέλειον
448 4047 504 4098 ὲν
558 4045 738 4117 ἐαυτῷ
762 4084 777 4107 ,
839 4045 913 4116 μὴ
971 4044 1317 4114 ὲπιδεόμενόν
1362 4061 1527 4108 τινος.
1584 4045 1756 4098 Αὑτο-

163 4140 425 4210 αίσθησις
470 4139 580 4210 γάρ
621 4140 737 4192 ἐστι
783 4140 877 4193 καὶ
914 4138 1277 4209 αὐτοθέλημα.
1310 4137 1401 4191 Διὸ
1426 4138 1755 4208 ἀσύγκριτον

162 4229 436 4299 μονογενῆ
466 4214 595 4283 Υἱὸν
625 4229 970 4301 ἀσυγκρίτως
1008 4230 1296 4300 γεννήσας,
1329 4226 1451 4282 οὔτε
1484 4227 1586 4298 τῆς
1624 4229 1751 4281 έαυ-

156 4321 254 4375 τοῦ
287 4320 585 4391 ἐστέρηται
615 4320 824 4383 οὐσίας,
851 4319 976 4373 οὗτε
1023 4320 1121 4389 τῆς
1160 4318 1391 4372 ὲαυτοῦ⁸
1422 4316 1755 4388 γεγεννημέ-

1860 3315 2023 3369 ritum
2060 3323 2334 3378 sanctum,
2365 3332 2434 3370 ne
2484 3324 2538 3371 te
2575 3318 2864 3372 convincat
2912 3314 3076 3380 Deus,
3118 3331 3181 3370 ac
3234 3316 3457 3371 menda;

1856 3407 1926 3461 cii
1960 3411 2273 3478 redarguat,
2308 3415 2365 3462 ut
2400 3408 2671 3478 scriptum
2719 3414 2827 3463 est.
2874 3409 3018 3478 Ergo
3057 3415 3108 3463 et
3143 3405 3458 3463 aﬂectiones

1858 3499 1913 3553 in
1955 3499 2135 3564 nobis,
2167 3507 2223 3554 et
2264 3500 2596 3566 voluntates,
2629 3507 2683 3554 ct
2721 3499 3081 3570 cogitationes
3123 3500 3367 3563 lubricae,
3399 3507 3459 3553 et

1857 3592 1911 3644 in
1943 3607 2182 3646 errorem
2214 3607 2401 3661 pronae
2452 3600 2601 3659 sunt,
2633 3591 3073 3662 quandoquidem
3124 3605 3187 3646 ea
3247 3597 3457 3646 naturae

1855 3682 2167 3737 conditione
2206 3698 2418 3737 sumus.
2466 3680 2668 3735 Natura
2700 3697 2860 3749 porro
2907 3679 3010 3735 Dei-
3051 3690 3104 3735 et
3148 3681 3454 3735 substantia

1856 3773 2077 3828 dicitur.
2123 3771 2277 3839 Quod
2312 3781 2493 3827 autem
2534 3782 2789 3827 naturam
2825 3787 2889 3827 ae
2926 3780 3201 3836 naturam,
3235 3781 3289 3827 et
3324 3772 3453 3826 sub-

1857 3865 2112 3920 stantiam
2147 3872 2309 3933 atque
2341 3864 2703 3920 substantiam
2731 3863 3023 3934 audintus_,
3068 3879 3177 3918 non
3216 3863 3337 3918 ideo
3370 3865 3454 3917 in;

1857 3955 2279 4025 comparabilem
2335 3964 2550 4025 oportet
2600 3955 2768 4010 Deum
2827 3970 2952 4010 cum
3014 3966 3206 4009 natura
3266 3961 3452 4009 nostra

1857 4045 2124 4100 conferre.
2165 4044 2366 4099 Eadem
2409 4052 2463 4097 et
2519 4045 2719 4114 ubique
2759 4046 2901 4099 ratio
2948 4052 3053 4110 est,
3083 4043 3346 4114 quidquid
3383 4045 3451 4100 de

1860 4135 1969 4188 Deo
2006 4132 2279 4190 afﬁrmare
2307 4133 2562 4189 volueris.
2600 4134 2703 4189 Est
2728 4133 2873 4188 enim
2908 4133 3202 4203 ejusmodi,
3232 4142 3289 4187 ut
3323 4149 3449 4188 cum

1861 4226 2007 4277 nullo
2052 4225 2161 4278 alio
2203 4222 2552 4285 commisceri
2606 4231 2702 4277 aut
2754 4224 3059 4294 comparari
3096 4226 3288 4294 possit,
3330 4240 3452 4294 per-

1861 4316 2061 4371 fectum
2096 4317 2150 4370 in
2184 4330 2326 4377 sese,
2361 4329 2426 4370 ac
2474 4317 2552 4371 rei
2608 4316 2813 4371 nullius
2857 4316 3127 4387 indigens.
3181 4316 3277 4371 Est
3304 4318 3449 4372 enim

157 4426 273 4473 νον,
304 4410 471 4481 μόνον
493 4412 557 4463 ὲκ
593 4411 777 4480 μόνου,
815 4410 909 4463 καὶ
936 4409 995 4462 τὸ
1028 4409 1182 4476 ἅγιον
1207 4408 1372 4461 αὐτοῦ
1403 4407 1650 4477 Πνεῦμα,
1677 4405 1746 4477 μὴ

1933 4427 1952 4463 r
1982 4424 2041 4464 se
2068 4409 2187 4479 ipse
2219 4423 2417 4463 sensus
2446 4417 2501 4463 et
2532 4422 2628 4476 per
2660 4423 2719 4462 se
2751 4408 3022 4463 voluntas.
3064 4406 3218 4463 Unde
3245 4410 3454 4464 incom-

163 4500 357 4571 ἔχοντα
384 4498 521 4572 πρὸς
538 4499 607 4553 τά
633 4499 767 4553 ἄλλα
793 4499 1013 4571 ἰσότητα
1037 4499 1070 4571 ἢ
1102 4498 1433 4570 ἀξιώματος,
1455 4499 1488 4570 ἢ
1514 4497 1749 4567 φύσεως,

162 4593 197 4664 ἢ
230 4593 428 4663 ἑτέρας
458 4591 603 4655 τινὸς
625 4591 956 4655 ὑποθέσεως,
982 4592 1081 4662 οὐχ
1104 4591 1269 4645 ἑαυτὸ
1296 4591 1612 4662 ὲστέρησεν,
1629 4587 1753 4641 οὔτε

164 4685 305 4740 κατά
347 4683 485 4750 ἕξιν,
513 4683 635 4737 οὕτε
671 4684 810 4737 κατά
839 4684 1027 4737 οὐσίαν
1074 4685 1176 4754 τῆς
1219 4681 1556 4753 ἀσυγκρίτου
1586 4681 1752 4735 αὑτοῦ

164 4779 440 4851 θεότητος,
472 4777 595 4833 οὔτε
620 4776 682 4830 τὸ
713 4777 775 4842 ἐξ
813 4777 1000 4843 αὐτοῦ,
1028 4778 1103 4841 ὼς
1137 4777 1294 4848 έφην,
1320 4776 1569 4847 γέννημα
1600 4774 1753 4828 ἐστέ-

166 4889 330 4944 ρηται
357 4869 460 4940 τῆς
488 4868 584 4923 τοῦ
617 4870 831 4940 Πατρὸς
862 4869 1023 4937 ἀξίας
1058 4869 1153 4924 καὶ
1186 4869 1451 4943 ἰσότητος,
1483 4867 1747 4939 ἀσύγκρι-

118 4998 125 5018 ς
165 4978 256 5015 τον
282 4961 368 5025 ὸν,
400 4962 497 5014 καὶ
526 4960 586 5014 τὸ
612 4958 766 5029 ἅγιον
793 4959 960 5014 αὑτοῦ
986 4959 1210 5030 Πνεῦμα
1243 4958 1380 5030 πρὸς
1413 4959 1521 5011 πᾶν
1552 4957 1748 5012 ὁτιοῦν·

166 5054 303 5126 ᾇπερ
331 5053 451 5106 ἐστὶ
484 5052 654 5124 Τριάς
691 5052 892 5115 τελεία,
921 5052 1126 5116 τέλειος
1169 5054 1198 5104 ό
1244 5052 1456 5123 Πατὴρ,
1497 5050 1699 5114 τέλειος
1726 5052 1756 5103 ό

170 5144 319 5210 Υἱὸς,
346 5143 554 5197 τέλειον
579 5144 640 5198 τὸ
662 5143 819 5213 ἅγιον
854 5145 1098 5215 Πνεῦμα,
1132 5144 1194 5196 οὐ
1226 5143 1520 5214 συναλοιφή
1547 5160 1632 5207 τις
1661 5139 1754 5196 οὗ·

173 5248 259 5299 σα,
286 5234 409 5288 οὐδὲ
448 5233 587 5304 πρὸς
615 5234 812 5305 ἑαυτὴν
840 5235 1236 5306 διαφυρομένη,
1267 5234 1389 5287 οὐδέ
1417 5251 1469 5287 τι
1500 5235 1557 5287 ὲν
1586 5234 1752 5303 ἑαυτῇ

174 5324 368 5395 ἔχουσα
399 5325 765 5396 ὑποῦεϐηκὸς,
790 5327 877 5380 ἵνα
903 5327 979 5399 μὴ
1001 5327 1061 5379 τὸ
1083 5326 1493 5397 διακρινόμενον
1515 5323 1752 5395 ἀφανίξῃ

174 5414 233 5470 τὸ
264 5415 616 5487 ἀσύγκριτον,
648 5418 742 5468 καὶ
772 5417 835 5470 τὸ
867 5417 1229 5488 ἠλλοιωμένον
1265 5416 1523 5488 στέρησιν
1550 5414 1645 5468 τοῦ
1673 5409 1752 5466 εἶ-

174 5523 262 5561 ναι
302 5508 628 5578 ἐργάσηται,
658 5508 771 5573 ἕξει
804 5508 964 5577 μόνον
988 5508 1301 5579 λεγόμενον,
1344 5508 1438 5561 καὶ
1479 5506 1579 5558 οὐκ
1623 5506 1754 5577 ἀλη-

277 5623 292 5653 ¹
324 5588 385 5674 F.
420 5621 480 5673 οὐ
510 5622 647 5691 φείό.
774 5626 793 5654 ¹
831 5621 887 5678 F.
920 5623 1099 5691 ἀφείς.
1237 5626 1257 5654 ³
1278 5622 1402 5679 Cor.
1430 5623 1550 5676 ἐπεὶ
1578 5590 1687 5675 δεῖ..

774 5626 793 5654 ¹
831 5621 887 5678 F.
920 5623 1099 5692 ἀφείς.

181 5689 202 5723 ¹
230 5691 366 5749 ibid.
398 5691 464 5745 10

1855 4503 2151 4573 parabilem
2176 4502 2509 4572 unicumque
2536 4500 2735 4556 Filium
2762 4502 2882 4557 sine
2908 4501 3017 4555 ulla
3045 4501 3453 4569 comparatione

1854 4597 2103 4665 gignens,
2141 4608 2241 4648 nec
2285 4584 2595 4649 sdbstantia
2627 4590 2744 4661 ipse
2792 4606 2893 4647 sua
2937 4592 3183 4661 privatus
3211 4599 3316 4658 est,
3351 4607 3450 4647 nec

1856 4687 1966 4751 ille,
1989 4700 2151 4755 quem
2177 4701 2245 4740 ex
2283 4700 2406 4740 sese
2429 4684 2607 4740 solum
2639 4699 2705 4738 ex
2729 4684 2845 4738 solo
2874 4684 3080 4754 genuit,
3116 4699 3293 4756 neque
3326 4683 3450 4755 Spi-

1853 4776 1996 4831 ritus
2022 4784 2268 4831 sanctus.
2298 4773 2405 4841 Qui
2434 4774 2597 4828 ambo
2624 4773 2832 4827 nullam
2871 4789 2997 4829 cum
3040 4775 3255 4831 caeteris
3286 4775 3450 4830 rebus

1854 4867 2138 4939 dignitatis
2172 4876 2401 4943 naturae,
2433 4865 2516 4920 vel
2547 4865 2775 4920 alterius
2822 4865 2899 4921 rei
2944 4866 3308 4936 aequalitatem
3351 4864 3450 4919 ha-

1855 4963 2002 5018 bent.
2058 4959 2245 5031 Neque
2292 4972 2422 5014 vero
2470 4958 2825 5027 semetipsum
2875 4958 3129 5027 privavit,
3166 4959 3280 5012 sive
3317 4955 3450 5012 alie-

1856 5054 2117 5116 ctionem,
2147 5051 2262 5107 sive
2290 5049 2740 5120 ineomparabilis
2769 5048 2945 5120 ipsius
2979 5048 3284 5104 divinitatis
3316 5048 3447 5103 sub-

1857 5143 2113 5200 stantiam
2157 5148 2408 5211 spectes;
2462 5154 2564 5194 nec
2620 5139 2808 5202 illius,
2867 5139 2946 5193 uti
2998 5138 3149 5204 dixi,
3228 5137 3448 5196 soboles

1858 5214 2062 5288 aeterno
2103 5229 2392 5300 splendore
2438 5238 2521 5284 est
2576 5238 2629 5283 et
2676 5228 2986 5297 aequalitate
3031 5226 3286 5296 privata:
3328 5242 3449 5296 quae

1861 5322 2085 5392 perinde
2115 5338 2177 5376 ac
2208 5320 2443 5391 Spiritus
2471 5326 2699 5373 sanctus
2729 5331 2852 5372 cum
2894 5317 3045 5371 nullo
3073 5317 3181 5371 alio
3213 5319 3267 5370 in
3296 5332 3448 5372 com-

1860 5413 2201 5483 parationem
2231 5411 2426 5468 deduci
2462 5408 2629 5480 964
2658 5416 2837 5477 potest
2865 5428 2877 5463 :
2908 5424 3030 5478 quae
3079 5415 3163 5463 est
3212 5408 3450 5476 perlecta

1861 5506 2123 5570 Trinitas,
2172 5505 2477 5574 perfectus,
2530 5503 2774 5570 inquam,
2812 5498 2993 5565 Pater,
3035 5500 3310 5570 perfectus
3360 5496 3450 5551 Fi-

1820 5620 1845 5653 ‘
1868 5639 1955 5691 γρ.
1994 5617 2463 5693 περικεκομμένη.
2556 5615 2577 5645 ⁵
2603 5612 2768 5670 Deest
2801 5612 2879 5668 τό.
2983 5612 3002 5643 ⁸
3027 5609 3172 5668 Psal.
3209 5624 3332 5677 cut,
3364 5608 3447 5663 ll.
