3838 6314
344 268 451 325 595

1754 273 1809 328 S.
1852 270 2189 327 EPIPHANII

3522 265 3636 323 596

345 388 476 452 lius,
510 388 783 458 perfectus
819 386 1055 459 Spiritus
1099 399 1342 448 sanctus.
1388 392 1520 457 Quae
1555 393 1775 463 quidem
1810 392 1933 448 Τιί-

2073 395 2186 466 εία·
2217 393 2252 464 ἢ
2281 392 2357 456 ὡς
2385 392 2523 463 ψιλῷ
2551 394 2693 462 λόγῳ
2719 390 3117 462 ὀνομαζόμενον
3149 392 3207 443 ὲν
3238 390 3482 462 παρόδῳ,
3527 387 3629 441 καὶ

346 481 493 535 nitas
516 478 568 531 in
601 492 661 533 se
689 493 798 533 non
828 479 1083 535 confusio
1123 480 1303 551 aliqua
1336 488 1441 545 est,
1476 490 1571 536 aut
1613 484 1669 537 in
1713 499 1772 540 se
1810 483 1928 554 ipsa

351 568 813 635 perturbationem
861 568 1027 621 ullam
1071 569 1252 634 habet,
1297 582 1390 625 aut
1439 571 1743 642 quidpiam,
1784 575 1931 644 quod

348 659 629 713 inferioris
653 660 985 714 conditionis
1017 660 1110 725 sit,
1149 677 1216 716 ne
1246 663 1292 717 si
1324 661 1673 718 discernatur
1702 666 1929 736 aliquid.

346 749 778 819 incomparabile
816 751 995 819 ipsum
1038 752 1191 805 tollat
1222 767 1254 807 e
1292 754 1502 821 medio;
1549 761 1643 811 aut
1702 756 1749 812 si
1798 757 1931 826 quid

345 850 742 895 commutatum
785 841 967 907 fuerit,
998 858 1121 900 esse
1166 844 1378 899 desinat
1406 846 1709 916 privatione
1740 849 1929 905 subla-

2036 487 2111 555 μὴ
2143 485 2224 549 ὃν,
2256 484 2332 549 ὡς
2376 486 2408 555 ἡ
2452 486 2520 553 σὴ
2563 485 2780 546 πάντως
2807 484 3137 555 περινοεῖται
3166 481 3389 544 διάνοια,
3414 476 3639 545 ἀποξεο

2034 576 2203 629 νῶσαι
2241 574 2559 645 πειρωμένη
2610 572 2703 626 τοῦ
2745 575 2843 644 τῆς
2890 572 3123 636 πίστεως
3166 574 3348 640 λόγου,
3382 573 3471 625 ὅτι
3530 574 3641 625 Πι-

2035 667 2277 719 στεύειν
2324 664 2418 718 δεῖ
2455 665 2564 719 τὸν
2609 665 3095 733 προσερχόμενον
3141 662 3283 731 Θεῷ,
3328 662 3416 715 ὅτι
3466 662 3637 725 ἐστι,

2036 756 2135 810 καὶ
2166 756 2289 821 τοῖς
2310 754 2667 823 ἐκζητοῦσιν
2693 756 2881 809 αὐτόν
2899 755 3347 824 μισθαποδότης
3369 755 3634 822 τίνετιιισ

2035 848 2173 917 ὅπερ
2202 849 2259 900 tv
2291 847 2464 915 Πατρὶ
2492 845 2643 915 μόνῳ
2675 846 2736 899 οὐ
2779 845 3004 901 δύναται
3029 844 3487 915 τελειωθῆναι.”0
3522 842 3640 912 γὰρ

348 947 485 998 tum,
520 949 583 988 ac
623 934 739 990 sola
768 933 1108 1002 habitudine,
1146 951 1256 991 non
1302 952 1367 992 ex
1412 939 1492 992 rei
1537 938 1795 1005 veritate;
1842 950 1935 995 aut

2069 938 2115 1009 ιὴ
2158 937 2297 1009 ἔχων
2344 937 2435 990 τὸν
2468 937 2595 989 Υίὸν
2623 936 2744 990 οὐδὲ
2786 937 2877 990 τὸν
2922 937 3144 1007 Πατέρα
3169 936 3312 1006 ἔχει’
3348 934 3444 988 καὶ
3478 936 3513 987 ό
3543 933 3642 985 τὸν

348 1040 481 1079 voce
520 1034 681 1082 tenus
718 1027 812 1091 sit,
851 1026 1134 1097 obiterque
1174 1030 1549 1098 nominatum;
1594 1046 1659 1086 ac
1700 1030 1935 1100 denique

2069 1029 2169 1082 ῗίὺν
2195 1029 2369 1097 λέγων
2401 1028 2463 1082 οὐ
2493 1027 2715 1082 δύναται
2740 1028 2896 1092 me;
2922 1029 3239 1098 Πνεύματος
3263 1028 3448 1096 ἁγίου.

349 1130 621 1187 nusquam
644 1122 840 1181 exstet,
868 1116 1012 1185 quod
1040 1132 1206 1187 prava
1238 1118 1334 1174 tibi
1361 1120 1618 1190 opinione
1678 1120 1970 1191 contingis,
2008 1135 2075 1175 ex
2140 1134 2249 1190 qua
2284 1118 2583 1189 Scriptura:
2622 1120 2764 1174 hanc
2812 1119 3137 1175 sententiam
3176 1134 3205 1173 a
3242 1119 3367 1173 fidei
3407 1116 3643 1187 profes-

349 1207 504 1262 sione
531 1206 841 1270 excludere,
881 1215 935 1263 et
981 1207 1295 1277 abjudicare
1338 1210 1624 1267 contendis
1656 1228 1670 1265 :
1703 1210 1927 1267 Credere
1967 1220 2165 1279 oportet
2241 1210 2569 1267 accedentem
2610 1211 2679 1265 ad
2729 1210 2915 1275 Deum,
2941 1212 3194 1281 quoniam
3224 1220 3326 1274 est,
3383 1219 3434 1263 et
3480 1223 3641 1279 queo

351 1297 585 1351 rentibus
621 1299 790 1366 ipsum
825 1310 1185 1353 remuneratur
1224 1310 1303 1355 est
1358 1303 1373 1332 ι
1408 1323 1419 1355 ;
1456 1302 1557 1355 hoc
1601 1314 1781 1358 autem
1824 1304 1943 1359 solo
1984 1303 2038 1358 in
2102 1301 2265 1358 Patre
2323 1302 2547 1373 intelligi
2582 1317 2688 1357 non
2722 1309 2920 1372 potest.
2960 1301 3097 1357 Nam
3131 1303 3225 1373 qui
3270 1301 3472 1356 Filium
3524 1317 3643 1357 non

351 1390 535 1455 habet,
567 1389 726 1445 Patre
758 1407 975 1462 quoque
1009 1408 1197 1448 carere
1240 1409 1467 1449 necesse
1501 1402 1611 1462 est,
1644 1405 1699 1451 et
1730 1398 1823 1467 qui
1862 1396 2058 1451 Filium
2120 1397 2385 1459 nominat,
2455 1397 2573 1450 sine
2609 1393 2815 1464 Spiritu
2883 1403 3076 1451 sancto
3140 1394 3319 1450 facere
3353 1392 3511 1449 istud
3540 1408 3648 1447 ne-

352 1483 493 1551 quit.

426 1570 512 1626 ιιι.
542 1570 636 1628 Est
658 1573 802 1630 enim
842 1589 900 1630 re
931 1575 1047 1645 ipsa
1076 1574 1236 1632 Pater
1265 1592 1429 1635 verus
1460 1577 1626 1644 Deus,
1664 1587 1723 1634 ut
1762 1588 1933 1636 testa-

2112 1579 2185 1632 Γ.
2233 1578 2388 1631 Ἔστι
2419 1576 2529 1647 γὰρ
2564 1574 2641 1639 ὡς
2679 1572 2895 1644 ἀληθῶς
2918 1574 2947 1625 ό
2970 1572 3159 1644 Πατὴρ
3188 1574 3443 1643 ἀληθινὸς
3475 1575 3641 1642 Θεὸς,

357 1671 445 1717 tur
483 1660 677 1729 Filius,
708 1666 803 1736 qui
845 1668 999 1721 novit
1036 1667 1285 1736 Patrem;
1336 1677 1391 1725 et
1430 1685 1557 1727 vera
1592 1671 1685 1725 lux
1730 1681 1813 1727 est
1848 1671 1939 1725 Fi-

2069 1690 2115 1735 ›ς
2150 1671 2419 1741 μαρτυρεῖ
2450 1670 2479 1724 ό
2507 1668 2654 1733 Υἱὸς,
2681 1667 2711 1719 ό
2740 1664 2893 1729 εἰδὼς
2922 1664 3015 1716 τὸν
3048 1663 3292 1733 Πατέρα·
3313 1666 3409 1717 καὶ
3436 1664 3645 1736 6.1110:-

356 1754 484 1819 lius,
508 1755 600 1824 qui
630 1756 1001 1826 cognoscitur,
1026 1757 1382 1828 ejusdemque
1417 1760 1731 1816 testimonio
1758 1761 1941 1816 decla-

354 1854 547 1911 ratur;
580 1855 635 1902 et
677 1845 916 1917 Spiritus
967 1849 1218 1906 veritatis
1259 1860 1345 1905 est.
1381 1850 1639 1921 Spiritus,
1688 1852 1783 1923 qui
1830 1869 1937 1909 non

356 1936 568 1991 alienus
597 1943 702 2000 est,
729 1938 823 1993 sed
866 1952 896 1991 a
945 1938 1106 1995 Patre
1140 1939 1508 2008 proficiscitur
1544 1943 1586 2009 ',
1626 1952 1681 1998 et
1726 1959 1756 1998 a
1802 1942 1941 1999 Filio

358 2027 555 2097 accipit
582 2027 620 2081 ⁸.
651 2030 828 2098 Atque
860 2029 975 2085 haec
1004 2031 1188 2085 omnia
1216 2038 1365 2086 tuam
1398 2032 1546 2087 illam
1586 2044 1940 2104 argumento-

358 2134 478 2174 rum
513 2118 752 2174 fabulam
783 2121 1267 2177 circumscribunt.
1300 2121 1488 2193 Neque
1532 2124 1586 2179 id
1635 2125 1943 2182 hortatione

357 2211 469 2265 ulla
502 2210 766 2281 perficere
808 2220 985 2283 potes,
1016 2220 1075 2268 ut
1125 2213 1434 2271 Aristotelis
1475 2218 1827 2288 praeceptoris
1859 2220 1942 2274 tui

358 2303 613 2373 discipuli
659 2320 783 2359 esse
827 2305 1092 2372 velimus;
1142 2316 1236 2359 aut
1296 2306 1653 2376 piscatorum,
1699 2310 1794 2379 qui
1848 2310 1944 2367 Dei

360 2388 570 2465 spiritu
598 2396 904 2452 collustrati
932 2404 1083 2460 sunt,
1114 2397 1421 2452 doctrinam
1457 2400 1786 2471 relinquere,
1813 2402 1941 2457 illit-

361 2493 656 2540 teratorum
695 2486 911 2555 quidem
945 2494 999 2542 et
1040 2486 1279 2550 rudium,
1323 2488 1416 2544 sed
1455 2489 1697 2547 veritatis
1741 2492 1942 2546 nihilo-

359 2575 545 2631 minus
572 2590 880 2646 prazconum
908 2595 922 2632 :
951 2592 1061 2648 quo
1086 2593 1315 2637 munere
1348 2579 1443 2635 Dei
1468 2581 1665 2637 virtute
1690 2598 1755 2637 ac
1784 2583 1944 2638 henc-

357 2667 487 2724 licio
522 2666 792 2737 perfuncti
833 2678 981 2724 sunt.
1007 2668 1127 2723 Non
1152 2670 1298 2725 enim
1333 2671 1385 2725 in
1416 2672 1749 2744 syllogismis
1785 2689 1946 2745 argu-

359 2754 627 2810 mentisve
662 2771 887 2825 regnum
933 2758 1159 2813 caeleste
1204 2760 1439 2829 positum
1493 2770 1616 2828 est,
1662 2778 1840 2834 neque
1888 2765 1943 2820 in

360 2847 636 2916 arroganti
667 2846 961 2919 inﬂataque
989 2862 1263 2914 sermone,
1303 2850 1398 2905 sed
1442 2851 1499 2906 in
1531 2854 1732 2909 virtute
1759 2869 1825 2909 ac
1854 2871 1943 2910 ve-

360 2937 525 2993 ritate
552 2937 593 2991 ⁸.
619 2936 731 2993 Nos
768 2946 949 2994 autem
999 2940 1135 2997 satis
1182 2956 1456 3012 superque
1498 2942 1763 3001 hactenus
1794 2956 1944 3000 tuam

2040 1764 2131 1817 νδν
2160 1762 2274 1831 φῶς
2298 1764 2327 1815 ό
2357 1760 2505 1823 Υἱὸς,
2530 1760 2561 1813 ό
2589 1758 2990 1827 γινωσκόμενος
3022 1754 3128 1807 ὐπὸ
3154 1755 3246 1807 τοῦ
3269 1754 3518 1826 Πατρός,
3545 1756 3646 1808 καὶ

2045 1851 2489 1927 μαρτυρούμενος
2506 1868 2519 1880 ·
2544 1850 2642 1903 καὶ
2665 1846 2890 1918 Πνεῦμα
2912 1844 3166 1916 ἀληθείας
3195 1844 3256 1898 τὸ
3289 1844 3545 1916 Πνεῦμα,
3581 1846 3647 1899 τὸ

2042 1949 2141 2001 οὐκ
2188 1945 2465 2017 ἀλλότριον
2514 1942 2594 2009 δν,
2629 1941 2742 1998 ἀλλ’
2778 1940 2885 1993 ἀπὸ
2919 1938 3129 2009 Πατρδς
3167 1938 3642 2008 ἐκπορευόμενον,

2043 2040 2136 2093 καὶ⁵
2160 2038 2256 2091 τοῦ
2283 2037 2414 2091 Υἱοῦ
2439 2034 2737 2106 λαμϐάνον.
2774 2030 2960 2085 Ταῦτα
2995 2029 3053 2083 δὲ
3081 2030 3399 2100 ἀφαιρεῖται
3449 2030 3646 2083 πᾶσάν

2045 2147 2137 2184 σου
2178 2129 2287 2183 τῶν
2332 2128 2531 2197 λόγων,
2567 2126 2761 2189 Ἀέτιε,
2815 2121 3230 2192 συλλογιστικὴν
3276 2120 3645 2191 μυθολογίαν.

2044 2220 2151 2272 Καὶ
2191 2218 2291 2273 οὐκ
2329 2218 2603 2288 ἐνδέχεται
2636 2216 2784 2286 ἡμᾶς
2815 2212 3223 2285 προτρέψασθαι
3255 2211 3516 2283 μαθητὰς
3549 2228 3649 2280 γε·

2044 2309 2227 2363 νέσθαι
2274 2308 2673 2381 Ἀριστοτέλους
2721 2306 2815 2360 τοῦ
2862 2305 2955 2359 σοῦ
2996 2304 3309 2369 ἐπιστάτου,
3342 2305 3439 2357 καὶ
3475 2304 3645 2357 ἐάσαι

2042 2402 2135 2455 τὸν
2175 2400 2284 2454 τῶν
2332 2403 2391 2453 ὲν
2440 2398 2719 2470 Πνεύματι
2762 2396 2899 2451 Θεοῦ
2950 2395 3382 2465 πεφωτισμένων
3433 2394 3647 2449 ἀλιέων

2043 2490 2424 2563 ἀγραμμάτων
2453 2489 2622 2545 ὄντων
2652 2487 2793 2543 κατά
2822 2487 2913 2540 τὸν
2941 2486 3119 2555 λόγον,
3148 2486 3243 2539 καὶ
3270 2482 3522 2538 ἰδιωτῶν.
3548 2497 3673 2572 κηζ⁴

2047 2583 2227 2655 ρύκων
2269 2582 2326 2636 δὲ
2372 2583 2543 2635 ὅντων
2585 2580 2685 2651 τῆς
2724 2577 2984 2650 ἀληθείας
3027 2580 3084 2631 tv
3135 2575 3361 2646 δυνάμει
3403 2564 3648 2648 Θεοῦ,ᾗ

2046 2674 2427 2745 κατηξίωνται.
2461 2674 2536 2726 Οὐ
2571 2671 2682 2743 γάρ
2723 2673 2781 2724 ἐν
2818 2670 2961 2740 λόγῳ
2988 2666 3379 2737 συλλογιστικῷ
3405 2668 3440 2737 ἡ
3478 2665 3645 2735 βασι.

2046 2766 2165 2820 λεία
2194 2765 2303 2818 τῶν
2332 2763 2599 2835 οὐρανῶν,
2631 2762 2727 2816 καὶ
2759 2764 2817 2815 ὲν
2848 2761 2991 2831 λόγῳ
3014 2757 3396 2830 κομπαστικῷ,
3425 2756 3552 2811 ἀλλ’
3582 2757 3645 2807 tv

2048 2856 2276 2927 δυνάμει
2330 2857 2423 2910 καὶ
2453 2853 2705 2925 ἀληθείᾳ.
2738 2853 2849 2907 Καὶ
2877 2853 2985 2922 γὰρ
3012 2850 3260 2921 ἀρχετῶς
3290 2846 3641 2918 είκάσαμεν³

2048 2949 2108 3016 ἐξ
2135 2948 2310 3019 ἀρχῆς
2343 2946 2436 3000 τοῦ
2481 2945 2639 3013 λόγου
2676 2960 2772 2999 σου
2816 2942 2911 2997 τοῦ
2952 2940 3081 3011 περὶ
3117 2941 3427 3011 στερήσεως
3462 2938 3646 3001 ἕξεων

361 3028 511 3085 illam
548 3030 616 3086 de
649 3030 952 3100 privatione
979 3031 1325 3087 affectionum
1358 3050 1422 3089 ac
1467 3036 1799 3104 positionum
1834 3037 1943 3092 dis-

2069 3040 2143 3093 ιαὶ
2176 3038 2378 3091 θέσεων
2416 3037 2512 3090 καὶ
2552 3036 2815 3107 γεννητὴν
2856 3034 3042 3087 οὐσίαν
3084 3033 3179 3085 καὶ
3217 3032 3516 3100 ἀγέννητον
3549 3030 3646 3083 οὐ-

359 3119 698 3189 putationem
740 3119 1073 3175 audivimus.
1122 3120 1259 3175 Tum
1299 3121 1534 3191 genitam
1566 3123 1711 3177 illam
1738 3122 1948 3194 ingeni-

360 3220 587 3281 tamque
610 3211 978 3265 substantiam
1013 3212 1373 3267 asciscentem
1398 3214 1529 3276 sibi,
1557 3213 1641 3268 vel
1672 3229 1779 3269 non
1807 3216 1947 3270 asci-

360 3309 607 3358 scentem
634 3301 860 3372 aliquid,
892 3310 947 3355 et
979 3318 1084 3356 una
1120 3318 1244 3358 cum
1273 3303 1557 3358 aﬂectione
1603 3304 1768 3373 hujus
1810 3320 1949 3374 quo-

361 3409 472 3464 que
500 3394 773 3464 jacturam
836 3394 1155 3464 patientem.
1202 3393 1423 3451 Necnon
1455 3406 1507 3451 et
1542 3394 1611 3451 de
1642 3396 1950 3453 substantia

361 3486 544 3555 genita
579 3486 740 3540 simul
774 3484 1074 3555 implicata,
1109 3492 1162 3541 et
1191 3486 1416 3557 ingcniti
1448 3487 1753 3543 affectione.
1806 3486 1945 3542 Tum

363 3575 435 3633 de
462 3575 648 3630 sobole
695 3576 899 3645 genita,
933 3591 1054 3646 quae
1099 3591 1195 3645 per
1241 3576 1535 3646 quemdam
1566 3578 1733 3632 veluti
1763 3585 1947 3633 trans-

364 3670 501 3724 itum
527 3682 809 3737 expressa,
840 3667 1294 3738 significationem
1335 3668 1694 3724 nihilominus
1734 3684 1952 3739 perma-

364 3760 547 3815 nentis
609 3759 913 3815 affectionis
959 3759 1161 3825 habet,
1216 3765 1271 3814 et
1333 3774 1397 3813 ex
1451 3767 1647 3813 natura
1697 3761 1953 3830 quapiam

364 3852 843 3907 commutationem
877 3851 1099 3915 indicat,
1131 3865 1254 3906 cum
1290 3850 1470 3921 genita
1512 3851 1729 3906 soboles
1763 3852 1951 3920 appel-

2053 3130 2175 3182 σίαν
2227 3125 2768 3198 προσλαμϐάνουσαν,
2815 3126 2910 3179 καὶ
2964 3124 3038 3195 μὴ
3084 3122 3643 3195 προσλαμϐάνουσαν.

2052 3218 2145 3272 καὶ
2196 3216 2315 3287 μεθ’
2340 3216 2505 3282 ἕξεως
2544 3214 2713 3280 ἕξεως
2760 3213 3141 3284 ἀπομένουσαν
3182 3210 3494 3281 ἀποϐολὴν,
3547 3210 3646 3264 καὶ

2051 3310 2180 3380 περὶ
2238 3307 2426 3370 οὐσίας
2489 3304 2973 3375 καταπλεκομένης
3020 3303 3303 3372 γεννητῆς,
3351 3301 3524 3368 ἕξεως
3585 3300 3647 3355 δὲ

2051 3398 2348 3469 ἀγεννήτου
2370 3414 2383 3427 ο
2421 3396 2515 3450 καὶ
2546 3395 2789 3465 γέννημα
2822 3393 3113 3463 λεγόμενον
3153 3394 3210 3446 ὲν
3260 3393 3499 3463 παρόδῳ,
3545 3408 3647 3463 ση-

2057 3487 2381 3558 μαινομένου
2430 3487 2488 3541 δὲ
2534 3487 2592 3540 tv
2633 3486 2743 3552 ἕξει
2794 3484 2950 3556 μόνῃ,
2994 3484 3088 3538 καὶ⁸
3128 3482 3291 3548 ἕξεως
3338 3482 3645 3552 δηλωτικὸν

2057 3577 2534 3648 μεταπλαζομένου
2582 3578 2642 3642 ἐξ
2683 3576 2871 3639 οὐσίας
2912 3574 3074 3640 τινος,
3106 3576 3207 3629 κάν
3238 3591 3295 3627 τε
3342 3573 3643 3643 λεγομένου

2056 3671 2413 3740 γεννήματος,
2446 3671 2523 3734 ὼς
2550 3669 2705 3739 ἔφης.
2741 3666 2891 3721 Δύτά
2927 3667 3038 3739 γὰρ
3068 3666 3324 3737 περὶτῶν
3361 3663 3549 3717 αὐτῶν
3583 3662 3646 3716 τὸ

2054 3762 2322 3833 διανόημόι
2353 3778 2446 3815 σου
2477 3760 2645 3823 λαλεῖ,
2672 3759 2839 3831 μηδὲν
2873 3758 3172 3830 παραιτοῦν
3191 3756 3369 3810 ⁸κατά
3396 3755 3505 3809 τῶν
3542 3755 3643 3810 αὐ-

2056 3853 2165 3906 τῶν
2194 3852 2458 3924 φέρεσθαι
2488 3851 2878 3921 φθεγγόμενον.

365 3942 529 3997 latur.
565 3940 707 4011 Ergo
759 3943 951 3999 iisdem
990 3943 1057 3997 de
1089 3943 1250 3998 rebus
1292 3943 1480 3998 eadem
1527 3942 1725 4011 saepius
1776 3952 1871 3997 tuo
1908 3960 1977 3998 ex
2051 3945 2269 4014 ingenio
2316 3946 2615 4015 proponis,
2664 3942 2810 4015 quod
2866 3944 3055 4000 eadem
3115 3944 3393 3998 inculcare
3439 3940 3645 4011 sapius

366 4032 503 4089 nihil
543 4042 783 4089 veretur.

756 4123 920 4207 935
944 4121 1122 4177 AETIl
1162 4122 1390 4180 CAPUT
1432 4124 1569 4179 XXI.

437 4215 496 4271 Si
552 4224 663 4271 tam
721 4216 1045 4287 ingenitum.
1104 4232 1270 4301 quam
1301 4216 1565 4303 .genitum
1609 4216 1825 4272 afl‘ectio
1858 4219 1950 4281 sit,

2416 4120 2809 4173 ΚΕΦΔΛΑΙΟΝ
2849 4119 3103 4173 ΑΕΤΙΟΥ
3141 4120 3271 4172 KA'.

2133 4210 2197 4265 Et
2241 4212 2301 4264 τὸ
2359 4209 2653 4280 ἀγέννητον
2684 4208 2796 4272 ἕξις
2819 4247 2833 4271 ,
2877 4210 2973 4262 καὶ
3019 4209 3080 4263 τὸ
3116 4208 3373 4278 γεννητὸν
3407 4207 3558 4274 ἕξις,
3590 4210 3644 4263 αι

364 4308 688 4366 substantia!
728 4308 946 4376 quidem
995 4295 1376 4364 affectionibus
1424 4312 1658 4381 priores,
1704 4308 1943 4365 affectio-

2069 4304 2150 4357 ttv
2179 4302 2358 4355 οὐσίαι
2386 4300 2496 4353 τῶν
2528 4299 2692 4363 ἕξεων
2741 4298 2989 4369 πρῶται,
3034 4301 3090 4354 αἱ
3117 4299 3172 4351 δὲ
3223 4299 3364 4364 ἔξεις
3399 4300 3510 4352 τῶν
3540 4301 3632 4354 οὐς-

362 4414 467 4455 nes
503 4414 667 4470 porro
705 4399 784 4452 uti
815 4406 1010 4453 natura
1044 4400 1403 4469 posteriores,
1456 4402 1537 4455 sic
1566 4401 1759 4455 iisdem
1791 4406 1948 4453 ante-

366 4490 632 4562 ponenda:
656 4496 807 4545 sunt.
843 4488 998 4554 Quod
1026 4490 1071 4543 si
1098 4490 1401 4559 ingenitum
1433 4490 1599 4559 geniti
1628 4504 1799 4545 causa
1840 4497 1945 4555 est,

365 4583 527 4651 eique
573 4579 787 4637 confert
841 4586 901 4633 ut
958 4580 1226 4645 exsistat;
1297 4580 1541 4649 genitum
1616 4594 1745 4634 vero
1812 4593 1946 4633 cau-

365 4689 485 4728 sam
532 4674 705 4743 ipsam
752 4672 1075 4726 substantia
1121 4687 1220 4727 sua
1269 4671 1493 4728 notione
1540 4670 1947 4739 complectens,

364 4763 726 4820 substantiam
760 4764 961 4832 ipsam,
994 4778 1102 4815 non
1134 4762 1472 4816 affectionem
1501 4759 1780 4830 exprimit,
1822 4774 1949 4813 cum

364 4855 610 4930 ingenita
655 4862 853 4911 natura
904 4854 1039 4909 nihil
1076 4854 1191 4923 ipsa
1227 4869 1413 4908 secum
1456 4852 1733 4915 includat;
1774 4867 1955 4906 nonne

360 4945 670 5003 substantia
736 4944 920 5016 potius
976 4958 1142 5014 quam
1202 4944 1416 4999 affectio
1476 4942 1724 5013 quaedam
1789 4941 1953 4997 debet

363 5040 583 5096 videri?

908 5126 1218 5197 Confutatt'o
1262 5123 1418 5179 XXI.

440 5224 481 5276 l.
527 5222 601 5277 De
647 5220 1034 5278 affectionibus
1080 5235 1205 5275 cum
1245 5219 1313 5275 de
1348 5217 1531 5273 divina
1578 5226 1794 5283 natura,
1823 5231 1950 5285 pcr-

369 5313 497 5369 inde
525 5327 588 5367 ac
616 5312 686 5367 de
727 5310 1085 5367 inferioribus
1120 5308 1516 5379 Deo.disputat,
1564 5309 1760 5363 iterum
1788 5321 1949 5376 agere

368 5405 607 5461 instituit
632 5403 843 5467 Aetius,
876 5411 934 5457 ut
968 5400 1401 5479 animadvertere
1430 5400 1676 5471 potestis,
1697 5398 1946 5452 veritatis

370 5496 602 5551 studiosi
635 5509 846 5550 omnes.
884 5493 941 5547 In
982 5508 1093 5564 quo
1128 5491 1389 5547 nonnulla
1426 5490 1606 5563 priora
1645 5488 1794 5553 facit,
1838 5490 1943 5542 alia

378 5692 495 5733 του,

2062 4394 2214 4456 σιῶν,
2245 4393 2295 4445 εἰ
2324 4391 2417 4445 καὶ
2442 4390 2721 4461 δεύτεραι,
2754 4389 2870 4443 ἀλλ’
2899 4386 2992 4445 οὖν
3029 4407 3091 4458 γε
3132 4392 3547 4462 προτιμότεραι.
3579 4392 3643 4447 Εἰ

2060 4484 2118 4537 δὲ
2149 4483 2206 4536 τὸ
2242 4483 2533 4554 ἀγέννητον
2561 4480 2655 4535 τοῦ
2692 4481 2952 4552 γεννητοῦ
2995 4480 3164 4535 αἴτιόν
3195 4483 3309 4536 ἐστι
3329 4521 3345 4546 ,
3386 4482 3480 4536 τοῦ
3505 4479 3642 4537 εἶναι

2062 4574 2493 4646 σημαινομένου,
2532 4573 2776 4643 γέννημα
2824 4571 3175 4644 συνεισφέρον
3207 4574 3275 4643 τῇ
3319 4572 3517 4627 ἑαυτοῦ
3555 4574 3645 4626 οὐ.

2062 4666 2153 4737 σία
2188 4664 2280 4718 τὸν
2326 4665 2527 4728 αἴτιον,
2562 4663 2750 4726 οὐσίας
2796 4663 2913 4716 ἐστὶ
2940 4662 3237 4734 δηλωτικὸν
3283 4663 3344 4716 τὸ
3374 4663 3643 4735 γέννημα,

2064 4757 2179 4811 ἀλλ’
2223 4757 2322 4826 οὐχ
2351 4756 2546 4822 ἕξεως,
2580 4756 2677 4826 τῆς
2718 4754 3014 4824 ἀγεννήτου
3047 4753 3257 4822 φύσεως
3286 4754 3441 4807 οὐδὲν
3479 4756 3644 4825 ἑαυτῇ

2068 4846 2492 4917 συνεισαγούσης
2518 4865 2531 4877 ·
2586 4849 2701 4911 πῶς
2747 4848 2847 4900 οὐκ
2880 4846 2946 4899 ἂν
2996 4846 3081 4917 είη
3132 4846 3319 4909 οὐσία,
3353 4845 3470 4899 ἀλλ’
3509 4847 3641 4911 ἕξις,

2071 4943 2163 4995 καὶ
2195 4944 2229 5014 ἡ
2259 4940 2553 5012 ἁγέννητος
2584 4942 2777 5010 φύσις;

2608 5128 2930 5197 Ἀγατροπὴ
2978 5129 3107 5183 KA'.

2129 5220 2205 5273 A'.
2251 5220 2459 5284 Ἕξεων
2510 5220 2863 5290 διαληπτικὺν
2914 5219 3071 5286 λόγον
3120 5217 3213 5269 ἐπὶ
3262 5216 3396 5271 Θεοῦ
3439 5234 3500 5270 τε
3554 5217 3643 5270 καὶ

2059 5308 2197 5377 μετά
2234 5308 2366 5361 Θεὸν
2398 5308 2829 5374 κατασκευάζειν
2870 5308 3030 5361 πάλιν
3059 5310 3191 5376 ἡμῖν
3222 5308 3481 5376 πειρᾶται
3530 5304 3645 5358 Ἀέ-

2053 5415 2201 5462 τιος,
2250 5398 2323 5462 ὡς
2357 5402 2519 5471 ὁρᾶτε
2550 5442 2565 5464 ,
2604 5402 2748 5469 φίλοι
2783 5402 2879 5471 τῆς
2928 5399 3205 5469 ἀληθείας.
3262 5398 3371 5451 Καὶ
3430 5397 3501 5451 τά
3552 5396 3646 5466 μὶν

2050 5487 2239 5557 πρῶτα
2264 5490 2464 5561 τίθησι,
2490 5491 2557 5545 τὰ
2577 5490 2632 5545 δὲ
2659 5491 2899 5561 δεύτερα.
2942 5490 3071 5542 Ἐπὶ
3112 5486 3229 5557 Θεῷ
3264 5486 3317 5539 δὲ
3354 5486 3644 5555 λαμϐάνειν

447 5611 493 5687 _'
525 5606 691 5663 Hebr.
731 5621 806 5671 χι,
847 5604 901 5659 6.
1004 5605 1021 5636 ¹
1054 5601 1209 5659 Joan.
1238 5618 1349 5671 ινι,
1374 5601 1463 5657 26.
1562 5603 1581 5633 ³
1610 5601 1765 5657 Joan.
1799 5616 1909 5667 xu,

2069 5601 2151 5655 i5.
2230 5601 2290 5655 ‘l
2332 5602 2457 5655 Cor.
2486 5619 2557 5669 tv,
2619 5604 2707 5657 20.
2780 5602 2801 5634 ⁸
2844 5600 2898 5655 F.
2931 5598 3262 5671 ἠκούσαμεν.
3359 5599 3377 5629 ⁸
3410 5596 3472 5653 F.
3514 5599 3646 5669 πέρα
