3790 6212
69 232 201 294 597

637 217 642 228 '
690 238 1062 296 snvansus
1099 241 1444 302 ιιιειιιεεεε
1477 247 1604 305 LIB.
1645 251 1734 306 ιιι.
1774 251 1941 310 Ton.
1980 251 2022 310 ι.
2061 283 2130 293 --
2164 249 2435 308 uenas.
2478 251 2706 308 LXXVI.

3241 253 3342 314 598

69 352 284 422 πρῶτα
321 351 352 422 ἢ
399 347 628 424 δεύιῖερα
664 354 788 406 οὐτε
821 353 978 426 θέμις
1019 355 1217 424 λέγειν.
1262 342 1410 432 ’Ἅμα
1449 360 1557 432 γὰρ
1606 362 1665 418 ἐν

1776 367 2094 436 posteriora.
2140 366 2304 438 Atqui
2345 367 2526 440 priora
2577 366 2687 420 ulla
2733 364 2787 419 in
2839 364 2970 430 Deo,
3016 367 3100 422 vel
3159 377 3342 438 poste-

69 442 210 512 Θεῷ
237 443 306 514 τὰ
341 444 519 496 πάντα
552 444 846 516 πρόσεστι,
892 446 986 500 καὶ
1016 449 1332 522 προσθήκης
1376 451 1437 505 οὐ
1470 452 1666 507 δέεται.

67 533 182 584 Διὸ
215 535 309 586 xui.
351 535 412 588 τὸ
444 535 693 606 γέννημα
731 536 830 588 οὐκ
878 537 986 590 ἀπὸ
1022 539 1212 608 χρόνου
1243 541 1478 596 νοεῖσθαι
1513 544 1668 596 εὐσε-

71 621 192 692 ϐὴς
241 627 412 696 χωρεῖ
463 625 642 696 λόγος.
693 627 812 698 Θεῷ
862 629 967 699 γὰρ
1009 629 1218 700 Πατρὶ,
1269 633 1362 686 καὶ
1394 633 1540 702 Υίῷ,
1575 635 1670 708 καὶ

71 713 233 784 ἁγίῳ
257 715 534 786 Πνεῦματι
557 757 572 781 ,
607 717 853 771 τουτέστι
880 722 946 790 τῇ
999 719 1188 789 Τριάδι
1212 723 1276 790 τῇ
1309 719 1444 796 οὔσῃ
1475 724 1611 794 ὅπερ
1641 726 1670 777 ὁ

71 804 161 858 ὣν
195 807 360 872 Θεὸς,
389 810 632 864 καλεῖται
665 811 856 882 Πατὴρ
885 813 911 864 ὁ
954 809 1029 866 ὢν
1049 852 1064 876 ,
1091 813 1184 866 καὶ
1215 815 1342 879 Υἱὸς
1369 816 1398 867 ὁ
1431 815 1506 870 ὢν
1535 817 1669 886 πρὸς

71 892 184 952 ’τὸ-ἲ
209 901 340 954 ὄντα
376 901 484 965 ὢν,
518 903 915 974 γεγεννημένος
951 904 1202 974 ἁνάρχως
1255 907 1350 960 καὶ
1379 908 1622 978 ἀχρόνως
1651 926 1666 940 ·

73 989 168 1052 ὡς
199 989 261 1042 τὸ
283 1032 300 1056 ,
335 991 499 1060 Παρὰ
531 993 628 1046 σοι
659 993 824 1062 πηγὴ
852 993 1035 1062 ζωῆς·
1065 995 1158 1048 uati.
1184 995 1264 1060 τὸ,
1304 997 1400 1050 Ἑν
1424 997 1503 1062 τῷ
1523 999 1672 1066 φωτί

69 1093 208 1134 σου
239 1082 508 1150 ὀψόμεθα
545 1081 670 1152 φῶς
693 1099 706 1113 ·
749 1084 842 1138 καὶ
873 1085 952 1150 τὸ,
992 1085 1045 1138 '0
1078 1085 1162 1138 ὢν
1196 1089 1281 1152 εις
1307 1088 1412 1142 τὸν
1441 1089 1672 1144 κόλπον

71 1170 198 1224 τοῦ
235 1173 466 1240 Πατρός
489 1189 502 1202 °
533 1177 627 1228 καὶ
655 1175 734 1240 τὸ,
775 1176 870 1228 Ἐν
898 1175 1056 1254 ᾀρχῇ
1083 1173 1162 1247 ἦν
1205 1180 1238 1231 ὁ
1262 1179 1475 1248 Λόγος,
1505 1182 1604 1236 καὶ
1637 1183 1670 1236 ό

73 1262 288 1332 Λόγος
317 1259 396 1334 ἦν
425 1265 574 1334 πρὸς
613 1267 716 1320 τὸν
746 1266 926 1330 Θεὸν,
959 1269 1055 1322 καὶ
1085 1269 1229 1336 Θεὸς
1255 1267 1335 1340 ἦν
1366 1273 1399 1326 ὁ
1434 1271 1625 1340 Λόγος
1653 1289 1668 1304 ·

73 1351 184 1402 καὶ
218 1353 350 1423 περὶ
372 1351 463 1405 τοῦ
494 1353 644 1422 ἁγίου
673 1355 984 1426 Πνεύματος
1011 1358 1270 1422 ὡσαύτως
1288 1376 1300 1388 ·
1340 1359 1409 1414 Τὸ
1431 1360 1674 1430 Πνεῦμά

69 1459 206 1510 μου
238 1443 578 1514 ἐφέστηκεν
607 1448 677 1498 ἐν
713 1447 883 1516 μέσῳ
912 1449 1097 1518 ὑμῶν.
1139 1451 1249 1504 Καὶ
1287 1452 1418 1523 ὁρᾶς
1437 1493 1451 1514 ,
1479 1453 1560 1506 ὅτι
1590 1454 1673 1506 οὐ·

73 1534 172 1586 δὲν
199 1538 516 1610 πρόσφατον
541 1540 600 1592 ὲν
627 1541 692 1610 τῇ
717 1540 930 1612 Τριάδι;
947 1541 1037 1594 Διὸ
1061 1541 1183 1595 οὐτε
1207 1541 1320 1607 ἕξις
1347 1543 1453 1614 πρδ
1482 1543 1669 1611 ἕξεως,

75 1623 216 1678 οὔτε
241 1626 358 1690 ἕξις
392 1628 498 1698 πρὸ
528 1629 731 1694 οὐσίας.
755 1629 905 1696 ’Ἑξιν
934 1631 990 1684 δὲ
1012 1631 1073 1684 οὐ
1107 1632 1248 1686 κατὰ
1269 1632 1368 1696 τὰς
1397 1634 1672 1706 σφαλερὰς

1770 460 1917 514 riora
1957 458 2292 514 constituere
2357 472 2426 512 ne
2471 451 2722 511 Sermone
2767 457 2985 526 quidem
3050 457 3194 512 licet.
3247 457 3340 512 Et-

1767 549 1915 604 enim
1965 535 2130 624 simul
2181 551 2236 604 in
2287 547 2396 604 Deo
2443 549 2634 602 insunt
2685 549 2958 614 universa,
3001 564 3122 604 nec
3153 564 3340 606 acces-

1771 639 1982 696 sionem
2010 639 2248 710 aliquam
2297 637 2592 696 desiderat.
2641 636 2912 704 Quocirca
2951 653 3075 693 cum
3099 640 3336 710 genitam

1771 731 2016 806 sobolem
2045 731 2304 798 dicimus,
2335 731 2471 796 nihil
2494 731 2718 804 omnino
2747 731 3138 806 temporarium
3167 733 3337 802 pietas

1771 819 2030 900 admittit.
2091 819 2226 880 Nam
2267 821 2322 888 in
2373 822 2724 878 sanctissima
2770 819 3059 883 Trinitate,
3090 809 3212 876 'boc
3255 832 3340 877 est

1773 908 1885 966 Deo
1931 909 2114 978 Patre,
2158 908 2296 966 Filio
2324 917 2380 966 et
2435 909 2638 982 Spiritu
2681 918 2894 978 sancto,
2943 910 3036 982 qui
3076 919 3160 966 est
3196 909 3339 966 Deus

1769 1001 2043 1056 exsistens
2064 1039 2080 1064 ,
2133 999 2299 1056 Pater
2321 1001 2597 1058 exsistens
2645 1009 2894 1065 vocatur,
2935 1015 3146 1058 necnon
3168 1008 3220 1056 et
3246 1015 3342 1054 ex-

1771 1088 1975 1144 sistens
2018 1088 2190 1147 Filius
2240 1106 2365 1146 cum
2412 1092 2708 1158 exsistente
2756 1099 3124 1166 comparatus,
3157 1091 3224 1146 ab
3253 1105 3341 1146 eo-

1771 1195 1876 1250 que
1905 1181 2046 1236 citra
2079 1181 2294 1252 initium
2339 1182 2510 1238 ullum
2559 1191 2880 1254 tempusque
2920 1183 3157 1252 genitus,
3189 1191 3247 1236 ut
3271 1196 3340 1238 ex

1770 1271 1839 1326 iis
1887 1269 2183 1342 Scriptum
2229 1271 2366 1328 locis
2408 1271 2804 1343 intelligimus:
2835 1272 2989 1343 Apud
3022 1281 3070 1328 te
3105 1283 3184 1328 est
3219 1272 3340 1342 forte

1771 1362 1890 1418 vita:
1910 1361 1951 1416 ‘.
1993 1363 2160 1418 Item:
2194 1360 2262 1418 In
2298 1361 2495 1418 lumine
2520 1371 2608 1418 tuo
2644 1363 2928 1420 uidebimus
2967 1364 3218 1438 lumen“;
3248 1371 3337 1418 et:

1772 1452 1878 1519 Qui
1923 1463 2002 1508 est
2041 1453 2097 1508 in
2135 1455 2256 1508 sinu
2307 1452 2552 1508 Patris‘.
2619 1451 2752 1508 Item
2783 1471 2797 1508 :
2829 1453 2897 1508 In
2927 1454 3182 1524 principio
3221 1461 3338 1507 erat

1781 1540 2026 1607 Verbum,
2082 1551 2130 1596 et
2170 1541 2394 1596 Verbum
2435 1550 2550 1596 erat
2587 1541 2726 1610 apud
2764 1541 2958 1610 Deum,
2989 1553 3039 1597 et
3061 1542 3199 1598 Deus
3225 1552 3339 1596 erat

1781 1629 2004 1686 Verbum
2029 1632 2072 1684 τ.
2111 1631 2372 1686 Similiter
2397 1638 2451 1686 et
2486 1631 2552 1686 de
2585 1630 2791 1700 Spiritu
2831 1639 3024 1688 sancto
3059 1650 3071 1688 :
3099 1630 3338 1702 Spiritus

75 1714 393 1788 λεγομένας
443 1719 624 1786 ἕξεις,
662 1720 864 1791 τροπὴν
913 1721 1140 1792 ὲχούσας
1192 1725 1249 1776 ὲν
1303 1724 1516 1796 ἑκάστῳ
1557 1725 1666 1778 τῶν

1776 1739 1910 1776 meus
1952 1724 2192 1778 consistit
2240 1723 2294 1778 in
2342 1723 2512 1780 media
2550 1724 2708 1778 vestri
2736 1723 2780 1778 ⁸.
2819 1721 2985 1778 Vides
3011 1737 3174 1792 quam
3201 1721 3338 1776 nihil

78 1807 185 1870 τὰς
223 1806 446 1872 θετικὰς
495 1809 634 1876 ἕξεις
668 1811 898 1880 ἐχόντων
936 1829 950 1845 ο
985 1814 1034 1864 εί
1085 1814 1180 1868 καὶ
1219 1813 1332 1879 ἕξιν
1380 1815 1505 1886 περὶ
1533 1815 1666 1868 Θεοῦ

79 1896 276 1968 λέγειν
307 1899 636 1968 ἀναγκάσεις
674 1903 818 1974 ἡμᾶς
841 1943 856 1968 ,
888 1895 933 1955 ὦ
961 1903 1115 1956 Αέτιε
1141 1945 1158 1970 ,
1217 1905 1311 1958 xui.
1357 1903 1480 1958 οὐτε
1517 1922 1568 1959 τι
1611 1908 1668 1958 ἐν

79 1987 210 2058 Θεῷ
244 1991 668 2062 προτιμότερον,
702 1990 824 2060 οὐτε
884 1994 1338 2066 μεταγενέστερον
1367 2034 1383 2060 ,
1422 1994 1536 2048 ἀλλ’
1569 1996 1669 2052 ὅσα

81 2080 298 2150 πρέπει
339 2080 416 2152 τῷ
464 2081 734 2151 ἀξιώματι
783 2085 918 2155 πρὸς
944 2085 1288 2153 δοξολογίαν,
1317 2088 1384 2158 τῇ
1426 2087 1524 2158 μὲν
1572 2089 1669 2158 μιᾷ

83 2169 314 2242 Θεότητι
338 2173 430 2225 καὶ
453 2172 550 2244 μία
573 2173 870 2243 δοξολογία,
893 2175 987 2228 καὶ
1017 2175 1114 2246 μία
1142 2175 1297 2248 τιμὴ,
1333 2179 1436 2236 ἵνα
1461 2177 1670 2246 τιμῶσι

83 2265 212 2316 τόγ’
232 2264 404 2328 Υἱὸν,
431 2261 633 2332 ὥσπερ
665 2265 874 2334 τιμῶσι
901 2267 1010 2320 τὸν
1046 2266 1280 2334 Πατέρα
1298 2282 1312 2297 ⁸
1351 2266 1445 2320 καὶ
1475 2267 1562 2320 ἵνα
1593 2267 1668 2338 μὴ

87 2345 458 2428 βλασφημῶσι
488 2359 548 2410 τὸ
575 2358 798 2429 Πνεῦμα
837 2357 925 2412 διὰ
949 2357 1042 2410 τὸν
1077 2358 1176 2428 τῆς
1230 2357 1457 2429 ἀπειλῆς
1491 2356 1666 2424 λόγον,

83 2451 176 2502 τὸν
215 2453 296 2530 μὴ
325 2452 420 2524 τὴν
451 2453 723 2528 ἁμαρτίαν
747 2453 930 2516 αὐτοῖς
977 2450 1362 2530 συγχωροῦντα
1399 2443 1530 2514 ὧδε,
1575 2451 1669 2504 καὶ

86 2541 162 2596 tv‘
183 2527 278 2614 τῷ⁷
323 2527 570 2614 μέλλοντι
599 2542 788 2608 αἰῶνι·
817 2543 892 2606 ὡς
927 2527 1247 2612 πρεπόντως
1292 2539 1482 2614 [ἐστὶν]
1516 2541 1669 2594 οὐδὲν

85 2636 501 2708 διηλλαγμένως
526 2638 641 2690 ἐστὶ
666 2637 792 2708 περὶ
813 2637 910 2707 τὴν
934 2635 1137 2704 Τριὰδα
1159 2636 1320 2699 νοεῖν,
1342 2635 1375 2704 ῆ
1404 2633 1668 2700 εὐσεϐεῖν,

87 2728 122 2798 ἦ
147 2728 420 2794 δοξάζειν.
463 2729 550 2782 Ἐν
597 2730 772 2800 Πατρὶ
812 2727 870 2780 δὲ
899 2727 958 2780 τὸ
990 2725 1212 2796 Πατὴρ,
1259 2727 1318 2780 ὲν
1359 2723 1474 2796 Υἱῷ
1521 2726 1577 2780 δὲ
1609 2726 1672 2780 τὸ

101 2819 268 2886 Υἱὸς,
297 2823 354 2898 έν
381 2819 824 2894 ᾁγίῳΕΠνεύματι
844 2819 906 2872 τὸ
938 2820 954 2849 ¹
987 2818 1158 2884 οὕτως
1194 2816 1373 2886 λέγειν
1392 2859 1408 2884 ,
1439 2817 1532 2871 καὶ
1577 2817 1671 2872 οὐ-

89 2928 196 2974 τως
227 2912 292 2972 ὲν
325 2911 550 2980 ἀληθείᾳ
597 2909 874 2977 δοξάζειν,
923 2910 1058 2984 ὅπερ
1099 2907 1417 2980 πρεπόντως
1463 2911 1530 2980 τῇ
1573 2908 1672 2978 μιᾷ

1770 1815 1826 1869 in
1855 1813 2126 1876 Trinitate
2167 1816 2239 1870 sit
2279 1815 2512 1870 recens?
2551 1801 2708 1870 Unde
2736 1827 2838 1868 nec
2869 1812 3176 1868 substantia
3209 1809 3340 1868 aife-
3447 1871 3450 1874 ς

1769 1903 2028 1968 ctionem,
2058 1918 2160 1958 nec
2199 1903 2564 1966 substantiam
2611 1901 2884 1956 antecedit
2933 1899 3170 1956 alIectio.
3223 1899 3342 1954 Cae-

1769 2003 1945 2048 terum
1985 1992 2325 2048 aﬂ'ectionem
2371 2008 2495 2052 cum
2545 1991 2802 2058 dicimus,
2851 2006 2959 2044 non
2991 1987 3163 2044 ﬂttxas
3191 1989 3335 2055 illas,

1769 2093 1824 2144 et
1857 2083 2091 2144 caducas
2125 2084 2508 2156 intelligimus,
2547 2097 2668 2156 qua:
2698 2083 2755 2138 in
2787 2095 3114 2152 unaquaque
3147 2093 3334 2132 earum

1768 2189 1973 2236 rerum,
2024 2161 2147 2246 quae
2192 2174 2508 2236 adventitiis
2560 2174 2725 2230 rebus
2785 2159 3134 2234 adiciuntur,
3190 2170 3342 2223 vires-

1770 2277 1898 2318 snas
1954 2277 2020 2318 ac
2064 2263 2398 2320 mutationes
2431 2269 2754 2328 exerceant;
2785 2269 3062 2330 utcunque
3097 2273 3196 2314 nos
3226 2272 3256 2312 a
3288 2267 3338 2312 te

1769 2353 1944 2406 coacti
1990 2345 2296 2408 aﬂ‘eCtionis
2333 2351 2659 2408 vocabulum
2709 2349 2778 2405 ad
2814 2349 3002 2406 divina
3043 2346 3336 2404 transieri-

1770 2457 1912 2496 mus.
1948 2441 2094 2498 Nihil
2123 2455 2207 2520 est
2239 2441 2406 2515 igitur
2449 2443 2504 2498 in
2555 2441 2668 2518 Deo
2712 2441 2798 2498 vel
2843 2441 3195 2504 antecellens,
3255 2436 3340 2491 vel

1771 2543 1929 2592 aetate
1981 2538 2298 2606 posterius;
2363 2536 2458 2592 sed
2515 2552 2578 2614 ea
2632 2536 2898 2592 duntaxat
2959 2534 3168 2604 insunt,
3221 2545 3341 2602 qua:

1771 2630 2022 2702 dignitati
2067 2631 2214 2686 illius
2251 2631 2316 2686 ad
2364 2631 2580 2686 laudem
2627 2628 3173 2700 praedicationemque
3204 2639 3340 2696 con-

1771 2731 1994 2792 gruunt.
2035 2719 2306 2776 Nimirum
2347 2721 2442 2776 uni
2483 2705 2547 2776 ac
2597 2717 2861 2790 singulari
2895 2715 3191 2779 divinitati,
3234 2728 3339 2768 una

1771 2813 1916 2878 laus,
1947 2819 2003 2866 et
2034 2811 2329 2882 singularis
2355 2811 2531 2865 honor
2563 2808 2947 2864 attribuendus
2976 2815 3089 2870 est,
3147 2797 3216 2860 iit
3243 2803 3338 2858 Ito-

1774 2913 1954 2968 norent
1989 2899 2212 2966 Filium,
2256 2901 2393 2956 sicut
2439 2899 2703 2954 honorant
2755 2895 2965 2954 Patrem
2993 2895 3050 2962 ';
3101 2901 3156 2948 et
3187 2903 3247 2948 ut
3273 2908 3342 2948 ne

91 3004 289 3078 Τριᾴδι
323 2973 710 3080 πρδσκύνητίῦς
737 2973 798 3055 τὸ
827 2973 988 3064 σέϐας
1019 2973 1232 3072 νέμε-ιν,
1261 3003 1295 3072 ἡ
1321 2973 1550 3076 ἀληθινὴ
1575 2973 1668 3054 sui;

1776 2981 2230 3048 contumeliosum
2309 2991 2569 3060 quiddam
2637 2990 2692 3046 in
2782 2973 3048 3057 Spiritum
3113 2984 3340 3056 iaciant;

93 3060 456 3164 στις,καὶ’τὸ
481 3060 708 3165 ἀξιοῖ»μοὶ
729 3060 1039 3162 γινώσκειν.
1082 3060 1349 3147 ’Καὶτοῦτε
1395 3060 1456 3146 τὸ
1499 3060 1668 3161 ’ἀγέν-

1776 3085 1938 3160 966
1980 3083 2476 3140 interminationem
2501 3082 2646 3136 illam
2683 3069 2865 3143 veriti,
2893 3093 3001 3150 qua
3030 3075 3340 3132 istiusmodi

92 3161 254 3256 νητον
285 3185 381 3240 τοῦ
414 3161 672 3256 γεννητοῦ
718 3161 894 3238 δέεται
922 3225 936 3248 ,
979 3187 1058 3246 είς
1110 3184 1170 3236 τὸ
1223 3182 1669 3254 συνεισφέρεσθαι

1776 3161 1972 3244 scelus,
2009 3163 2084 3230 uti
2113 3190 2209 3246 par
2236 3184 2340 3238 est,
2383 3187 2483 3228 nec
2511 3173 2564 3226 in
2591 3173 2846 3243 praesenti
2896 3169 3116 3231 saeculo,
3166 3182 3266 3224 nec
3288 3169 3343 3222 in

93 3278 274 3349 ἑαυτῷ
313 3281 380 3349 τῇ
425 3277 582 3349 οὐσίᾳ
609 3317 626 3343 ,
684 3279 772 3332 ἵνα
809 3277 978 3330 αἴτιον
1032 3275 1216 3340 οὐσίας
1259 3275 1410 3346 αὐτῷ
1449 3275 1669 3345 γένηται

1776 3269 1960 3325 l'uturo
2012 3267 2433 3330 condonandum
2469 3251 2798 3322 edicitur”.
2857 3262 3037 3330 Quare
3097 3259 3232 3314 nihil
3289 3260 3344 3312 in

93 3346 396 3440 δηλωτικδν
421 3370 482 3422 τὸ
510 3346 758 3439 γέννημα
776 3386 790 3400 ·
823 3365 945 3422 οὔτε
979 3366 1092 3438 ’ἐξις
1129 3367 1227 3438 τῆς
1253 3367 1545 3438 ἀγεννήτου
1575 3365 1669 3434 φύ-

1779 3361 2050 3432 Trinitate
2088 3359 2330 3430 cogitare
2369 3357 2678 3420 diversum,
2726 3369 2902 3424 neque
2952 3354 3102 3422 salva
3147 3346 3346 3422 pietate

97 3479 232 3524 σεως
261 3463 301 3532 ἡ
331 3460 486 3514 οὐσία
526 3459 618 3513 τοῦ
649 3459 1046 3530 γεγεννημένου
1071 3459 1240 3522 ἐστὶν,
1276 3457 1310 3528 ἢ
1339 3456 1576 3525 λέγεται.

1778 3455 2004 3520 sentire,
2045 3462 2137 3508 aut
2167 3451 2381 3522 epinari
2413 3451 2562 3505 licet.
2601 3449 2802 3505 Verum
2837 3454 2892 3504 et
2935 3447 2990 3502 in
3031 3443 3192 3499 Patre
3236 3441 3344 3498 Pa-

97 3561 256 3617 trem,
325 3557 382 3608 et
435 3555 488 3606 t'n
521 3550 658 3606 Filio
690 3547 910 3616 Filium,
983 3557 1038 3606 et
1085 3549 1136 3604 in
1200 3547 1406 3618 Spiritu
1447 3555 1635 3604 sancto
1687 3545 1948 3618 Spiritum
2000 3555 2249 3601 sanctum
2299 3557 2594 3614 agnoscere
2651 3555 2751 3596 nos
2802 3545 3034 3610 Oportet.
3089 3535 3246 3591 Hunc
3289 3535 3343 3589 in

97 3647 326 3700 modum
381 3644 642 3714 proﬁteri,
677 3651 730 3698 et
764 3645 838 3697 ita
893 3659 958 3697 ex
1013 3641 1087 3696 rei
1149 3639 1379 3696 veritate
1435 3638 1682 3708 judicare
1712 3653 1938 3695 necesse
1969 3647 2088 3702 est;
2125 3650 2223 3706 pro
2252 3650 2318 3689 eo
2339 3625 2423 3688 'ac
2449 3641 2873 3688 consentaneum
2909 3637 3013 3694 est,
3042 3629 3134 3682 uni
3167 3627 3348 3682 Trini-

99 3739 192 3794 tati
221 3737 566 3793 adorationis
617 3737 861 3806 przebere
907 3739 1138 3800 cultum,
1207 3739 1262 3786 et
1301 3729 1447 3786 illius
1509 3729 1848 3799 majestatem
1899 3741 2219 3800 agnoscere.
2269 3725 2457 3795 Itaque
2505 3737 2605 3779 nec
2651 3721 2950 3792 ingenitum
3005 3733 3144 3790 opus
3187 3717 3347 3772 habet

99 3834 308 3905 genito,
361 3837 422 3884 ut
473 3829 676 3900 aliquid
719 3837 926 3882 naturae
974 3841 1088 3894 suae
1123 3824 1405 3890 conferat;
1445 3821 1843 3892 eiusque,dum
1873 3821 2046 3896 ipsam
2078 3811 2773 3888 declarat,quodammodo
2804 3825 2969 3866 causa
3035 3816 3344 3874 censeatur;

101 3943 278 4000 neque
305 3927 472 3998 geniti
493 3927 804 3983 substantia
831 3925 1088 3998 ingenita:
1113 3929 1325 3978 natura:
1347 3927 1452 3984 est,
1481 3929 1575 3975 aut
1595 3919 1798 3982 dicitur
1825 3911 2062 3978 affectio.
3327 3911 3332 3916 ‘

169 3995 246 4076 ἰδ’.
271 3995 499 4088 Οὐδενὸς
526 4021 636 4092 γὰρ
676 4021 709 4090 ἡ
750 3995 920 4089 Τριὰς
955 4016 1123 4092 δεῖται
1151 4055 1163 4078 ,
1197 4013 1320 4068 οὐτε
1361 4013 1669 4084 προσθήκην

1853 4005 1918 4063 ll.
1959 4005 2170 4076 Quippe
2221 4003 2464 4058 Trinitas
2505 4001 2586 4056 rei
2635 3999 2842 4054 nullius
2871 3996 3096 4068 indiget,
3134 4010 3234 4050 nec
3263 3995 3350 4050 ul-

103 4113 242 4178 τινὺς
277 4085 568 4185 λαμϐάνει.
604 4085 754 4164 Ὀὔτε
799 4085 910 4180 γὰρ
940 4091 1125 4177 ἐπειδή
1155 4105 1293 4175 αὐτὴ
1341 4106 1375 4174 ή
1405 4104 1574 4175 Τριὰς
1608 4098 1669 4174 ἦν

1779 4099 1886 4152 lius
1929 4097 2309 4152 accessionem
2359 4092 2620 4162 postulat.
2662 4091 2800 4144 Cum
2834 4088 2979 4143 enim
3010 4085 3252 4141 Trinitas
3281 4085 3351 4140 ab

105 4207 188 4260 ἀεὶ
212 4247 228 4272 ,
263 4207 361 4260 καὶ
406 4205 557 4258 οὐδὲν
601 4200 670 4275 ἦν
717 4205 824 4256 τῶν
874 4199 1248 4269 κεκτισμένων
1274 4236 1288 4258 ,
1325 4195 1476 4266 παρὰ
1519 4193 1669 4248 τοῦτο

1779 4199 1982 4246 ιειειιιο
2031 4183 2224 4253 fuerit;
2255 4200 2378 4240 cum
2414 4183 2548 4252 nihil
2580 4179 2760 4235 adhuc
2801 4185 3114 4233 creatarum
3167 4191 3351 4232 rerum

107 4297 540 4370 ἀποκληρώσεως
587 4296 773 4350 ἕνεκεν
795 4335 812 4360 ,
851 4293 890 4366 ἢ,
924 4291 1334 4363 προσληπτικῆς
1372 4305 1516 4351 τινος
1563 4287 1678 4340 ὀνο-

111 4391 342 4460 μασίας,
375 4389 410 4459 ἢ
439 4387 756 4459 προσθήκης
796 4384 870 4455 τῷ
901 4383 1174 4454 ἀξιώματι.
1234 4378 1412 4450 ἑαυτῷ
1445 4379 1673 4448 ἐπενόη-

111 4499 196 4536 σεν
219 4483 250 4533 ὁ
279 4479 472 4551 Πατὴρ
498 4519 512 4543 ,
543 4477 607 4532 δι’
640 4471 702 4530 οὗ
749 4479 768 4507 ³
807 4477 906 4546 μὲν
943 4475 1136 4540 κτίσας
1171 4473 1400 4546 οὐρανὸν
1425 4472 1519 4525 καὶ
1551 4469 1674 4540 γῆν,

111 4573 200 4626 καὶ
225 4573 406 4628 πάντα
434 4571 608 4642 ὁρατά
637 4587 698 4622 τε
748 4569 844 4624 καὶ
879 4567 1119 4639 ἀόρατα,
1153 4567 1248 4619 καὶ
1293 4563 1372 4636 τῷ
1401 4561 1680 4632 Πνεύματι

113 4661 270 4718 αὐτοῦ
306 4661 606 4732 ὲστερέωσε
639 4645 818 4718 πᾶσαν
848 4657 946 4730 τὴν
977 4658 1203 4728 δύναμιν
1237 4655 1417 4710 αὐτῶν
1445 4654 1553 4710 τῶν
1587 4653 1677 4707 ὐπ’

113 4755 268 4810 αὐτοῦ
301 4753 695 4824 κεκτισμένων,
727 4753 814 4806 ἵνα
843 4749 908 4804 εκ
952 4751 1047 4806 τοῦ
1075 4748 1360 4806 κεκτίσθαι
1404 4747 1473 4802 τὰ
1501 4761 1682 4800 κεκτι-

117 4845 280 4916 σμὲνα
307 4885 324 4910 ,
375 4842 472 4898 καὶ
524 4839 994 4913 δημιουργηθῆναι
1046 4838 1116 4892 τὰ
1162 4837 1423 4908 γεγονότα
1457 4838 1682 4890 ἐπισυν-

117 4932 334 5004 εισφορὰ
381 4932 608 5002 γένηται
657 4930 736 5000 τῷ
777 4930 970 5003 κτίστῃ
998 4928 1278 4992 ἀκούοντι,
1308 4927 1404 4980 καὶ
1431 4927 1685 4998 δημιουρ-

117 5023 191 5094 γῷ
217 5025 394 5096 Πατρὶ
423 5021 840 5094 προσληπτικῶς
888 5021 910 5052 ³
949 5020 1166 5098 νοηθείη
1199 5017 1278 5090 τῷ
1320 5017 1470 5090 Υἱῷ,
1523 5016 1590 5070 δι’
1619 5007 1681 5068 οὗ

119 5116 204 5186 καὶ
235 5119 328 5186 ἀφ’
380 5109 442 5172 οὗ
500 5113 566 5168 τὰ
590 5113 919 5184 κεκτισμένα
959 5112 1290 5183 γεγένηται,
1343 5107 1378 5179 ἢ
1431 5107 1510 5178 τῷ
1543 5105 1682 5178 ἁγίῳ

121 5208 419 5280 Πνεῦματι,
453 5209 510 5262 ὲν
555 5201 601 5275 ᾧ
653 5205 722 5260 τὰ
761 5204 1142 5276 ,ὲστερεωμένα
1190 5201 1537 5273 ὲστερέωται.
1572 5200 1683 5253 Καὶ

123 5298 221 5370 γὰρ
251 5300 312 5353 οὐ
331 5297 563 5367 τραπεὶς
588 5295 696 5348 ἀπὸ
731 5295 895 5362 ἕξεως
921 5296 1000 5358 εἰς
1039 5293 1150 5360 ἕξιν
1179 5291 1328 5358 Θεὸς,
1360 5290 1453 5344 καὶ
1480 5291 1548 5360 τῇ
1583 5289 1684 5358 φύ-

127 5407 200 5454 σει
236 5391 328 5446 καὶ
354 5391 426 5460 τῇ
461 5387 618 5456 οὐσία
650 5384 997 5451 ἀλλοιωθεὶς,
1049 5383 1124 5449 ὡς
1175 5385 1295 5438 κατ’
1337 5381 1543 5438 ἔννοιαν
1592 5379 1686 5434 καὶ

195 5561 210 5591 ¹
249 5559 402 5616 Deest
432 5559 654 5628 Πνεῦμα
679 5559 875 5625 λέγειν.
933 5561 952 5589 '
975 5556 1034 5611 F.
1067 5555 1204 5628 υἱοῦ.
1254 5555 1284 5628 7'
1319 5550 1630 5628 Deestl'orte

135 5627 158 5660 ⁸
187 5630 312 5702 Agg.
342 5647 400 5698 ιι,
436 5633 488 5686 6.
568 5623 780 5684 Noun.
801 5646 852 5694 v,
878 5629 968 5684 ‘23.
1049 5628 1090 5658 ¹⁰
1121 5627 1310 5680 Matth.
1353 5639 1450 5689 ιιι,
1478 5623 1566 5679 52.

1709 4283 2100 4370 Dexsisteret,
2149 4293 2258 4333 non
2304 4275 2510 4332 idcirco
2559 4281 2774 4336 tamen,
2824 4285 2932 4342 quo
2981 4269 3126 4325 velut
3159 4267 3352 4370 sortito

1783 4371 1886 4428 sibi
1919 4367 2124 4438 aliquid
2151 4366 2391 4428 cederet,
2439 4373 2533 4418 aut
2581 4377 2736 4417 novae
2768 4359 3000 4429 alicujus
3031 4355 3352 4428 appellatio-

1782 4464 1894 4528 nis,
1939 4461 2024 4516 vel
2069 4460 2139 4514 ad
2185 4458 2503 4529 dignitatem
2555 4468 2711 4510 suam
2770 4451 3103 4506 accessionis
3130 4464 3354 4518 compos

1787 4556 1960 4621 ﬂeret,
2009 4567 2194 4609 rerum
2243 4550 2488 4607 omnium
2535 4546 2966 4618 procreationem
3009 4545 3065 4598 in
3110 4543 3351 4597 animum

1787 4647 1998 4704 induxit
2056 4643 2428 4699 Paterzadeo
2475 4650 2534 4696 ut
2591 4639 2832 4702 cmlum,
2885 4644 3234 4706 terramque,
3301 4641 3356 4688 et

1789 4736 2144 4810 aspectabilia
2178 4733 2381 4797 omnia,
2413 4745 2586 4800 eaque
2622 4743 2744 4800 qua:
2770 4728 2943 4782 visum
2986 4723 3221 4796 fugiunt,
3260 4737 3358 4794 per

1785 4809 1986 4886 Filium
2036 4833 2266 4890 crearet,
2318 4824 2608 4891 omniaque
2637 4835 2758 4890 quae
2791 4809 3112 4873 condiderat
3141 4813 3352 4884 Spiritu

1790 4935 1891 4976 suo
1941 4917 2343 4980 corroboraret,
2395 4927 2504 4984 quo
2551 4927 2616 4965 ex
2662 4911 2752 4964 illa
2793 4907 3136 4962 conditarum
3172 4915 3376 4958 rerum

1789 5011 2085 5071 creatione,
2133 5020 2468 5077 operumque
2514 4999 2870 5056 fabricatione
2920 4995 3124 5065 aliquid
3159 4995 3212 5048 in
3257 4991 3359 5046 Pa-
3408 5055 3414 5062 .

1787 5101 1890 5156 tris
1937 5099 2223 5153 utilitatem
2268 5095 2622 5154 redundaret,
2671 5090 2762 5160 qui
2809 5093 3028 5141 creator
3068 5091 3124 5139 et
3162 5083 3358 5136 artifex

1790 5191 2203 5251 nominaretur;
2258 5187 2340 5242 vel
2390 5183 2695 5238 accessisse
2748 5177 3146 5246 intelligeretur
3174 5175 3240 5227 ad
3265 5170 3358 5227 Fi-

1791 5286 1960 5349 lium;
2010 5298 2104 5352 per
2129 5295 2314 5350 quem,
2367 5285 2421 5332 et
2469 5291 2499 5330 a
2545 5288 2654 5344 quo
2697 5279 2895 5326 creatae
2947 5283 3034 5322 res
3082 5261 3361 5336 producta:

1791 5383 1947 5442 sunt;
1980 5374 2062 5431 vel
2093 5371 2327 5442 denique
2356 5368 2424 5424 ad
2455 5367 2719 5438 Spiritum
2751 5369 3023 5426 sanctum,
3051 5359 3142 5432 qui
3169 5355 3357 5415 eadem

1655 5552 1710 5623 ἦ.
1781 5548 1802 5581 ⁸
1825 5547 1970 5606 Psal.
2005 5563 2164 5614 xxxv,
2199 5546 2284 5601 10.
2360 5545 2380 5575 ⁸
2415 5541 2546 5598 ibid.
2623 5541 2644 5574 ⁸
2671 5538 2826 5596 Joan.
2859 5554 2900 5603 ι,
2931 5537 3014 5592 i8.
3091 5536 3112 5568 ⁷
3147 5531 3278 5590 ibid.
3305 5533 3356 5591 ί.
