3790 6212
433 247 535 298 seu

1835 250 1890 308 S.
1938 247 2279 308 ΕΡΙΡΗΑΝΙΙ

3583 256 3678 308 ωυ

430 365 518 415 illa
574 362 932 417 confirmavit.
993 362 1108 419 Non
1159 365 1312 438 enim
1351 368 1420 423 ab
1467 367 1751 426 affectione
1807 372 1990 442 aliqua

2108 371 2390 426 151d60'mv
2427 372 2449 402 ³
2478 371 2770 442 εἰργάσατο
2799 372 2864 424 τὰ
2905 373 3260 441 εἰργασμένα.
3313 368 3434 441 Εἶχε
3471 371 3592 440 γὰρ
3625 373 3678 422 ἐν

427 470 724 509 conversus
756 457 808 509 in
845 457 1069 511 alteram
1115 456 1278 525 Deus,
1328 471 1382 515 et
1413 469 1628 527 natura,
1662 463 1996 519 substantia-

427 562 535 616 quc
575 556 817 602 mutatus
866 549 1013 603 velut
1063 551 1502 620 cogitabundus,
1563 563 1656 607 aut
1703 555 1770 609 ad
1832 556 1994 608 aliam

430 639 754 693 sententiam
807 639 1113 705 traductus,
1173 658 1293 712 qua:
1339 645 1561 700 molitus
1625 654 1708 700 est
1767 647 1992 701 eﬂ'ecit:

428 732 629 800 quippe
675 731 768 800 qui
819 731 875 786 in
921 749 1042 788 sese
1093 733 1396 788 fabricandi
1433 736 1540 790 vim
1570 737 1822 792 habuerit
1855 754 1998 794 sem-

430 835 546 889 per,
574 835 798 890 eamque
828 823 1145 893 perfectam,
1188 841 1285 880 nec
1315 826 1440 881 ullis
1475 826 1658 895 gloriae
1691 828 1996 883 incremen-

430 911 504 966 tis
558 913 883 982 augendam.
942 915 1208 982 Quocirca
1264 917 1746 986 quemadmodum,
1778 933 1901 972 cum
1933 920 2000 974 de

433 1007 631 1061 creatis
662 1009 822 1062 rebus
854 1009 1084 1079 agimus,
1121 1011 1229 1065 tale
1266 1011 1522 1081 quiddam
1566 1013 1632 1066 de
1675 1012 1785 1067 Deo
1817 1015 1998 1082 suspi-

431 1099 545 1150 cari
577 1097 752 1163 nefas,
803 1100 960 1167 quasi
1001 1099 1198 1155 divina:
1250 1103 1502 1157 essentia:
1543 1104 1837 1172 gloriaeque
1886 1119 2000 1156 ma-

426 1190 600 1257 jestas
629 1190 750 1256 ejus
779 1190 1081 1246 affectionis
1115 1192 1507 1261 dignitatisque
1536 1193 1625 1254 sit,
1645 1208 1764 1262 qua!
1797 1192 2000 1261 aliquid

432 1277 776 1333 extrinsecus
823 1279 1103 1334 vindicare
1148 1282 1250 1335 sibi
1302 1282 1508 1351 possit:
1546 1283 1622 1335 ita
1665 1291 1717 1336 et
1754 1282 2000 1338 refellen-

431 1369 535 1423 dus
562 1368 665 1423 erit
693 1371 904 1436 Aetius,
936 1373 1029 1441 qui
1055 1373 1563 1427 ratiocinationibus
1614 1378 1730 1428 suis
1764 1374 1999 1428 divinam

433 1464 684 1510 naturam
733 1460 1194 1527 comprehendere
1242 1461 1499 1530 cupiens,
1553 1463 1816 1531 ingeniti,
1860 1465 2002 1531 geni-

433 1547 582 1614 tiquc
611 1547 1036 1616 proprietatibus
1067 1550 1311 1603 abutitur
1340 1565 1400 1604 ea
1427 1549 1814 1619 disputatione,
1839 1568 2000 1621 quam

431 1636 501 1690 de
549 1637 870 1703 aﬂectione,
918 1646 972 1693 et
1017 1639 1321 1693 substantia
1362 1641 1518 1694 nobis
1569 1641 1809 1694 obtrudit
1839 1657 1850 1690 :
1878 1658 2000 1695 cum

2098 462 2274 532 ἑαυτῷ
2323 462 2382 514 τὸ
2419 463 2504 515 ἀεὶ
2536 462 2925 531 δημιουργικὸν
2959 467 3052 515 καὶ
3083 462 3287 515 τέλειον
3313 503 3328 526 ,
3372 464 3462 514 καί
3517 461 3662 530 μηόε·

2103 556 2229 622 μιᾶς
2256 553 2600 621 ἐπιδεόμενον
2631 553 2984 622 προσλήψεως
3011 553 3190 623 δόξης.
3235 555 3342 606 Καὶ
3373 552 3570 620 ὥσπερ
3591 551 3682 602 ἐπὶ

2099 642 2205 695 τῶν
2255 641 2571 710 κτισμάτων
2613 641 2674 693 οὐ
2702 641 2783 694 δεῖ
2807 641 3184 711 διανοούμενόν
3218 660 3337 694 τινα
3384 641 3514 709 περὶ
3547 637 3678 691 Θεοῦ

2101 728 2509 800 προσληπτικῆς
2563 728 2761 796 ἕξεως,
2820 731 2916 782 καὶ
2953 731 3111 796 ἀξίας
3159 726 3298 783 εἶναι
3350 732 3413 782 τὸ
3461 728 3677 796 ἀξίωμα

2098 822 2194 890 τῆς
2221 820 2406 882 οὐσίας
2429 859 2444 882 ,
2473 823 2566 874 καὶ
2596 820 2752 890 δόξης
2783 820 2918 874 Θεοῦ
2938 837 2952 850 ο
2978 820 3150 884 οὕτως
3177 819 3676 891 ἀνακρουσΰησεται

2113 913 2312 974 Ἀἐτιος
2343 951 2358 974 ,
2397 911 2715 982 βουλόμενος
2765 911 2898 964 Θεὸν
2959 910 3365 978 συλλογίζεσθαι
3412 908 3563 961 κα.τά
3622 909 3676 959 τὸ

2101 1005 2415 1073 ἀγέννητον,
2443 1005 2534 1056 καὶ
2562 1003 2840 1072 γεννητὸν,
2885 1002 3025 1055 κατὰ
3052 1002 3141 1054 τὸν
3171 1001 3336 1065 ἕξεως
3366 1001 3464 1053 καὶ
3490 1000 3672 1060 οὐσίας

2101 1096 2266 1149 αὐτοῦ
2323 1097 2714 1166 ἐπιφερόμενον
2768 1097 2901 1165 ἡμῖν
2941 1094 3118 1161 λόγον.
3200 1089 3674 1164 ὐμολοσγουμὲνων

2103 1188 2319 1240 πάντων
2369 1187 2476 1239 τῶν
2513 1186 2882 1254 κεκτισμένων
2931 1179 3070 1236 εἶναι
3118 1182 3330 1253 ἀληθῶς
3356 1199 3372 1212 ·
3435 1182 3538 1233 καὶ
3582 1180 3672 1247 οὐχ

2101 1280 2284 1332 ἕνεκεν
2324 1278 2677 1349 προσλήψεως
2711 1277 2868 1347 δόξης
2915 1275 3031 1345 Θεῷ
3065 1274 3143 1345 τῷ
3174 1273 3413 1327 ἀνενδεεί
3457 1275 3671 1340 ἐπινοη-

2103 1371 2301 1424 θέντων
2327 1388 2340 1400 ν
2375 1369 2562 1440 ὥσπερ
2606 1371 2697 1422 καὶ
2723 1370 2812 1420 ἐπὶ
2846 1367 2938 1419 τοῦ
2962 1365 3298 1434 Μονογενοῦς
3328 1367 3426 1418 καὶ
3457 1363 3555 1414 ἐπὶ
3588 1362 3673 1414 τοῦ

2105 1463 2259 1530 ἁγίου
2308 1461 2472 1514 αὐτοῦ
2506 1462 2818 1530 Πνεύματος
2855 1463 2918 1514 οὐ
2949 1462 3009 1514 τὸ
3041 1460 3154 1513 ἴσον
3186 1459 3302 1511 ἐστι
3350 1457 3536 1524 λέγειν
3575 1455 3674 1506 τῶν

2105 1553 2338 1606 κτιστῶν
2361 1569 2374 1582 θ
2403 1552 2717 1605 ἀνένδεκτον
2755 1554 2861 1624 γὰρ
2889 1552 3046 1604 τοῦτο
3075 1550 3273 1619 λέγειν.
3320 1547 3469 1600 Ἀλλ’
3494 1543 3675 1615 ἐπειδὴ

2107 1643 2494 1713 συλλογισμοὺς
2531 1644 2655 1713 ἣκει
2712 1643 2892 1712 φέρων
2937 1644 3067 1712 ἡμῖν
3136 1640 3338 1701 Ἀἑτιος
3390 1651 3676 1707 μεταρσιο-

433 1729 565 1782 illud
607 1729 662 1783 in
707 1731 964 1785 confesso
1003 1730 1096 1796 sit,
1129 1739 1342 1785 creatas
1380 1748 1466 1786 res
1505 1748 1696 1787 omnes
1750 1748 1872 1788 eSSe
1921 1748 1995 1788 re-

2108 1736 2308 1788 λεκτῶν
2331 1777 2345 1799 ,
2365 1711 2468 1788 καὶ
2498 1711 2631 1805 πρὸς
2669 1737 2736 1787 τὰ
2778 1711 2889 1788 ἅνω
2921 1733 3208 1804 τολμηρῶς
3237 1729 3676 1798 ἀποτεινόμενος,

431 1835 590 1885 vera;
635 1837 812 1890 neque
858 1832 1034 1876 tamen
1067 1823 1136 1877 ob
1169 1825 1334 1876 ullum
1385 1824 1728 1878 commodum
1779 1833 1873 1878 aut
1921 1826 1997 1878 in-

431 1918 766 1965 crementum
793 1911 954 1982 967
984 1913 1168 1982 gloriae
1199 1930 1227 1965 a
1268 1911 1400 1980 Deo,
1451 1915 1543 1982 qni
1588 1914 1736 1968 nulla
1775 1931 1834 1970 re
1862 1930 2001 1984 opus

432 2002 615 2064 habet,
647 2006 981 2073 excogitatas
1006 2004 1172 2059 fuisse
1199 2023 1212 2071 ;
1242 2021 1349 2058 non
1378 2019 1535 2060 secus
1569 2014 1731 2076 atque
1759 2007 1810 2059 in
1838 2008 2000 2062 unico

434 2090 530 2145 Dei
561 2090 720 2157 Filio,
763 2094 990 2163 ejusque
1042 2103 1234 2150 sancto
1285 2095 1489 2165 Spiritu
1543 2096 1696 2153 nefas
1743 2107 1826 2152 est
1871 2113 1997 2152 cum

433 2193 741 2237 creatarum
801 2199 983 2238 rerum
1033 2186 1345 2241 conditione
1374 2187 1496 2241 illos
1529 2188 1833 2258 adaequare.
1882 2189 1997 2244 Diei

432 2272 576 2324 enim
620 2271 764 2325 istud
807 2274 960 2327 nullo
993 2275 1151 2329 modo
1187 2283 1384 2345 potest.
1418 2276 1485 2329 At
1515 2293 1641 2332 vero
1672 2279 1997 2343 rationibus,

433 2360 873 2432 syllogismisqne
906 2365 1018 2418 suis
1053 2379 1154 2418 nos
1196 2365 1510 2436 aggreditur
1542 2366 1752 2432 Aetius,
1791 2367 1858 2422 de
1886 2383 1998 2422 cet:-

431 2451 659 2507 lestibus
699 2453 861 2508 rebus
899 2455 1167 2525 garriens,
1215 2467 1269 2510 et
1317 2456 1572 2511 audacter
1602 2457 1672 2510 ad
1716 2459 1998 2527 superiora

432 2542 792 2606 contendens,
827 2550 990 2613 atque
1026 2545 1092 2599 ab
1126 2545 1477 2600 inferioribus
1512 2549 1778 2600 creaturis
1812 2548 1996 2617 petitis

432 2633 767 2702 argumentis
811 2650 911 2690 nos
949 2650 1292 2706 oppugnans,
1343 2651 1466 2691 cum
1510 2648 1687 2691 tamen
1726 2639 1840 2692 suis
1889 2639 1997 2694 illis

431 2722 817 2792 disputationis
851 2727 1077 2798 argutiis
1105 2727 1237 2780 nihil
1263 2728 1484 2782 omnino
1512 2739 1843 2799 promoveat.
1897 2729 2001 2784 llo-

430 2816 638 2870 minum
682 2819 881 2888 quippe
923 2820 1185 2890 sapientia
1251 2823 1488 2890 praeterit
1540 2843 1554 2878 :

2105 1829 2213 1880 ἀπὸ
2268 1827 2324 1879 δὲ
2377 1827 2482 1879 τῶν
2521 1828 2669 1879 κάτω
2727 1823 3293 1894 ἀντισυλλογιζόμενος
3343 1820 3677 1889 κτισμάτων,

2105 1918 2200 1969 καὶ
2230 1917 2390 1979 αὐτὸς
2421 1917 2585 1986 μηδὲν
2621 1915 3004 1987 εὑρισκόμενος
3044 1914 3184 1968 κατὰ
3215 1913 3309 1964 τὸν
3339 1909 3676 1976 συλλογιστςο

2104 2009 2198 2060 κον
2222 2007 2383 2061 αὐτοῦ
2412 2007 2588 2074 λόγον.
2621 2007 2690 2058 Ἤ
2719 2025 2778 2059 τε
2804 2006 2911 2076 γὰρ
2943 2007 3103 2075 σοφία
3127 2001 3436 2073 ἀνθρώπων
3471 2000 3674 2069 παρέρα

2102 2114 2285 2164 χεται,
2316 2098 2351 2168 ἦ
2389 2115 2446 2150 τε
2483 2096 2857 2167 συλλογιστικὴ
2888 2095 3030 2161 λέξις
3065 2093 3368 2164 ἀνθρώπιον
3393 2090 3672 2144 Θάπτεται.

2116 2190 2525 2254 Ἐξελεύσεται
2569 2190 2678 2261 γὰρ
2717 2190 2784 2242 τὸ
2824 2189 3066 2257 Πνεῦμα
3113 2186 3300 2241 αὑτοῦ
3329 2223 3344 2248 ,
3408 2183 3514 2236 καὶ
3569 2184 3678 2235 ext-

2105 2281 2348 2348 στρέψει
2378 2284 2463 2346 εἰς
2491 2281 2600 2334 τόν
2623 2279 2777 2350 χοῦν
2801 2279 3008 2334 αὐτοῦ.
3043 2279 3124 2333 Τὰ
3151 2278 3260 2347 γὰρ
3295 2273 3678 2342 συλλογιστιύ

2107 2372 2282 2425 πάντα
2313 2371 2420 2423 τῶν
2459 2372 2756 2442 ἀνθρώπων
2781 2372 3114 2442 παρέρχεται
3140 2407 3156 2433 ,
3193 2367 3288 2421 καὶ
3327 2369 3375 2419 οἱ
3406 2365 3507 2419 ἄνθ
3518 2380 3678 2433 ρωποι

2109 2463 2246 2532 μετὰ
2287 2463 2379 2516 καὶ
2405 2463 2502 2533 τῆς
2552 2463 2972 2536 σολλογιστικῆς.
2999 2460 3206 2514 Ἀετίου
3230 2500 3245 2521 ,
3275 2458 3371 2511 καὶ
3404 2457 3554 2510 κατὰ
3593 2456 3674 2505 1:!-

2107 2571 2271 2618 στεως
2299 2555 2551 2625 τεχνικῆς
2579 2555 2992 2624 ἐπιτηδεύσεως.
3019 2553 3189 2608 Μένει
3226 2551 3282 2604 δὲ
3317 2552 3352 2621 ἡ
3390 2551 3486 2602 ὑπ’
3522 2546 3675 2600 αὑτοῦ

2105 2644 2478 2715 συλλογιστικὴ
2503 2644 2524 2674 δ
2567 2643 2748 2706 πίστις
2774 2684 2789 2707 ,
2819 2643 2915 2697 καὶ
2937 2642 3114 2705 ἐλπὶς,
3156 2639 3252 2693 καὶ
3282 2637 3478 2707 ἀγάπη
3499 2676 3515 2700 ,
3545 2635 3677 2687 κατὰ

2106 2735 2166 2788 τὸ
2193 2734 2598 2808 γεγραμμένον.

1615 2824 1851 2878 humana
1910 2826 2271 2884 ratiocinandi
2325 2831 2409 2885 vis
2466 2846 2531 2886 ac
2581 2829 2858 2886 subtilitas
2900 2831 3218 2899 consepulta
3269 2828 3425 2898 jacet
3491 2843 3506 2876 :
3549 2815 3674 2874 Eri-

431 2906 527 2969 ln‘t,
571 2906 769 2975 inquit,
805 2908 1020 2975 spiritus
1067 2909 1201 2977 ejus,
1243 2921 1290 2964 et
1350 2920 1632 2966 revertetur
1677 2915 1731 2967 in
1766 2915 2026 2982 pulverem
2086 2935 2238 2973 suum
2266 2923 2305 2974 ¹.
2366 2920 2842 2991 Syllogismorum,
2907 2921 3152 2989 inquam,
3198 2917 3460 2973 acumina
3497 2911 3670 2968 omnia

429 2995 709 3052 hominum
770 2998 1000 3069 ingeniis
1055 3003 1358 3071 excogitata
1390 3012 1737 3072 praetereunt,
1775 3006 2130 3078 hominesque
2174 3011 2393 3080 pariter,
2457 3026 2579 3065 cum
2613 3011 2703 3064 illa
2739 3005 2875 3064 Aetii
2912 3007 3350 3070 ratiocinatione,
3428 3011 3488 3060 et
3547 3001 3668 3056 afe-

430 3095 580 3141 ctato
632 3097 821 3143 contra
885 3091 1041 3146 fidem
1090 3093 1402 3146 calliditatis
1445 3092 1698 3147 artiﬁcio.
1770 3093 1947 3150 Manet
2014 3105 2192 3152 autem
2256 3113 2340 3163 ea,
2383 3115 2544 3169 quam
2617 3099 2944 3169 syllogismis
2990 3097 3108 3152 suis
3148 3095 3553 3150 circumvenire
3586 3103 3667 3144 co-

431 3191 611 3245 natur,
638 3180 790 3243 fides,
830 3197 956 3251 spcs
990 3189 1043 3236 et
1071 3182 1330 3247 Charitas,
1369 3184 1443 3237 uti
1477 3183 1740 3252 scriptum
1763 3188 1906 3240 est’.

890 3294 1074 3350 ΛΕΤΙΙ
1113 3296 1338 3351 CAPUT
1379 3296 1543 3354 XX".

503 3386 561 3440 Si
609 3386 919 3441 substantia
964 3387 1142 3441 omnis
1173 3388 1412 3456 ingenita
1452 3388 1542 3453 sit,
1576 3388 1885 3458 eujusmodi
1915 3395 2000 3443 est

429 3479 818 3558 omnipotentis
863 3477 982 3540 Dei,
1035 3479 1165 3549 quid
1209 3480 1400 3534 attinet
1440 3480 1582 3534 hanc
1619 3480 1838 3550 quidem
1872 3494 1999 3550 pas-
2040 3511 2042 3514 -

431 3570 681 3624 sionibus
725 3569 1039 3634 obnoxiam,
1084 3571 1232 3622 illam
1291 3585 1418 3624 vero
1455 3579 1730 3641 expertem
1782 3584 1999 3626 asseve-

429 3663 596 3718 rare?
641 3661 797 3728 Quod
848 3661 893 3716 si
933 3662 1287 3715 attributione
1331 3660 1564 3730 quadam
1616 3662 1869 3733 ingenitae
1901 3675 2000 3715 na-

428 3763 607 3819 turae,
671 3755 842 3807 altera
893 3753 1225 3822 quantitate,
1279 3751 1580 3821 qualitate,
1643 3759 1806 3823 atque
1849 3754 1998 3807 omni

429 3862 659 3916 prorsus
689 3854 870 3912 manet
914 3845 1218 3899 mutatione
1252 3845 1530 3914 superior;
1561 3843 1731 3899 altera
1759 3843 1999 3899 affectio-

428 3939 592 3992 nibus
623 3937 885 3999 obnoxia,
948 3949 1068 4004 qua:
1125 3943 1307 3988 tamen
1363 3934 1500 4004 ipsa,
1560 3942 1618 3989 ut
1675 3934 2000 3990 immutabili

427 4023 752 4079 substantia:
782 4023 1096 4077 conditione
1133 4022 1225 4087 sit,
1275 4022 1542 4076 beneficio
1584 4022 1819 4092 quodam
1869 4025 2000 4079 alte-

427 4114 545 4169 rius
599 4113 672 4168 sit
725 4113 938 4182 adepta.
997 4110 1053 4166 Si
1085 4112 1221 4175 haec,
1268 4112 1512 4182 inquam,
1552 4115 1622 4167 ita
1655 4128 1713 4168 se
1742 4113 1998 4178 habeant,

429 4213 523 4259 aut
586 4219 760 4269 casu,
819 4219 881 4258 ac
935 4204 1160 4259 fortuito
1220 4204 1272 4257 id
1341 4203 1641 4274 contigisse
1707 4203 1998 4259 dicendum

429 4308 545 4365 est;
580 4308 674 4355 aut
714 4300 846 4354 illud
896 4315 1236 4370 consequens
1299 4309 1401 4362 est,
1449 4307 1506 4353 ut
1541 4310 1594 4354 et
1630 4315 1692 4353 ea
1730 4314 1850 4370 quae
1891 4300 2023 4370 agit,

426 4403 631 4449 scatur.

953 4490 1256 4558 Coufutatt'o
1276 4489 1467 4543 XXII.

497 4583 538 4636 ι.
594 4582 780 4653 Neque
834 4585 1197 4638 substantiam
1250 4599 1466 4636 onmem
1529 4584 1821 4653 ingenitam
1875 4598 1998 4636 esse

2463 3291 2854 3350 ΚΕΦΑΛΑἸΟΝ
2895 3295 3148 3348 ΛΕΤΙΟΥ
3189 3294 3318 3347 KB’.

2175 3390 2233 3441 Εἰ
2267 3389 2416 3441 πᾶσα
2445 3388 2602 3441 οὐσία
2632 3388 2778 3440 ἐστὶν
2816 3387 3106 3456 ἀγέννητος
3130 3425 3144 3449 ,
3179 3381 3269 3438 οἷα
3312 3385 3350 3455 ἡ
3383 3383 3524 3437 Θεοῦ
3548 3400 3674 3435 παν-

2100 3479 2426 3550 τοκράτορος
2451 3520 2467 3543 ,
2510 3478 2625 3542 πῶς
2649 3478 2715 3531 ἂν
2746 3477 2842 3548 τὴν
2877 3479 2973 3547 μὲν
3003 3475 3254 3546 παθητὴν
3286 3476 3407 3545 ἑ,ρεί
3432 3491 3520 3538 τις
3538 3513 3554 3537 ,
3581 3474 3670 3543 τὴν

2101 3571 2156 3623 δὲ
2186 3571 2370 3641 ἀπαθῆ
2396 3589 2408 3636 ;
2439 3571 2502 3624 Εἰ
2533 3571 2590 3623 δὲ
2625 3569 2836 3638 φύσεως
2869 3566 3253 3639 ἀποκληρώσει
3278 3568 3612 3636 ἁγεννήτου,
3639 3566 3670 3630 ἠ

2105 3665 2202 3735 μὲν
2227 3663 2470 3733 διαμένει
2502 3662 2798 3732 ποσότητος
2841 3660 2938 3714 καὶ
2975 3659 3290 3730 ποιότητος,
3331 3657 3431 3710 καὶ
3450 3699 3467 3723 ,
3499 3655 3669 3717 ἁπλῶς

2104 3755 2277 3807 εἰπεῖν
2307 3795 2322 3820 ,
2361 3755 2542 3824 πάσης
2594 3750 2895 3823 μεταϐολῆς
2942 3751 3220 3820 ἀμείνων,
3281 3749 3315 3819 ἠ
3376 3748 3434 3801 δὲ
3493 3743 3665 3800 παθῶν

2105 3846 2397 3909 ὑπεύθυνός
2429 3847 2565 3907 ἐστι,
2623 3841 3035 3912 συγχωρηθεῖσα
3067 3839 3156 3894 διὰ
3194 3839 3257 3892 τὸ
3290 3841 3311 3871 ⁸
3365 3836 3666 3907 ἀπαράλλειο

2100 3953 2227 3989 κτον
2277 3937 2356 3998 εἰς
2398 3935 2583 3986 οὐσίαν
2619 3932 2784 4002 ἔχειν,
2836 3931 2912 4002 τῷ
2945 3930 3237 4000 αὐτομάτῳ
3272 3925 3664 3999 ἐπιτρέψαιτὸν

2103 4027 2359 4096 φιλοῦντα
2396 4024 2537 4077 κατὰ
2565 4023 2634 4076 τὰ
2667 4022 3069 4094 προειρημένα·
3099 4021 3217 4092 ἢτό
3249 4019 3302 4087 γ’
3336 4015 3432 4073 οὖν
3459 4016 3665 4072 ἀχόλω·

2104 4119 2219 4178 θον,
2242 4116 2341 4188 τὴν
2379 4116 2478 4187 μὲν
2518 4115 2778 4168 ποιοῦσαν
2829 4114 3119 4183 ἀγέννητον
3165 4112 3342 4166 εἰπεῖν
3363 4151 3380 4175 ,
3413 4107 3664 4179 γεννητὴν

2103 4205 2159 4256 δὲ
2191 4203 2290 4274 τὴν
2319 4202 2617 4274 μεταϐαλλο
2623 4203 2812 4274 μένην.

2065 4301 2326 4370 ingenita,
2376 4307 2448 4355 .ct
2484 4315 2604 4368 quae
2632 4298 2990 4353 mutationem
3042 4298 3271 4367 patitur,
3313 4297 3502 4366 genita
3548 4308 3662 4349 ten-

2647 4483 2965 4552 Ἀνατροπὴ
3003 4486 3132 4537 KB’.

2177 4582 2253 4633 'A'.
2287 4580 2360 4632 Οὐ
2414 4579 2591 4631 πᾶσαν
2644 4577 2832 4629 οὐσίαν
2881 4571 3020 4628 εἶναι
3074 4573 3306 4643 λέγομεν
3361 4573 3659 4642 ἀγέννητον.

426 4676 701 4741 dicimus;
742 4690 842 4730 nec
871 4691 1087 4730 onmem
1115 4691 1143 4728 a
1175 4674 1284 4730 Deo
1313 4675 1549 4745 genitam
1577 4715 1591 4735 ,
1625 4675 1882 4743 quoniam
1904 4676 1995 4744 qui

2108 4672 2222 4724 οὐδὲ
2263 4672 2440 4723 πᾶσαν
2475 4670 2540 4722 ὲκ
2575 4666 2709 4721 Θεοῦ
2743 4667 3008 4738 γεννητήν
3031 4680 3044 4695 '
3087 4666 3168 4719 ὃτι
3221 4667 3250 4718 ὀ
3294 4667 3560 4735 γεννήσας
3584 4664 3660 4717 τὸν

425 4766 624 4820 Filium
661 4782 819 4819 suum
865 4767 1072 4833 genuit,
1123 4775 1176 4818 et
1210 4781 1237 4819 a
1289 4782 1346 4820 se
1374 4767 1493 4835 ipso
1548 4765 1808 4833 Spiritum
1866 4782 1994 4820 san-

425 4867 575 4913 ctum
619 4858 820 4922 emisit,
869 4858 1042 4919 illum,
1080 4858 1324 4927 inquam,
1355 4856 1642 4928 Spiritum,
1678 4858 1769 4927 qui
1805 4872 1994 4912 eorum

423 4965 546 5020 qua:
599 4949 722 5004 Filii
771 4957 917 5014 sunt,
980 4950 1249 5019 particeps
1297 4949 1418 5012 fuit,
1474 4964 1581 5003 non
1635 4965 1845 5012 omnes,
1899 4949 1993 5004 sed

425 5055 594 5094 unum
622 5039 888 5094 duntaxat
919 5040 1103 5109 genuit
1136 5059 1146 5092 :
1182 5039 1325 5093 unde
1363 5047 1417 5093 et
1455 5040 1768 5110 unigenitus
1792 5047 1907 5106 est;
1942 5048 1995 5093 et

426 5146 593 5185 unum
648 5131 884 5186 emisita
931 5146 992 5186 se
1054 5131 1227 5199 ipso;'
1271 5131 1412 5185 unde
1465 5129 1702 5200 Spiritus
1749 5141 1991 5186 sanctus.

423 5222 528 5278 Per
579 5238 744 5276 unum
772 5236 932 5291 porro
985 5223 1208 5285 creavit,
1263 5231 1316 5275 et
1371 5221 1423 5275 in
1489 5238 1598 5276 uno
1657 5223 1998 5276 confirmavit

424 5329 634 5373 omnes,
686 5327 917 5382 quorum
972 5313 1062 5366 alii
1095 5312 1388 5383 generandi
1419 5313 1526 5366 vim
1549 5313 1768 5374 habent,
1794 5325 1846 5367 et
1877 5322 1999 5382 post

427 5408 654 5475 primam
699 5407 1028 5459 creationem
1071 5405 1326 5474 deinceps
1368 5414 1730 5475 generantur;
1787 5405 1876 5457 alii
1922 5406 2000 5459 sic

428 5497 594 5550 creati
627 5505 786 5560 sunt,
836 5506 892 5550 ut
943 5512 1118 5566 neque
1170 5499 1413 5567 gignant,
1462 5514 1636 5567 neque
1688 5499 2001 5567 gignantur.

500 5608 685 5664 ‘Psal.
719 5626 874 5676 (XLV,
902 5612 955 5666 ιι.
1031 5615 1049 5647 ³
1083 5612 1103 5666 ι
1135 5613 1261 5668 Cor.
1299 5630 1416 5680 xm,
1455 5614 1537 5670 15.

1631 5616 1646 5645 ³
1689 5612 1746 5668 ιτ.
1783 5615 2100 5685 μεταϐολήν.

2106 4761 2164 4825 ἐξ
2189 4759 2351 4814 αὑτοῦ
2380 4759 2790 4828 γεγεννημένον,
2827 4759 2921 4812 καὶ
2966 4755 3290 4818 ἀποστείλας
3337 4754 3398 4818 ei
3424 4754 3582 4808 αὐτοῦ
3604 4755 3655 4804 τὸ

2106 4854 2256 4922 ἆγιον
2297 4851 2520 4920 Πνεῦμα
2559 4848 2744 4909 αὑτοῦ,
2780 4848 3000 4917 Πνεῦμα
3029 4845 3136 4899 τῶν
3167 4845 3299 4898 Υἱοῦ
3335 4845 3576 4914 μετέχον,
3598 4844 3650 4894 αἱ

2103 4950 2307 5011 πάντας
2337 4946 2623 5016 ἐγέννησεν
2642 4985 2656 5009 ,
2687 4944 2800 4998 ἀλλ’
2829 4942 2925 4998 ἕνα
2945 4960 2957 4971 ·
2987 4942 3068 4995 διὸ
3096 4942 3410 5011 Μονογενής
3435 4949 3466 4972 ”
3484 4940 3572 4993 καὶ
3602 4937 3651 4988 ἐν

2103 5039 2160 5106 ἐξ
2192 5039 2354 5093 αὐτοῦ
2383 5036 2702 5091 ἀπέστειλεν
2726 5053 2740 5066 ’
2763 5035 2843 5089 διὸ
2876 5035 3029 5103 ἅγιον
3066 5032 3311 5102 Πνεῦμα.
3356 5033 3570 5086 Ἐκτισε
3602 5029 3647 5079 δὲ

2098 5134 2186 5185 διὰ
2216 5131 2309 5184 τοῦ
2343 5130 2458 5193 ἐνὸς
2480 5171 2495 5195 ,
2540 5129 2634 5182 καὶ
2677 5127 3005 5197 ἐστερέωσεν
3054 5127 3112 5179 ὲν
3142 5123 3221 5194 τῷ
3251 5125 3333 5177 ἐνὶ
3370 5124 3497 5185 τοὺς
3539 5121 3650 5173 πάν-

2100 5241 2196 5287 τας
2215 5241 2226 5254 ·
2260 5224 2384 5285 τοὺς
2417 5221 2516 5291 μὲν
2537 5219 2839 5289 γεννῶντας
2862 5259 2876 5282 ,
2908 5219 3002 5272 καὶ
3039 5216 3177 5287 μετὰ
3206 5216 3386 5269 κτίσιν
3418 5229 3649 5284 γεγεννηο

2105 5315 2295 5386 μένους
2322 5353 2338 5376 ,
2368 5313 2492 5375 τοὺς
2526 5313 2581 5364 δὲ
2626 5311 2940 5372 κτισθέντας
2959 5349 2974 5373 ,
3009 5310 3145 5380 μήτε
3173 5308 3508 5374 γεννῶντας,
3539 5306 3650 5374 μήτε

2103 5407 2549 5477 γεγεννημένους.
2592 5405 2734 5456 Πολὺ
2783 5404 2840 5456 δὲ
2880 5401 3184 5470 ἀφέστηκεν
3224 5400 3256 5469 ἡ
3297 5399 3547 5459 ἇκτιστος
3571 5395 3654 5461 τῆς

2103 5500 2327 5569 Τριάδος
2359 5497 2513 5548 οὐσία
2533 5495 2639 5548 τῶν
2671 5495 2778 5548 ἀπὸ
2807 5494 2904 5563 τῆς
2933 5490 3157 5562 Τριάδος
3191 5491 3517 5545 κτισθέντων
3541 5526 3554 5552 ,
3573 5483 3648 5538 καὶ

2182 5617 2198 5645 ⁵
2235 5613 2292 5667 ιθ.
2334 5610 2804 5682 σ·λ).λῖ)..ογισμένη.
2881 5609 2901 5640 ⁵
2928 5605 2987 5663 F.
3018 5607 3096 5659 δεῖ
3116 5605 3192 5660 τό.
