3790 6212
87 310 184 366 601

721 305 1090 364 Αυνείιδυε
1129 289 1473 365 rmass’as
1507 309 1616 364 LIB
1649 311 1660 364 ι

1780 311 1944 368 ΤΟΜ.
1985 309 2026 367 1.
2056 343 2124 352 -
2161 311 2438 368 Μῖιιεε.
2479 311 2712 366 LXXVI.

3241 317 3345 371 (‘02

82 435 184 483 οὑκ
350 425 450 496 τῆς
473 423 702 496 Τριάδος
737 423 1124 494 γεννηθέντων.
1165 427 1258 498 Διὸ
1289 425 1402 496 ἔχει
1433 428 1468 498 ἡ
1497 427 1660 499 Τριὰς

1778 425 1972 484 Verum
2020 429 2263 484 increata
2308 425 2598 484 Trinitatis
2639 425 2806 499 968
2842 429 3147 483 substantia
3187 429 3346 500 longe

87 520 144 574 τὸ
187 517 400 579 ἀπαθὲς
439 515 533 568 καὶ
565 514 1011 586 ἀπαράλλακτον,
1045 516 1114 568 τά
1134 515 1190 569 δὲ
1221 517 1398 571 πάντα
1420 519 1490 572 τὰ
1525 519 1664 590 μετὰ

83 613 182 682 τήν
209 607 416 681 Τριάδα
447 605 612 660 πάθει
647 607 983 676 ὑποκείμενα
1009 622 1023 637 ·
1054 608 1102 659 εί
1135 609 1209 678 μή
1237 625 1290 661 τι
1333 607 1399 661 ἂν
1436 608 1666 680 δωροϊτο

84 706 108 756 ὸ
137 701 358 772 ἀπαθὴς
386 698 448 753 τὸ
483 698 692 762 ἀπαθὲς
718 698 807 752 διὰ
835 699 936 769 τῆς
968 699 1275 768 ἀφθαρσίας
1295 740 1310 764 ,
1361 693 1442 763 οἷς
1475 700 1662 771 βούλε-

83 812 168 846 ται
219 789 366 846 κατά
395 789 602 861 δωρεὰν
651 789 978 858 χαρίσασθαι
1017 789 1285 858 ἀφθόνως.
1339 791 1452 843 Οὐκ
1482 789 1664 860 ἔχουσι

81 885 132 936 δὲ
155 883 218 936 τὸ
247 881 526 953 ἄφθαρτον
550 880 610 944 ἐξ
633 881 926 950 ἀσωμάτου
960 879 1174 949 φύσεως
1199 921 1214 946 ,
1249 881 1364 933 ἀλλ’
1401 879 1464 945 ἐξ
1492 881 1661 950 ἀφθο-

81 973 197 1036 νίας
223 972 324 1025 τοῦ
354 971 560 1040 ἀγαθοῦ
589 972 685 1024 καὶ
713 969 958 1034 ἀπαθοῦς
993 969 1149 1023 Θεοῦ.
1177 971 1288 1023 Καὶ
1317 969 1428 1041 γάρ
1455 971 1578 1024 οὔτε
1601 971 1666 1024 τὸ

83 1066 274 1120 παθεῖν
305 1064 398 1118 τὸν
419 1063 697 1132 Μονογενῆ
734 1064 795 1115 ὲν
824 1061 988 1132 σαρκὶ
1013 1059 1184 1123 πάθος
1211 1063 1572 1132 περιποιεῖται
1594 1065 1662 1132 τῇ

83 1159 246 1214 αὖτοῦ
283 1159 518 1230 θεότητι,
549 1155 726 1210 καίτοι
763 1167 827 1223 γε
869 1155 930 1218 ἐξ
958 1153 1218 1225 ἀληθινῆς
1245 1153 1534 1224 ὁμολογίας
1582 1171 1667 1206 πι-

83 1251 405 1321 στευόμενον
432 1247 540 1302 ἀπὸ
565 1248 666 1316 τῆς
691 1245 954 1318 ἀληθινῆς
985 1245 1224 1306 πίστεως
1246 1285 1260 1308 ,
1288 1247 1370 1298 ὅτι
1396 1243 1665 1297 πέπονθεν

80 1343 106 1394 ὁ
141 1337 364 1410 ἀπαθὴς
389 1335 523 1398 Θεὸς
549 1335 622 1388 ὢν
673 1335 865 1403 Λόγος.
901 1335 1125 1404 Ἔμεινε
1173 1333 1230 1386 δὲ
1277 1336 1334 1387 ὲν
1364 1332 1602 1404 ἀπαθείᾳ
1635 1335 1666 1386 ό

83 1431 244 1493 αὐτὸς
301 1431 378 1502 μὴ
409 1427 639 1497 τραπεὶς
691 1427 792 1498 τὴν
844 1426 1041 1495 φύσιν,
1086 1426 1224 1496 μήτε
1268 1425 1659 1495 ἠλλοιωμένος.

84 1522 170 1574 Διὸ
198 1519 366 1588 σοφία
399 1517 476 1571 ὥν
497 1557 512 1582 ,
548 1518 642 1570 καὶ
687 1516 818 1580 Θεὸς
845 1515 1064 1587 ἀπαθὴς
1092 1514 1167 1568 ὢν
1187 1554 1202 1579 ,
1237 1518 1333 1570 καὶ
1363 1515 1519 1578 εἰδὼς
1539 1555 1552 1577 ,
1581 1515 1664 1567 ὅτι

84 1613 167 1666 διὰ.
201 1610 416 1673 πάθους
457 1607 617 1674 σώζει
655 1608 782 1671 τοὺς
817 1607 886 1662 τά
919 1607 1065 1678 πάθη
1098 1607 1322 1677 ἔχοντας
1371 1606 1466 1659 τοῦ
1499 1605 1662 1659 θανά-

82 1723 192 1770 του,
226 1703 286 1756 οὐ
319 1701 560 1773 πρέσϐυν
582 1699 919 1764 ἀπέστειλεν,
951 1700 1052 1753 οὐκ
1085 1698 1333 1767 ἄγγελον,
1362 1697 1486 1751 οὔτε
1515 1697 1664 1750 ἐστιν

85 1763 316 1860 ὡς’τοῦς
521 1791 684 1846 αὐτοῦ
721 1791 1042 1862 προφήτας·
1102 1763 1216 1844 ἀλλ’
1266 1789 1426 1852 αὐτὸς
1457 1788 1663 1861 Κύριος
1693 1763 1741 1825 Β

85 1885 231 1958 ἦλθε,
263 1885 363 1940 καὶ
400 1885 458 1938 τὸ
497 1883 732 1954 παθητὸν
761 1881 941 1936 λαϐὼν
969 1883 1028 1934 ὲν
1058 1879 1233 1951 ἑαυτῷ
1263 1877 1528 1950 ἀληθινῶς
1556 1877 1654 1929 πέ-

87 1979 244 2032 πονθε
269 2019 286 2044 ,
326 1977 429 2046 τῆς
481 1975 732 2045 θεότητος
783 1971 948 2026 αὐτοῦ
988 1971 1233 2036 ἀπαθοῦς
1275 1969 1558 2041 μενούσης.
1586 1969 1664 2022 Οὐ

87 2073 186 2142 γὰρ
227 2073 264 2140 ἦ
296 2069 562 2142 ἔνσαρκος
595 2067 866 2138 παρουσία
899 2066 1141 2139 ἤμϐλυνε
1174 2065 1272 2138 τὴν
1303 2063 1534 2134 δύναμιν
1561 2063 1664 2133 τῆς

89 2161 246 2216 αὐτοῦ
295 2161 571 2232 θεότητος.
626 2159 950 2228 Εὕρίσκεται
983 2157 1092 2231 γὰρ
1143 2159 1201 2211 ὲν
1237 2159 1304 2228 τῇ
1343 2154 1508 2210 αὐτοῦ
1549 2153 1662 2207 θεό-

89 2271 203 2322 τητι
227 2253 298 2305 τά
321 2252 421 2305 τοῦ
448 2251 584 2305 Θεοῦ
619 2251 880 2324 ἐνεργῶν,
919 2249 1014 2303 καὶ
1065 2248 1139 2321 μὴ
1161 2249 1268 2302 ἀπὸ
1294 2246 1496 2321 σαρκὸς
1529 2247 1662 2299 ἀπο-

93 2343 396 2412 κλειόμενος
418 2383 432 2408 ,
463 2331 649 2412 ἀνέμῳ
687 2342 785 2413 μὲν
815 2339 1103 2410 ἐπιτιμῶν,
1139 2339 1233 2394 καὶ
1259 2338 1490 2392 κλύδωνι
1517 2376 1533 2401 ,
1566 2337 1663 2390 καὶ

93 2433 324 2502 θαλάσσῃ
357 2471 375 2496 ,
414 2432 662 2504 Λάζαρον
716 2431 774 2485 δὲ
832 2431 1086 2503 αὑθεντίᾳ
1130 2431 1234 2504 ἰδίᾳ
1288 2432 1469 2486 καλῶν
1499 2472 1514 2497 ,
1567 2432 1662 2485 καὶ

91 2523 214 2578 ἀλλα
269 2522 483 2594 μυρία,
516 2523 612 2576 καὶ
663 2522 919 2576 ἐπέκεινα
952 2523 1156 2576 τούτων
1209 2523 1414 2576 ποιῶν·
1463 2523 1522 2588 ὃς
1569 2521 1662 2576 καὶ

93 2614 380 2686 συνεχώρει
417 2613 516 2684 μὲν
539 2613 618 2668 ·τά
651 2614 790 2666 κατὰ
816 2613 876 2665 τὸ
908 2613 1126 2682 εὔλογον
1145 2615 1211 2684 τῇ
1246 2615 1427 2684 σαρκὶ,
1464 2614 1540 2678 ὼς
1567 2613 1661 2667 καὶ

93 2703 310 2774 διαϐόλῳ
335 2703 620 2771 πειράζειν
647 2743 662 2770 ,
695 2703 789 2755 καὶ
827 2701 1137 2774 ἀνθρώποις
1182 2703 1364 2756 παίειν
1386 2743 1400 2766 ,
1431 2704 1525 2757 καὶ
1549 2705 1659 2768 τοῖς

97 2793 520 2865 συλλαμϐάνουσι
569 2795 631 2848 τὸ
675 2796 915 2849 άλίσκειν
939 2810 954 2825 ⁸
1007 2797 1092 2849 ἵνα
1147 2797 1206 2850 ἐν
1251 2795 1329 2866 τῷ
1377 2795 1604 2867 παθητῷ
1633 2798 1662 2849 ὁ

95 2885 298 2956 ἀπαθὴς
323 2885 476 2957 πάθῃ
493 2927 508 2950 ,
535 2886 752 2957 ἀπαθὴς
784 2886 958 2956 μένων
990 2887 1048 2940 ἐν
1075 2888 1141 2957 τῇ
1175 2887 1282 2958 ἰδίᾳ
1308 2888 1520 2958 θεότητι
1556 2887 1656 2953 ὢν,

94 2975 184 3028 οὒκ
207 2975 489 3048 ἀλλότριος
516 2975 610 3029 τοῦ
643 2975 886 3041 ἀπαθοῦς
917 2976 1052 3030 Θεοῦ
1077 3018 1091 3041 ,
1120 2978 1384 3042 ἑκουσίως
1407 2979 1464 3032 δὲ
1491 2978 1660 3033 ποιῶν

1767 519 1840 574 ab
1901 519 1992 576 his
2046 519 2304 576 omnibus
2357 521 2536 584 abest,
2596 537 2714 588 qua:
2763 521 2832 575 ab
2895 522 3012 590 ipsa
3077 521 3344 575 Trinitate

1765 617 1948 664 creata
1979 619 2131 678 sunt,
2157 627 2269 666 non
2303 611 2505 684 genita.
2559 610 2687 665 Ideo
2728 610 3013 666 Trinitatis
3052 611 3184 666 illud
3212 629 3338 684 pro-

1764 701 1944 770 prium
1996 709 2102 764 est,
2151 711 2210 756 ut
2253 716 2430 771 neque
2473 701 2588 772 pati
2629 701 2952 770 quidquam,
2985 717 3162 771 neque
3192 719 3314 758 com

1763 791 1965 845 mutari
2002 793 2211 862 possit‘
2245 814 2257 848 :
2287 800 2485 847 caetera
2513 793 2716 858 omnia,
2749 791 2842 845 ubi
2883 806 2912 843 a
2940 789 3204 846 Trinitate
3237 791 3345 847 dis-

1764 885 2020 950 cesseris,
2077 885 2186 954 pati
2234 884 2438 954 aliquid
2487 893 2748 954 possunt;
2815 883 2922 940 nisi
2961 884 3102 939 forte
3139 901 3340 956 expers

1765 975 1857 1030 ille
1890 975 2194 1032 affectionis
2222 977 2400 1032 onmis
2431 977 2663 1032 similem
2695 976 2983 1048 quemdam
3013 985 3216 1031 statum
3243 993 3341 1045 per

1765 1067 2256 1137 incorruptionem,
2301 1068 2504 1138 quibus
2561 1069 2816 1132 libuerit,
2879 1067 3143 1137 singulari
3202 1085 3342 1139 quo-

1764 1159 1888 1214 dam
1922 1160 2184 1214 beneﬁcio
2219 1161 2369 1230 large
2387 1161 2727 1230 benigneque
2762 1160 3122 1214 concesserit.
3161 1159 3334 1224 Quem

1765 1249 1985 1320 quidem
2036 1250 2467 1320 incorruptionis
2514 1259 2716 1306 statum
2767 1265 2876 1303 non
2921 1265 2986 1303 ex
3023 1251 3344 1318 incorporea

1765 1342 1946 1410 aliqua
1997 1350 2210 1405 natura,
2268 1341 2364 1395 sed
2415 1356 2481 1396 ex
2527 1342 2675 1407 boni,
2726 1351 2779 1396 et
2817 1339 3119 1395 all'ectionis
3164 1339 3346 1394 omnis

1764 1432 2005 1502 expertis
2051 1431 2145 1486 Dei
2197 1432 2450 1502 largitate
2503 1441 2933 1503 consequuntur.
2971 1429 3126 1496 Quod
3162 1437 3343 1484 autem

1767 1524 1967 1580 unicus
2005 1523 2100 1578 Dei
2131 1521 2303 1578 Filius
2329 1525 2386 1578 in
2413 1539 2581 1579 carne
2614 1524 2686 1579 sit
2713 1538 2932 1594 passus,
2962 1522 3166 1576 nullam
3195 1519 3344 1575 istud

1765 1613 1819 1666 in
1859 1612 2033 1681 ipsius
2069 1612 2406 1668 divinitatem
2431 1615 2738 1683 passionem
2791 1611 3143 1667 transfundit.
3171 1611 3348 1676 Quan-

1765 1719 1928 1773 quam
1957 1703 2089 1757 illud
2124 1715 2271 1759 recta
2308 1704 2462 1768 ﬁdes,
2503 1719 2566 1759 ac
2602 1706 2816 1759 sincera
2849 1703 3118 1774 professio
3149 1703 3344 1768 docet,

1771 1793 1864 1848 Dei
1903 1791 2156 1858 Verbum,
2209 1796 2352 1864 quod
2395 1809 2492 1866 per
2535 1811 2658 1851 sese
2695 1795 2806 1866 pati
2841 1795 2979 1850 nihil
3017 1803 3217 1866 potest,
3256 1795 3342 1848 ni-

1771 1883 2069 1938 hilominus
2119 1899 2242 1938 esse
2287 1899 2529 1954 passum.
2585 1884 2726 1938 Idem
2781 1898 2948 1953 porro
2991 1884 3178 1938 eadem
3227 1885 3346 1954 ipsa

1771 1971 2014 2043 patiendi
2043 1973 2178 2028 nihil
2213 1974 2266 2028 in
2311 1973 2624 2029 conditione
2652 1975 2975 2044 permansit,
3029 1989 3128 2030 nec
3156 1975 3210 2028 in
3243 1989 3346 2028 na-

1772 2071 1890 2118 tura
1919 2079 2018 2118 sua
2053 2065 2374 2120 mutationis
2403 2065 2608 2134 aliquid
2642 2071 2734 2118 aut
2765 2063 3102 2120 diversitatis
3143 2080 3344 2134 expor-

1773 2163 1862 2210 tus
1892 2163 1996 2210 est.
2045 2153 2409 2220 Quamobrem
2460 2155 2551 2209 illc
2595 2155 2688 2225 qui
2738 2157 3002 2225 sapientia
3029 2197 3046 2224 ,
3091 2172 3155 2211 ac
3201 2155 3348 2212 Deus

1767 2251 1885 2300 erat
1925 2243 2200 2314 passionis
2237 2244 2421 2298 omnis
2466 2260 2684 2314 expers,
2735 2260 2857 2300 cum
2899 2247 3154 2315 patiendo
3183 2245 3350 2301 sciret

1769 2351 1828 2392 se
1850 2351 1947 2390 cos
1991 2335 2351 2390 liberaturum
2387 2350 2528 2402 esse,
2565 2337 2658 2406 qui
2703 2344 2932 2392 mortem
2979 2338 3345 2407 patiebantur,

1767 2441 1876 2480 non
1913 2427 2148 2497 legatqu
2194 2427 2390 2492 ullum,
2443 2444 2554 2482 non
2593 2428 2842 2499 angelum
2875 2428 3048 2494 misit,
3080 2445 3188 2484 non
3217 2445 3350 2500 pro-

1766 2517 1960 2586 phetas
2007 2517 2265 2587 denique,
2309 2504 2616 2588 cuiusmodi
2663 2518 2956 2574 adventum
3002 2533 3160 2574 suum
3189 2528 3346 2574 ante—

1766 2617 2068 2674 cesserant,
2102 2609 2196 2664 sed
2239 2610 2472 2680 ipsemet
2513 2609 2777 2666 Dominus
2809 2609 2978 2675 venit,
3025 2625 3090 2665 ac
3135 2627 3351 2682 perpes-

1768 2703 1978 2758 sionem
2011 2702 2086 2756 ita
2110 2701 2166 2757 in
2193 2718 2254 2758 se
2271 2704 2420 2772 .ipso,
2451 2719 2691 2774 vereque
2733 2703 3020 2770 sustinuit,
3048 2713 3106 2758 ut
3134 2703 3348 2758 interim

1767 2811 1962 2865 expers
2011 2794 2286 2865 passionis
2325 2793 2583 2850 divinitas
2627 2797 2743 2866 ipsa
2775 2791 3143 2865 permaneret.
3179 2789 3352 2864 Cujus

1767 2887 1986 2957 quidem
2069 2887 2179 2940 vim
2231 2901 2294 2939 ac
2341 2887 2640 2956 potentiam
2691 2887 2828 2940 nihil
2879 2887 3182 2940 incarnatio
3233 2887 3349 2954 ipsa

1764 2979 2038 3036 diminuit.
2069 2977 2204 3043 Nam
2232 2977 2482 3032 eumdem
2523 2977 2579 3032 in
2621 2977 2904 3032 divinitate
2937 2992 3058 3040 sua,
3093 2993 3212 3048 qua:
3255 2975 3351 3032 Dei

95 3065 352 3150 ratra’tvm
397 3066 540 3120 κατά
570 3068 632 3122 τὸ
662 3067 969 3138 ἔκπληκτον
1013 3068 1180 3122 αὐτοῦ
1215 3071 1514 3140 μυστήριον
1535 3087 1550 3102 ·
1585 3069 1660 3134 ὡς

1778 3073 1983 3144 prapria
2011 3079 2160 3135 sunt,
2192 3077 2541 3140 praestantem
2586 3069 2706 3125 sine
2744 3071 2857 3125 ullo
2904 3070 3088 3124 carnis
3123 3069 3352 3137 impedi-

99 3157 180 3208 καὶ
204 3158 232 3210 ό
269 3157 464 3230 Πατὴρ
495 3157 626 3222 Θεὸς
659 3160 758 3212 σὺν
801 3157 950 3230 αὑτῷ
995 3159 1074 3231 τῷ
1111 3161 1436 3229 Μονογενεῖ,
1463 3163 1558 3214 καὶ
1585 3160 1660 3232 τῷ

1778 3173 1946 3218 nemo
1987 3161 2264 3217 cernimus
2297 3179 2310 3214 :
2355 3159 2512 3214 velut
2544 3173 2670 3213 cum
2700 3167 2916 3221 ventos,
2947 3173 3120 3221 mare,
3165 3165 3222 3212 et
3251 3157 3350 3210 llu-

99 3248 364 3318 Πνεύματι
394 3250 556 3305 αὑτοῦ
576 3249 655 3322 τῷ
682 3251 842 3321 ἁγίῳ,
868 3251 1038 3322 Τριάς
1069 3247 1203 3306 οὖσα
1221 3253 1310 3306 ἀεὶ
1336 3253 1534 3316 τελεία,
1567 3253 1660 3307 καὶ

1778 3263 1886 3312 ctus
1933 3252 2266 3322 increpat’;
2305 3265 2428 3305 cum
2469 3249 2736 3304 Lazarum
2767 3249 2986 3319 propria
3023 3249 3352 3302 auctoritate

99 3339 328 3412 ἀπαθὴς,
364 3341 463 3412 μία
505 3341 692 3411 θεότης
747 3343 993 3414 περιέχει
1025 3341 1094 3396 τὰ
1126 3343 1338 3412 πάντα,
1379 3339 1459 3408 εἷς
1506 3344 1658 3412 Θεὸς,

1778 3344 2113 3410 :vocat';et
2153 3341 2362 3395 inﬁnita
2422 3339 2526 3394 alia
2575 3335 2887 3411 prodigiosa
2951 3355 3015 3394 ac
3079 3341 3348 3410 stupenda

101 3431 188 3500 μία
215 3433 474 3506 κυριότης
497 3435 590 3488 τοῦ
615 3434 780 3490 αὐτοῦ
805 3435 942 3488 Θεοῦ
967 3435 1313 3507 περιέχοντος
1337 3437 1407 3490 τὰ
1443 3437 1560 3494 ὅλα.

1778 3437 2003 3491 nolitur.
2038 3433 2364 3503 Quanquam
2395 3432 2614 3487 interim
2659 3431 2924 3502 quidquid
2957 3441 3074 3486 erat
3107 3447 3342 3486 consen-

100 3530 300 3578 taneum
347 3525 570 3594 corpori
615 3525 909 3580 tribuebat.
949 3522 1082 3578 Nam
1113 3533 1170 3580 et
1197 3525 1416 3582 diabolo
1445 3533 1654 3582 tentare
1693 3527 1936 3597 permisit
1957 3526 2002 3590 ⁸,
2049 3534 2106 3580 et
2135 3522 2446 3577 hominibus
2509 3522 2739 3588 caedere,
2795 3530 2852 3577 et
2899 3524 3009 3590 his,
3056 3525 3148 3593 qui
3193 3539 3348 3578 com-

101 3615 502 3688 prehendebant
530 3632 747 3688 capere,
795 3624 858 3672 ut
895 3615 949 3671 in
979 3617 1186 3687 patibili
1223 3624 1418 3672 natura
1487 3617 1764 3688 passionis
1823 3629 2020 3685 expers
2077 3623 2377 3686 pateretur,
2432 3622 2484 3670 et
2532 3613 2750 3668 interim
2793 3613 2848 3667 in
2894 3627 2993 3669 sua
3061 3613 3348 3668 divinitate

101 3712 360 3782 passionis
386 3726 580 3782 expers
617 3718 882 3776 maneret,
919 3726 1026 3766 non
1067 3711 1278 3767 alienus
1340 3727 1370 3766 a
1437 3711 1711 3782 passionis
1748 3719 1970 3779 experte
2024 3709 2157 3776 Deo,
2192 3711 2288 3766 sed
2333 3710 2516 3765 omnia
2559 3707 2822 3778 singulari
2869 3708 3103 3778 quodam
3162 3717 3215 3764 et
3247 3707 3348 3761 ad-

99 3800 316 3856 mirabili
397 3801 658 3872 mysterio
725 3809 918 3872 suapte
985 3801 1270 3858 voluntate
1323 3802 1652 3872 suscipiens.
1692 3801 2161 3868 Quemadmodum
2228 3807 2282 3856 et
2332 3797 2496 3854 Pater
2523 3797 2666 3853 Deus
2691 3813 2814 3852 cum
2849 3796 3143 3869 Unigenito
3203 3799 3347 3867 ipso,

103 3905 158 3944 ac
199 3889 408 3962 Spiritu
455 3899 650 3947 sancto

709 3907 726 3948 :
783 3907 905 3962 quae
945 3892 1164 3962 quidem
1199 3892 1464 3962 perfecta,
1507 3903 1563 3948 et
1634 3893 1910 3962 passionis
1967 3905 2164 3962 expers
2207 3890 2474 3956 Trinitas,
2523 3903 2742 3959 unaque
2783 3887 3048 3942 divinitas
3095 3887 3348 3942 universa

103 3985 494 4054 complectitur,
531 3984 673 4040 Deus
701 4003 868 4053 unus,
917 4003 980 4043 ac
1009 3988 1325 4046 dominatus
1359 4007 1504 4048 unus
1533 3989 1870 4046 continentis
1891 3989 2076 4043 omnia
2107 3987 2224 4042 Dei.

162 4075 232 4132 B'.
265 4078 380 4130 Καὶ
414 4078 476 4131 οὐ
505 4078 594 4132 διὰ
619 4079 682 4132 τὸ
715 4083 988 4153 περιέχειν
1041 4083 1108 4137 τὰ
1137 4083 1313 4138 πάντα
1346 4085 1506 4140 πάθει
1530 4087 1664 4139 ὑπο-

107 4167 310 4234 πίπτει,
337 4168 452 4222 τῶν
479 4169 958 4242 ἐμπεριεχομένων
989 4174 1094 4227 ὑπὸ
1131 4174 1302 4239 πάθος
1333 4175 1656 4230 πιπτόντων.

1838 4083 1902 4136 ΙΙ.
1943 4081 2132 4154 Neque
2177 4097 2310 4136 vero
2355 4079 2504 4150 quod
2560 4078 2846 4133 continere
2886 4077 3100 4132 dicatur
3141 4078 3346 4140 omnia,

1767 4175 1974 4230 idcirco
1999 4173 2240 4244 patiendi
2283 4171 2588 4226 conditioni
2627 4168 2936 4238 subjicitur,
2971 4167 3096 4220 licet
3125 4181 3246 4235 qua!
3277 4166 3348 4219 ab

115 4257 275 4322 Ἐντὸς
302 4260 415 4329 γάρ
440 4261 656 4316 πάντων
691 4263 828 4328 ἐστὶ,
861 4265 957 4318 καὶ
1010 4265 1168 4328 ἐκτὸς
1197 4265 1305 4320 τῶν
1338 4266 1476 4320 ὅλων
1522 4267 1656 4321 πάνυ

1778 4279 1888 4334 ipso
1915 4263 2454 4333 comprehenduntur
2481 4261 2532 4316 ei
2569 4259 2672 4329 legi
2715 4257 3056 4326 subiaceant.
3082 4255 3176 4310 Est
3198 4255 3344 4309 enim

105 4363 196 4399 των
229 4349 396 4414 Θεὸς,
427 4351 634 4421 ἀμιγὴς
663 4353 796 4424 πρὸς
844 4353 905 4407 τὰ
932 4353 1111 4410 πάντα
1129 4373 1142 4387 ’
1171 4355 1294 4411 ὅθεν
1335 4357 1456 4412 οὐδὲ
1488 4357 1578 4412 διὰ
1603 4359 1662 4412 τὸ

107 4435 226 4491 εἶναι
251 4440 426 4510 πάντη
451 4481 466 4504 ,
501 4441 620 4495 οὐδὲ
654 4441 743 4496 διὰ
791 4443 854 4497 τὸ
896 4445 1054 4510 ἐκτὸς
1077 4441 1218 4500 εἶναι
1251 4448 1468 4502 πάντων
1492 4489 1508 4513 ,
1543 4449 1663 4504 οὐδὲ

107 4525 181 4580 διὰ
201 4529 257 4582 τὸ
277 4531 555 4604 περιέχειν
591 4531 662 4586 τά
709 4533 888 4589 πάντα
913 4576 930 4602 ,
964 4535 1086 4590 οὐδὲ
1109 4536 1198 4591 διὰ
1229 4537 1290 4591 τὸ
1321 4540 1380 4592 ὲν
1411 4539 1558 4610 αὐτῷ
1595 4540 1662 4594 τὰ

109 4619 266 4672 πάντα
307 4622 612 4686 κινεῖσθαι,
645 4622 816 4687 πάθος
868 4625 1090 4678 εἰσοίσει
1122 4624 1201 4694 τῷ
1253 4625 1455 4679 ἀπαθεί
1501 4627 1659 4698 Θεῷο

109 4709 272 4782 ὥσπερ
299 4713 420 4766 οὐδὲ
447 4713 538 4766 διὰ
562 4714 624 4767 τὸ
646 4717 1036 4786 γεγεννηκέναι
1075 4717 1166 4772 τὸν
1199 4718 1476 4790 Μονογενῆ
1503 4760 1517 4783 ,
1542 4720 1662 4774 οὐδὲ

1765 4357 1907 4412 intra
1961 4355 2168 4418 omnia,
2217 4362 2271 4408 et
2307 4361 2463 4408 extra
2511 4350 2696 4406 omnia
2743 4347 3122 4403 universorum
3179 4343 3344 4406 Deus,

1763 4463 1941 4518 neque
1971 4455 2150 4502 tamen
2177 4461 2302 4501 cum
2326 4446 2436 4500 ulla
2469 4459 2528 4498 re
2563 4448 2876 4506 concretus,
2912 4453 2974 4494 ac
3012 4438 3342 4510 pennistus:

1763 4555 1828 4594 ex
1875 4553 1985 4609 quo
2027 4537 2085 4592 lit
2119 4546 2201 4604 ut,
2235 4551 2412 4606 neque
2441 4533 2586 4606 quod
2627 4533 2828 4604 ubique
2855 4533 2947 4598 sit,
2979 4546 3156 4601 neque
3182 4529 3334 4600 quod

1765 4640 1918 4687 extra
1944 4630 2124 4684 omnia
2161 4630 2254 4693 sit,
2309 4625 2659 4698 nequequod
2689 4623 3114 4695 comprehendat
3134 4623 3344 4688 omnia,

1775 4723 1942 4794 969
1975 4737 2150 4792 neque
2221 4721 2369 4792 quod
2419 4721 2474 4775 in
2525 4721 2646 4790 ipso
2697 4703 2952 4773 universa
3001 4721 3345 4777 moveantur,

111 4801 187 4852 τὸν
215 4803 488 4874 Μονογενῆ
517 4807 898 4878 γεγεννῆσθαι,
929 4809 1052 4862 οὐδὲ
1087 4808 1174 4862 διὰ
1207 4811 1268 4862 τὸ
1313 4811 1470 4880 ἀγιον
1500 4811 1664 4865 αὐτοῦ

113 4889 314 4962 Πνεῦμα
360 4895 420 4959 ἐξ
470 4893 636 4949 αὑτοῦ
682 4897 1060 4966 ἀπεστάλθαι,
1117 4899 1286 4963 πάθος
1325 4900 1549 4955 εἰσοίσει
1596 4905 1661 4975 τῇ

113 4981 222 5052 ἁγία
248 4984 460 5055 Τριάδι.
508 4986 644 5041 Οὔτε
675 4988 784 5059 γὰρ
833 4989 1076 5060 παθητὸν
1120 4991 1182 5045 τὸ
1214 4989 1370 5061 ἅγιον
1413 4993 1658 5064 Πνεῦμα,

114 5071 160 5122 ὲν
185 5075 303 5128 εῖδει
327 5080 658 5148 περιστερᾶς
681 5080 868 5134 κατιὸν
910 5081 1038 5152 περὶ
1067 5082 1158 5136 τὸν
1207 5083 1476 5155 Ἰορδάνην
1495 5103 1508 5118 ·
1535 5086 1659 5140 οὔτε

115 5164 451 5238 ὁΜονογενὴς
485 5169 590 5221 ὑπὸ
636 5170 882 5224 Ἰωάννου
917 5171 1308 5244 βαπτιζόμενός
1347 5192 1403 5228 τε
1433 5176 1526 5229 καὶ
1556 5176 1664 5247 ψη-

1769 4819 1842 4872 ob
1869 4817 1924 4870 id
1955 4817 2066 4886 pati
2095 4815 2370 4886 quidpiam
2419 4811 2817 4868 existimandus
2863 4809 2968 4874 sit,
2993 4806 3252 4862 immunis
3277 4805 3349 4858 ab

1767 4907 1914 4963 omni
1951 4906 2191 4976 patiendi
2221 4902 2536 4958 conditione
2564 4901 2728 4960 Deus.
2772 4897 2926 4953 Sicut
2947 4911 3052 4952 nec
3083 4896 3346 4965 idipsum,

1766 5000 1910 5068 quod
1959 4998 2184 5053 unicum
2228 4995 2428 5052 Filium
2473 4995 2678 5066 genuit,
2733 4991 2990 5064 quodque
3035 4989 3233 5043 unicus
3259 4987 3350 5042 illc

1765 5091 1980 5161 genitus
2007 5097 2114 5153 est,
2152 5097 2245 5142 aut
2287 5088 2434 5158 quod
2489 5093 2714 5142 sanctus
2745 5084 2866 5153 ejus
2903 5081 3139 5150 Spiritus
3167 5078 3346 5135 emis-

1757 5197 1853 5237 sus
1879 5187 1964 5236 est
1997 5179 2066 5234 ab
2101 5179 2244 5249 ipso,
2299 5179 2464 5232 ullam
2513 5173 2876 5230 sanctissimae
2918 5169 3174 5224 Trinitati
3222 5167 3353 5220 alio.

117 5252 403 5326 λαφώμενος
427 5277 439 5290 ·
469 5259 592 5312 οὕτε
621 5263 650 5313 ό
679 5261 868 5332 Πατὴρ
909 5263 1114 5317 ἄνωθεν
1147 5265 1282 5335 βοῶν
1309 5270 1460 5339 φωνῇ
1491 5269 1656 5322 ἀκου-

1778 5272 2002 5326 stionem
2037 5271 2252 5326 inferet.
2298 5269 2508 5338 Quippe
2547 5281 2652 5322 nec
2695 5263 2932 5334 Spiritus
2967 5263 3084 5332 ipse
3123 5268 3350 5315 sanctus

117 5349 250 5416 στικῇ
295 5347 640 5420 ἀνθρώποις,
697 5351 780 5404 ὅτι
821 5348 1010 5420 Οὗτός
1043 5356 1164 5423 μού
1206 5355 1376 5412 ἐστιν
1408 5360 1441 5410 d
1507 5359 1658 5424 Υἱὸς,

1778 5366 1878 5434 pati
1913 5364 2210 5434 quidquam
2247 5367 2444 5432 potest,
2477 5360 2571 5429 qui
2601 5357 2868 5412 columba:
2896 5353 3078 5424 specie
3118 5352 3184 5405 ad
3219 5351 3346 5406 Jort-

119 5435 278 5490 αὑτοῦ
325 5439 593 5496 ἀκούετε.
641 5443 1082 5516 ’Λπαράλλακτος
1119 5448 1294 5500 τοίνυν
1323 5452 1352 5500 ὁ
1374 5449 1498 5512 Υἱός
1523 5465 1538 5478 σ
1569 5451 1660 5502 καὶ

1778 5455 1964 5510 dancm
1996 5453 2278 5508 descendit
2301 5469 2314 5519 ;
2347 5466 2448 5506 nec
2473 5447 2796 5518 Unigenitus
2827 5461 2854 5499 a
2879 5444 3090 5500 Joanne
3111 5443 3358 5513 baptiza-

120 5525 145 5574 6
165 5525 252 5596 μὲν
287 5530 472 5604 Πατὴρ
514 5534 812 5605 ἀγέννητος
832 5578 848 5606 ,
877 5538 905 5588 ό
949 5537 1006 5590 δὲ
1038 5539 1164 5602 Υἱὸς
1189 5539 1444 5609 γεννητὸς
1469 5579 1486 5604 ,
1525 5543 1660 5593 ἀπα-

1778 5550 1864 5598 tus
1893 5550 1948 5598 et
1977 5547 2353 5595 contrectatus
2379 5557 2394 5606 ;
2443 5538 2540 5595 sed
2583 5553 2758 5609 neque
2785 5535 2948 5592 Pater
2972 5532 3242 5607 ejusmodi
3279 5531 3350 5586 de

197 5680 214 5714 ⁸
245 5682 424 5742 Matth.
450 5707 552 5756 xu,
589 5689 682 5750 52.
785 5694 803 5724 ²
829 5689 960 5748 Luc.
1004 5709 1122 5758 vm,
1161 5693 1250 5749 24.
1329 5695 1348 5726 ³
1374 5691 1532 5750 Joan.
1569 5709 1646 5762 xt,

1877 5697 1898 5729 ‘
1932 5694 2124 5753 Matth.
2165 5711 2240 5765 tv,
2271 5696 2294 5750 l
2325 5711 2448 5768 sqq.
