3838 6334
438 279 548 336 605

1865 273 1925 330 S.
1962 273 2298 332 EPlPHANII
2381 305 2390 315 -

3654 272 3756 328 6οι
3802 287 3803 292 ‘

441 411 583 454 cano
611 413 745 454 voee
781 410 1107 470 personans,
1135 410 1299 466 quam
1339 395 1590 457 homines
1613 396 1874 453 exaudire
1904 413 2025 468 pos-

2154 399 2256 470 ιὴς,
2281 399 2376 453 καὶ⁵
2408 399 2468 451 τὸ
2492 396 2716 467 Πνεῦμα
2743 397 2969 462 ἀπαθῶς
2997 399 3276 468 προελθὸν.
3301 398 3437 452 Τῶν
3469 397 3542 450 δὲ
3572 396 3760 460 ἄλλων

443 500 609 546 sent:
652 489 754 550 llic
796 497 874 545 est
921 488 1096 541 I'ilius
1130 504 1296 552 meus,
1345 489 1515 555 ipsum
1565 488 1804 543 audite'.
1845 489 2026 564 Quare

443 583 580 638 nihil
612 599 642 637 a
672 580 834 638 Patre
887 580 1141 636 diversus
1171 588 1255 638 εει
1285 577 1477 634 Filius.
1513 578 1576 631 Et
1602 579 1818 650 quidem
1866 578 2027 646 Pater

445 672 720 744 ingenitus
749 681 853 734 est,
889 671 1062 736 Filius
1094 672 1331 744 genitus,
1361 686 1462 725 nec
1490 671 1601 736 ullo
1634 672 1795 725 modo
1829 672 2028 744 patibi-

443 764 550 830 lis;
604 763 845 834 Spiritus
895 777 1025 819 vero
1080 770 1306 818 sanctus
1336 762 1472 816 citra
1507 763 1816 831 passionem
1861 763 2025 816 ullam

443 859 756 928 processit;
809 865 1007 915 cetera
1053 857 1237 910 omnia
1271 856 1550 911 creatione
1579 855 1847 925 producta
1875 863 2025 919 sunt,

446 961 512 1000 ac
545 945 785 1016 perfecta
825 945 941 1016 ipsa
981 945 1219 1001 Trinitas
1265 946 1320 1004 in
1369 947 1670 1015 quantitate
1699 961 1820 1009 sua,
1852 953 1906 1000 et
1941 947 2026 1000 in-

447 1047 632 1092 creata
657 1038 1018 1108 appellatione
1053 1046 1299 1092 remanet
1325 1055 1340 1092 :
1375 1038 1457 1095 sic
1491 1045 1550 1092 ut
1580 1053 1756 1108 neque
1784 1053 2030 1092 commu-

449 1134 595 1182 tctur
642 1128 788 1198 quod
847 1128 1042 1183 melius
1075 1135 1180 1191 est,
1231 1143 1408 1196 neque
1456 1127 1603 1202 quod
1651 1127 1888 1200 gignitur
1920 1127 2028 1181 ulla

448 1220 688 1290 patiendi
734 1221 850 1292 lege
893 1230 1234 1274 coercentur.
1270 1217 1370 1273 Cui
1405 1217 1622 1292 quidem
1669 1232 1844 1287 neque
1877 1219 2029 1291 geni~

447 1321 538 1370 tor
569 1313 840 1370 obnoxius
891 1311 1013 1366 fuit.
1061 1310 1178 1370 Non
1221 1311 1369 1365 enim
1413 1325 1737 1379 corporeum
1768 1318 1852 1363 est
1878 1309 2030 1381 geni-

449 1414 564 1460 tum
591 1404 741 1468 illud,
769 1403 862 1472 sed
898 1400 1137 1478 Spiritus
1166 1419 1196 1456 e
1226 1400 1454 1470 Spiritu,
1479 1411 1534 1456 et
1558 1416 1622 1456 ex
1647 1398 1806 1460 Patre
1836 1397 2026 1468 Filius.

453 1493 534 1548 Ita
566 1493 728 1548 etiam
763 1499 816 1546 et
851 1491 1089 1561 Spiritus
1141 1497 1367 1544 sanctus
1419 1487 1488 1550 ab
1533 1488 1651 1559 ipso
1702 1503 2029 1560 progressus

449 1594 554 1648 est,
585 1583 820 1654 Spiritus
845 1581 1048 1650 Patris,
1091 1579 1330 1656 Spiritus
1372 1579 1598 1644 Christi,
1635 1595 1744 1634 non
1786 1588 2028 1658 creatus,

451 1690 561 1728 non
607 1673 844 1744 genitus,
872 1689 980 1726 non
1019 1686 1313 1742 germanus
1345 1670 1532 1732 frater,
1580 1685 1688 1722 non
1719 1684 1875 1732 avus,
1918 1683 2026 1724 non

2129 490 2360 544 κτιστῶν
2391 491 2583 553 ὄντων,
2613 493 2711 560 τῆς
2739 490 2953 552 τελείας
2984 490 3211 560 Τριὰδος
3242 488 3658 559 διαμενούσης
3702 490 3760 540 ἐν
3802 523 3803 542 ι

2126 587 2192 654 τῇ
2232 588 2490 653 ποσότητι
2533 582 2628 636 καὶ
2661 582 2901 652 ἀκτίστῳ
2955 569 3247 653 ὀνομασία,
3277 580 3404 635 οὔτε
3439 581 3555 634 τοῦ
3584 581 3757 649 ἀμεί-

2129 689 2276 736 νονος
2309 672 2781 742 μεταϐαλλομένου
2803 713 2818 736 ,
2863 671 2987 725 οὔτε
3016 673 3076 725 τὸ
3102 673 3358 742 γεννηθὲν
3401 671 3600 728 πάθει
3632 687 3753 724 συν-

2128 763 2384 831 εχόμενὸν
2423 766 2588 818 ἐστιν.
2643 761 2779 816 Οὔτε
2813 761 2922 832 γὰρ
2958 765 2988 814 ὁ
3037 764 3304 834 γεννήσας
3363 762 3563 830 πάθει
3625 780 3754 814 συν-

2129 853 2346 924 εσχέθη.
2394 855 2469 907 Οὐ
2513 853 2622 924 γὰρ
2672 853 2980 924 σωματικὸν
3009 854 3070 906 τὸ
3092 855 3356 924 γέννημα,
3382 854 3552 908 ἀλλὰ
3588 852 3760 906 "vei-

2133 959 2208 1013 μα
2241 943 2306 996 ὲκ
2335 943 2673 1014 Πνεύματος,
2729 944 2823 996 καὶ
2876 945 3004 1008 Υἱὸς
3049 946 3115 999 ὲκ
3159 945 3388 1016 Πατρός,
3451 945 3757 1008 Ὡσαύτως
3802 993 3803 1002 η

2130 1032 2224 1086 καὶ
2282 1031 2344 1086 τὸ
2379 1033 2534 1100 ἆγιον
2588 1032 2812 1103 Πνεῦμα
2861 1033 2918 1100 ἐξ
2958 1034 3123 1086 αὐτοῦ
3150 1074 3166 1098 ,
3220 1035 3460 1105 Πνεῦμα
3497 1033 3751 1104 Πατρὸς,

2129 1121 2354 1194 Πνεῦμα
2381 1123 2618 1194 Χριστοῦ
2644 1165 2658 1188 ,
2693 1121 2752 1176 οὐ
2808 1125 3024 1187 κτιστὸν
3044 1165 3058 1188 ,
3091 1125 3151 1177 οὐ
3179 1124 3448 1193 γεννητὸν
3471 1165 3489 1184 ,
3528 1125 3601 1177 οὗ
3629 1141 3754 1176 συν.
3802 1175 3803 1182 η

2131 1214 2379 1282 άδελφον,
2424 1215 2485 1268 οὑ
2513 1215 2856 1287 προπάτορον
2875 1258 2889 1280 ,
2920 1217 3022 1281 οὐκ
3052 1217 3291 1285 ἔγγονον,
3319 1217 3425 1287 τῆς
3459 1216 3756 1284 ἁσυγκρί-
3802 1247 3803 1278 ;

2130 1323 2221 1358 του
2256 1305 2440 1369 οὐσίας
2474 1306 2707 1378 Πατρὸς,
2737 1307 2833 1360 καὶ
2857 1306 3009 1370 Υἱοῦ,
3045 1309 3140 1372 καὶ
3183 1308 3337 1376 ἁγίου
3371 1306 3750 1376 Πνεῦματος.

2131 1396 2566 1468 ὑπερϐαινούσης
2618 1399 2799 1451 πᾶσαν
2836 1397 3043 1470 ἔννοιαν
3074 1399 3169 1462 καὶ.
3223 1399 3402 1452 πάντα
3463 1397 3612 1452 νοῦν
3635 1438 3652 1462 ,
3687 1401 3748 1451 οὗ

2134 1487 2292 1559 μόνον
2339 1488 2551 1558 εἴποιμι
2605 1488 2907 1560 ἀνθρώπων
2933 1527 2948 1551 ,
3003 1489 3139 1542 ἀλλὰ
3176 1490 3268 1544 καὶ
3329 1489 3633 1559 ἀγγέλων.
3675 1493 3748 1542 Οὐ

2132 1577 2242 1647 γάρ
2274 1576 2574 1648 μεταϐολὴν
2607 1577 2896 1644 ἐπεδέξατο
2941 1580 2969 1640 ὁ
2997 1580 3308 1651 Μονογενὴς
3332 1621 3348 1646 ,
3398 1580 3545 1633 οὐδὲ
3592 1583 3625 1643 ὁ
3655 1582 3751 1634 σὺ·

2132 1668 2227 1722 τοῦ
2257 1669 2446 1741 Πατὴρ
2470 1710 2486 1735 ,
2528 1671 2647 1723 οὐδὲ
2679 1671 2740 1723 τὸ
2786 1672 2941 1735 ἆγιον
2975 1671 3138 1725 αὐτοῦ
3173 1672 3401 1744 Πνεῦμα
3426 1717 3446 1737 ,
3511 1673 3582 1725 τὸ
3617 1672 3748 1726 τὸν³

453 1740 632 1837 nepos
659 1784 673 1832 ;
737 1764 1010 1838 siquidem
1029 1740 1488 1836 incomparabilis
1533 1760 1738 1825 Patris,
1787 1759 1909 1815 Filii
1970 1778 2033 1829 ac

2154 1740 2414 1831 νιονογενῆ
2448 1761 2632 1832 ἀπαθῆ
2655 1761 2784 1827 ὄντα
2813 1763 2868 1814 ὲν
2901 1762 3062 1832 σαρκὶ
3091 1764 3282 1817 παθεῖν
3306 1740 3336 1795 ’⁷
3353 1765 3456 1816 καὶ
3487 1763 3558 1827 τὸ
3594 1764 3748 1829 ᾰγιςν

451 1858 692 1927 Spiritus
751 1857 928 1910 sancti
993 1862 1189 1910 natura
1247 1853 1635 1923 cogitationem
1697 1867 1915 1907 omnem
1968 1868 2033 1908 ac

451 1959 687 2004 mentem
718 1957 977 2017 superat,
1039 1962 1146 2001 non
1203 1945 1484 1999 hominum
1543 1945 1721 2014 solum
1776 1944 2030 2010 dixerim,

451 2056 643 2095 verum
697 2040 858 2096 etiam
914 2040 1252 2110 angelorum.
1308 2037 1425 2092 Non
1475 2036 1620 2091 enim
1676 2037 2032 2108 mutationem

452 2131 621 2186 ullam
654 2132 850 2187 unicus
880 2130 973 2186 Dei
1013 2129 1186 2198 Filius
1217 2129 1460 2195 admisit,
1504 2144 1605 2182 nec
1644 2129 1814 2198 ipsius
1850 2126 2031 2193 Pater,

450 2240 631 2297 neque
677 2230 901 2278 sanctus
945 2221 1066 2289 ejus
1117 2220 1376 2290 Spiritus,
1418 2233 1484 2273 eo
1519 2218 1662 2288 quod
1714 2218 2033 2290 Unigenitus

452 2331 552 2386 per
605 2329 727 2368 sese
765 2313 1040 2382 passionis
1098 2326 1293 2380 expers
1355 2310 1408 2363 in
1463 2324 1630 2366 carne
1681 2311 1752 2364 sit
1803 2327 2030 2380 passus;

454 2404 692 2476 Spiritus
727 2418 855 2472 vero
885 2409 1111 2458 sanctus
1140 2400 1407 2454 columbae
1436 2415 1495 2454 se
1527 2401 1713 2471 specie
1737 2402 2029 2469 videndum

453 2491 752 2562 objecerit;
789 2505 853 2544 ac
897 2497 1175 2562 postremo
1225 2486 1385 2542 Pater
1433 2488 1549 2560 ipse
1597 2503 1730 2542 voce
1776 2489 1843 2544 de
1893 2491 2033 2544 ccelo

2138 1849 2303 1916 αὑτοῦ
2337 1851 2560 1920 Πνεῦμα
2601 1854 2658 1904 ὲν
2694 1852 2822 1904 εἴδει
2855 1855 3189 1923 περιστερᾶς
3213 1894 3228 1918 ,
3265 1852 3361 1918 καὶ
3406 1853 3475 1919 τὸ
3511 1853 3614 1905 τὸν
3639 1854 3747 1906 Πα-

2138 1943 2272 2014 τέρα
2313 1941 2556 2013 φθογγὴν
2596 1945 2678 2007 εἰς
2725 1943 2893 2015 ἀκοὴν
2922 1944 3221 2015 ἀνθρώπων
3247 1943 3583 2014 ἀπορρῆξαι
3611 1943 3748 1995 ἄνω-

2139 2033 2231 2087 θεν
2265 2033 2509 2099 ἀπαθῶς·
2543 2033 2732 2106 ὥσπερ
2760 2037 2819 2088 οὐ
2853 2026 3172 2107 μεταϐολὴν,
3210 2036 3305 2102 καὶ
3365 2036 3560 2097 πάθος
3596 2051 3745 2104 περι-

2140 2126 2466 2196 εποιήσαντο
2489 2127 2536 2179 οἱ
2561 2126 2872 2191 κτισθέντες
2899 2127 3140 2196 ἄγγελοι,
3168 2129 3261 2180 καὶ
3286 2128 3548 2199 οὐρανοὶ,
3587 2130 3683 2179 καὶ
3710 2131 3740 2195 ἡ

2137 2217 2244 2287 γῆ,
2278 2219 2372 2270 καὶ
2427 2217 2496 2270 τά
2540 2217 2719 2271 πάντα
2769 2218 2848 2288 τῷ
2881 2220 3019 2273 αὐτά
3072 2221 3414 2291 πεποιηκότι.
3484 2217 3660 2270 ’Δλλά
3690 2217 3745 2268 τδ

2138 2309 2248 2361 πᾶν
2280 2310 2427 2372 ἐστιν
2455 2308 2760 2380 ἔκπληκτον
2792 2311 3112 2382 μυστήριον,
3149 2311 3292 2364 κατὰ
3318 2311 3380 2362 τὸ
3409 2309 3737 2380 εἰρημένον⁸

2134 2392 2203 2450 Ὦ
2243 2396 2438 2464 ,ϐάθος
2487 2383 2791 2464 πλούτου,
2851 2398 2947 2454 καὶ
2989 2401 3242 2468 σοφίας,
3295 2398 3396 2451 καὶ
3430 2397 3557 2466 τῆς
3594 2394 3741 2467 γνώ-

2136 2504 2291 2557 σεως
2324 2490 2471 2544 Θεοῦ
2503 2490 2523 2543 !

453 2581 623 2638 missa
685 2582 824 2636 citra
889 2579 1199 2652 passionem
1251 2579 1416 2634 ullam
1471 2578 1753 2641 hominum
1809 2581 2034 2636 auribus
2075 2580 2398 2639 insonuerit.
2434 2583 2553 2648 Non
2587 2597 2749 2638 secus
2777 2590 2941 2652 atque
2964 2581 3164 2656 angeli,
3223 2581 3484 2644 cmlestes
3553 2580 3736 2640 orbes,

453 2681 621 2735 terra,
656 2682 979 2746 caeteraque,
1027 2687 1150 2746 quae
1229 2670 1373 2726 Deus
1437 2669 1708 2734 condidit,
1755 2673 1938 2727 omnia
2004 2672 2208 2729 nullam
2257 2674 2470 2748 auctori
2536 2689 2637 2728 suo
2713 2664 3067 2732 mutationem
3113 2672 3580 2749 al‘fectionemque
3635 2672 3733 2723 tri-

452 2764 710 2830 buerunt.
771 2753 878 2818 Sed
941 2753 1055 2818 haec
1121 2761 1306 2822 omnia
1374 2761 1702 2842 stupendum
1795 2761 2069 2832 quoddam
2144 2772 2314 2833 sunt,
2379 2764 2823 2836 horrendumque
2889 2766 3248 2836 mysterium,
3309 2766 3389 2834 uti
3460 2766 3732 2836 scriptum

452 2866 539 2914 est
566 2877 579 2913 :
611 2858 656 2914 Ο
702 2857 932 2916 altitudo
981 2858 1320 2921 divitiarum,
1385 2855 1652 2929 sapientia:
1692 2866 1742 2912 et
1791 2860 2025 2913 scientia:
2061 2858 2235 2914 Det"!

911 2973 1094 3041 AE'rlI
1131 2971 1362 3046 CAPUT
1399 2971 1588 3040 xxnt.
1939 3048 1946 3056 .

527 3059 586 3115 Si
621 3060 816 3131 genita:
845 3059 1168 3130 substantiae
1201 3073 1372 3118 causa
1404 3058 1478 3114 sit
1517 3057 1759 3128 ingenita
1782 3097 1796 3120 ,
1823 3058 2034 3133 ingenir

458 3164 574 3208 tum
622 3167 754 3206 vero
778 3191 793 3214 ,
842 3150 989 3220 quod
1026 3149 1358 3225 principium
1390 3149 1616 3214 dicitur,
1651 3149 1787 3202 nihil
1818 3151 2041 3225 omnino

456 3239 838 3310 sit,quomodn
868 3246 1043 3308 potest
1068 3237 1118 3298 id
1135 3223 1279 3306 quod
1299 3235 1550 3304 nihilest,
1571 3237 1710 3312 ejus,
1740 3238 1882 3309 quod
1908 3223 2036 3312 pro;

456 3330 683 3402 ductum
714 3338 820 3394 est,
855 3344 977 3383 esse
1001 3327 1368 3400 principium?
1408 3313 1416 3321 ’
1537 3313 1542 3319 ’

850 3442 1017 3518 970
1054 3439 1364 3509 Confutatio
1401 3438 1631 3496 XXIII.

529 3533 773 3606 lngenita
819 3534 1127 3594 substantia
1175 3547 1286 3588 non
1331 3530 1560 3596 eodem,
1596 3548 1706 3601 quo
1735 3534 1804 3588 ad
1839 3544 2044 3589 caetera

457 3628 644 3683 omnia
683 3631 998 3696 comparata
1047 3623 1242 3687 modo,
1292 3623 1387 3683 sed
1436 3622 1546 3684 alio
1591 3623 1832 3696 quodam
1874 3641 2042 3680 sensu

459 3720 685 3784 dicitur,
733 3733 856 3774 cum
897 3717 965 3786 ad
1013 3718 1232 3776 unicam
1280 3714 1522 3776 Sobolem
1566 3713 1822 3783 relertur,
1860 3717 1942 3773 vel
1974 3717 2042 3772 ad

463 3810 728 3880 Spiritum
760 3818 1036 3874 sanctum,
1069 3808 1164 3879 qui
1191 3807 1260 3863 ab
1291 3809 1407 3877 ipsa
1438 3809 1827 3878 progreditur;
1861 3826 2043 3881 neque

460 3917 594 3957 vero
621 3902 950 3973 principium
982 3903 1389 3973 estejusmodi,
1421 3907 1580 3970 quale
1617 3913 1702 3959 est
1727 3906 1873 3974 quod
1897 3905 2044 3959 exsi-

463 3994 560 4049 stit
601 4007 725 4047 cum
783 3991 1028 4047 nondum
1064 3993 1365 4048 exsistente
1394 4001 1798 4065 comparatum.
1833 3993 2045 4064 Quippe

461 4101 574 4152 non
605 4100 674 4144 ex
709 4084 881 4142 nihilo
913 4086 1128 4154 genitus
1157 4093 1242 4144 est
1287 4084 1458 4140 Filius
1480 4127 1495 4152 ,
1546 4100 1725 4154 neque
1757 4101 1865 4150 non
1894 4085 2041 4140 exsi-

461 4185 616 4234 stens
647 4184 751 4242 est,
787 4175 878 4246 qui
913 4176 1122 4246 genuit,
1158 4178 1242 4238 vel
1267 4178 1360 4248 qui
1388 4179 1458 4233 ab
1493 4179 1610 4248 ipso
1641 4177 1891 4248 procedit
1921 4175 2046 4245 Spio

461 4270 604 4328 ritus
638 4281 896 4334 sanctus;
931 4275 1252 4326 caeterorum
1287 4284 1416 4324 vero
1448 4284 1618 4324 causa
1650 4277 1737 4331 est
1771 4269 2042 4326 exsistens

462 4360 664 4430 ipsum.
725 4359 1069 4430 Quapropter
1125 4369 1316 4430 suapte
1376 4361 1548 4431 gloria
1616 4374 1681 4414 ac
1753 4359 2044 4429 splendore

462 4452 688 4522 praedita
733 4468 948 4522 semper
975 4461 1059 4508 est
1096 4463 1450 4514 sacrosancta
1489 4453 1752 4513 Trinitas.
1811 4467 1933 4519 quae
1962 4453 2044 4506 di—

465 4544 690 4614 gnitatis
729 4558 844 4600 sua!
878 4544 1230 4616 appellationi
1272 4549 1469 4613 cuique
1505 4551 1874 4601 consentanee
1903 4557 2046 4602 sem-

464 4650 565 4704 per
587 4634 830 4693 .exsistit.
859 4634 992 4692 Nam
1023 4650 1116 4704 per
1148 4636 1346 4705 ipsam,
1377 4643 1432 4690 et
1455 4651 1563 4692 non
1593 4643 1770 4700 extra,
1804 4649 1932 4703 quae
1965 4635 2045 4686 fa-

463 4737 555 4782 cta
587 4735 736 4786 sunt.
766 4743 891 4785 cum
926 4742 1033 4784 non
1073 4737 1278 4790 essent,
1312 4728 1579 4798 producta
1608 4737 1756 4786 sunt.
1791 4726 1919 4782 ldeo
1946 4741 2045 4788 ne-

463 4831 574 4887 que
629 4815 780 4875 solus
820 4831 914 4886 per
959 4832 1082 4874 sese
1129 4815 1502 4879 Pgter‘lcausa
1555 4825 1640 4872 est
1696 4816 2042 4872 conditarqu

463 4922 686 4982 rerum,
741 4907 836 4964 sed
872 4907 1054 4973 Pater,
1083 4916 1152 4968 .et
1195 4907 1368 4964 Filius
1392 4947 1407 4972 ,
1443 4916 1499 4963 et
1551 4907 1790 4978 Spiritus
1819 4915 2045 4962 sanctus

465 4999 772 5071 procreavit
799 5000 1005 5074 omnia.
1036 4999 1194 5065 Quod
1223 5000 1270 5058 si
1309 5001 1523 5056 alienus
1549 5007 1696 5058 esset
1729 4997 1923 5063 Filius,
1961 5006 2042 5051 at-

467 5105 576 5162 que
621 5104 652 5148 α
701 5090 970 5161 principio
1003 5107 1104 5147 suo
1148 5090 1390 5150 nondum
1450 5091 1726 5152 exsistens
1777 5089 2042 5159 originem

470 5183 786 5247 habuisset,
833 5199 959 5242 cum
991 5185 1208 5239 ceteris
1254 5185 1512 5244 omnibus
1553 5185 1622 5244 ab
1649 5199 1713 5245 eo
1763 5182 2044 5254 profectus

465 5277 693 5346 aequalis
733 5285 880 5332 esset
923 5277 1220 5332 omnibus:
1255 5278 1399 5334 unde
1445 5288 1500 5333 et.
1541 5275 1685 5334 Deus
1730 5291 1838 5331 non
1883 5291 2049 5346 gene-

467 5365 664 5433 rando,
696 5365 792 5422 sed
822 5370 1160 5438 procreando
1196 5369 1527 5440 principium
1565 5369 1878 5430 haberetur,
1904 5367 2050 5422 [ieri-

468 5474 575 5529 que
603 5476 710 5516 non
745 5471 930 5518 posset
956 5463 1212 5534 amplius,
1245 5471 1305 5519 ut
1329 5479 1472 5520 unus
1496 5463 1734 5535 genitus,
1762 5478 1828 5517 ac
1855 5458 2044 5527 Filius,

467 5559 662 5606 caetera
690 5567 820 5608 vero
851 5564 1122 5612 creatura:
1141 5556 1484 5623 dicerentur;
1505 5557 1602 5612 sed
1631 5557 1714 5611 vel
1741 5555 1926 5610 omnia
1950 5570 2046 5625 ge-

569 5664 584 5694 ¹
609 5661 800 5720 Matth.
837 5684 966 5735 xvu,
1000 5669 1052 5723 5.
1124 5671 1144 5702 ¹
1181 5669 1337 5725 llom.
1369 5686 1446 5737 XI,
1479 5671 1571 5727 55.
1641 5669 1664 5702 ³
1715 5667 1775 5723 F.
1804 5665 1881 5738 τῷ
1903 5667 2013 5722 τόν.

2511 2977 2908 3034 ΚΕΦΑΛΑΙΟΝ
2938 2978 3192 3034 ΑΕἸῚΟΥ
3220 2978 3348 3034 Kl”.

2214 3071 2276 3124 Ei
2310 3071 2407 3148 τῆς
2439 3072 2734 3142 γενομένης
2762 3073 2796 3142 ἡ
2835 3071 3126 3142 ἀγέννητος
3161 3072 3321 3141 φύσις
3357 3075 3516 3127 ἐστὶν
3560 3074 3726 3135 αἰτία,

2139 3162 2203 3222 τὸ
2233 3163 2288 3223 δὲ
2319 3161 2612 3234 ἀγέννητον
2662 3163 2827 3233 μηδὲν
2874 3163 2982 3232 εἴη,
3023 3165 3137 3224 πῶς
3191 3163 3257 3217 ἂν
3306 3165 3390 3234 εἴη
3444 3167 3624 3219 αἴτιον
3673 3164 3728 3218 τὸ

2141 3253 2310 3324 μηδὲν
2340 3253 2432 3308 τοῦ
2466 3254 2748 3322 γεγονότος
2763 3271 2778 3321 ἱ

2697 3459 2968 3523 Ανατροπ
2977 3455 3011 3523 ὴ
3043 3458 3176 3511 Kl".

2221 3545 2376 3598 Ἐστι
2411 3547 2509 3616 μὲν
2539 3543 2633 3601 οὖν
2662 3548 2784 3600 καθ’
2823 3548 3015 3619 ἑτέραν
3058 3549 3318 3613 διάνοιαν,
3349 3550 3470 3605 ἀλλ’
3497 3554 3562 3605 οὐ
3592 3551 3724 3605 κατὰ

2145 3639 2246 3708 τὴν
2279 3639 2401 3710 τσην
2427 3641 2559 3710 πρὸς
2615 3642 2792 3694 πάντα
2845 3641 2878 3711 ἡ
2930 3641 3222 3711 ἀγέννητος
3267 3641 3455 3711 φύσις,
3499 3644 3635 3714 πρὸς
3665 3644 3720 3694 τὸ

2149 3732 2436 3802 μονογενὲς
2484 3734 2755 3804 γέννημα,
2809 3733 2902 3786 καὶ
2947 3733 3084 3804 πρὸς
3125 3734 3188 3786 τὸ
3240 3731 3300 3798 ἐξ
3346 3735 3526 3805 αὐτῆς
3579 3735 3722 3802 ἅγιον

2147 3819 2402 3890 ῐινεῦμα·
2441 3822 2540 3874 οὐκ
2571 3823 2742 3876 αἴτιον
2773 3821 2852 3886 δὲ,
2886 3821 2964 3885 ὡς
3005 3822 3067 3875 τὸ
3112 3823 3356 3892 ὑπάρχον
3391 3826 3531 3896 πρὸς
3567 3824 3625 3878 τὸ
3653 3823 3717 3893 μὴ

2145 3910 2224 3963 ὃν.
2259 3911 2414 3964 Ἔστι
2444 3910 2552 3982 γὰρ
2593 3912 2694 3964 οὐκ
2731 3911 2792 3976 ἐξ
2829 3912 2932 3965 οὐκ
2969 3911 3138 3966 ὄντων
3187 3914 3216 3964 ὁ
3257 3912 3564 3983 γεννηθεὶς,
3609 3912 3719 3966 οὐδὲ

2149 4002 2224 4071 μὴ
2255 4000 2334 4055 ὢν
2371 4003 2517 4055 ἐστιν
2569 4003 2598 4054 ὁ
2641 4004 2926 4073 γεννήσας,
2977 4003 3099 4056 οὐδὲ
3145 4004 3205 4056 τὸ
3253 4003 3313 4068 ἐξ
3361 4005 3532 4058 αὐτοῦ
3579 4006 3718 4072 ἅγιον

2141 4091 2400 4162 Πνεῦμα⁶
2439 4093 2548 4146 τῶν
2575 4093 2633 4146 δὲ
2671 4093 2844 4148 ἄλλων
2881 4095 3029 4148 ἐστὶν
3076 4095 3244 4148 αἴτιον
3275 4095 3336 4148 τὸ
3360 4095 3444 4148 ὃν.
3491 4097 3581 4149 Διὸ
3603 4094 3715 4148 σύν-

2146 4201 2261 4241 εστι
2314 4187 2380 4254 τῇ
2415 4183 2519 4254 ἰδίᾳ
2543 4185 2628 4237 ἀεὶ
2659 4184 2784 4256 δόξῃ
2820 4187 2853 4256 ή
2883 4187 3014 4254 ἀγια
3058 4186 3247 4258 Τριάς,
3286 4187 3374 4241 ἀεὶ
3424 4184 3562 4242 οὖσα
3601 4188 3715 4239 ἀνα-

2145 4275 2320 4343 λόγως
2349 4276 2566 4346 ἑκάστῳ
2596 4276 2819 4347 ὀνόματι
2846 4277 2938 4330 τοῦ
2967 4278 3135 4349 αὐτῆς
3161 4279 3490 4349 ἀξιώματος.
3516 4279 3592 4332 Δι’
3623 4278 3709 4330 αὖ·

2146 4365 2247 4435 τῆς
2269 4365 2398 4436 γὰρ,
2435 4368 2530 4419 καὶ
2572 4368 2673 4420 οὐκ
2713 4367 2889 4434 ἐκτὸς,
2918 4367 2988 4421 τὰ
3017 4370 3278 4438 γεγονότα
3308 4371 3594 4439 γεγόνασιν
3625 4368 3712 4421 οὐκ

2149 4456 2294 4511 ὄντα.
2325 4457 2523 4528 Διόπερ
2551 4457 2670 4511 οὐδὲ
2712 4457 2834 4516 καθ’
2871 4461 3064 4514 ἑαυτὸν
3106 4462 3136 4514 ὁ
3186 4461 3373 4532 Πατὴρ
3404 4463 3573 4524 αἴτιος
3615 4459 3706 4512 τῶν

2149 4551 2448 4618 γεγονότων
2475 4549 2644 4617 ἐστὶν,
2693 4551 2827 4605 ἀλλὰ
2873 4552 3082 4624 Πατὴρ,
3115 4553 3210 4606 καὶ
3263 4553 3412 4618 Υἱὸς,
3449 4556 3544 4607 καὶ
3569 4551 3708 4620 fivch

2151 4639 2384 4711 Πνεῦμα
2429 4641 2652 4711 ἐποίησε
2705 4646 2774 4695 τὰ
2815 4643 3010 4697 πάντα.
3064 4645 3128 4697 Ei
3173 4643 3230 4696 δὲ
3268 4639 3345 4716 ἦν
3389 4640 3707 4714 ἀλλότριοςὸ

2153 4733 2402 4805 Υἱὸςλὼς
2429 4733 2537 4790 ἀπὸ
2557 4734 2727 4787 αἰτίου
2759 4735 2859 4789 οὐκ
2889 4735 2985 4801 ὢν,
3023 4736 3298 4804 προελθὼν
3327 4735 3394 4790 ἂν
3430 4737 3566 4808 μετά
3594 4736 3706 4788 πᾶν⁸

2150 4841 2279 4889 των,
2311 4826 2404 4878 καὶ
2431 4825 2593 4889 αὐτὸς
2631 4827 2742 4891 ῐσος
2779 4827 3014 4894 ἐγένετο.
3069 4828 3180 4880 Καὶ
3225 4828 3396 4892 αῐτιος
3426 4825 3497 4900 ἦν
3531 4830 3558 4882 ὁ
3596 4824 3704 4884 Θεὸς

2149 4917 2333 4971 οὐκέτι
2373 4918 2708 4988 γεννητικῶς
2751 4919 3034 4988 ἀχθέντος,
3084 4919 3221 4972 ἀλλά
3273 4916 3593 4982 κτιστικῶςο
3628 4916 3706 4967 καὶ

2149 5008 2330 5061 οὐκέτι
2387 5008 2660 5079 ἐνεδέχετο
2711 5009 2802 5062 τὸν
2855 5009 2951 5061 ἕνα
3009 5008 3266 5077 λέγεσθαι
3327 5009 3568 5081 γέννημα
3592 5047 3606 5070 ,
3649 5004 3702 5055 τά

2151 5101 2195 5154 δ’
2223 5100 2360 5153 ἄλλα
2397 5101 2690 5172 κτίσματα,
2723 5101 2836 5155 ἀλλ’
2868 5102 2900 5171 ἢ
2929 5103 2998 5155 τά
3027 5103 3208 5156 πάντα
3237 5104 3334 5157 σὺν
3366 5103 3516 5173 αὐτῷ
3539 5099 3702 5170 γεννή-

2157 5208 2302 5262 ματα
2329 5192 2602 5260 λέγεσθαι,
2633 5191 2666 5262 ἢ
2693 5192 2854 5246 αὐτὸν
2880 5194 2976 5245 σὺν
3001 5194 3136 5245 πᾶσι
3173 5193 3379 5263 κτίσμα
3405 5194 3599 5264 ὁμοίως
3626 5206 3702 5242 και

2154 5282 2390 5338 λεῖσθαι’
2435 5285 2528 5340 καὶ
2571 5285 2722 5340 οὐδὲν
2765 5280 2834 5355 ἦν
2889 5284 3186 5356 ἐξαίρετον,
3243 5284 3586 5355 ὲξισουμένου
3624 5276 3700 5332 τοῦ

2154 5374 2273 5440 ἐνὸς
2297 5376 2409 5440 τοῖς
2449 5377 2584 5430 πᾶσι
2629 5376 2770 5430 κατά
2798 5377 2859 5429 τὸ
2896 5378 3058 5449 μέρος
3103 5377 3164 5429 τὸ
3206 5375 3268 5440 ἐξ
3293 5376 3404 5428 ὀὐκ
3435 5377 3620 5430 ὄντων·
3653 5370 3699 5424 οὗ

2158 5465 2318 5536 μόνον
2337 5467 2545 5537 εἴποιμι
2567 5468 2854 5537 ἀγγέλους,
2890 5467 2967 5537 τῷ
2994 5467 3172 5520 αὐτῶν
3197 5466 3252 5519 δὲ
3279 5469 3473 5540 ποιητῇ
3502 5467 3586 5520 καὶ
3609 5459 3699 5515 κτί-

2157 5572 2259 5627 στῃ
2291 5560 2587 5628 μονογενεϊ,
2619 5559 2755 5614 ἀλλά
2789 5561 2883 5615 καὶ
2913 5557 3257 5631 ἀνθρώπους,
3286 5559 3382 5613 καὶ
3424 5559 3605 5632 κτήνη,
3626 5550 3698 5607 καὶ
