3838 6392
69 297 155 353 ιιι
685 296 1058 355 ADVERSUS
1089 297 1432 355 HIERESES
1469 299 1598 359 LIB.
1641 300 1650 356 l

1769 301 1938 366 TOU.
1978 304 2020 361 Ι.
2037 336 2108 347 -
2122 304 2399 365 ΗκΕΡιΕΒ.
2441 306 2672 362 LXXVI.
3239 301 3345 360 606

69 418 144 470 in
174 413 658 485 ἀπειρομεγὲθως
707 417 927 472 ἀποδέιι
954 417 1056 488 τῆς
1082 417 1293 472 ἐκείνου
1323 416 1542 487 φύσεως.
1573 417 1650 474 κα¹

1773 422 1873 476 niti
1912 422 2135 480 nomine
2175 423 2610 487 continerentur,
2654 422 2738 478 vel
2774 420 2943 478 Filius
2977 423 3094 491 ipse
3119 420 3347 490 perinde

69 506 377 575 ιξιώματος.
409 507 628 564 Ἔστιν
654 510 684 563 ὁ
713 507 791 563 ὢν
815 508 914 562 σὺν
949 507 1028 578 τῷ
1053 508 1168 562 ὄντι
1208 507 1270 574 ἐξ
1307 509 1472 566 αὐτοῦ
1500 509 1650 580 ἀχρό.

1768 526 1834 567 ac
1865 519 2061 568 catera
2095 521 2344 569 creatura
2385 512 2662 568 diceretur
2691 527 2704 564 :
2741 527 2920 581 neque
2951 510 3249 581 quidquam
3287 512 3346 564 in

69 616 148 661 ιως
169 599 337 661 ὅπως
361 601 815 672 γεγεννημένος,
846 601 947 656 οὐκ
992 601 1052 666 ἐξ
1092 602 1193 654 οὐκ
1231 601 1421 666 όντων,
1455 601 1571 655 ἀλλ’
1608 602 1650 656 ιε

1766 619 1833 660 eo
1850 611 1997 661 esset
2017 605 2298 672 eximium,
2319 619 2446 660 cum
2483 604 2586 658 hac
2627 619 2692 659 ex
2721 610 2898 674 parte,
2916 603 3061 671 quod
3083 618 3149 656 ex
3171 600 3348 658 nihilo

69 689 204 744 αὐτοῦ
224 706 237 720 ·
268 691 370 743 καὶ
397 691 534 745 ἐστι
563 693 630 745 τὸ
653 693 808 762 ἀγιον
839 691 1006 746 αὐτοῦ
1033 691 1281 764 Πνεῦμα,
1313 694 1374 747 τὺ
1392 693 1493 746 οὐκ
1517 694 1649 748 ἀλλό

1767 697 2070 766 productus
2107 695 2246 750 foret
2272 735 2288 760 ,
2321 711 2466 750 unus
2505 695 2596 749 ille
2625 709 2748 749 cum
2781 694 2993 748 caeteris
3026 692 3346 760 adaequare-

69 799 186 850 τριον
215 781 316 851 τῆς
341 782 537 838 αὐτοῦ
590 783 798 847 οὐσίας,
841 783 964 838 οὐδὲ
996 783 1073 846 ὡς
1103 783 1199 836 ἐπὶ
1242 781 1486 855 βοηθείᾳ,
1526 784 1650 838 κατά

1769 793 1858 836 tur
1885 780 2140 836 omnibus
2171 797 2183 832 :
2218 781 2354 841 adeo
2384 789 2442 835 ut
2478 797 2586 838 non
2613 781 2775 836 modo
2802 781 2977 852 angeli
3002 795 3126 835 eum
3155 779 3345 836 condi-

69 875 134 926 τὸν
165 873 374 928 Ἀετίου
402 873 611 943 λόγον,
633 873 754 946 Θεῷ
787 874 1357 946 προσπεπορισμένον.

1770 879 1888 928 tore
1927 885 1991 924 ae
2030 877 2279 926 creatore
2317 885 2420 925 suo
2453 871 2616 926 unico
2645 869 2737 925 Dei
2775 868 2935 934 Filio,
2963 871 3056 930 sed
3085 879 3138 926 et
3169 870 3347 924 homi-

69 985 141 1024 nes
167 979 217 1024 et
247 969 513 1038 pecudes
571 969 954 1040 admouentur,
985 984 1050 1024 ac
1083 977 1282 1025 cetera
1306 1008 1324 1035 ,
1357 984 1479 1040 qua
1543 969 1612 1024 ab
1679 967 1827 1023 illius
1871 973 2068 1020 natura
2111 979 2175 1018 ae
2203 964 2469 1034 dignitate
2515 963 2735 1020 infinito
2766 964 3052 1020 intervallo
3117 963 3344 1018 distant.

69 1058 203 1129 Igitur
223 1057 410 1114 Filius
435 1058 736 1116 exsistens
767 1074 893 1114 cum
957 1060 1260 1117 exsistente
1315 1058 1476 1116 Patre
1498 1068 1739 1115 aeternus
1777 1065 1865 1113 est
1886 1099 1903 1124 ,
1943 1057 2011 1112 ab
2037 1070 2212 1126 eoque
2245 1056 2364 1110 sine
2401 1063 2682 1126 tempore,
2712 1070 2821 1111 non
2853 1071 2884 1111 e
2908 1055 3109 1120 nihilo,
3157 1053 3250 1110 sed
3278 1068 3346 1107 ex

69 1156 162 1221 ipso
204 1167 401 1208 revera
440 1154 700 1224 genitus,
751 1163 944 1226 estque
983 1154 1222 1226 Spiritus
1269 1155 1391 1224 ejus
1429 1164 1656 1212 sanctus
1731 1154 1801 1210 ab
1850 1153 1997 1208 illius
2048 1159 2246 1207 natura
2297 1165 2405 1206 nou
2451 1151 2696 1216 alienus;
2749 1166 2926 1222 neque
2971 1152 3122 1228 velut
3184 1149 3344 1220 adju-

69 1245 207 1301 menti
257 1245 478 1316 gratia,
548 1255 615 1302 ut
661 1247 856 1305 Aetius
907 1247 1224 1315 existimat,
1269 1264 1302 1304 a
1348 1248 1460 1306 Deo
1520 1255 1893 1319 comparatus.

407 1363 837 1418 ΚΕΦΛΛΛΙΟΝ
880 1363 1136 1420 ΑΕΤΙΟΥ
1171 1367 1298 1420 KA'.

2205 1353 2401 1410 ΑΕΤΙΙ
2439 1353 2670 1411 CAPUT
2709 1353 2900 1412 XXIV.

119 1451 177 1504 Et
212 1451 275 1504 τὸ
325 1452 654 1523 ἀγέννητον
692 1454 968 1527 στέρησις,
1016 1457 1050 1528 ἡ
1097 1457 1155 1510 δὲ
1197 1458 1452 1529 στέρησις
1499 1457 1650 1524 ἕξεως

1839 1446 1894 1502 Si
1943 1447 2244 1518 ingenitum
2281 1447 2514 1518 privatio
2550 1448 2805 1517 quaedam
2844 1454 2929 1504 est
2975 1463 2989 1500 :
3041 1456 3124 1503 est
3164 1456 3344 1501 autem

70 1543 278 1613 ἀποϐολή
314 1545 507 1606 ἐστιν,
542 1548 578 1617 ἡ
611 1546 668 1599 δὲ
697 1546 936 1617 ἀποϐολὴ
969 1548 1248 1614 παντελῶς
1285 1549 1650 1621 datiuum“;

1765 1539 1998 1608 privatio
2039 1539 2346 1595 aﬂectionis
2378 1541 2604 1597 amissio
2630 1560 2644 1605 ;
2681 1541 2909 1598 amissio
2935 1555 3100 1612 porro
3130 1541 3348 1610 penitus

71 1631 368 1700 μεθίσταται
423 1634 526 1704 ἐφ’
579 1634 798 1707 ἕτερον’
839 1637 956 1701 πῶς
1003 1631 1115 1690 οἷόν
1156 1655 1214 1691 τε
1252 1639 1362 1704 ἓξει
1402 1641 1661 1710 μεθιστα-

1763 1647 1794 1690 e
1832 1629 2011 1686 medio
2043 1631 2272 1695 tollitur,
2303 1643 2398 1685 aut
2429 1631 2485 1687 in
2521 1633 2752 1688 alterum
2786 1641 3178 1697 commutatur,
3209 1647 3348 1701 quo-

73 1724 201 1796 μένῃ.
225 1725 260 1794 ἢ
288 1726 689 1799 ἀπολλυμένῃ,
725 1728 1191 1798 κατονομάζεσθαι
1221 1730 1320 1803 τὴν
1351 1732 1540 1787 οὐσίαν
1567 1731 1650 1786 τοῦ

1765 1737 1889 1782 nam
1939 1731 2099 1794 pacto
2129 1723 2418 1781 aﬂ'ectione
2454 1726 2545 1780 illa
2586 1736 2904 1782 transeunte
2937 1736 3030 1779 aut
3059 1732 3342 1794 pereunte,

70 1814 177 1868 Θεοῦ
199 1816 504 1890 ἀγεννήτῳ
532 1821 879 1892 προσηγορίᾳ
900 1838 914 1886 ;

627 2018 956 2088 Ἀνατροπὴ
984 2023 1112 2075 KA'.

129 2106 182 2157 El
225 2104 334 2159 ἀπὺ
389 2108 498 2161 σοῦ
550 2109 646 2162 καὶ
696 2109 877 2182 δεῦρο,
911 2111 1105 2176 Ἀέτιε,
1136 2114 1170 2184 ή
1216 2113 1344 2184 περὶ
1367 2113 1506 2167 Θεοῦ
1533 2113 1660 2182 δόξα

74 2196 159 2250 ἀπὸ
182 2197 284 2250 τῶν
316 2199 433 2253 σῶν
469 2200 856 2272 συλλογισμῶν
882 2204 957 2266 είς
985 2203 1141 2269 δόξαν
1166 2204 1285 2276 Θεῷ
1311 2206 1655 2275 πεπόρισται,

79 2291 194 2342 κατά
215 2292 341 2356 τοὺς
367 2292 648 2347 ἀνωτάτω
682 2294 788 2346 ὑπὸ
841 2294 935 2348 σοῦ
977 2294 1270 2366 λεχθέντας
1316 2296 1530 2366 λόγους,
1563 2299 1658 2352 καὶ

78 2381 210 2450 αὐτὸς
257 2383 398 2454 πρὸς
460 2384 532 2438 σὲ
596 2384 1051 2456 ἀποτεινόμενος,
1107 2388 1515 2461 συγχωροῦντος
1561 2390 1656 2444 τοῦ

81 2471 208 2537 Θεοῦ,
237 2473 305 2527 τὰ
335 2473 432 2527 ῐσα
467 2492 556 2528 σοι
587 2476 684 2530 καὶ
727 2477 890 2541 αὐτὸς
930 2479 1405 2550 προσφθέγξομαι’
1441 2482 1524 2535 ὅτι
1554 2500 1659 2554 μη-

79 2564 197 2628 es;
220 2566 325 2619 τῶν
355 2567 615 2622 παλαιῶν
646 2565 703 2621 ἐν
739 2587 800 2624 τε
839 2572 906 2649 τῇ
953 2570 1167 2644 Παλαιᾷ
1205 2573 1452 2646 Διαθήκῃ
1478 2575 1573 2628 καὶ
1597 2577 1656 2630 ὲν

85 2660 135 2726 τῇ
166 2658 330 2731 Κατ.νῇ
379 2661 564 2730 ἁγίων
599 2661 914 2718 ἀποστόλων
963 2664 996 2736 ἢ
1030 2664 1326 2737 προφητῶν
1356 2667 1516 2728 τοῦτο
1555 2686 1656 2722 πε-

85 2751 422 2820 φρονηκότων,
458 2751 732 2824 ἀμείνονά
761 2769 822 2806 σε
870 2753 1033 2807 αὐτὸν
1071 2755 1334 2827 καθιστᾷς
1367 2758 1462 2810 καὶ
1488 2757 1656 2812 αὐτοῦ

86 2838 160 2890 τοῦ
187 2840 313 2894 Θεοῦ
343 2844 444 2896 καὶ
468 2843 715 2914 ἀσφαλῆ.
746 2843 883 2896 Ἀπὸ
912 2843 1021 2916 γάρ
1047 2845 1140 2898 σοῦ
1184 2847 1278 2900 καὶ
1303 2847 1461 2920 δεῦρο
1485 2865 1656 2919 προσ-

86 2930 216 2983 έλαϐε
242 2933 299 2985 τὸ
320 2933 505 2998 Θεῖον,
531 2935 610 2998 ὼς
636 2933 776 2990 κατά
800 2935 890 2988 τὸν
931 2936 1023 2990 σὸν
1059 2935 1236 3005 λόγον,
1265 2940 1342 3002 είς
1364 2939 1463 3010 τὴν
1492 2941 1656 2995 αὐτοῦ

90 3020 238 3076 ais-av
276 3025 372 3096 τὴν
426 3025 849 3098 συλλογιστικὴν
871 3023 1108 3098 ’ταύτην
1158 3045 1251 3081 σου
1278 3030 1375 3100 τὴν
1412 3032 1658 3101 τεχνολο-

1765 1815 1867 1869 hoc
1893 1823 1979 1872 est
2013 1816 2240 1886 ingeniti
2273 1817 2660 1888 appellatione,
2689 1817 2782 1874 Dei
2809 1817 3121 1878 substantia
3150 1832 3347 1888 cogno-

1763 1904 2100 1960 minabitur?

2160 2018 2321 2090 97],
2365 2019 2678 2087 Coufutalio
2717 2020 2934 2076 XXIV.

1834 2106 1890 2163 Si
1927 2125 2074 2165 nunc
2109 2113 2342 2180 primum
2369 2130 2400 2168 a
2432 2121 2485 2169 te
2514 2125 2569 2170 et
2597 2130 2627 2168 a
2660 2114 2793 2174 tuis,
2829 2115 2984 2180 Aeti,
3005 2113 3344 2186 temporibus

1762 2210 1906 2255 certa
1958 2201 2026 2257 de
2071 2200 2184 2259 Deo
2238 2204 2427 2274 opinio
2487 2207 2599 2261 tuis
2636 2221 2705 2261 ex
2758 2205 3094 2277 syllogismis
3142 2213 3228 2261 est
3276 2206 3344 2260 ad

1760 2291 2003 2362 ejusdem
2043 2293 2272 2365 gloriam
2305 2295 2680 2368 honoremque
2709 2296 3053 2368 deprompta,
3082 2296 3346 2368 quemad-

1762 2385 1983 2440 modum
2011 2395 2169 2443 antea
2200 2388 2488 2458 professus
2518 2404 2603 2455 es,
2635 2404 2737 2462 ego
2767 2406 2919 2458 vero,
2943 2390 3037 2461 qui
3079 2389 3346 2446 adversus

1760 2484 1836 2542 te,
1883 2476 1993 2533 Deo
2022 2480 2347 2549 opitulante,
2392 2480 2640 2552 disputo,
2675 2482 2887 2549 eadem,
2921 2497 3044 2554 quae
3090 2493 3147 2536 tu
3182 2481 3342 2546 dicis,

1759 2585 2029 2642 usurpare
2071 2580 2307 2642 potero:
2357 2589 2484 2630 cum
2533 2576 2887 2646 antiquorum
2933 2590 3095 2630 nemo
3126 2583 3237 2628 tam
3287 2575 3345 2630 in

1762 2663 1978 2732 Vetere,
2003 2679 2167 2734 quam
2193 2666 2250 2720 in
2279 2665 2432 2722 Novo
2465 2666 2842 2732 Testamento,
2881 2666 2997 2723 sive
3025 2683 3092 2723 ex
3120 2675 3345 2739 aposto-

1758 2752 1848 2816 lis,
1879 2753 1994 2808 sive
2021 2769 2084 2809 ex
2109 2758 2394 2826 prophetis
2420 2758 2496 2825 ita
2531 2759 2790 2824 senserit,
2816 2767 2910 2813 tuo
2941 2765 2994 2813 te
3019 2758 3232 2826 judicio
3259 2759 3343 2813 vel

1759 2844 1878 2915 ipso
1925 2843 2035 2902 Deo
2078 2850 2515 2918 przestantiorem
2556 2866 2708 2915 esse,
2755 2858 2810 2906 et
2857 2849 2927 2905 ab
2970 2865 3160 2908 errore
3191 2851 3342 2905 omni

1759 2945 2051 2992 remotum.
2105 2938 2317 2994 Etenim
2347 2941 2446 2996 abs
2477 2951 2530 2997 te
2568 2943 2801 3012 primum
2821 2981 2836 3007 ,
2886 2951 2939 2997 et
2968 2958 3032 2997 ex
3076 2942 3181 2999 hoc
3212 2950 3346 2996 tem-

1760 3041 1893 3097 pore
1916 3026 2082 3093 Deus,
2100 3039 2158 3084 ut
2187 3045 2436 3086 asserere
2449 3031 2674 3099 videris,
2697 3039 2851 3086 tuum
2884 3032 3015 3086 illud
3043 3033 3344 3088 dialecticae

91 3112 206 3178 τίαν,
246 3115 303 3168 τὸ
351 3117 488 3186 περὶ
529 3116 831 3186 ἀγεννητου
864 3116 1043 3184 λέγειν
1089 3119 1417 3189 στερήσεως,
1451 3121 1544 3173 καὶ
1591 3121 1650 3174 τὸ

1757 3119 2078 3175 subtilitatis
2110 3121 2423 3188 artiﬁcium,
2457 3124 2606 3178 velut
2633 3124 2923 3194 quamdam
2959 3124 3079 3180 ﬁdei
3112 3139 3224 3179 suae
3255 3139 3341 3179 ac-

91 3206 334 3276 τιννητοῦ,
368 3211 470 3272 καὶ
514 3209 795 3272 παντελῶς
834 3208 1107 3280 ἀποϐολῆς
1136 3210 1302 3277 ἕξεως
1346 3213 1440 3265 καὶ⁸
1487 3232 1655 3285 μετα-

95 3295 240 3370 ϐιλῆς,
270 3300 360 3354 καὶ
402 3303 539 3372 περὶ
584 3300 716 3354 Θεὸν
759 3302 1162 3373 κατονομασίας
1199 3305 1258 3356 ὲν
1283 3307 1348 3376 τῇ
1385 3306 1527 3359 κατά
1560 3307 1652 3361 τὸν

94 3387 195 3442 Θεὸν
219 3391 403 3457 οὐσίας
443 3387 813 3466 προσηγορίᾳ.
841 3391 978 3447 Οὔτε
1011 3394 1120 3465 γὰρ
1149 3395 1237 3450 διὰ
1281 3396 1342 3448 τὸ
1384 3397 1474 3452 τὸν
1519 3397 1652 3454 Θεὸν

97 3475 440 3542 εἶναιπάντων
470 3486 699 3556 κτίστην
743 3485 856 3540 τῶν
907 3486 1046 3558 μετά
1091 3488 1181 3542 τὸν
1223 3489 1502 3562 Μονογενῆ
1555 3493 1653 3545 αὐ-

97 3570 166 3624 τοῦ
179 3573 262 3626 καὶ
280 3574 341 3628 τὸ
363 3575 525 3645 ἆγιον
539 3575 703 3630 αὐτοῦ
735 3576 982 3648 Πνεῦμα,
1005 3577 1091 3632 διὰ
1116 3578 1215 3648 τῆς
1235 3579 1343 3632 τῶν
1370 3583 1652 3652 κεκτισμέ-

101 3679 181 3715 νων
197 3667 498 3733 συστάσεως
524 3667 588 3721 τὸ
616 3668 937 3739 στερητικὸν
959 3668 1230 3740 ὲφευρέθη
1259 3669 1368 3723 τῶν
1389 3672 1450 3724 οὐ
1482 3687 1651 3743 προσ-

97 3750 230 3807 όντων
252 3755 385 3828 Θεῷ,
411 3759 446 3832 ἢ
478 3759 542 3813 τὸ
565 3759 955 3830 όμολογητικὸν
981 3760 1088 3814 τῶν
1116 3760 1285 3814 ὄντων
1311 3763 1459 3834 αὐτῷ
1488 3781 1652 3836 προσσ-

102 3841 327 3915 είληπται,
371 3849 461 3908 ἵνα
507 3849 573 3903 τὸ
619 3849 914 3920 μετέπειτα
943 3850 1162 3904 κτισθὲν
1191 3851 1252 3905 τὸ
1280 3853 1503 3925 ἄμεινον
1531 3855 1650 3928 Θεῷ

102 3938 364 4011 προσφέρῃ,
415 3942 512 3998 καὶ
545 3941 868 4012 ἀκραιφνὲς,
897 3941 984 3997 διά
1018 3943 1114 3997 τοῦ
1145 3944 1240 3998 ἀπ’
1267 3945 1477 4001 ἐκείνου
1512 3947 1650 4020 πρὸς

105 4025 240 4081 ταῦτα
262 4032 580 4105 στερητικοῦ
615 4035 710 4087 καὶ
737 4034 1115 4107 ἀμεταϐλήτου
1137 4037 1407 4091 ἐπινοοῖτο
1437 4040 1476 4093 ¹.
1507 4039 1647 4093 Ἀλλ’

106 4113 165 4165 ὅτι
190 4117 318 4172 ἐστὶν
359 4123 446 4176 ἀεὶ
484 4122 620 4177 αὐτὸ
662 4123 724 4178 ὃν
765 4123 886 4178 ὅλον
931 4124 1078 4194 δόξα,
1110 4127 1204 4180 καὶ
1235 4126 1354 4180 ὅλον
1385 4128 1648 4202 ἀπερίλη-

109 4217 211 4256 πτον
234 4208 331 4261 ὑπὸ
358 4212 576 4266 πάντων
597 4212 707 4266 τῶν
757 4214 850 4266 ὑπ’
879 4214 1044 4267 αὐτοῦ
1078 4217 1469 4288 κεκτισμένων,
1507 4219 1649 4274 κατά

108 4290 152 4344 τὸ
176 4297 348 4370 μέτρον
373 4303 486 4361 τῶν
514 4304 653 4378 πρὸς
680 4304 780 4376 τὴν
819 4305 1127 4375 δοξολογίαν
1159 4309 1644 4381 ὲπεκτεινομένων,

109 4381 495 4465 ξτδξτιλογοῦμενον
522 4395 654 4466 παρ’
679 4396 932 4466 ἀγγέλοις
961 4397 1060 4468 μὲν
1088 4399 1231 4453 κατὰ
1261 4401 1359 4470 τὴν
1395 4401 1646 4470 ἀγγέλων

111 4474 325 4550 γλῶσσαν,
351 4487 447 4560 τὴν
493 4488 649 4560 παρά
691 4489 770 4560 τῷ
813 4489 1117 4561 Ἀποστόλῳ
1162 4493 1493 4564 προκριτέαν
1534 4492 1646 4544 τῶν

109 4564 354 4640 ἀνθρώπων
380 4578 894 4650 καταγγελλομένην
906 4583 948 4644 ⁸,
975 4581 1112 4635 κατά
1153 4581 1252 4653 τὴν
1295 4583 1404 4637 τῶν
1437 4582 1646 4656 ἀνθρώ·

112 4671 198 4710 πων
234 4663 465 4732 γλῶσσαν
493 4670 596 4742 τὴν
649 4669 1053 4741 ὑποϐεϐηκυῖαν
1075 4671 1152 4744 τῷ
1183 4672 1368 4744 μέτρῳ
1387 4674 1482 4726 καὶ
1506 4674 1646 4727 κατὰ

111 4747 182 4817 τὴν
198 4753 289 4809 τῶν
313 4758 388 4814 ετι
426 4761 851 4832 ὑποϐεϐηκότων
895 4761 1142 4834 δύναμιν.
1201 4765 1312 4818 Καὶ
1337 4765 1399 4818 οὐ
1425 4765 1645 4829 πάντως

115 4838 155 4890 ὲν
175 4843 352 4922 ίκάστῳ
374 4855 633 4925 κτίσματι
674 4854 952 4923 ἀναλόγως
991 4855 1336 4929 ὑποϐέϐηκεν
1366 4859 1399 4928 ἡ
1428 4855 1643 4922 δοξολο-

114 4930 195 4998 για,
221 4938 250 5010 ἢ
277 4947 663 5019 μεταϐέϐληται
684 4965 698 4979 ο
727 4947 844 5001 ἀλλ’
867 4947 982 5001 ἔστι
1021 4948 1121 5020 μὲν
1155 4949 1213 5002 ὲν
1238 4950 1405 5020 ἑαυτῇ
1437 4951 1645 5020 ἀμετά-

119 5022 278 5098 “me,
308 5039 692 5112 περισχομένη
715 5040 737 5072 ³
765 5041 944 5113 πάσης
976 5041 1206 5104 κτίσεως
1234 5042 1372 5113 πρὸς
1400 5041 1462 5095 τὸ
1488 5041 1644 5096 ἀπει-

1676 4442 1724 4501 D

1755 3212 2060 3267 cessionem
2096 3211 2316 3282 adjecit,
2371 3221 2561 3284 utputa
2599 3223 2772 3270 totam
2825 3216 2976 3269 illam
3008 3216 3338 3284 disputatio-

1755 3314 1879 3355 nem
1906 3300 1973 3355 de
1999 3299 2220 3371 ingeniti
2255 3302 2581 3374 privatione,
2610 3304 2788 3375 deque
2817 3305 3022 3376 genito,
3081 3321 3144 3359 ac
3169 3305 3235 3360 de
3265 3305 3343 3358 af-

1755 3391 2009 3469 fectionis
2037 3394 2332 3450 amissione
2358 3395 2621 3466 perfecta,
2655 3398 2770 3454 sive
2792 3388 3227 3452 commutatione
3273 3412 3338 3452 ac

1753 3481 1822 3538 de
1852 3485 2215 3555 appellatione
2247 3484 2363 3552 Dei,
2396 3501 2517 3556 quae
2545 3489 2866 3543 substantiae
2913 3489 3089 3560 ipsius
3143 3491 3340 3544 tribui.

1753 3583 1863 3629 tur.
1896 3575 2104 3632 Etenim
2135 3594 2245 3633 non
2278 3579 2502 3645 ideirco,
2533 3581 2683 3650 quod
2733 3579 2877 3636 Deus
2906 3583 3152 3637 omnium
3219 3591 3342 3651 post

1753 3666 1977 3720 unicum
2028 3664 2225 3721 Filium
2291 3683 2356 3723 ac
2407 3666 2671 3738 Spiritum
2743 3682 2993 3727 sanetum
3027 3679 3343 3742 procreator

1753 3755 1846 3822 sit,
1883 3770 1949 3810 ex
1985 3757 2334 3812 conditarum
2360 3773 2546 3814 rerum
2572 3760 2989 3827 constitutione,
3025 3770 3120 3816 aut
3147 3777 3338 3816 eorum

1753 3861 1874 3915 qua:
1898 3846 2100 3902 absunt
2130 3863 2161 3902 a
2185 3848 2314 3914 Deo,
2350 3849 2607 3919 privatio,
2637 3859 2732 3905 aut
2761 3867 2977 3918 eorum,
3000 3868 3122 3923 qua:
3153 3854 3343 3908 insunt

1752 3940 2043 3996 allirmatio
2092 3941 2195 3997 fuit
2228 3943 2511 4013 adjuncta,
2541 3944 2699 4014 quasi
2736 3945 2884 4013 quod
2920 3954 3111 4016 postea
3151 3945 3342 4001 condi-

1750 4038 1866 4085 tum
1910 4040 1997 4087 est
2045 4035 2395 4103 praestantius
2441 4033 2552 4090 Deo
2599 4036 2901 4107 quidquam
2949 4036 3240 4099 conciliet,
3285 4043 3342 4091 et

1751 4135 1949 4190 purum
1998 4121 2276 4192 quidpiam
2341 4137 2405 4176 ac
2469 4122 2746 4176 sincerum
2786 4137 2851 4177 ex
2883 4136 3072 4177 earum
3112 4135 3338 4194 rerum,

1751 4212 2081 4283 quibuscum
2137 4211 2442 4275 confertur,
2472 4271 2478 4276 _
2511 4213 2840 4283 privatione,
2891 4223 2944 4268 et
3011 4211 3340 4267 immutabili

1751 4315 1896 4363 Statu
1943 4305 2308 4376 excogitatum
2361 4304 2545 4359 fuerit.
2587 4304 2696 4359 Sed
2741 4305 3001 4359 nimirum
3047 4304 3102 4362 id
3146 4320 3211 4360 ex
3272 4319 3340 4360 eo

1752 4397 2022 4465 manavit,
2078 4395 2225 4466 quod
2253 4395 2531 4452 exsistens
2569 4396 2688 4468 ipse
2720 4404 2868 4452 totus
2899 4396 3072 4468 gloria
3117 4403 3224 4459 est,
3273 4411 3340 4450 ac

1749 4497 1898 4551 totus
1924 4487 2220 4560 ejusmodi,
2250 4495 2309 4542 ut
2337 4488 2406 4542 ab
2449 4489 2652 4543 creatis
2685 4488 2853 4543 rebus
2891 4486 3154 4542 omnibus
3192 4501 3337 4541 com-

1748 4563 2012 4655 prehendi
2047 4589 2321 4652 nequeat,
2355 4595 2475 4650 quae
2504 4594 2606 4650 pro
2638 4579 2861 4635 modulo
2891 4593 2994 4635 suo
3022 4575 3090 4632 ad
3122 4577 3244 4648 ejus
3277 4592 3338 4632 se

1750 4676 2191 4748 praedicationem
2215 4672 2526 4730 intendunt.
2550 4670 2654 4738 Qui
2680 4671 2897 4743 quidem
2931 4681 2991 4725 ut
3020 4670 3089 4725 ab
3117 4669 3327 4741 angelis

1750 4769 1972 4839 propria
2005 4767 2248 4837 ipsorum
2299 4764 2506 4835 lingua,
2534 4777 2701 4834 quam
2731 4761 3030 4832 Apostolus
3053 4761 3336 4816 hominum

1750 4859 1952 4930 linguis
1979 4855 2319 4928 anteponit‘,
2346 4855 2658 4911 celebratur
2703 4870 2766 4910 ac
2790 4854 3047 4910 laudibus
3065 4853 3293 4909 eﬂ‘ertur
3320 4868 3334 4903 :

1749 4951 1824 5005 ita
1854 4958 1908 5005 et
1944 4950 2180 5004 humana
2228 4949 2412 5016 lingua
2439 4947 2658 5011 colitur,
2688 4961 2810 5016 quae
2837 4945 3116 5001 inferioris
3153 4945 3338 5015 digni-

1753 5045 1883 5099 tatis
1929 5050 2036 5105 est,
2083 5057 2148 5095 ac
2181 5040 2418 5111 denique
2469 5042 2632 5095 etiam
2671 5040 2738 5092 ab
2779 5038 2982 5092 intimis
3028 5036 3336 5105 quibusque

119 5120 580 5185 ρονὲπεκτείνεσθαι
625 5133 683 5185 ὲν
730 5132 1026 5205 δοξολογίᾳ,
1073 5132 1510 5205 ὑπερϐαινούσης
1543 5133 1632 5188 ἀεὶ

1756 5136 1907 5191 rebus
1941 5149 2042 5204 pro
2069 5132 2568 5201 viribus’eujusque
2597 5129 2948 5198 praedicatur.
2991 5125 3175 5196 Neque
3206 5140 3334 5180 vero

120 5205 247 5264 πάντα
271 5217 379 5273 νοῦν
400 5221 502 5293 τῆς
531 5223 793 5277 ἀνωτάτω
823 5225 1030 5290 οὐσίας,
1063 5225 1123 5278 οὐ
1153 5225 1242 5279 διὰ
1268 5224 1378 5278 τῶν
1405 5224 1636 5296 λεγομέ-

119 5311 194 5392 ξςην
211 5302 295 5359 ὑπό
326 5313 537 5368 πάντων
573 5314 774 5382 ἐξεῖναι
815 5315 1038 5388 αὐτῇ,ἢ
1078 5317 1368 5389 τροπὴν,ἢ
1407 5317 1638 5388 μεταδο-

124 5386 255 5464 λὴννῆ
283 5404 546 5474 προκοπὴν
579 5386 1056 5479 περιποιουμένης.
1196 5386 1306 5480 γὰρ
1344 5386 1482 5478 αὐτὴ
1521 5407 1636 5461 θεόο

121 5491 188 5546 της
231 5486 436 5556 ἀμείνων
491 5497 647 5563 ἐστὶ,
702 5499 799 5552 καὶ
851 5499 1221 5570 ἀσύγκριτος,
1277 5501 1373 5554 καὶ
1421 5497 1638 5564 δεδοξα-

127 5573 265 5648 nam.

1748 5230 1808 5282 in
1865 5225 2098 5296 singulis
2150 5224 2422 5278 creaturis
2481 5223 2835 5294 proportione
2898 5219 3132 5289 quadam
3187 5217 3334 5271 illius

1752 5315 1924 5388 gloria
1995 5313 2420 5384 praedicatioque
2464 5313 2750 5375 minuitur,
2806 5318 2899 5364 aut
2973 5309 3330 5363 mutationem

1747 5409 1970 5479 patitur,
2013 5404 2109 5462 sed
2161 5403 2518 5460 immutabilis
2549 5403 2714 5458 estin
2757 5417 2899 5466 sese,
2934 5399 3098 5470 idque
3127 5401 3330 5454 creatis

1744 5507 1829 5555 cst
1861 5498 2027 5554 rebus
2045 5497 2302 5562 omnibus
2333 5496 2685 5568 denegatum,
2719 5504 2781 5550 ut
2813 5495 2880 5548 ad
2909 5495 3060 5549 illius
3089 5492 3331 5548 inﬁnitw

1745 5599 1852 5646 tem
1881 5590 2227 5662 praedicando
2253 5589 2470 5660 possint
2511 5587 2755 5656 extendi,
2794 5602 2920 5642 eum
2949 5600 3206 5658 suprema
3240 5586 3332 5644 illa

171 5727 183 5759 ³
208 5727 255 5790 Ρ.
284 5739 667 5818 ιπινοονμὲνου.
743 5748 762 5780 ²
791 5745 954 5804 Deest
988 5745 1139 5818 παρὰ
1159 5747 1214 5801 δὲ
1244 5747 1347 5800 τῶν
1375 5746 1650 5819 ἀνθρώπω

1775 5749 1793 5779 ³
1828 5747 1948 5804 νει.
1975 5747 2412 5822 περιεσκωμένη.
2493 5748 2554 5805 ⁸1
2582 5747 2708 5806 Cor.
2738 5764 2856 5816 xm,
2882 5749 2932 5804 l.
