3790 6212
545 237 650 290 607

1979 253 2034 309 S.
2085 253 2426 313 EPIPHA-Nll

547 351 851 410 substantia
925 370 1158 416 mentem
1217 379 1434 419 omnem
1489 364 2006 438 intell-igentiamque
2072 382 2312 442 superet.
2357 376 2489 441 Quae
2519 377 2591 432 ob
2618 393 2686 430 ea
2724 394 2846 448 quae
2890 379 2960 434 ab
2987 380 3250 436 omnibus
3285 383 3334 436 ei
3368 384 3672 448 tribuuntur.
3700 409 3728 447 Α

546 443 726 500 inesse
763 449 1044 519 dicuntur,
1096 455 1302 510 nullam
1339 466 1624 526 propterea
1673 463 2110 527 conversionem,
2154 467 2513 524 mutationem
2564 480 2658 523 aut
2687 471 3086 525 incrementum
3131 474 3430 543 experitur.
3501 477 3586 534 Est
3634 498 3732 537 eum

544 541 802 600 divinitas
828 547 943 615 ipsa
974 549 1134 619 longe.
1155 553 1412 607 omnibus
1430 555 1798 621 praestantior,
1827 565 1882 610 et
1912 558 2378 629 incomparabilis,
2410 566 2707 636 gloriaeque
2739 567 3079 635 plenissima.

904 660 1071 732 972
1110 663 1291 718 AETll
1333 665 1562 720 CAPUT
1600 667 1767 722 XXV.

613 749 669 803 Si
713 751 1008 816 ingenitum
1056 753 1436 821 privationem,
1479 773 1600 826 quae
1647 757 1758 811 Deo
1803 776 1908 813 non
1959 762 2122 826 inest,

542 837 846 908 signiﬁcat,
889 857 988 894 cur
1034 842 1332 912 ingenitum
1362 860 1485 900 esse
1510 885 1525 908 ,
1569 846 1811 916 genitum
1846 863 1977 904 vero
2016 867 2125 906 non

542 945 664 987 esse
695 931 972 986 dicimus?

1071 1023 1384 1093 Confulatio
1422 1027 1521 1080 XX
1542 1027 1603 1085 V.

613 1111 940 1182 lngenitum,
975 1115 1080 1167 etsi
1134 1113 1244 1170 Deo
1277 1133 1466 1172 revera
1500 1123 1812 1189 conveniat,
1851 1140 2122 1194 nusquam

541 1212 726 1257 tamen
762 1219 1084 1273 expressum
1137 1215 1256 1272 est;
1314 1226 1413 1263 nec
1465 1228 1494 1264 a
1538 1215 1799 1283 propheta
1847 1218 1994 1281 ullo,
2037 1220 2122 1272 vel

541 1294 809 1362 apostolo,
846 1295 931 1348 vel
973 1298 1307 1366 evangelista
1370 1316 1883 1358 commemoratum.
1937 1306 2124 1376 Neque

541 1401 670 1440 vero
700 1388 899 1440 mirum
928 1405 1050 1443 esse
1086 1391 1348 1456 deberet,
1387 1395 1430 1447 si
1464 1394 1531 1447 de
1565 1394 1676 1449 Deo
1708 1398 2032 1452 afﬁrmatum
2067 1400 2126 1451 il-

539 1477 630 1532 lud
660 1489 826 1534 esset.
861 1477 1141 1548 Siquidem
1185 1483 1308 1550 pius
1335 1485 1402 1538 de
1441 1485 1552 1538 Deo
1582 1503 1779 1543 sensus
1808 1490 1936 1542 olim
1963 1490 2110 1544 istud

539 1570 718 1639 ipsum
755 1584 784 1622 e
824 1571 1062 1624 naturali
1097 1575 1334 1641 quadam
1384 1577 1502 1644 lege
1537 1578 1814 1632 hauserat.
1846 1580 1927 1634 Tu
1966 1597 2118 1646 vero,

539 1659 654 1712 Acti
681 1699 696 1723 ,
727 1660 1053 1714 vocabulum
1099 1662 1244 1716 istud
1295 1665 1478 1718 studio
1511 1668 1771 1723 novitatis
1810 1670 2117 1736 inculcans,

539 1751 682 1804 velut
710 1750 1000 1806 miriﬁcum
1019 1753 1305 1821 quiddam,
1334 1766 1387 1809 et
1417 1756 1744 1811 inusitatum
1768 1764 2122 1829 proposuisse

537 1852 588 1896 te
618 1849 797 1900 Dutas.
824 1843 966 1907 Quin
995 1844 1160 1898 etiam
1191 1847 1659 1916 religiosissimam
1687 1859 1898 1906 naturte
1925 1853 2118 1923 legem,

537 1948 748 1987 necnon
788 1942 843 1987 et
888 1934 1047 1997 lidei,
1093 1951 1256 2004 quam
1303 1938 1370 1992 ad
1409 1941 1665 1995 meliores
1712 1943 1960 1998 homines
2000 1945 2120 2000 red-

2151 679 2200 736 Α

2581 682 2760 734 ΚΕΦΑ
2770 682 2981 733 AAION
3034 683 3290 737 ΑΕΤΙΟΥ
3336 685 3463 741 KE’.

2301 771 2362 822 ΕΞ
2389 771 2451 822 τὸ
2471 771 2762 841 ἀγέννητον
2784 771 2935 840 δηλοῖ
2957 771 3211 842 στέρησιν
3238 773 3314 844 μὴ
3335 776 3620 847 προσοῦσαν
3643 783 3735 853 Θεᾷ,

2229 860 2346 923 πῶς
2376 860 2668 930 ἀγέννητον
2696 855 2835 912 εἶναι
2875 860 3123 930 λέγομεν,
3148 864 3407 932 γεννητὸν
3439 864 3494 917 δὲ
3528 868 3593 937 μὴ
3617 867 3737 934 sum;

2773 1037 3100 1106 Ἀνατροπὴ
3134 1037 3268 1092 KE'.

2297 1131 2617 1201 ’Λγέννητόν
2634 1132 2747 1183 ἐστι
2767 1130 2866 1200 μὲν
2887 1126 3000 1195 οὖν,
3023 1130 3223 1201 ἐρρέθη
3239 1131 3297 1183 δὲ
3314 1131 3654 1200 οὑδαμοῦ,οὖκ
3671 1137 3738 1190 ἀπὸ

2225 1220 2320 1272 τοῦ
2352 1221 2648 1290 προφήτου,
2677 1220 2774 1271 οὑκ
2821 1218 2930 1271 ἀπὸ
2964 1219 3282 1285 ἀποστόλου,
3331 1222 3432 1273 οὑκ
3447 1223 3548 1274 ἀπὸ
3573 1225 3735 1292 εὺιγ-ςεο

2225 1310 2429 1362 λιστοῦ.
2478 1308 2670 1380 Θαῦμα
2702 1308 2810 1379 γὰρ
2839 1309 2961 1360 οὐδὲ
2991 1309 3048 1360 ἓν
3076 1309 3240 1362 τοῦτο
3277 1307 3348 1379 ἦν
3389 1312 3515 1380 περὶ
3553 1314 3734 1368 850513-

2224 1421 2362 1470 γειν.
2411 1403 2626 1472 Προσῆν
2685 1401 2793 1471 γάρ
2843 1400 2919 1469 τῷ
2965 1401 3178 1453 εὐσεϐεῖ
3223 1403 3474 1472 λογισμῷ
3518 1405 3600 1457 ὑπ’
3629 1408 3736 1460 αὑτνὶ

2222 1493 2317 1545 τοῦ
2359 1492 2496 1546 κατά
2534 1493 2634 1561 τὴν
2661 1491 2822 1559 φύσιν
2849 1492 3036 1562 νόμου.
3069 1493 3138 1545 Σὺ
3173 1493 3254 1552 δὲ,
3274 1494 3475 1558 ’Λέτιε,
3499 1496 3633 1547 τοῦτο
3657 1501 3739 1564 te}.

2224 1584 2642 1652 καινοτομήσας,
2671 1583 2870 1649 λέγειν,
2919 1583 2994 1645 ὡς
3047 1583 3231 1654 Θαῦμα
3271 1587 3734 1658 προσεισςρέρεινεει

2221 1674 2371 1743 αυτῷ
2399 1674 2656 1743 νομίζεις,
2700 1674 3008 1743 Συνέφυρας
3037 1674 3092 1726 δὲ
3149 1676 3244 1727 καὶ
3289 1675 3575 1744 συνέμιξεις
3604 1679 3761 1746 tegis-it

2223 1766 2370 1815 σεὸεῖ
2389 1765 2486 1832 τῆς
2510 1764 2721 1831 φύσεως
2758 1764 2926 1834 νόμῳ,
2967 1765 3061 1816 καὶ
3092 1764 3169 1834 τῷ
3193 1766 3293 1835 τῆς
3335 1767 3564 1829 πίστεως
3592 1768 3735 1837 θεσμῷ,
3760 1777 3761 1796 1

2220 1853 2296 1921 τῷ
2325 1854 2415 1904 ἐπὶ
2449 1851 2731 1921 προσθήκῃ
2765 1851 3096 1920 βελτιώσεως
3127 1853 3192 1903 ἐκ
3225 1852 3364 1904 Θεοῦ
3409 1856 3761 1922 κεχαρισμένος

2222 1943 2282 1996 τὸ
2322 1944 2398 2012 τῷ
2453 1943 2733 2012 ἀγεννήτῳ
2781 1941 3038 2012 γεννητὸν
3093 1943 3377 2013 ἐπινοῆσαι
3425 1942 3761 2011 Eine-6mm"

536 2023 746 2079 dendos
772 2024 956 2079 divina
983 2028 1204 2082 bonitas
1231 2028 1484 2095 indulsit,
1512 2034 1848 2101 permiscere
1890 2052 1953 2089 ac
1984 2052 2118 2091 con-

2231 2034 2298 2104 τῷ
2324 2033 2615 2104 ἀξιώματι,
2675 2035 2759 2085 ἵνα
2801 2034 2830 2084 ὁ
2882 2033 3034 2102 παρά
3078 2034 3162 2086 σοὶ
3205 2035 3653 2104 προσκυνούμενος
3683 2038 3761 2087 ei»

464 2108 469 2112 ’
538 2113 763 2170 fundere
795 2125 1028 2173 conatus
1073 2135 1169 2184 es,
1207 2119 1336 2174 dum
1382 2122 1625 2191 ingenito
1669 2125 1912 2194 genitum
1953 2129 2121 2198 maje-

537 2212 676 2260 state
723 2206 1098 2277 dignitateque
1132 2226 1225 2277 par
1260 2198 1608 2266 commentus
1639 2231 1720 2277 es,
1766 2225 1823 2269 ut
1855 2218 1945 2271 ille
1982 2219 2118 2288 ipse,

536 2312 699 2366 quem
750 2299 1074 2354 dissimilem
1133 2301 1356 2366 adoras,
1403 2304 1688 2374 inaequalis
1739 2307 1789 2362 ei
1846 2307 2117 2373 videatur,

536 2404 698 2457 quem
731 2387 1071 2444 dissimiliter
1104 2393 1390 2460 praedicas.
1428 2393 1548 2448 Jam
1577 2413 1706 2452 vero
1727 2437 1741 2460 ,
1794 2399 1837 2452 si
1888 2402 2121 2470 appella-

536 2479 685 2533 tione
721 2480 836 2532 sola
872 2478 1082 2533 Patrem
1142 2483 1374 2548 adoras,
1422 2487 1643 2540 nonnisi
1686 2503 1781 2556 per
1815 2490 2120 2546 simulatio-

535 2577 754 2629 nem,ct
778 2569 1088 2623 illusionem
1118 2572 1381 2626 honorem
1415 2574 1557 2628 hunc
1593 2577 1670 2630 illi
1704 2578 1924 2633 defers:
1965 2581 2116 2646 item,

535 2659 580 2714 si
618 2658 850 2726 Filium,
901 2677 1064 2730 quem
1099 2661 1246 2716 Patri
1296 2665 1618 2720 dissimilem
1669 2673 1946 2737 agnoscis,
1983 2673 2117 2725 ado-

534 2749 764 2803 randum
805 2767 1064 2816 censeas,
1096 2770 1366 2808 summam
1399 2758 1723 2814 adoratione
1753 2761 1842 2814 illa
1874 2771 1965 2815 tua
1998 2779 2119 2832 per-

534 2840 900 2895 turbationem
946 2844 1184 2906 inducis,
1231 2860 1356 2899 cum
1409 2848 1732 2904 dissimilem
1763 2852 1955 2906 eodem
1992 2869 2116 2907 cum

531 2946 621 2993 eo,
672 2932 832 3000 cujus
876 2942 960 2987 est
1016 2933 1327 3000 dissimilis,
1381 2938 1592 2994 honore
1649 2941 1837 2997 alﬁcis.
1888 2942 2114 3008 Quodsi,

532 3038 656 3091 quae
689 3024 764 3077 tui
797 3025 1067 3093 dogmatis
1101 3027 1329 3096 perﬁdia
1365 3038 1448 3084 est
1473 3069 1486 3092 ,
1540 3029 1735 3084 Filium
1789 3033 2022 3088 adorare
2065 3042 2118 3089 te

535 3128 722 3183 neges,
761 3116 944 3168 statim
981 3125 1031 3169 te
1066 3133 1255 3173 omnes
1289 3119 1640 3190 redarguerit,
1697 3130 1754 3176 ut
1793 3124 1885 3193 qui
1919 3140 2119 3195 nequa-

534 3219 697 3274 quam
751 3205 902 3258 illum
951 3221 1242 3274 agnoscas,
1291 3226 1455 3278 quem
1519 3212 1750 3267 adorare
1819 3231 2010 3271 on‘mes
2064 3225 2116 3271 et

535 3297 798 3364 aqualem
843 3297 1089 3351 conﬁteri
1141 3299 1362 3355 debent.
1416 3303 1743 3359 Adorabunt
1799 3307 1944 3360 enim
1989 3323 2113 3363 eum

534 3401 730 3441 onmcs
760 3388 936 3457 angeli
986 3388 1136 3444 Dei‘.
1172 3389 1432 3446 Eumdem
1483 3393 1676 3459 Maria,
1709 3411 1833 3450 cum
1864 3398 1920 3452 in
1953 3414 2117 3455 carne

535 3476 978 3547 splendidissime
1010 3482 1468 3551 resurrexisset',
1517 3499 1582 3538 ac
1634 3496 1910 3552 postremo
1949 3489 2116 3544 disci-

537 3569 647 3638 puli
675 3584 864 3624 omnes
897 3572 1215 3626 adorarunt.
1251 3571 1392 3628 lluic
1423 3576 1568 3630 enim
1601 3577 1727 3630 facti
1763 3581 2000 3634 creative
2029 3595 2118 3650 ap-

538 3662 884 3731 pellationem
922 3665 1144 3719 minimc
1180 3669 1494 3730 convenire,
1531 3679 1717 3738 utpote
1765 3687 1790 3726 a
1834 3670 1994 3728 Patre
2027 3689 2120 3741 ge-

539 3753 687 3818 nito,
740 3769 847 3808 non
900 3754 1176 3824 ignorant.
1229 3753 1416 3826 Itaque
1454 3759 1805 3814 exsistentetn
1858 3762 1926 3815 ab
1973 3764 2120 3819 exsi-

540 3852 717 3899 stente
748 3853 967 3908 natum,
1026 3863 1240 3902 necnon
1287 3855 1340 3902 et
1388 3849 1654 3918 Spiritum
1691 3863 1940 3906 sanctum
2018 3855 2118 3908 ad-

543 3939 728 3989 orant.
758 3931 970 3986 Norunt
999 3936 1143 3988 enim
1169 3937 1318 3990 illum
1345 3937 1410 3990 ab
1429 3938 1771 3992 conditarum
1809 3955 1989 3995 rerum
2025 3959 2122 3997 na-

541 4027 663 4073 tura
694 4018 1024 4090 discrepare.
1059 4021 1270 4092 Quippe
1319 4039 1427 4078 non
1477 4025 1656 4080 factus
1704 4039 1806 4091 est,
1843 4039 1936 4083 aut
1970 4048 2122 4086 crea-

541 4119 650 4172 tus,
691 4110 784 4164 sed
815 4127 845 4163 a
875 4110 1034 4167 Patre
1089 4113 1319 4182 genitus.
1380 4116 1744 4181 Quamobrem
1788 4134 1912 4172 cum
1961 4123 2124 4191 pluri-

541 4212 689 4251 mum
719 4201 1056 4266 aestuaveris,
1106 4216 1170 4256 ac
1204 4204 1433 4256 multum
1471 4206 1734 4275 temporis
1764 4221 2125 4279 consumpse-

542 4290 640 4354 ris,
673 4292 822 4357 Aeti,
849 4307 914 4348 ac
944 4297 1280 4366 peregrinas,
1312 4306 1365 4352 et
1399 4298 1674 4355 inauditas
1704 4316 1868 4358 voces
1893 4304 2192 4373 invexeris,
2219 4310 2372 4363 illum
2399 4317 2582 4362 tamen
2645 4307 2731 4361 vel
2763 4305 2970 4359 invitus
3037 4302 3316 4357 adorabis.
3393 4297 3602 4368 Oportet
3646 4290 3761 4388 cal}

541 4397 732 4438 omnes
769 4398 952 4439 coram
982 4387 1128 4442 illius
1148 4390 1413 4444 tribunali
1449 4391 1631 4444 sistis.
1676 4393 1752 4446 Ac
1785 4402 1899 4448 tum
1929 4399 2110 4455 oumis
2149 4401 2336 4472 lingua
2369 4399 2742 4464 conlitcbitur,
2811 4395 3072 4467 quoniam
3127 4393 3397 4448 Dominus
3439 4389 3588 4443 Jesus
3637 4385 3761 4472 (ᾅδει-ξ

545 4481 664 4528 stus
693 4491 802 4530 non
829 4477 1040 4533 alienus
1070 4487 1153 4535 est
1195 4496 1223 4534 a
1258 4480 1389 4548 Deo,
1442 4485 1536 4539 sed
1571 4485 1628 4538 in
1666 4485 1838 4554 gloria
1900 4489 1994 4545 Dei
2032 4489 2252 4551 Pati-is"

545 4565 650 4618 lica
683 4564 818 4621 ﬁdes
851 4567 1036 4625 habet.

892 4681 1055 4752 973
1095 4681 1274 4736 AETII
1311 4683 1542 4740 CAPUT
1580 4684 1769 4741 XXVI.

618 4769 677 4825 Si
727 4770 1027 4842 ingenitum
1075 4775 1219 4828 nuda
1269 4775 1323 4830 in
1364 4775 1473 4832 Deo
1509 4786 1592 4833 est
1639 4779 1956 4848 appellatio,
1995 4781 2132 4836 adeo

545 4872 608 4919 ut
635 4879 800 4933 supra
821 4873 1128 4918 creatarum
1151 4882 1330 4922 rerum
1355 4870 1598 4924 omnium
1620 4872 1992 4926 conditionem
2018 4874 2134 4928 sola

546 4954 922 5024 pronuntiatio
971 4954 1209 5010 divinam
1245 4959 1608 5013 substantiam
1643 4960 1891 5026 extollat,
1943 4976 2139 5017 conse-

544 5062 720 5116 quens
751 5057 835 5100 est
869 5046 1152 5102 hominum
1192 5052 1688 5117 pronuntiationem
1740 5052 2133 5122 omnipotentis

547 5137 641 5192 Dei
675 5137 980 5193 substantia
1030 5141 1462 5208 prmstantiorem
1508 5143 1707 5208 videri;
1743 5159 1865 5213 qua:
1909 5143 2127 5213 quidem

548 5231 720 5301 ipsam
743 5231 1184 5302 incomparabilis
1224 5235 1545 5290 excellentia
1568 5236 1850 5307 dignitatis
1874 5246 2128 5292 exornet.

1057 5344 1367 5415 Confutatio
1405 5345 1508 5399 XX
1525 5345 1621 5403 VI.

621 5433 804 5505 Neque
841 5435 1047 5491 nudum
1089 5437 1143 5490 in
1185 5436 1293 5493 Deo
1330 5455 1526 5494 nomen
1561 5447 1644 5494 est
1678 5439 2000 5512 ingenitum,
2041 5454 2137 5495 ue-

624 5590 635 5618 ‘
676 5588 829 5643 Deut.
875 5607 1047 5656 χχιιι,
1096 5591 1330 5657 45juxt.
1389 5591 1560 5659 LXX;
1604 5592 1744 5651 Psal.
1794 5611 1938 5658 xcvi,
1985 5593 2056 5658 7;
2107 5592 2124 5646 1

624 5659 829 5730 'hilipp.
873 5676 932 5728 tl,
976 5660 1063 5716 ll.
1145 5663 1164 5692 ⁵
1195 5661 1255 5717 F.
1287 5661 1653 5734 ἐξισούμενον.
1729 5667 1749 5698 θ
1776 5663 1836 5719 F.
1870 5665 2014 5734 ἔχειν
2043 5681 2124 5733 γει

2231 5607 2291 5672 r.~
2310 5609 2348 5657 ι,
2382 5591 2435 5647 6.

2231 5681 2311 5719 ου.

1824 5706 1836 5719 .
1870 5681 2014 5736 εχειν
2043 5681 2311 5734 γεννητοῦ.

555 5656 573 5685 ³
597 5655 829 5730 Philipp.
873 5676 932 5728 tt,
976 5660 1063 5716 ll.
1145 5663 1164 5692 ⁵
1191 5655 1255 5717 F.
1287 5655 1653 5734 ἐξισούμενον.

2221 2125 2402 2194 όμοιος
2433 2122 2544 2185 ἴσος
2570 2121 2817 2192 εὑρεθείη
2858 2121 2936 2190 τῷ
2984 2122 3123 2173 κατά
3151 2119 3229 2172 ’σὲ
3252 2121 3522 2190 ἀνομοίως
3549 2135 3761 2188 κηρυττοκ

2225 2214 2385 2284 μένῳ.
2430 2216 2491 2266 Εἰ
2540 2214 2634 2283 μὲν
2679 2208 2770 2264 οὑν
2815 2212 3254 2282 προσκυνήσειας
3302 2211 3396 2262 τὸν
3441 2211 3637 2280 Πατέρα
3656 2207 3761 2277 ῥυῇ

2220 2305 2500 2375 ὀνομασίᾳ,
2531 2303 2782 2374 εἰρωνείᾳ
2832 2303 2932 2370 τὴν
2962 2300 3129 2371 τιμὴν
3160 2302 3575 2370 προσήνεγκας·
3618 2301 3686 2349 καί
3715 2301 3761 2349 si!

2219 2397 2310 2448 τὸν
2357 2395 2483 2447 Υἱὸν
2527 2395 2982 2464 προσκυνήσειας,
3035 2392 3288 2461 ἀνόμοιον
3344 2392 3520 2460 [lasz
3559 2391 3761 2454 ἐπιγινοοι

2221 2507 2387 2551 σκων,
2433 2487 2696 2556 σύγχυσιν
2766 2487 3006 2556 εἰργάσω
3052 2486 3110 2537 ἐν
3171 2487 3236 2554 τῇ
3289 2485 3657 2554 προσκυνήσει,
3690 2485 3761 2532 ἑνί

2221 2581 2406 2651 όμοιον
2456 2577 2709 2648 ἀνομοίου
2745 2578 2873 2640 ἴσως
2921 2577 3184 2646 τιμήσας·
3239 2578 3287 2627 εἰ
3335 2576 3394 2627 δὲ
3441 2575 3526 2626 διὰ
3569 2574 3649 2643 τὴν
3685 2573 3761 2622 πω

2219 2670 2485 2741 πρόληψιν
2543 2670 2641 2738 τῆς
2695 2668 2948 2730 ἀπιστίας
3007 2668 3233 2738 ἀρνήσει
3292 2668 3608 2736 προσκυνεῖν
3653 2663 3761 2728 Tim

2217 2763 2519 2834 ἐλεγχθήσῃ
2549 2763 2652 2814 ὑπὸ
2689 2761 2927 2822 πάντων,
2969 2760 3070 2811 οὑκ
3114 2760 3374 2826 ἐπιγνοὺς
3413 2759 3502 2809 τὸν
3534 2756 3761 2824 destinam

2217 2870 2322 2915 νως
2364 2852 2469 2903 ὑπὸ
2513 2851 2728 2904 πάντων
2769 2848 3234 2918 προσκυνούμενον
3267 2847 3364 2898 καὶ
3401 2845 3533 2896 ἴσον-
3571 2845 3761 2912 προΐῃ-1

2217 2946 2440 3015 νήσουσι
2469 2943 2576 3014 γὰρ
2621 2941 2770 3011 αὑτῷ
2813 2941 3012 3003 πάντες
3046 2939 3265 3007 ἄγγελοι
3294 2938 3458 2990 Θεοῦ.
3505 2935 3602 2988 Καὶ
3637 2935 3761 3003 πρςο1

2217 3037 2476 3104 εκύνησεν
2518 3033 2666 3102 αὑτῷ
2705 3033 2891 3103 Μαρία
2932 3030 3157 3094 ἐνδόξως
3192 3028 3489 3082 ἀναστάντι
3529 3028 3580 3077 ὲν
3617 3027 3744 3091 capti.

2217 3127 2310 3180 καὶ
2329 3127 2528 3188 πάντες
2554 3127 2602 3176 οἱ
2641 3123 2807 3177 αὑτοῦ
2845 3122 3102 3198 μαθηταί.
3153 3121 3226 3172 Οὑ
3273 3121 3386 3190 γᾶρ
3418 3119 3528 3188 ἔχει
3560 3119 3578 3146 ⁶
3607 3125 3761 3204 ’ξενίαις-1

2214 3217 2309 3271 τοῦ
2341 3214 2667 3285 ὀνομασίαν,
2708 3213 2830 3268 οὑτε
2869 3212 3110 3273 χτιστοῦ,
3143 3212 3206 3262 ὲκ
3248 3209 3467 3278 Πατρός
3495 3207 3750 3274 γεγεννηξέ·

2217 3325 2326 3368 νον,
2354 3307 2521 3369 ἴσασι,
2545 3306 2638 3359 καὶ
2662 3303 3058 3374 προσκυνοῦσιν
3086 3301 3211 3354 ὄντα
3253 3299 3310 3365 ἐξ
3342 3298 3516 3359 ὄντος.
3551 3297 3631 3348 καὶ
3654 3295 3696 3345 τὸ

2223 3398 2387 3452 αὑτοῦ
2435 3398 2591 3466 ἅγιον
2640 3396 2885 3467 Πνεῦμα.
2935 3394 3121 3448 oram
3166 3391 3274 3462 γὰρ
3325 3391 3494 3444 αὑτὸν
3535 3387 3761 3454 (inﬁgam

2222 3493 2289 3562 τῇ
2325 3491 2482 3560 οὐσίᾳ
2511 3489 2618 3542 ἀπὸ
2658 3488 2767 3539 τῶν
2800 3485 3118 3554 γεγονότων.
3153 3483 3226 3536 Οὑ
3259 3481 3371 3552 γάρ
3409 3483 3520 3533 ἐστι
3555 3474 3761 3546 γεννητὸς

2228 3581 2258 3651 ἢ
2293 3580 2526 3643 κτιστὸς,
2553 3578 2686 3632 ἀλλά
2708 3577 2963 3646 γεννητὸς
2991 3579 3054 3628 ἐκ
3088 3575 3318 3670 Πατρός..
3357 3571 3451 3623 Διὸ
3622 3569 3744 3670 πάνυ

2227 3671 2443 3741 καμὼν,
2478 3671 2571 3723 καὶ
2605 3669 2832 3730 πολλοὺς
2864 3667 3089 3738 χρόνους
3139 3663 3452 3725 ἀναλώσας,
3488 3659 3656 3717 Ἀἐτιε,

2225 3762 2418 3830 λόγους
2472 3761 2653 3827 ξένους
2705 3757 3133 3830 παρεισενέγκας
3188 3753 3584 3824 προσκυνήσεις

2225 3855 2317 3906 Δεῖ
2348 3854 2455 3923 γὰρ
2489 3853 2699 3914 πάντας
2735 3851 2924 3918 στῆναι
2955 3847 3184 3901 ἐνώπιον
3222 3845 3317 3897 τοῦ
3358 3845 3593 3913 βήματος
3615 3840 3761 3933 αὖτνξιη

2226 3946 2319 3998 καὶ
2347 3946 2494 3996 πᾶσα
2519 3943 2740 4012 γλῶσσα
2769 3941 3241 4012 ἐξομολογήσεται,
3274 3938 3358 3989 ὅτι
3387 3935 3579 4007 Κύριος
3601 3932 3761 4012 Ἰτροίς

2227 4035 2482 4106 Χριστὸς,
2513 4034 2541 4084 ὁ
2574 4035 2673 4085 οὑκ
2713 4031 2990 4100 ἀλλότριος
3037 4027 3171 4080 Θεοῦ
3203 4026 3298 4089 ὢν,
3353 4024 3492 4079 ἀλλὰ
3537 4023 3605 4081 εἰς
3639 4019 3747 4079 5651'!

2229 4122 2364 4176 Θεοῦ
2391 4121 2623 4193 Πατρὺς,
2666 4121 2806 4174 κοιτά
2849 4119 2909 4172 τὸ
2953 4115 3339 4187 γεγραμμένον
3389 4111 3485 4165 καὶ
3526 4121 3746 4160 πεπιστευ-

3759 2655 3761 2712 1

3760 2755 3761 2804 1

3759 2835 3761 2908 1

3759 2923 3761 2982 1

3760 3035 3761 3076 1

3759 3125 3761 3164 1

3759 3211 3762 3268 l

3759 3305 3761 3358 ι

3759 3399 3761 3446 1

2236 4215 2417 4286 μένον.

2344 4493 2803 4566 quemadmodum
2867 4499 2978 4544 tam
3031 4485 3340 4558 Scriptura,
3405 4499 3558 4556 quam
3611 4473 3761 4566 catbo-i

2258 4536 2273 4560 9

2590 4682 2990 4740 ΚΕΦΔΛΔΙΟΝ
3026 4681 3279 4734 Αετιογ
3309 4683 3459 4748 κεῖν.

2306 4781 2369 4832 Εἰ
2395 4778 2549 4849 ψιλὸν
2573 4778 2747 4847 ὄνομά
2785 4778 2934 4828 ἐστιν
2960 4775 3051 4826 ἐπὶ
3083 4773 3217 4824 Θεοῦ
3256 4772 3317 4823 τὸ
3350 4772 3637 4839 ἀγέννητον,
3661 4768 3684 4833 ἠ

2236 4871 2367 4942 ψιλὴ
2402 4868 2654 4941 προφορὰ
2688 4869 2786 4938 τὴν
2815 4866 3112 4919 ὑπόστασιν
3139 4864 3232 4916 τοῦ
3263 4863 3401 4917 Θεοῦ
3434 4862 3624 4956 ἐπαίρει
3646 4852 3761 4956 ,κστὰι

2240 4965 2459 5019 πάντων
2491 4961 2765 5030 γεννητῶν
2782 4974 2795 4988 ·
2828 4956 3129 5028 τιμιωτέρα
3154 4956 3261 5026 ἄρα
3289 4956 3439 5007 ἐστὶν
3461 4958 3492 5022 ή
3515 4948 3746 5046 iit-10,06?"

2235 5053 2487 5125 προφορά
2507 5051 2600 5105 τοῦ
2632 5049 3092 5118 παντοκράτορος,
3121 5045 3473 5106 ὑποστάσεως
3496 5043 3761 5116 ἀσυγκρέττρέ

2240 5145 2480 5213 ὑπεροχῇ
2507 5141 2897 5195 καλλωπίσασα
2920 5138 3051 5190 Θεὸν
3079 5136 3173 5188 τὸν
3209 5135 3620 5204 παντοκράτορι.

2154 4703 2201 4758 D

3759 4153 3761 4218 Ι

3759 4255 3761 4316 1

3759 4435 3762 4484 ι

3759 4519 3761 4582 1

3759 4603 3761 4666 l

3759 4713 3761 4768 1

3759 4797 3761 4842 1

3759 4891 3761 4930 1

3759 4963 3761 5020 1

2778 5337 3102 5407 Ἀγατροπὶι
3143 5336 3286 5402 κεῖν.
3679 5410 3692 5421 ⁹

2306 5436 2443 5490 Οὔτε
2470 5435 2622 5506 ψιλὸν
2643 5434 2814 5503 ὄνομα
2835 5431 2928 5484 ἐπὶ
2951 5428 3086 5482 Θεοῦ
3113 5429 3229 5481 ἐστι
3259 5426 3321 5481 τὸ
3348 5423 3634 5489 ἀγέννητονν
3654 5422 3761 5482 θπί1

2552 5592 2571 5623 ι
2605 5588 2793 5643 υιιιιιι.
2826 5585 3076 5655 mm,t
3132 5600 3252 5655 sqq.
3374 5529 3761 5632 ⁸11(;‹)ι·.π,ίοι1
