  <div class='ocr_page' id='page_1' title='image "/cluster/home/n/w/nwhite01/storage/ocr_20150623/42/hvd.32044011752995/304.png"; bbox 0 0 3838 6358; ppageno 0'>
   <div class='ocr_carea' id='block_1_1' title="bbox 33 314 1581 392">
    <p class='ocr_par' dir='ltr' id='par_1_1' title="bbox 33 315 1568 392">
     <span class='ocr_line' id='line_1_1' title="bbox 33 315 1568 392; baseline -0.007 -12"><span class='ocrx_word' id='word_1_1' title='bbox 33 332 120 392; x_wconf 67' lang='grc' dir='ltr'>ω</span> <span class='ocrx_word' id='word_1_2' title='bbox 647 318 1020 378; x_wconf 77' lang='lat' dir='ltr'><strong>ADVERSUS</strong></span> <span class='ocrx_word' id='word_1_3' title='bbox 1057 315 1400 374; x_wconf 67' lang='lat' dir='ltr'><strong>HA‘IBESES</strong></span> <span class='ocrx_word' id='word_1_4' title='bbox 1440 315 1568 370; x_wconf 84' lang='lat' dir='ltr'><strong>LIB.</strong></span> 
     </span>
    </p>
   </div>
   <div class='ocr_carea' id='block_1_2' title="bbox 1690 314 2679 392">
    <p class='ocr_par' dir='ltr' id='par_1_2' title="bbox 1690 314 2679 376">
     <span class='ocr_line' id='line_1_2' title="bbox 1690 314 2679 376; baseline 0.005 -5"><span class='ocrx_word' id='word_1_5' title='bbox 1690 357 1698 371; x_wconf 89' lang='lat'><strong>.</strong></span> <span class='ocrx_word' id='word_1_6' title='bbox 1741 314 1905 370; x_wconf 85' lang='lat' dir='ltr'><strong>TOM.</strong></span> <span class='ocrx_word' id='word_1_7' title='bbox 1951 317 1990 371; x_wconf 88' lang='grc'><strong>1.</strong></span> <span class='ocrx_word' id='word_1_8' title='bbox 2033 347 2100 358; x_wconf 90' lang='grc'><strong><em>-</em></strong></span> <span class='ocrx_word' id='word_1_9' title='bbox 2138 315 2414 374; x_wconf 74' lang='grc' dir='ltr'><strong>ιιΑῖιιΕε.</strong></span> <span class='ocrx_word' id='word_1_10' title='bbox 2445 319 2679 376; x_wconf 72' lang='lat' dir='ltr'><strong>LXXVI.</strong></span> 
     </span>
    </p>
   </div>
   <div class='ocr_carea' id='block_1_3' title="bbox 3172 325 3278 384">
    <p class='ocr_par' dir='ltr' id='par_1_3' title="bbox 3172 325 3278 384">
     <span class='ocr_line' id='line_1_3' title="bbox 3172 325 3278 384; baseline 0.009 -1"><span class='ocrx_word' id='word_1_11' title='bbox 3172 325 3278 384; x_wconf 77' lang='lat' dir='ltr'><strong>6N)</strong></span> 
     </span>
    </p>
   </div>
   <div class='ocr_carea' id='block_1_4' title="bbox 34 429 1581 511">
    <p class='ocr_par' dir='ltr' id='par_1_4' title="bbox 34 434 1581 511">
     <span class='ocr_line' id='line_1_4' title="bbox 34 434 1581 511; baseline -0.01 -11"><span class='ocrx_word' id='word_1_12' title='bbox 34 451 120 511; x_wconf 72' lang='grc' dir='ltr'><strong>ιοίς</strong></span> <span class='ocrx_word' id='word_1_13' title='bbox 163 443 402 505; x_wconf 79' lang='grc' dir='ltr'><strong>κτιστοῖς</strong></span> <span class='ocrx_word' id='word_1_14' title='bbox 451 439 598 495; x_wconf 80' lang='grc' dir='ltr'><strong>κατὰ</strong></span> <span class='ocrx_word' id='word_1_15' title='bbox 638 438 738 510; x_wconf 78' lang='grc' dir='ltr'><strong>τὴν</strong></span> <span class='ocrx_word' id='word_1_16' title='bbox 781 438 976 490; x_wconf 78' lang='grc' dir='ltr'><strong>οὐσίαν</strong></span> <span class='ocrx_word' id='word_1_17' title='bbox 1026 435 1434 490; x_wconf 83' lang='grc' dir='ltr'><strong>ἐπικοινωνοῦν.</strong></span> <span class='ocrx_word' id='word_1_18' title='bbox 1489 434 1581 486; x_wconf 84' lang='grc' dir='ltr'><strong>Διὺ</strong></span> 
     </span>
    </p>
   </div>
   <div class='ocr_carea' id='block_1_5' title="bbox 1690 429 3278 511">
    <p class='ocr_par' dir='ltr' id='par_1_5' title="bbox 1690 429 3278 502">
     <span class='ocr_line' id='line_1_5' title="bbox 1690 429 3278 502; baseline 0.008 -16"><span class='ocrx_word' id='word_1_19' title='bbox 1690 449 1786 502; x_wconf 71' lang='lat' dir='ltr'><strong>que</strong></span> <span class='ocrx_word' id='word_1_20' title='bbox 1811 447 1936 488; x_wconf 88' lang='lat' dir='ltr'><strong>cum</strong></span> <span class='ocrx_word' id='word_1_21' title='bbox 1955 435 2158 490; x_wconf 76' lang='lat' dir='ltr'><strong>creatis</strong></span> <span class='ocrx_word' id='word_1_22' title='bbox 2177 435 2344 491; x_wconf 84' lang='lat' dir='ltr'><strong>rebus</strong></span> <span class='ocrx_word' id='word_1_23' title='bbox 2371 447 2584 492; x_wconf 68' lang='lat' dir='ltr'><strong>natura:</strong></span> <span class='ocrx_word' id='word_1_24' title='bbox 2613 429 3054 495; x_wconf 74' lang='lat' dir='ltr'><strong>communionem</strong></span> <span class='ocrx_word' id='word_1_25' title='bbox 3089 441 3278 500; x_wconf 97' lang='lat' dir='ltr'><strong>habet.</strong></span> 
     </span>
    </p>
   </div>
   <div class='ocr_carea' id='block_1_6' title="bbox 33 527 1579 604">
    <p class='ocr_par' dir='ltr' id='par_1_6' title="bbox 33 527 1579 604">
     <span class='ocr_line' id='line_1_6' title="bbox 33 527 1579 604; baseline -0.01 -10"><span class='ocrx_word' id='word_1_26' title='bbox 33 539 130 594; x_wconf 79' lang='grc' dir='ltr'><strong>ιῦτε</strong></span> <span class='ocrx_word' id='word_1_27' title='bbox 155 537 216 588; x_wconf 71' lang='grc' dir='ltr'><strong>τὰ</strong></span> <span class='ocrx_word' id='word_1_28' title='bbox 237 533 518 604; x_wconf 72' lang='grc' dir='ltr'><strong>πείσματα</strong></span> <span class='ocrx_word' id='word_1_29' title='bbox 541 531 702 600; x_wconf 78' lang='grc' dir='ltr'><strong>ψιλῆς</strong></span> <span class='ocrx_word' id='word_1_30' title='bbox 735 530 1032 600; x_wconf 80' lang='grc' dir='ltr'><strong>ὀνομασίας</strong></span> <span class='ocrx_word' id='word_1_31' title='bbox 1081 528 1200 580; x_wconf 80' lang='grc' dir='ltr'><strong>ἐστὶ</strong></span> <span class='ocrx_word' id='word_1_32' title='bbox 1247 527 1579 596; x_wconf 83' lang='grc' dir='ltr'><strong>σημαντικά.</strong></span> 
     </span>
    </p>
   </div>
   <div class='ocr_carea' id='block_1_7' title="bbox 34 619 1584 694">
    <p class='ocr_par' dir='ltr' id='par_1_7' title="bbox 34 619 1584 694">
     <span class='ocr_line' id='line_1_7' title="bbox 34 619 1584 694; baseline -0.009 -8"><span class='ocrx_word' id='word_1_33' title='bbox 34 635 176 686; x_wconf 77' lang='grc' dir='ltr'><strong>Μέσον</strong></span> <span class='ocrx_word' id='word_1_34' title='bbox 197 629 252 680; x_wconf 85' lang='grc' dir='ltr'><strong>δὲ</strong></span> <span class='ocrx_word' id='word_1_35' title='bbox 273 627 581 694; x_wconf 78' lang='grc' dir='ltr'><strong>ἀγεννητου</strong></span> <span class='ocrx_word' id='word_1_36' title='bbox 611 623 706 676; x_wconf 73' lang='grc' dir='ltr'><strong>καὶ</strong></span> <span class='ocrx_word' id='word_1_37' title='bbox 737 621 956 674; x_wconf 82' lang='grc' dir='ltr'><strong>κτιστοῦ</strong></span> <span class='ocrx_word' id='word_1_38' title='bbox 985 621 1148 674; x_wconf 80' lang='grc' dir='ltr'><strong>ἄλλου</strong></span> <span class='ocrx_word' id='word_1_39' title='bbox 1173 619 1436 690; x_wconf 79' lang='grc' dir='ltr'><strong>ὀνόματος</strong></span> <span class='ocrx_word' id='word_1_40' title='bbox 1463 621 1584 672; x_wconf 87' lang='grc' dir='ltr'><strong>ἐπι-</strong></span> 
     </span>
    </p>
   </div>
   <div class='ocr_carea' id='block_1_8' title="bbox 34 711 1582 794">
    <p class='ocr_par' dir='ltr' id='par_1_8' title="bbox 34 711 1582 794">
     <span class='ocr_line' id='line_1_8' title="bbox 34 711 1582 794; baseline -0.008 -18"><span class='ocrx_word' id='word_1_41' title='bbox 34 721 343 794; x_wconf 69' lang='grc' dir='ltr'><strong>ζητουμένου,</strong></span> <span class='ocrx_word' id='word_1_42' title='bbox 369 721 512 789; x_wconf 77' lang='grc' dir='ltr'><strong>ὅπερ</strong></span> <span class='ocrx_word' id='word_1_43' title='bbox 539 717 688 772; x_wconf 77' lang='grc' dir='ltr'><strong>ἐστὶν</strong></span> <span class='ocrx_word' id='word_1_44' title='bbox 719 715 869 780; x_wconf 84' lang='grc' dir='ltr'><strong>Υἰδς,</strong></span> <span class='ocrx_word' id='word_1_45' title='bbox 899 715 996 768; x_wconf 75' lang='grc' dir='ltr'><strong>καὶ</strong></span> <span class='ocrx_word' id='word_1_46' title='bbox 1026 715 1088 767; x_wconf 82' lang='grc' dir='ltr'><strong>ού</strong></span> <span class='ocrx_word' id='word_1_47' title='bbox 1113 713 1350 775; x_wconf 79' lang='grc' dir='ltr'><strong>κτιττδς,</strong></span> <span class='ocrx_word' id='word_1_48' title='bbox 1383 711 1490 764; x_wconf 89' lang='grc' dir='ltr'><strong>τίνι</strong></span> <span class='ocrx_word' id='word_1_49' title='bbox 1516 711 1582 764; x_wconf 81' lang='grc' dir='ltr'><strong>ἂν</strong></span> 
     </span>
    </p>
   </div>
   <div class='ocr_carea' id='block_1_9' title="bbox 34 803 1584 882">
    <p class='ocr_par' dir='ltr' id='par_1_9' title="bbox 34 803 1584 882">
     <span class='ocr_line' id='line_1_9' title="bbox 34 803 1584 882; baseline -0.007 -15"><span class='ocrx_word' id='word_1_50' title='bbox 34 819 78 868; x_wconf 76' lang='grc' dir='ltr'><strong>ιδ</strong></span> <span class='ocrx_word' id='word_1_51' title='bbox 95 811 352 882; x_wconf 72' lang='grc' dir='ltr'><strong>ἐξαίρετον</strong></span> <span class='ocrx_word' id='word_1_52' title='bbox 379 808 674 862; x_wconf 76' lang='grc' dir='ltr'><strong>ἀποδοτέον</strong></span> <span class='ocrx_word' id='word_1_53' title='bbox 695 824 710 871; x_wconf 89' lang='grc'><strong>;</strong></span> <span class='ocrx_word' id='word_1_54' title='bbox 733 807 844 860; x_wconf 74' lang='grc' dir='ltr'><strong>Καὶ</strong></span> <span class='ocrx_word' id='word_1_55' title='bbox 871 807 920 858; x_wconf 89' lang='grc' dir='ltr'><strong>εἰ</strong></span> <span class='ocrx_word' id='word_1_56' title='bbox 951 806 1048 875; x_wconf 83' lang='grc' dir='ltr'><strong>μὲν</strong></span> <span class='ocrx_word' id='word_1_57' title='bbox 1065 807 1179 867; x_wconf 86' lang='grc' dir='ltr'><strong>τοῖς</strong></span> <span class='ocrx_word' id='word_1_58' title='bbox 1205 803 1584 872; x_wconf 83' lang='grc' dir='ltr'><strong>κεκτισμένοις</strong></span> 
     </span>
    </p>
   </div>
   <div class='ocr_carea' id='block_1_10' title="bbox 33 891 1582 966">
    <p class='ocr_par' dir='ltr' id='par_1_10' title="bbox 33 891 1582 966">
     <span class='ocr_line' id='line_1_10' title="bbox 33 891 1582 966; baseline -0.007 -12"><span class='ocrx_word' id='word_1_59' title='bbox 33 895 465 954; x_wconf 72' lang='grc' dir='ltr'><strong>ιδέπικοινωνοῦν</strong></span> <span class='ocrx_word' id='word_1_60' title='bbox 499 896 701 966; x_wconf 85' lang='grc' dir='ltr'><strong>δῶμεν,</strong></span> <span class='ocrx_word' id='word_1_61' title='bbox 743 893 1100 964; x_wconf 84' lang='grc' dir='ltr'><strong>ούδοποτέρου</strong></span> <span class='ocrx_word' id='word_1_62' title='bbox 1135 891 1246 944; x_wconf 84' lang='grc' dir='ltr'><strong>τῶν</strong></span> <span class='ocrx_word' id='word_1_63' title='bbox 1275 891 1582 962; x_wconf 86' lang='grc' dir='ltr'><strong>λεγομένων</strong></span> 
     </span>
    </p>
   </div>
   <div class='ocr_carea' id='block_1_11' title="bbox 34 983 1580 1064">
    <p class='ocr_par' dir='ltr' id='par_1_11' title="bbox 34 983 1580 1064">
     <span class='ocr_line' id='line_1_11' title="bbox 34 983 1580 1064; baseline -0.006 -20"><span class='ocrx_word' id='word_1_64' title='bbox 34 995 154 1064; x_wconf 45' lang='lat' dir='ltr'><strong>wn};</strong></span> <span class='ocrx_word' id='word_1_65' title='bbox 173 989 473 1060; x_wconf 74' lang='grc' dir='ltr'><strong>ὀνομασίας</strong></span> <span class='ocrx_word' id='word_1_66' title='bbox 501 986 930 1056; x_wconf 78' lang='grc' dir='ltr'><strong>ὀνομαζομένου,</strong></span> <span class='ocrx_word' id='word_1_67' title='bbox 947 984 1024 1047; x_wconf 82' lang='grc' dir='ltr'><strong>ὡς</strong></span> <span class='ocrx_word' id='word_1_68' title='bbox 1043 985 1136 1038; x_wconf 80' lang='grc' dir='ltr'><strong>ἐπὶ</strong></span> <span class='ocrx_word' id='word_1_69' title='bbox 1165 983 1260 1037; x_wconf 78' lang='grc' dir='ltr'><strong>τοῦ</strong></span> <span class='ocrx_word' id='word_1_70' title='bbox 1287 985 1580 1053; x_wconf 84' lang='grc' dir='ltr'><strong>ἀγεννήτου</strong></span> 
     </span>
    </p>
   </div>
   <div class='ocr_carea' id='block_1_12' title="bbox 34 1074 1584 1148">
    <p class='ocr_par' dir='ltr' id='par_1_12' title="bbox 34 1074 1584 1148">
     <span class='ocr_line' id='line_1_12' title="bbox 34 1074 1584 1148; baseline -0.006 -12"><span class='ocrx_word' id='word_1_71' title='bbox 34 1086 100 1138; x_wconf 68' lang='grc' dir='ltr'><strong>καὶ</strong></span> <span class='ocrx_word' id='word_1_72' title='bbox 125 1083 420 1148; x_wconf 79' lang='grc' dir='ltr'><strong>κτίζοντος,</strong></span> <span class='ocrx_word' id='word_1_73' title='bbox 453 1081 550 1133; x_wconf 71' lang='grc' dir='ltr'><strong>καὶ</strong></span> <span class='ocrx_word' id='word_1_74' title='bbox 600 1077 836 1132; x_wconf 85' lang='grc' dir='ltr'><strong>κτιστῶν</strong></span> <span class='ocrx_word' id='word_1_75' title='bbox 880 1077 1208 1146; x_wconf 81' lang='grc' dir='ltr'><strong>γεγονότων,</strong></span> <span class='ocrx_word' id='word_1_76' title='bbox 1261 1087 1338 1138; x_wconf 80' lang='grc' dir='ltr'><strong>ως</strong></span> <span class='ocrx_word' id='word_1_77' title='bbox 1385 1076 1448 1128; x_wconf 82' lang='grc' dir='ltr'><strong>οὐ</strong></span> <span class='ocrx_word' id='word_1_78' title='bbox 1492 1074 1584 1143; x_wconf 83' lang='grc' dir='ltr'><strong>ψι-</strong></span> 
     </span>
    </p>
   </div>
   <div class='ocr_carea' id='block_1_13' title="bbox 33 1166 1584 1248">
    <p class='ocr_par' dir='ltr' id='par_1_13' title="bbox 33 1166 1584 1248">
     <span class='ocr_line' id='line_1_13' title="bbox 33 1166 1584 1248; baseline -0.012 -15"><span class='ocrx_word' id='word_1_79' title='bbox 33 1179 102 1248; x_wconf 64' lang='grc' dir='ltr'><strong>λῆς</strong></span> <span class='ocrx_word' id='word_1_80' title='bbox 149 1173 514 1243; x_wconf 74' lang='grc' dir='ltr'><strong>ἐνδεχομένης</strong></span> <span class='ocrx_word' id='word_1_81' title='bbox 561 1169 864 1240; x_wconf 75' lang='grc' dir='ltr'><strong>ὀνομασίας</strong></span> <span class='ocrx_word' id='word_1_82' title='bbox 902 1187 918 1200; x_wconf 92' lang='grc'><strong>·</strong></span> <span class='ocrx_word' id='word_1_83' title='bbox 967 1167 1142 1231; x_wconf 83' lang='grc' dir='ltr'><strong>οὕτως</strong></span> <span class='ocrx_word' id='word_1_84' title='bbox 1199 1167 1294 1222; x_wconf 81' lang='grc' dir='ltr'><strong>ἐπὶ</strong></span> <span class='ocrx_word' id='word_1_85' title='bbox 1335 1166 1426 1220; x_wconf 79' lang='grc' dir='ltr'><strong>τοῦ</strong></span> <span class='ocrx_word' id='word_1_86' title='bbox 1461 1181 1584 1233; x_wconf 85' lang='grc' dir='ltr'><strong>γεν-</strong></span> 
     </span>
    </p>
   </div>
   <div class='ocr_carea' id='block_1_14' title="bbox 34 1257 1578 1338">
    <p class='ocr_par' dir='ltr' id='par_1_14' title="bbox 34 1257 1578 1338">
     <span class='ocr_line' id='line_1_14' title="bbox 34 1257 1578 1338; baseline -0.005 -20"><span class='ocrx_word' id='word_1_87' title='bbox 34 1265 158 1338; x_wconf 66' lang='grc' dir='ltr'><strong>νητςῦ</strong></span> <span class='ocrx_word' id='word_1_88' title='bbox 187 1265 282 1318; x_wconf 75' lang='grc' dir='ltr'><strong>καὶ</strong></span> <span class='ocrx_word' id='word_1_89' title='bbox 317 1263 478 1326; x_wconf 81' lang='grc' dir='ltr'><strong>Υἱοῦ,</strong></span> <span class='ocrx_word' id='word_1_90' title='bbox 519 1262 594 1334; x_wconf 83' lang='grc' dir='ltr'><strong>μὴ</strong></span> <span class='ocrx_word' id='word_1_91' title='bbox 637 1261 800 1331; x_wconf 80' lang='grc' dir='ltr'><strong>ψιλῆς</strong></span> <span class='ocrx_word' id='word_1_92' title='bbox 853 1259 1212 1331; x_wconf 79' lang='grc' dir='ltr'><strong>ἐνδεχομένης</strong></span> <span class='ocrx_word' id='word_1_93' title='bbox 1263 1257 1578 1329; x_wconf 81' lang='grc' dir='ltr'><strong>ὀνομασίας,</strong></span> 
     </span>
    </p>
   </div>
   <div class='ocr_carea' id='block_1_15' title="bbox 34 1348 1583 1426">
    <p class='ocr_par' dir='ltr' id='par_1_15' title="bbox 34 1348 1583 1426">
     <span class='ocr_line' id='line_1_15' title="bbox 34 1348 1583 1426; baseline -0.005 -16"><span class='ocrx_word' id='word_1_94' title='bbox 34 1359 74 1410; x_wconf 64' lang='grc' dir='ltr'><strong>τὸ</strong></span> <span class='ocrx_word' id='word_1_95' title='bbox 97 1357 256 1426; x_wconf 72' lang='grc' dir='ltr'><strong>μάτην</strong></span> <span class='ocrx_word' id='word_1_96' title='bbox 306 1351 820 1422; x_wconf 74' lang='grc' dir='ltr'><strong>συκοφαντούμενον</strong></span> <span class='ocrx_word' id='word_1_97' title='bbox 869 1353 1133 1421; x_wconf 80' lang='grc' dir='ltr'><strong>σύγχυσιν</strong></span> <span class='ocrx_word' id='word_1_98' title='bbox 1173 1349 1404 1421; x_wconf 80' lang='grc' dir='ltr'><strong>δηλώσει</strong></span> <span class='ocrx_word' id='word_1_99' title='bbox 1435 1348 1583 1417; x_wconf 82' lang='grc' dir='ltr'><strong>παρὰ</strong></span> 
     </span>
    </p>
   </div>
   <div class='ocr_carea' id='block_1_16' title="bbox 34 1441 1581 1518">
    <p class='ocr_par' dir='ltr' id='par_1_16' title="bbox 34 1441 1581 1518">
     <span class='ocr_line' id='line_1_16' title="bbox 34 1441 1581 1518; baseline -0.004 -18"><span class='ocrx_word' id='word_1_100' title='bbox 34 1449 86 1518; x_wconf 74' lang='grc' dir='ltr'><strong>τῷ</strong></span> <span class='ocrx_word' id='word_1_101' title='bbox 121 1449 298 1516; x_wconf 74' lang='grc' dir='ltr'><strong>’Δετίῳ</strong></span> <span class='ocrx_word' id='word_1_102' title='bbox 321 1445 800 1515; x_wconf 78' lang='grc' dir='ltr'><strong>συλλογιζόμενον,</strong></span> <span class='ocrx_word' id='word_1_103' title='bbox 835 1443 924 1498; x_wconf 78' lang='grc' dir='ltr'><strong>διὰ</strong></span> <span class='ocrx_word' id='word_1_104' title='bbox 951 1444 1010 1496; x_wconf 88' lang='grc' dir='ltr'><strong>τὸ</strong></span> <span class='ocrx_word' id='word_1_105' title='bbox 1037 1443 1112 1514; x_wconf 81' lang='grc' dir='ltr'><strong>μὴ</strong></span> <span class='ocrx_word' id='word_1_106' title='bbox 1175 1441 1581 1508; x_wconf 83' lang='grc' dir='ltr'><strong>συνεξισοῦσθαι</strong></span> 
     </span>
    </p>
   </div>
   <div class='ocr_carea' id='block_1_17' title="bbox 33 1533 1581 1612">
    <p class='ocr_par' dir='ltr' id='par_1_17' title="bbox 33 1533 1581 1612">
     <span class='ocr_line' id='line_1_17' title="bbox 33 1533 1581 1612; baseline -0.006 -18"><span class='ocrx_word' id='word_1_107' title='bbox 33 1539 88 1612; x_wconf 71' lang='grc' dir='ltr'><strong>τῷ</strong></span> <span class='ocrx_word' id='word_1_108' title='bbox 111 1539 224 1594; x_wconf 74' lang='lat' dir='ltr'><strong>Tia-3</strong></span> <span class='ocrx_word' id='word_1_109' title='bbox 251 1537 514 1609; x_wconf 85' lang='grc' dir='ltr'><strong>ὀνόματι,</strong></span> <span class='ocrx_word' id='word_1_110' title='bbox 537 1535 638 1606; x_wconf 81' lang='grc' dir='ltr'><strong>τῆς</strong></span> <span class='ocrx_word' id='word_1_111' title='bbox 667 1535 891 1604; x_wconf 83' lang='grc' dir='ltr'><strong>κτιστῆς</strong></span> <span class='ocrx_word' id='word_1_112' title='bbox 913 1537 972 1588; x_wconf 92' lang='grc' dir='ltr'><strong>ἐν</strong></span> <span class='ocrx_word' id='word_1_113' title='bbox 997 1533 1232 1605; x_wconf 80' lang='grc' dir='ltr'><strong>ἀληθείᾳ</strong></span> <span class='ocrx_word' id='word_1_114' title='bbox 1255 1533 1466 1598; x_wconf 79' lang='grc' dir='ltr'><strong>οὐσίας,</strong></span> <span class='ocrx_word' id='word_1_115' title='bbox 1490 1533 1581 1586; x_wconf 80' lang='grc' dir='ltr'><strong>καὶ</strong></span> 
     </span>
    </p>
   </div>
   <div class='ocr_carea' id='block_1_18' title="bbox 34 1629 1578 1705">
    <p class='ocr_par' dir='ltr' id='par_1_18' title="bbox 34 1629 1578 1705">
     <span class='ocr_line' id='line_1_18' title="bbox 34 1629 1578 1705; baseline -0.006 -15"><span class='ocrx_word' id='word_1_116' title='bbox 34 1639 74 1690; x_wconf 67' lang='grc' dir='ltr'><strong>οὗ</strong></span> <span class='ocrx_word' id='word_1_117' title='bbox 105 1635 252 1704; x_wconf 70' lang='grc' dir='ltr'><strong>ψιλῆς</strong></span> <span class='ocrx_word' id='word_1_118' title='bbox 289 1633 616 1705; x_wconf 74' lang='grc' dir='ltr'><strong>ὀνομασίας·</strong></span> <span class='ocrx_word' id='word_1_119' title='bbox 657 1632 956 1700; x_wconf 80' lang='grc' dir='ltr'><strong>ἐπειδήπερ</strong></span> <span class='ocrx_word' id='word_1_120' title='bbox 985 1631 1046 1684; x_wconf 80' lang='grc' dir='ltr'><strong>οὐ</strong></span> <span class='ocrx_word' id='word_1_121' title='bbox 1077 1629 1237 1700; x_wconf 69' lang='grc' dir='ltr'><strong>ψιλὴν</strong></span> <span class='ocrx_word' id='word_1_122' title='bbox 1270 1629 1578 1700; x_wconf 78' lang='grc' dir='ltr'><strong>ἐπιδέχεται</strong></span> 
     </span>
    </p>
   </div>
   <div class='ocr_carea' id='block_1_19' title="bbox 34 1718 1582 1793">
    <p class='ocr_par' dir='ltr' id='par_1_19' title="bbox 34 1718 1582 1793">
     <span class='ocr_line' id='line_1_19' title="bbox 34 1718 1582 1793; baseline -0.01 -9"><span class='ocrx_word' id='word_1_123' title='bbox 34 1731 102 1784; x_wconf 69' lang='grc' dir='ltr'><strong>καὶ</strong></span> <span class='ocrx_word' id='word_1_124' title='bbox 129 1727 280 1790; x_wconf 74' lang='grc' dir='ltr'><strong>αὐτὸς</strong></span> <span class='ocrx_word' id='word_1_125' title='bbox 305 1726 338 1777; x_wconf 89' lang='grc' dir='ltr'><strong>ὀ</strong></span> <span class='ocrx_word' id='word_1_126' title='bbox 373 1725 508 1788; x_wconf 81' lang='grc' dir='ltr'><strong>Υίὺς</strong></span> <span class='ocrx_word' id='word_1_127' title='bbox 535 1723 632 1793; x_wconf 82' lang='grc' dir='ltr'><strong>τὴν</strong></span> <span class='ocrx_word' id='word_1_128' title='bbox 668 1723 797 1792; x_wconf 83' lang='grc' dir='ltr'><strong>περὶ</strong></span> <span class='ocrx_word' id='word_1_129' title='bbox 830 1719 960 1774; x_wconf 84' lang='grc' dir='ltr'><strong>Υἱοῦ</strong></span> <span class='ocrx_word' id='word_1_130' title='bbox 997 1719 1314 1790; x_wconf 82' lang='grc' dir='ltr'><strong>ὀνομασίαν.</strong></span> <span class='ocrx_word' id='word_1_131' title='bbox 1341 1720 1454 1772; x_wconf 82' lang='grc' dir='ltr'><strong>Οὐκ</strong></span> <span class='ocrx_word' id='word_1_132' title='bbox 1479 1718 1582 1782; x_wconf 44' lang='grc' dir='ltr'><strong>,δν-</strong></span> 
     </span>
    </p>
   </div>
   <div class='ocr_carea' id='block_1_20' title="bbox 1689 521 3280 605">
    <p class='ocr_par' dir='ltr' id='par_1_20' title="bbox 1689 521 3280 605">
     <span class='ocr_line' id='line_1_20' title="bbox 1689 521 3280 605; baseline 0.008 -30"><span class='ocrx_word' id='word_1_133' title='bbox 1689 521 1874 588; x_wconf 85' lang='lat' dir='ltr'><strong>Quarc</strong></span> <span class='ocrx_word' id='word_1_134' title='bbox 1907 538 2084 592; x_wconf 88' lang='lat' dir='ltr'><strong>neque</strong></span> <span class='ocrx_word' id='word_1_135' title='bbox 2117 534 2326 578; x_wconf 65' lang='lat' dir='ltr'><strong>naturae</strong></span> <span class='ocrx_word' id='word_1_136' title='bbox 2373 526 2578 580; x_wconf 87' lang='lat' dir='ltr'><strong>nudam</strong></span> <span class='ocrx_word' id='word_1_137' title='bbox 2619 529 3035 597; x_wconf 87' lang='lat' dir='ltr'><strong>appellationem</strong></span> <span class='ocrx_word' id='word_1_138' title='bbox 3071 533 3280 605; x_wconf 78' lang='lat' dir='ltr'><strong>signiﬁ-</strong></span> 
     </span>
    </p>
   </div>
   <div class='ocr_carea' id='block_1_21' title="bbox 1689 611 3280 686">
    <p class='ocr_par' dir='ltr' id='par_1_21' title="bbox 1689 611 3280 686">
     <span class='ocr_line' id='line_1_21' title="bbox 1689 611 3280 686; baseline 0.006 -20"><span class='ocrx_word' id='word_1_139' title='bbox 1689 619 1838 666; x_wconf 87' lang='lat' dir='ltr'><strong>cant.</strong></span> <span class='ocrx_word' id='word_1_140' title='bbox 1897 611 2017 665; x_wconf 86' lang='lat' dir='ltr'><strong>Jam</strong></span> <span class='ocrx_word' id='word_1_141' title='bbox 2077 628 2206 666; x_wconf 86' lang='lat' dir='ltr'><strong>vero</strong></span> <span class='ocrx_word' id='word_1_142' title='bbox 2277 629 2400 666; x_wconf 84' lang='lat' dir='ltr'><strong>cum</strong></span> <span class='ocrx_word' id='word_1_143' title='bbox 2463 615 2604 669; x_wconf 89' lang='lat' dir='ltr'><strong>inter</strong></span> <span class='ocrx_word' id='word_1_144' title='bbox 2655 615 2952 686; x_wconf 85' lang='lat' dir='ltr'><strong>ingenitum</strong></span> <span class='ocrx_word' id='word_1_145' title='bbox 3009 633 3072 674; x_wconf 90' lang='lat' dir='ltr'><strong>ac</strong></span> <span class='ocrx_word' id='word_1_146' title='bbox 3121 637 3280 676; x_wconf 85' lang='lat' dir='ltr'><strong>crea—</strong></span> 
     </span>
    </p>
   </div>
   <div class='ocr_carea' id='block_1_22' title="bbox 1690 705 3280 778">
    <p class='ocr_par' dir='ltr' id='par_1_22' title="bbox 1690 705 3280 778">
     <span class='ocr_line' id='line_1_22' title="bbox 1690 705 3280 778; baseline 0.006 -20"><span class='ocrx_word' id='word_1_147' title='bbox 1690 713 1806 758; x_wconf 83' lang='lat' dir='ltr'><strong>tum</strong></span> <span class='ocrx_word' id='word_1_148' title='bbox 1846 705 2085 760; x_wconf 89' lang='lat' dir='ltr'><strong>medium</strong></span> <span class='ocrx_word' id='word_1_149' title='bbox 2123 706 2344 774; x_wconf 79' lang='lat' dir='ltr'><strong>aliquod</strong></span> <span class='ocrx_word' id='word_1_150' title='bbox 2377 707 2702 762; x_wconf 81' lang='lat' dir='ltr'><strong>vocabulum</strong></span> <span class='ocrx_word' id='word_1_151' title='bbox 2731 720 3030 778; x_wconf 67' lang='lat' dir='ltr'><strong>quaeratur,</strong></span> <span class='ocrx_word' id='word_1_152' title='bbox 3064 711 3166 766; x_wconf 88' lang='lat' dir='ltr'><strong>hoc</strong></span> <span class='ocrx_word' id='word_1_153' title='bbox 3192 725 3280 768; x_wconf 85' lang='lat' dir='ltr'><strong>est</strong></span> 
     </span>
    </p>
   </div>
   <div class='ocr_carea' id='block_1_23' title="bbox 1689 794 3278 865">
    <p class='ocr_par' dir='ltr' id='par_1_23' title="bbox 1689 794 3278 865">
     <span class='ocr_line' id='line_1_23' title="bbox 1689 794 3278 865; baseline 0.005 -17"><span class='ocrx_word' id='word_1_154' title='bbox 1689 794 1884 859; x_wconf 88' lang='lat' dir='ltr'><strong>Filius,</strong></span> <span class='ocrx_word' id='word_1_155' title='bbox 1932 796 2264 865; x_wconf 86' lang='lat' dir='ltr'><strong>minimeque</strong></span> <span class='ocrx_word' id='word_1_156' title='bbox 2299 804 2540 859; x_wconf 87' lang='lat' dir='ltr'><strong>creatus,</strong></span> <span class='ocrx_word' id='word_1_157' title='bbox 2577 799 2794 852; x_wconf 87' lang='lat' dir='ltr'><strong>cuinam</strong></span> <span class='ocrx_word' id='word_1_158' title='bbox 2838 801 3101 856; x_wconf 85' lang='lat' dir='ltr'><strong>eximium</strong></span> <span class='ocrx_word' id='word_1_159' title='bbox 3144 803 3278 856; x_wconf 88' lang='lat' dir='ltr'><strong>illud</strong></span> 
     </span>
    </p>
   </div>
   <div class='ocr_carea' id='block_1_24' title="bbox 1690 888 3279 961">
    <p class='ocr_par' dir='ltr' id='par_1_24' title="bbox 1690 888 3279 961">
     <span class='ocr_line' id='line_1_24' title="bbox 1690 888 3279 961; baseline 0.004 -19"><span class='ocrx_word' id='word_1_160' title='bbox 1690 888 2038 960; x_wconf 88' lang='lat' dir='ltr'><strong>potissimum</strong></span> <span class='ocrx_word' id='word_1_161' title='bbox 2071 889 2422 946; x_wconf 88' lang='lat' dir='ltr'><strong>tribuendum</strong></span> <span class='ocrx_word' id='word_1_162' title='bbox 2451 889 2576 945; x_wconf 84' lang='lat' dir='ltr'><strong>est?</strong></span> <span class='ocrx_word' id='word_1_163' title='bbox 2627 891 2706 946; x_wconf 83' lang='lat' dir='ltr'><strong>Ac</strong></span> <span class='ocrx_word' id='word_1_164' title='bbox 2737 891 2782 946; x_wconf 91' lang='lat' dir='ltr'><strong>si</strong></span> <span class='ocrx_word' id='word_1_165' title='bbox 2811 891 3032 961; x_wconf 80' lang='lat' dir='ltr'><strong>quidem</strong></span> <span class='ocrx_word' id='word_1_166' title='bbox 3059 903 3279 948; x_wconf 88' lang='lat' dir='ltr'><strong>creatu-</strong></span> 
     </span>
    </p>
   </div>
   <div class='ocr_carea' id='block_1_25' title="bbox 1689 980 3278 1051">
    <p class='ocr_par' dir='ltr' id='par_1_25' title="bbox 1689 980 3278 1051">
     <span class='ocr_line' id='line_1_25' title="bbox 1689 980 3278 1051; baseline 0.003 -17"><span class='ocrx_word' id='word_1_167' title='bbox 1689 980 1768 1035; x_wconf 93' lang='lat' dir='ltr'><strong>ris</strong></span> <span class='ocrx_word' id='word_1_168' title='bbox 1815 995 2107 1037; x_wconf 87' lang='lat' dir='ltr'><strong>commune</strong></span> <span class='ocrx_word' id='word_1_169' title='bbox 2161 995 2285 1034; x_wconf 90' lang='lat' dir='ltr'><strong>cum</strong></span> <span class='ocrx_word' id='word_1_170' title='bbox 2335 981 2474 1035; x_wconf 87' lang='lat' dir='ltr'><strong>Filio</strong></span> <span class='ocrx_word' id='word_1_171' title='bbox 2517 983 2652 1036; x_wconf 90' lang='lat' dir='ltr'><strong>illud</strong></span> <span class='ocrx_word' id='word_1_172' title='bbox 2699 984 3079 1051; x_wconf 84' lang='lat' dir='ltr'><strong>ascribamus,</strong></span> <span class='ocrx_word' id='word_1_173' title='bbox 3155 1001 3278 1040; x_wconf 90' lang='lat' dir='ltr'><strong>cum</strong></span> 
     </span>
    </p>
   </div>
   <div class='ocr_carea' id='block_1_26' title="bbox 1689 1072 3281 1145">
    <p class='ocr_par' dir='ltr' id='par_1_26' title="bbox 1689 1072 3281 1145">
     <span class='ocr_line' id='line_1_26' title="bbox 1689 1072 3281 1145; baseline 0.003 -19"><span class='ocrx_word' id='word_1_174' title='bbox 1689 1079 1944 1126; x_wconf 89' lang='lat' dir='ltr'><strong>neutrum</strong></span> <span class='ocrx_word' id='word_1_175' title='bbox 1998 1072 2330 1126; x_wconf 75' lang='lat' dir='ltr'><strong>vocabulum</strong></span> <span class='ocrx_word' id='word_1_176' title='bbox 2405 1075 2520 1128; x_wconf 89' lang='lat' dir='ltr'><strong>sola</strong></span> <span class='ocrx_word' id='word_1_177' title='bbox 2593 1088 2657 1128; x_wconf 83' lang='lat' dir='ltr'><strong>ac</strong></span> <span class='ocrx_word' id='word_1_178' title='bbox 2711 1075 2855 1129; x_wconf 87' lang='lat' dir='ltr'><strong>nuda</strong></span> <span class='ocrx_word' id='word_1_179' title='bbox 2917 1077 3281 1145; x_wconf 73' lang='lat' dir='ltr'><strong>appellatione</strong></span> 
     </span>
    </p>
   </div>
   <div class='ocr_carea' id='block_1_27' title="bbox 1687 1163 3276 1236">
    <p class='ocr_par' dir='ltr' id='par_1_27' title="bbox 1687 1163 3276 1236">
     <span class='ocr_line' id='line_1_27' title="bbox 1687 1163 3276 1236; baseline 0.003 -18"><span class='ocrx_word' id='word_1_180' title='bbox 1687 1171 1944 1230; x_wconf 89' lang='lat' dir='ltr'><strong>constet;</strong></span> <span class='ocrx_word' id='word_1_181' title='bbox 1993 1171 2048 1218; x_wconf 89' lang='lat' dir='ltr'><strong>et</strong></span> <span class='ocrx_word' id='word_1_182' title='bbox 2081 1163 2542 1233; x_wconf 86' lang='lat' dir='ltr'><strong>quemadmodum</strong></span> <span class='ocrx_word' id='word_1_183' title='bbox 2593 1165 2888 1236; x_wconf 85' lang='lat' dir='ltr'><strong>ingenitus,</strong></span> <span class='ocrx_word' id='word_1_184' title='bbox 2945 1175 3000 1222; x_wconf 91' lang='lat' dir='ltr'><strong>et</strong></span> <span class='ocrx_word' id='word_1_185' title='bbox 3037 1179 3276 1230; x_wconf 84' lang='lat' dir='ltr'><strong>creator,</strong></span> 
     </span>
    </p>
   </div>
   <div class='ocr_carea' id='block_1_28' title="bbox 1687 1259 3282 1330">
    <p class='ocr_par' dir='ltr' id='par_1_28' title="bbox 1687 1259 3282 1330">
     <span class='ocr_line' id='line_1_28' title="bbox 1687 1259 3282 1330; baseline 0.001 -17"><span class='ocrx_word' id='word_1_186' title='bbox 1687 1265 1744 1313; x_wconf 88' lang='lat' dir='ltr'><strong>et</strong></span> <span class='ocrx_word' id='word_1_187' title='bbox 1771 1267 2040 1312; x_wconf 62' lang='lat' dir='ltr'><strong>creatura;</strong></span> <span class='ocrx_word' id='word_1_188' title='bbox 2089 1272 2200 1312; x_wconf 92' lang='lat' dir='ltr'><strong>non</strong></span> <span class='ocrx_word' id='word_1_189' title='bbox 2251 1273 2413 1312; x_wconf 85' lang='lat' dir='ltr'><strong>voces</strong></span> <span class='ocrx_word' id='word_1_190' title='bbox 2461 1273 2624 1314; x_wconf 71' lang='lat' dir='ltr'><strong>merae</strong></span> <span class='ocrx_word' id='word_1_191' title='bbox 2669 1268 2820 1324; x_wconf 91' lang='lat' dir='ltr'><strong>sunt,</strong></span> <span class='ocrx_word' id='word_1_192' title='bbox 2855 1259 2930 1312; x_wconf 89' lang='lat' dir='ltr'><strong>ita</strong></span> <span class='ocrx_word' id='word_1_193' title='bbox 2960 1261 3193 1330; x_wconf 89' lang='lat' dir='ltr'><strong>genitus,</strong></span> <span class='ocrx_word' id='word_1_194' title='bbox 3225 1265 3282 1314; x_wconf 79' lang='lat' dir='ltr'><strong>ct</strong></span> 
     </span>
    </p>
   </div>
   <div class='ocr_carea' id='block_1_29' title="bbox 1689 1348 3284 1424">
    <p class='ocr_par' dir='ltr' id='par_1_29' title="bbox 1689 1348 3284 1424">
     <span class='ocr_line' id='line_1_29' title="bbox 1689 1348 3284 1424; baseline 0.004 -22"><span class='ocrx_word' id='word_1_195' title='bbox 1689 1348 1860 1404; x_wconf 80' lang='lat' dir='ltr'><strong>Filius</strong></span> <span class='ocrx_word' id='word_1_196' title='bbox 1889 1348 2092 1418; x_wconf 86' lang='lat' dir='ltr'><strong>aliquid</strong></span> <span class='ocrx_word' id='word_1_197' title='bbox 2127 1357 2324 1417; x_wconf 68' lang='lat' dir='ltr'><strong>praeter</strong></span> <span class='ocrx_word' id='word_1_198' title='bbox 2351 1365 2548 1404; x_wconf 87' lang='lat' dir='ltr'><strong>nomen</strong></span> <span class='ocrx_word' id='word_1_199' title='bbox 2578 1350 2798 1413; x_wconf 84' lang='lat' dir='ltr'><strong>habeat,</strong></span> <span class='ocrx_word' id='word_1_200' title='bbox 2840 1352 3098 1406; x_wconf 85' lang='lat' dir='ltr'><strong>nimirum</strong></span> <span class='ocrx_word' id='word_1_201' title='bbox 3133 1351 3284 1424; x_wconf 80' lang='lat' dir='ltr'><strong>quod</strong></span> 
     </span>
    </p>
   </div>
   <div class='ocr_carea' id='block_1_30' title="bbox 1687 1439 3277 1512">
    <p class='ocr_par' dir='ltr' id='par_1_30' title="bbox 1687 1439 3277 1512">
     <span class='ocr_line' id='line_1_30' title="bbox 1687 1439 3277 1512; baseline 0.004 -21"><span class='ocrx_word' id='word_1_202' title='bbox 1687 1453 1786 1510; x_wconf 87' lang='lat' dir='ltr'><strong>per</strong></span> <span class='ocrx_word' id='word_1_203' title='bbox 1801 1454 2070 1493; x_wconf 83' lang='lat' dir='ltr'><strong>summam</strong></span> <span class='ocrx_word' id='word_1_204' title='bbox 2089 1440 2420 1493; x_wconf 87' lang='lat' dir='ltr'><strong>calumniam</strong></span> <span class='ocrx_word' id='word_1_205' title='bbox 2440 1439 2822 1494; x_wconf 87' lang='lat' dir='ltr'><strong>ratiocinando</strong></span> <span class='ocrx_word' id='word_1_206' title='bbox 2843 1441 3049 1512; x_wconf 89' lang='lat' dir='ltr'><strong>colligit</strong></span> <span class='ocrx_word' id='word_1_207' title='bbox 3064 1443 3277 1508; x_wconf 87' lang='lat' dir='ltr'><strong>Aetius,</strong></span> 
     </span>
    </p>
   </div>
   <div class='ocr_carea' id='block_1_31' title="bbox 1690 1529 3278 1603">
    <p class='ocr_par' dir='ltr' id='par_1_31' title="bbox 1690 1529 3278 1603">
     <span class='ocr_line' id='line_1_31' title="bbox 1690 1529 3278 1603; baseline 0.004 -19"><span class='ocrx_word' id='word_1_208' title='bbox 1690 1529 1982 1584; x_wconf 77' lang='lat' dir='ltr'><strong>miriﬁcam</strong></span> <span class='ocrx_word' id='word_1_209' title='bbox 2033 1529 2498 1599; x_wconf 87' lang='lat' dir='ltr'><strong>perturbationem</strong></span> <span class='ocrx_word' id='word_1_210' title='bbox 2551 1539 2604 1585; x_wconf 91' lang='lat' dir='ltr'><strong>et</strong></span> <span class='ocrx_word' id='word_1_211' title='bbox 2652 1531 3030 1588; x_wconf 81' lang='lat' dir='ltr'><strong>confusionem</strong></span> <span class='ocrx_word' id='word_1_212' title='bbox 3079 1537 3278 1603; x_wconf 83' lang='lat' dir='ltr'><strong>pariet,</strong></span> 
     </span>
    </p>
   </div>
   <div class='ocr_carea' id='block_1_32' title="bbox 1689 1621 3280 1696">
    <p class='ocr_par' dir='ltr' id='par_1_32' title="bbox 1689 1621 3280 1696">
     <span class='ocr_line' id='line_1_32' title="bbox 1689 1621 3280 1696; baseline 0.006 -21"><span class='ocrx_word' id='word_1_213' title='bbox 1689 1621 2128 1691; x_wconf 85' lang='lat' dir='ltr'><strong>quandoquidem</strong></span> <span class='ocrx_word' id='word_1_214' title='bbox 2162 1638 2286 1677; x_wconf 91' lang='lat' dir='ltr'><strong>cum</strong></span> <span class='ocrx_word' id='word_1_215' title='bbox 2321 1622 2442 1678; x_wconf 78' lang='lat' dir='ltr'><strong>Filii</strong></span> <span class='ocrx_word' id='word_1_216' title='bbox 2477 1623 2700 1678; x_wconf 84' lang='lat' dir='ltr'><strong>nomine</strong></span> <span class='ocrx_word' id='word_1_217' title='bbox 2735 1633 3019 1690; x_wconf 51' lang='lat' dir='ltr'><strong>creaturae,</strong></span> <span class='ocrx_word' id='word_1_218' title='bbox 3044 1643 3166 1696; x_wconf 66' lang='lat' dir='ltr'><strong>quae</strong></span> <span class='ocrx_word' id='word_1_219' title='bbox 3192 1645 3280 1684; x_wconf 90' lang='lat' dir='ltr'><strong>re-</strong></span> 
     </span>
    </p>
   </div>
   <div class='ocr_carea' id='block_1_33' title="bbox 1689 1715 3279 1786">
    <p class='ocr_par' dir='ltr' id='par_1_33' title="bbox 1689 1715 3279 1786">
     <span class='ocr_line' id='line_1_33' title="bbox 1689 1715 3279 1786; baseline 0.006 -20"><span class='ocrx_word' id='word_1_220' title='bbox 1689 1729 1838 1780; x_wconf 88' lang='lat' dir='ltr'><strong>vera,</strong></span> <span class='ocrx_word' id='word_1_221' title='bbox 1885 1729 1996 1768; x_wconf 91' lang='lat' dir='ltr'><strong>non</strong></span> <span class='ocrx_word' id='word_1_222' title='bbox 2035 1715 2402 1784; x_wconf 85' lang='lat' dir='ltr'><strong>appellatione</strong></span> <span class='ocrx_word' id='word_1_223' title='bbox 2441 1724 2602 1772; x_wconf 89' lang='lat' dir='ltr'><strong>tenus</strong></span> <span class='ocrx_word' id='word_1_224' title='bbox 2641 1717 2907 1786; x_wconf 84' lang='lat' dir='ltr'><strong>ejusmodi</strong></span> <span class='ocrx_word' id='word_1_225' title='bbox 2936 1734 3059 1774; x_wconf 90' lang='lat' dir='ltr'><strong>esse</strong></span> <span class='ocrx_word' id='word_1_226' title='bbox 3086 1721 3279 1776; x_wconf 89' lang='lat' dir='ltr'><strong>dicun-</strong></span> 
     </span>
    </p>
   </div>
   <div class='ocr_carea' id='block_1_34' title="bbox 34 1795 1581 1889">
    <p class='ocr_par' dir='ltr' id='par_1_34' title="bbox 34 1811 1581 1889">
     <span class='ocr_line' id='line_1_34' title="bbox 34 1811 1581 1889; baseline -0.008 -15"><span class='ocrx_word' id='word_1_227' title='bbox 34 1841 98 1884; x_wconf 59' lang='grc' dir='ltr'><strong>εκ</strong></span> <span class='ocrx_word' id='word_1_228' title='bbox 123 1823 172 1874; x_wconf 78' lang='grc' dir='ltr'><strong>δὲ</strong></span> <span class='ocrx_word' id='word_1_229' title='bbox 193 1820 574 1889; x_wconf 79' lang='grc' dir='ltr'><strong>ἀνυπάρκτου,</strong></span> <span class='ocrx_word' id='word_1_230' title='bbox 611 1814 734 1868; x_wconf 75' lang='grc' dir='ltr'><strong>οὕτε</strong></span> <span class='ocrx_word' id='word_1_231' title='bbox 756 1812 896 1867; x_wconf 85' lang='grc' dir='ltr'><strong>κατά</strong></span> <span class='ocrx_word' id='word_1_232' title='bbox 919 1811 1080 1882; x_wconf 78' lang='grc' dir='ltr'><strong>ψιλὴν</strong></span> <span class='ocrx_word' id='word_1_233' title='bbox 1104 1811 1404 1881; x_wconf 81' lang='grc' dir='ltr'><strong>ὀνομασίαν</strong></span> <span class='ocrx_word' id='word_1_234' title='bbox 1428 1811 1581 1878; x_wconf 84' lang='grc' dir='ltr'><strong>λεγο-</strong></span> 
     </span>
    </p>
   </div>
   <div class='ocr_carea' id='block_1_35' title="bbox 1690 1795 3274 1889">
    <p class='ocr_par' dir='ltr' id='par_1_35' title="bbox 1690 1795 3274 1881">
     <span class='ocr_line' id='line_1_35' title="bbox 1690 1795 3274 1881; baseline 0.006 -25"><span class='ocrx_word' id='word_1_235' title='bbox 1690 1810 1796 1868; x_wconf 86' lang='lat' dir='ltr'><strong>tur,</strong></span> <span class='ocrx_word' id='word_1_236' title='bbox 1823 1795 2100 1873; x_wconf 76' lang='lat' dir='ltr'><strong>adzequari</strong></span> <span class='ocrx_word' id='word_1_237' title='bbox 2129 1805 2354 1858; x_wconf 89' lang='lat' dir='ltr'><strong>minime</strong></span> <span class='ocrx_word' id='word_1_238' title='bbox 2385 1813 2616 1874; x_wconf 88' lang='lat' dir='ltr'><strong>possunt</strong></span> <span class='ocrx_word' id='word_1_239' title='bbox 2647 1823 2660 1871; x_wconf 92' lang='lat'><strong>;</strong></span> <span class='ocrx_word' id='word_1_240' title='bbox 2698 1821 2820 1860; x_wconf 90' lang='lat' dir='ltr'><strong>nam</strong></span> <span class='ocrx_word' id='word_1_241' title='bbox 2853 1815 2908 1870; x_wconf 79' lang='lat' dir='ltr'><strong>et</strong></span> <span class='ocrx_word' id='word_1_242' title='bbox 2937 1807 3110 1866; x_wconf 86' lang='lat' dir='ltr'><strong>Filius</strong></span> <span class='ocrx_word' id='word_1_243' title='bbox 3139 1813 3274 1881; x_wconf 85' lang='lat' dir='ltr'><strong>ipse,</strong></span> 
     </span>
    </p>
   </div>
   <div class='ocr_carea' id='block_1_36' title="bbox 35 1902 1584 1984">
    <p class='ocr_par' dir='ltr' id='par_1_36' title="bbox 35 1902 1584 1984">
     <span class='ocr_line' id='line_1_36' title="bbox 35 1902 1584 1984; baseline -0.005 -19"><span class='ocrx_word' id='word_1_244' title='bbox 35 1913 160 1984; x_wconf 75' lang='grc' dir='ltr'><strong>μένον</strong></span> <span class='ocrx_word' id='word_1_245' title='bbox 179 1910 272 1964; x_wconf 75' lang='grc' dir='ltr'><strong>τοῦ</strong></span> <span class='ocrx_word' id='word_1_246' title='bbox 301 1907 438 1962; x_wconf 85' lang='grc' dir='ltr'><strong>Υἱοῦ</strong></span> <span class='ocrx_word' id='word_1_247' title='bbox 477 1904 818 1978; x_wconf 81' lang='grc' dir='ltr'><strong>μονογενοῦς,</strong></span> <span class='ocrx_word' id='word_1_248' title='bbox 865 1902 1082 1958; x_wconf 74' lang='grc' dir='ltr'><strong>καὶτοῦ</strong></span> <span class='ocrx_word' id='word_1_249' title='bbox 1121 1903 1276 1972; x_wconf 84' lang='grc' dir='ltr'><strong>ἁγίου</strong></span> <span class='ocrx_word' id='word_1_250' title='bbox 1331 1903 1584 1973; x_wconf 82' lang='grc' dir='ltr'><strong>Πνεύμα-</strong></span> 
     </span>
    </p>
   </div>
   <div class='ocr_carea' id='block_1_37' title="bbox 34 1992 1583 2072">
    <p class='ocr_par' dir='ltr' id='par_1_37' title="bbox 34 1992 1583 2072">
     <span class='ocr_line' id='line_1_37' title="bbox 34 1992 1583 2072; baseline -0.005 -19"><span class='ocrx_word' id='word_1_251' title='bbox 133 2007 192 2072; x_wconf 80' lang='grc' dir='ltr'><strong>τῇ</strong></span> <span class='ocrx_word' id='word_1_252' title='bbox 213 2001 308 2054; x_wconf 77' lang='grc' dir='ltr'><strong>τοῦ</strong></span> <span class='ocrx_word' id='word_1_253' title='bbox 331 1999 552 2070; x_wconf 80' lang='grc' dir='ltr'><strong>[ἰατρὸς</strong></span> <span class='ocrx_word' id='word_1_254' title='bbox 579 1997 848 2066; x_wconf 82' lang='grc' dir='ltr'><strong>συνῆπται</strong></span> <span class='ocrx_word' id='word_1_255' title='bbox 867 1993 1017 2064; x_wconf 77' lang='grc' dir='ltr'><strong>δόξῃ,</strong></span> <span class='ocrx_word' id='word_1_256' title='bbox 1044 1993 1136 2045; x_wconf 80' lang='grc' dir='ltr'><strong>καὶ</strong></span> <span class='ocrx_word' id='word_1_257' title='bbox 1161 1993 1223 2044; x_wconf 82' lang='grc' dir='ltr'><strong>οὐ</strong></span> <span class='ocrx_word' id='word_1_258' title='bbox 1255 1992 1583 2062; x_wconf 81' lang='grc' dir='ltr'><strong>συγκέχυται</strong></span> 
     </span>
    </p>
   </div>
   <div class='ocr_carea' id='block_1_38' title="bbox 34 2083 1583 2164">
    <p class='ocr_par' dir='ltr' id='par_1_38' title="bbox 34 2083 1583 2164">
     <span class='ocr_line' id='line_1_38' title="bbox 34 2083 1583 2164; baseline -0.008 -17"><span class='ocrx_word' id='word_1_259' title='bbox 34 2099 82 2164; x_wconf 72' lang='grc' dir='ltr'><strong>τῇ</strong></span> <span class='ocrx_word' id='word_1_260' title='bbox 113 2095 210 2146; x_wconf 77' lang='grc' dir='ltr'><strong>τῶν</strong></span> <span class='ocrx_word' id='word_1_261' title='bbox 254 2091 582 2162; x_wconf 77' lang='grc' dir='ltr'><strong>κτισμάτων</strong></span> <span class='ocrx_word' id='word_1_262' title='bbox 620 2087 908 2158; x_wconf 69' lang='grc' dir='ltr'><strong>ὀνομασίᾳ.</strong></span> <span class='ocrx_word' id='word_1_263' title='bbox 958 2083 1096 2138; x_wconf 78' lang='grc' dir='ltr'><strong>Οὔτε</strong></span> <span class='ocrx_word' id='word_1_264' title='bbox 1143 2084 1254 2155; x_wconf 80' lang='grc' dir='ltr'><strong>γὰρ</strong></span> <span class='ocrx_word' id='word_1_265' title='bbox 1295 2085 1583 2154; x_wconf 80' lang='grc' dir='ltr'><strong>ὲπάρσεως</strong></span> 
     </span>
    </p>
   </div>
   <div class='ocr_carea' id='block_1_39' title="bbox 35 2173 1583 2254">
    <p class='ocr_par' dir='ltr' id='par_1_39' title="bbox 35 2173 1583 2254">
     <span class='ocr_line' id='line_1_39' title="bbox 35 2173 1583 2254; baseline -0.006 -18"><span class='ocrx_word' id='word_1_266' title='bbox 35 2185 166 2236; x_wconf 76' lang='grc' dir='ltr'><strong>δεῖται</strong></span> <span class='ocrx_word' id='word_1_267' title='bbox 197 2187 230 2254; x_wconf 73' lang='grc' dir='ltr'><strong>ἡ</strong></span> <span class='ocrx_word' id='word_1_268' title='bbox 277 2183 480 2250; x_wconf 82' lang='grc' dir='ltr'><strong>θεότης</strong></span> <span class='ocrx_word' id='word_1_269' title='bbox 517 2180 595 2242; x_wconf 81' lang='grc' dir='ltr'><strong>ὡς</strong></span> <span class='ocrx_word' id='word_1_270' title='bbox 632 2177 707 2248; x_wconf 83' lang='grc' dir='ltr'><strong>μὴ</strong></span> <span class='ocrx_word' id='word_1_271' title='bbox 747 2173 910 2238; x_wconf 81' lang='grc' dir='ltr'><strong>οὖσα,</strong></span> <span class='ocrx_word' id='word_1_272' title='bbox 946 2173 1072 2228; x_wconf 79' lang='grc' dir='ltr'><strong>οὔτε</strong></span> <span class='ocrx_word' id='word_1_273' title='bbox 1105 2173 1271 2242; x_wconf 67' lang='grc' dir='ltr'><strong>ὕψους</strong></span> <span class='ocrx_word' id='word_1_274' title='bbox 1307 2175 1456 2227; x_wconf 75' lang='grc' dir='ltr'><strong>ἐστὶν</strong></span> <span class='ocrx_word' id='word_1_275' title='bbox 1497 2176 1583 2227; x_wconf 75' lang='grc' dir='ltr'><strong>ἐνο</strong></span> 
     </span>
    </p>
   </div>
   <div class='ocr_carea' id='block_1_40' title="bbox 35 2263 1582 2344">
    <p class='ocr_par' dir='ltr' id='par_1_40' title="bbox 35 2263 1582 2344">
     <span class='ocr_line' id='line_1_40' title="bbox 35 2263 1582 2344; baseline -0.008 -16"><span class='ocrx_word' id='word_1_276' title='bbox 35 2275 240 2344; x_wconf 74' lang='grc' dir='ltr'><strong>ἰεομένη.</strong></span> <span class='ocrx_word' id='word_1_277' title='bbox 263 2274 372 2327; x_wconf 73' lang='grc' dir='ltr'><strong>κᾶν</strong></span> <span class='ocrx_word' id='word_1_278' title='bbox 403 2291 468 2325; x_wconf 88' lang='grc' dir='ltr'><strong>τε</strong></span> <span class='ocrx_word' id='word_1_279' title='bbox 493 2271 648 2342; x_wconf 79' lang='grc' dir='ltr'><strong>παρά.</strong></span> <span class='ocrx_word' id='word_1_280' title='bbox 679 2285 841 2322; x_wconf 87' lang='grc' dir='ltr'><strong>τινων</strong></span> <span class='ocrx_word' id='word_1_281' title='bbox 868 2265 978 2319; x_wconf 83' lang='grc' dir='ltr'><strong>τῶν</strong></span> <span class='ocrx_word' id='word_1_282' title='bbox 1001 2269 1059 2318; x_wconf 88' lang='grc' dir='ltr'><strong>ἐν</strong></span> <span class='ocrx_word' id='word_1_283' title='bbox 1086 2264 1278 2335; x_wconf 77' lang='grc' dir='ltr'><strong>ἀγνοίᾳ</strong></span> <span class='ocrx_word' id='word_1_284' title='bbox 1303 2264 1472 2318; x_wconf 76' lang='grc' dir='ltr'><strong>ὄντων</strong></span> <span class='ocrx_word' id='word_1_285' title='bbox 1507 2263 1582 2334; x_wconf 81' lang='grc' dir='ltr'><strong>μὴ</strong></span> 
     </span>
    </p>
   </div>
   <div class='ocr_carea' id='block_1_41' title="bbox 39 2355 1582 2434">
    <p class='ocr_par' dir='ltr' id='par_1_41' title="bbox 39 2355 1582 2434">
     <span class='ocr_line' id='line_1_41' title="bbox 39 2355 1582 2434; baseline -0.008 -15"><span class='ocrx_word' id='word_1_286' title='bbox 39 2367 200 2434; x_wconf 57' lang='lat' dir='ltr'><strong>iniciat).</strong></span> <span class='ocrx_word' id='word_1_287' title='bbox 227 2367 350 2418; x_wconf 70' lang='grc' dir='ltr'><strong>οὔτε</strong></span> <span class='ocrx_word' id='word_1_288' title='bbox 393 2363 488 2416; x_wconf 77' lang='grc' dir='ltr'><strong>διὰ</strong></span> <span class='ocrx_word' id='word_1_289' title='bbox 511 2363 613 2432; x_wconf 84' lang='grc' dir='ltr'><strong>τῆς</strong></span> <span class='ocrx_word' id='word_1_290' title='bbox 643 2378 806 2414; x_wconf 89' lang='grc' dir='ltr'><strong>τινων</strong></span> <span class='ocrx_word' id='word_1_291' title='bbox 831 2357 1112 2428; x_wconf 81' lang='grc' dir='ltr'><strong>προφορᾶς</strong></span> <span class='ocrx_word' id='word_1_292' title='bbox 1141 2357 1173 2424; x_wconf 85' lang='grc' dir='ltr'>ἡ</span> <span class='ocrx_word' id='word_1_293' title='bbox 1207 2355 1460 2425; x_wconf 83' lang='grc' dir='ltr'><strong>θεότητος</strong></span> <span class='ocrx_word' id='word_1_294' title='bbox 1487 2355 1582 2407; x_wconf 85' lang='grc' dir='ltr'><strong>οὺ-</strong></span> 
     </span>
    </p>
   </div>
   <div class='ocr_carea' id='block_1_42' title="bbox 41 2443 1580 2519">
    <p class='ocr_par' dir='ltr' id='par_1_42' title="bbox 41 2443 1580 2519">
     <span class='ocr_line' id='line_1_42' title="bbox 41 2443 1580 2519; baseline -0.006 -13"><span class='ocrx_word' id='word_1_295' title='bbox 41 2457 104 2508; x_wconf 77' lang='grc' dir='ltr'><strong>σίσ</strong></span> <span class='ocrx_word' id='word_1_296' title='bbox 121 2457 450 2510; x_wconf 66' lang='grc' dir='ltr'><strong>σδνίσταται.</strong></span> <span class='ocrx_word' id='word_1_297' title='bbox 487 2451 625 2504; x_wconf 81' lang='grc' dir='ltr'><strong>οὔτε</strong></span> <span class='ocrx_word' id='word_1_298' title='bbox 659 2449 768 2519; x_wconf 85' lang='grc' dir='ltr'><strong>γὰρ</strong></span> <span class='ocrx_word' id='word_1_299' title='bbox 791 2447 1129 2518; x_wconf 81' lang='grc' dir='ltr'><strong>καυχήσεται</strong></span> <span class='ocrx_word' id='word_1_300' title='bbox 1157 2448 1190 2515; x_wconf 87' lang='grc' dir='ltr'>ή</span> <span class='ocrx_word' id='word_1_301' title='bbox 1225 2445 1334 2500; x_wconf 86' lang='grc' dir='ltr'><strong>τῶν</strong></span> <span class='ocrx_word' id='word_1_302' title='bbox 1367 2443 1580 2518; x_wconf 83' lang='grc' dir='ltr'><strong>ἀνθρὼ-</strong></span> 
     </span>
    </p>
   </div>
   <div class='ocr_carea' id='block_1_43' title="bbox 43 2535 1584 2614">
    <p class='ocr_par' dir='ltr' id='par_1_43' title="bbox 43 2535 1584 2614">
     <span class='ocr_line' id='line_1_43' title="bbox 43 2535 1584 2614; baseline -0.006 -17"><span class='ocrx_word' id='word_1_303' title='bbox 43 2547 180 2614; x_wconf 75' lang='grc' dir='ltr'><strong>πωνῆ</strong></span> <span class='ocrx_word' id='word_1_304' title='bbox 209 2545 382 2600; x_wconf 76' lang='grc' dir='ltr'><strong>ἀλλων</strong></span> <span class='ocrx_word' id='word_1_305' title='bbox 427 2544 706 2612; x_wconf 78' lang='grc' dir='ltr'><strong>προφορά,</strong></span> <span class='ocrx_word' id='word_1_306' title='bbox 741 2540 818 2602; x_wconf 82' lang='grc' dir='ltr'><strong>ὡς</strong></span> <span class='ocrx_word' id='word_1_307' title='bbox 857 2538 977 2606; x_wconf 81' lang='grc' dir='ltr'><strong>Θεῷ</strong></span> <span class='ocrx_word' id='word_1_308' title='bbox 1009 2535 1180 2588; x_wconf 86' lang='grc' dir='ltr'><strong>ἐνδεεῖ</strong></span> <span class='ocrx_word' id='word_1_309' title='bbox 1223 2535 1380 2602; x_wconf 79' lang='grc' dir='ltr'><strong>δόξαν</strong></span> <span class='ocrx_word' id='word_1_310' title='bbox 1423 2553 1584 2607; x_wconf 85' lang='grc' dir='ltr'><strong>περι-</strong></span> 
     </span>
    </p>
   </div>
   <div class='ocr_carea' id='block_1_44' title="bbox 41 2627 1575 2706">
    <p class='ocr_par' dir='ltr' id='par_1_44' title="bbox 41 2627 1575 2706">
     <span class='ocr_line' id='line_1_44' title="bbox 41 2627 1575 2706; baseline -0.005 -19"><span class='ocrx_word' id='word_1_311' title='bbox 41 2638 320 2706; x_wconf 54' lang='lat' dir='ltr'><strong>monuisti},</strong></span> <span class='ocrx_word' id='word_1_312' title='bbox 385 2637 420 2706; x_wconf 86' lang='grc' dir='ltr'>ἢ</span> <span class='ocrx_word' id='word_1_313' title='bbox 485 2631 904 2694; x_wconf 79' lang='grc' dir='ltr'><strong>καλλωπίζουσα</strong></span> <span class='ocrx_word' id='word_1_314' title='bbox 949 2629 1084 2682; x_wconf 78' lang='grc' dir='ltr'><strong>Θεὸν</strong></span> <span class='ocrx_word' id='word_1_315' title='bbox 1135 2627 1575 2704; x_wconf 77' lang='grc' dir='ltr'><strong>παντοκράτορα,</strong></span> 
     </span>
    </p>
   </div>
   <div class='ocr_carea' id='block_1_45' title="bbox 39 2719 1581 2800">
    <p class='ocr_par' dir='ltr' id='par_1_45' title="bbox 39 2719 1581 2800">
     <span class='ocr_line' id='line_1_45' title="bbox 39 2719 1581 2800; baseline -0.005 -20"><span class='ocrx_word' id='word_1_316' title='bbox 39 2727 138 2782; x_wconf 67' lang='grc' dir='ltr'><strong>Θεὸν</strong></span> <span class='ocrx_word' id='word_1_317' title='bbox 171 2727 562 2800; x_wconf 78' lang='grc' dir='ltr'><strong>προσκυνητὸν,</strong></span> <span class='ocrx_word' id='word_1_318' title='bbox 613 2724 748 2776; x_wconf 81' lang='grc' dir='ltr'><strong>Θεὸν</strong></span> <span class='ocrx_word' id='word_1_319' title='bbox 793 2722 1082 2776; x_wconf 84' lang='grc' dir='ltr'><strong>ἐπίσταται</strong></span> <span class='ocrx_word' id='word_1_320' title='bbox 1121 2723 1161 2786; x_wconf 78' lang='grc' dir='ltr'><strong>ί,</strong></span> <span class='ocrx_word' id='word_1_321' title='bbox 1199 2720 1293 2780; x_wconf 81' lang='grc' dir='ltr'><strong>καὶ</strong></span> <span class='ocrx_word' id='word_1_322' title='bbox 1334 2719 1581 2790; x_wconf 78' lang='grc' dir='ltr'><strong>κτίστην,</strong></span> 
     </span>
    </p>
   </div>
   <div class='ocr_carea' id='block_1_46' title="bbox 41 2810 1580 2890">
    <p class='ocr_par' dir='ltr' id='par_1_46' title="bbox 41 2810 1580 2890">
     <span class='ocr_line' id='line_1_46' title="bbox 41 2810 1580 2890; baseline -0.005 -21"><span class='ocrx_word' id='word_1_323' title='bbox 41 2819 108 2870; x_wconf 64' lang='grc' dir='ltr'><strong>καὶ</strong></span> <span class='ocrx_word' id='word_1_324' title='bbox 131 2819 452 2890; x_wconf 75' lang='grc' dir='ltr'><strong>δημιουργὸν</strong></span> <span class='ocrx_word' id='word_1_325' title='bbox 477 2817 628 2870; x_wconf 75' lang='grc' dir='ltr'><strong>ἴδιον.</strong></span> <span class='ocrx_word' id='word_1_326' title='bbox 655 2814 792 2868; x_wconf 75' lang='grc' dir='ltr'><strong>Οὔτε</strong></span> <span class='ocrx_word' id='word_1_327' title='bbox 824 2812 932 2884; x_wconf 83' lang='grc' dir='ltr'><strong>γὰρ</strong></span> <span class='ocrx_word' id='word_1_328' title='bbox 975 2813 1174 2882; x_wconf 80' lang='grc' dir='ltr'><strong>ἑαυτὴν</strong></span> <span class='ocrx_word' id='word_1_329' title='bbox 1227 2810 1580 2882; x_wconf 79' lang='grc' dir='ltr'><strong>ὑπερένδοξον</strong></span> 
     </span>
    </p>
   </div>
   <div class='ocr_carea' id='block_1_47' title="bbox 41 2901 1582 2978">
    <p class='ocr_par' dir='ltr' id='par_1_47' title="bbox 41 2901 1582 2978">
     <span class='ocr_line' id='line_1_47' title="bbox 41 2901 1582 2978; baseline -0.006 -16"><span class='ocrx_word' id='word_1_330' title='bbox 41 2911 230 2978; x_wconf 69' lang='grc' dir='ltr'><strong>ἡγεῖται,</strong></span> <span class='ocrx_word' id='word_1_331' title='bbox 247 2911 342 2964; x_wconf 69' lang='grc' dir='ltr'><strong>καὶ</strong></span> <span class='ocrx_word' id='word_1_332' title='bbox 365 2909 720 2978; x_wconf 80' lang='grc' dir='ltr'><strong>κοσμήτριαν</strong></span> <span class='ocrx_word' id='word_1_333' title='bbox 750 2903 846 2956; x_wconf 80' lang='grc' dir='ltr'><strong>τοῦ</strong></span> <span class='ocrx_word' id='word_1_334' title='bbox 879 2903 1008 2956; x_wconf 86' lang='grc' dir='ltr'><strong>ἰδίου</strong></span> <span class='ocrx_word' id='word_1_335' title='bbox 1033 2903 1200 2973; x_wconf 78' lang='grc' dir='ltr'><strong>αὐτῆς</strong></span> <span class='ocrx_word' id='word_1_336' title='bbox 1223 2901 1582 2972; x_wconf 81' lang='grc' dir='ltr'><strong>δημιουργοῦ·</strong></span> 
     </span>
    </p>
   </div>
   <div class='ocr_carea' id='block_1_48' title="bbox 43 2993 1586 3072">
    <p class='ocr_par' dir='ltr' id='par_1_48' title="bbox 43 2993 1586 3072">
     <span class='ocr_line' id='line_1_48' title="bbox 43 2993 1586 3072; baseline -0.004 -22"><span class='ocrx_word' id='word_1_337' title='bbox 43 3001 132 3052; x_wconf 60' lang='grc' dir='ltr'><strong>ἐπὶ</strong></span> <span class='ocrx_word' id='word_1_338' title='bbox 155 3003 212 3054; x_wconf 73' lang='grc' dir='ltr'><strong>ἄν</strong></span> <span class='ocrx_word' id='word_1_339' title='bbox 243 3000 444 3072; x_wconf 73' lang='grc' dir='ltr'><strong>ἑαυτὴν</strong></span> <span class='ocrx_word' id='word_1_340' title='bbox 467 2997 848 3070; x_wconf 82' lang='grc' dir='ltr'><strong>προσκυνητὴν</strong></span> <span class='ocrx_word' id='word_1_341' title='bbox 875 2997 1158 3066; x_wconf 79' lang='grc' dir='ltr'><strong>ἡγήσαιτο,</strong></span> <span class='ocrx_word' id='word_1_342' title='bbox 1191 2993 1251 3046; x_wconf 84' lang='grc' dir='ltr'><strong>οὐ</strong></span> <span class='ocrx_word' id='word_1_343' title='bbox 1286 2993 1392 3064; x_wconf 83' lang='grc' dir='ltr'><strong>μὴν</strong></span> <span class='ocrx_word' id='word_1_344' title='bbox 1417 3009 1586 3063; x_wconf 84' lang='grc' dir='ltr'><strong>προσ-</strong></span> 
     </span>
    </p>
   </div>
   <div class='ocr_carea' id='block_1_49' title="bbox 41 3085 1582 3162">
    <p class='ocr_par' dir='ltr' id='par_1_49' title="bbox 41 3085 1582 3162">
     <span class='ocr_line' id='line_1_49' title="bbox 41 3085 1582 3162; baseline -0.003 -18"><span class='ocrx_word' id='word_1_345' title='bbox 41 3093 233 3148; x_wconf 71' lang='grc' dir='ltr'><strong>κυνοῦσα</strong></span> <span class='ocrx_word' id='word_1_346' title='bbox 255 3095 345 3147; x_wconf 79' lang='grc' dir='ltr'><strong>τὸν</strong></span> <span class='ocrx_word' id='word_1_347' title='bbox 398 3090 898 3162; x_wconf 82' lang='grc' dir='ltr'><strong>προσκυνούμενον.</strong></span> <span class='ocrx_word' id='word_1_348' title='bbox 933 3089 1044 3142; x_wconf 73' lang='grc' dir='ltr'><strong>Καὶ</strong></span> <span class='ocrx_word' id='word_1_349' title='bbox 1073 3087 1250 3160; x_wconf 83' lang='grc' dir='ltr'><strong>μάτην</strong></span> <span class='ocrx_word' id='word_1_350' title='bbox 1281 3085 1422 3140; x_wconf 86' lang='grc' dir='ltr'><strong>κατά</strong></span> <span class='ocrx_word' id='word_1_351' title='bbox 1451 3087 1582 3140; x_wconf 77' lang='grc' dir='ltr'><strong>πᾶν·</strong></span> 
     </span>
    </p>
   </div>
   <div class='ocr_carea' id='block_1_50' title="bbox 43 3177 1087 3250">
    <p class='ocr_par' dir='ltr' id='par_1_50' title="bbox 43 3177 1087 3250">
     <span class='ocr_line' id='line_1_50' title="bbox 43 3177 1087 3250; baseline -0.001 -18"><span class='ocrx_word' id='word_1_352' title='bbox 43 3199 122 3233; x_wconf 78' lang='grc' dir='ltr'><strong>των</strong></span> <span class='ocrx_word' id='word_1_353' title='bbox 146 3183 286 3250; x_wconf 76' lang='grc' dir='ltr'><strong>λόγον</strong></span> <span class='ocrx_word' id='word_1_354' title='bbox 314 3184 514 3236; x_wconf 86' lang='grc' dir='ltr'><strong>κινεῖό</strong></span> <span class='ocrx_word' id='word_1_355' title='bbox 546 3181 636 3244; x_wconf 80' lang='grc' dir='ltr'><strong>σὸς</strong></span> <span class='ocrx_word' id='word_1_356' title='bbox 674 3179 854 3247; x_wconf 83' lang='grc' dir='ltr'><strong>λόγος,</strong></span> <span class='ocrx_word' id='word_1_357' title='bbox 893 3177 1087 3232; x_wconf 81' lang='grc' dir='ltr'><strong>Ἀἐτιε.</strong></span> 
     </span>
    </p>
   </div>
   <div class='ocr_carea' id='block_1_51' title="bbox 1685 1894 3274 1973">
    <p class='ocr_par' dir='ltr' id='par_1_51' title="bbox 1685 1894 3274 1973">
     <span class='ocr_line' id='line_1_51' title="bbox 1685 1894 3274 1973; baseline 0.005 -25"><span class='ocrx_word' id='word_1_358' title='bbox 1685 1909 1810 1948; x_wconf 90' lang='lat' dir='ltr'><strong>cum</strong></span> <span class='ocrx_word' id='word_1_359' title='bbox 1846 1894 2017 1951; x_wconf 87' lang='lat' dir='ltr'><strong>Filius</strong></span> <span class='ocrx_word' id='word_1_360' title='bbox 2043 1896 2266 1959; x_wconf 89' lang='lat' dir='ltr'><strong>dicitur,</strong></span> <span class='ocrx_word' id='word_1_361' title='bbox 2300 1909 2409 1950; x_wconf 84' lang='lat' dir='ltr'><strong>non</strong></span> <span class='ocrx_word' id='word_1_362' title='bbox 2437 1911 2642 1950; x_wconf 83' lang='lat' dir='ltr'><strong>meram</strong></span> <span class='ocrx_word' id='word_1_363' title='bbox 2675 1899 2750 1962; x_wconf 90' lang='lat' dir='ltr'><strong>id,</strong></span> <span class='ocrx_word' id='word_1_364' title='bbox 2784 1913 2847 1954; x_wconf 86' lang='lat' dir='ltr'><strong>ac</strong></span> <span class='ocrx_word' id='word_1_365' title='bbox 2877 1901 3050 1955; x_wconf 90' lang='lat' dir='ltr'><strong>solam</strong></span> <span class='ocrx_word' id='word_1_366' title='bbox 3083 1905 3274 1973; x_wconf 85' lang='lat' dir='ltr'><strong>appel-</strong></span> 
     </span>
    </p>
   </div>
   <div class='ocr_carea' id='block_1_52' title="bbox 1684 1985 3274 2058">
    <p class='ocr_par' dir='ltr' id='par_1_52' title="bbox 1684 1985 3274 2058">
     <span class='ocr_line' id='line_1_52' title="bbox 1684 1985 3274 2058; baseline 0.006 -20"><span class='ocrx_word' id='word_1_367' title='bbox 1684 1985 1946 2042; x_wconf 84' lang='lat' dir='ltr'><strong>lationem</strong></span> <span class='ocrx_word' id='word_1_368' title='bbox 1982 2003 2091 2058; x_wconf 83' lang='lat' dir='ltr'><strong>prae</strong></span> <span class='ocrx_word' id='word_1_369' title='bbox 2123 2003 2184 2044; x_wconf 88' lang='lat' dir='ltr'><strong>se</strong></span> <span class='ocrx_word' id='word_1_370' title='bbox 2213 1987 2358 2042; x_wconf 82' lang='lat' dir='ltr'><strong>ferre</strong></span> <span class='ocrx_word' id='word_1_371' title='bbox 2379 1988 2682 2057; x_wconf 83' lang='lat' dir='ltr'><strong>putandum</strong></span> <span class='ocrx_word' id='word_1_372' title='bbox 2715 1998 2820 2046; x_wconf 91' lang='lat' dir='ltr'><strong>est.</strong></span> <span class='ocrx_word' id='word_1_373' title='bbox 2851 1990 3122 2057; x_wconf 86' lang='lat' dir='ltr'><strong>Quocirca</strong></span> <span class='ocrx_word' id='word_1_374' title='bbox 3151 2009 3274 2048; x_wconf 88' lang='lat' dir='ltr'><strong>cum</strong></span> 
     </span>
    </p>
   </div>
   <div class='ocr_carea' id='block_1_53' title="bbox 1683 2077 3275 2158">
    <p class='ocr_par' dir='ltr' id='par_1_53' title="bbox 1683 2077 3275 2158">
     <span class='ocr_line' id='line_1_53' title="bbox 1683 2077 3275 2158; baseline 0.005 -26"><span class='ocrx_word' id='word_1_375' title='bbox 1683 2078 1884 2132; x_wconf 88' lang='lat' dir='ltr'><strong>unicus</strong></span> <span class='ocrx_word' id='word_1_376' title='bbox 1936 2077 2032 2133; x_wconf 87' lang='lat' dir='ltr'><strong>Dei</strong></span> <span class='ocrx_word' id='word_1_377' title='bbox 2079 2077 2272 2144; x_wconf 84' lang='lat' dir='ltr'><strong>Filius,</strong></span> <span class='ocrx_word' id='word_1_378' title='bbox 2321 2088 2381 2134; x_wconf 88' lang='lat' dir='ltr'><strong>ttt</strong></span> <span class='ocrx_word' id='word_1_379' title='bbox 2423 2089 2480 2136; x_wconf 85' lang='lat' dir='ltr'><strong>et</strong></span> <span class='ocrx_word' id='word_1_380' title='bbox 2529 2081 2768 2151; x_wconf 85' lang='lat' dir='ltr'><strong>Spiritus</strong></span> <span class='ocrx_word' id='word_1_381' title='bbox 2811 2092 3061 2147; x_wconf 86' lang='lat' dir='ltr'><strong>sanctus,</strong></span> <span class='ocrx_word' id='word_1_382' title='bbox 3097 2101 3275 2158; x_wconf 76' lang='lat' dir='ltr'><strong>neque</strong></span> 
     </span>
    </p>
   </div>
   <div class='ocr_carea' id='block_1_54' title="bbox 1683 2173 3262 2245">
    <p class='ocr_par' dir='ltr' id='par_1_54' title="bbox 1683 2173 3262 2245">
     <span class='ocr_line' id='line_1_54' title="bbox 1683 2173 3262 2245; baseline 0.003 -19"><span class='ocrx_word' id='word_1_383' title='bbox 1683 2185 1877 2242; x_wconf 81' lang='lat' dir='ltr'><strong>reapse</strong></span> <span class='ocrx_word' id='word_1_384' title='bbox 1909 2187 2019 2226; x_wconf 88' lang='lat' dir='ltr'><strong>non</strong></span> <span class='ocrx_word' id='word_1_385' title='bbox 2049 2173 2302 2236; x_wconf 78' lang='lat' dir='ltr'><strong>exsistat,</strong></span> <span class='ocrx_word' id='word_1_386' title='bbox 2337 2189 2512 2244; x_wconf 88' lang='lat' dir='ltr'><strong>neque</strong></span> <span class='ocrx_word' id='word_1_387' title='bbox 2544 2174 2690 2228; x_wconf 85' lang='lat' dir='ltr'><strong>nuda</strong></span> <span class='ocrx_word' id='word_1_388' title='bbox 2721 2175 3080 2245; x_wconf 81' lang='lat' dir='ltr'><strong>appellatione</strong></span> <span class='ocrx_word' id='word_1_389' title='bbox 3110 2177 3262 2232; x_wconf 88' lang='lat' dir='ltr'><strong>dica-</strong></span> 
     </span>
    </p>
   </div>
   <div class='ocr_carea' id='block_1_55' title="bbox 1683 2263 3275 2338">
    <p class='ocr_par' dir='ltr' id='par_1_55' title="bbox 1683 2263 3275 2338">
     <span class='ocr_line' id='line_1_55' title="bbox 1683 2263 3275 2338; baseline 0.005 -23"><span class='ocrx_word' id='word_1_390' title='bbox 1683 2271 1798 2325; x_wconf 89' lang='lat' dir='ltr'><strong>tur,</strong></span> <span class='ocrx_word' id='word_1_391' title='bbox 1833 2277 1962 2317; x_wconf 89' lang='lat' dir='ltr'><strong>cum</strong></span> <span class='ocrx_word' id='word_1_392' title='bbox 1989 2263 2170 2318; x_wconf 80' lang='lat' dir='ltr'><strong>Patris</strong></span> <span class='ocrx_word' id='word_1_393' title='bbox 2209 2266 2382 2335; x_wconf 81' lang='lat' dir='ltr'><strong>gloria</strong></span> <span class='ocrx_word' id='word_1_394' title='bbox 2425 2265 2758 2334; x_wconf 86' lang='lat' dir='ltr'><strong>conjunctus</strong></span> <span class='ocrx_word' id='word_1_395' title='bbox 2807 2273 2914 2331; x_wconf 88' lang='lat' dir='ltr'><strong>est,</strong></span> <span class='ocrx_word' id='word_1_396' title='bbox 2949 2283 3124 2338; x_wconf 84' lang='lat' dir='ltr'><strong>neque</strong></span> <span class='ocrx_word' id='word_1_397' title='bbox 3149 2285 3275 2323; x_wconf 91' lang='lat' dir='ltr'><strong>cum</strong></span> 
     </span>
    </p>
   </div>
   <div class='ocr_carea' id='block_1_56' title="bbox 1685 2359 3278 2427">
    <p class='ocr_par' dir='ltr' id='par_1_56' title="bbox 1685 2359 3278 2427">
     <span class='ocr_line' id='line_1_56' title="bbox 1685 2359 3278 2427; baseline 0.003 -19"><span class='ocrx_word' id='word_1_398' title='bbox 1685 2365 1998 2410; x_wconf 84' lang='lat' dir='ltr'><strong>creatarum</strong></span> <span class='ocrx_word' id='word_1_399' title='bbox 2031 2371 2214 2409; x_wconf 88' lang='lat' dir='ltr'><strong>rerum</strong></span> <span class='ocrx_word' id='word_1_400' title='bbox 2251 2359 2620 2427; x_wconf 86' lang='lat' dir='ltr'><strong>appellatione</strong></span> <span class='ocrx_word' id='word_1_401' title='bbox 2649 2359 2932 2417; x_wconf 78' lang='lat' dir='ltr'><strong>confusus.</strong></span> <span class='ocrx_word' id='word_1_402' title='bbox 2971 2359 3106 2412; x_wconf 85' lang='lat' dir='ltr'><strong>Nam</strong></span> <span class='ocrx_word' id='word_1_403' title='bbox 3140 2361 3278 2415; x_wconf 85' lang='lat' dir='ltr'><strong>divi—</strong></span> 
     </span>
    </p>
   </div>
   <div class='ocr_carea' id='block_1_57' title="bbox 1685 2444 3274 2519">
    <p class='ocr_par' dir='ltr' id='par_1_57' title="bbox 1685 2444 3274 2519">
     <span class='ocr_line' id='line_1_57' title="bbox 1685 2444 3274 2519; baseline 0.005 -22"><span class='ocrx_word' id='word_1_404' title='bbox 1685 2444 1830 2498; x_wconf 85' lang='lat' dir='ltr'><strong>nitas</strong></span> <span class='ocrx_word' id='word_1_405' title='bbox 1865 2461 2042 2514; x_wconf 91' lang='lat' dir='ltr'><strong>nequc</strong></span> <span class='ocrx_word' id='word_1_406' title='bbox 2069 2445 2251 2500; x_wconf 80' lang='lat' dir='ltr'><strong>eli&#39;erri</strong></span> <span class='ocrx_word' id='word_1_407' title='bbox 2283 2463 2404 2502; x_wconf 90' lang='lat' dir='ltr'><strong>sese</strong></span> <span class='ocrx_word' id='word_1_408' title='bbox 2431 2449 2691 2518; x_wconf 85' lang='lat' dir='ltr'><strong>postulat,</strong></span> <span class='ocrx_word' id='word_1_409' title='bbox 2723 2451 2882 2519; x_wconf 89' lang='lat' dir='ltr'><strong>quasi</strong></span> <span class='ocrx_word' id='word_1_410' title='bbox 2917 2465 3028 2504; x_wconf 87' lang='lat' dir='ltr'><strong>non</strong></span> <span class='ocrx_word' id='word_1_411' title='bbox 3054 2451 3146 2514; x_wconf 88' lang='lat' dir='ltr'><strong>sit,</strong></span> <span class='ocrx_word' id='word_1_412' title='bbox 3181 2467 3274 2505; x_wconf 87' lang='lat' dir='ltr'><strong>ne—</strong></span> 
     </span>
    </p>
   </div>
   <div class='ocr_carea' id='block_1_58' title="bbox 1685 2537 3269 2612">
    <p class='ocr_par' dir='ltr' id='par_1_58' title="bbox 1685 2537 3269 2612">
     <span class='ocr_line' id='line_1_58' title="bbox 1685 2537 3269 2612; baseline 0.004 -24"><span class='ocrx_word' id='word_1_413' title='bbox 1685 2552 1792 2604; x_wconf 89' lang='lat' dir='ltr'><strong>que</strong></span> <span class='ocrx_word' id='word_1_414' title='bbox 1821 2537 2210 2592; x_wconf 88' lang='lat' dir='ltr'><strong>sublimitatem</strong></span> <span class='ocrx_word' id='word_1_415' title='bbox 2254 2541 2503 2608; x_wconf 85' lang='lat' dir='ltr'><strong>requirit,</strong></span> <span class='ocrx_word' id='word_1_416' title='bbox 2541 2541 2665 2596; x_wconf 89' lang='lat' dir='ltr'><strong>licet</strong></span> <span class='ocrx_word' id='word_1_417' title='bbox 2697 2542 2766 2596; x_wconf 90' lang='lat' dir='ltr'><strong>ab</strong></span> <span class='ocrx_word' id='word_1_418' title='bbox 2799 2541 3006 2612; x_wconf 81' lang='lat' dir='ltr'><strong>ignaris</strong></span> <span class='ocrx_word' id='word_1_419' title='bbox 3039 2543 3269 2612; x_wconf 76' lang='lat' dir='ltr'><strong>quibtts~</strong></span> 
     </span>
    </p>
   </div>
   <div class='ocr_carea' id='block_1_59' title="bbox 1685 2626 3274 2700">
    <p class='ocr_par' dir='ltr' id='par_1_59' title="bbox 1685 2626 3274 2700">
     <span class='ocr_line' id='line_1_59' title="bbox 1685 2626 3274 2700; baseline 0.002 -20"><span class='ocrx_word' id='word_1_420' title='bbox 1685 2626 1808 2680; x_wconf 89' lang='lat' dir='ltr'><strong>dam</strong></span> <span class='ocrx_word' id='word_1_421' title='bbox 1834 2627 2184 2696; x_wconf 68' lang='lat' dir='ltr'><strong>praedicando</strong></span> <span class='ocrx_word' id='word_1_422' title='bbox 2211 2643 2320 2683; x_wconf 91' lang='lat' dir='ltr'><strong>non</strong></span> <span class='ocrx_word' id='word_1_423' title='bbox 2355 2632 2668 2696; x_wconf 84' lang='lat' dir='ltr'><strong>attollatur;</strong></span> <span class='ocrx_word' id='word_1_424' title='bbox 2701 2646 2878 2700; x_wconf 89' lang='lat' dir='ltr'><strong>neque</strong></span> <span class='ocrx_word' id='word_1_425' title='bbox 2903 2633 3067 2685; x_wconf 88' lang='lat' dir='ltr'><strong>ullius</strong></span> <span class='ocrx_word' id='word_1_426' title='bbox 3097 2631 3274 2685; x_wconf 49' lang='lat' dir='ltr'><strong>hontia</strong></span> 
     </span>
    </p>
   </div>
   <div class='ocr_carea' id='block_1_60' title="bbox 1685 2717 3265 2787">
    <p class='ocr_par' dir='ltr' id='par_1_60' title="bbox 1685 2717 3265 2787">
     <span class='ocr_line' id='line_1_60' title="bbox 1685 2717 3265 2787; baseline 0.003 -17"><span class='ocrx_word' id='word_1_427' title='bbox 1685 2717 1776 2772; x_wconf 88' lang='lat' dir='ltr'><strong>nis</strong></span> <span class='ocrx_word' id='word_1_428' title='bbox 1829 2719 2272 2787; x_wconf 87' lang='lat' dir='ltr'><strong>pronuntiatione</strong></span> <span class='ocrx_word' id='word_1_429' title='bbox 2319 2721 2624 2776; x_wconf 86' lang='lat' dir='ltr'><strong>divinitatis</strong></span> <span class='ocrx_word' id='word_1_430' title='bbox 2678 2722 2983 2776; x_wconf 88' lang='lat' dir='ltr'><strong>substantia</strong></span> <span class='ocrx_word' id='word_1_431' title='bbox 3027 2731 3265 2776; x_wconf 83' lang='lat' dir='ltr'><strong>constat.</strong></span> 
     </span>
    </p>
   </div>
   <div class='ocr_carea' id='block_1_61' title="bbox 1685 2806 3271 2882">
    <p class='ocr_par' dir='ltr' id='par_1_61' title="bbox 1685 2806 3271 2882">
     <span class='ocr_line' id='line_1_61' title="bbox 1685 2806 3271 2882; baseline 0.002 -21"><span class='ocrx_word' id='word_1_432' title='bbox 1685 2806 1804 2862; x_wconf 87' lang='lat' dir='ltr'><strong>Non</strong></span> <span class='ocrx_word' id='word_1_433' title='bbox 1841 2808 1988 2862; x_wconf 90' lang='lat' dir='ltr'><strong>enim</strong></span> <span class='ocrx_word' id='word_1_434' title='bbox 2031 2809 2310 2864; x_wconf 87' lang='lat' dir='ltr'><strong>hominum</strong></span> <span class='ocrx_word' id='word_1_435' title='bbox 2351 2821 2742 2867; x_wconf 70' lang='lat' dir='ltr'><strong>caeterorumve</strong></span> <span class='ocrx_word' id='word_1_436' title='bbox 2789 2811 3022 2882; x_wconf 87' lang='lat' dir='ltr'><strong>prolatio</strong></span> <span class='ocrx_word' id='word_1_437' title='bbox 3046 2813 3271 2880; x_wconf 84' lang='lat' dir='ltr'><strong>gloriari</strong></span> 
     </span>
    </p>
   </div>
   <div class='ocr_carea' id='block_1_62' title="bbox 1685 2899 3277 2974">
    <p class='ocr_par' dir='ltr' id='par_1_62' title="bbox 1685 2899 3277 2974">
     <span class='ocr_line' id='line_1_62' title="bbox 1685 2899 3277 2974; baseline 0.001 -20"><span class='ocrx_word' id='word_1_438' title='bbox 1685 2902 1883 2969; x_wconf 82' lang='lat' dir='ltr'><strong>poterit</strong></span> <span class='ocrx_word' id='word_1_439' title='bbox 1919 2899 2027 2954; x_wconf 81' lang='lat' dir='ltr'><strong>Deo</strong></span> <span class='ocrx_word' id='word_1_440' title='bbox 2079 2917 2160 2965; x_wconf 86' lang='lat' dir='ltr'><strong>se,</strong></span> <span class='ocrx_word' id='word_1_441' title='bbox 2209 2903 2354 2956; x_wconf 85' lang='lat' dir='ltr'><strong>velut</strong></span> <span class='ocrx_word' id='word_1_442' title='bbox 2397 2903 2682 2972; x_wconf 81' lang='lat' dir='ltr'><strong>indigenti,</strong></span> <span class='ocrx_word' id='word_1_443' title='bbox 2733 2903 2958 2974; x_wconf 75' lang='lat' dir='ltr'><strong>gloriam</strong></span> <span class='ocrx_word' id='word_1_444' title='bbox 2999 2901 3277 2972; x_wconf 87' lang='lat' dir='ltr'><strong>decusque</strong></span> 
     </span>
    </p>
   </div>
   <div class='ocr_carea' id='block_1_63' title="bbox 1689 2994 3278 3065">
    <p class='ocr_par' dir='ltr' id='par_1_63' title="bbox 1689 2994 3278 3065">
     <span class='ocr_line' id='line_1_63' title="bbox 1689 2994 3278 3065; baseline 0.001 -21"><span class='ocrx_word' id='word_1_445' title='bbox 1689 2994 1970 3050; x_wconf 88' lang='lat' dir='ltr'><strong>tribuisse.</strong></span> <span class='ocrx_word' id='word_1_446' title='bbox 2005 3001 2100 3046; x_wconf 88' lang='lat' dir='ltr'><strong>aut</strong></span> <span class='ocrx_word' id='word_1_447' title='bbox 2132 2994 2306 3048; x_wconf 90' lang='lat' dir='ltr'><strong>cidem</strong></span> <span class='ocrx_word' id='word_1_448' title='bbox 2343 2997 2725 3065; x_wconf 87' lang='lat' dir='ltr'><strong>omnipotenti,</strong></span> <span class='ocrx_word' id='word_1_449' title='bbox 2755 2995 3142 3064; x_wconf 87' lang='lat' dir='ltr'><strong>adorandoque</strong></span> <span class='ocrx_word' id='word_1_450' title='bbox 3169 2994 3278 3048; x_wconf 82' lang='lat' dir='ltr'><strong>Deo</strong></span> 
     </span>
    </p>
   </div>
   <div class='ocr_carea' id='block_1_64' title="bbox 1690 3085 3274 3158">
    <p class='ocr_par' dir='ltr' id='par_1_64' title="bbox 1690 3085 3274 3158">
     <span class='ocr_line' id='line_1_64' title="bbox 1690 3085 3274 3158; baseline 0.001 -20"><span class='ocrx_word' id='word_1_451' title='bbox 1690 3095 1996 3140; x_wconf 77' lang='lat' dir='ltr'><strong>ornamenti</strong></span> <span class='ocrx_word' id='word_1_452' title='bbox 2037 3085 2242 3155; x_wconf 85' lang='lat' dir='ltr'><strong>aliquid</strong></span> <span class='ocrx_word' id='word_1_453' title='bbox 2279 3087 2564 3142; x_wconf 87' lang='lat' dir='ltr'><strong>attulisse:</strong></span> <span class='ocrx_word' id='word_1_454' title='bbox 2628 3103 2788 3158; x_wconf 87' lang='lat' dir='ltr'><strong>quem</strong></span> <span class='ocrx_word' id='word_1_455' title='bbox 2829 3087 3048 3157; x_wconf 87' lang='lat' dir='ltr'><strong>quidem</strong></span> <span class='ocrx_word' id='word_1_456' title='bbox 3080 3087 3274 3150; x_wconf 84' lang='lat' dir='ltr'><strong>Deum,</strong></span> 
     </span>
    </p>
   </div>
   <div class='ocr_carea' id='block_1_65' title="bbox 1615 3168 3276 3248">
    <p class='ocr_par' dir='ltr' id='par_1_65' title="bbox 1615 3168 3276 3248">
     <span class='ocr_line' id='line_1_65' title="bbox 1615 3168 3276 3248; baseline 0.001 -20"><span class='ocrx_word' id='word_1_457' title='bbox 1615 3168 1659 3228; x_wconf 90' lang='lat' dir='ltr'><strong>C</strong></span> <span class='ocrx_word' id='word_1_458' title='bbox 1693 3185 1747 3230; x_wconf 91' lang='lat' dir='ltr'><strong>et</strong></span> <span class='ocrx_word' id='word_1_459' title='bbox 1796 3187 2094 3232; x_wconf 86' lang='lat' dir='ltr'><strong>creatorem</strong></span> <span class='ocrx_word' id='word_1_460' title='bbox 2141 3177 2593 3248; x_wconf 86' lang='lat' dir='ltr'><strong>conditoremque</strong></span> <span class='ocrx_word' id='word_1_461' title='bbox 2641 3193 2799 3234; x_wconf 86' lang='lat' dir='ltr'><strong>suum</strong></span> <span class='ocrx_word' id='word_1_462' title='bbox 2835 3177 3102 3248; x_wconf 79' lang='lat' dir='ltr'><strong>agnoscit.</strong></span> <span class='ocrx_word' id='word_1_463' title='bbox 3157 3175 3276 3230; x_wconf 78' lang='lat' dir='ltr'><strong>Non</strong></span> 
     </span>
    </p>
   </div>
   <div class='ocr_carea' id='block_1_66' title="bbox 43 3269 3280 3350">
    <p class='ocr_par' dir='ltr' id='par_1_66' title="bbox 43 3269 3280 3350">
     <span class='ocr_line' id='line_1_66' title="bbox 43 3269 3280 3350; baseline -0.001 -22"><span class='ocrx_word' id='word_1_464' title='bbox 43 3281 168 3342; x_wconf 79' lang='lat' dir='ltr'><strong>enim,</strong></span> <span class='ocrx_word' id='word_1_465' title='bbox 197 3280 410 3350; x_wconf 85' lang='lat' dir='ltr'><strong>opinor,</strong></span> <span class='ocrx_word' id='word_1_466' title='bbox 439 3285 551 3331; x_wconf 83' lang='lat' dir='ltr'><strong>tam</strong></span> <span class='ocrx_word' id='word_1_467' title='bbox 590 3275 866 3346; x_wconf 79' lang='lat' dir='ltr'><strong>exquisito</strong></span> <span class='ocrx_word' id='word_1_468' title='bbox 895 3289 954 3330; x_wconf 87' lang='lat' dir='ltr'><strong>se</strong></span> <span class='ocrx_word' id='word_1_469' title='bbox 985 3271 1276 3344; x_wconf 87' lang='lat' dir='ltr'><strong>splendore</strong></span> <span class='ocrx_word' id='word_1_470' title='bbox 1301 3269 1582 3342; x_wconf 87' lang='lat' dir='ltr'><strong>praeditam</strong></span> <span class='ocrx_word' id='word_1_471' title='bbox 1623 3273 1922 3336; x_wconf 75' lang='lat' dir='ltr'><strong>existimat,</strong></span> <span class='ocrx_word' id='word_1_472' title='bbox 1963 3281 2018 3326; x_wconf 92' lang='grc' dir='ltr'><strong>ιιι</strong></span> <span class='ocrx_word' id='word_1_473' title='bbox 2042 3273 2203 3326; x_wconf 87' lang='lat' dir='ltr'><strong>etiam</strong></span> <span class='ocrx_word' id='word_1_474' title='bbox 2262 3274 2600 3327; x_wconf 80' lang='lat' dir='ltr'><strong>conditorem</strong></span> <span class='ocrx_word' id='word_1_475' title='bbox 2655 3287 2814 3327; x_wconf 89' lang='lat' dir='ltr'><strong>suum</strong></span> <span class='ocrx_word' id='word_1_476' title='bbox 2857 3287 3122 3325; x_wconf 70' lang='lat' dir='ltr'><strong>exornare</strong></span> <span class='ocrx_word' id='word_1_477' title='bbox 3155 3286 3280 3341; x_wconf 87' lang='lat' dir='ltr'><strong>pos-</strong></span> 
     </span>
    </p>
   </div>
   <div class='ocr_carea' id='block_1_67' title="bbox 45 3363 3280 3442">
    <p class='ocr_par' dir='ltr' id='par_1_67' title="bbox 45 3363 3280 3442">
     <span class='ocr_line' id='line_1_67' title="bbox 45 3363 3280 3442; baseline 0.001 -20"><span class='ocrx_word' id='word_1_478' title='bbox 45 3371 106 3423; x_wconf 81' lang='lat' dir='ltr'><strong>sit.</strong></span> <span class='ocrx_word' id='word_1_479' title='bbox 147 3373 346 3442; x_wconf 78' lang='lat' dir='ltr'><strong>Alioqui</strong></span> <span class='ocrx_word' id='word_1_480' title='bbox 383 3369 738 3439; x_wconf 78' lang='lat' dir='ltr'><strong>semetipsum</strong></span> <span class='ocrx_word' id='word_1_481' title='bbox 772 3367 1106 3421; x_wconf 87' lang='lat' dir='ltr'><strong>adorandam</strong></span> <span class='ocrx_word' id='word_1_482' title='bbox 1147 3381 1271 3420; x_wconf 89' lang='lat' dir='ltr'><strong>esse</strong></span> <span class='ocrx_word' id='word_1_483' title='bbox 1303 3363 1572 3430; x_wconf 88' lang='lat' dir='ltr'><strong>crederet,</strong></span> <span class='ocrx_word' id='word_1_484' title='bbox 1615 3381 1722 3420; x_wconf 92' lang='lat' dir='ltr'><strong>non</strong></span> <span class='ocrx_word' id='word_1_485' title='bbox 1773 3382 1919 3430; x_wconf 88' lang='lat' dir='ltr'><strong>eum,</strong></span> <span class='ocrx_word' id='word_1_486' title='bbox 1989 3383 2148 3436; x_wconf 81' lang='lat' dir='ltr'><strong>quem</strong></span> <span class='ocrx_word' id='word_1_487' title='bbox 2219 3367 2424 3434; x_wconf 80' lang='lat' dir='ltr'><strong>adorat,</strong></span> <span class='ocrx_word' id='word_1_488' title='bbox 2461 3380 2834 3428; x_wconf 65' lang='lat' dir='ltr'><strong>veneraretur.</strong></span> <span class='ocrx_word' id='word_1_489' title='bbox 2869 3372 3048 3440; x_wconf 86' lang='lat' dir='ltr'><strong>Quare</strong></span> <span class='ocrx_word' id='word_1_490' title='bbox 3079 3375 3280 3429; x_wconf 81' lang='lat' dir='ltr'><strong>frustra</strong></span> 
     </span>
    </p>
   </div>
   <div class='ocr_carea' id='block_1_68' title="bbox 45 3459 1406 3526">
    <p class='ocr_par' dir='ltr' id='par_1_68' title="bbox 45 3459 1406 3526">
     <span class='ocr_line' id='line_1_68' title="bbox 45 3459 1406 3526; baseline -0.003 -8"><span class='ocrx_word' id='word_1_491' title='bbox 45 3463 255 3520; x_wconf 72' lang='lat' dir='ltr'><strong>adtersus</strong></span> <span class='ocrx_word' id='word_1_492' title='bbox 283 3479 482 3520; x_wconf 88' lang='lat' dir='ltr'><strong>omnes</strong></span> <span class='ocrx_word' id='word_1_493' title='bbox 509 3471 626 3526; x_wconf 87' lang='lat' dir='ltr'><strong>tua,</strong></span> <span class='ocrx_word' id='word_1_494' title='bbox 659 3478 692 3518; x_wconf 90' lang='grc' dir='ltr'><strong>ο</strong></span> <span class='ocrx_word' id='word_1_495' title='bbox 723 3463 864 3524; x_wconf 82' lang='grc' dir='ltr'><strong>Αειί,</strong></span> <span class='ocrx_word' id='word_1_496' title='bbox 898 3459 1181 3516; x_wconf 81' lang='lat' dir='ltr'><strong>contendit</strong></span> <span class='ocrx_word' id='word_1_497' title='bbox 1209 3459 1406 3514; x_wconf 89' lang='lat' dir='ltr'><strong>oratio.</strong></span> 
     </span>
    </p>
   </div>
   <div class='ocr_carea' id='block_1_69' title="bbox 355 3571 1214 3628">
    <p class='ocr_par' dir='ltr' id='par_1_69' title="bbox 355 3571 1214 3628">
     <span class='ocr_line' id='line_1_69' title="bbox 355 3571 1214 3628; baseline -0.003 -1"><span class='ocrx_word' id='word_1_498' title='bbox 355 3571 764 3628; x_wconf 76' lang='grc' dir='ltr'><strong>ΚΕΦΑΛΑΙΟΝ</strong></span> <span class='ocrx_word' id='word_1_499' title='bbox 793 3571 1052 3624; x_wconf 84' lang='grc' dir='ltr'><strong>ΑΕἸΊΟΥ</strong></span> <span class='ocrx_word' id='word_1_500' title='bbox 1085 3571 1214 3624; x_wconf 83' lang='lat' dir='ltr'><strong>KZ&#39;.</strong></span> 
     </span>
    </p>
   </div>
   <div class='ocr_carea' id='block_1_70' title="bbox 93 3661 1584 3734">
    <p class='ocr_par' dir='ltr' id='par_1_70' title="bbox 93 3661 1584 3734">
     <span class='ocr_line' id='line_1_70' title="bbox 93 3661 1584 3734; baseline -0.003 -16"><span class='ocrx_word' id='word_1_501' title='bbox 93 3665 142 3718; x_wconf 81' lang='lat' dir='ltr'><strong>Ei</strong></span> <span class='ocrx_word' id='word_1_502' title='bbox 181 3667 335 3720; x_wconf 76' lang='grc' dir='ltr'><strong>παντὶ</strong></span> <span class='ocrx_word' id='word_1_503' title='bbox 364 3663 614 3734; x_wconf 77' lang='grc' dir='ltr'><strong>γεννητῷ</strong></span> <span class='ocrx_word' id='word_1_504' title='bbox 641 3663 796 3716; x_wconf 87' lang='grc' dir='ltr'><strong>αἰτία</strong></span> <span class='ocrx_word' id='word_1_505' title='bbox 830 3662 1298 3733; x_wconf 76' lang='grc' dir='ltr'><strong>συγκεκλήρωται,</strong></span> <span class='ocrx_word' id='word_1_506' title='bbox 1343 3661 1584 3725; x_wconf 80' lang='grc' dir='ltr'><strong>ἀναίτιος</strong></span> 
     </span>
    </p>
   </div>
   <div class='ocr_carea' id='block_1_71' title="bbox 45 3753 1571 3830">
    <p class='ocr_par' dir='ltr' id='par_1_71' title="bbox 45 3753 1571 3830">
     <span class='ocr_line' id='line_1_71' title="bbox 45 3753 1571 3830; baseline -0.003 -20"><span class='ocrx_word' id='word_1_507' title='bbox 45 3755 86 3810; x_wconf 72' lang='grc' dir='ltr'><strong>δέ</strong></span> <span class='ocrx_word' id='word_1_508' title='bbox 107 3759 136 3826; x_wconf 73' lang='grc' dir='ltr'>ἡ</span> <span class='ocrx_word' id='word_1_509' title='bbox 161 3757 449 3830; x_wconf 75' lang='grc' dir='ltr'><strong>ἀγιννητος</strong></span> <span class='ocrx_word' id='word_1_510' title='bbox 463 3756 648 3825; x_wconf 81' lang='grc' dir='ltr'><strong>φύσις·</strong></span> <span class='ocrx_word' id='word_1_511' title='bbox 666 3755 768 3808; x_wconf 81' lang='grc' dir='ltr'><strong>οὐκ</strong></span> <span class='ocrx_word' id='word_1_512' title='bbox 794 3754 978 3808; x_wconf 86' lang='grc' dir='ltr'><strong>αἰτίαν</strong></span> <span class='ocrx_word' id='word_1_513' title='bbox 997 3753 1148 3824; x_wconf 80' lang='grc' dir='ltr'><strong>δηλοῖ</strong></span> <span class='ocrx_word' id='word_1_514' title='bbox 1166 3753 1227 3808; x_wconf 87' lang='grc' dir='ltr'><strong>τὸ</strong></span> <span class='ocrx_word' id='word_1_515' title='bbox 1253 3755 1571 3824; x_wconf 81' lang='grc' dir='ltr'><strong>ἀγέννητον,</strong></span> 
     </span>
    </p>
   </div>
   <div class='ocr_carea' id='block_1_72' title="bbox 45 3847 780 3918">
    <p class='ocr_par' dir='ltr' id='par_1_72' title="bbox 45 3847 780 3918">
     <span class='ocr_line' id='line_1_72' title="bbox 45 3847 780 3918; baseline 0.001 -17"><span class='ocrx_word' id='word_1_516' title='bbox 45 3847 146 3901; x_wconf 73' lang='grc' dir='ltr'><strong>ἀλλά</strong></span> <span class='ocrx_word' id='word_1_517' title='bbox 167 3849 461 3904; x_wconf 78' lang='grc' dir='ltr'><strong>ὑπόστασιν</strong></span> <span class='ocrx_word' id='word_1_518' title='bbox 501 3847 780 3918; x_wconf 86' lang='grc' dir='ltr'><strong>σημαίνει.</strong></span> 
     </span>
    </p>
   </div>
   <div class='ocr_carea' id='block_1_73' title="bbox 558 4045 1056 4115">
    <p class='ocr_par' dir='ltr' id='par_1_73' title="bbox 558 4045 1056 4115">
     <span class='ocr_line' id='line_1_73' title="bbox 558 4045 1056 4115; baseline -0.004 -12"><span class='ocrx_word' id='word_1_519' title='bbox 558 4045 891 4115; x_wconf 74' lang='grc' dir='ltr'><strong>Ἀνατροπὴ</strong></span> <span class='ocrx_word' id='word_1_520' title='bbox 929 4047 1056 4101; x_wconf 86' lang='lat' dir='ltr'><strong>KZ&#39;.</strong></span> 
     </span>
    </p>
   </div>
   <div class='ocr_carea' id='block_1_74' title="bbox 95 4133 1580 4212">
    <p class='ocr_par' dir='ltr' id='par_1_74' title="bbox 95 4133 1580 4212">
     <span class='ocr_line' id='line_1_74' title="bbox 95 4133 1580 4212; baseline -0.003 -20"><span class='ocrx_word' id='word_1_521' title='bbox 95 4141 186 4194; x_wconf 73' lang='lat' dir='ltr'><strong>Kal.</strong></span> <span class='ocrx_word' id='word_1_522' title='bbox 215 4143 376 4196; x_wconf 80' lang='grc' dir='ltr'><strong>παντὶ</strong></span> <span class='ocrx_word' id='word_1_523' title='bbox 411 4139 660 4212; x_wconf 82' lang='grc' dir='ltr'><strong>γεννητῷ</strong></span> <span class='ocrx_word' id='word_1_524' title='bbox 685 4137 836 4191; x_wconf 81' lang='grc' dir='ltr'><strong>αἰτία</strong></span> <span class='ocrx_word' id='word_1_525' title='bbox 864 4134 1334 4206; x_wconf 83' lang='grc' dir='ltr'><strong>συγκεκλήρωται,</strong></span> <span class='ocrx_word' id='word_1_526' title='bbox 1359 4133 1453 4188; x_wconf 60' lang='grc' dir='ltr'><strong>καὶ⁸</strong></span> <span class='ocrx_word' id='word_1_527' title='bbox 1482 4135 1580 4206; x_wconf 82' lang='grc' dir='ltr'><strong>οὐχ</strong></span> 
     </span>
    </p>
   </div>
   <div class='ocr_carea' id='block_1_75' title="bbox 47 4226 1580 4302">
    <p class='ocr_par' dir='ltr' id='par_1_75' title="bbox 47 4226 1580 4302">
     <span class='ocr_line' id='line_1_75' title="bbox 47 4226 1580 4302; baseline -0.001 -22"><span class='ocrx_word' id='word_1_528' title='bbox 47 4231 366 4302; x_wconf 71' lang='grc' dir='ltr'><strong>ἰμολογοῦμεν</strong></span> <span class='ocrx_word' id='word_1_529' title='bbox 389 4231 577 4296; x_wconf 76' lang='grc' dir='ltr'><strong>τοῦτο,</strong></span> <span class='ocrx_word' id='word_1_530' title='bbox 607 4231 684 4294; x_wconf 88' lang='grc' dir='ltr'><strong>ὡς</strong></span> <span class='ocrx_word' id='word_1_531' title='bbox 714 4229 822 4284; x_wconf 80' lang='grc' dir='ltr'><strong>ἀπὸ</strong></span> <span class='ocrx_word' id='word_1_532' title='bbox 845 4228 940 4282; x_wconf 86' lang='grc' dir='ltr'>σοῦ</span> <span class='ocrx_word' id='word_1_533' title='bbox 971 4226 1371 4299; x_wconf 84' lang='grc' dir='ltr'><strong>μεμαθηκότες.</strong></span> <span class='ocrx_word' id='word_1_534' title='bbox 1433 4227 1580 4298; x_wconf 83' lang='grc' dir='ltr'><strong>Προ-</strong></span> 
     </span>
    </p>
   </div>
   <div class='ocr_carea' id='block_1_76' title="bbox 49 4319 1582 4396">
    <p class='ocr_par' dir='ltr' id='par_1_76' title="bbox 49 4319 1582 4396">
     <span class='ocr_line' id='line_1_76' title="bbox 49 4319 1582 4396; baseline 0.001 -26"><span class='ocrx_word' id='word_1_535' title='bbox 49 4324 124 4392; x_wconf 57' lang='lat' dir='ltr'><strong>opt].</strong></span> <span class='ocrx_word' id='word_1_536' title='bbox 141 4325 236 4396; x_wconf 80' lang='grc' dir='ltr'><strong>γὰρ</strong></span> <span class='ocrx_word' id='word_1_537' title='bbox 261 4327 294 4395; x_wconf 84' lang='grc' dir='ltr'>ή</span> <span class='ocrx_word' id='word_1_538' title='bbox 327 4325 518 4387; x_wconf 85' lang='grc' dir='ltr'><strong>πίστις</strong></span> <span class='ocrx_word' id='word_1_539' title='bbox 547 4322 648 4393; x_wconf 82' lang='grc' dir='ltr'><strong>τῆς</strong></span> <span class='ocrx_word' id='word_1_540' title='bbox 673 4320 932 4392; x_wconf 83' lang='grc' dir='ltr'><strong>ἀληθείας</strong></span> <span class='ocrx_word' id='word_1_541' title='bbox 955 4319 1132 4383; x_wconf 80' lang='grc' dir='ltr'><strong>τοῦτο,</strong></span> <span class='ocrx_word' id='word_1_542' title='bbox 1168 4321 1262 4374; x_wconf 77' lang='grc' dir='ltr'><strong>καὶ</strong></span> <span class='ocrx_word' id='word_1_543' title='bbox 1285 4319 1582 4392; x_wconf 84' lang='grc' dir='ltr'><strong>προομολο-</strong></span> 
     </span>
    </p>
   </div>
   <div class='ocr_carea' id='block_1_77' title="bbox 51 4411 1582 4482">
    <p class='ocr_par' dir='ltr' id='par_1_77' title="bbox 51 4411 1582 4482">
     <span class='ocr_line' id='line_1_77' title="bbox 51 4411 1582 4482; baseline 0.001 -18"><span class='ocrx_word' id='word_1_544' title='bbox 51 4415 126 4476; x_wconf 62' lang='lat' dir='ltr'><strong>rei,</strong></span> <span class='ocrx_word' id='word_1_545' title='bbox 159 4420 244 4468; x_wconf 72' lang='grc' dir='ltr'><strong>καὶ</strong></span> <span class='ocrx_word' id='word_1_546' title='bbox 269 4415 538 4480; x_wconf 81' lang='grc' dir='ltr'><strong>διδάσκει,</strong></span> <span class='ocrx_word' id='word_1_547' title='bbox 569 4413 652 4466; x_wconf 80' lang='grc' dir='ltr'><strong>ὅτι</strong></span> <span class='ocrx_word' id='word_1_548' title='bbox 696 4412 826 4476; x_wconf 88' lang='grc' dir='ltr'><strong>Θεός</strong></span> <span class='ocrx_word' id='word_1_549' title='bbox 869 4412 1018 4464; x_wconf 87' lang='grc' dir='ltr'><strong>ἐστιν</strong></span> <span class='ocrx_word' id='word_1_550' title='bbox 1055 4413 1083 4464; x_wconf 89' lang='grc' dir='ltr'><strong>ὀ</strong></span> <span class='ocrx_word' id='word_1_551' title='bbox 1121 4411 1361 4474; x_wconf 82' lang='grc' dir='ltr'><strong>ἀναίτιος</strong></span> <span class='ocrx_word' id='word_1_552' title='bbox 1402 4411 1582 4482; x_wconf 81' lang='grc' dir='ltr'><strong>πάσης</strong></span> 
     </span>
    </p>
   </div>
   <div class='ocr_carea' id='block_1_78' title="bbox 51 4501 1582 4576">
    <p class='ocr_par' dir='ltr' id='par_1_78' title="bbox 51 4501 1582 4576">
     <span class='ocr_line' id='line_1_78' title="bbox 51 4501 1582 4576; baseline 0.003 -25"><span class='ocrx_word' id='word_1_553' title='bbox 51 4502 202 4568; x_wconf 59' lang='grc' dir='ltr'><strong>αἰτίας,</strong></span> <span class='ocrx_word' id='word_1_554' title='bbox 219 4507 306 4559; x_wconf 81' lang='grc' dir='ltr'><strong>καὶ</strong></span> <span class='ocrx_word' id='word_1_555' title='bbox 327 4505 560 4576; x_wconf 81' lang='grc' dir='ltr'><strong>ἀμιγὴς,</strong></span> <span class='ocrx_word' id='word_1_556' title='bbox 579 4503 675 4556; x_wconf 77' lang='grc' dir='ltr'><strong>καί</strong></span> <span class='ocrx_word' id='word_1_557' title='bbox 699 4501 1065 4564; x_wconf 87' lang='grc' dir='ltr'><strong>ἀνυπεύθυνος</strong></span> <span class='ocrx_word' id='word_1_558' title='bbox 1093 4502 1275 4572; x_wconf 84' lang='grc' dir='ltr'><strong>πάσης</strong></span> <span class='ocrx_word' id='word_1_559' title='bbox 1315 4502 1582 4572; x_wconf 84' lang='grc' dir='ltr'><strong>ἰσότητος.</strong></span> 
     </span>
    </p>
   </div>
   <div class='ocr_carea' id='block_1_79' title="bbox 2051 3563 2919 3640">
    <p class='ocr_par' dir='ltr' id='par_1_79' title="bbox 2051 3563 2919 3640">
     <span class='ocr_line' id='line_1_79' title="bbox 2051 3563 2919 3640; baseline 0.003 -15"><span class='ocrx_word' id='word_1_560' title='bbox 2051 3567 2218 3640; x_wconf 70' lang='grc'><strong>974</strong></span> <span class='ocrx_word' id='word_1_561' title='bbox 2245 3567 2424 3622; x_wconf 79' lang='grc' dir='ltr'><strong>ΑΕΤΙΙ</strong></span> <span class='ocrx_word' id='word_1_562' title='bbox 2451 3563 2680 3626; x_wconf 65' lang='lat' dir='ltr'><strong>CKPUT</strong></span> <span class='ocrx_word' id='word_1_563' title='bbox 2707 3571 2919 3628; x_wconf 77' lang='lat' dir='ltr'><strong>XXVII.</strong></span> 
     </span>
    </p>
   </div>
   <div class='ocr_carea' id='block_1_80' title="bbox 1765 3653 3278 3734">
    <p class='ocr_par' dir='ltr' id='par_1_80' title="bbox 1765 3653 3278 3734">
     <span class='ocr_line' id='line_1_80' title="bbox 1765 3653 3278 3734; baseline 0.009 -26"><span class='ocrx_word' id='word_1_564' title='bbox 1765 3653 1820 3708; x_wconf 90' lang='lat' dir='ltr'><strong>Si</strong></span> <span class='ocrx_word' id='word_1_565' title='bbox 1857 3669 1982 3710; x_wconf 91' lang='lat' dir='ltr'><strong>cum</strong></span> <span class='ocrx_word' id='word_1_566' title='bbox 2021 3673 2088 3712; x_wconf 90' lang='lat' dir='ltr'><strong>eo</strong></span> <span class='ocrx_word' id='word_1_567' title='bbox 2118 3659 2264 3711; x_wconf 90' lang='lat' dir='ltr'><strong>omni</strong></span> <span class='ocrx_word' id='word_1_568' title='bbox 2310 3661 2456 3729; x_wconf 92' lang='lat' dir='ltr'><strong>quod</strong></span> <span class='ocrx_word' id='word_1_569' title='bbox 2487 3662 2732 3732; x_wconf 78' lang='lat' dir='ltr'><strong>genitura</strong></span> <span class='ocrx_word' id='word_1_570' title='bbox 2767 3675 2871 3728; x_wconf 87' lang='lat' dir='ltr'><strong>est,</strong></span> <span class='ocrx_word' id='word_1_571' title='bbox 2905 3663 3182 3734; x_wconf 86' lang='lat' dir='ltr'><strong>implicata</strong></span> <span class='ocrx_word' id='word_1_572' title='bbox 3211 3684 3278 3724; x_wconf 75' lang='lat' dir='ltr'><strong>ex</strong></span> 
     </span>
    </p>
   </div>
   <div class='ocr_carea' id='block_1_81' title="bbox 1686 3743 3277 3822">
    <p class='ocr_par' dir='ltr' id='par_1_81' title="bbox 1686 3743 3277 3822">
     <span class='ocr_line' id='line_1_81' title="bbox 1686 3743 3277 3822; baseline 0.009 -24"><span class='ocrx_word' id='word_1_573' title='bbox 1686 3743 1977 3814; x_wconf 85' lang='lat' dir='ltr'><strong>conjuncta</strong></span> <span class='ocrx_word' id='word_1_574' title='bbox 1999 3759 2178 3801; x_wconf 78' lang='lat' dir='ltr'><strong>causa:</strong></span> <span class='ocrx_word' id='word_1_575' title='bbox 2197 3749 2348 3802; x_wconf 89' lang='lat' dir='ltr'><strong>notio</strong></span> <span class='ocrx_word' id='word_1_576' title='bbox 2369 3757 2470 3814; x_wconf 88' lang='lat' dir='ltr'><strong>est,</strong></span> <span class='ocrx_word' id='word_1_577' title='bbox 2497 3751 2736 3822; x_wconf 86' lang='lat' dir='ltr'><strong>ingenita</strong></span> <span class='ocrx_word' id='word_1_578' title='bbox 2757 3768 2883 3806; x_wconf 87' lang='lat' dir='ltr'><strong>vero</strong></span> <span class='ocrx_word' id='word_1_579' title='bbox 2905 3762 3100 3810; x_wconf 87' lang='lat' dir='ltr'><strong>natura</strong></span> <span class='ocrx_word' id='word_1_580' title='bbox 3111 3771 3277 3814; x_wconf 84' lang='lat' dir='ltr'><strong>causa</strong></span> 
     </span>
    </p>
   </div>
   <div class='ocr_carea' id='block_1_82' title="bbox 1687 3837 3275 3917">
    <p class='ocr_par' dir='ltr' id='par_1_82' title="bbox 1687 3837 3275 3917">
     <span class='ocr_line' id='line_1_82' title="bbox 1687 3837 3275 3917; baseline 0.008 -29"><span class='ocrx_word' id='word_1_581' title='bbox 1687 3841 1994 3898; x_wconf 88' lang='lat' dir='ltr'><strong>caret,cum</strong></span> <span class='ocrx_word' id='word_1_582' title='bbox 2020 3837 2322 3908; x_wconf 83' lang='lat' dir='ltr'><strong>ingenitum</strong></span> <span class='ocrx_word' id='word_1_583' title='bbox 2345 3840 2604 3906; x_wconf 88' lang='lat' dir='ltr'><strong>dicimus,</strong></span> <span class='ocrx_word' id='word_1_584' title='bbox 2627 3857 2735 3896; x_wconf 91' lang='lat' dir='ltr'><strong>non</strong></span> <span class='ocrx_word' id='word_1_585' title='bbox 2763 3857 2986 3899; x_wconf 89' lang='lat' dir='ltr'><strong>causam</strong></span> <span class='ocrx_word' id='word_1_586' title='bbox 3015 3837 3275 3917; x_wconf 77' lang='lat' dir='ltr'><strong>aliquam,</strong></span> 
     </span>
    </p>
   </div>
   <div class='ocr_carea' id='block_1_83' title="bbox 1689 3927 2580 4001">
    <p class='ocr_par' dir='ltr' id='par_1_83' title="bbox 1689 3927 2580 4001">
     <span class='ocr_line' id='line_1_83' title="bbox 1689 3927 2580 4001; baseline 0.006 -19"><span class='ocrx_word' id='word_1_587' title='bbox 1689 3927 1784 3982; x_wconf 87' lang='lat' dir='ltr'><strong>sed</strong></span> <span class='ocrx_word' id='word_1_588' title='bbox 1814 3929 2176 3986; x_wconf 86' lang='lat' dir='ltr'><strong>substantiam</strong></span> <span class='ocrx_word' id='word_1_589' title='bbox 2205 3931 2580 4001; x_wconf 79' lang='lat' dir='ltr'><strong>exprimimus.</strong></span> 
     </span>
    </p>
   </div>
   <div class='ocr_carea' id='block_1_84' title="bbox 2183 4039 2772 4110">
    <p class='ocr_par' dir='ltr' id='par_1_84' title="bbox 2183 4039 2772 4110">
     <span class='ocr_line' id='line_1_84' title="bbox 2183 4039 2772 4110; baseline 0.003 -14"><span class='ocrx_word' id='word_1_590' title='bbox 2183 4039 2492 4110; x_wconf 80' lang='lat' dir='ltr'><strong>Confutalio</strong></span> <span class='ocrx_word' id='word_1_591' title='bbox 2519 4041 2624 4096; x_wconf 76' lang='lat' dir='ltr'><em>XX</em></span> <span class='ocrx_word' id='word_1_592' title='bbox 2643 4043 2772 4098; x_wconf 81' lang='lat' dir='ltr'><strong>VII.</strong></span> 
     </span>
    </p>
   </div>
   <div class='ocr_carea' id='block_1_85' title="bbox 1758 4131 3277 4206">
    <p class='ocr_par' dir='ltr' id='par_1_85' title="bbox 1758 4131 3277 4206">
     <span class='ocr_line' id='line_1_85' title="bbox 1758 4131 3277 4206; baseline 0.007 -20"><span class='ocrx_word' id='word_1_593' title='bbox 1758 4131 1914 4198; x_wconf 88' lang='lat' dir='ltr'><strong>Quod</strong></span> <span class='ocrx_word' id='word_1_594' title='bbox 1961 4149 2086 4188; x_wconf 92' lang='lat' dir='ltr'><strong>cum</strong></span> <span class='ocrx_word' id='word_1_595' title='bbox 2129 4139 2278 4189; x_wconf 88' lang='lat' dir='ltr'><strong>omni</strong></span> <span class='ocrx_word' id='word_1_596' title='bbox 2325 4137 2510 4205; x_wconf 85' lang='lat' dir='ltr'><strong>genito</strong></span> <span class='ocrx_word' id='word_1_597' title='bbox 2558 4137 2894 4206; x_wconf 85' lang='lat' dir='ltr'><strong>implicatam</strong></span> <span class='ocrx_word' id='word_1_598' title='bbox 2929 4153 3054 4194; x_wconf 87' lang='lat' dir='ltr'><strong>esse</strong></span> <span class='ocrx_word' id='word_1_599' title='bbox 3095 4155 3277 4196; x_wconf 64' lang='lat' dir='ltr'><strong>causa!</strong></span> 
     </span>
    </p>
   </div>
   <div class='ocr_carea' id='block_1_86' title="bbox 1686 4225 3274 4299">
    <p class='ocr_par' dir='ltr' id='par_1_86' title="bbox 1686 4225 3274 4299">
     <span class='ocr_line' id='line_1_86' title="bbox 1686 4225 3274 4299; baseline 0.006 -21"><span class='ocrx_word' id='word_1_600' title='bbox 1686 4225 1964 4280; x_wconf 88' lang='lat' dir='ltr'><strong>notionem</strong></span> <span class='ocrx_word' id='word_1_601' title='bbox 2007 4227 2234 4289; x_wconf 87' lang='lat' dir='ltr'><strong>asscris,</strong></span> <span class='ocrx_word' id='word_1_602' title='bbox 2270 4229 2616 4283; x_wconf 81' lang='lat' dir='ltr'><strong>verissimum</strong></span> <span class='ocrx_word' id='word_1_603' title='bbox 2647 4229 2864 4299; x_wconf 90' lang='lat' dir='ltr'><strong>quidem</strong></span> <span class='ocrx_word' id='word_1_604' title='bbox 2895 4240 2998 4294; x_wconf 86' lang='lat' dir='ltr'><strong>est,</strong></span> <span class='ocrx_word' id='word_1_605' title='bbox 3035 4233 3128 4286; x_wconf 86' lang='lat' dir='ltr'><strong>sed</strong></span> <span class='ocrx_word' id='word_1_606' title='bbox 3161 4248 3274 4287; x_wconf 87' lang='lat' dir='ltr'><strong>non</strong></span> 
     </span>
    </p>
   </div>
   <div class='ocr_carea' id='block_1_87' title="bbox 1687 4304 3276 4392">
    <p class='ocr_par' dir='ltr' id='par_1_87' title="bbox 1687 4304 3276 4392">
     <span class='ocr_line' id='line_1_87' title="bbox 1687 4304 3276 4392; baseline 0.008 -24"><span class='ocrx_word' id='word_1_607' title='bbox 1687 4314 1852 4381; x_wconf 84' lang='lat' dir='ltr'><strong>istud,</strong></span> <span class='ocrx_word' id='word_1_608' title='bbox 1913 4319 2070 4386; x_wconf 88' lang='lat' dir='ltr'><strong>quasi</strong></span> <span class='ocrx_word' id='word_1_609' title='bbox 2128 4334 2159 4372; x_wconf 91' lang='lat' dir='ltr'><strong>a</strong></span> <span class='ocrx_word' id='word_1_610' title='bbox 2212 4304 2265 4372; x_wconf 84' lang='lat' dir='ltr'><strong>te</strong></span> <span class='ocrx_word' id='word_1_611' title='bbox 2317 4319 2694 4387; x_wconf 86' lang='lat' dir='ltr'><strong>didicerimus,</strong></span> <span class='ocrx_word' id='word_1_612' title='bbox 2743 4323 3083 4392; x_wconf 76' lang='lat' dir='ltr'><strong>proﬁtemur.</strong></span> <span class='ocrx_word' id='word_1_613' title='bbox 3161 4323 3276 4380; x_wconf 80' lang='lat' dir='ltr'><strong>Hoc</strong></span> 
     </span>
    </p>
   </div>
   <div class='ocr_carea' id='block_1_88' title="bbox 1688 4408 3275 4484">
    <p class='ocr_par' dir='ltr' id='par_1_88' title="bbox 1688 4408 3275 4484">
     <span class='ocr_line' id='line_1_88' title="bbox 1688 4408 3275 4484; baseline 0.005 -20"><span class='ocrx_word' id='word_1_614' title='bbox 1688 4408 1835 4464; x_wconf 89' lang='lat' dir='ltr'><strong>enim</strong></span> <span class='ocrx_word' id='word_1_615' title='bbox 1880 4423 2006 4464; x_wconf 83' lang='lat' dir='ltr'><strong>vera</strong></span> <span class='ocrx_word' id='word_1_616' title='bbox 2064 4410 2180 4479; x_wconf 88' lang='lat' dir='ltr'><strong>ipsa</strong></span> <span class='ocrx_word' id='word_1_617' title='bbox 2230 4410 2363 4466; x_wconf 87' lang='lat' dir='ltr'><strong>tides</strong></span> <span class='ocrx_word' id='word_1_618' title='bbox 2407 4409 2730 4480; x_wconf 87' lang='lat' dir='ltr'><strong>jamdudum</strong></span> <span class='ocrx_word' id='word_1_619' title='bbox 2788 4424 3174 4484; x_wconf 66' lang='lat' dir='ltr'><strong>praesenserat.</strong></span> <span class='ocrx_word' id='word_1_620' title='bbox 3221 4429 3275 4472; x_wconf 76' lang='lat' dir='ltr'><strong>ct</strong></span> 
     </span>
    </p>
   </div>
   <div class='ocr_carea' id='block_1_89' title="bbox 1691 4497 3275 4568">
    <p class='ocr_par' dir='ltr' id='par_1_89' title="bbox 1691 4497 3275 4568">
     <span class='ocr_line' id='line_1_89' title="bbox 1691 4497 3275 4568; baseline 0.008 -18"><span class='ocrx_word' id='word_1_621' title='bbox 1691 4497 1938 4568; x_wconf 84' lang='lat' dir='ltr'><strong>professa</strong></span> <span class='ocrx_word' id='word_1_622' title='bbox 1999 4498 2207 4565; x_wconf 82' lang='lat' dir='ltr'><strong>fuerat,</strong></span> <span class='ocrx_word' id='word_1_623' title='bbox 2277 4517 2341 4556; x_wconf 91' lang='lat' dir='ltr'><strong>ac</strong></span> <span class='ocrx_word' id='word_1_624' title='bbox 2389 4502 2650 4558; x_wconf 84' lang='lat' dir='ltr'><strong>docuerat</strong></span> <span class='ocrx_word' id='word_1_625' title='bbox 2697 4501 2868 4559; x_wconf 87' lang='lat' dir='ltr'><strong>Deum</strong></span> <span class='ocrx_word' id='word_1_626' title='bbox 2919 4519 3100 4561; x_wconf 72' lang='lat' dir='ltr'><strong>causae</strong></span> <span class='ocrx_word' id='word_1_627' title='bbox 3150 4523 3275 4562; x_wconf 86' lang='lat' dir='ltr'><strong>esse</strong></span> 
     </span>
    </p>
   </div>
   <div class='ocr_carea' id='block_1_90' title="bbox 51 4589 1581 4669">
    <p class='ocr_par' dir='ltr' id='par_1_90' title="bbox 51 4593 1581 4669">
     <span class='ocr_line' id='line_1_90' title="bbox 51 4593 1581 4669; baseline 0.001 -23"><span class='ocrx_word' id='word_1_628' title='bbox 51 4595 120 4646; x_wconf 69' lang='grc' dir='ltr'><strong>Διά</strong></span> <span class='ocrx_word' id='word_1_629' title='bbox 133 4597 274 4650; x_wconf 61' lang='grc' dir='ltr'><strong>τοῦτο</strong></span> <span class='ocrx_word' id='word_1_630' title='bbox 291 4597 402 4669; x_wconf 82' lang='grc' dir='ltr'><strong>γὰρ</strong></span> <span class='ocrx_word' id='word_1_631' title='bbox 429 4598 524 4650; x_wconf 77' lang='grc' dir='ltr'><strong>καὶ</strong></span> <span class='ocrx_word' id='word_1_632' title='bbox 551 4595 706 4648; x_wconf 74' lang='grc' dir='ltr'><strong>αὐτοὶ</strong></span> <span class='ocrx_word' id='word_1_633' title='bbox 731 4596 790 4647; x_wconf 87' lang='grc' dir='ltr'><strong>οὐ</strong></span> <span class='ocrx_word' id='word_1_634' title='bbox 820 4593 1230 4664; x_wconf 80' lang='grc' dir='ltr'><strong>προσκυνοῦμεν</strong></span> <span class='ocrx_word' id='word_1_635' title='bbox 1253 4594 1360 4646; x_wconf 84' lang='grc' dir='ltr'><strong>πᾶν</strong></span> <span class='ocrx_word' id='word_1_636' title='bbox 1377 4593 1440 4646; x_wconf 83' lang='grc' dir='ltr'><strong>τὸ</strong></span> <span class='ocrx_word' id='word_1_637' title='bbox 1463 4593 1581 4647; x_wconf 89' lang='grc' dir='ltr'><strong>ὑπο-</strong></span> 
     </span>
    </p>
   </div>
   <div class='ocr_carea' id='block_1_91' title="bbox 1690 4589 3276 4669">
    <p class='ocr_par' dir='ltr' id='par_1_91' title="bbox 1691 4589 3276 4662">
     <span class='ocr_line' id='line_1_91' title="bbox 1691 4589 3276 4662; baseline 0.007 -22"><span class='ocrx_word' id='word_1_638' title='bbox 1691 4589 1868 4642; x_wconf 87' lang='lat' dir='ltr'><strong>omnis</strong></span> <span class='ocrx_word' id='word_1_639' title='bbox 1891 4600 2188 4658; x_wconf 79' lang='lat' dir='ltr'><strong>expertem,</strong></span> <span class='ocrx_word' id='word_1_640' title='bbox 2221 4605 2322 4645; x_wconf 86' lang='lat' dir='ltr'><strong>nec</strong></span> <span class='ocrx_word' id='word_1_641' title='bbox 2355 4591 2465 4645; x_wconf 90' lang='lat' dir='ltr'><strong>ulla</strong></span> <span class='ocrx_word' id='word_1_642' title='bbox 2503 4607 2559 4647; x_wconf 91' lang='lat' dir='ltr'><strong>re</strong></span> <span class='ocrx_word' id='word_1_643' title='bbox 2591 4593 2932 4662; x_wconf 90' lang='lat' dir='ltr'><strong>permistum,</strong></span> <span class='ocrx_word' id='word_1_644' title='bbox 2963 4611 3062 4650; x_wconf 91' lang='lat' dir='ltr'><strong>nec</strong></span> <span class='ocrx_word' id='word_1_645' title='bbox 3093 4597 3158 4650; x_wconf 88' lang='lat' dir='ltr'><strong>ad</strong></span> <span class='ocrx_word' id='word_1_646' title='bbox 3192 4598 3276 4650; x_wconf 89' lang='lat' dir='ltr'><strong>ul-</strong></span> 
     </span>
    </p>
   </div>
   <div class='ocr_carea' id='block_1_92' title="bbox 53 4681 1588 4760">
    <p class='ocr_par' dir='ltr' id='par_1_92' title="bbox 53 4681 1588 4760">
     <span class='ocr_line' id='line_1_92' title="bbox 53 4681 1588 4760; baseline -0.001 -20"><span class='ocrx_word' id='word_1_647' title='bbox 53 4681 237 4754; x_wconf 71' lang='grc' dir='ltr'><strong>εεὸηιὸς</strong></span> <span class='ocrx_word' id='word_1_648' title='bbox 251 4688 346 4760; x_wconf 74' lang='grc' dir='ltr'><strong>τὴν</strong></span> <span class='ocrx_word' id='word_1_649' title='bbox 365 4687 535 4742; x_wconf 80' lang='grc' dir='ltr'><strong>αὑτοῦ</strong></span> <span class='ocrx_word' id='word_1_650' title='bbox 559 4686 656 4740; x_wconf 79' lang='grc' dir='ltr'><strong>τοῦ</strong></span> <span class='ocrx_word' id='word_1_651' title='bbox 686 4685 820 4739; x_wconf 81' lang='grc' dir='ltr'><strong>Θεοῦ</strong></span> <span class='ocrx_word' id='word_1_652' title='bbox 843 4685 1054 4750; x_wconf 81' lang='grc' dir='ltr'><strong>οὐσίαν,</strong></span> <span class='ocrx_word' id='word_1_653' title='bbox 1073 4684 1162 4739; x_wconf 81' lang='grc' dir='ltr'><strong>διὰ</strong></span> <span class='ocrx_word' id='word_1_654' title='bbox 1192 4685 1254 4738; x_wconf 85' lang='grc' dir='ltr'><strong>τὸ</strong></span> <span class='ocrx_word' id='word_1_655' title='bbox 1287 4685 1432 4756; x_wconf 86' lang='grc' dir='ltr'><strong>μόνῳ</strong></span> <span class='ocrx_word' id='word_1_656' title='bbox 1461 4685 1588 4758; x_wconf 86' lang='grc' dir='ltr'><strong>πρέ-</strong></span> 
     </span>
    </p>
   </div>
   <div class='ocr_carea' id='block_1_93' title="bbox 55 4775 1588 4848">
    <p class='ocr_par' dir='ltr' id='par_1_93' title="bbox 55 4775 1588 4848">
     <span class='ocr_line' id='line_1_93' title="bbox 55 4775 1588 4848; baseline 0 -18"><span class='ocrx_word' id='word_1_657' title='bbox 55 4791 142 4830; x_wconf 76' lang='grc' dir='ltr'><strong>πειν</strong></span> <span class='ocrx_word' id='word_1_658' title='bbox 155 4777 220 4848; x_wconf 79' lang='grc' dir='ltr'><strong>τῷ</strong></span> <span class='ocrx_word' id='word_1_659' title='bbox 249 4779 606 4848; x_wconf 82' lang='grc' dir='ltr'><strong>ἀνυπευθύνῳ</strong></span> <span class='ocrx_word' id='word_1_660' title='bbox 625 4778 683 4831; x_wconf 88' lang='grc' dir='ltr'><strong>τὸ</strong></span> <span class='ocrx_word' id='word_1_661' title='bbox 705 4777 870 4840; x_wconf 77' lang='grc' dir='ltr'><strong>σέϐας</strong></span> <span class='ocrx_word' id='word_1_662' title='bbox 897 4778 1104 4846; x_wconf 78' lang='grc' dir='ltr'><strong>νέμειν,</strong></span> <span class='ocrx_word' id='word_1_663' title='bbox 1131 4777 1308 4847; x_wconf 85' lang='grc' dir='ltr'><strong>Πατρὶ</strong></span> <span class='ocrx_word' id='word_1_664' title='bbox 1334 4775 1413 4846; x_wconf 82' lang='grc' dir='ltr'><strong>τῷ</strong></span> <span class='ocrx_word' id='word_1_665' title='bbox 1433 4777 1588 4845; x_wconf 85' lang='grc' dir='ltr'><strong>ἀγεν-</strong></span> 
     </span>
    </p>
   </div>
   <div class='ocr_carea' id='block_1_94' title="bbox 49 4867 1586 4941">
    <p class='ocr_par' dir='ltr' id='par_1_94' title="bbox 49 4867 1586 4941">
     <span class='ocr_line' id='line_1_94' title="bbox 49 4867 1586 4941; baseline 0.014 -43"><span class='ocrx_word' id='word_1_666' title='bbox 49 4869 393 4941; x_wconf 34' lang='lat' dir='ltr'><strong>“Singara?</strong></span> <span class='ocrx_word' id='word_1_667' title='bbox 411 4869 492 4940; x_wconf 79' lang='grc' dir='ltr'><strong>τῷ</strong></span> <span class='ocrx_word' id='word_1_668' title='bbox 511 4867 570 4934; x_wconf 79' lang='grc' dir='ltr'><strong>ἐξ</strong></span> <span class='ocrx_word' id='word_1_669' title='bbox 592 4868 778 4933; x_wconf 78' lang='grc' dir='ltr'><strong>αὑτοῦ,</strong></span> <span class='ocrx_word' id='word_1_670' title='bbox 799 4868 894 4922; x_wconf 74' lang='grc' dir='ltr'><strong>καὶ</strong></span> <span class='ocrx_word' id='word_1_671' title='bbox 909 4868 1052 4938; x_wconf 85' lang='grc' dir='ltr'><strong>ἁγίῳ</strong></span> <span class='ocrx_word' id='word_1_672' title='bbox 1075 4867 1466 4938; x_wconf 79' lang='grc' dir='ltr'><strong>Πνεύματι,τῷ</strong></span> <span class='ocrx_word' id='word_1_673' title='bbox 1489 4869 1586 4920; x_wconf 81' lang='grc' dir='ltr'><strong>ἀπ’</strong></span> 
     </span>
    </p>
   </div>
   <div class='ocr_carea' id='block_1_95' title="bbox 61 4945 1582 5030">
    <p class='ocr_par' dir='ltr' id='par_1_95' title="bbox 61 4945 1582 5030">
     <span class='ocr_line' id='line_1_95' title="bbox 61 4945 1582 5030; baseline 0.001 -20"><span class='ocrx_word' id='word_1_674' title='bbox 61 4955 178 5012; x_wconf 66' lang='grc' dir='ltr'><strong>πὲτιῦ</strong></span> <span class='ocrx_word' id='word_1_675' title='bbox 207 4963 294 5015; x_wconf 70' lang='grc' dir='ltr'><strong>καὶ</strong></span> <span class='ocrx_word' id='word_1_676' title='bbox 321 4962 412 5015; x_wconf 75' lang='grc' dir='ltr'><strong>διὰ</strong></span> <span class='ocrx_word' id='word_1_677' title='bbox 443 4961 540 5014; x_wconf 73' lang='grc' dir='ltr'><strong>τοῦ</strong></span> <span class='ocrx_word' id='word_1_678' title='bbox 582 4945 943 5028; x_wconf 77' lang='grc' dir='ltr'><strong>Μονογενοῢς.</strong></span> <span class='ocrx_word' id='word_1_679' title='bbox 1000 4957 1216 5028; x_wconf 82' lang='grc' dir='ltr'><strong>Ἐπειδὴ</strong></span> <span class='ocrx_word' id='word_1_680' title='bbox 1254 4959 1405 5012; x_wconf 77' lang='grc' dir='ltr'><strong>οὐδὲν</strong></span> <span class='ocrx_word' id='word_1_681' title='bbox 1439 4961 1495 5012; x_wconf 89' lang='grc' dir='ltr'><strong>ἐν</strong></span> <span class='ocrx_word' id='word_1_682' title='bbox 1517 4961 1582 5030; x_wconf 82' lang='grc' dir='ltr'><strong>τῇ</strong></span> 
     </span>
    </p>
   </div>
   <div class='ocr_carea' id='block_1_96' title="bbox 59 5043 1586 5121">
    <p class='ocr_par' dir='ltr' id='par_1_96' title="bbox 59 5043 1586 5121">
     <span class='ocr_line' id='line_1_96' title="bbox 59 5043 1586 5121; baseline 0.003 -24"><span class='ocrx_word' id='word_1_683' title='bbox 59 5043 200 5110; x_wconf 66' lang='grc' dir='ltr'><strong>Τριᾶδι</strong></span> <span class='ocrx_word' id='word_1_684' title='bbox 217 5051 558 5114; x_wconf 54' lang='lat' dir='ltr'><strong>teneremini</strong></span> <span class='ocrx_word' id='word_1_685' title='bbox 585 5049 690 5104; x_wconf 82' lang='grc' dir='ltr'><strong>ὑπὸ</strong></span> <span class='ocrx_word' id='word_1_686' title='bbox 709 5050 890 5102; x_wconf 79' lang='grc' dir='ltr'><strong>αἰτίαν</strong></span> <span class='ocrx_word' id='word_1_687' title='bbox 907 5047 1180 5119; x_wconf 80' lang='grc' dir='ltr'><strong>ἐμπίπτον</strong></span> <span class='ocrx_word' id='word_1_688' title='bbox 1202 5048 1367 5102; x_wconf 87' lang='grc' dir='ltr'><strong>ἐστίν.</strong></span> <span class='ocrx_word' id='word_1_689' title='bbox 1383 5049 1456 5101; x_wconf 90' lang='grc' dir='ltr'><strong>Ού</strong></span> <span class='ocrx_word' id='word_1_690' title='bbox 1478 5050 1586 5121; x_wconf 81' lang='grc' dir='ltr'><strong>γὰρ</strong></span> 
     </span>
    </p>
   </div>
   <div class='ocr_carea' id='block_1_97' title="bbox 53 5139 1583 5212">
    <p class='ocr_par' dir='ltr' id='par_1_97' title="bbox 53 5139 1583 5212">
     <span class='ocr_line' id='line_1_97' title="bbox 53 5139 1583 5212; baseline -0.004 -14"><span class='ocrx_word' id='word_1_691' title='bbox 53 5139 90 5198; x_wconf 70' lang='grc' dir='ltr'>ἐξ</span> <span class='ocrx_word' id='word_1_692' title='bbox 115 5141 194 5192; x_wconf 62' lang='grc' dir='ltr'><strong>οῦκ</strong></span> <span class='ocrx_word' id='word_1_693' title='bbox 223 5144 386 5196; x_wconf 76' lang='grc' dir='ltr'><strong>ὄντων</strong></span> <span class='ocrx_word' id='word_1_694' title='bbox 416 5142 468 5195; x_wconf 88' lang='grc' dir='ltr'><strong>τί</strong></span> <span class='ocrx_word' id='word_1_695' title='bbox 505 5144 654 5194; x_wconf 86' lang='grc' dir='ltr'><strong>ἐστιν</strong></span> <span class='ocrx_word' id='word_1_696' title='bbox 697 5143 754 5193; x_wconf 87' lang='grc' dir='ltr'><strong>ἐν</strong></span> <span class='ocrx_word' id='word_1_697' title='bbox 789 5143 854 5211; x_wconf 83' lang='grc' dir='ltr'><strong>τῇ</strong></span> <span class='ocrx_word' id='word_1_698' title='bbox 885 5139 1098 5212; x_wconf 85' lang='grc' dir='ltr'><strong>Τριάδι,</strong></span> <span class='ocrx_word' id='word_1_699' title='bbox 1129 5139 1205 5202; x_wconf 85' lang='grc' dir='ltr'><strong>ὡς</strong></span> <span class='ocrx_word' id='word_1_700' title='bbox 1231 5140 1326 5192; x_wconf 72' lang='grc' dir='ltr'><strong>καὶ</strong></span> <span class='ocrx_word' id='word_1_701' title='bbox 1347 5139 1415 5193; x_wconf 78' lang='grc' dir='ltr'><strong>τὰ</strong></span> <span class='ocrx_word' id='word_1_702' title='bbox 1449 5139 1583 5193; x_wconf 80' lang='grc' dir='ltr'><strong>ἄλλα</strong></span> 
     </span>
    </p>
   </div>
   <div class='ocr_carea' id='block_1_98' title="bbox 53 5219 1580 5303">
    <p class='ocr_par' dir='ltr' id='par_1_98' title="bbox 53 5219 1580 5303">
     <span class='ocr_line' id='line_1_98' title="bbox 53 5219 1580 5303; baseline 0.001 -18"><span class='ocrx_word' id='word_1_703' title='bbox 53 5219 99 5271; x_wconf 55' lang='grc' dir='ltr'><strong>τὶ</strong></span> <span class='ocrx_word' id='word_1_704' title='bbox 121 5231 207 5285; x_wconf 67' lang='grc' dir='ltr'><strong>ὑπὸ</strong></span> <span class='ocrx_word' id='word_1_705' title='bbox 227 5237 400 5289; x_wconf 85' lang='grc' dir='ltr'><strong>αἰτίαν</strong></span> <span class='ocrx_word' id='word_1_706' title='bbox 437 5233 787 5299; x_wconf 81' lang='grc' dir='ltr'><strong>πεπτωκότα,</strong></span> <span class='ocrx_word' id='word_1_707' title='bbox 828 5233 923 5286; x_wconf 73' lang='grc' dir='ltr'><strong>καὶ</strong></span> <span class='ocrx_word' id='word_1_708' title='bbox 954 5232 1134 5286; x_wconf 88' lang='grc' dir='ltr'><strong>αἰτίαν</strong></span> <span class='ocrx_word' id='word_1_709' title='bbox 1165 5230 1580 5303; x_wconf 87' lang='grc' dir='ltr'><strong>κεκληρωμένα.</strong></span> 
     </span>
    </p>
   </div>
   <div class='ocr_carea' id='block_1_99' title="bbox 57 5319 1582 5402">
    <p class='ocr_par' dir='ltr' id='par_1_99' title="bbox 57 5319 1582 5402">
     <span class='ocr_line' id='line_1_99' title="bbox 57 5319 1582 5402; baseline 0.009 -34"><span class='ocrx_word' id='word_1_710' title='bbox 57 5319 122 5369; x_wconf 63' lang='grc' dir='ltr'><strong>διὸ</strong></span> <span class='ocrx_word' id='word_1_711' title='bbox 143 5323 337 5378; x_wconf 82' lang='grc' dir='ltr'><strong>ἀναιτία</strong></span> <span class='ocrx_word' id='word_1_712' title='bbox 363 5321 500 5380; x_wconf 82' lang='grc' dir='ltr'><strong>οὖσα</strong></span> <span class='ocrx_word' id='word_1_713' title='bbox 529 5325 629 5402; x_wconf 71' lang='grc' dir='ltr'><strong>τῆς</strong></span> <span class='ocrx_word' id='word_1_714' title='bbox 659 5323 918 5396; x_wconf 82' lang='grc' dir='ltr'><strong>τοιαύτης</strong></span> <span class='ocrx_word' id='word_1_715' title='bbox 959 5324 1139 5386; x_wconf 81' lang='grc' dir='ltr'><strong>αἰτίας</strong></span> <span class='ocrx_word' id='word_1_716' title='bbox 1168 5325 1201 5394; x_wconf 82' lang='grc' dir='ltr'>ἡ</span> <span class='ocrx_word' id='word_1_717' title='bbox 1241 5323 1433 5394; x_wconf 79' lang='grc' dir='ltr'><strong>Τριὰς,</strong></span> <span class='ocrx_word' id='word_1_718' title='bbox 1486 5323 1582 5394; x_wconf 83' lang='grc' dir='ltr'><strong>μό-</strong></span> 
     </span>
    </p>
   </div>
   <div class='ocr_carea' id='block_1_100' title="bbox 53 5415 1579 5490">
    <p class='ocr_par' dir='ltr' id='par_1_100' title="bbox 53 5415 1579 5490">
     <span class='ocr_line' id='line_1_100' title="bbox 53 5415 1579 5490; baseline 0 -22"><span class='ocrx_word' id='word_1_719' title='bbox 53 5429 126 5481; x_wconf 66' lang='grc' dir='ltr'><strong>νην</strong></span> <span class='ocrx_word' id='word_1_720' title='bbox 147 5417 324 5490; x_wconf 72' lang='grc' dir='ltr'><strong>ἑαυτὴν</strong></span> <span class='ocrx_word' id='word_1_721' title='bbox 353 5419 611 5483; x_wconf 81' lang='grc' dir='ltr'><strong>ἀπλανῶς</strong></span> <span class='ocrx_word' id='word_1_722' title='bbox 656 5417 863 5483; x_wconf 75' lang='grc' dir='ltr'><strong>ἐδίδαξε</strong></span> <span class='ocrx_word' id='word_1_723' title='bbox 909 5417 1364 5490; x_wconf 84' lang='grc' dir='ltr'><strong>προσκυνεῖσθαι·</strong></span> <span class='ocrx_word' id='word_1_724' title='bbox 1395 5415 1579 5485; x_wconf 84' lang='grc' dir='ltr'><strong>ἐπειδὴ</strong></span> 
     </span>
    </p>
   </div>
   <div class='ocr_carea' id='block_1_101' title="bbox 62 5505 1580 5584">
    <p class='ocr_par' dir='ltr' id='par_1_101' title="bbox 62 5505 1580 5584">
     <span class='ocr_line' id='line_1_101' title="bbox 62 5505 1580 5584; baseline -0.004 -16"><span class='ocrx_word' id='word_1_725' title='bbox 62 5505 158 5578; x_wconf 56' lang='grc' dir='ltr'><strong>μάνη</strong></span> <span class='ocrx_word' id='word_1_726' title='bbox 195 5512 324 5584; x_wconf 75' lang='grc' dir='ltr'><strong>αὕτη</strong></span> <span class='ocrx_word' id='word_1_727' title='bbox 365 5513 609 5575; x_wconf 82' lang='grc' dir='ltr'><strong>ἀναίτιός</strong></span> <span class='ocrx_word' id='word_1_728' title='bbox 649 5514 802 5566; x_wconf 88' lang='grc' dir='ltr'><strong>ἐστι·</strong></span> <span class='ocrx_word' id='word_1_729' title='bbox 850 5509 919 5566; x_wconf 78' lang='grc' dir='ltr'><strong>τὰ</strong></span> <span class='ocrx_word' id='word_1_730' title='bbox 955 5510 1012 5564; x_wconf 79' lang='grc' dir='ltr'><strong>δὲ</strong></span> <span class='ocrx_word' id='word_1_731' title='bbox 1052 5511 1228 5564; x_wconf 85' lang='grc' dir='ltr'><strong>πάντα</strong></span> <span class='ocrx_word' id='word_1_732' title='bbox 1267 5508 1372 5563; x_wconf 84' lang='grc' dir='ltr'><strong>ὑπὸ</strong></span> <span class='ocrx_word' id='word_1_733' title='bbox 1403 5509 1580 5562; x_wconf 74' lang='grc' dir='ltr'><strong>αἰτίαν</strong></span> 
     </span>
    </p>
   </div>
   <div class='ocr_carea' id='block_1_102' title="bbox 63 5601 1580 5676">
    <p class='ocr_par' dir='ltr' id='par_1_102' title="bbox 63 5601 1580 5676">
     <span class='ocr_line' id='line_1_102' title="bbox 63 5601 1580 5676; baseline 0 -22"><span class='ocrx_word' id='word_1_734' title='bbox 63 5602 408 5668; x_wconf 48' lang='grc' dir='ltr'><strong>περιπέπτωκε.</strong></span> <span class='ocrx_word' id='word_1_735' title='bbox 447 5605 528 5659; x_wconf 56' lang='lat' dir='ltr'><strong>Ti</strong></span> <span class='ocrx_word' id='word_1_736' title='bbox 561 5604 661 5676; x_wconf 77' lang='grc' dir='ltr'><strong>μὲν</strong></span> <span class='ocrx_word' id='word_1_737' title='bbox 689 5603 796 5676; x_wconf 85' lang='grc' dir='ltr'><strong>γάρ</strong></span> <span class='ocrx_word' id='word_1_738' title='bbox 821 5604 937 5657; x_wconf 83' lang='grc' dir='ltr'><strong>ἐστι</strong></span> <span class='ocrx_word' id='word_1_739' title='bbox 973 5602 1235 5672; x_wconf 83' lang='grc' dir='ltr'><strong>γ-εγονότα</strong></span> <span class='ocrx_word' id='word_1_740' title='bbox 1275 5601 1368 5656; x_wconf 76' lang='grc' dir='ltr'><strong>καὶ</strong></span> <span class='ocrx_word' id='word_1_741' title='bbox 1399 5617 1580 5655; x_wconf 85' lang='grc' dir='ltr'><strong>κεκτι-</strong></span> 
     </span>
    </p>
   </div>
   <div class='ocr_carea' id='block_1_103' title="bbox 115 5755 510 5836">
    <p class='ocr_par' dir='ltr' id='par_1_103' title="bbox 115 5755 510 5836">
     <span class='ocr_line' id='line_1_103' title="bbox 115 5755 510 5836; baseline 0.01 -26"><span class='ocrx_word' id='word_1_742' title='bbox 115 5755 125 5786; x_wconf 86' lang='grc'><strong>¹</strong></span> <span class='ocrx_word' id='word_1_743' title='bbox 149 5755 200 5814; x_wconf 79' lang='lat' dir='ltr'><strong>F.</strong></span> <span class='ocrx_word' id='word_1_744' title='bbox 221 5762 510 5836; x_wconf 76' lang='grc' dir='ltr'><strong>ἐπιστάτην</strong></span> 
     </span>
    </p>
   </div>
   <div class='ocr_carea' id='block_1_104' title="bbox 1689 4680 3276 4758">
    <p class='ocr_par' dir='ltr' id='par_1_104' title="bbox 1689 4680 3276 4758">
     <span class='ocr_line' id='line_1_104' title="bbox 1689 4680 3276 4758; baseline 0.006 -24"><span class='ocrx_word' id='word_1_745' title='bbox 1689 4681 1796 4736; x_wconf 90' lang='lat' dir='ltr'><strong>lius</strong></span> <span class='ocrx_word' id='word_1_746' title='bbox 1827 4680 1904 4737; x_wconf 88' lang='lat' dir='ltr'><strong>rei</strong></span> <span class='ocrx_word' id='word_1_747' title='bbox 1937 4683 2304 4751; x_wconf 62' lang='lat' dir='ltr'><strong>aequalitatem</strong></span> <span class='ocrx_word' id='word_1_748' title='bbox 2337 4699 2498 4756; x_wconf 88' lang='lat' dir='ltr'><strong>posse</strong></span> <span class='ocrx_word' id='word_1_749' title='bbox 2527 4682 2758 4739; x_wconf 88' lang='lat' dir='ltr'><strong>demitti.</strong></span> <span class='ocrx_word' id='word_1_750' title='bbox 2813 4683 2950 4740; x_wconf 83' lang='lat' dir='ltr'><strong>Nam</strong></span> <span class='ocrx_word' id='word_1_751' title='bbox 2987 4697 3276 4758; x_wconf 84' lang='lat' dir='ltr'><strong>pr0pterea</strong></span> 
     </span>
    </p>
   </div>
   <div class='ocr_carea' id='block_1_105' title="bbox 1689 4775 3274 4850">
    <p class='ocr_par' dir='ltr' id='par_1_105' title="bbox 1689 4775 3274 4850">
     <span class='ocr_line' id='line_1_105' title="bbox 1689 4775 3274 4850; baseline 0.007 -22"><span class='ocrx_word' id='word_1_752' title='bbox 1689 4775 1822 4829; x_wconf 88' lang='lat' dir='ltr'><strong>nihil</strong></span> <span class='ocrx_word' id='word_1_753' title='bbox 1847 4775 2186 4830; x_wconf 87' lang='lat' dir='ltr'><strong>adorandum</strong></span> <span class='ocrx_word' id='word_1_754' title='bbox 2219 4785 2496 4847; x_wconf 85' lang='lat' dir='ltr'><strong>putamus,</strong></span> <span class='ocrx_word' id='word_1_755' title='bbox 2523 4778 2668 4848; x_wconf 91' lang='lat' dir='ltr'><strong>quod</strong></span> <span class='ocrx_word' id='word_1_756' title='bbox 2703 4780 2890 4834; x_wconf 80' lang='lat' dir='ltr'><strong>divina</strong></span> <span class='ocrx_word' id='word_1_757' title='bbox 2925 4781 3042 4850; x_wconf 91' lang='lat' dir='ltr'><strong>ipsa</strong></span> <span class='ocrx_word' id='word_1_758' title='bbox 3077 4793 3274 4839; x_wconf 86' lang='lat' dir='ltr'><strong>natura</strong></span> 
     </span>
    </p>
   </div>
   <div class='ocr_carea' id='block_1_106' title="bbox 1689 4866 3275 4944">
    <p class='ocr_par' dir='ltr' id='par_1_106' title="bbox 1689 4866 3275 4944">
     <span class='ocr_line' id='line_1_106' title="bbox 1689 4866 3275 4944; baseline 0.006 -23"><span class='ocrx_word' id='word_1_759' title='bbox 1689 4867 1760 4921; x_wconf 86' lang='lat' dir='ltr'><strong>sit</strong></span> <span class='ocrx_word' id='word_1_760' title='bbox 1790 4866 2054 4924; x_wconf 79' lang='lat' dir='ltr'><strong>inferius:</strong></span> <span class='ocrx_word' id='word_1_761' title='bbox 2089 4871 2292 4940; x_wconf 87' lang='lat' dir='ltr'><strong>quippe</strong></span> <span class='ocrx_word' id='word_1_762' title='bbox 2317 4885 2440 4924; x_wconf 89' lang='lat' dir='ltr'><strong>cum</strong></span> <span class='ocrx_word' id='word_1_763' title='bbox 2472 4871 2518 4924; x_wconf 86' lang='lat' dir='ltr'><strong>ei</strong></span> <span class='ocrx_word' id='word_1_764' title='bbox 2549 4871 2672 4936; x_wconf 91' lang='lat' dir='ltr'><strong>soli,</strong></span> <span class='ocrx_word' id='word_1_765' title='bbox 2699 4872 2792 4942; x_wconf 91' lang='lat' dir='ltr'><strong>qui</strong></span> <span class='ocrx_word' id='word_1_766' title='bbox 2821 4873 2952 4928; x_wconf 90' lang='lat' dir='ltr'><strong>nulli</strong></span> <span class='ocrx_word' id='word_1_767' title='bbox 2985 4875 3275 4944; x_wconf 88' lang='lat' dir='ltr'><strong>subjectus</strong></span> 
     </span>
    </p>
   </div>
   <div class='ocr_carea' id='block_1_107' title="bbox 1686 4959 3274 5036">
    <p class='ocr_par' dir='ltr' id='par_1_107' title="bbox 1686 4959 3274 5036">
     <span class='ocr_line' id='line_1_107' title="bbox 1686 4959 3274 5036; baseline 0.004 -24"><span class='ocrx_word' id='word_1_768' title='bbox 1686 4969 1790 5024; x_wconf 86' lang='lat' dir='ltr'><strong>est,</strong></span> <span class='ocrx_word' id='word_1_769' title='bbox 1827 4959 1898 5013; x_wconf 91' lang='lat' dir='ltr'><strong>sit</strong></span> <span class='ocrx_word' id='word_1_770' title='bbox 1929 4960 2018 5014; x_wconf 91' lang='lat' dir='ltr'><strong>ille</strong></span> <span class='ocrx_word' id='word_1_771' title='bbox 2047 4962 2230 5016; x_wconf 86' lang='lat' dir='ltr'><strong>cultus</strong></span> <span class='ocrx_word' id='word_1_772' title='bbox 2260 4961 2620 5027; x_wconf 90' lang='lat' dir='ltr'><strong>adhibendus,</strong></span> <span class='ocrx_word' id='word_1_773' title='bbox 2653 4961 2802 5016; x_wconf 84' lang='lat' dir='ltr'><strong>Patri</strong></span> <span class='ocrx_word' id='word_1_774' title='bbox 2837 4964 3092 5018; x_wconf 86' lang='lat' dir='ltr'><strong>videlicet</strong></span> <span class='ocrx_word' id='word_1_775' title='bbox 3123 4967 3274 5036; x_wconf 78' lang='lat' dir='ltr'><strong>inge-</strong></span> 
     </span>
    </p>
   </div>
   <div class='ocr_carea' id='block_1_108' title="bbox 1689 5051 3270 5126">
    <p class='ocr_par' dir='ltr' id='par_1_108' title="bbox 1689 5051 3270 5126">
     <span class='ocr_line' id='line_1_108' title="bbox 1689 5051 3270 5126; baseline 0.003 -20"><span class='ocrx_word' id='word_1_776' title='bbox 1689 5051 1826 5116; x_wconf 88' lang='lat' dir='ltr'><strong>nito,</strong></span> <span class='ocrx_word' id='word_1_777' title='bbox 1862 5058 1916 5106; x_wconf 91' lang='lat' dir='ltr'><strong>et</strong></span> <span class='ocrx_word' id='word_1_778' title='bbox 1945 5051 2106 5114; x_wconf 86' lang='lat' dir='ltr'><strong>Filio,</strong></span> <span class='ocrx_word' id='word_1_779' title='bbox 2148 5054 2238 5123; x_wconf 90' lang='lat' dir='ltr'><strong>qui</strong></span> <span class='ocrx_word' id='word_1_780' title='bbox 2281 5053 2350 5107; x_wconf 91' lang='lat' dir='ltr'><strong>ab</strong></span> <span class='ocrx_word' id='word_1_781' title='bbox 2397 5054 2515 5123; x_wconf 86' lang='lat' dir='ltr'><strong>ipso</strong></span> <span class='ocrx_word' id='word_1_782' title='bbox 2545 5055 2760 5124; x_wconf 84' lang='lat' dir='ltr'><strong>genitus</strong></span> <span class='ocrx_word' id='word_1_783' title='bbox 2800 5063 2905 5120; x_wconf 86' lang='lat' dir='ltr'><strong>est,</strong></span> <span class='ocrx_word' id='word_1_784' title='bbox 2953 5064 3008 5110; x_wconf 92' lang='lat' dir='ltr'><strong>et</strong></span> <span class='ocrx_word' id='word_1_785' title='bbox 3044 5055 3270 5126; x_wconf 89' lang='lat' dir='ltr'><strong>Spiritui</strong></span> 
     </span>
    </p>
   </div>
   <div class='ocr_carea' id='block_1_109' title="bbox 1689 5143 3272 5217">
    <p class='ocr_par' dir='ltr' id='par_1_109' title="bbox 1689 5143 3272 5217">
     <span class='ocr_line' id='line_1_109' title="bbox 1689 5143 3272 5217; baseline 0.005 -21"><span class='ocrx_word' id='word_1_786' title='bbox 1689 5150 1900 5206; x_wconf 84' lang='lat' dir='ltr'><strong>sancto,</strong></span> <span class='ocrx_word' id='word_1_787' title='bbox 1949 5147 2039 5212; x_wconf 93' lang='lat' dir='ltr'><strong>qui</strong></span> <span class='ocrx_word' id='word_1_788' title='bbox 2087 5143 2156 5198; x_wconf 90' lang='lat' dir='ltr'><strong>ab</strong></span> <span class='ocrx_word' id='word_1_789' title='bbox 2205 5143 2395 5198; x_wconf 91' lang='lat' dir='ltr'><strong>eodem</strong></span> <span class='ocrx_word' id='word_1_790' title='bbox 2439 5160 2536 5214; x_wconf 88' lang='lat' dir='ltr'><strong>per</strong></span> <span class='ocrx_word' id='word_1_791' title='bbox 2579 5143 2926 5217; x_wconf 84' lang='lat' dir='ltr'><strong>Unigenitum</strong></span> <span class='ocrx_word' id='word_1_792' title='bbox 2971 5149 3272 5217; x_wconf 89' lang='lat' dir='ltr'><strong>productus</strong></span> 
     </span>
    </p>
   </div>
   <div class='ocr_carea' id='block_1_110' title="bbox 1686 5235 3269 5305">
    <p class='ocr_par' dir='ltr' id='par_1_110' title="bbox 1686 5235 3269 5305">
     <span class='ocr_line' id='line_1_110' title="bbox 1686 5235 3269 5305; baseline 0.004 -15"><span class='ocrx_word' id='word_1_793' title='bbox 1686 5242 1792 5290; x_wconf 87' lang='lat' dir='ltr'><strong>est.</strong></span> <span class='ocrx_word' id='word_1_794' title='bbox 1817 5235 2266 5305; x_wconf 86' lang='lat' dir='ltr'><strong>Quandoquidem</strong></span> <span class='ocrx_word' id='word_1_795' title='bbox 2295 5237 2430 5290; x_wconf 86' lang='lat' dir='ltr'><strong>nihil</strong></span> <span class='ocrx_word' id='word_1_796' title='bbox 2459 5239 2514 5290; x_wconf 90' lang='lat' dir='ltr'><strong>in</strong></span> <span class='ocrx_word' id='word_1_797' title='bbox 2542 5237 2810 5294; x_wconf 84' lang='lat' dir='ltr'><strong>Trinitatc</strong></span> <span class='ocrx_word' id='word_1_798' title='bbox 2839 5251 3108 5304; x_wconf 88' lang='lat' dir='ltr'><strong>creatum,</strong></span> <span class='ocrx_word' id='word_1_799' title='bbox 3135 5241 3269 5298; x_wconf 88' lang='lat' dir='ltr'><strong>nihil</strong></span> 
     </span>
    </p>
   </div>
   <div class='ocr_carea' id='block_1_111' title="bbox 1685 5325 3268 5400">
    <p class='ocr_par' dir='ltr' id='par_1_111' title="bbox 1685 5325 3268 5400">
     <span class='ocr_line' id='line_1_111' title="bbox 1685 5325 3268 5400; baseline 0.004 -21"><span class='ocrx_word' id='word_1_800' title='bbox 1685 5339 1864 5380; x_wconf 73' lang='lat' dir='ltr'><strong>causa:</strong></span> <span class='ocrx_word' id='word_1_801' title='bbox 1894 5325 1986 5378; x_wconf 94' lang='lat' dir='ltr'><strong>ulli</strong></span> <span class='ocrx_word' id='word_1_802' title='bbox 2018 5335 2102 5380; x_wconf 87' lang='lat' dir='ltr'><strong>est</strong></span> <span class='ocrx_word' id='word_1_803' title='bbox 2148 5327 2482 5395; x_wconf 74' lang='lat' dir='ltr'><strong>obnoxium;</strong></span> <span class='ocrx_word' id='word_1_804' title='bbox 2529 5345 2636 5384; x_wconf 89' lang='lat' dir='ltr'><strong>non</strong></span> <span class='ocrx_word' id='word_1_805' title='bbox 2665 5330 2808 5384; x_wconf 90' lang='lat' dir='ltr'><strong>enim</strong></span> <span class='ocrx_word' id='word_1_806' title='bbox 2851 5331 3058 5400; x_wconf 87' lang='lat' dir='ltr'><strong>aliquid</strong></span> <span class='ocrx_word' id='word_1_807' title='bbox 3092 5333 3146 5385; x_wconf 89' lang='lat' dir='ltr'><strong>in</strong></span> <span class='ocrx_word' id='word_1_808' title='bbox 3179 5333 3268 5386; x_wconf 90' lang='lat' dir='ltr'><strong>illa</strong></span> 
     </span>
    </p>
   </div>
   <div class='ocr_carea' id='block_1_112' title="bbox 1686 5418 3267 5493">
    <p class='ocr_par' dir='ltr' id='par_1_112' title="bbox 1686 5418 3267 5493">
     <span class='ocr_line' id='line_1_112' title="bbox 1686 5418 3267 5493; baseline 0.004 -21"><span class='ocrx_word' id='word_1_809' title='bbox 1686 5427 1767 5472; x_wconf 85' lang='lat' dir='ltr'><strong>cst</strong></span> <span class='ocrx_word' id='word_1_810' title='bbox 1799 5433 1829 5472; x_wconf 92' lang='lat' dir='ltr'><strong>c</strong></span> <span class='ocrx_word' id='word_1_811' title='bbox 1863 5418 2034 5472; x_wconf 87' lang='lat' dir='ltr'><strong>nihilo</strong></span> <span class='ocrx_word' id='word_1_812' title='bbox 2069 5421 2415 5488; x_wconf 87' lang='lat' dir='ltr'><strong>productum,</strong></span> <span class='ocrx_word' id='word_1_813' title='bbox 2449 5423 2599 5478; x_wconf 86' lang='lat' dir='ltr'><strong>velut</strong></span> <span class='ocrx_word' id='word_1_814' title='bbox 2644 5431 2858 5486; x_wconf 69' lang='lat' dir='ltr'><strong>caetera,</strong></span> <span class='ocrx_word' id='word_1_815' title='bbox 2899 5439 3020 5493; x_wconf 70' lang='lat' dir='ltr'><strong>quae</strong></span> <span class='ocrx_word' id='word_1_816' title='bbox 3047 5439 3267 5479; x_wconf 87' lang='lat' dir='ltr'><strong>causam</strong></span> 
     </span>
    </p>
   </div>
   <div class='ocr_carea' id='block_1_113' title="bbox 1688 5509 3269 5585">
    <p class='ocr_par' dir='ltr' id='par_1_113' title="bbox 1688 5509 3269 5585">
     <span class='ocr_line' id='line_1_113' title="bbox 1688 5509 3269 5585; baseline 0.005 -22"><span class='ocrx_word' id='word_1_817' title='bbox 1688 5509 1926 5579; x_wconf 88' lang='lat' dir='ltr'><strong>aliquam</strong></span> <span class='ocrx_word' id='word_1_818' title='bbox 1963 5511 2174 5577; x_wconf 87' lang='lat' dir='ltr'><strong>sortita,</strong></span> <span class='ocrx_word' id='word_1_819' title='bbox 2209 5527 2498 5584; x_wconf 76' lang='lat' dir='ltr'><strong>causaeque</strong></span> <span class='ocrx_word' id='word_1_820' title='bbox 2531 5515 2774 5585; x_wconf 84' lang='lat' dir='ltr'><strong>subjecta</strong></span> <span class='ocrx_word' id='word_1_821' title='bbox 2809 5527 2955 5572; x_wconf 88' lang='lat' dir='ltr'><strong>sunt.</strong></span> <span class='ocrx_word' id='word_1_822' title='bbox 3001 5519 3269 5584; x_wconf 61' lang='lat' dir='ltr'><strong>Quocirca</strong></span> 
     </span>
    </p>
   </div>
   <div class='ocr_carea' id='block_1_114' title="bbox 1687 5602 3267 5680">
    <p class='ocr_par' dir='ltr' id='par_1_114' title="bbox 1687 5602 3267 5680">
     <span class='ocr_line' id='line_1_114' title="bbox 1687 5602 3267 5680; baseline 0.006 -23"><span class='ocrx_word' id='word_1_823' title='bbox 1687 5617 1812 5657; x_wconf 91' lang='lat' dir='ltr'><strong>cum</strong></span> <span class='ocrx_word' id='word_1_824' title='bbox 1847 5602 2117 5672; x_wconf 88' lang='lat' dir='ltr'><strong>ejusmodi</strong></span> <span class='ocrx_word' id='word_1_825' title='bbox 2151 5620 2376 5664; x_wconf 86' lang='lat' dir='ltr'><strong>causam</strong></span> <span class='ocrx_word' id='word_1_826' title='bbox 2409 5608 2614 5672; x_wconf 83' lang='lat' dir='ltr'><strong>nullam</strong></span> <span class='ocrx_word' id='word_1_827' title='bbox 2652 5607 2893 5667; x_wconf 83' lang='lat' dir='ltr'><strong>Trinitas</strong></span> <span class='ocrx_word' id='word_1_828' title='bbox 2927 5611 3142 5680; x_wconf 87' lang='lat' dir='ltr'><strong>habeat,</strong></span> <span class='ocrx_word' id='word_1_829' title='bbox 3179 5627 3267 5668; x_wconf 79' lang='lat' dir='ltr'><strong>sc-</strong></span> 
     </span>
    </p>
   </div>
  </div>
