3838 6314
605 288 703 345 GH

1950 285 2008 343 S.
2052 285 2393 343 EPIPHANII
3768 292 3797 345 ε

603 407 890 477 metipsam
923 404 1093 462 solam
1119 405 1236 462 sine
1261 406 1373 461 ullo
1401 423 1590 465 errore
1611 408 1947 467 adorandam
1973 409 2180 474 docuit,

2293 410 2483 481 σμένα,
2522 410 2713 482 Πατὴρ
2738 411 2799 464 δὲ
2833 411 3128 479 ἀκτιστος,
3164 412 3296 466 Υἱὸν
3321 412 3459 483 ἔχων
3490 413 3562 477 ἐξ
3603 414 3799 481 daan

604 499 862 570 quoniam
894 498 1009 553 sola
1041 512 1224 553 causa:
1252 501 1431 555 omnis
1459 510 1545 556 est
1569 516 1788 571 expers,
1821 502 2030 571 reliqua
2055 516 2186 557 vero

604 590 789 648 omnia
812 605 845 644 a
864 598 1012 645 certa
1034 605 1201 647 causa
1232 592 1691 662 proﬁciscuntur;
1725 596 1838 649 haec
1865 594 2011 648 enim
2039 592 2188 648 facta

606 692 1000 754 procreataque
1034 694 1183 748 sunt,
1216 682 1376 739 Pater
1413 686 1708 750 increatus,
1746 685 1943 741 Filium
1978 685 2188 741 habens

608 792 637 829 a
668 792 727 831 se
754 776 1017 845 genitum,
1058 791 1167 830 non
1203 786 1468 841 creatum,
1498 786 1553 832 et
1580 788 1828 834 sanctum
1859 778 2123 849 Spiritum
2156 792 2188 832 a

609 883 669 923 se
699 868 1105 937 procedentem,
1131 882 1241 921 non
1264 866 1490 922 factum.
1531 868 1662 935 Quae
1685 884 1809 924 cum
1834 872 1907 923 ita
1941 884 2064 925 sese
2092 869 2191 923 ha-

609 958 794 1020 beant,
818 975 991 1029 neque
1020 958 1231 1013 all’ectio
1258 959 1365 1013 ulla
1398 960 1451 1013 in
1483 960 1821 1015 adorandum
1856 959 2076 1025 Filium,
2104 960 2189 1015 vel

612 1048 879 1119 Spiritum
915 1058 1166 1105 sanctum
1203 1050 1471 1106 redundet
1502 1066 1533 1105 a
1566 1068 1755 1119 causa,
1795 1052 2010 1107 etiamsi
2039 1052 2191 1123 geni-

609 1147 783 1194 torem
824 1138 995 1196 Filius
1041 1141 1236 1197 habeat
1270 1141 1510 1208 Patrem,
1543 1159 1720 1213 neque
1750 1153 1949 1199 creata:
1982 1152 2191 1199 uatem

608 1249 699 1289 res
738 1234 1042 1291 all'ectionis
1073 1242 1325 1304 expertes
1360 1244 1509 1303 sunt,
1554 1253 1677 1307 qua:
1722 1253 1787 1292 ex
1814 1252 1998 1293 causa)
2027 1238 2190 1293 sorti-

609 1326 757 1381 tione
776 1327 973 1391 oritur,
992 1342 1115 1382 cum
1140 1328 1251 1383 sint
1272 1344 1300 1381 a
1323 1326 1507 1392 Patre,
1524 1327 1663 1384 Filio
1694 1338 1748 1383 et
1770 1328 1972 1399 Spiritu
2000 1336 2191 1384 sancto

610 1424 927 1485 procreatae.
973 1416 1044 1470 At
1068 1416 1393 1486 Unigenitus
1426 1417 1646 1472 nihilex
1681 1418 1990 1473 istiusmodi
2011 1432 2193 1471 causa:

612 1508 968 1562 attributione
992 1508 1220 1578 patitur,
1252 1526 1431 1579 neque
1459 1509 1698 1580 Spiritus
1724 1519 1969 1571 sanctus,
2001 1524 2193 1579 quem-

609 1599 905 1653 admodum
937 1615 1114 1669 neque
1141 1598 1304 1654 Pater
1331 1600 1481 1670 ipse;
1518 1609 1808 1671 propterea
1840 1598 1991 1669 quod
2020 1598 2191 1653 Filius

608 1689 789 1759 genita
826 1689 1044 1743 soboles
1081 1696 1187 1755 est,
1222 1703 1328 1742 non
1364 1696 1636 1743 creatura.
1671 1687 1853 1753 Quare
1891 1685 2093 1739 nullam
2124 1700 2191 1738 ex

606 1795 673 1836 eo
729 1782 871 1849 quod
934 1783 1150 1851 genitus
1195 1791 1305 1847 est,
1354 1781 1701 1838 all‘ectionem
1734 1794 1918 1834 causa:
1963 1778 2194 1833 sortitur
2222 1767 2266 1823 Β

607 1868 817 1936 Filius;
867 1887 969 1927 nec
1008 1872 1247 1944 Spiritus
1291 1882 1538 1939 sanctus,
1575 1887 1700 1929 cum
1742 1888 1772 1926 a
1802 1872 1964 1927 Patre
1996 1886 2188 1940 proce-

607 1961 719 2017 dat.
750 1963 959 2019 Etenim
990 1965 1150 2021 Pater
1181 1981 1247 2021 ex
1278 1982 1366 2033 eo,
1390 1966 1539 2036 quod
1570 1964 1776 2036 genuit,
1820 1972 1915 2018 aut
1944 1962 2127 2018 emisit
2157 1978 2188 2017 e

607 2070 669 2109 se
699 2056 838 2124 ipso,
871 2068 1067 2113 caetera
1108 2072 1237 2111 vero
1271 2065 1394 2129 post
1418 2056 1616 2111 Filium
1658 2070 1723 2111 ac
1759 2054 2025 2125 Spiritum
2060 2068 2190 2108 san-

607 2157 753 2202 ctum
784 2150 1010 2213 creavit,
1052 2149 1325 2204 all‘ectioni
1373 2150 1467 2203 uili
1500 2162 1683 2204 causae
1718 2147 2002 2216 subjectus
2024 2144 2190 2216 975

607 2244 713 2299 est,
764 2254 1073 2309 quanquam
1108 2240 1215 2293 alia
1245 2239 1429 2294 omnia
1461 2240 1513 2293 in
1543 2239 1783 2293 creando
1814 2236 2193 2309 generandove

2287 500 2641 572 γεννημίνον,
2686 502 2802 556 ἀλλ’
2839 503 2900 557 οὐ
2942 503 3181 569 κτιστὸν,
3224 506 3319 558 καὶ⁸
3359 504 3523 573 ἅγιον
3567 503 3786 574 Πνεῦμα

2289 591 2455 646 αὑτοῦ
2510 592 2947 663 ἐκπορευόμενον
2971 632 2986 656 ,
3034 595 3132 648 καὶ
3188 594 3249 647 οὐ
3313 595 3799 666 ὃεδημιουργημέν

2288 682 2508 735 Τούτων
2551 683 2611 737 δὲ
2654 682 2830 747 οὓτως
2873 685 3129 754 ἑχόντων,
3164 684 3292 741 οὔτε
3320 688 3497 752 πάθος
3533 687 3800 759 κεκλήρωι

2290 775 2464 829 αἰτίου
2495 776 2525 829 ὁ
2548 776 3034 849 προσκυνούμενος
3058 779 3208 844 Υἱὸς,
3238 780 3333 833 καὶ
3354 780 3416 833 τὸ
3439 781 3611 849 ἅγιον
3639 780 3799 850 Πνεῦρ

2290 867 2394 923 κᾶν
2426 867 2649 940 Πατέρα
2677 868 2790 940 ἔχοι
2825 871 2917 924 τὸν
2942 872 3264 943 γεννήτορα,
3295 871 3421 926 οὔτε
3450 872 3529 924 τὰ
3570 872 3736 924 λοιπὰ
3768 890 3799 923 κ

2292 978 2473 1032 σματα
2497 961 2626 1015 ἄνευ
2653 962 2861 1026 πάθους
2889 964 2975 1033 εἴη
3014 963 3343 1035 κληρώσεως
3370 965 3528 1017 uitta
3556 966 3601 1028 ί,
3635 966 3740 1017 ἀπὸ
3767 964 3799 1016 Π

2288 1054 2437 1126 τρὸς,
2486 1055 2581 1108 καὶ
2620 1054 2784 1119 Υίοῦ,
2837 1056 2931 1109 καὶ
2968 1055 3126 1123 ἁγίου
3166 1056 3482 1126 Πνεῦματος
3525 1056 3799 1124 κεκτισμὲι

2291 1144 2486 1214 Σαφῶς
2522 1144 2578 1197 δὲ
2611 1145 2740 1199 ἄνευ
2769 1144 2973 1209 πάθους
3009 1146 3095 1216 εἴη
3127 1149 3156 1200 ὁ
3187 1144 3504 1217 Μονογενὴς
3548 1145 3799 1217 sanguine

2291 1236 2489 1301 αἰτίας,
2515 1236 2611 1290 καὶ
2637 1236 2699 1289 τὸ
2726 1237 2881 1303 ἅγιον
2909 1236 3075 1290 αὑτοῦ
3099 1236 3343 1308 Πνεῦμα,
3372 1236 3450 1300 ὼς
3480 1238 3588 1291 καί
3610 1238 3643 1289 ὁ
3671 1238 3799 1291 Πατῆ

2291 1326 2373 1379 ὅτι
2399 1326 2527 1389 rw;
2549 1326 2666 1380 ἐστι
2688 1327 2960 1397 γέννημα.
2986 1327 3079 1380 κει)⁸
3101 1328 3166 1380 οὐ
3206 1328 3432 1397 κτίσμα.
3479 1327 3603 1382 Καὶ
3637 1326 3735 1379 οὐκ
3770 1328 3798 1379 ἁ

2290 1418 2386 1471 τοῦ
2441 1418 2799 1489 γεγεννῆσθαι
2851 1420 3001 1473 αἰτία
3051 1421 3072 1450 ¹
3113 1420 3318 1483 πάθους
3374 1418 3795 1490 πληρωθήσεται

2294 1509 2455 1589 Υἱός·
2484 1510 2607 1563 οὐδὲ
2636 1509 2699 1563 τὺ
2719 1510 2967 1581 Πνεῦμα,
3010 1511 3198 1582 ἐπειδὴ
3225 1513 3291 1564 ὲκ
3321 1512 3546 1581 Harpe;
3586 1511 3799 1589 ἑκπορεέ

2291 1584 2422 1667 ται,
2451 1601 2574 1655 οὔτε
2617 1601 2729 1672 γὰρ
2762 1602 2791 1654 ὁ
2838 1602 3053 1673 Πατὴρ,
3096 1602 3282 1673 ἐπειδὴ
3326 1603 3622 1673 ἐγέννησε,
3658 1584 3764 1653 καὶ

2295 1694 2488 1748 ἑαυτοῦ
2519 1694 2776 1766 ἐξήγαγε,
2804 1694 2874 1748 τὰ
2913 1696 2958 1748 δ’
2981 1695 3115 1749 ἄλλα
3153 1693 3292 1765 μετὰ
3318 1693 3445 1747 Υἱδν
3493 1694 3601 1748 καὶ
3659 1691 3799 1761 Πνεῦι

2294 1786 2527 1850 ἔκτισεν,
2550 1785 2658 1838 ὑπὸ
2687 1785 2857 1849 πάθος
2882 1787 3063 1849 αἰτίας
3084 1785 3424 1855 εὑρίσκεται,
3458 1784 3653 1838 καίτοι
3683 1800 3741 1849 γε
3767 1801 3799 1833 τι

2294 1874 2468 1928 ἄλλων
2492 1874 2710 1928 πάντων
2736 1877 2793 1928 ὲν
2815 1874 2894 1945 τῷ
2922 1871 3123 1940 κτίζειν
3160 1875 3192 1945 ἢ
3220 1875 3419 1945 γεννᾷν
3452 1872 3632 1926 πάθει
3668 1888 3799 1939 owe;

2299 1964 2493 2034 μένων.
2525 1964 2788 2026 Ἀναίτιος
2824 1961 2956 2031 γοῦν
2987 1964 3017 2015 ὁ
3053 1962 3265 2033 Πατὴρ,
3322 1963 3419 2015 καὶ
3445 1963 3478 2014 ὁ
3510 1960 3671 2023 Υἱὸς,
3701 1958 3783 2011 καὶ

2299 2052 2453 2122 ἆγιον
2502 2053 2726 2123 Πνεῦμα
2747 2068 2762 2082 ⁸
2805 2052 2952 2106 αἰτία
2983 2052 3042 2105 δέ
3076 2053 3225 2105 ἐστιν
3261 2053 3295 2123 ἡ
3338 2052 3512 2122 Τριὰς
3548 2052 3666 2105 τῶν
3707 2050 3799 2103 ἁπά

2296 2163 2425 2208 των,
2474 2145 2857 2213 συγκτίζουσα,
2901 2147 2999 2199 καὶ
3041 2147 3574 2218 συνδημωυργοῦσα,
3616 2144 3765 2216 μηδὲν

2299 2237 2435 2307 αὐτῇ
2458 2237 2674 2292 κτιστδν
2694 2238 2729 2309 ἢ
2763 2238 3292 2310 δεδημιουργημένον
3313 2238 3687 2307 γινώσκουσι

612 2334 888 2402 patiantur
919 2332 1144 2404 aliquid.
1180 2332 1522 2402 Quapropter
1556 2331 1734 2393 Pater,
1767 2329 1937 2384 Filius
1970 2337 2025 2384 et
2074 2326 2313 2398 Spiritus
2343 2336 2569 2385 sanctus
2598 2344 2821 2385 causam
2881 2330 3083 2385 habent
3142 2329 3371 2384 nullam.
3434 2327 3698 2386 Omnium
3747 2340 3799 2377 re

611 2439 775 2478 causa
804 2434 887 2479 est
906 2425 1023 2494 ipsa
1050 2422 1311 2489 Trinitas,
1333 2442 1454 2496 quas
1475 2425 1660 2479 omnia
1690 2424 1796 2480 ista
1823 2423 1985 2480 simul
2016 2430 2186 2490 creat,
2231 2438 2295 2478 ac
2324 2424 2568 2490 molitur,
2605 2424 2849 2495 nihilque
2897 2424 2957 2480 in
3014 2439 3137 2481 sese
3203 2432 3446 2479 creatum
3516 2434 3619 2477 aut
3654 2421 3799 2476 fabric

611 2526 727 2570 tum
755 2517 1026 2585 agnoscit.

1035 2629 1219 2684 ΔΕΤΠ
1247 2629 1479 2686 CAPUT
1509 2628 1752 2686 XXVIII.

682 2720 743 2776 Si
775 2719 1040 2791 quidquid
1075 2723 1400 2793 productum
1431 2732 1534 2788 est,
1558 2722 1627 2778 ab
1660 2722 1832 2778 altero
1862 2722 2189 2793 productum

610 2820 717 2876 est.
747 2813 985 2885 ingenita
1020 2829 1150 2869 vero
1183 2813 1495 2885 hypostasis
1525 2829 1625 2870 nec
1658 2829 1689 2867 a
1716 2830 1775 2870 se
1814 2815 1953 2885 ipsa,
1990 2829 2090 2869 nec
2122 2813 2190 2867 ab

612 2905 719 2958 alia
756 2905 1017 2974 producta
1040 2914 1146 2968 est,
1180 2906 1407 2977 ingeniti
1434 2908 1706 2962 vocabulo
1735 2907 2043 2964 substantia
2073 2906 2191 2976 ipsa

610 2999 948 3069 signiﬁcetur
979 3006 1214 3070 oportet.

1099 3111 1409 3181 Confutatt'o
1442 3109 1549 3164 ΧΧ
1562 3107 1727 3163 VIII.

680 3204 922 3261 Rursum
956 3204 1115 3259 nobis
1144 3204 1288 3258 istud
1320 3203 1534 3266 Aetius,
1567 3210 1830 3272 tanquam
1867 3216 2068 3256 novum
2091 3200 2193 3255 ali-

610 3298 743 3367 quid
775 3306 827 3351 et
858 3296 1187 3360 inauditum,
1219 3295 1428 3365 objicit,
1458 3306 1518 3351 ut
1542 3295 1841 3351 dialecticae
1869 3295 2029 3350 istius
2061 3295 2193 3349 sub-

610 3390 820 3446 tilitatis
854 3397 1044 3444 auctor
1076 3404 1199 3446 esse
1248 3388 1517 3444 videatur.
1574 3386 1755 3454 Quare
1788 3403 2195 3460 supervacauee

610 3480 742 3535 illud
768 3494 935 3533 unum
966 3478 1226 3547 inculcat,
1254 3477 1399 3548 quod
1426 3479 1479 3533 in
1505 3478 1937 3533 controversiam
1973 3478 2195 3532 minime

610 3583 937 3638 revocatur;
972 3586 1149 3641 neque
1172 3571 1385 3626 veritati
1411 3578 1701 3642 repugnat,
1722 3581 1777 3625 et
1804 3579 2061 3641 perpetua
2093 3569 2195 3623 Ec-

608 3666 791 3720 clesiae
812 3665 1097 3720 catholicae
1128 3662 1470 3734 professione
1494 3670 1730 3718 tenetur.
1762 3660 2037 3733 Quidquid
2063 3677 2194 3732 ergo

607 3754 812 3807 factum
838 3764 945 3817 est,
992 3754 1060 3807 ab
1093 3756 1266 3808 altero
1297 3752 1500 3806 factum
1536 3755 1608 3807 sit
1643 3760 1892 3822 oportet;
1946 3760 2003 3805 at
2039 3752 2192 3822 inge-

613 3846 723 3899 nita
778 3845 1089 3917 hypostasis
1133 3857 1311 3914 neque
1349 3857 1378 3895 a
1431 3843 1612 3914 scipsa
1640 3882 1656 3907 ,
1736 3858 1913 3914 neque
1949 3844 2019 3897 ab
2063 3844 2191 3907 alia,

609 3939 860 4008 quamvis
921 3936 1147 4005 ingeniti
1199 3935 1421 3990 nomine
1477 3934 1840 3990 substantiam
1893 3935 2190 4005 signiﬁcari

613 4043 839 4082 necesse
871 4028 959 4081 sit.
996 4026 1138 4092 Quid
1171 4025 1316 4080 enim
1352 4026 1525 4094 magis
1551 4025 1641 4079 illo
1672 4027 2043 4081 necessarium
2069 4041 2195 4081 esse

611 4121 822 4191 potest?
850 4118 984 4181 Nam
1017 4119 1121 4173 hoc
1148 4118 1471 4173 substantia:
1500 4118 1845 4183 vocabulum,
1874 4119 2017 4189 quod
2046 4120 2195 4172 Ano-

611 4213 740 4268 mmi
767 4222 821 4267 et
861 4211 1053 4266 Ariani
1081 4212 1136 4265 in
1167 4227 1262 4265 ore
1291 4225 1504 4280 semper
1532 4210 1751 4277 habent,
1779 4211 1978 4266 callide
2006 4224 2072 4265 ac
2098 4226 2193 4265 re-

613 4305 871 4359 teratorie
906 4304 1191 4375 usurpavit
1219 4304 1434 4367 Aetius,
1464 4313 1520 4357 et
1548 4302 1619 4358 ah
1652 4304 1771 4373 ipsa
1797 4311 2025 4358 coactus
2051 4303 2193 4357 veri-

2658 2621 2912 2678 ΑΕἹΊΟΥ
2949 2623 3347 2677 ΚΕΩΔΛΔΙΟΝ
3380 2623 3517 2678 KH’.

2370 2716 2433 2771 Εἰ
2472 2717 2581 2769 πᾶν
2614 2714 2675 2787 το
2698 2715 2921 2785 γεγονὸς
2946 2716 3037 2783 ὑφ’
3070 2716 3261 2785 ἑτέρου
3296 2715 3548 2793 γέγονεν,
3581 2718 3616 2787 ἡ
3642 2716 3697 2770 δὲ
3718 2716 3799 2783 ἀτί

2296 2825 2457 2880 νητος
2493 2808 2793 2871 ὑπόστασις
2829 2808 2952 2863 οὔτε
3000 2808 3090 2877 ὑφ’
3137 2808 3355 2881 ἑαυτῆς,
3389 2808 3516 2863 οὕτε
3562 2811 3653 2879 ὑφ’
3689 2809 3799 2877 ἑτέρε

2299 2902 2521 2971 γέγονεν
2539 2919 2551 2933 ·
2576 2903 2796 2974 ἀνάγκη
2818 2904 3005 2959 οὐσίαν
3033 2903 3227 2975 δηλοῦν
3254 2905 3313 2958 τὸ
3336 2905 3652 2976 ἀγέννητον.

2841 3108 3165 3179 Ἀνατροπὴ
3212 3113 3345 3163 KH'.

2367 3198 2478 3251 Καὶ
2524 3198 2682 3252 τοῦτο
2727 3199 2889 3253 πάλιν
2940 3200 3142 3265 Ἀἐτιος
3188 3202 3311 3271 ἥκει
3357 3203 3542 3273 φέρων
3588 3205 3738 3273 ἡμῖν,
3784 3201 3797 3249 ί

2296 3290 2481 3345 καινόν
2512 3310 2563 3344 τι
2586 3293 2678 3345 καὶ
2706 3294 3016 3363 πρόσφατον
3045 3293 3440 3363 ὑφηγούμενος,
3477 3294 3570 3349 ἵνα
3603 3298 3728 3364 φακῇ
3750 3294 3798 3357 διε

2294 3383 2549 3455 λεκτικῆς
2578 3387 2877 3457 ἐφευρετὴς
2921 3381 3058 3439 εἶναι
3091 3387 3467 3456 συλλογιστίας
3496 3391 3565 3441 ὲκ
3599 3386 3797 3459 περισπὲ

2301 3477 2409 3550 [οὐ]
2447 3477 2608 3547 μόνον
2630 3478 2649 3507 ³
2687 3478 2818 3530 αὐτὸ
2848 3478 3003 3530 τοῦτο
3040 3477 3235 3548 δηλῶν,
3286 3479 3423 3550 ὅπερ
3448 3480 3571 3532 οὐδὲ
3608 3475 3798 3549 ἀμςιὸἁλ

2294 3568 2469 3632 λεται,
2506 3568 2629 3622 οὔτε
2665 3570 2804 3621 κατὰ
2824 3569 2924 3639 τῆς
2953 3569 3230 3641 ἀληθείας,
3264 3570 3325 3622 τὸ
3353 3573 3440 3624 ἀεὶ
3468 3572 3528 3623 ὲν
3560 3570 3699 3639 αὐτῷ
3720 3571 3796 3619 iv:

2292 3660 2556 3732 ’καθολικῇ
2598 3660 2889 3731 Ἐκκλησία
2921 3659 3351 3731 ὁμολογούμενον
3382 3663 3691 3734 ἐνυπάρχει.
3746 3660 3796 3711 lli

2294 3751 2403 3823 γὰρ
2432 3752 2492 3805 τὸ
2515 3753 2736 3821 γεγονὸς
2777 3753 2865 3821 ὑφ’
2914 3753 3102 3823 ἑτέρου
3136 3753 3362 3822 γίνεται.
3406 3755 3469 3807 Ἦ
3496 3755 3557 3808 δὲ
3588 3755 3796 3821 irim?!

2296 3843 2589 3905 ὑπόστασις
2642 3841 2763 3894 οὔτε
2794 3844 2883 3911 ὑφ’
2909 3843 3125 3912 ἑαυτῆς,
3148 3842 3273 3897 οὔτε
3296 3844 3385 3913 ὑφ’
3409 3845 3603 3915 ἑτέρας
3622 3844 3796 3913 γέγονεν

2295 3936 2344 3988 εί
2388 3934 2482 3988 καὶ
2522 3936 2736 4004 ἀνάγκη
2772 3935 2961 3989 οὐσίαν
2993 3934 3186 4005 δηλοῦν
3222 3936 3284 3987 τὸ
3330 3936 3641 4009 ἀγέννητον.
3682 3936 3794 3986 K211

2293 4026 2484 4079 τούτου
2518 4027 2971 4099 ἀναγκαιότερον;
3020 4028 3198 4100 Ὅπερ
3239 4029 3349 4100 γὰρ
3390 4030 3478 4082 ἀεὶ
3535 4029 3659 4099 παρ’
3686 4022 3794 4079 αὐτοὶ

2294 4120 2405 4180 τοῖς
2425 4134 2484 4170 τε
2528 4119 2842 4188 ⁹Δνομοίοις,
2876 4120 2969 4171 καὶ
3006 4120 3300 4191 Ἀρειανοῖς
3331 4120 3393 4172 τὸ
3422 4122 3521 4191 τῆς
3543 4120 3713 4179 οὐσίας
3732 4116 3794 4165 δνο

2296 4224 2376 4280 μα
2404 4210 2751 4281 παλιμϐόλως
2780 4209 3067 4275 ὲξελάὸετο
3102 4213 3327 4277 ’Δὲτιος,
3361 4214 3552 4282 accpi»;
3577 4204 3794 4277 ἁναγκιξά

2292 4319 2457 4373 μενος
2491 4304 2595 4357 ὑπὸ
2629 4304 2729 4375 τῆς
2763 4304 3020 4374 ἀληθείας
3047 4304 3418 4377 ὡμολόγησεν.
3468 4307 3659 4368 Οὐσίας
3683 4302 3793 4354 τοί-ου¹

612 4404 723 4450 tate
754 4395 1045 4452 confessus
1088 4405 1192 4450 est.
1249 4394 1436 4465 Itaque
1476 4410 1601 4449 cum
1643 4394 1866 4464 iugeniti
1906 4396 2048 4448 ratio
2075 4394 2190 4463 ipsa

2296 4396 2462 4467 οὔσης
2490 4397 2590 4467 τῆς
2632 4398 2977 4469 ἀγεννησίας.
3017 4396 3075 4462 ἐξ
3116 4398 3281 4468 αὐτῆς
3310 4399 3388 4461 δὲ,
3428 4400 3524 4452 καὶ
3551 4400 3644 4452 οὐκ
3680 4393 3725 4455 ἐξ
3745 4390 3791 4441 οὐ

613 4487 918 4541 substantia
948 4488 1042 4548 sit,
1061 4486 1362 4555 eademque
1388 4501 1419 4539 e
1444 4486 1646 4554 seipsa,
1666 4500 1774 4540 non
1796 4500 1827 4540 e
1855 4485 2048 4547 nihilo,
2075 4485 2195 4538 sine

615 4577 723 4629 ulla
751 4576 1129 4645 inquinatione
1156 4590 1222 4630 ac
1250 4576 1505 4645 passione
1540 4573 1889 4645 Unigenitum
1923 4576 2194 4645 genuerit,

613 4667 763 4720 nullo
810 4683 985 4735 neque
1029 4674 1294 4737 tempore,
1350 4683 1451 4723 nec
1513 4668 1690 4732 initio,
1748 4666 2013 4738 Spiritum
2063 4684 2197 4723 vero

612 4765 863 4814 sanctum
889 4758 1136 4813 emiserit
1158 4774 1190 4812 e
1219 4758 1422 4828 seipsa,
1447 4774 1557 4813 non
1587 4774 1618 4813 e
1645 4759 1819 4813 nihilo
1840 4758 2184 4829 produxerit:

612 4850 961 4906 manifestum
991 4858 1077 4905 est
1105 4850 1158 4904 in
1188 4858 1377 4904 sancta
1405 4866 1469 4905 ac
1495 4850 1764 4906 catholica
1796 4850 2040 4908 Ecclesia
2064 4867 2191 4906 con-

610 4941 1028 4997 substantialem
1062 4939 1384 4994 Trinitatem
1420 4941 1521 4995 rite
1549 4940 1855 5011 prazdicari.
1910 4940 2033 5007 Quo
2065 4944 2188 5013 qui-

610 5035 733 5091 dem
779 5034 1003 5089 nomine
1044 5043 1227 5088 creata
1265 5035 1411 5088 nulla
1447 5050 1534 5090 res
1572 5034 1956 5105 comprehendi
1989 5043 2187 5105 potest,

609 5141 675 5181 eo
703 5125 851 5195 quod
881 5140 1056 5195 neque
1087 5132 1307 5189 natura,
1335 5141 1513 5196 neque
1541 5127 1712 5189 cultu,
1752 5140 1815 5179 ac
1841 5126 2191 5180 veneratione

610 5227 790 5289 potest
834 5220 1039 5288 aliquid
1087 5218 1400 5290 Unigenito,
1444 5231 1538 5275 aut
1576 5219 1807 5290 Spiritui
1848 5229 2042 5275 sancto
2069 5235 2190 5273 esse

611 5312 809 5367 simile.
841 5313 1049 5367 Caetera
1074 5316 1218 5368 cnim
1248 5330 1279 5369 e
1312 5316 1482 5369 nihilo
1506 5323 1710 5376 creata.
1746 5331 1844 5369 nec
1867 5315 2189 5368 adoratione

611 5406 989 5475 prosequenda
1026 5416 1192 5473 sunt;
1235 5407 1480 5463 Trinitas
1515 5423 1644 5462 vero
1679 5408 2031 5477 sempiterna.
2084 5404 2185 5459 Pa-

611 5505 696 5547 ter
732 5497 1025 5564 perfectus,
1072 5497 1234 5551 Pater
1265 5508 1383 5562 est;
1420 5498 1589 5552 Filius
1623 5498 1924 5569 perlectus.
1958 5497 2128 5552 Filius
2157 5514 2185 5551 a

613 5584 769 5641 Patre
799 5591 1048 5658 genitus;
1088 5590 1326 5659 Spiritus
1360 5601 1616 5655 sanctus,
1647 5589 1883 5660 Spiritus
1912 5590 2183 5658 perfectus

686 5704 702 5734 ¹
734 5702 792 5757 F.
824 5707 1018 5768 αἰτίας.

2292 4489 2460 4542 ὄντων
2494 4489 2779 4560 ἀχράντως
2816 4490 2913 4542 καὶ
2945 4488 3172 4554 ἀπαθῶς
3217 4491 3557 4559 γεννησάσης
3585 4490 3665 4541 τὸν
3690 4484 3792 4538 MM

2293 4582 2427 4652 γενῆ
2468 4582 2713 4651 ἀχρόνως
2748 4582 2841 4634 καὶ
2878 4581 3147 4653 ἀνάρχως,
3178 4583 3271 4635 καὶ
3299 4582 3357 4649 ἐξ
3383 4583 3551 4653 αὐτῆς
3575 4570 3791 4645 ἔξαγε-,νᾶ

2297 4690 2398 4743 σης
2426 4673 2485 4725 τὸ
2517 4675 2671 4741 ἆγιον
2707 4672 2952 4744 Πνεῦμα,
2984 4676 3077 4727 καὶ
3123 4675 3222 4728 οὐκ
3260 4672 3319 4739 ἐξ
3348 4676 3447 4729 οὐκ
3476 4677 3652 4737 ὄντων,
3678 4666 3791 4734 σαιφῶ

2288 4768 2354 4817 ίὲν
2386 4767 2450 4835 τῇ
2482 4766 2613 4836 ἁγίᾳ
2642 4765 2902 4837 καθολικῇ
2954 4766 3248 4839 Ἐκκλησία
3274 4768 3566 4839 ὀρθοδόξως
3593 4764 3789 4838 (lumine

2295 4857 2328 4925 ἡ
2354 4856 2520 4927 Τριὰς
2537 4857 2885 4926 κηρύττεται,
2910 4859 3137 4929 μηδενὸς
3167 4860 3274 4913 τῶν
3307 4862 3665 4929 κεκτισμένων
3694 4854 3789 4907 ὅλη

2301 4947 2463 5017 μένου
2485 4947 2563 5019 τῷ
2586 4950 2810 5019 ὀνόματι
2833 4950 3006 5021 τούτῳ
3026 4951 3330 5015 καλεῖσθαι,
3363 4952 3451 5005 διὰ
3482 4953 3541 5004 τὸ
3572 4949 3686 5021 μηδὲ
3710 4938 3790 4995 κατέ

2298 5046 2460 5115 φύσιν
2509 5044 2647 5100 εἶναι
2691 5064 2746 5100 τι
2792 5048 2974 5119 ὅμοιον
3020 5048 3097 5119 τῷ
3133 5049 3429 5116 Μονογενεῖ
3476 5049 3568 5101 καὶ
3611 5045 3675 5115 τῷ
3708 5036 3790 5103 diu

2296 5136 2597 5208 Πνεύματι,
2645 5139 2780 5211 μήτε
2833 5138 2969 5192 κατὰ
3008 5139 3069 5192 τὸ
3110 5139 3291 5203 σέὅας.
3332 5138 3412 5191 Τὰ
3461 5140 3557 5210 μὲν
3589 5134 3787 5206 γάρὲπτ

2297 5227 2356 5294 ἐξ
2388 5230 2487 5281 οὐκ
2527 5229 2695 5283 ὄντων
2738 5232 3088 5302 κεκτισμένα,
3126 5231 3218 5285 καὶ
3242 5233 3300 5284 οὐ
3337 5212 3788 5301 προσκυνητάἥε

2296 5319 2466 5391 Τριὰς
2500 5321 2586 5374 ἀεὶ
2613 5322 2791 5376 ἔστιν’
2824 5326 2851 5376 ὁ
2884 5324 3071 5396 Πατὴρ
3101 5323 3287 5396 Πατὴρ
3316 5324 3537 5388 τέλειος.
3575 5319 3693 5374 καὶὸ
3716 5308 3788 5479 ΥἽ

2296 5411 2425 5476 Υἱὸς
2445 5412 2651 5479 τέλειος
2686 5416 2749 5468 ὲκ
2780 5418 2993 5479 Πατρὸς
3022 5416 3319 5479 γεννηθεὶς,
3351 5416 3443 5470 καὶ
3467 5415 3525 5468 τὸ
3560 5410 3739 5479 Πνεῦμα
3758 5416 3775 5451 τ

2296 5411 2425 5476 Υἱὸς
2445 5412 2651 5479 τέλειος
2686 5416 2749 5468 ὲκ
2780 5418 2993 5488 Πατρὸς
3022 5416 3319 5489 γεννηθεὶς,
3351 5416 3443 5470 καὶ
3467 5415 3525 5468 τὸ
3560 5410 3739 5479 Πνεῦμα
3758 5416 3775 5451 τ

2294 5503 2447 5573 ἆγιον
2469 5507 2693 5578 Πνεῦμα
2718 5486 2922 5561 τέλειον
2952 5510 3019 5563 ἐκ
3042 5486 3267 5578 Πατρός
3304 5508 3595 5578 προελθὸν
3627 5506 3698 5558 καὶ
3723 5486 3786 5546 τοί

2292 5593 2426 5648 Υίοῦ
2477 5597 2801 5665 λαμϐάνον.
2862 5599 2971 5653 Καὶ
3002 5601 3179 5654 πάντα
3220 5602 3350 5671 ἡμῖν
3392 5598 3620 5669 φωτεινὰ
3651 5593 3699 5648 τὰ
3727 5584 3786 5653 τῇ

1088 5708 1106 5735 ²
1142 5705 1200 5759 F.
1237 5708 1433 5759 αἰτίαν.
1510 5708 1530 5738 ³
1551 5706 1696 5777 Lego
1724 5708 1788 5758 ἐκ
1817 5705 2076 5774 περισσοῦ
2106 5708 2285 5777 μόνον.
