3790 6212
64 293 145 348 513

653 285 1022 342 ADVERSUS
1060 280 1406 339 HERESES
1445 267 1575 335 LIB.

1784 273 1926 330 ΓΟΜ.
1968 273 2094 329 1.-
2133 269 2410 327 "AERES.
2449 270 2685 328 LXXVI.

3183 269 3291 330 ευ.

63 411 188 470 θείας
223 407 453 476 Γραφῆς,
502 405 594 459 καὶ
617 402 686 456 τὰ
715 403 815 474 τῆς
847 402 1008 470 ἁγίας
1029 399 1266 464 πίστεως
1286 440 1301 464 ,
1329 399 1422 450 καὶ
1453 395 1602 449 οὐδὲν

1784 389 1938 444 Patre
1965 389 2249 459 procedens
2271 387 2312 454 ³,
2347 396 2394 440 et
2429 402 2461 439 a
2495 385 2641 444 Filio
2669 389 2930 458 accipiens
2954 387 2996 442 ⁸.
3033 385 3109 442 Ita
3143 385 3295 444 Scri-

63 501 255 564 σκολιδν,
281 500 312 570 ἦ
343 495 602 562 ἐναντίον,
636 495 668 567 ἢ
707 493 1164 567 στραγγαλιῶδες.

379 775 637 831 mmor
666 759 1062 829 ΚΕΦΑΛΑΙΟΝ
1094 761 1227 828 K9.

113 875 170 926 Ei
197 872 258 942 τῇ
282 868 374 922 τοῦ
399 869 740 938 γεννήματος
769 865 927 937 οὐσίᾳ
973 862 1396 934 συνεμφαίνεται
1424 859 1499 922 ὡς
1520 862 1610 913 αἰ-

55 969 132 1019 τία
159 969 192 1036 ή
225 963 509 1031 ἀγέννητος
543 959 863 1020 ὑπόστασις,
911 957 1052 1010 κατὰ
1095 956 1274 1027 πάσης
1316 955 1498 1015 αἰτίας
1548 951 1609 1004 τὺ

53 1056 440 1128 ἀπαράλλακτον
481 1055 698 1125 ἔχουσα,
736 1049 1023 1104 αὑτοουσία
1059 1048 1213 1101 ἐστὶν
1250 1045 1604 1116 ἀσύγκριτος,

54 1149 144 1200 οὐκ
169 1145 352 1212 ἔξωθεν
384 1143 780 1214 συνυφαίνουσα
818 1141 880 1194 τὸ
911 1138 1212 1210 ’ἀπρόσιτον
1233 1153 1247 1166 ·
1279 1135 1410 1189 αὐτὸ
1434 1135 1490 1187 δὲ
1515 1135 1610 1187 ὑπ-

53 1241 274 1310 άρχουσα
330 1237 690 1307 ἀσύγκριτος,
735 1234 827 1287 καὶ
881 1233 1211 1301 ἀπρόσιτος,
1267 1225 1456 1298 ἐπειδῆ
1515 1226 1612 1278 καὶ

53 1329 321 1398 ἀγέννητος
331 1370 343 1382 .

586 1609 909 1678 Ἀνατροπή
937 1612 1043 1663 ΚΘν
1053 1651 1065 1664 .

117 1705 374 1767 Πολλάκις
401 1701 544 1757 κατὰ
574 1703 682 1756 τῶν
711 1703 892 1756 αὐτῶν
924 1700 1128 1764 Ἀἐτιος
1157 1699 1401 1771 φέρεται,
1425 1697 1615 1768 ὥσττερ

51 1787 140 1851 καὶ
175 1795 326 1857 αὐτὸς
357 1791 816 1861 πολλάκις-ἔφην,
852 1791 932 1855 είς
975 1789 1220 1858 κάματον
1264 1785 1425 1856 μόνον
1465 1785 1615 1856 ἡμᾶς

49 1889 245 1959 φέρων,
291 1885 382 1939 καὶ
411 1883 564 1937 οὐδὲν
593 1881 996 1955 περισσότερον.
1033 1881 1124 1933 Διὸ
1153 1879 1246 1932 καὶ
1280 1879 1336 1931 ἐν
1362 1875 1442 1948 τῷ
1474 1883 1618 1946 παρ-

1709 492 1867 552 plura
1919 482 2097 536 omnis
2147 495 2340 542 sacra,
2391 485 2445 532 et
2490 478 2758 533 catholica
2811 479 2942 534 ﬁdes
2986 477 3293 534 clarissima

1709 573 1868 626 nobis
1911 582 2030 638 est;
2087 583 2266 640 neque
2303 567 2604 638 quidquam
2657 570 2798 626 inest
2844 571 3148 640 obliquum,
3200 579 3295 628 aut

1712 665 2073 729 contrarium,
2108 671 2202 718 aut
2232 661 2468 730 denique
2500 669 2830 718 tortuosum.

2039 761 2208 846 97s
2247 773 2432 830 AETll
2465 772 2694 830 CAPUT
2727 773 2917 828 xxrx.

1783 866 1840 922 Si
1872 868 2099 938 ingeniti
2157 867 2488 931 substantia,
2523 874 2786 938 tanquam
2834 879 3024 930 causa,
3056 865 3296 936 ingenita

1711 959 2028 1030 hypostasis
2059 959 2394 1022 declaratur,
2425 974 2544 1030 qua?
2575 975 2686 1029 pra:
2712 959 2860 1014 omni
2891 973 3186 1013 causarum
3203 975 3300 1027 ge-

1711 1047 1842 1104 nere
1889 1049 2335 1104 immutabilitate
2385 1049 2456 1103 sit
2511 1049 2756 1118 praedita,
2797 1048 2986 1102 eadem
3035 1062 3132 1118 per
3177 1062 3301 1102 sese

1714 1139 2026 1194 substantia
2052 1131 2498 1209 incomparahi'lis
2522 1146 2627 1203 est,
2655 1155 2764 1193 non
2789 1139 2935 1193 velut
2957 1139 3301 1194 extrinsecus

1714 1233 1943 1287 aseitam
1987 1231 2308 1300 qualitatem
2339 1229 2485 1283 illam
2515 1246 2627 1302 pro:
2657 1246 2716 1285 se
2743 1229 2946 1294 ferens,
2982 1229 3114 1284 nihil
3145 1238 3203 1284 ut
3234 1233 3303 1286 ad

1711 1317 1888 1396 ipsam
1921 1324 2097 1395 possit
2127 1322 2426 1390 accedere;
2474 1323 2572 1378 sed
2614 1323 2670 1377 id
2701 1339 2767 1378 ex
2815 1338 2936 1379 sese
2963 1324 3192 1386 habens,
3225 1325 3304 1378 uti

1717 1417 1850 1470 nihil
1881 1431 2004 1470 cum
2041 1417 2158 1485 ipsa
2197 1413 2456 1478 conferri,
2495 1423 2588 1468 aut
2631 1413 2698 1468 ad
2734 1421 2851 1468 eam
2884 1414 3147 1470 accedere
3175 1431 3304 1486 pos-

1717 1513 1810 1568 sit.
1855 1509 2010 1565 Unde
2039 1517 2093 1564 et
2123 1525 2218 1580 per
2247 1517 2420 1563 semet
2449 1516 2532 1562 est
2565 1508 2829 1580 ingenita.

1651 1761 1690 1814 Β

2235 1621 2548 1692 Confutatio
2579 1611 2794 1676 XXIX.

1793 1719 1940 1775 Idem
1968 1734 2162 1774 saxum
2197 1725 2458 1788 perpetuo
2487 1716 2662 1780 volvit
2687 1717 2899 1780 Aetius,
2929 1725 2989 1771 ut
3020 1731 3050 1770 a
3088 1731 3176 1772 me
3205 1731 3308 1772 saa-

1721 1809 1843 1878 pius
1871 1815 1956 1862 est
1978 1807 2210 1874 dictum,
2237 1821 2414 1876 neque
2435 1805 2736 1876 quidquam
2763 1805 2908 1860 aliud
2929 1806 3034 1861 nisi
3067 1807 3307 1862 laborem

1719 1893 1884 1952 nobis
1935 1897 2090 1950 atl'ert
2138 1911 2202 1950 ac
2251 1897 2494 1951 taedium.
2576 1896 2938 1962 Quamobrem
2997 1898 3158 1953 etiam
3207 1899 3312 1953 hoe

51 1981 160 2033 όντι
205 1979 444 2046 ἀνάγκην
491 1975 724 2046 ἔσχομεν
767 1971 846 2044 τῷ
895 1971 1126 2043 καμάτῳ
1160 1969 1495 2041 προσθεῖναι,
1525 1968 1621 2020 καὶ

1784 2002 1847 2040 eo
1894 2000 2096 2040 novum
2130 1984 2424 2054 quemdam
2463 1985 2705 2040 laborem
2759 1986 2996 2057 adjicere
3041 1988 3310 2058 cogimur,

53 2071 113 2126 τὰ
149 2071 286 2127 αὐτὰ
323 2073 436 2134 τοῖς
477 2069 662 2132 αὐτοῖς
701 2065 1100 2138 δευτερολογεῖν
1121 2081 1133 2094 ο
1184 2063 1482 2135 ἐπειδήπερ
1527 2061 1621 2114 καὶ

1784 2079 2025 2148 idemque
2051 2085 2334 2147 repetere:
2376 2077 2824 2148 quandoquidem
2859 2081 2934 2132 ita
2970 2079 3045 2133 illi
3077 2079 3312 2134 videtur.

54 2154 206 2236 ain-iii
227 2164 396 2225 οὕτως
425 2161 622 2226 ἔδοξεν.
654 2157 718 2212 Et
752 2159 859 2229 γὰρ
884 2159 980 2212 καὶ
1007 2161 1073 2229 τῇ
1100 2157 1448 2228 γεννήματος
1467 2154 1621 2225 οὐσίᾳ

1788 2170 1894 2221 itur
1941 2168 2065 2221 licet
2095 2165 2320 2237 ingeniti
2370 2167 2680 2222 substantia
2711 2167 2976 2236 ingenita,
3013 2167 3158 2222 unde
3186 2183 3314 2238 pro-

57 2257 466 2329 mvs’pqmiv'smt
495 2255 529 2326 ή
563 2253 857 2322 ἀγέννητος
889 2253 1222 2321 γεννήσασα,
1257 2249 1410 2302 οὐδὲν
1435 2247 1621 2301 διοίσει

1787 2265 1893 2312 Icta
1935 2265 2040 2318 est,
2089 2263 2284 2310 natura
2323 2255 2687 2326 signiﬁcetur,
2725 2255 2860 2308 nihil
2895 2263 3078 2310 tamen
3111 2255 3318 2312 idcirco

63 2349 149 2402 τοῦ
187 2345 488 2418 ἀξιώματος
516 2347 610 2400 τοῦ
653 2345 846 2414 γεννᾷν
865 2345 882 2376 ¹
918 2345 947 2395 ὁ
973 2343 1251 2413 γεννήτωρ
1285 2339 1346 2393 τὸ
1370 2353 1630 2410 γεγεννη-

61 2443 238 2512 μένον.
283 2439 374 2504 Ἐξ
421 2437 586 2493 αὐτοῦ
626 2437 735 2508 γὰρ
780 2436 1070 2506 ἐγέννησεν
1101 2431 1370 2496 οὑσιωδῶς
1405 2429 1632 2500 Πνεῦμα

59 2533 122 2584 ὲκ
153 2530 487 2602 Πνεῦματος,
528 2528 622 2582 καὶ
651 2529 712 2581 οὺ
750 2525 909 2596 σῶμα
937 2529 1001 2578 ἐκ
1031 2523 1301 2596 σώματος.
1355 2519 1449 2574 Διδ
1471 2521 1638 2588 ἀσυγ-

61 2623 256 2692 κρίτως
289 2619 712 2692 συνεμφαίνεται
729 2615 1067 2686 συμπρεπων
1089 2615 1116 2667 6
1137 2612 1416 2684 γεννήτωρ
1440 2609 1518 2680 τῷ
1541 2625 1636 2678 γε-

63 2721 220 2784 γεννη
229 2713 392 2784 μένῳ,
411 2713 506 2765 καὶ
531 2713 560 2764 ὁ
577 2709 974 2780 γεγεννημένος
994 2705 1074 2776 τῷ
1093 2703 1464 2775 γεγεννηκότι.
1501 2699 1640 2754 Οΰτε

65 2807 174 2878 γὰρ
193 2803 507 2876 προσθήκης
537 2801 706 2854 δεῖται
739 2801 800 2853 τὸ
825 2798 1001 2860 Θεϊον,
1031 2795 1118 2850 ἵνα
1143 2795 1273 2848 ποτε
1293 2793 1483 2865 Πατὴρ
1512 2791 1643 2862 κλη-

69 2899 208 2968 ῡείη,
257 2899 386 2950 ποτὲ
421 2895 482 2947 δὲ
520 2892 610 2946 οῦν
677 2891 802 2945 οὔτε
848 2893 878 2945 6
905 2889 1034 2953 Υἱὸς
1059 2883 1414 2960 εὑρεθήσεται
1447 2887 1513 2938 ἐκ
1552 2883 1644 2938 τοῦ

69 2989 273 3052 ἄνωθεν
295 2985 614 3054 συνδέσμου,
638 2983 769 3037 ποτὲ
792 2982 866 3054 μὴ
889 2981 986 3042 ὢν,
1014 2982 1138 3053 ἄρτι
1163 2979 1219 3034 δὲ
1244 2977 1339 3032 ὢν.
1375 2976 1467 3030 Διὸ
1497 2978 1652 3030 αὑτο-

1732 2349 2015 2419 dignitatis
2039 2347 2466 2418 intererit,quod
2489 2349 2702 2418 genitor
2723 2347 2968 2417 genitum
2991 2348 3320 2418 produxisse

1734 2441 1971 2496 dicatur.
2028 2437 2242 2510 Quippe
2288 2454 2320 2494 e
2363 2454 2423 2495 se
2458 2440 2578 2510 ipso
2621 2439 2920 2495 secundum
2953 2441 3320 2496 substantiam

1737 2531 2000 2602 Spiritum
2051 2545 2082 2586 e
2126 2530 2336 2600 Spiritu
2380 2531 2588 2601 genuit,
2639 2546 2748 2584 non
2781 2545 2982 2600 corpus
3009 2545 3040 2586 e
3067 2545 3322 2602 corpore.

1737 2623 1894 2679 Unde
1926 2624 2044 2679 sine
2095 2623 2206 2676 ulla
2236 2622 2646 2692 comparatione
2689 2622 2901 2692 genitor
2938 2623 2990 2676 in
3025 2623 3192 2694 geniti
3227 2640 3326 2679 no-

1738 2717 1910 2780 tione,
1963 2723 2017 2770 et
2057 2715 2271 2785 genitus
2305 2715 2360 2769 in
2392 2725 2686 2785 generante
2721 2721 3089 2786 congruenter
3121 2716 3327 2772 intelli—

1743 2807 1907 2877 gitur.
1939 2803 2123 2876 Neque
2151 2805 2296 2861 enim
2347 2806 2665 2862 accessione
2703 2806 2812 2860 ulla
2850 2805 3096 2860 divinum
3123 2821 3326 2862 nomen

1744 2915 1884 2968 opus
1927 2898 2113 2964 habet,
2160 2907 2222 2952 ut
2262 2896 2426 2951 Pater
2470 2897 2607 2952 alias
2638 2904 2885 2962 vocetur,
2940 2896 3076 2952 alia
3106 2897 3332 2952 minime

1747 2998 2001 3056 vocetur;
2045 2997 2222 3058 neque
2265 2983 2440 3042 Filius
2471 3002 2537 3042 ex
2572 2988 2904 3056 sempiterna
2939 2987 3334 3057 conjunctione

73 3081 226 3134 ουσία
270 3079 416 3132 ἐστὶν
461 3079 490 3130 6
526 3075 657 3140 Θεὸς
693 3075 907 3145 Πατὴρ,
953 3074 1044 3126 καὶ
1079 3075 1108 3126 ὁ
1153 3071 1300 3136 Υίδς,
1349 3071 1445 3124 καὶ
1495 3069 1621 3138 ἆγιο·

1784 3079 2081 3148 quandoque
2115 3093 2260 3142 esse,
2309 3075 2638 3147 quandoque
2681 3093 2791 3132 non
2837 3091 2962 3132 esse
3007 3079 3332 3148 reperietur.

75 3171 316 3243 Πνεῦμα,
335 3173 430 3224 καὶ
458 3171 556 3240 οὐχ
589 3169 917 3241 ἐτέροουσία.
950 3163 1088 3220 Οῦτε
1117 3166 1225 3236 γάρ
1253 3165 1368 3218 ἐστι
1399 3161 1649 3216 συνάδελ-

78 3282 196 3332 φος,
221 3261 344 3314 οὔτε
365 3261 510 3314 ἐστὶν
538 3260 908 3330 ὲπιγεννητὸς,
927 3259 1062 3312 ἀλλὰ
1082 3256 1490 3326 ἀνεκδιηγήτως
1517 3269 1580 3305 συ
1589 3271 1654 3322 μ-

77 3355 382 3424 πρὲποντος
428 3351 522 3405 τοῦ
569 3351 756 3424 Πατὴρ
802 3351 1062 3421 ὀνόματος
1108 3347 1380 3418 ὁμοουσίῳ
1419 3345 1532 3396 δντι
1577 3341 1656 3412 τῷ

83 3447 216 3518 Υἱῴ,
249 3445 342 3498 καὶ
389 3443 838 3516 συμπρέποντος²
884 3442 960 3514 τῷ
988 3439 1166 3512 Πατρὶ
1220 3438 1314 3492 καὶ
1345 3435 1480 3506 Υἱῷ,
1504 3433 1566 3487 τὺ
1599 3434 1656 3500 ἐξ

79 3539 280 3604 αὑτοῦ,
319 3541 386 3594 δι’
432 3538 628 3601 αὑτοῦ,
670 3537 764 3590 καὶ
809 3535 920 3588 τῶν
963 3531 1160 3598 αὑτοῦ,
1195 3530 1258 3583 τὸ
1294 3529 1450 3596 ἅγιον
1492 3524 1658 3579 αὐτοῦ

83 3634 330 3704 Πνεῦμα.
362 3631 452 3686 Διὸ
479 3631 538 3685 τὸ
567 3629 856 3701 ἀπρόσιτόν
882 3629 1028 3680 ἐστιν
1058 3627 1116 3678 ὲν
1157 3623 1356 3696 Πατρὶ,
1397 3621 1491 3676 καὶ
1521 3619 1656 3691 Υἱῷ,

79 3729 176 3780 καὶ
211 3726 354 3798 ἁγίῳ
379 3723 676 3793 Πνεῦματι,
707 3720 845 3793 πρὸς
879 3721 1118 3778 ἅπαντα,
1151 3717 1250 3769 ὅσα
1285 3715 1434 3768 ἐστὶν
1466 3714 1661 3768 ὑποϐε-

77 3817 294 3887 ϐηκότα
329 3815 478 3874 ὄντα,
519 3815 610 3866 καὶ
651 3811 709 3876 ἐξ
743 3811 913 3881 αὐτῆς
953 3809 1052 3880 τῆς
1087 3807 1314 3880 Τριὰδος
1353 3805 1657 3861 κτισθέντα.

93 3903 161 3958 Ἠ
200 3906 258 3960 δὲ
285 3903 456 3975 me;
493 3903 628 3974 πρὸς
658 3899 854 3971 ἑαυτὴν
899 3900 1000 3953 οὐκ
1027 3898 1340 3970 ἀπρόσιτος.
1373 3897 1529 3949 Ἔστι
1555 3895 1663 3968 γὰρ

75 3999 362 4063 ﬁxus-voc,
391 3996 488 4049 xui.
511 3995 820 4065 ἁγέννητος.
855 3993 946 4046 καὶ
977 3991 1328 4061 ἀσύγκριτος,
1366 3990 1458 4043 Διὸ
1483 3990 1546 4044 οὐ
1573 3987 1665 4041 δύ-

77 4107 242 4143 ναται
279 4087 433 4144 οὐδὲν
461 4085 768 4154 ἐξισοῦσθαι
809 4081 984 4155 Πατρί
1010 4100 1024 4114 ⁸
1065 4083 1126 4137 οὐ
1163 4085 1664 4155 συμπροσκυνεῖται

75 4180 236 4252 αὐτῷ
255 4198 312 4234 τι
335 4180 442 4233 τῶν
469 4177 530 4244 ἐξ
556 4178 654 4232 οὐκ
681 4177 848 4234 ὄντων
873 4175 1194 4246 γεγονότων,
1218 4177 1312 4230 καὶ
1335 4173 1453 4244 οὐχὶ
1477 4191 1666 4244 γεγεν-

77 4273 357 4344 νημένων.
385 4272 570 4326 Οὐδενὶ
596 4271 704 4341 γὰρ
724 4270 832 4322 τῶν
857 4267 1158 4339 γεγονότων
1177 4264 1300 4321 εἶπέ
1323 4284 1454 4320 ποτε
1469 4284 1482 4297 ·
1515 4265 1670 4320 Κάθ-

77 4383 158 4416 ου
185 4365 254 4418 ὲκ
281 4361 502 4428 δεξιῶν
528 4381 667 4432 μου.
731 4361 864 4414 Οὐδὲ
903 4361 1000 4432 μὲν
1029 4363 1057 4414 6
1083 4360 1395 4432 Μονογενὴς
1423 4359 1552 4430 περί
1583 4376 1668 4413 τι-

1754 3169 1936 3236 Quare
1967 3168 2154 3224 eadem
2189 3185 2286 3240 per
2319 3185 2378 3225 se
2421 3170 2726 3225 substantia
2769 3169 2912 3226 Deus
2937 3177 3022 3225 est
3073 3170 3252 3236 Pater,
3281 3183 3338 3230 et

1751 3261 1948 3326 Filius,
1963 3270 2015 3316 et
2029 3263 2266 3334 Spiritus
2283 3271 2530 3326 sanctus,
2550 3277 2658 3317 nou
2677 3261 2914 3317 diversa.
2935 3260 3052 3317 Non
3069 3265 3212 3318 enim
3228 3265 3338 3322 vel-

1755 3362 1816 3408 ut
1842 3353 2011 3409 frater
2027 3353 2250 3424 quidam
2272 3363 2355 3408 est
2371 3353 2548 3408 Patris
2569 3352 2762 3416 Filius,
2779 3364 2872 3408 aut
2893 3357 3197 3425 posteriore
3217 3357 3339 3412 loco

1757 3447 1972 3516 genitus
1999 3464 2013 3512 ;
2051 3447 2144 3500 sed
2174 3447 2540 3516 inexplicabili
2567 3447 2803 3518 quadam
2837 3450 3052 3504 ratione
3077 3448 3158 3512 (ιι,
3191 3457 3252 3503 ut
3286 3461 3342 3506 et

1757 3536 1940 3592 Patris
1996 3537 2286 3607 appellatio
2347 3551 2470 3592 cum
2512 3535 2653 3592 Filio
2706 3539 3166 3594 consubstantiali
3211 3556 3345 3595 con-

1760 3621 1958 3698 gruat;
1999 3635 2054 3681 et
2086 3641 2210 3681 cum
2243 3626 2424 3693 Patre,
2475 3635 2529 3682 et
2553 3627 2716 3694 Filio,
2753 3629 2846 3699 qui
2891 3645 2958 3684 ex
2993 3629 3134 3698 ipso,
3164 3640 3218 3684 et
3245 3646 3344 3701 per

1761 3718 1964 3788 ipsum,
1999 3724 2054 3772 et
2069 3733 2137 3772 ex
2164 3717 2336 3787 ipsius
2365 3719 2604 3790 propriis
2631 3719 2830 3786 oritur,
2852 3718 3094 3790 Spiritus
3120 3733 3345 3776 sanctus

1761 3809 2073 3866 conveniat.
2117 3809 2250 3864 Inde
2278 3809 2338 3864 iit
2360 3821 2417 3865 ut
2441 3810 2623 3876 Pater,
2652 3810 2826 3868 Filius
2874 3821 2928 3867 et
2953 3811 3192 3884 Spiritus
3218 3831 3348 3870 san-

1763 3909 1886 3957 ctus
1921 3901 2238 3956 inaccessos
2275 3901 2512 3968 dicatur,
2547 3902 2652 3958 hoc
2685 3911 2772 3958 est
2819 3904 2956 3958 nihil
3001 3919 3190 3960 eorum
3225 3922 3348 3977 quae

1763 3992 2046 4048 inferioris
2079 3991 2284 4064 gradus
2319 4003 2469 4058 sunt,
2503 4003 2558 4050 et
2591 3995 2657 4049 ab
2690 3996 2808 4065 ipsa
2843 3995 3114 4050 Trinitate
3140 4009 3346 4062 creata,

1765 4085 1832 4140 ad
1851 4099 1970 4140 eam
1993 4083 2167 4154 possit
2183 4085 2510 4156 pertingere.
2536 4083 2777 4144 Trinitas
2799 4102 2965 4158 porro
2983 4087 3098 4159 ipsa
3121 4089 3224 4144 sibi
3244 4089 3348 4159 ipsi

1765 4191 2112 4246 nequaquam
2148 4184 2233 4231 est
2263 4176 2568 4232 inaccessa.
2625 4177 2721 4234 Est
2765 4181 2906 4235 enim
2939 4180 3205 4246 inereata,
3239 4199 3347 4238 non

1767 4267 1935 4334 facta,
1967 4275 2022 4323 et
2053 4267 2520 4339 incomparabilis.
2573 4268 2720 4343 Ergo
2743 4271 2880 4326 nihil
2911 4272 3186 4343 adaequari
3223 4288 3348 4328 cum

1769 4359 1930 4414 Patre
1971 4366 2188 4430 potest;
2249 4375 2428 4431 neque
2475 4375 2599 4415 cum
2645 4364 2765 4433 ipso
2809 4364 3110 4436 quidquam
3161 4380 3349 4420 earum

78 4471 174 4516 νος
201 4455 450 4525 εἴρηκεν,
489 4454 570 4506 ὅτι
628 4453 680 4504 '0
722 4451 995 4518 ἑωρακὼς
1023 4449 1128 4520 ἐμὲ
1159 4447 1381 4516 ἑώρακε
1413 4449 1521 4502 τὸν
1549 4451 1621 4502 Πι

1784 4464 1956 4504 rerum
1989 4448 2356 4505 communi-ter
2381 4450 2667 4518 adorator,
2694 4466 2815 4520 quae
2853 4469 2920 4508 ex
2967 4453 3140 4510 nihilo
3171 4453 3348 4519 factm,

81 4545 226 4612 τέρα
250 4563 264 4576 ·
294 4547 412 4610 καὶ,
449 4545 590 4614 Ἐγὼ
607 4545 676 4597 ἐν
697 4541 777 4608 τῷ
788 4541 1122 4611 Πατρὶθκαὶ
1145 4543 1178 4594 ὁ
1199 4539 1400 4611 Πατὴρ
1417 4542 1486 4594 ἐν
1509 4541 1668 4612 ἐμοί·

81 4639 204 4701 καί,
254 4637 472 4704 Οὐδεὶς
507 4634 632 4691 οἵδε
672 4635 780 4689 τὸν
811 4634 1074 4702 Πατέρα,
1120 4637 1170 4688 εὶ
1193 4635 1280 4703 μὴ
1319 4635 1536 4700 όΥῐὸς,
1575 4634 1675 4687 καὶ

77 4732 196 4782 τόν
231 4731 386 4792 Υἱόν,
408 4733 461 4784 ει
475 4729 562 4798 μὴ
604 4731 637 4784 ὁ
684 4727 906 4796 Πατὴρ,
939 4727 1039 4781 καὶ
1065 4719 1113 4794 ᾧ
1149 4727 1260 4780 ἐὰν·
1283 4728 1671 4796 ἀποκαλύψῃ.

95 4815 505 4872 Ἀποκαλῦπτει
529 4819 585 4871 δὲ
614 4816 700 4870 διὰ
715 4817 1034 4888 Πνεῦματος
1064 4815 1241 4886 ἁγίου,
1273 4815 1367 4870 τοῦ
1384 4815 1679 4886 γινώσκον-

79 4921 204 4970 τος,
243 4907 342 4961 καὶ
387 4905 746 4972 διδάσκοντος,
791 4907 884 4961 καὶ
917 4907 1352 4976 ἀπαγγέλλοντος
1393 4909 1452 4960 ἐν
1487 4907 1678 4978 κόσμῳ

79 4997 164 5052 τὰ
189 4997 343 5064 Υίοῦ,
374 4997 704 5072 ἐρευνῶντός
745 5016 803 5053 τε
829 5000 943 5058 ,καὶ
981 4999 1053 5053 τὰ
1084 4999 1222 5070 βάθη
1252 4999 1346 5053 τοῦ
1365 4998 1519 5054 Θεοῦ.
1578 4999 1678 5054 Διὰ

81 5087 250 5143 τοῦτο
291 5091 400 5164 γάρ
444 5095 650 5160 φησινό
694 5091 747 5144 Ὀ
781 5089 870 5161 μὴ
913 5089 1098 5162 τιμῶν
1124 5091 1231 5146 τὸν
1283 5091 1442 5156 Υίὸν,
1484 5091 1680 5159 καθὼς

81 5179 230 5248 τιμᾷ
261 5181 370 5235 τὸν
391 5182 624 5252 Πατέρα
643 5222 658 5246 ,
697 5185 734 5252 ἡ
769 5183 914 5253 ὀργὴ
949 5185 1056 5238 τοῦ
1081 5185 1228 5239 Θεοῦ
1253 5183 1421 5254 μένει
1445 5185 1540 5238 ἐπ’
1567 5187 1676 5238 αὐ-

81 5275 224 5326 τόν.
264 5275 376 5328 Καὶ
389 5275 490 5328 οὐκ
509 5271 662 5328 εἶπεν
681 5291 696 5306 ⁸
737 5276 798 5328 Ὀ
833 5277 906 5348 μὴ
935 5277 1112 5348 τιμῶν
1141 5277 1518 5347 ἀγγέλους,ὼς
1541 5279 1676 5348 τιμᾷ

79 5361 187 5414 τὸν
209 5365 432 5440 Πατέρα
459 5384 472 5398 ο
513 5367 634 5420 οὐδὲ
667 5368 828 5421 πάλιν
853 5365 1002 5422 εἶπεν
1029 5387 1043 5400 ·
1081 5367 1142 5420 '0
1174 5370 1248 5440 μὴ
1289 5371 1383 5423 καὶ
1423 5370 1515 5422 τὸν
1550 5369 1678 5422 Υίὸν

81 5457 298 5524 τιμῶν*
326 5459 466 5514 ἀλλὰ
495 5459 623 5514 Υἰδν
651 5461 726 5524 ὡς
749 5459 840 5514 τὸν
863 5460 1087 5531 Πατέρα
1106 5479 1120 5492 ³
1155 5460 1439 5526 ὡσαύτως,
1465 5462 1547 5514 ὅτι
1575 5461 1678 5514 οὐκ

165 5627 338 5704 ξιεε.
368 5631 446 5703 τῷ
482 5633 696 5704 γεννᾷν.
756 5702 763 5704 _
802 5633 823 5662 ³
845 5629 977 5704 Reg.
1007 5633 1440 5704 συμπρεπόντως
1472 5631 1641 5696 ὄντος.

83 5699 116 5728 ε
157 5696 312 5756 Ιοιιιιῖ
349 5696 459 5767 χεν,
484 5696 536 5758 9.
610 5696 634 5736 ’ί
657 5702 789 5758 ibid.
861 5701 884 5734 ⁸
917 5696 1108 5758 Matth.
1141 5696 1217 5763 x't.
1250 5705 1342 5758 27.

1776 4541 2000 4598 minime
2027 4557 2158 4597 vero
2189 4543 2388 4614 genitae
2412 4551 2563 4599 sunt.
2612 4543 2755 4598 Nulli
2801 4547 3002 4616 quippe
3041 4556 3350 4602 creatarum

1775 4647 1958 4686 rerum
1993 4634 2131 4688 dixit
2163 4649 2438 4706 unquam:
2488 4635 2652 4705 977
2679 4635 2812 4691 Sede
2846 4653 2878 4690 a
2909 4636 3136 4692 dexteris
3156 4639 3283 4694 meis
3305 4637 3351 4692 ⁸.

1782 4726 1888 4780 Sed
1923 4741 2024 4782 nec
2051 4728 2252 4782 unicus
2279 4726 2375 4782 Dei
2407 4725 2578 4782 Filius
2606 4731 2674 4784 de
2705 4745 2980 4800 quoquam
3013 4731 3158 4785 istud
3193 4747 3355 4787 usur-

1777 4817 1924 4888 pavit
1954 4817 2280 4885 aliquando:
2307 4817 2412 4883 Qui
2435 4817 2569 4871 ridet
2599 4835 2699 4880 me,
2724 4817 2858 4872 videt
2889 4829 2938 4872 et
2963 4817 3177 4872 Patrem
3197 4821 3238 4884 ⁶;
3267 4831 3352 4874 et:

1779 4907 1892 4978 Ego
1926 4908 1979 4961 in
2009 4907 2190 4973 Patre,
2215 4921 2264 4963 et
2303 4909 2462 4964 Pater
2486 4911 2538 4964 in
2565 4927 2646 4964 me
2666 4911 2814 4976 est";
2857 4911 2984 4965 item
3009 4929 3020 4965 :
3054 4909 3225 4966 Nemo
3255 4931 3353 4966 no-

1770 4999 1846 5051 vit
1878 4995 2116 5064 Patrem,
2143 5001 2248 5052 nisi
2279 4998 2554 5066 Filius;et
2571 4999 2798 5070 Filium,
2830 5001 2936 5053 nisi
2971 4999 3153 5064 Pater,
3189 5011 3240 5055 et
3273 5005 3357 5055 cui

1777 5089 2142 5146 temtauerit“.
2195 5089 2300 5145 Per
2347 5093 2612 5162 Spiritum
2657 5107 2788 5146 vero
2828 5103 3079 5146 sanctum
3133 5093 3346 5147 revelat.

1778 5183 1874 5254 qui
1904 5195 2026 5252 qua:
2056 5183 2122 5236 ad
2169 5179 2366 5235 Filium
2415 5182 2692 5252 pertinent
2734 5183 3038 5252 cognoscit,
3068 5183 3261 5238 edocet
3305 5195 3354 5238 et

1779 5277 1832 5330 in
1870 5273 2130 5328 mundum
2157 5273 2448 5344 praedicat;
2471 5274 2585 5327 imo
2601 5287 2732 5327 vero
2749 5271 2840 5328 Dei
2865 5275 2996 5338 alta,
3013 5289 3076 5329 ac
3093 5275 3220 5345 prof
3218 5278 3357 5331 unda

1777 5374 2050 5423 scrutatur
2075 5365 2118 5418 ν.
2147 5361 2444 5432 Propterea
2471 5378 2688 5432 quoque
2717 5363 2854 5418 dixit
2879 5383 2891 5418 :
2933 5363 3038 5430 Qui
3065 5381 3169 5434 pan
3197 5366 3356 5422 Itono-

1779 5468 1866 5513 rat
1901 5456 2124 5526 Filium,
2160 5457 2295 5511 sicut
2326 5457 2548 5510 honorat
2584 5455 2823 5522 Patrem,
2863 5457 2949 5511 ira
2979 5457 3078 5512 Dei
3107 5471 3280 5514 manet
3305 5462 3357 5514 iu

1742 5631 1942 5706 'Joan.
1971 5649 2062 5702 xv,
2094 5633 2184 5690 93.
2261 5633 2284 5667 δ
2310 5631 2468 5690 Joan.
2495 5651 2608 5702 xw,
2643 5635 2730 5706 Η,
2763 5635 2848 5692 15.
2926 5639 2946 5670 ⁵
2976 5635 3125 5695 Psal.
3163 5653 3272 5706 cur,
3305 5648 3358 5698 1.

1443 5705 1463 5735 ⁸
1493 5705 1513 5756 ι
1546 5706 1670 5760 Cor.
1709 5718 1769 5774 li,
1801 5704 1890 5760 10.
