3838 6374
506 277 614 330 615

1933 276 1992 331 S.
2034 276 2380 334 ΕΡΙΡΠΑΝΙΙ

3649 289 3735 346 (ila

505 396 617 455 ipso
642 395 682 446 ι.
735 390 850 446 Non
883 390 1055 446 dixit:
1109 391 1211 458 Qui
1247 407 1355 447 non
1397 392 1632 448 honorat
1666 394 1911 465 angelos,
1945 397 2071 451 εἰουι

2192 399 2522 470 ἀφεθήσεται
2557 399 2633 470 τῷ
2674 402 2752 462 εἰς
2807 401 2866 453 τδ
2900 399 3121 473 Πνεῦμα
3169 403 3602 474 βλασφημοῦντι,
3637 406 3734 462 οὔτε

505 485 736 538 honorat
764 483 1011 550 Patrem;
1067 500 1166 539 nec
1197 485 1268 537 ita
1297 487 1549 540 concedit
1603 504 1616 540 :
1649 486 1750 552 Qui
1783 503 1888 540 non
1907 489 2080 542 «etiam

501 575 700 629 Filium
737 575 1010 640 honorat;
1063 576 1158 630 sed
1186 575 1390 632 Filium
1421 577 1579 637 dixit,
1626 577 1852 647 perinde
1879 593 1944 632 ac
1981 579 2085 633 Pa-

499 677 656 720 trem.
709 665 971 720 Similiter
1015 666 1086 730 ei,
1135 667 1230 735 qui
1287 665 1341 719 in
1375 665 1640 735 Spiritum
1689 668 2082 737 blasphemiam

2645 491 2670 503 ..

2189 483 2312 556 ὧδε,
2351 489 2473 543 οὔτε
2507 492 2564 542 ἐν
2608 491 2679 562 τῷ
2721 491 2968 562 μέλλοντι
3007 494 3196 547 αἰῶνγ
3248 495 3336 548 ἵνα
3392 498 3624 569 σημαίνῃ
3661 502 3736 567 τῆς

2190 582 2420 652 Τριάδος
2466 583 2529 634 τὸ
2562 583 2854 654 ἀπρόσιτον
2883 584 2978 636 καὶ
3010 585 3342 656 ἀσύγκριτον
3373 589 3429 640 ἐν
3460 587 3643 662 Πατρὶ,
3664 580 3739 644 κῖὶ

2191 673 2327 743 Υῐῷ,
2363 675 2456 726 καὶ
2482 675 2626 745 ἁγίῳ
2655 675 2952 746 Πνεύματι.

497 756 724 818 dixerit,
757 770 865 808 non
901 756 1192 810 remissum
1245 755 1312 808 iri
1345 757 1526 819 docet.
1562 775 1742 828 neque
1771 760 1881 822 hic,
1914 777 2089 830 neque
2129 761 2183 817 in
2217 763 2404 819 futuro
2428 767 2690 820 saeculo'.
2725 765 2793 821 Ut
2821 767 3072 822 videlicet
3100 767 3424 823 Trinitatem
3483 771 3536 824 in
3588 759 3737 840 Patre,

500 846 638 902 Filio
696 856 753 903 et
793 845 1004 918 Spiritu
1033 857 1229 902 sancto
1247 864 1369 903 esse
1401 849 1592 904 doceat
1622 851 1957 920 hujusmodi,
1991 860 2050 906 ut
2081 854 2148 908 ad
2183 857 2330 911 illam
2359 858 2492 913 nihil
2525 859 2806 924 accedere,
2837 862 3216 930 comparative
3245 863 3443 932 possit.

957 961 1139 1017 AETII
1178 961 1407 1018 CAPUT
1447 963 1618 1019 XXX.

571 1053 632 1109 Si
681 1053 1027 1122 omnipotens
1079 1052 1224 1108 Deus
1274 1063 1528 1108 naturam
1577 1071 1792 1111 omnem
1836 1058 2078 1121 excellit,

498 1161 567 1203 eo
597 1147 718 1216 ipso
745 1147 889 1216 quod
928 1144 1207 1216 ingenitus
1236 1152 1321 1200 est
1354 1145 1595 1200 excellit.
1616 1145 1748 1212 Quae
1777 1148 2084 1216 proprietas

500 1253 670 1293 causa
714 1245 800 1291 est
847 1236 1047 1305 genitis
1095 1234 1354 1289 omnibus
1411 1235 1772 1296 stabilitatem
1821 1243 2083 1290 constan-

500 1330 743 1398 tiamque
767 1328 1040 1381 tribuens.
1065 1324 1160 1378 Sin
1188 1335 1368 1380 autem
1395 1326 1691 1396 ingenitum
1722 1327 2086 1382 substantiam

501 1435 610 1472 non
644 1419 924 1488 exprimit,
957 1433 986 1471 a
1027 1433 1137 1488 quo
1167 1418 1387 1472 tandem
1421 1419 1726 1488 genitarum
1771 1434 1951 1473 rerum
1984 1434 2084 1473 na-

501 1521 623 1565 tura
658 1509 900 1577 seipsam
942 1517 1001 1563 ut
1039 1518 1331 1564 conservet
1360 1510 1593 1579 accipit!

1021 1619 1333 1690 Confutatio
1374 1621 1558 1676 XXX.

2576 974 2974 1028 ΚΕΦΑΛΑΙΟΝ
3003 977 3267 1031 ιΑΕΤῐΟΥ
3305 980 3386 1032 Λ’.

2258 1062 2320 1114 El
2355 1061 2621 1134 ὑπεράγει
2661 1063 2844 1134 πάσης
2884 1065 3100 1132 φύσεως
3133 1066 3161 1118 6
3205 1067 3626 1139 παντοκράτωρ.
3666 1070 3737 1124 διὰ

2190 1153 2250 1207 τὸ
2276 1154 2568 1224 ἀγέννητον
2594 1155 2880 1226 ὑπεράγει,
2906 1157 3041 1227 ὅπερ
3068 1157 3214 1209 ἐστὶν
3241 1157 3415 1210 αἴτιον
3443 1161 3556 1222 τοῖς
3579 1177 3736 1232 γεννη-

2191 1246 2300 1307 τοῖς
2337 1243 2614 1314 διαμονῆς.
2664 1246 2726 1299 Εἰ
2751 1245 2808 1298 δὲ
2844 1246 2918 1317 μή
2960 1247 3107 1300 ἐστιν
3142 1246 3330 1311 οὐσίας
3377 1248 3659 1319 δηλωτικὸν
3690 1255 3736 1305 τὸ

2191 1333 2504 1405 ἀγέννητον,
2535 1335 2699 1388 πόθεν
2729 1336 2794 1390 ἂν
2830 1339 2864 1405 ἡ
2900 1337 3008 1390 τῶν
3041 1339 3313 1408 γεννητῶν
3355 1342 3520 1409 φύσις
3564 1343 3662 1408 ἕξει
3688 1345 3735 1396 τὸ

2189 1422 2546 1487 διασώζεσθαι
2564 1443 2577 1487 ;

2751 1620 3031 1688 Ἀνατροπ
3041 1621 3073 1687 ὴ
3120 1626 3200 1676 Λ’.

569 1712 705 1767 Illud
740 1712 966 1767 omnino
1010 1689 1301 1769 dicendum
1334 1729 1399 1768 ac
1431 1713 1711 1769 fatendum
1758 1722 1864 1781 est,
1899 1717 2071 1786 itaque

2254 1706 2458 1778 Πρέπει
2499 1707 2680 1775 λέγειν
2715 1710 2808 1762 καὶ
2837 1711 3137 1780 ὁμολογεῖν,
3171 1713 3266 1765 καὶ
3289 1712 3468 1778 οὕτως
3494 1716 3731 1785 κατέχειν,

497 1803 839 1860 tenendum:
893 1805 1325 1874 omnipotentem
1369 1804 1535 1860 Deum
1577 1814 1828 1859 naturam
1863 1823 2081 1864 omnem

497 1898 800 1961 excellere,
857 1912 887 1950 a
943 1912 1054 1967 quo
1105 1896 1425 1966 unigenitus
1461 1897 1637 1963 Deus,
1689 1912 1754 1952 ac
1806 1897 2078 1964 Verbum,

495 1991 729 2060 ejusque
761 1988 1001 2059 Spiritus
1031 1999 1255 2044 sanctus
1307 1988 1565 2043 ineﬂ‘abili
1595 1989 1830 2058 quadam
1871 1992 2082 2045 ratione

499 2080 787 2150 processit.
821 2080 993 2144 Quam
1028 2079 1098 2132 ob
1131 2093 1353 2133 causam
1393 2086 1553 2133 caute
1587 2095 1651 2133 ac
1682 2081 2083 2149 circumspecte

495 2181 761 2227 creatura:
829 2170 1073 2224 divinum
1121 2169 1382 2224 honorem
1432 2186 1538 2224 non
1592 2173 1954 2236 ascribimus,
2012 2188 2082 2226 ne

496 2263 806 2317 stultissimi
840 2261 1166 2324 reddamur,
1191 2260 1286 2316 sed
1309 2260 1632 2316 Trinitatem
1676 2279 1796 2332 qua'
1827 2273 2080 2317 naturam

495 2369 712 2420 onmem
755 2363 1013 2421 superat,
1050 2353 1432 2420 prtedicamus,
1490 2351 1688 2406 Filium
1726 2369 1851 2408 cum
1896 2353 2077 2421 Patre,

495 2453 553 2499 et
584 2446 759 2515 ipsius
795 2452 1049 2501 saucttun
1080 2442 1369 2512 Spiritum,
1393 2459 1457 2499 eo
1489 2448 1632 2514 quod
1664 2461 1691 2498 a
1722 2445 1872 2498 nullo
1902 2445 2079 2504 factus

496 2543 593 2588 aut
630 2540 849 2588 creatus
873 2532 966 2587 sit.
997 2530 1207 2584 Etenim
1232 2546 1575 2600 nequaquam
1609 2533 1836 2587 diversa:
1869 2541 2079 2589 naturae

498 2625 820 2696 Unigenitus
862 2630 965 2684 est,
1006 2630 1101 2675 aut
1127 2629 1362 2675 sanctus
1399 2621 1658 2691 Spiritus,
1705 2624 1799 2678 sed
1833 2622 1976 2678 Deus
2010 2638 2078 2678 ex

495 2717 628 2780 Deo,
665 2717 844 2771 lumen
872 2716 938 2770 de
970 2715 1196 2769 lumine.
1221 2713 1532 2780 Quinetiam
1565 2730 1690 2769 cum
1716 2715 2074 2784 omnipotenti

495 2809 656 2862 Patre
706 2807 1022 2876 unigenitus
1077 2807 1194 2876 ipse
1238 2807 1554 2859 nominatur
1594 2806 1976 2875 omnipotens,
2015 2816 2075 2861 ut

493 2898 700 2953 diserte
744 2896 1029 2966 Scriptura
1077 2910 1232 2951 sacra
1269 2895 1530 2949 declarat.
1571 2894 1897 2965 Unigenitus
1929 2897 2074 2951 enim

494 2991 632 3044 nihil
659 3005 691 3044 a
717 2988 899 3045 Patris
926 2989 1214 3058 majestate
1238 2987 1536 3057 discrepat,
1565 2988 1658 3041 sed
1687 2988 1913 3041 omnino
1943 3002 2073 3041 con-

495 3083 662 3152 gruit.
696 3080 852 3147 Quod
877 3079 1154 3150 expressis
1181 3079 1362 3132 verbis
1385 3085 1619 3130 testatur
1636 3077 1953 3146 Apostolus,
1983 3079 2077 3147 qui

497 3174 702 3244 Spiritu
724 3178 916 3226 sancto
935 3170 1146 3224 adlatus
1166 3168 1232 3222 de
1249 3168 1512 3224 lsraelitis
1538 3169 1607 3222 ita
1632 3169 1871 3237 loquitur
1892 3188 1905 3224 :
1935 3169 2079 3234 Quo-

494 3281 634 3330 rum,
667 3263 865 3332 inquit,
896 3261 1065 3330 978
1095 3261 1290 3323 cultus,
1319 3269 1368 3312 et
1400 3268 1734 3322 testamenta,
1780 3270 1828 3311 et
1858 3270 2033 3328 patres
2057 3278 2075 3314 :

492 3369 556 3408 ea:
585 3353 773 3424 quibus
808 3350 1052 3406 Christus
1081 3349 1363 3404 secundum
1403 3365 1639 3411 carnem,
1669 3351 1760 3419 qui
1798 3360 1877 3402 est
1922 3367 2077 3418 super

492 3447 672 3499 omnia
698 3443 838 3498 Deus
874 3442 1172 3496 benedictus
1209 3442 1262 3494 in
1294 3442 1513 3494 sa’cula.
1553 3441 1721 3493 Amen
1746 3441 1788 3495 ³.
1814 3439 1895 3495 0b
1931 3441 1982 3495 id
2023 3449 2076 3495 et

492 3538 807 3592 adorandus
837 3536 1034 3590 unicus
1063 3534 1157 3589 Dei
1212 3533 1384 3589 Filius
1414 3544 1517 3597 est,
1558 3539 1612 3587 et
1647 3534 1788 3587 idem
1823 3522 1986 3598 Deus,
2022 3544 2076 3588 et

489 3628 709 3680 divinus
767 3625 1005 3694 Spiritus
1053 3633 1171 3686 est,
1241 3633 1470 3678 sanctus
1529 3620 1802 3689 Spiritus,
1849 3631 1903 3676 et
1952 3630 2074 3691 post

490 3728 905 3772 sacrosanctam
951 3715 1274 3770 Trinitatem
1331 3715 1512 3769 nullus
1575 3713 1716 3768 alius
1781 3713 1924 3767 Deus
1968 3723 2069 3768 est.

493 3808 661 3876 Igitur
692 3805 1040 3872 omnipotens
1099 3802 1300 3865 Pater,
1335 3813 1390 3856 et
1436 3805 1634 3856 unicus
1682 3803 1853 3870 ipsius
1901 3801 2071 3858 Filius

489 3902 733 3964 paterna:
762 3890 1017 3960 dignitati
1052 3905 1386 3960 congruens,
1418 3891 1511 3962 qui
1546 3890 1713 3943 futuri
1746 3891 1932 3943 saaculi
1966 3889 2070 3943 Pa-

489 3995 574 4039 ter
607 3983 913 4054 appellatur
940 3981 981 4045 δ,
1012 3981 1215 4052 quique
1255 3997 1378 4037 cum
1412 3989 1603 4036 sancto
1652 3981 1860 4051 Spiritu
1906 3982 2057 4035 nulla

489 4075 892 4130 interveniente
925 4075 1208 4128 creatione
1238 4074 1517 4136 convenit,
1542 4071 1785 4128 Trinitas
1810 4081 1892 4128 est
1922 4082 2072 4143 pate-

490 4167 629 4222 facta
657 4165 936 4231 omnibus,
962 4173 1016 4220 et
1044 4166 1286 4236 cognita,
1316 4179 1344 4218 a
1373 4179 1483 4236 qua
1510 4173 1710 4218 creatae
1736 4181 1823 4219 res
1855 4180 2064 4227 omnes,

488 4269 746 4329 tanquam
776 4273 809 4312 a
857 4272 1059 4322 causa,
1109 4257 1366 4327 profectae
1410 4265 1576 4323 sunt,
1610 4259 1683 4312 ita
1729 4257 1972 4328 quidem,
2007 4265 2065 4312 ut

2179 1795 2261 1849 ὅτι
2292 1798 2472 1868 πάσης
2492 1796 2705 1867 φύσεως
2731 1800 2984 1871 ὑπερέχει
3012 1803 3040 1854 6
3063 1803 3491 1876 Παντοκράτωρ,
3517 1807 3575 1872 ἐξ
3593 1803 3733 1877 οὗπερ

2180 1890 2310 1960 ἡμῖν
2333 1890 2360 1942 ὁ
2383 1892 2694 1962 Μονογενὴς
2724 1893 3131 1965 ἀνεκδιηγήτως
3158 1896 3429 1966 προῆλθεν
3457 1901 3487 1951 6
3513 1898 3637 1961 Θεὸς
3654 1899 3734 1952 Δάν

2178 1999 2294 2050 γος,
2326 1984 2417 2036 καὶ
2447 1983 2505 2036 τὸ
2528 1983 2680 2052 ἆγιον
2711 1984 2872 2037 αὐτοῦ
2895 1986 3134 2057 Πνεῦμα.
3161 1989 3271 2041 Καὶ
3303 1988 3390 2041 διὰ
3412 1990 3570 2042 τοῦτο
3590 1992 3733 2057 ἀσσα-

2181 2073 2286 2138 λῶς
2327 2075 2386 2126 οὐ
2433 2074 2606 2126 κτίσιν
2655 2074 3046 2146 Θεολογοῦμεν,
3092 2077 3178 2130 ἵνα
3224 2079 3302 2149 μὴ
3349 2081 3729 2151 μωρανθῶμεν·

2179 2167 2276 2236 τὴν
2313 2166 2370 2219 δὲ
2401 2166 2838 2237 ὑπερϐαίνουσαν
2870 2169 3063 2221 πᾶσαν,
3089 2168 3250 2236 φύσιν
3294 2171 3510 2241 Τριάδα
3553 2171 3731 2237 505010-

2179 2257 2402 2327 γοῦμεν,
2422 2257 2549 2310 Υἰὸν
2575 2258 2670 2310 σὺν
2697 2259 2890 2329 Πατρὶ,
2911 2259 3003 2312 καὶ
3030 2260 3090 2312 τὸ
3119 2261 3270 2328 ἅγιον
3296 2262 3467 2313 αὑτοὶἓ
3503 2261 3730 2332 Πνεῦμα·

2176 2349 2309 2403 διότι
2337 2349 2628 2419 ἀγέννητον
2663 2351 2755 2402 καὶ
2789 2350 3062 2404 άκτιστον.
3109 2349 3331 2421 Ἐπειδὴ
3355 2352 3470 2424 γάρ
3501 2352 3619 2406 οὗτε
3656 2353 3733 2406 dl-

2177 2441 2276 2512 λης
2304 2441 2518 2509 φύσεως
2539 2442 2566 2493 ὁ
2598 2441 2928 2512 Μονογενὴς,
2965 2441 3058 2495 καὶ
3084 2442 3144 2494 τὸ
3175 2442 3327 2510 ἅγιον
3352 2444 3600 2514 Πνεῦμα,
3621 2445 3734 2497 ἀλλὰ

2176 2532 2308 2597 Θεὸς
2338 2535 2400 2585 ὲκ
2427 2532 2585 2600 Θεοῦ,
2618 2535 2710 2588 καὶ
2748 2533 2863 2604 φῶς
2891 2535 2955 2587 ὲκ
2983 2533 3180 2604 φωτὸς,
3211 2534 3306 2587 σὺν
3338 2534 3420 2604 τῷ
3451 2538 3731 2606 παντοκρά-

2176 2638 2292 2692 τορι
2347 2623 2524 2693 Πατρὶ
2573 2623 2666 2676 κα)⁸
2710 2623 2870 2686 αὐτὸς
2917 2625 2945 2676 6
2998 2625 3308 2696 Μονογενὴς
3362 2626 3732 2697 παντοκράτωρ

2175 2713 2412 2778 ἀκούσας
2436 2755 2449 2778 ,
2481 2715 2554 2778 ὡς
2586 2717 2678 2770 καὶ
2711 2715 2896 2784 σαφῶς
2921 2715 3033 2786 ἔχει
3063 2717 3096 2786 ἡ
3125 2717 3242 2770 Θεία
3285 2718 3507 2788 Γραφή.
3536 2720 3608 2772 υὺ
3644 2719 3732 2789 γὰρ

2175 2805 2384 2870 ἀλλοῖός
2418 2807 2533 2859 ἐστι
2564 2806 2714 2878 παρά
2746 2807 2806 2861 τὸ
2833 2807 2927 2861 τοῦ
2957 2808 3170 2879 Πατρὸς
3211 2805 3432 2878 ἀξίωμα
3460 2812 3489 2861 6
3521 2811 3732 2877 Μονογε-

2175 2895 2291 2966 νὴς,
2340 2896 2677 2967 συμπρέπων
2721 2897 2778 2950 δὲ
2833 2897 2910 2969 τῷ
2950 2897 3041 2950 τοῦ
3093 2899 3304 2970 Πατρὸς
3335 2899 3634 2970 εἰιξίωματι⁸
3671 2899 3733 2961 ὡς

2176 2987 2471 3059 διαρρήδην
2503 2990 2765 3059 μαρτυρεῖ
2791 3005 2881 3058 μοι
2911 2992 2938 3041 6
2968 2989 3122 3058 ἔιγιος
3157 2990 3483 3054 Ἀπόστολος
3507 2994 3564 3044 ὲν
3587 2991 3731 3043 Πνεύ·

2182 3096 2310 3148 ματι
2337 3078 2475 3149 ἁγίῳ
2506 3080 2684 3150 φήσας
2719 3080 2845 3150 περὶ
2872 3080 2979 3132 τῶν
3021 3080 3153 3133 υἱῶν
3193 3082 3439 3152 Ἰσραήλ·
3477 3077 3606 3144 τον,
3645 3099 3731 3150 φη-

2180 3172 2262 3223 σὶν
2281 3212 2293 3231 .
2322 3171 2360 3236 ἡ
2389 3170 2653 3238 λατρεία,
2690 3170 2788 3222 καὶ
2825 3173 2885 3223 al
2919 3169 3196 3238 διαθῆκαι
3215 3212 3230 3236 ,
3257 3171 3355 3224 καὶ
3379 3166 3472 3225 ὧν
3497 3176 3551 3226 οἱ
3576 3172 3730 3224 πατέ-

2169 3281 2276 3332 ρες
2299 3280 2312 3292 ·
2348 3263 2415 3327 ἐξ
2452 3255 2539 3315 ὧν
2583 3265 2614 3316 ὀ
2649 3262 2903 3329 Χριστὸς
2931 3261 2998 3315 τὸ
3041 3262 3189 3316 κατὰ
3219 3262 3442 3330 σάρκα,
3479 3268 3512 3318 ὁ
3540 3264 3622 3318 ὢν
3649 3265 3729 3318 ἐπὶ

2176 3355 2417 3408 πάντων
2449 3353 2592 3420 Θεὸς
2619 3353 2947 3425 εὐλογητὸς
2985 3357 3072 3421 εἰς
3104 3356 3244 3422 τοὺς
3267 3355 3514 3424 αἰῶνας.
3557 3357 3727 3426 Ἀμήν.

2175 3447 2272 3499 Διὰ
2312 3445 2467 3498 τοῦτο
2500 3446 2607 3517 γὰρ
2657 3446 2749 3498 καὶ
2785 3448 3157 3517 προσκυνητὸς
3201 3449 3229 3499 6
3290 3449 3624 3519 μονογενὴς,
3653 3449 3729 3501 καὶ

2173 3533 2304 3597 θεὸς
2365 3536 2392 3587 6
2443 3535 2785 3604 Μονογενὴς,
2837 3535 2930 3587 καὶ
2993 3534 3135 3587 θεῖον
3189 3535 3450 3606 Πνεῦμα,
3501 3537 3559 3589 τὸ
3598 3537 3729 3603 ἅγιον

2176 3624 2428 3694 Πνεῦμα·
2472 3626 2565 3677 καὶ
2597 3625 2734 3694 μετὰ
2766 3625 2863 3697 τὴν
2899 3625 3058 3693 ἁγίαν
3087 3626 3291 3696 Τριάδα
3322 3627 3426 3680 οὐκ
3461 3628 3602 3680 ἔστιν
3632 3629 3728 3678 ἓτε-

2175 3732 2267 3786 ρος
2299 3716 2450 3778 Θεὸς.
2493 3717 2552 3768 '0
2587 3715 2643 3768 δὲ
2673 3715 2863 3786 Πατὴρ
2893 3716 3305 3786 παντοκράτωρ,
3335 3717 3431 3769 καὶ
3457 3720 3487 3770 ὁ
3517 3719 3727 3784 Μονογε-

2171 3806 2267 3877 νὴς
2301 3805 2464 3858 αὐτοῦ
2501 3809 2628 3868 παῖς
2670 3805 2877 3876 Ἰησοῦς
2913 3806 3145 3874 Χριστὸς
3180 3806 3518 3876 συμπρέπων
3548 3806 3621 3875 τῷ
3649 3804 3724 3856 τοῦ

2171 3897 2384 3966 Πατρδς
2425 3895 2732 3965 ἀξιώματι,
2770 3896 2863 3948 καὶ
2903 3894 3092 3966 Πατὴρ
3125 3895 3460 3965 καλούμενος
3494 3896 3584 3950 τοῦ
3619 3895 3724 3967 μέλι

2169 3987 2350 4049 λοντος
2390 3987 2583 4049 αἰῶνος
2605 4028 2618 4052 ,
2678 3986 3017 4057 συμπρέπων
3050 4005 3108 4038 τε
3156 3988 3249 4041 καὶ
3293 3988 3369 4058 τῷ
3403 3990 3548 4059 ἀγίῳ
3582 3986 3721 4041 αὑτοῦ

2169 4080 2446 4150 Πνεύματι
2479 4079 2769 4142 ἀκτίστως,
2805 4079 2892 4131 ἀεὶ
2937 4081 2969 4149 ἡ
3002 4079 3171 4150 Τριάς
3210 4083 3607 4152 φανερουμένη,
3645 4079 3723 4132 καὶ

2167 4172 2562 4242 γινωσκομένη,
2611 4170 2670 4235 ἐξ
2713 4167 2779 4241 ἧς
2827 4171 3054 4242 Τριάδος
3099 4176 3209 4234 τοῖς
3241 4174 3372 4226 πᾶσι
3408 4174 3646 4241 γεγονόσι
3672 4169 3721 4220 τὸ

2168 4264 2338 4317 αἴτιον
2367 4265 2596 4324 ἔνεστιν,
2630 4264 2824 4335 εἴπερ⁵
2872 4267 3020 4318 ἐστὶν
3048 4265 3233 4327 οὐσίας
3277 4264 3610 4336 ἀκραιφνοῦς
3643 4262 3719 4313 καὶ

486 4352 781 4422 appellatio
803 4353 922 4422 ipsa
952 4366 1136 4406 causa:
1165 4351 1436 4406 sinceram
1489 4359 1542 4405 et
1575 4350 2058 4421 incomparabilem

2178 4355 2493 4426 Εισυγκρίτου
2537 4354 2853 4423 δηλωτικὸν,
2905 4355 3094 4427 Πατὴρ
3128 4357 3186 4407 ἐν
3224 4355 3349 4425 Υἱῴ,
3383 4356 3513 4419 Υἱὸς
3544 4358 3597 4408 ὲν
3633 4355 3701 4405 lla

485 4443 848 4495 substantiam
911 4442 1216 4513 signiticet;
1273 4441 1582 4509 cujusmodi
1645 4450 1729 4497 est
1790 4441 1953 4496 Pater
2004 4441 2061 4493 in

488 4531 648 4595 Filio,
686 4530 861 4586 Filius
913 4533 968 4585 in
1033 4531 1217 4595 Patre,
1252 4547 1378 4585 cum
1411 4532 1618 4601 Spiritu
1675 4541 1902 4596 sancto,
1935 4548 2060 4602 per-

486 4622 699 4674 mansio
747 4622 862 4690 ipsa
904 4623 960 4676 in
1006 4638 1128 4677 sese
1173 4623 1530 4677 :eternitatem
1569 4624 1856 4677 includat:
1900 4623 2058 4694 cujus

488 4709 774 4766 Trinitatis
806 4714 1074 4770 beneﬁcio
1101 4713 1325 4768 condita
1352 4715 1535 4768 omnia
1570 4722 1878 4769 servantur.

928 4825 1112 4880 AETII
1153 4825 1381 4880 CAPUT
1424 4825 1615 4879 XXXI.

555 4917 612 4972 Si
647 4917 782 4971 nihil
816 4934 1004 4973 eorum
1040 4933 1162 4989 quae
1209 4919 1389 4973 visum
1437 4919 1724 4988 eﬂ‘ugiunt,
1767 4919 2060 4989 semetipso

484 5011 532 5065 vi
565 5010 798 5081 quadam
837 5011 1011 5064 sativa
1046 5010 1199 5080 prius
1231 5019 1337 5072 est,
1369 5021 1534 5080 atque
1568 5011 1789 5064 delinita
1821 5011 2055 5081 quadam

483 5111 693 5157 naturae
724 5111 872 5158 sorte
907 5106 1244 5168 continetur,
1280 5103 1372 5173 qui
1421 5105 1535 5158 ﬁeri
1567 5111 1767 5174 potest,
1802 5112 1860 5157 ut
1904 5104 2054 5174 iuge-

481 5197 630 5249 nitus
687 5195 828 5249 Deus
884 5196 953 5250 ab
991 5197 1141 5252 omni
1189 5197 1476 5254 sortitione
1511 5197 1646 5250 liber
1681 5211 1836 5250 suam
1879 5196 2052 5266 ipsius

479 5287 844 5342 substantiam
874 5291 1035 5346 modo
1062 5289 1301 5360 ingenita
1331 5289 1517 5344 sobole
1553 5288 1830 5342 inferioris
1861 5289 2051 5356 cujus-

478 5377 604 5432 dam
657 5395 720 5434 ac
773 5383 1028 5437 secundm
1082 5382 1447 5448 conditionis.
1498 5381 1660 5435 modo
1709 5381 1762 5434 in
1813 5381 2049 5450 ingenito

481 5469 745 5536 primario
771 5487 894 5527 esse
929 5473 1125 5541 videat,
1164 5475 1235 5527 ita
1270 5481 1326 5528 ut
1364 5474 1562 5543 prioris
1594 5473 1745 5537 insit,
1784 5488 1844 5526 ac
1869 5482 2049 5540 poste-

477 5556 642 5612 rioris
669 5560 842 5613 ordo?

475 5745 480 5749 Ι
549 5672 564 5702 ³
596 5671 752 5727 Joau.
786 5691 837 5737 v,
865 5674 967 5741 ‘23;
1003 5692 1081 5740 ιιι,
1109 5674 1194 5732 56.
1265 5676 1282 5706 ¹
1316 5674 1509 5734 Matth.
1540 5691 1636 5740 xu,
1666 5675 1758 5729 52.
1833 5676 1851 5705 ³
1882 5672 2038 5727 ltum.

2184 5672 2235 5738 ι,
2273 5674 2323 5727 5-.

2165 4448 2275 4515 τρὶ,
2313 4446 2407 4498 σὺν
2438 4446 2576 4513 ἁγίῳ
2615 4447 2914 4518 Πνεύματι,
2945 4448 3030 4500 ἀεὶ
3063 4447 3162 4517 τῆς
3193 4446 3455 4516 διαμονῆς
3481 4447 3539 4497 τὸ
3573 4445 3715 4496 ἀΐδιον

2166 4537 2223 4586 ἐν
2262 4537 2424 4606 ἑαυτῇ
2456 4535 2716 4605 ἐχούσης·
2763 4535 2825 4628 ἐξ
2865 4532 2931 4607 ἧς
2961 4536 3187 4606 Τριάδος
3229 4540 3338 4599 τοῖς
3382 4537 3625 4605 γεγονόσι
3666 4531 3713 4582 τὸ

2165 4627 2523 4690 διασώζεσθαι
2564 4623 2867 4700 πρόσεστιν.
3147 4623 3159 4636 ’

2518 4821 2914 4876 ΚΕΦΛΛΛΙΟΝ
2951 4823 3207 4878 ΔΕἸΊΟΥ
3248 4823 3371 4876 AA'.

2233 4913 2294 4965 Εἰ
2328 4913 2476 4966 οὐδὲν
2506 4915 2611 4966 τῶν
2653 4915 2898 4985 ἀοράτων
2941 4915 3072 4967 αὐτὸ
3117 4915 3311 4968 ἑαυτοῦ
3343 4913 3709 4987 σπερματικὼς

2163 5006 2525 5077 προῦπάρχει,
2552 5007 2795 5076 διαμένει
2827 5007 2882 5058 δὲ
2925 5008 2981 5059 ἐν
3012 5006 3170 5076 φύσει
3195 5005 3707 5078 ἀποκεκληρωμένῃ⁸

2163 5093 2280 5156 πῶς
2311 5098 2337 5146 ὁ
2369 5095 2659 5165 ἀγέννητος
2687 5096 2837 5158 Θεὸς,
2859 5094 3139 5166 ἐλεύθερος
3169 5096 3598 5166 ἀποκληρώσεως
3625 5093 3708 5143 ὐπ-

2161 5187 2362 5256 άρχων,
2404 5187 2496 5239 νῦν
2533 5188 2631 5258 μὲν
2667 5187 2764 5256 τὴν
2798 5188 2991 5240 ἑαυτοῦ
3024 5189 3212 5240 οὐσίαν
3245 5189 3504 5259 δευτέραν
3528 5189 3582 5238 ἐν
3601 5201 3704 5251 γεν-

2158 5281 2356 5348 νήματι
2402 5280 2536 5350 ὁρᾷ,
2583 5278 2677 5330 νῦν
2727 5279 2782 5331 δὲ
2837 5279 3109 5350 προτέραν
3157 5282 3213 5332 ὲν
3264 5283 3543 5350 ἀγεννήτῳ
3585 5275 3704 5329 κατὰ

2155 5370 2252 5440 τὴν
2290 5369 2382 5422 τοῦ
2416 5369 2629 5440 πρώτου
2659 5371 2750 5424 καί
2775 5370 3026 5439 δευτέρου
3052 5370 3232 5435 τάξιν;

2402 5670 2552 5726 ⁵15³.
2586 5689 2659 5741 Ix,
2695 5672 2747 5726 6.
2829 5673 2847 5701 ε’
2878 5670 2936 5725 l“.
2975 5673 3138 5742 ἢπερ.
