3790 6212
507 263 613 323 6ίῦ

1908 260 2093 317 8.Εῐ

2208 260 2368 317 ιΑΝιι
3647 273 3717 330 (ιρι)

506 380 612 436 hoc
637 383 721 434 est
768 375 860 430 uni
912 389 976 431 ac
1017 375 1280 448 singulari
1326 375 1623 441 Trinita‘ti,
1670 375 2082 430 venerationem

2208 374 2574 446 ἱναπτομένης
2605 373 2860 446 γλώσσης
2890 375 2985 428 καὶ
3020 372 3299 444 λογισμῶν
3332 374 3611 442 ἀσυνέτων,
3650 398 3719 436 σω-

505 485 572 526 ac
615 470 902 526 scientiam
933 468 1204 536 deferant,
1239 469 1309 524 ab
1348 485 1525 540 eoque
1562 483 1703 523 vera:
1735 466 1854 522 lidei
1905 467 2092 538 cogni-

504 563 709 618 tionem
737 563 1013 638 postulent
1043 569 1212 633 atque
1239 565 1548 632 impetrent,
1596 571 1655 616 ut
1682 576 1750 615 ne
1775 575 2089 615 mensuram

505 654 782 726 propriam
811 653 1100 718 excedant,
1125 655 1221 709 sed
1249 655 1318 708 ab
1345 655 1635 709 obcaecata:
1661 653 1862 708 mentis
1885 652 2090 722 impetu

507 744 941 815 conquiescant;
982 759 1117 801 neve
1162 759 1398 800 accensa
1433 746 1770 815 incitataque
1810 744 1995 815 lingua
2040 751 2094 799 et

508 832 959 904 imprudentibus
1041 835 1469 906 cogitationibus
1549 834 1794 905 argutari
1865 836 2098 898 malint,

2202 467 2551 540 φρονίζεσθαι
2601 468 2657 522 δὲ
2715 468 2915 538 μᾶλλον
2947 467 3038 520 διὰ
3081 466 3175 521 τοῦ
3223 468 3446 521 συνετοῦ
3491 470 3633 540 ρητοῦ
3657 477 3723 544 ei;

2202 560 2364 629 ἁγίας
2407 559 2500 612 καὶ⁸
2535 557 2684 622 Θείας
2729 559 2954 629 Γραφῆς
2992 557 3093 629 τῆς
3137 558 3439 628 λεγούσηςο
3483 558 3571 626 Μὴ
3599 563 3726 631 ὑπει-

2200 652 2449 723 φρονεῖν
2483 652 2618 722 παρ’
2650 651 2681 706 ὃ
2713 651 2806 706 δεῖ
2840 652 3108 722 φρονεῖν,
3144 653 3307 707 ἀλλὰ
3333 651 3573 722 φρονεῖν
3595 656 3665 720 εις
3685 661 3725 710 τὸ

2201 743 2562 814 σωφρονεῖν.

2175 851 2342 906 quam
2399 834 2808 906 sapientissima
2860 835 2952 890 illa
2997 835 3298 906 Scriptum
3350 836 3611 891 sententia
3667 852 3728 889 ca-

510 923 700 995 stigari
726 940 738 976 :
770 923 938 996 930
963 923 1086 980 Non
1110 941 1291 994 sapere
1312 927 1430 995 plus
1462 943 1620 998 quant
1647 935 1848 996 oportet
1878 943 2084 998 sapere,
2123 927 2216 983 sed
2225 943 2426 998 sapere
2445 928 2519 982 ad
2543 927 2879 983 sobrietatem
2899 930 2939 982 ί.

933 1038 1114 1094 ΑΕΤΙΙ
1163 1037 1393 1094 CAPUT
1435 1039 1650 1095 XXXII.

581 1145 640 1205 Si
671 1150 726 1206 in
757 1150 997 1223 ingenita
1031 1163 1226 1208 natura
1257 1165 1571 1224 perseverat
1601 1155 1766 1219 Deus,
1801 1155 2081 1210 detrahen-

509 1241 640 1297 dum
676 1242 778 1297 hoc
819 1243 869 1298 ei
914 1252 1027 1308 est,
1066 1255 1125 1299 ut
1164 1247 1412 1316 generari
1459 1262 1519 1301 se
1573 1254 1736 1317 atque
1790 1247 2090 1318 ingenitum

511 1349 635 1389 esse
661 1344 976 1405 cognoscat.
1006 1337 1168 1404 Quod
1201 1339 1248 1394 si
1285 1338 1338 1393 id
1382 1339 1456 1409 illi
1491 1339 1672 1402 detur,
1708 1347 1766 1394 ut
1802 1355 1898 1410 per
1925 1340 2093 1409 geniti

511 1427 855 1498 ingenitique
884 1431 1269 1486 conditionem
1312 1430 1461 1486 illius
1506 1441 1701 1487 natura
1748 1430 2092 1494 traducatur,

512 1521 879 1576 substantiam
911 1524 1030 1592 ipse
1081 1538 1235 1578 suam
1276 1524 1519 1594 ignorat,
1551 1539 1675 1579 cum
1733 1524 1802 1578 ab
1837 1532 2092 1594 utraque,

513 1613 932 1680 geniti-scilicet
966 1622 1130 1686 atque
1154 1615 1406 1685 ingeniti,
1437 1615 1704 1685 qualitate
1729 1614 2092 1669 distrahatur.

516 1703 574 1759 Si
601 1721 747 1761 vero
773 1707 1023 1778 genitum
1051 1707 1388 1763 conditionis
1417 1707 1646 1778 ingeniti
1677 1708 1951 1778 particeps
1985 1715 2089 1770 est.

503 1799 826 1869 etingeniti
861 1808 1059 1853 natura
1103 1808 1367 1870 perpetuo
1399 1809 1600 1869 manet,
1635 1816 1860 1856 necesse
1913 1809 1999 1861 est
2030 1795 2090 1855 ut

499 1889 943 1966 semiperfecta
985 1891 1040 1945 in
1084 1899 1279 1945 natura
1316 1893 1680 1948 constitutum
1709 1899 2006 1963 agnoscat,
2041 1899 2097 1947 et

515 1981 666 2036 illam
707 1982 932 2053 ingeniti
964 1983 1409 2047 communionem
1441 1984 1654 2055 ignoret
1682 2002 1696 2040 :
1743 1999 1920 2054 neque
1946 1984 2095 2038 enim

515 2073 658 2129 idem
703 2073 770 2132 de
807 2077 990 2145 seipso
1047 2086 1101 2131 et
1137 2077 1390 2148 ingenitae
1453 2078 1774 2134 substantiae
1811 2085 1865 2132 et
1902 2076 2100 2147 genitae

515 2167 770 2222 notitiam
819 2167 1118 2224 informare
1171 2175 1368 2239 potest.
1419 2166 1538 2224 Jam
1584 2184 1716 2224 vero
1765 2169 1811 2224 si
1871 2169 2098 2240 ingeniti

515 2259 826 2329 proprietas
878 2259 1012 2316 levis
1047 2269 1132 2315 est
1175 2276 1240 2315 ac
1289 2259 1500 2314 minimi
1549 2259 1819 2325 facienda,
1847 2261 1994 2331 quod
2042 2261 2099 2314 in

516 2352 872 2408 mutationem
921 2353 1182 2423 proclivis
1238 2355 1338 2417 sit,
1383 2353 1738 2408 immutabilis
1788 2352 2098 2408 substantia

2569 1043 2970 1097 ΚΕΦΛΛΑΙΟΝ
3008 1043 3264 1097 ᾹΕΤΙΟΥ
3299 1043 3427 1099 AB’.

2272 1155 2335 1208 Et
2367 1154 2613 1226 διαμένει
2645 1157 2706 1208 ἐν
2733 1154 2893 1225 φύσει
2945 1157 3243 1227 ἀγεννήτου
3271 1158 3298 1208 6
3331 1156 3492 1223 Θεὸς,
3519 1156 3573 1208 τὸ
3602 1157 3645 1207 ἐν
3666 1172 3729 1222 γε·

2201 1246 2344 1299 νέσει
2385 1246 2478 1299 καὶ
2504 1249 2809 1320 ἀγεννησίᾳ
2835 1249 3026 1302 ἐαυτὸν
3058 1248 3260 1302 εἰδέναι
3296 1247 3613 1319 ἀφῃρήσθω.
3634 1249 3730 1314 Συγ-

2198 1338 2553 1408 χωρουμένου
2577 1337 2633 1391 δὲ
2669 1341 2728 1392 ἐν
2754 1340 3037 1411 ὰγεννήτῳ
3062 1341 3158 1394 xal.
3186 1339 3441 1412 γεννητῷ
3470 1339 3563 1409 τὴν
3593 1339 3730 1390 ἑαυτιῦ

2197 1430 2384 1483 οὐσίαν
2420 1429 2791 1501 παρατείνειν,
2824 1431 2984 1496 αὐτὸς
3019 1431 3216 1485 ἐαυτοῦ
3248 1431 3439 1500 ἀγνοεί
3466 1430 3562 1500 τὴν
3580 1431 3732 1488 οὐσίαν,

2199 1523 2596 1595 περιαγόμενος
2652 1523 2758 1578 ὑπὸ
2796 1524 3065 1594 γενέσεως
3112 1525 3207 1578 καὶ
3239 1523 3588 1594 ἀγεννησίας.
3628 1523 3733 1574 me

2199 1615 2292 1669 καὶ
2323 1615 2383 1668 τὸ
2408 1615 2662 1686 γεννητὸν
2725 1616 3021 1686 μετείληφε
3061 1617 3352 1688 μετουσίας
3384 1616 3677 1686 ἁγεννήτου,
3699 1616 3734 1663 ἐν

2196 1706 2256 1759 δὲ
2283 1705 2544 1775 γεννητοῦ
2574 1704 2733 1775 φύσει
2759 1707 3137 1779 ἀτελευτήτως
3160 1707 3436 1778 διαμένει,
3469 1707 3517 1758 εί
3547 1705 3636 1776 μὲν
3659 1704 3732 1755 £2:-

2203 1797 2372 1852 τελῶν
2405 1795 2565 1865 φύσει
2600 1796 2860 1867 γινώσκει
2903 1799 3089 1861 αὑτὸν,
3135 1798 3349 1867 ἀγνοῶν
3380 1797 3544 1867 δῆλον
3583 1795 3650 1847 ὅτι
3676 1794 3736 1861 τὴν

2205 1888 2502 1958 ἀγέννητον
2527 1889 2818 1961 μετουσίαν
2840 1907 2853 1919 ·
2886 1891 2948 1943 ού
2973 1890 3081 1962 γὰρ
3107 1885 3218 1942 οἷόν
3243 1907 3303 1942 τε
3339 1889 3508 1942 αὐτὸν
3537 1889 3647 1957 περὶ
3674 1884 3738 1935 εὖ·

2204 1981 2297 2034 τοῦ
2329 1984 2422 2037 καὶ
2446 1984 2743 2053 ἀγεννήτου
2770 1981 2959 2045 οὐσίας
2980 1981 3182 2051 γνῶσιν
3212 1981 3359 2052 ἔχειν
3382 1982 3484 2034 καὶ
3509 1984 3738 2050 raw-mi;

2207 2076 2255 2127 ei
2296 2073 2354 2126 δὲ
2394 2075 2873 2146 εὐκαταφρόνητόν
2917 2075 3034 2128 ἐστι
3073 2074 3136 2127 τὸ
3163 2074 3468 2144 ἀγέννητον
3514 2073 3597 2126 διὰ
3625 2090 3740 2142 μετι-

2208 2162 2372 2235 εολῆς
2422 2163 2869 2236 ἐπιτηδειότητα,
2914 2165 3131 2237 ἀξίωμα
3175 2164 3394 2234 φύσεώς
3428 2166 3578 2218 ἐστιν
3609 2163 3740 2220 οὺςὶι.

2207 2253 2586 2325 ἀμετάϐλητος
2637 2254 2740 2325 τῆς
2787 2255 3084 2327 ἀγεννήτου
3130 2255 3358 2322 οὐσίας,
3409 2255 3590 2324 πάσης
3616 2256 3742 2313 αἰτίας

2207 2354 2515 2425 κρείττονος
2544 2355 3002 2426 ὁμολογουμένης.

515 2455 728 2504 natura:
775 2449 1024 2506 quaedam
1065 2448 1306 2520 dignitas
1357 2457 1473 2514 est,
1525 2464 1648 2504 cum
1734 2449 1974 2521 ingenita
2043 2448 2352 2506 substantia
2395 2451 2640 2506 omnium
2711 2450 3062 2507 confessione
3098 2451 3287 2509 causis
3347 2453 3608 2511 omnibus
3636 2465 3747 2508 ante

516 2539 697 2597 cellat.

1012 2652 1320 2720 Confutatio
1352 2649 1603 2707 XXXII.

593 2765 636 2820 l.
673 2763 883 2820 Nemini
925 2763 1153 2820 dubium
1189 2772 1296 2830 est,
1347 2765 1477 2835 quin
1523 2761 1765 2835 ingenita
1802 2763 1855 2818 in
1901 2769 2102 2816 natura

521 2864 666 2920 Deus
706 2870 1046 2935 perseveret,
1095 2861 1294 2929 Pater;
1325 2863 1416 2933 qui
1455 2863 1523 2917 de
1567 2861 1739 2916 nihilo
1778 2860 1986 2916 creavit
2037 2874 2101 2915 ac

519 2955 809 3012 fabricavit
849 2955 1068 3020 omnia,
1096 2952 1296 3009 Filium
1342 2967 1474 3009 vero
1505 2952 2034 3008 consubstantialem
2069 2967 2100 3006 e

2750 2647 3076 2718 Ἀνατροπὴ
3116 2653 3247 2706 AB'.

2277 2760 2354 2810 A'.
2410 2758 2497 2812 ’Ev
2536 2758 2818 2829 ἀγεννήτῳ
2869 2757 3030 2828 φύσει
3068 2760 3315 2831 διαμένει
3351 2764 3750 2837 ἀναμφιδόλωςΰ

2205 2849 2357 2916 Θεὸς,
2387 2850 2415 2902 6
2447 2849 2517 2904 τὰ
2548 2850 2724 2905 πάντα
2759 2850 2952 2915 κτίσας
2984 2850 3044 2917 ἐξ
3068 2853 3169 2906 οὐκ
3191 2852 3386 2920 ὄντων,
3420 2860 3520 2911 καὶ
3549 2860 3750 2930 δημιοερ-

2205 2944 2383 3014 γήσας
2404 2944 2432 2995 6
2461 2942 2672 3015 Πατὴρ,
2698 2944 2968 3014 γεννήσας
2991 2945 3052 3008 ἐξ
3071 2945 3267 2999 ἑαυτοῦ
3295 2948 3471 3018 ὁμοού
3482 2968 3589 3004 σιον
3617 2952 3750 3020 ἑαυτῇ

521 3049 704 3119 seipso
759 3054 922 3116 atque
963 3045 1254 3101 aeternitati
1301 3060 1414 3100 suae
1459 3051 1850 3115 congruentem
1886 3043 2093 3111 genuit;

2209 3034 2336 3088 Υίὸν
2357 3074 2370 3098 ,
2403 3034 2499 3088 καὶ
2538 3034 2934 3106 συμπρέποντα
2967 3038 3032 3106 τῇ
3075 3036 3240 3090 αὐτοῦ
3268 3039 3540 3112 ἀῖδιότητι
3563 3082 3577 3105 ,
3614 3045 3690 3095 καὶ
3711 3045 3750 3093 τὸ

519 3153 738 3194 necnon
770 3148 824 3193 et
865 3136 1128 3208 Spiritum
1159 3143 1410 3192 sanctum
1443 3152 1474 3191 e
1504 3135 1687 3206 seipso
1715 3135 2100 3206 procedentem

521 3241 577 3285 et
615 3230 860 3301 ejusdem
895 3229 1218 3285 substantiae
1248 3227 1623 3283 communioni
1677 3241 1932 3298 peraeque
1963 3241 2100 3281 con-

519 3324 829 3379 venientem
881 3321 1161 3393 produxit.
1201 3320 1358 3387 Quod
1405 3328 1588 3376 autem
1620 3319 1809 3375 eadem
1855 3319 1945 3373 illa
1980 3317 2102 3372 Tri-

521 3418 666 3471 nitas
721 3428 1067 3485 quaecunque
1111 3423 1241 3469 sunt
1291 3428 1322 3468 e
1381 3411 1554 3467 nihilo
1607 3411 1948 3482 procreavit,
1991 3419 2100 3464 tam

519 3508 899 3579 aspectabilia,
926 3521 1094 3577 quam
1128 3521 1252 3575 qua:
1281 3511 1564 3574 aspectum
1600 3502 1838 3573 fugiunt,
1878 3516 1989 3556 non
2021 3501 2105 3556 id-

523 3602 673 3654 circo
731 3597 784 3653 id
826 3599 1040 3669 ipsum,
1096 3597 1242 3668 quod
1287 3596 1484 3651 divina:
1537 3594 1808 3664 majestati
1867 3607 2104 3649 consen-

521 3699 748 3744 taneum
779 3697 885 3751 est,
939 3689 1043 3742 hoc
1076 3697 1163 3742 est
1193 3687 1510 3744 exsistentis
1550 3684 1852 3747 aiternitas,
1895 3684 2101 3739 recenti

522 3783 616 3846 illa
647 3789 954 3834 creatarum
989 3794 1174 3832 rerum
1197 3772 1560 3844 appellatione
1581 3775 1941 3830 subtrahitur.
1967 3774 2103 3830 Nam

527 3870 598 3924 ab
631 3869 861 3924 istarum
903 3867 1219 3922 conditione
1270 3880 1482 3920 summa
1529 3865 1619 3918 illa
1665 3865 1970 3919 substantia
2039 3879 2103 3918 ac

525 3960 846 4030 praecellens
886 3958 1178 4020 eximitur,
1217 3957 1545 4027 quibuscum
1586 3955 1810 4009 minime
1857 3955 2103 4011 consub-

523 4051 796 4108 stantialis
845 4059 954 4114 est,
986 4050 1079 4104 sed
1118 4064 1212 4105 eas
1264 4065 1295 4104 e
1345 4048 1517 4102 nihilo
1565 4047 1770 4117 aliquid
1815 4053 1875 4100 ut
1918 4057 2106 4102 essent

522 4141 799 4198 excitavit.
855 4139 1036 4206 Quare
1091 4137 1265 4194 Filius
1317 4153 1348 4192 a
1400 4137 1559 4192 Patre
1615 4136 1874 4206 genitus,
1921 4152 2030 4190 non
2075 4151 2105 4192 e

521 4233 715 4298 nihilo,
744 4231 840 4286 sed
885 4246 950 4286 ex
982 4245 1047 4284 eo
1089 4230 1315 4300 quiest,
1365 4229 1756 4283 convenienter
1806 4227 2104 4297 productus

524 4323 884 4394 intelligitur:
923 4320 1059 4375 adeo
1109 4330 1166 4373 ut
1211 4334 1388 4389 neque
1432 4318 1714 4382 .collatata,
1753 4333 1930 4387 neque
1974 4333 2106 4372 con-

2205 3125 2266 3191 ἐξ
2294 3123 2461 3180 αὐτοῦ
2483 3125 2640 3193 ἆγιον
2668 3125 2894 3197 Πνεῦμα
2927 3125 3166 3192 ἐξελθὸν,
3191 3132 3523 3201 πρεπόντως
3554 3135 3750 3206 ὑπάρχον

2203 3220 2270 3289 τῇ
2297 3215 2462 3271 αὐτοῦ
2495 3217 2896 3288 ὁμοουσιὸτητι.
2927 3219 3037 3272 Καὶ
3059 3218 3204 3287 οὔτε,
3233 3223 3544 3295 ἐπειδήπερ
3566 3229 3598 3298 ἡ
3625 3228 3754 3297 Τριὰς

2205 3308 2420 3361 ἔκτισεν
2453 3305 2512 3372 ἐξ
2538 3308 2639 3360 οὐκ
2663 3307 2832 3361 ὄντων
2857 3309 2926 3362 τά
2955 3308 3107 3375 ὅντα,
3134 3313 3312 3382 ὀρατά
3346 3332 3409 3367 τε
3444 3317 3542 3370 καὶ
3573 3318 3753 3390 ἀόρατα.

2205 3395 2358 3468 παρά
2403 3395 2562 3450 τοῦτο
2610 3398 2914 3470 ἀναιρεῖται
2955 3400 3018 3452 τὸ
3050 3399 3354 3470 ἀναλογοῦν
3395 3406 3483 3477 τῷ
3521 3409 3613 3462 τοῦ
3656 3409 3755 3462 Θειῦ

2204 3485 2475 3557 ἀξιώματι
2500 3485 2590 3540 διὰ.
2623 3487 2716 3540 τοῦ
2750 3489 3065 3560 προσφάτου
3111 3490 3220 3546 τῶν
3256 3497 3582 3568 κτισμάτων
3608 3499 3757 3568 ὀνόμα.

2203 3595 2330 3645 τος,
2362 3580 2396 3650 ἠ
2428 3579 2521 3632 τοῦ
2561 3579 2711 3642 ὄντος
2735 3580 2997 3652 ἀῖδιότης-.
3053 3585 3397 3658 Ἀφαιρεῖται
3447 3591 3507 3644 δέ
3547 3593 3648 3644 ἀπὸ
3677 3591 3754 3641 τῶι

2210 3670 2582 3741 κεκτισμὲνων
2612 3671 2645 3741 ή
2675 3671 2882 3725 ἄνωθεν
2911 3673 3318 3745 ὑπερϐαίνουσα
3342 3679 3532 3747 οὐσία,
3550 3683 3642 3736 οὒκ
3657 3679 3758 3736 οὖτα

2203 3759 2413 3824 τούτοις
2439 3761 2746 3832 ὁμοούσιος,
2778 3763 2837 3830 ἐξ
2867 3765 2968 3818 οὐκ
3013 3765 3182 3820 ὄντων
3208 3767 3266 3821 δὲ
3293 3770 3581 3828 καλέσασα
3605 3774 3684 3826 τοῦ
3709 3771 3757 3825 εἷ-

2207 3871 2313 3922 ναι.
2364 3853 2458 3906 Διὸ
2493 3854 2522 3905 6
2566 3855 2965 3928 γεγεννημένος
3015 3858 3139 3921 Υἱὸς
3184 3861 3285 3914 οὐκ
3339 3864 3399 3930 ἐξ
3457 3867 3560 3920 οὐκ
3607 3866 3755 3926 ὅντων,

2206 3944 2341 3999 ἀλλὰ
2381 3948 2446 4000 ἐκ
2491 3946 2584 4000 τοῦ
2629 3947 2784 4012 ὕντος
2832 3951 3270 4022 συμπρεπόντως
3325 3955 3449 4026 ἅμα
3495 3959 3754 4030 θεωρεῖται,

2205 4035 2328 4090 οὔτε
2362 4039 2830 4110 παρατεινομένης
2867 4041 2968 4110 τῆς
3002 4042 3223 4110 οὐσίας,
3268 4046 3393 4099 οὔτε
3442 4051 3756 4120 συστελλομέ-

2206 4144 2332 4198 νηςο
2365 4127 2502 4181 ἀλλά
2529 4129 2742 4201 πνεῦμα
2767 4130 2842 4184 ὢν
2871 4133 2900 4185 ὁ
2922 4133 3133 4206 Πατὴρ,
3161 4135 3379 4206 πνεῦμα
3413 4139 3674 4210 ἀληθινῶς
3693 4143 3756 4190 τὸν

2207 4220 2334 4274 Υἱὸν
2367 4221 2646 4292 ἐγέννησε,
2681 4224 2771 4276 καὶ
2808 4225 2868 4289 ἐξ
2892 4226 3086 4280 ἑαυτοῦ
3111 4227 3374 4299 ἐξήνεγκε
3399 4231 3464 4284 τὸ
3495 4233 3697 4303 Πνεῦμα
3715 4233 3755 4281 τι

2208 4313 2385 4383 ἅγιον.
2421 4317 2532 4370 Καὶ
2567 4317 2666 4388 οὐχ
2694 4319 2887 4371 ἑαυτὸν
2920 4320 3136 4389 ἀγνοεῖ,
3181 4321 3306 4375 οὔτε
3345 4325 3450 4394 τὴν
3491 4327 3670 4380 ἐαυτοῦ
3692 4329 3757 4376 ιᾷη

525 4424 698 4486 tracta
740 4415 812 4470 sit
851 4413 1180 4468 substantia.
1207 4412 1406 4468 Verum
1444 4411 1536 4482 qui
1570 4410 1798 4481 Spiritus
1832 4417 1917 4465 est
1945 4408 2093 4465 Patet

2213 4408 2335 4462 σίαν
2365 4409 2792 4482 συστελλομένην
2832 4413 2866 4484 ἢ
2907 4413 3322 4488 πλατυνομένην
3349 4413 3499 4472 οἶδεν
3521 4460 3536 4485 ,
3564 4421 3595 4490 ἢ
3627 4419 3757 4487 τομὴν

524 4505 776 4576 Spiritum
840 4503 1066 4573 perinde
1105 4503 1303 4557 Filium
1350 4503 1574 4574 genuit,
1625 4509 1789 4572 atque
1835 4519 1865 4556 e
1922 4501 2104 4571 seipso

525 4606 776 4654 sanctum
831 4594 1094 4666 Spiritum
1134 4595 1338 4650 emisit.
1387 4593 1572 4664 Neque
1600 4609 1728 4649 vero
1776 4603 1869 4647 aut
1901 4602 2104 4649 semet-

526 4690 707 4760 ipsum
745 4689 991 4758 ignorat,
1028 4693 1122 4740 aut
1160 4694 1497 4741 contractam
1536 4685 1919 4740 collatatamve
1945 4699 2101 4740 suam

525 4781 680 4833 novit
713 4778 1100 4842 substantiam,
1137 4777 1253 4831 sive
1300 4776 1481 4846 aliqua
1518 4777 1761 4832 sectione
1798 4775 2097 4831 concisam.

526 4870 651 4925 liaac
681 4870 828 4925 enim
869 4873 1051 4923 omnia
1080 4867 1148 4924 de
1190 4866 1300 4923 Deo
1356 4869 1518 4938 981
1551 4863 1795 4938 cogitare
1824 4867 1987 4922 nimis
2020 4878 2106 4920 est

527 4961 829 5019 absurdum
855 5005 868 5027 ,
906 4968 965 5015 ut
991 4962 1122 5030 quid
1165 4961 1237 5015 sit
1281 4956 1520 5030 Spiritus
1550 4967 1775 5013 sanctus
1807 4956 1954 5012 Deus
1990 4957 2105 5026 ipse

529 5055 761 5110 nesciat.
811 5054 890 5108 Ac
937 5067 1117 5122 neque
1159 5051 1432 5122 ingenitus
1483 5066 1606 5106 cum
1670 5050 1910 5119 ingenito
1965 5047 2106 5102 Filio

529 5146 1018 5205 consubstantialis
1041 5160 1148 5199 non
1173 5151 1295 5209 est;
1333 5159 1511 5214 neque
1541 5144 1759 5214 genitus
1793 5143 1911 5213 ipse
1947 5158 2102 5196 com-

525 5253 746 5294 munem
777 5252 903 5292 cum
953 5228 1115 5292 Patre
1154 5237 1510 5291 aeternitatem
1559 5251 1664 5289 non
1709 5235 1975 5289 continet.
2009 5233 2104 5287 Et-

527 5331 672 5385 enim
698 5329 862 5385 Pater
907 5328 1128 5394 Filium,
1164 5328 1336 5384 Filius
1374 5325 1589 5382 Patrem
1624 5328 1931 5397 cognoscit.
1972 5324 2102 5381 Tri-

527 5424 671 5478 nitas
719 5437 887 5493 porro
942 5422 1061 5492 ipsa
1121 5421 1242 5477 sine
1293 5420 1406 5473 ullo
1456 5419 1562 5474 line
1601 5428 1783 5474 manet
1837 5419 2100 5482 increata,

527 5514 836 5585 occiditque
881 5531 1184 5586 nunquam.
1219 5513 1392 5570 Filius
1448 5529 1580 5570 vero
1636 5528 1667 5566 a
1700 5511 1866 5566 Patre
1905 5524 2102 5566 revera

2215 4499 2606 4570 ὕψιστα-μένην.
2647 4500 2833 4555 Ταῦτα
2872 4507 2980 4576 γάρ
3021 4504 3199 4558 πάντα
3243 4507 3375 4576 περὶ
3424 4507 3561 4561 Θεὸν
3605 4509 3758 4560 eam;

2211 4590 2554 4659 ἀλογώτατον
2582 4608 2595 4622 ·
2625 4592 2767 4646 ὥστε
2795 4594 2888 4649 καὶ
2919 4596 3135 4665 ἀγνοεῖν
3175 4597 3311 4651 αὐτὸ
3351 4598 3418 4652 τὸ
3459 4598 3629 4662 Θείον,
3657 4599 3760 4662 ὅπερ

2212 4684 2328 4736 ἐστὶ
2382 4683 2476 4737 τὸ¹
2511 4684 2667 4752 ἅγιον
2705 4685 2946 4756 Πνεῦμα.
2998 4689 3110 4741 Καὶ
3155 4688 3279 4742 οὔτε
3321 4691 3351 4743 6
3400 4691 3684 4759 ἀγένητος
3717 4691 3759 4737 σὲ

2212 4775 2545 4859 συμμετέχει
2578 4777 2657 4848 τῷ
2702 4780 3004 4850 γεννήματι
3033 4779 3095 4832 τὸ
3130 4780 3443 4851 ὁμοούσιον,
3477 4783 3599 4836 οὔτε
3629 4785 3761 4845 ἐτειν

2215 4869 2374 4939 νητὸς
2399 4870 2460 4922 ού
2490 4870 2847 4942 συμπεριέχει
2878 4872 2958 4942 τῷ
2988 4873 3165 4942 Has-pl.
3198 4875 3259 4927 τὸ
3305 4875 3501 4929 ἀΐδιον.
3537 4871 3648 4929 Οἵδε
3681 4877 3758 4937 γὰρ

2213 4958 2242 5010 6
2279 4958 2468 5029 Πατὴρ
2495 4959 2585 5012 τὸν
2611 4960 2759 5022 Υίὸν.
2793 4961 2889 5014 καὶ
2919 4963 2948 5014 ὁ
2981 4961 3108 5026 Υἱὸς
3134 4959 3238 5015 οἶδε
3260 4965 3356 5018 τὸν
3383 4965 3635 5035 Πατέρα·
3669 4964 3765 5013 ἁτε-ι

2213 5052 2488 5124 λευτήτως
2533 5053 2622 5106 ἀεὶ
2653 5053 2751 5124 τῆς
2797 5053 3027 5125 Τριάδος
3066 5054 3323 5108 ἀκτίς-του
3361 5055 3661 5126 μενούσης,
3693 5050 3765 5103 καὶ.

2213 5144 2582 5214 ἀτελευτήτως
2609 5145 2962 5216 ὑπαρχούσης
2981 5162 2996 5177 ο
3025 5145 3119 5200 τοῦ
3147 5147 3498 5215 Μονογενοῦς
3540 5159 3758 5216 γεγειινηο

2215 5237 2377 5309 μένου
2403 5238 2467 5290 ἐκ
2503 5235 2598 5290 τοῦ
2624 5237 2712 5290 ἀεὶ
2741 5239 2914 5303 ὄντος,
2948 5238 3117 5316 ὅντως
3151 5240 3325 5304 ὖντος,
3356 5242 3453 5294 καὶ
3494 5243 3552 5294 ὲν
3581 5238 3676 5306 ἰδίᾳ
3698 5251 3761 5285 τεο

2210 5328 2331 5401 λείᾳ
2361 5328 2540 5398 φύσει.
2597 5330 2688 5383 Διὸ
2732 5329 2992 5400 γινώσκει
3037 5333 3264 5386 ἐαυτὸν⁹
3309 5333 3403 5385 καὶ
3447 5334 3549 5384 οὐκ
3617 5331 3765 5399 ἀγνοεῖ

2210 5419 2333 5474 οὗτε
2371 5424 2398 5475 6
2441 5421 2569 5485 Υἱὸς
2615 5421 2715 5494 τὴν
2761 5423 3053 5494 ἀγέννητον
3087 5424 3314 5496 ,Πατρὸς
3353 5425 3564 5488 οὐσίαν,
3603 5421 3705 5473 οὔτε
3741 5417 3765 5468 ὁ

2211 5511 2506 5585 ἀγέννητὸς
2536 5513 2635 5584 τὴν
2659 5512 2752 5567 τοῦ
2783 5512 2914 5567 Υἱοῦ
2955 5514 3014 5580 ἐξ
3049 5515 3214 5569 αὐτοῦ
3241 5515 3454 5583 οὐσίαν,
3483 5513 3761 5577 aetatm

600 5668 620 5702 ‘
649 5669 810 5723 Rom.
843 5683 941 5733 xu,
979 5669 1032 5722 5.
1107 5671 1128 5702 ¹
1156 5669 1219 5724 F.
1248 5668 1400 5726 deest
1422 5669 1631 5742 Πατὴρ,
1668 5670 1762 5725 καὶ
1795 5668 1946 5739 Υἱὸς,
1970 5671 2063 5724 καὶ
2093 5669 2174 5735 τὸ,
2199 5677 2301 5726 etc.
