3790 6212
83 273 174 334 {32]
669 265 1037 325 ADVERSUS
1076 266 1418 322 "IERESES
1458 265 1583 323 LIB.
1611 265 1701 321 111.
1747 263 1910 320 ΤΟΜ.
1955 264 1995 320 l.
2039 295 2103 304 -—
2149 264 2420 321 IL-‘EltES.
2467 265 2700 322 LXXVI.

3201 269 3308 326 6'29.

86 395 216 456 ὕπος
237 369 338 444 τοῦ·
355 371 672 460 μονογενοῦς
701 387 838 441 Θεοῦ
865 388 1038 456 Λόγου
1067 389 1340 460 φήσαντος
1365 403 1375 418 ·
1417 387 1626 453 Οὐδεὶς

1764 403 1790 441 c
1815 401 2030 456 semper
2064 385 2360 442 exsistente
2395 387 2450 441 in
2495 387 2710 458 propria
2743 387 3088 458 perfectaque
3115 401 3308 445 natura

86 481 191 542 οἵδε
214 481 312 536 τὸν
342 480 570 549 Πατέρα
593 482 646 532 εὶ
668 478 755 549 μὴ
783 483 814 534 ό
845 481 999 546 Υἱὸς,
1025 481 1124 533 καὶ
1159 480 1268 534 τὸν
1301 479 1438 534 flor
1464 481 1516 534 ει
1536 478 1622 548 μὴ

84 581 112 632 ὁ
136 572 338 640 Πατήρ.
739 599 742 602 ί

1737 479 1953 548 genitus
1985 486 2088 532 est.
2143 476 2224 532 Ob
2271 477 2324 532 id
2375 479 2730 548 semetipsum
2769 481 2952 548 novit;
2990 497 3166 552 neque
3217 491 3312 536 aut

1736 568 1910 624 Filius
1943 570 2240 640 ingenitam
2277 570 2457 626 Patris
2482 570 2872 634 substantiam,
2909 581 3002 628 aut
3035 574 3312 644 ingenitus

82 665 206 726 Filii,
231 675 386 731 quem
426 660 702 730 produxit,
739 659 995 728 ignorare
1032 669 1232 730 potest.
1290 666 1494 732 Dignus
1539 667 1622 714 est
1659 660 1806 715 enim
1835 658 2008 715 Filius
2037 659 2174 730 ipse,
2219 660 2306 714 cui
2339 660 2422 715 sic
2451 660 2694 730 loquenti
2750 661 2885 716 ﬁdes
2951 663 3309 727 adhibeatur;

81 755 226 809 Nemo
253 751 390 804 norit
427 749 642 804 Patrem
679 751 782 804 nisi
813 749 1010 814 Filius,
1051 761 1098 804 et
1139 749 1342 804 Filium
1383 751 1488 804 nisi
1521 750 1682 803 Pater
1709 749 1747 802 ¹.

135 843 202 900 B’.
225 843 310 896 Διὸ
355 842 657 914 ἀφῃρήσθω
695 842 756 896 τὸ
795 841 986 896 τούτου
1025 841 1120 896 τοῦ
1153 844 1386 910 γεννάδα
1423 843 1624 896 ’Δετίου

1800 838 1864 895 Π.
1898 838 2261 907 Quamobrem
2295 841 2785 898 circumscribatur
2829 855 2858 894 a
2903 841 3190 896 temerario
3219 842 3313 896 illo

75 932 414 1002 ἀποφαντικὸν
447 932 744 1002 κέλευσμα,
786 932 848 985 τὸ
875 935 1086 1004 φῆσαν·
1122 951 1139 984 ι
1177 934 1252 986 Οὐ
1288 933 1396 1005 γὰρ
1427 927 1542 986 οἶόν
1570 949 1629 985 τε

1764 931 1927 996 tetio,
1979 940 2242 1000 tanquam
2277 947 2306 985 a
2338 932 2526 1001 judice
2550 973 2564 997 ,
2606 933 2960 1002 pronuntiata
2999 933 3308 988 sententia:

75 1027 218 1082 αὐτὸν
258 1025 388 1096 περὶ
441 1023 638 1079 ἑαυτοῦ
699 1025 794 1078 καὶ
855 1026 1150 1095 ἀγεννήτου
1192 1025 1380 1088 οὐσίας
1430 1026 1630 1094 γνῶσιν

73 1117 326 1188 Exanimat
372 1115 715 1186 ἀγεννησίας.
758 1135 776 1166 ι
797 1115 1078 1187 Προῦλαϐε
1120 1115 1228 1186 γὰρ
1260 1117 1288 1168 ὁ
1323 1116 1635 1186 Μονογενὴς

73 1207 410 1279 παραγράψαι
441 1205 552 1277 τὴν
595 1206 912 1277 δικαστικὴεν
959 1207 1126 1261 αὐτοῦ
1181 1207 1384 1278 ταύτην
1431 1206 1634 1277 φωνὴν,

71 1300 230 1369 φήσας
257 1298 452 1352 ἑαυτὸν
477 1297 674 1352 εἰδέναι
705 1296 798 1350 τὸν
827 1297 1070 1369 Πατέρα,
1106 1300 1202 1352 καὶ
1227 1299 1384 1353 ἄλλον
1410 1298 1598 1352 οὐδένα
1617 1317 1630 1330 ·

71 1387 473 1460 συμπεριλαϐὼν
528 1389 644 1459 ἅμα
705 1390 799 1450 καὶ
843 1387 938 1442 τοῦ
981 1389 1298 1460 Πνεύματος
1344 1390 1507 1443 αὐτοῦ
1540 1389 1632 1442 τοῦ

72 1482 208 1550 ἁγίου
244 1479 306 1532 τὸ
347 1479 688 1552 ὲνύπαρκτον
711 1497 726 1512 '
757 1481 834 1544 ὡς
873 1480 968 1534 καὶ
1011 1482 1070 1534 ὲν
1116 1480 1261 1553 ἄλλῳ
1299 1481 1521 1550 φάσκει,
1550 1481 1631 1534 ὅτι

77 1574 135 1628 Τὸ
155 1572 396 1643 Πνεῦμα
451 1573 558 1627 τοῦ
602 1572 834 1640 Πατρὸς
874 1570 1099 1636 διδάξει
1129 1571 1304 1641 ὑμᾶς.
1341 1567 1407 1640 Ἐἰ
1443 1573 1496 1624 δὲ
1537 1571 1630 1626 τοῦ

1737 1023 2148 1083 «Νοηοιιωᾶοπι
2163 1023 2230 1078 de
2257 1024 2442 1094 scipso
2487 1039 2649 1094 posse
2681 1024 2876 1096 genitae
2907 1032 3115 1078 initura:
3149 1025 3314 1079 simul

1736 1121 1790 1168 et
1819 1112 2077 1184 ingenitae
2121 1111 2418 1167 informare
2446 1112 3010 1168 scientiamnEtenim
3036 1115 3185 1168 illius
3215 1114 3314 1168 de-

1738 1214 1890 1262 creto
1940 1205 2268 1276 jampridem
2337 1205 2484 1259 unici
2539 1205 2632 1260 Dei
2663 1205 2787 1260 Filii
2844 1213 3141 1264 auctoritas
3179 1225 3316 1279 prae-

1738 1295 1982 1366 scripsit,
2011 1311 2136 1350 cum
2166 1311 2224 1350 se
2253 1295 2470 1351 Patrem
2497 1312 2682 1360 nosse,
2709 1313 2813 1352 nec
2835 1299 3002 1352 alium
3033 1309 3312 1369 praeterea,

1736 1385 1982 1442 deﬁniit:
2014 1386 2214 1456 quibus
2237 1387 2420 1441 verbis
2446 1387 2610 1442 etiam
2649 1386 2914 1461 Spiritum
2947 1399 3200 1446 sanctum
3237 1392 3314 1445 si-

1735 1477 1848 1532 mul
1902 1477 2254 1533 exsistentem
2313 1478 2634 1545 complexus
2688 1486 2814 1543 est,
2857 1481 3311 1550 quemadmodum

1734 1569 1842 1623 alio
1889 1568 1946 1622 in
1989 1569 2111 1622 loco
2148 1567 2320 1622 dixit:
2371 1569 2604 1636 Spiritus
2663 1569 2842 1623 Patris
2891 1571 3094 1624 docebit
3149 1589 3234 1625 vos
3269 1574 3312 1627 ¹.

71 1663 259 1734 Πατρός
309 1665 428 1716 ἐστι
466 1665 528 1716 τὸ
575 1662 821 1734 Πνεῦμα,
877 1663 978 1716 οὐκ
1005 1663 1190 1732 ἀγνοεῖ
1226 1663 1320 1716 καὶ
1370 1662 1501 1717 αὐτὸ
1539 1663 1629 1716 τὸν

1764 1659 1888 1726 Quod
1929 1660 1975 1715 si
2007 1658 2192 1714 Patris
2225 1660 2316 1714 ille
2347 1661 2587 1730 Spiritus
2611 1669 2729 1726 est,
2771 1677 2838 1717 ne
2882 1663 3058 1732 ipsum
3097 1665 3315 1734 quidem

71 1755 283 1826 Πατέρα.
328 1755 418 1808 Ἐν
446 1755 502 1807 δὲ
529 1753 608 1826 τῷ
644 1755 926 1826 εἰρηκέναι
951 1771 964 1786 ·
1011 1751 1358 1820 Οὐδείς-οἵδε
1381 1756 1490 1808 τεν
1515 1759 1630 1808 Πα-

69 1845 210 1912 τέρα,
236 1845 288 1897 εί
307 1842 395 1913 μὴ
424 1846 458 1898 ὁ
495 1843 647 1908 Υἱὸς,
668 1843 758 1897 ἵνα
785 1843 997 1910 ἑαυτὸν,
1031 1843 1126 1896 καὶ
1150 1843 1242 1896 τὸν
1263 1842 1505 1913 Πατέρα,
1535 1841 1632 1896 καὶ

69 1935 120 1989 τὸ
139 1933 354 2004 Πνεῦμα
384 1935 446 1988 τὸ
475 1935 628 2004 ἅγιον
657 1933 1032 2005 ὑπερϐεϐηκὸς
1072 1935 1288 2004 σημάνῃ
1310 1933 1420 1986 τῶν
1457 1932 1630 1988 ἄλλων

67 2027 162 2080 τῶν
200 2027 272 2099 μὴ
315 2027 508 2089 ἀϊδίως
559 2026 938 2097 ὑπαρξάντων,
982 2026 1291 2096 γενομένων
1355 2024 1433 2079 δέ.
1475 2025 1538 2078 ΕΞ
1574 2024 1631 2077 δὲ

73 2117 357 2188 προῦλαδεν
414 2118 500 2170 ἀεὶ
563 2116 762 2170 ειδέναι
823 2117 914 2170 τὸν
967 2115 1208 2187 Πατέρα,
1268 2116 1443 2186 μάτην
1499 2117 1631 2185 ἡμῖν

80 2209 262 2271 ’Δέτιος
303 2207 636 2261 κενολεκτῶν
673 2206 1000 2272 ὑπεισδύνει,
1033 2207 1220 2276 σαφῶς
1255 2209 1419 2260 πᾶσιν
1446 2208 1521 2261 ὢν
1541 2208 1633 2278 δῆ-

70 2301 164 2366 λος,
189 2303 266 2354 ὅτι
289 2300 368 2364 ὡς
391 2299 676 2378 ἄνθρωπος
711 2298 1004 2368 λογίζεται,
1040 2298 1316 2370 σαρκικῶς
1343 2299 1630 2372 ἀνακρινό-

73 2411 232 2464 μενος,
267 2393 362 2446 καὶ
393 2391 623 2464 ψυχικὸς
658 2393 920 2464 ὑπάρχων
944 2391 1032 2446 διὰ
1074 2391 1165 2444 τὸν
1197 2391 1386 2444 ἑαυτὸν
1423 2391 1516 2445 καὶ
1543 2390 1632 2444 τὸν

71 2482 672 2554 Πατέρα-γινώσκοντα,
725 2484 822 2536 καὶ
864 2483 924 2536 τὸ
965 2482 1120 2552 ἅγιον
1171 2481 1336 2536 αὐτοῦ
1385 2479 1628 2554 Πνεῦμα.

83 2573 354 2646 Ἐξῄρηται
381 2569 472 2628 οὖν
516 2574 696 2644 πάσης
731 2575 911 2638 αίτίας
968 2575 996 2626 ὁ
1042 2573 1195 2637 Θεὸς,
1235 2575 1296 2626 οὐ
1325 2574 1484 2644 μόνον
1521 2574 1633 2626 Πα-

74 2665 180 2736 τὴρ,
214 2663 348 2718 ἀλλά
375 2665 466 2718 καὶ
495 2665 642 2730 Υίὸς,
671 2666 764 2720 καὶ
785 2667 937 2734 ἅγιον
962 2666 1186 2736 Πνεῦμα
1209 2681 1222 2695 ·
1255 2665 1352 2736 τῆς
1383 2665 1635 2737 θεότητος

73 2751 286 2824 [ἰατρὸς.
318 2752 414 2806 καὶ
438 2751 590 2818 Υίοῦ,
621 2752 716 2807 καὶ
745 2753 900 2822 ἁγίου
925 2751 1236 2824 Πνεύματος
1271 2753 1637 2826 ὁμολογουμέ-

75 2857 158 2912 νης
182 2843 488 2912 κρείττονος
519 2844 700 2916 πάσης
729 2845 928 2910 αἰτίας.

427 3149 824 3204 ΚΕΦΑΛΑῙΟΝ
855 3150 1108 3204 ΑΕΤΙΟΥ
1141 3150 1264 3206 ΛΡ.

133 3263 192 3316 Et
227 3263 292 3316 τὸ
339 3263 636 3334 ἀγέννητον
687 3263 866 3334 πάσης
909 3264 1088 3327 αίτίας
1121 3263 1398 3336 ἐξῄρηται,
1449 3265 1534 3335 εἴη
1579 3263 1636 3317 δὲ

75 3352 225 3405 πολλὰ
267 3351 575 3422 ἀγέννητα·
607 3352 1024 3423 ἀπαράλλακτον
1065 3353 1246 3418 ἕξουσι
1297 3354 1397 3426 τὴν
1446 3354 1632 3424 φύσιν.

71 3443 138 3493 Uti
167 3442 270 3514 γὰρ
295 3441 386 3505 ἂν,
423 3443 498 3514 μὴ
525 3439 902 3512 ἀποκληρώσει
927 3439 1142 3511 φύσεώς
1175 3460 1318 3506 τινος
1343 3443 1522 3497 κοινοῦ
1544 3445 1636 3498 καὶ

73 3533 190 3586 ίδίου
219 3534 600 3605 μετειληφυῖα,
623 3535 660 3606 ἡ
697 3533 796 3604 μὲν
831 3533 1028 3602 ἐποίει,
1062 3536 1096 3606 ή
1119 3517 1429 3604 δὲ’ὲγίνετο.

599 3732 936 3803 Ἀνατροπὴ
972 3735 1070 3789 ΛΓ

135 3852 317 3921 Πάσης
344 3850 526 3913 αἰτίας
545 3848 806 3922 ἐξῄρηται
840 3850 1284 3922 ὁμολογουμένως
1315 3851 1376 3904 τὸ
1407 3851 1602 3920 ὰγέννη

71 3962 168 4010 τον,
229 3945 366 3998 διότι
397 3943 457 3996 ἓν
505 3944 624 3996 ἐστι
663 3941 724 3995 τὸ
762 3942 1054 4014 ἀγέννητον
1109 3935 1201 3991 καὶ
1236 3933 1626 4004 προσκυνητὸν,

69 4036 432 4108 διαιρουμένου
488 4032 581 4087 τοῦ
631 4032 1007 4106 προσκυνητοῦ
1065 4033 1174 4086 ἀπὸ
1235 4031 1345 4086 τῶν
1394 4049 1635 4102 προσκυ-

70 4129 303 4182 νούντων.
330 4126 694 4199 Προσκυνητὴ
729 4125 786 4180 δέ
825 4127 972 4179 ἐστιν
1002 4127 1036 4198 ἡ
1065 4122 1256 4196 Τριάς,
1290 4124 1454 4196 μονάς
1481 4121 1632 4188 οὖσα,

69 4221 153 4273 καὶ
193 4222 250 4274 ὲν
295 4220 382 4274 ὲνὶ
427 4217 650 4289 ὀνόματι
683 4215 1062 4290 ἀριθμουμένη
1091 4217 1284 4288 Τριάς,
1322 4215 1510 4288 Πατὴρ
1541 4215 1634 4269 καὶ

71 4311 203 4376 Υἱὸς,
237 4313 334 4366 καὶ⁹
362 4311 520 4380 ἅγιον
560 4309 784 4380 Πνεῦμα
805 4323 819 4338 ⁸
856 4309 956 4362 οὐκ
999 4308 1279 4380 ἀλλότριον
1315 4308 1376 4361 τὸ
1435 4291 1634 4376 ἑαυτῆς

1733 1749 1946 1804 Patrem
2004 1750 2238 1820 ignorat.
2279 1750 2420 1805 Cum
2474 1760 2657 1806 autem
2722 1753 2896 1806 dixit:
2946 1751 3111 1807 Nemo
3173 1758 3316 1810 novit

1731 1841 1950 1896 Patrem
1979 1844 2084 1897 nisi
2113 1843 2310 1904 Filius.
2347 1845 2708 1914 semetipsum
2739 1845 2962 1914 pariter,
2997 1853 3051 1900 et
3074 1846 3312 1913 Patrem,

1731 1949 1796 1990 ac
1827 1934 2096 2005 Spiritum
2127 1943 2380 1991 sanctum
2405 1973 2420 2000 ,
2461 1945 2782 1990 cancrorum
2830 1951 2951 2006 quae.
3009 1939 3076 1992 ab
3108 1947 3315 1995 aeterno

1713 2021 1842 2082 non
1873 2035 2036 2089 sunt,
2075 2027 2168 2081 sed
2213 2035 2496 2096 procreata
2523 2035 2691 2090 sunt,
2725 2019 3091 2082 conditionem
3125 2045 3312 2086 exces-

1733 2119 1874 2174 sisse
1900 2116 2192 2188 signiﬁcat.
2227 2116 2592 2183 Quamobrem
2624 2133 2748 2170 cum
2770 2117 2838 2171 ab
2871 2125 3074 2172 πίει-κιο
3097 2118 3310 2174 Patrem

1735 2207 1905 2265 Filius
1936 2209 2290 2279 cognoverit,
2341 2206 2548 2262 frustra
2589 2207 2746 2262 nobis
2792 2209 2982 2264 Aetius
3015 2211 3314 2280 nugacihus

1735 2299 1851 2355 suis
1883 2299 2060 2356 verbis
2085 2299 2347 2369 obrepere
2376 2307 2626 2362 conatur,
2656 2314 2779 2355 cum
2805 2299 3310 2378 manifestissimum

1735 2391 1804 2446 sit
1833 2390 2012 2461 ipsum
2044 2389 2284 2446 hominis
2309 2405 2466 2445 more
2495 2390 2734 2462 cogitare
2777 2404 2841 2444 ac
2895 2391 3190 2448 carnaliter
3233 2394 3314 2448 in-

1735 2481 1983 2552 quirere,
2015 2488 2070 2536 et
2110 2481 2398 2536 animalem
2431 2496 2581 2536 esse:
2617 2489 2841 2552 propter
2872 2499 2996 2538 eum
3021 2527 3036 2550 ,
3070 2485 3164 2556 qui
3207 2495 3312 2540 tam

1736 2587 1794 2628 se
1815 2610 1831 2636 ,
1855 2587 2017 2642 quam
2045 2569 2261 2626 Patrem
2301 2573 2584 2642 cognoscit
2607 2611 2620 2634 ,
2656 2578 2761 2627 u‘na
2802 2589 2924 2628 cum
2957 2575 3164 2646 Spiritu
3196 2593 3318 2634 san-

1736 2670 1846 2720 cto.
1876 2662 2218 2734 Quapropter
2249 2661 2391 2718 Deus
2443 2664 2515 2719 ab
2553 2665 2701 2720 omni
2746 2681 2910 2722 causa
2957 2668 3316 2746 vindicandus

1736 2763 1857 2820 est,
1897 2769 2008 2811 non
2053 2755 2218 2810 modo
2258 2756 2453 2822 Pater,
2504 2760 2598 2814 sed
2653 2767 2708 2814 et
2757 2757 2927 2816 Filius
2977 2775 3041 2815 ac
3079 2760 3314 2830 Spiritus

1737 2853 1998 2900 sanctus:
2041 2846 2310 2917 siquidem
2349 2847 2528 2904 Patris
2557 2888 2572 2914 ,
2604 2847 2727 2902 Filii
2778 2864 2842 2904 ac
2877 2849 3115 2920 Spiritus
3139 2833 3312 2906 sancti

1738 2935 2032 3000 divinitas,
2083 2937 2228 3008 quod
2277 2953 2437 2994 nemo
2469 2953 2580 2994 non
2629 2937 2976 3006 conﬁtetur,
3014 2956 3180 2998 causa
3228 2955 3315 2996 est

1661 3028 1706 3088 Β
1737 3027 1884 3082 omni
1920 3029 2284 3097 praestantior.

2153 3141 2340 3196 AETII
2383 3141 2613 3200 CAPUT
2659 3143 2898 3200 xxxut.
2941 3101 2952 3112 ’

1809 3252 1867 3310 Si
1895 3254 2194 3327 ingenitum
2219 3271 2442 3313 causam
2473 3257 2676 3312 nullam
2709 3257 2926 3328 penitus
2955 3257 3117 3314 habet
3135 3299 3149 3323 ,
3177 3259 3290 3315 sint

1735 3363 1842 3419 que
1872 3349 2110 3419 ingenita
2163 3349 2447 3420 complura
2470 3388 2486 3414 ,
2529 3350 2856 3406 immutabili
2901 3366 3070 3409 causa
3099 3361 3315 3409 consta-

1735 3443 1891 3498 bunt.
1921 3440 2110 3513 Neque
2155 3441 2299 3497 enim
2329 3441 2475 3496 velut
2511 3441 2772 3496 attributa
2797 3445 3108 3498 communis
3132 3447 3314 3514 cujus-

1736 3535 1880 3600 dam,
1914 3549 1977 3589 ac
2005 3533 2298 3604 peculiaris
2327 3542 2538 3587 naturae
2567 3532 2902 3599 conditione,
2932 3535 3314 3612 particepsque

1735 3625 1878 3683 facta
1912 3627 2082 3682 altera
2109 3625 2298 3680 molita
2324 3633 2427 3690 est,
2458 3625 2625 3680 altera
2649 3625 2937 3695 producta.

2101 3733 2270 3805 982
2317 3731 2626 3801 Confutatt'o
2655 3729 2939 3785 XXXIII.

1807 3847 1961 3916 Quod
1994 3847 2292 3916 ingenitum
2337 3846 2572 3910 dicitur,
2607 3845 2660 3900 in
2687 3844 2942 3901 confesso
2967 3853 3050 3901 est
3075 3849 3160 3902 sui
3193 3850 3317 3903 nul-

1735 3939 1841 3995 lam
1873 3939 2076 3995 habere
2110 3923 2356 4002 causam,
2384 3935 2822 4008 quandoquidem
2855 3952 3024 3992 unum
3066 3937 3316 4010 idemque

1736 4043 1819 4092 est
1875 4033 2175 4105 ingenitum
2229 4043 2282 4088 et
2329 4029 2707 4096 adorandum,
2755 4030 2836 4086 sic
2868 4038 2928 4084 ut
2973 4030 3312 4086 adorandum

1736 4127 1805 4182 ab
1835 4125 2192 4181 adorantibus
2242 4133 2578 4180 secernatur.
2605 4122 2898 4178 Adoranda
2933 4136 3096 4192 porro
3132 4121 3313 4176 Triui-

1737 4225 1822 4273 tas
1854 4225 1976 4282 est,
2005 4232 2126 4288 quae
2173 4217 2362 4274 eadem
2410 4225 2467 4273 et
2495 4216 2680 4271 unitas
2715 4220 2830 4278 est,
2861 4220 2916 4268 et
2944 4229 3054 4268 uno
3093 4215 3311 4270 nomine

1736 4309 2130 4386 comprehensa
2156 4307 2399 4363 Trinitas
2433 4306 2738 4378 appellatur
2765 4343 2782 4370 ,
2817 4303 2979 4359 Pater
3002 4343 3017 4368 ,
3052 4303 3222 4360 Filius
3255 4315 3310 4360 et

69 4403 119 4455 ὲν
165 4404 326 4475 ἑαυτῇ
384 4401 722 4472 κεκτημένη,
769 4398 907 4453 ἀλλά
959 4399 1392 4470 συμπρεπόντως
1442 4399 1629 4469 Πατὴρ

1764 4381 1974 4472 ἱρίιίἰυε
2006 4406 2268 4456 sanctus:
2315 4413 2434 4469 quae
2471 4397 2687 4468 quidem
2711 4395 2856 4465 quod
2885 4410 3045 4451 suum
3083 4403 3166 4452 est
3198 4412 3310 4452 non

67 4495 317 4566 γεννήσας
347 4493 501 4556 Υίὸν,
530 4493 622 4546 καὶ
647 4491 707 4543 οὐ
755 4489 968 4555 κτίσας.
995 4489 1075 4543 ’Τὸ
1116 4491 1213 4562 μὲν
1248 4491 1356 4562 γάρ
1391 4490 1536 4544 ἐστιν
1575 4489 1634 4555 ἐξ

69 4584 214 4636 αὑτοῦ
245 4584 336 4637 ἀεὶ
400 4580 496 4635 τοῦ
527 4581 851 4651 γεννήτορος
877 4594 892 4609 ο
933 4578 1014 4632 διὸ
1041 4578 1102 4631 τὸ
1149 4578 1394 4650 γέννημα
1427 4581 1491 4631 ὲκ
1537 4578 1631 4632 τοῦ

70 4673 200 4738 ὃντος
245 4674 384 4736 ἐστὶ,
413 4671 508 4728 καὶ
555 4671 618 4724 τὸ
647 4669 706 4735 ἐξ
733 4671 898 4724 αὐτοῦ
945 4667 1160 4736 ἐξελθὸν
1198 4668 1348 4738 ἆγιον
1387 4667 1629 4739 Πνεῦμα,

71 4763 216 4836 οὔσης
249 4765 354 4834 τῆς
405 4763 634 4833 Τριάδος
663 4763 719 4814 ὲν
753 4762 852 4832 μιᾷ
885 4761 1098 4831 ἐνύτητι
1140 4759 1380 4830 άκτίστῳ
1400 4776 1414 4789 ·
1447 4760 1556 4812 τῶν
1576 4759 1632 4812 δὲ

73 4857 267 4910 πάντων
285 4856 346 4921 ἐξ
365 4855 536 4924 αὐτῆς
557 4853 654 4922 τῆς
676 4851 906 4924 Τριάδος
929 4849 988 4915 ἐξ
1014 4852 1113 4904 οὐκ
1140 4849 1306 4904 ὄντων
1339 4849 1628 4921 κεκτισμέ-

71 4965 176 5004 νων.
195 4947 362 5001 Ὅθεν
398 4947 432 5018 ἡ
485 4946 583 5017 μία
629 4943 800 5015 Τριὰς
833 4937 912 5006 εἷς
949 4945 1066 4995 ἐστι
1112 4941 1262 5005 Θεὸς,
1297 4941 1506 5012 Πατὴρ,
1535 4941 1629 4994 καὶ

71 5039 196 5104 Υιὸς,
231 5041 322 5094 καὶ
351 5039 508 5108 ἅγιον
539 5035 784 5106 Πνεῦμα,
813 5035 914 5088 οὐκ
935 5034 1216 5105 ἀλλότριον
1257 5033 1320 5086 τὸ
1345 5035 1544 5104 ἑαυτῆς
1573 5037 1628 5088 ὲν

69 5130 214 5200 ἑαυτῇ
247 5127 587 5200 κεκτημένη,
609 5125 879 5190 ἄκτιστος,
909 5125 1222 5196 ἀγέννητὸς,
1254 5125 1624 5198 ἀδημιούργη-

67 5236 170 5284 τος-
191 5221 362 5291 Tota;
387 5219 513 5272 οὔτε
563 5217 926 5288 πεποιημένη,
964 5209 1101 5270 ἀλλὰ
1139 5217 1388 5282 ποιοῦσα,
1419 5219 1480 5271 οὺ
1512 5219 1622 5271 κτί-

69 5328 248 5382 σματος
267 5315 442 5383 ὖνομα
473 5311 667 5381 ἔχουσα
711 5313 768 5362 ὲν
795 5311 988 5382 ἑαυτῇ,
1049 5310 1184 5364 άλλά
1223 5311 1498 5378 κτίζουσα,
1531 5309 1626 5380 μία

67 5397 196 5468 οὖσα,
223 5403 317 5456 καὶ
346 5403 412 5455 οὐ
439 5403 649 5454 πολλαί.
683 5401 762 5454 Τὰ
798 5401 854 5454 δὲ
895 5401 1090 5455 πάντα·
1137 5401 1194 5468 ὲξ
1249 5403 1417 5474 αὐτῆς
1454 5401 1625 5454 πολλά

67 5495 150 5562 μὲν
186 5495 334 5562 ὄντα,
363 5495 480 5549 ἀλλ’
505 5495 567 5548 οὐ
617 5495 714 5548 σὺν
746 5493 884 5565 αὐτῇ
942 5492 1339 5565 ἀριθμούμενα.
1373 5493 1466 5547 Διὸ
1497 5491 1620 5546 οὔτε

135 5669 355 5724 ‘ilatth.
383 5683 464 5735 ιι,
490 5665 580 5723 27.
656 5669 676 5698 ²
705 5663 861 5722 Joau.
891 5677 1000 5732 ενι,
1047 5665 1130 5720 l5.

1735 4502 1995 4562 tanquam
2027 4491 2262 4546 alienum
2297 4489 2349 4544 in
2376 4488 2556 4559 seipsa
2590 4487 2852 4552 continet,
2879 4487 2974 4542 sed
2995 4502 3304 4558 congruen-

1737 4591 1818 4640 ter
1843 4582 2003 4638 Pater
2049 4581 2247 4637 Filium
2279 4596 2390 4636 non
2417 4580 2642 4642 creavit,
2677 4579 2771 4635 sed
2792 4578 2998 4650 genuit.
3033 4577 3133 4634 llic
3158 4579 3306 4635 enim

1735 4673 1803 4728 ab
1852 4672 1972 4744 ipso
2017 4687 2234 4742 semper
2264 4671 2506 4742 genitore
2553 4669 2831 4740 procedit:
2865 4669 3010 4726 unde
3037 4667 3206 4725 Filius
3237 4669 3308 4724 ah'

1735 4764 2031 4822 exsistente
2067 4771 2222 4820 ortus
2245 4769 2362 4819 est:
2399 4769 2458 4816 ut
2484 4769 2538 4817 et
2564 4761 2802 4832 Spiritus
2831 4769 3087 4828 sanctus,
3117 4761 3210 4832 qui
3239 4761 3309 4817 ab

1733 4854 1852 4924 ipso
1879 4855 2170 4924 processit,
2201 4869 2326 4909 cum
2348 4853 2404 4908 in
2431 4867 2540 4908 una
2567 4861 2622 4908 et
2653 4853 2896 4908 increata
2932 4851 3310 4923 singularitate

1731 4945 1974 5000 Trinitas
2003 4946 2120 5016 ipsa
2148 4945 2445 5010 consistat;
2481 4952 2678 4998 caetera
2716 4957 2847 4996 vero
2892 4941 3075 4997 omnia
3115 4941 3184 4996 ab
3213 4955 3306 4994 ea-

1731 5037 1853 5093 dem
1885 5037 1975 5091 illa
2009 5036 2276 5092 Triuitate
2305 5052 2337 5091 e
2369 5035 2547 5108 nihilo
2583 5041 2868 5104 procreata
2913 5034 3043 5088 sint.
3083 5031 3160 5086 Ex
3199 5049 3308 5101 quo

1733 5129 1810 5192 fit,
1840 5137 1900 5183 ut
1931 5129 2222 5199 singularis
2249 5128 2338 5182 illa
2366 5127 2608 5182 Trinitas
2643 5141 2785 5180 unus
2815 5125 2886 5180 sit
2915 5123 3081 5188 Deus,
3123 5123 3300 5188 Pater,
3359 5115 3364 5122 ’

1731 5229 1784 5276 et
1807 5219 1999 5284 Filius,
2027 5227 2082 5275 et
2128 5219 2363 5289 Spiritus
2397 5227 2660 5274 sanctus:
2695 5231 2815 5287 quae
2847 5231 2955 5270 non
2999 5215 3148 5270 velut
3174 5215 3305 5268 alie-

1733 5327 1862 5366 num
1889 5311 2032 5381 quod
2061 5326 2218 5366 suum
2249 5318 2332 5368 est
2362 5311 2414 5364 in
2443 5309 2732 5388 semetipsa
2760 5308 2990 5372 obtinet,
3037 5307 3300 5368 increata,

1730 5401 1970 5473 ingenita
1999 5441 2014 5467 ,
2065 5417 2174 5456 non
2221 5401 2516 5457 fabricata:
2569 5400 2830 5466 Trinitas,
2883 5400 3146 5469 inquam,
3193 5413 3302 5453 non

1729 5493 1869 5549 facta
1895 5533 1910 5562 ,
1945 5493 2042 5551 sed
2079 5493 2282 5551 faciens
2311 5533 2326 5563 ,
2379 5510 2488 5551 non
2527 5499 2789 5552 creaturae
2839 5507 3037 5548 nomen
3080 5491 3136 5548 in
3185 5505 3306 5548 sese
