3838 6326
515 290 623 346 6‘23

1890 292 1955 350 S.
1989 292 2337 351 ΕΡῙΡΗΛΝΠ

3679 295 3791 352 ﬁt

514 403 913 476 complectens,
951 406 1046 463 sed
1084 421 1425 477 procrearis;
1475 421 1618 473 una,
1662 422 1771 463 non
1814 409 2020 479 plures.
2052 411 2082 465 Α

2201 408 2656 481 ἀποκεκλήρωται
2700 409 2866 480 ἑτέρᾳ
2907 407 3066 477 φύσει
3107 407 3417 477 κοινότητος
3457 407 3554 478 τῆς
3586 407 3792 470 οὐσίας

513 513 622 568 qua
654 496 895 568 profecta
928 505 1059 554 sunt
1086 500 1269 554 omnia
1297 538 1313 564 ,
1352 514 1473 569 qua:
1500 507 1554 556 et
1588 500 1909 571 multiplicia
1940 510 2091 568 sunt,

513 607 692 661 neque
740 605 864 646 cum
893 606 957 646 ea
990 599 1369 647 numerantur.
1410 591 1590 659 Quare
1639 608 1817 663 neque
1843 608 2093 649 commu-

514 701 635 741 nem
668 683 957 757 quamdam
999 693 1249 739 naturam
1278 699 1401 740 cum
1444 686 1857 757 incomparabili
1906 702 2095 743 essen-

390 818 393 823 λ
511 776 584 830 tia
619 774 944 847 participare
972 772 1261 839 dicuntur;
1287 788 1465 844 neque
1488 783 1670 829 creata
1696 774 1962 845 quapiam
1997 791 2094 830 na-

509 877 631 920 tura
657 865 710 920 in
738 864 920 918 divina
946 864 1035 918 illa
1058 863 1557 933 comprehenditur.
1580 862 1685 919 Sed
1712 864 1825 919 haec
1845 864 2092 920 omnium

508 960 693 1029 opifex
748 967 872 1021 est,
914 972 1037 1028 qua:
1069 972 1194 1012 cum
1242 957 1658 1028 incomparabili
1721 972 1786 1012 ac
1828 957 2095 1028 singulari

507 1050 688 1106 Patris
718 1092 731 1116 ,
769 1049 891 1105 Filii
950 1050 1300 1123 Spiritusque
1331 1051 1504 1107 sancti
1535 1059 1729 1104 natura
1761 1050 1815 1104 in
1846 1050 2093 1119 ejusdem

509 1143 830 1199 substantiae
858 1144 1297 1199 communionem
1341 1142 1528 1197 venire
1560 1151 1856 1212 nequeunt.
1891 1140 2094 1211 Quem-

2199 501 2299 571 τῆς
2344 499 2700 572 ἀσυγκρίτου.
2735 500 2835 553 Διά
2881 497 3040 552 τοῦτο
3081 498 3191 569 γὰρ
3228 498 3289 551 οὐ
3319 500 3510 569 κτιστη
3530 515 3619 562 τις
3655 494 3795 555 οὐαα

2199 591 2258 643 ὲν
2284 594 2353 663 τῇ
2392 590 2487 644 τοῦ
2520 590 2656 644 Θεοῦ
2685 590 2843 661 οὐσίᾳ
2870 589 3031 660 φύσις
3051 632 3066 655 ,
3100 588 3237 643 ἀλλά
3279 588 3344 659 δη
3354 589 3655 662 μιουργιχὴ
3684 590 3794 642 τῶν

2202 681 2417 735 πάντων
2474 681 2584 735 τῶν
2629 681 2692 735 οὐ
2731 680 3045 753 δυναμένων
3073 683 3140 751 τῇ
3182 680 3503 752 ἀσυγκρίτῳ
3535 684 3637 734 καὶ
3695 684 3797 751 μιᾷ

2200 771 2356 843 οὐσίᾳ
2376 771 2609 843 Πατρός,
2627 774 2722 826 καὶ
2750 772 2903 837 Υἱοῦ,
2934 773 3030 827 καὶ
3066 771 3222 840 ἁγίου
3252 771 3570 842 Πνεύματος
3595 774 3793 842 όμοου-

2202 867 2410 939 σιότητι
2428 867 2851 938 ὲπικοινωνῆσαι
2871 884 2884 897 ·
2917 867 2993 931 ὡς
3019 868 3198 938 σαφής
3227 869 3347 921 ἐστι
3369 865 3447 937 τῷ
3464 866 3563 937 τὴν
3586 865 3793 935 γνῶσιν

2198 960 2296 1031 τῆς
2347 960 2607 1032 ἀληθείας
2670 961 2917 1033 εἰληφότι
2977 959 3461 1023 ἀποκαλύπτουσα,
3527 960 3614 1013 ὅτι
3654 959 3792 1030 αὐτὴ

2202 1054 2337 1126 μόνη
2375 1058 2781 1127 προσκυνεῖται,
2821 1056 2911 1110 καὶ
2951 1056 3013 1110 οὐ
3045 1055 3115 1110 τὰ
3144 1054 3321 1110 πάντα
3343 1071 3358 1086 ·
3392 1054 3469 1118 ὡς
3513 1053 3613 1108 καὶ
3656 1053 3792 1121 αὐτὴ

2201 1146 2339 1218 μόνη
2378 1149 2457 1213 είς
2480 1148 2652 1219 ὄνομα
2684 1149 2880 1221 ἑαυτῆς
2905 1148 3180 1219 βαπτίζει,
3209 1151 3305 1204 καὶ
3323 1149 3385 1203 οὐ
3415 1148 3485 1202 τά
3510 1147 3635 1202 ὅλα.

507 1237 800 1292 admodum
826 1237 876 1293 ei
914 1236 1157 1308 quidem,
1190 1239 1279 1293 cui
1310 1236 1382 1293 sit
1411 1237 1657 1291 veritatis
1717 1239 1899 1293 oblata
1934 1239 2196 1310 cognitio,
2253 1245 2537 1314 perspicue
2590 1245 2710 1316 ipsa
2748 1245 3023 1301 deerant:
3066 1244 3326 1299 nimirum
3363 1244 3541 1299 solam
3612 1242 3787 1313 ipsam

506 1329 841 1386 adorandam
871 1345 1023 1396 esse,
1079 1346 1188 1385 non
1215 1341 1536 1386 ceterarum
1565 1346 1748 1386 rerum
1786 1330 2089 1403 quidpiam,
2121 1350 2247 1390 cum
2272 1345 2328 1393 et
2350 1338 2467 1410 ipsa
2492 1340 2608 1395 sola
2642 1355 2744 1395 suo
2766 1339 2823 1394 in
2881 1354 3106 1395 nomine
3142 1338 3404 1411 baptizet,
3458 1343 3787 1392 me

504 1433 689 1481 autem
721 1424 773 1479 id
807 1424 1016 1479 nullum
1043 1422 1227 1479 faciat.

931 1558 1113 1614 ΑΕΤΙΙ
1154 1558 1385 1618 CAPUT
1416 1559 1658 1616 XXXIV.

566 1674 634 1728 ‘Si
676 1674 979 1729 substantia
1000 1675 1181 1731 omnis
1209 1676 1447 1746 ingenita
1472 1687 1588 1739 est,
1632 1676 1768 1731 nihil
1797 1692 1825 1730 a
1856 1692 1915 1733 se
1953 1675 2091 1732 invi-

504 1781 623 1825 cem
665 1765 767 1820 hac
794 1781 858 1819 ex
910 1776 1061 1834 parte
1090 1764 1381 1827 dili‘erent,
1420 1766 1564 1837 quod
1618 1776 1809 1823 neutra
1848 1767 2082 1824 domina-

2197 1761 2295 1832 τῆς
2347 1760 2511 1833 ἄλλης
2540 1759 2683 1814 κατά
2723 1760 2785 1814 τὸ
2809 1758 3126 1816 ἀδέσποτον.
3155 1758 3281 1824 Πῶς
3308 1752 3402 1812 οὖν
3435 1758 3502 1811 ἀν
3537 1777 3627 1825 τις
3654 1759 3779 1828 φαίη

500 1859 639 1913 tioci
682 1857 925 1927 subjecta
957 1858 1028 1913 sit
1072 1858 1322 1913 alterius.
1361 1857 1543 1924 Quare
1567 1860 1791 1929 quinam
1839 1858 2082 1915 allirmari

2196 1854 2296 1925 τὴν
2333 1854 2431 1926 μὲν
2477 1852 2927 1924 μεταϐάλλεσθαι,
2987 1850 3087 1923 τὴν
3138 1851 3197 1905 δὲ
3254 1851 3643 1924 μεταϐάλλειν,
3690 1854 3781 1908 οὐκ

502 1956 715 2022 potest,
773 1952 971 2005 mutari
1025 1966 1191 2005 unam
1216 1992 1231 2016 ,
1264 1950 1489 2006 alteram
1545 1959 1786 2017 mutare,
1827 1966 1952 2006 cum
1985 1950 2082 2009 Det

2196 1945 2600 2017 ἐπιτρεπόντων
2627 1944 2703 2017 τῷ
2731 1944 2851 2018 Θεῷ
2883 1944 3171 2015 ὐφιστάναι
3205 1944 3270 1998 ἐκ
3303 1944 3375 1999 u'h
3411 1946 3779 2016 ὑποκειμένης

502 2042 730 2096 minime
779 2041 1119 2112 permittant,
1158 2048 1217 2094 ut
1250 2055 1315 2095 ex
1357 2040 1507 2095 nulla
1543 2040 1790 2110 subjecta
1840 2042 2098 2097 substan-
2193 2038 2418 2107 οὐσίας;

501 2134 580 2188 tia
605 2133 981 2204 producatur?

992 2243 1305 2313 Confutatio
1337 2242 1531 2297 XXXI
1548 2242 1610 2298 γ.

577 2356 845 2427 Quisquis
873 2357 1156 2412 veritatem
1198 2358 1533 2429 oppugnavit
1563 2356 1857 2428 aliquando
1878 2397 1894 2424 ,
1926 2371 2082 2415 vocn-

2258 2364 2378 2428 na;
2412 2381 2497 2430 τις
2518 2362 2629 2418 τῶν
2668 2363 3177 2418 ἀντικαταστάντων
3213 2368 3280 2437 τῇ
3310 2364 3568 2438 ἀληθείᾳ,
3609 2385 3768 2422 κατα-

497 2450 572 2504 lis
600 2448 929 2518 quibusdam
968 2449 1036 2504 ad
1095 2448 1443 2520 injiciendam
1505 2448 1919 2504 admirationem
1981 2451 2082 2507 col.

2190 2456 2507 2529 πληκτικῶς
2555 2456 2885 2523 έπισυνάξας
2943 2456 3122 2528 ἑαυτῷ
3162 2457 3394 2527 λογίδια,
3446 2457 3603 2526 εδοξέ
3636 2477 3769 2513 τισιν

498 2538 690 2601 lectis,
723 2539 788 2593 ad
840 2539 1133 2595 evertenda
1187 2554 1343 2595 sacra
1371 2540 1623 2611 dogmata
1671 2539 2082 2612 impressionem

2190 2549 2599 2623 ἀνατρεπτικῶς
2648 2551 3027 2623 ἐπισκήπτειν,
3086 2551 3181 2606 καὶ
3235 2549 3343 2605 ἀπὸ
3393 2553 3500 2621 τῆς
3541 2551 3767 2623 ζωτικῆς

496 2629 686 2687 facere
724 2631 877 2686 visus
917 2639 1001 2687 est
1021 2670 1034 2694 ,
1060 2630 1233 2703 983
1264 2639 1428 2702 atque
1457 2648 1487 2685 a
1518 2633 1644 2688 vita:
1675 2632 1893 2687 tramite
1921 2631 2082 2688 dedu-

2190 2642 2308 2697 όδοῦ
2340 2641 2670 2714 μεταφέρειν
2714 2641 2812 2696 καὶ
2835 2642 3221 2715 λυμαίνεσθαι·
3245 2642 3323 2707 ὡς
3335 2634 3494 2705 οὗτος
3514 2644 3545 2696 ό
3576 2643 3766 2704 ’Δάτιος

494 2737 644 2786 cere,
683 2739 747 2779 ac
775 2723 1070 2795 perniciem
1100 2720 1314 2779 afferre.
1339 2722 1497 2790 Quod
1532 2724 1719 2780 Aetius
1746 2724 1911 2780 modo
1938 2724 2082 2789 facit,

2190 2734 2282 2789 νῦν
2308 2735 2406 2806 μὲν
2428 2734 2587 2805 φύσει
2625 2735 2684 2787 ὲν
2711 2734 2788 2806 τῷ
2826 2735 2977 2808 ρητῷ
3012 2734 3187 2806 τούτῳ
3212 2734 3376 2806 μηδὲν
3400 2734 3583 2802 λέγων
3610 2752 3765 2787 κατασ

492 2814 593 2885 qui
624 2827 747 2869 cum
779 2812 882 2868 hoc
912 2813 968 2867 in
994 2814 1174 2883 capite
1205 2812 1338 2868 nihil
1372 2814 1601 2868 omnino
1629 2812 1779 2868 dicat
1806 2853 1822 2880 ,
1852 2812 2082 2869 rudiori-

2190 2827 2443 2898 πλήττειν
2488 2826 2637 2880 δοκεῖ
2669 2827 2796 2891 τοὺς
2826 2826 3141 2898 ἀκεραίους,
3184 2828 3249 2880 ὲκ
3279 2826 3543 2897 περιττοῦ
3583 2827 3655 2880 τά
3684 2826 3763 2878 ὐπ’

496 2907 602 2962 bus
624 2914 803 2960 tamen
851 2902 1034 2960 lucum
1065 2905 1245 2960 facere
1296 2919 1363 2960 ac
1392 2914 1600 2961 terrere
1628 2905 1863 2971 videtur,
1898 2904 2082 2961 eadem

2190 2917 2350 2972 αὐτοῦ
2368 2918 2636 2989 λεγόμενα
2667 2918 2863 2986 λέγων,
2893 2918 3136 2989 ὀνόματι,
3166 2918 3242 2982 ὡς
3268 2916 3458 2970 εἴωθεν
3491 2918 3561 2971 ὲκ
3593 2934 3761 2989 περιτ-

2564 1555 2965 1613 ΚΕΦΔΑΑΙΟΝ
3002 1554 3261 1610 ΑΕΤΙΟΥ
3278 1555 3398 1609 ΛΔθ.

2269 1667 2335 1723 El
2358 1670 2508 1723 πᾶσα
2544 1666 2698 1723 οὐσία
2724 1668 2873 1722 ἐστὶν
2896 1666 3211 1738 ἀγέννητος,
3240 1662 3578 1737 οὐδοποτέρα
3600 1666 3783 1722 διοίσει

2730 2249 3067 2320 Ἀνατροπὴ
3114 2253 3240 2306 ΛΔν.

499 2997 567 3052 ad
593 2997 871 3053 fastidium
907 3011 1080 3066 usque
1119 3003 1405 3067 repetens,
1446 3010 1511 3051 ac
1558 2996 1888 3052 vocabulum
1929 2996 2083 3061 illud,

2182 3015 2279 3070 τοῦ
2321 3013 2639 3086 προφέρειν,
2681 3014 2776 3068 καὶ
2809 3015 2867 3067 ὲν
2913 3013 2992 3086 τῷ
3022 3013 3252 3083 παρόντι
3278 3012 3456 3083 καιρῷ
3497 3011 3760 3084 κεχρημέ-

497 3088 646 3161 quod
677 3086 970 3143 identidem
1005 3101 1437 3143 commemorare
1472 3088 1647 3151 solet,
1678 3088 1783 3143 hoc
1805 3088 1926 3144 loco
1960 3104 2082 3160 per-

2190 3125 2291 3171 νος.
2324 3108 2397 3160 υύ
2432 3105 2543 3177 γάρ
2576 3107 2728 3159 πᾶσα
2766 3105 2925 3158 οὐσία
2958 3103 3254 3175 ἀγέννητος
3281 3105 3412 3173 παρ’
3443 3103 3635 3167 αὐτοῖς
3662 3107 3760 3164 τοῖς

493 3192 685 3251 peram
717 3194 1013 3248 usurpans.
1065 3177 1233 3248 Igitur
1270 3192 1379 3233 non
1424 3178 1730 3234 substantia
1764 3180 1945 3235 omnis
1996 3194 2083 3235 sa-

497 3271 749 3341 pientum
802 3268 1014 3339 judicio
1049 3276 1308 3325 censetur
1362 3269 1643 3341 ingenita,
1696 3269 1903 3342 alioqui
1934 3270 2085 3329 nulla

497 3378 607 3418 non
630 3361 815 3418 divina
847 3368 1203 3419 statueretur.
1230 3361 1369 3417 Cum
1407 3377 1539 3434 ergo
1571 3378 1677 3421 non
1708 3362 1966 3419 omnibus
1997 3363 2085 3419 di~

494 3454 699 3509 vinitas
732 3453 1028 3517 tribuatur,
1064 3452 1159 3509 scd
1189 3452 1284 3507 uni
1313 3468 1423 3521 pra;
1450 3453 1685 3517 caeteris,
1709 3468 1831 3524 qua:
1860 3461 1945 3510 est
1974 3468 2084 3512 una

492 3546 553 3601 in
590 3544 858 3600 Trinitate
894 3544 1333 3615 divinitas:quid
1369 3545 1588 3603 tandem
1618 3545 1837 3617 egregio
1878 3544 1957 3599 illi
1993 3560 2083 3601 re.

490 3636 775 3708 linquetur
796 3677 812 3702 ,
868 3650 977 3706 quo
1008 3635 1253 3691 veritatis
1306 3635 1435 3691 liliis
1469 3643 1733 3693 terrorem
1760 3636 2083 3693 admiratiov

486 3741 727 3798 nemque
778 3728 951 3798 possit
998 3726 1289 3783 incutere?
1337 3725 1441 3782 Sed
1482 3736 1538 3782 et
1570 3729 1740 3785 altera
1788 3728 1858 3783 ab
1912 3729 2082 3785 altera

486 3816 828 3887 discrepabit
852 3858 868 3882 ,
924 3831 992 3871 eo
1035 3815 1180 3886 quod
1223 3814 1468 3872 Trinitas
1499 3825 1650 3873 creat
1668 3826 1919 3884 ,,-ca:tera
1954 3833 2082 3876 vero

492 3904 567 3960 ab
619 3904 735 3974 ipsa
797 3913 1059 3961 creantur
1101 3905 1306 3960 omnia.
1368 3905 1460 3960 Illa
1517 3907 1720 3962 nullius
1776 3907 2081 3965 dominatui

490 3997 742 4069 subjecta
775 4005 880 4061 est;
924 3997 1039 4053 hazc
1067 3996 1215 4053 illius
1244 3998 1500 4070 potestati
1539 4006 1669 4054 sunt
1720 3999 1965 4055 subdita.
1998 3999 2081 4056 Ad

488 4092 608 4146 haec
660 4090 764 4146 ista
812 4088 1209 4147 mutationibus
1241 4090 1479 4145 obnoxia
1529 4098 1697 4156 sunt,
1755 4092 1846 4147 illa
1888 4102 2082 4165 suapte

494 4194 688 4238 natura
749 4180 1104 4237 immutabilis
1137 4188 1257 4246 est,
1307 4188 1361 4236 et
1404 4180 1666 4236 inferiora
1703 4183 1889 4238 omnia
1931 4200 2081 4240 com-

493 4279 689 4333 mutat,
723 4286 954 4344 quorum
982 4278 1209 4325 naturas
1235 4282 1288 4326 et
1319 4273 1659 4328 substantias
1688 4290 1719 4330 e
1750 4274 1926 4330 nihilo
1953 4290 2080 4347 pro-

491 4368 691 4417 ducere
722 4369 920 4432 potest.
952 4359 1067 4416 Hoc
1092 4362 1238 4417 enim
1275 4360 1389 4419 Deo
1422 4365 1697 4435 congruit,
1747 4372 1806 4420 ut
1835 4382 1901 4421 ex
1919 4367 2077 4422 nulla

493 4449 769 4505 substrata
796 4452 1020 4505 materia
1046 4491 1062 4517 ,
1112 4458 1167 4506 et
1199 4466 1267 4508 ex
1300 4453 1472 4508 nihilo
1516 4454 1907 4524 productarum
1959 4472 1991 4512 a
2019 4472 2081 4513 se
2112 4462 2158 4522 D

492 4556 678 4595 rerum
713 4556 777 4596 ac
826 4542 1243 4600 subslstentium
1267 4543 1519 4601 ordinem
1547 4545 2073 4621 dispositionemqne

492 4648 593 4704 pro
628 4648 727 4688 sua
764 4634 1040 4691 voluntate
1064 4644 1262 4691 mutet.

914 4770 1100 4827 AETII
1149 4769 1382 4827 CAPUT
1420 4770 1645 4829 XXXV.

569 4880 629 4936 Si
647 4883 958 4940 substantia
984 4884 1167 4940 omnis
1189 4884 1432 4955 ingenita
1456 4893 1543 4941 est
1564 4925 1581 4949 ,
1608 4883 1832 4955 perinde
1853 4893 1908 4941 et
1931 4887 2079 4942 nulla

492 4973 773 5030 variabilis
819 4981 924 5031 est.
967 4972 1127 5041 Quod
1160 4976 1208 5029 si
1255 4975 1457 5030 variari
1497 4976 1803 5033 substantia
1835 4992 1947 5032 non
1974 4994 2076 5049 po-

492 5070 617 5127 test,
653 5077 816 5133 agere
854 5073 907 5118 et
957 5064 1067 5134 pati
1119 5064 1185 5119 ad
1212 5062 1497 5135 fortuitum
1530 5065 1819 5138 quemdam
1877 5081 2068 5123 casum

494 5155 779 5211 referenda
825 5165 971 5211 sunt.
1029 5154 1184 5221 Quod
1231 5157 1277 5213 si
1332 5157 1504 5213 multa
1548 5167 1679 5215 sunt
1731 5158 1971 5230 ingenita
2020 5165 2075 5214 et

492 5248 833 5304 invariabilia
859 5288 874 5311 ,
912 5248 1060 5303 nullo
1094 5259 1244 5304 certo
1273 5264 1301 5303 a
1335 5265 1395 5306 se
1429 5250 1659 5306 invicem
1683 5267 1915 5307 numero
1944 5250 2075 5306 dis—

489 5340 811 5406 crepabunt.
853 5334 1039 5407 Neque
1070 5338 1215 5393 enim
1271 5338 1661 5408 comprehendi
1692 5352 1923 5392 numero
1977 5350 2072 5405 ρος

490 5438 695 5491 terunt,
725 5445 845 5499 qua:
876 5430 960 5484 vel
1005 5429 1289 5497 absolute,
1332 5430 1415 5483 vel
1449 5430 1631 5499 aliqua
1668 5444 1736 5485 ex
1776 5436 1932 5499 parte
1968 5426 2071 5482 dif-

495 5521 708 5585 lerunt,
755 5538 879 5577 cum
931 5521 1237 5579 dill'erentia
1266 5521 1445 5577 omnis
1483 5521 1857 5579 determinatze
1890 5534 2073 5575 causa!

492 5612 549 5668 in
602 5614 836 5682 ingenita
895 5624 1089 5671 natura
1145 5614 1293 5671 velut
1347 5615 1665 5671 attributam
1723 5620 1925 5671 sortem
1990 5612 2071 5666 si-

488 5701 731 5773 gntﬂcet.

2183 3199 2425 3261 συνετοῖς
2471 3197 2853 3268 ὁμολογεῖται·
2902 3197 3027 3250 ἐπεὶ
3076 3197 3225 3249 πᾶσα
3289 3194 3357 3249 ἀν
3409 3193 3753 3264 ὲθεολογεῖτο.

2180 3290 2255 3343 Οὐ
2278 3287 2468 3342 πασῶν
2498 3288 2556 3342 δὲ
2589 3287 3023 3358 θεολογουμένων
3074 3286 3180 3340 τῶν
3210 3285 3428 3353 οὐσιῶν,
3452 3285 3599 3340 ἀλλά
3642 3286 3757 3357 μιᾶς

2181 3380 2333 3452 παρὰ
2381 3380 2581 3443 πάσας,
2643 3381 2765 3451 ἥτις
2793 3380 2912 3435 ἐστὶ
2941 3378 3129 3450 θεότης
3178 3378 3277 3449 μία
3313 3380 3371 3433 ὲν
3399 3379 3619 3450 Τριάδι,
3651 3378 3753 3439 πῶς

2179 3477 2261 3530 ἔτι
2316 3474 2774 3545 ὐπολειφθήσεται
2818 3473 2899 3545 τῷ
2934 3473 3165 3543 γεννάδα
3191 3471 3365 3542 τούτῳ
3386 3472 3451 3529 τὸ
3485 3473 3753 3541 καταπλη-

2180 3568 2366 3622 κτικὸν
2419 3565 2583 3621 αὐτοῦ
2617 3567 2816 3636 χωρεῖν
2851 3565 2945 3620 sui.
2971 3566 3099 3629 τοὺς
3148 3565 3297 3627 uiola;
3335 3564 3438 3634 τῆς
3471 3564 3743 3636 ἁληθείιςς

2179 3661 2379 3715 Διοίσει
2405 3660 2462 3715 at
2494 3659 2589 3714 καὶ
2614 3658 2852 3731 ὁποτέρα
2866 3658 2964 3729 τῆς
2979 3658 3243 3728 ὁποτέρας
3262 3672 3275 3685 ·
3306 3657 3389 3710 ὅτι
3420 3658 3452 3726 ἡ
3484 3658 3587 3727 μὲν
3600 3654 3745 3725 uti;

2179 3752 2375 3816 κτίζει,
2414 3753 2481 3806 τά
2513 3750 2569 3805 δὲ
2600 3751 2779 3804 πάντα
2807 3751 2902 3805 ἀπ’
2937 3749 3109 3819 αὐτῆς
3137 3748 3444 3802 κέκτισται.
3463 3748 3630 3817 Καὶή
3663 3746 3745 3816 μὲν

2181 3842 2333 3897 ἑστιν
2379 3842 2687 3908 ἀδέσποτος,
2730 3841 2798 3896 τὰ
2845 3841 2902 3896 δὲ
2935 3840 3027 3894 ὐπ’
3062 3840 3234 3912 αὐτῆς
3273 3840 3545 3910 γενόμενα
3577 3838 3743 3892 δεσπό-

2179 3939 2350 4003 ζεται.
2388 3937 2497 3993 Καὶ
2539 3940 2573 4010 ἡ
2635 3936 2737 4009 μὲν
2784 3918 3199 4006 μεταϐάλλεται,
3239 3932 3273 4004 ἡ
3308 3931 3365 3985 δὲ
3412 3930 3740 4004 ἀπαρᾶὄατον
3788 3924 3789 3935 ¹

2178 4027 2291 4099 ἔχει
2318 4027 2416 4101 τὴν
2435 4029 2615 4098 φύσιν,
2650 4023 3061 4098 μταὸάλλουσα
3079 4024 3166 4077 ἀεὶ
3191 4024 3259 4080 τά
3290 4024 3381 4077 ὐπ’
3408 4024 3580 4093 αὐτῆς
3600 4038 3735 4093 μετα·

2177 4118 2499 4189 ϐαλλόμενα,
2523 4118 2615 4172 καὶ
2642 4116 2814 4184 ἐξούκ
2841 4116 3010 4177 ὄντων
3034 4114 3134 4179 τάς
3162 4112 3348 4178 οὐσίας
3373 4115 3472 4169 καὶ
3498 4115 3596 4179 τὰς
3622 4115 3734 4167 ὑποο
3782 4178 3783 4185 κ

2179 4214 2398 4276 στάσεις
2436 4212 2665 4282 ὑφιστᾷν
2696 4209 2993 4281 δυναμένη.
3032 4206 3207 4262 Τοῦτο
3237 4208 3347 4279 γάρ
3372 4210 3493 4261 ἐστι
3520 4205 3735 4279 συμπρέ-
3780 4242 3781 4245 η

2178 4322 2279 4360 πον
2322 4303 2463 4375 Θεῷ,
2507 4305 2571 4358 ὲκ
2608 4303 2684 4375 μὴ
2727 4302 3106 4373 ὑποκειμένων
3132 4301 3225 4356 καὶ
3254 4301 3313 4367 ἐξ
3341 4302 3442 4356 οὐκ
3473 4302 3633 4358 ὄντων
3658 4297 3733 4350 ὑπ’
3778 4336 3779 4351 χ

2182 4398 2347 4455 αὐτοῦ
2376 4398 2789 4468 γεγεννημένων
2835 4399 2927 4451 καὶ
2966 4397 3316 4451 ὑποστάντων
3347 4396 3495 4451 κατά
3515 4397 3607 4467 τὴν
3634 4394 3729 4448 δια·
3776 4410 3777 4435 ι

2182 4490 2450 4563 κόσμησιν
2483 4485 2908 4561 μετασκευάζειν
2946 4488 3023 4553 ὡς
3066 4487 3334 4557 βούλεται.

2550 4758 2948 4815 ΚΕΦΔΛΑῘΟΝ
2974 4755 3230 4812 ΔΕἸἸΟΥ
3261 4760 3388 4818 AE'.

2254 4871 2319 4925 Ei
2344 4872 2490 4926 πᾶσα
2512 4872 2669 4927 οὐσία
2714 4871 2861 4927 ἐστὶν
2895 4870 3206 4939 ἀγέννητος.
3258 4868 3717 4941 πᾶσάὲστινάπαρ-

2189 4966 2473 5030 ἀλλακτος.
2540 4963 2652 5034 Τῆς
2687 4963 2875 5025 οὐσίας
2922 4962 2984 5015 τδ
3035 4962 3453 5033 ἀπαράλλακτον
3503 4959 3714 5031 ἑκούσης.

2176 5052 2237 5108 τὸ
2260 5056 2430 5109 ποιεῖν
2454 5072 2514 5108 τε
2546 5055 2639 5108 καὶ
2666 5055 2725 5108 τὸ
2752 5055 2982 5126 πάσχειν
3016 5052 3411 5125 αὐτοματισμῷ
3448 5050 3712 5109 ἀναθετέον.

2178 5144 2394 5199 Πολλῶν
2447 5145 2502 5199 δὲ
2543 5145 2712 5198 ὄντων
2776 5147 3087 5218 ἀγεννήτων
3142 5146 3237 5200 καί⁸
3281 5145 3710 5216 ἀπαραλλάκτων.

2176 5236 2561 5308 ἀναριθμήτως
2613 5236 2901 5289 διοίσουσιν
2945 5236 3209 5308 ἀλλήλων.
3260 5238 3332 5290 Οὐ
3397 5237 3502 5307 γὰρ
3556 5234 3613 5287 ἂν
3644 5230 3709 5296 εἴη

2176 5330 2456 5402 ἀριθμητά
2495 5328 2563 5384 τὰ
2612 5329 2897 5393 διεστῶτα,
2946 5329 2980 5400 ἢ
3009 5328 3260 5393 καθόλου,
3293 5328 3325 5401 ἦ
3356 5329 3495 5383 κατά
3521 5342 3595 5379 τυ
3629 5318 3709 5373 πά·

2179 5439 2278 5494 σης
2301 5420 2631 5486 διαστάσεως
2651 5420 3032 5493 ἀποκλήρωςῐν
3052 5438 3174 5474 τινα
3196 5421 3555 5493 ὲμφαινούσης
3570 5412 3705 5470 αἰτίαν

2177 5513 2623 5587 ἀποτεταγμένης
2649 5514 2947 5585 ἀγεννήτου
2978 5512 3215 5582 φύσεως.
