3790 6212
66 290 179 347 625

145 518 220 571 οὐ
270 519 416 571 πᾶσα
453 516 610 572 οὗσία
651 521 946 593 ἀγέννητος
973 538 984 551 ·
1037 520 1240 593 ἠλίθιον
1293 542 1400 595 γαρ
1435 526 1528 578 καὶ
1587 525 1646 577 τὸ

72 603 416 672 διανοεῖσθαι,
459 610 551 662 καὶ
585 610 905 684 Ἑλληνικῆς
949 613 1222 684 ἀγνωσίας
1267 611 1418 679 οὗτος
1448 618 1476 669 ὁ
1498 615 1644 685 λογι-

74 698 236 768 σμὸς,
267 701 360 753 καὶ
394 701 452 753 τὸ
486 701 837 773 ἀπόφθεγμα,
873 703 974 757 κάν
1009 721 1068 757 τε
1112 705 1512 774 ἁποφαντικῶς,
1547 705 1646 758 κᾶν

71 805 133 841 τε
165 792 507 861 ὲρωτητικῶς
535 793 611 864 τῷ
644 795 832 866 ’Δετίῳ
857 795 1089 868 εῐρηται.
1117 797 1283 868 Δῆλον
1304 797 1360 850 δὲ
1405 799 1485 851 ὅτι
1511 798 1650 869 ἐρω-

73 881 336 950 τητικιῖκ.
383 883 648 955 Ἑλλήνων
689 886 869 940 τοίνυν
913 888 1110 952 παῖδας
1158 888 1316 941 τοῦτο
1356 888 1644 959 ἐρωτάτωο

73 975 320 1028 κάκεῖνοι
338 972 393 1028 δὲ
423 977 570 1046 αὐτῷ
589 975 1018 1032 συντιθέσοωσαν
1043 978 1200 1033 τοῦτο
1217 980 1360 1050 ἔχειν
1379 983 1442 1033 ὲκ
1471 979 1650 1032 συλλο-

71 1065 294 1137 γισμῶν
342 1067 402 1120 τὸ
452 1067 731 1139 ἐρώτημα,
785 1065 917 1141 ὕλην
956 1070 1080 1124 τινὰ
1107 1071 1398 1142 σύγχρονον
1427 1070 1505 1142 τῷ
1531 1069 1650 1141 Θεῷ

70 1155 502 1226 ἐπιφημίζοντες
526 1172 542 1190 ο
591 1157 894 1212 ὀλισκέσθω
927 1159 984 1213 δὲ
1029 1159 1148 1231 ἅμα
1172 1160 1418 1224 ἐκείνοις,
1450 1164 1497 1214 εί
1525 1177 1651 1215 συν-

71 1247 311 1310 τιθοϊτο,’
338 1247 563 1320 ἐχούσης
591 1249 691 1320 τῆς
721 1247 979 1322 ἀληθείας
1015 1251 1074 1304 ἓν
1103 1247 1242 1306 εἶναι
1272 1252 1332 1305 τὸ
1358 1251 1562 1319 ποιοῦν,
1594 1256 1652 1307 ὲν

76 1339 185 1409 μιᾷ
229 1337 387 1410 οὐσίᾳ
417 1339 644 1410 Τριάδος
671 1341 905 1407 τελείας,
929 1343 1027 1397 καὶ
1056 1343 1119 1395 οὐ
1160 1341 1303 1396 κατὰ
1330 1343 1654 1414 συναλοιφὴν

70 1426 506 1499 ἀριθμουμένης.
543 1428 623 1482 Τὰ
662 1428 706 1482 δ’
746 1427 881 1482 ἀλλα
915 1429 1090 1483 πάντα
1114 1431 1368 1502 γενητὰ,
1412 1432 1506 1486 καὶ
1535 1448 1654 1485 κτι-

73 1518 206 1582 me,
243 1520 340 1573 καὶ
384 1520 483 1572 οὑκ
525 1519 812 1592 ἀγέννητα.
841 1519 952 1590 Τῆς
1006 1521 1065 1574 δὲ
1101 1521 1355 1593 θεότητος
1398 1522 1653 1576 ἀκτίστου

70 1610 272 1682 οὔσης,
329 1611 543 1682 Πατρὸς
594 1607 693 1682 μὲν
739 1611 1055 1680 γεννῶντος,
1111 1613 1242 1667 Υἱοῦ
1284 1614 1340 1668 δὲ
1373 1614 1652 1685 γεννητοῦ,

73 1699 397 1773 Πνεῦματος
425 1702 480 1756 δὲ
506 1703 662 1770 ἁγίου
683 1702 742 1768 ἐξ
785 1701 949 1755 αὐτοῦ
980 1703 1390 1774 ἀπεσταλμένου
1414 1703 1506 1756 τοῦ
1543 1705 1654 1757 [Ια-

71 1769 350 1865 τρδςξκαὶ
365 1794 471 1848 τῶν
483 1769 575 1847 τοῦ
595 1792 724 1847 Υίοῦ
740 1792 1127 1864 λαμϐάνοντος,
1154 1769 1370 1848 πάντων
1397 1793 1455 1847 δὲ
1488 1793 1656 1847 ὅντων
1687 1769 1729 1825 Β

73 1886 478 1957 κεκτισμὲνων,
509 1883 601 1939 τοῦ
641 1888 697 1941 δὲ
729 1887 1148 1959 ἀπαραλλάκτου
1203 1888 1270 1957 τῇ
1299 1886 1525 1957 δυνάμει
1562 1885 1656 1956 μέ-

72 1992 289 2042 νοντος,
320 1979 730 2049 συμπρέποντος
762 1983 820 2034 ὲν
849 1982 916 2051 τῇ
953 1978 1161 2051 Τριάδι,
1199 1978 1377 2047 πάσης
1407 1977 1658 2048 θεότητος

74 2070 179 2123 ἐπὶ
201 2071 294 2123 τὸν
344 2065 563 2141 Πατέρα
617 2071 1046 2142 ἀναφερομένης.
1076 2069 1165 2124 διὰ
1207 2069 1268 2123 τὸ
1305 2068 1521 2138 εὔλογον
1566 2069 1658 2122 καὶ

73 2160 332 2214 ἄπτωτον
362 2161 462 2231 τῆς
507 2162 749 2231 μονάδος,
791 2163 884 2215 καὶ⁹
909 2161 968 2215 τὸ
993 2161 1336 2232 ἀναιρετικὸν
1367 2161 1464 2229 τῆς
1496 2159 1658 2212 πολυ-

73 2253 257 2315 Oetae,
301 2252 361 2305 τδ
401 2253 498 2323 μὲν
528 2253 943 2324 ἀπαράλλακτον
985 2252 1133 2324 μένει
1158 2255 1222 2323 τῇ
1249 2253 1498 2324 δυνάμει,
1521 2251 1582 2305 τδ
1601 2250 1658 2304 δὲ

74 2345 310 2413 εὔλογον
344 2347 772 2416 συμπρεπόντως
813 2346 1154 2414 ἀναλογεῖται
1187 2344 1318 2398 Υἱοῦ
1362 2343 1500 2416 πρὸς
1533 2344 1659 2397 Πα-

76 2444 239 2506 τέρα,
293 2436 385 2488 καὶ
430 2435 586 2502 άγίου
642 2433 978 2506 Πνεύματος.
1023 2437 1213 2510 Τοίνυν
1257 2435 1462 2490 τούτων
1486 2433 1660 2498 οὕτως

76 2528 340 2598 ἐχόντων,
395 2524 457 2591 ἐξ
497 2524 748 2596 ὑπαρχῆς
804 2527 1048 2578 πεσεῖται
1087 2524 1191 2594 τῆς
1225 2521 1521 2593 ἐπιϐουλῆς
1561 2521 1657 2576 τοῦ

77 2620 442 2690 ἑρωτήματος
492 2618 527 2687 ἠ
577 2616 808 2670 ἐπίνοια.
848 2618 924 2670 οὐ
969 2617 1079 2687 γὰρ
1122 2615 1290 2670 πολλὰ
1322 2616 1390 2669 τὰ
1414 2613 1662 2684 ἀπαράλ-

77 2710 284 2766 λακτα.
321 2708 455 2762 ἀλλὰ
487 2709 521 2778 ή
563 2709 664 2778 μία
694 2707 866 2778 Τριάς
895 2709 952 2761 ὲν
984 2706 1191 2779 μονάδι,
1218 2709 1312 2761 καὶ⁵
1343 2706 1440 2778 μία
1472 2706 1662 2779 Θεότης

77 2803 142 2856 ἐν
168 2801 382 2872 Τριάδι.
401 2799 481 2854 Τὰ
513 2799 557 2852 δ’
583 2797 722 2853 ἄλλα
774 2798 950 2852 πάντα
984 2796 1313 2870 ἀφέστηκεν,
1345 2797 1469 2850 οὕτε
1499 2799 1660 2851 αὐτο-

83 2899 348 2963 ματισμῷ
373 2892 560 2962 ἔχοντα
581 2889 640 2942 τδ
671 2891 920 2959 πάσχειν,
947 2891 981 2962 ἦ
1004 2892 1198 2953 ποιεῖν,
1222 2889 1348 2944 οὔτε
1378 2890 1478 2960 τῆς
1502 2889 1662 2959 ἀγίας

80 2985 340 3054 Τριάδος,
371 2979 428 3037 ἐν
459 2981 536 3056 τῷ
587 3002 640 3038 τι
691 2986 882 3048 ποιεῖν,
913 2981 1218 3053 δυναμένης
1270 2981 1523 3052 πάσχειν,
1561 2980 1662 3052 τῆς

78 3077 215 3146 ὅλης
249 3075 490 3139 ἀπαθοῦς
516 3073 683 3145 οὔσης
706 3075 800 3129 καὶ
838 3073 1253 3146 προσκυνητῆς·
1282 3074 1426 3145 φημὶ
1449 3073 1515 3146 δὴ
1546 3074 1660 3128 Πα-

79 3167 235 3237 τρος,
269 3168 363 3219 καὶ
393 3163 543 3230 Υίοῦ,
579 3166 674 3218 καὶ
719 3165 874 3232 ἁγίου
910 3163 1246 3233 Πνεύματος.
1281 3162 1533 3234 Ἐποίησε
1559 3162 1668 3235 γὰρ

85 3256 274 3311 πάντα
321 3259 354 3310 ὸ
389 3255 521 3320 Θεὸς
566 3256 632 3310 δι’
673 3253 828 3318 Υίοῦ,
869 3255 985 3309 ἀλλ’
1022 3256 1143 3326 οὐχὶ
1171 3254 1260 3308 τὸν
1283 3253 1408 3308 Υίόν
1433 3271 1447 3284 ·
1474 3256 1534 3308 οὐ
1560 3256 1670 3326 γάρ

84 3351 208 3403 ἐστι
269 3346 368 3401 σὺν
418 3349 588 3400 πᾶσιν
658 3347 1020 3416 ωνυπουργεϊ
1068 3343 1178 3416 γὰρ
1218 3344 1300 3415 τῷ
1354 3345 1545 3416 “arpi,
1577 3345 1671 3399 atati.

85 3438 626 3510 συμπροσκυνεῖται·
687 3433 813 3490 οὔτε
861 3435 925 3488 τὸ
963 3435 1120 3503 ἅγιον
1161 3433 1416 3504 Πνεῦμα·
1445 3435 1506 3488 οὐ
1561 3435 1670 3507 γὰρ

84 3529 406 3600 ἀριθμεῖται
435 3527 543 3581 ἀπὸ
573 3527 808 3592 πάντων,
856 3527 1066 3598 στερεοί
1093 3524 1150 3578 δὲ
1184 3523 1283 3596 τὴν
1313 3524 1540 3596 δύναμιν
1563 3525 1671 3580 τῶν

87 3621 355 3676 ἁπάντων
386 3620 479 3673 καὶ
527 3620 1048 3690 συμπροσκυνεῖται.
1085 3616 1206 3670 Τῶν
1230 3616 1286 3670 δὲ
1322 3617 1537 3671 πάντων
1567 3616 1673 3672 ὑπὸ

84 3714 191 3782 τὴν
249 3709 346 3764 τοῦ
402 3709 520 3774 ἐνὸς
569 3707 894 3780 προνοησίαν
936 3707 1416 3777 ἐπιτεταγμένων,
1466 3707 1672 3762 ἕκαστα

87 3803 322 3873 φέρεταί
357 3818 438 3859 τε.
479 3801 571 3855 καὶ
606 3799 856 3871 πράττει,
887 3799 1086 3871 πάσχει
1131 3799 1190 3852 δὲ
1226 3800 1320 3852 καὶ
1356 3800 1457 3853 ὃσα
1485 3799 1668 3871 ἔτερα.

89 3891 187 3946 Διὸ
219 3893 255 3961 ἡ
292 3891 392 3961 μία
436 3889 604 3958 Τριάς
649 3889 784 3961 πρὸς
813 3888 1010 3960 ἑαυτὴν
1047 3888 1484 3960 ἀπαράλλακτος,
1525 3890 1594 3943 τά
1616 3889 1674 3963 δὲ

89 3983 232 4039 ἄλλα
263 3982 325 4047 ἐξ
372 3982 542 4052 αὐτῆς
593 3980 1048 4053 παρηλλαγμένα·
1097 3979 1220 4034 οὔτε
1245 3979 1353 4051 γάρ
1388 3982 1504 4034 ἐστι
1545 3980 1677 4049 σύγ-

93 4091 290 4148 χρονα,
315 4073 437 4126 οὔτε
487 4073 751 4127 συναῒδια.
779 4073 934 4142 Μόνη
968 4071 1024 4125 δὲ
1047 4067 1240 4136 ἀίδιος,
1275 4071 1370 4126 καὶ
1401 4070 1684 4137 ἄκτιστος,

95 4171 194 4224 καὶ
237 4168 551 4237 ἀγέννητος,
587 4165 720 4220 Υίοῦ
751 4165 850 4235 μὲν
879 4165 1277 4237 γεγεννημένου
1300 4165 1546 4237 ἀχρόνως
1582 4167 1678 4220 καὶ

94 4261 372 4331 ἀνάρχως,
414 4259 503 4312 ἀεὶ
548 4257 606 4312 δὲ
648 4257 820 4321 ὄντος,
847 4257 942 4311 καὶ⁵
1000 4256 1269 4328 μηδέποτε
1308 4256 1676 4321 διαλείποντος

97 4352 192 4406 τοῦ
235 4347 394 4405 εἶναι.
431 4349 595 4403 Ὅθεν
621 4346 1036 4418 ἡσφαλισμένως
1064 4345 1341 4414 κεφαλὴν
1374 4348 1414 4409 ⁸,
1451 4345 1544 4400 καὶ
1574 4346 1675 4399 οὐκ

709 313 1074 373 ADVERSUS
1109 315 1446 372 HERESES
1483 315 1612 370 LIB.
1652 313 1747 372 ill.
1786 315 1952 374 TOM.
1993 318 2106 374 1.-
2148 317 2420 376 ΗΔΕΒΕΞ.
2460 318 2692 377 LXXVI.

613 429 670 483 Ἀ
678 429 942 499 νατροὰὴ
998 432 1116 486 AE’.
1671 435 1718 492 Α

3203 318 3326 373 626:

2241 435 2545 506 Confulutt'o
2587 435 2746 492 XXX
2759 436 2820 494 Υ.

1819 523 1936 580 Non
1963 525 2140 582 omnis
2161 527 2467 583 substantia
2498 527 2738 599 ingenita
2791 527 2896 584 dici
2929 537 3131 600 potest,
3171 532 3328 602 quod?

1750 618 1832 674 vel
1858 618 2040 672 animo
2068 620 2359 690 concipere
2404 619 2658 675 Stolidum
2697 627 2809 684 est,
2837 628 3000 690 atque
3045 622 3112 676 ab
3142 623 3314 692 genti-

1748 711 1880 766 lium
1914 714 2218 784 ignorantia
2247 729 2309 770 ea
2340 714 2423 769 vel
2456 716 2716 786 cogitatio
2768 716 2851 771 vel
2894 721 3158 773 sententia
3192 735 3321 790 pro--

1749 803 2030 868 tlciscitur,
2058 805 2174 861 sive
2199 804 2539 868 aﬂirmando,
2571 807 2686 862 sive
2727 807 3112 879 interrogando
3141 810 3328 865 solum.

1747 893 1937 950 Aetius
1999 897 2103 950 ista
2177 896 2483 968 protulerit.
2552 897 2874 970 Quanquam
2935 901 3320 973 interrogando

1751 987 1895 1042 istud
1937 989 2153 1058 quidem
2186 1005 2482 1059 usurpasse
2525 991 2757 1046 videtur.
2789 991 2969 1058 Quare
2996 991 3062 1048 de
3102 992 3316 1064 gentili~

1752 1079 1854 1134 bus
1886 1079 1986 1135 ista
2025 1081 2352 1146 sciscitetur,
2384 1089 2547 1151 atque
2589 1083 2658 1138 ab
2695 1083 2804 1139 illis
2823 1079 2933 1139 hoc
2964 1085 3109 1155 quod
3157 1085 3210 1139 in
3238 1085 3318 1139 ind
3399 1068 3405 1074 ’

1753 1169 2114 1240 terrogatione
2154 1183 2251 1223 sua
2291 1185 2354 1224 ex
2408 1171 2917 1227 ratiocinationibus
2958 1173 3182 1228 collecta
3225 1189 3320 1243 p0-

1752 1259 1882 1323 suit,
1911 1259 2243 1314 concedatur
2272 1261 2444 1315 ultro:
2481 1262 2762 1316 materiam
2791 1276 2912 1317 esse
2935 1262 3104 1336 984
3126 1278 3318 1336 quatn‘

1751 1350 1876 1405 dam
1904 1391 1918 1416 ,
1952 1366 2074 1421 quae
2126 1358 2367 1420 tempore
2417 1361 2542 1407 cum
2575 1350 2682 1408 Deo
2719 1352 2791 1408 sit
2842 1354 3067 1423 :equalis
3094 1397 3106 1419 ,
3146 1354 3239 1410 sed
3270 1361 3326 1410 et

1754 1455 1860 1494 una
1885 1455 2008 1495 cum
2035 1441 2162 1506 illis,
2193 1441 2380 1498 eadem
2406 1443 2451 1497 si
2481 1443 2701 1510 sentiat,
2735 1445 3090 1500 convincatur
3115 1444 3320 1501 Aetius.

1755 1530 1889 1585 Nam
1925 1531 2124 1588 veritas
2154 1533 2373 1601 quidem
2407 1534 2524 1604 ipsa
2553 1548 2718 1587 unam
2745 1550 2867 1590 esse
2886 1543 3073 1590 censet
3098 1534 3307 1590 etiiaien

1756 1629 1863 1677 tem
1894 1635 2136 1685 causam,
2164 1624 2309 1693 quod
2357 1624 2410 1678 in
2442 1640 2551 1680 una
2582 1625 2844 1681 eteadem
2870 1626 3174 1682 substantia
3207 1643 3325 1696 per-

1759 1712 1897 1767 fecta
1944 1709 2225 1776 Trinitas,
2277 1713 2396 1767 sine
2446 1713 2556 1768 ulla
2617 1713 2940 1769 confusione
2991 1724 3323 1770 numeretur.

1759 1801 1984 1872 Reliqua
2023 1818 2153 1858 vero
2203 1805 2384 1859 omnia
2417 1805 2557 1858 facta
2601 1819 2664 1859 ac
2697 1814 2978 1875 procreata
3021 1816 3145 1862 sunt
3173 1847 3186 1868 ,
3220 1822 3326 1861 non

1759 1893 2015 1964 ingenita.
2052 1891 2316 1950 Divinitas
2353 1909 2480 1950 vero
2510 1909 2540 1948 a
2573 1895 2721 1949 nullo
2755 1906 2973 1950 creatur
2998 1936 3011 1960 ,
3040 1896 3133 1952 sed
3168 1895 3329 1952 Pater

1759 1985 1948 2057 gignit,
1985 1983 2154 2039 Filius
2181 1985 2396 2054 genitus
2421 1993 2537 2051 est;
2573 1984 2809 2056 Spiritus
2844 1997 3071 2043 sanctus
3107 2003 3137 2042 a
3169 1986 3332 2044 Patre

1761 2075 1961 2131 missus
1993 2083 2098 2140 est,
2136 2086 2188 2131 et
2216 2091 2245 2130 a
2283 2074 2421 2131 Filio
2449 2077 2684 2147 accipit;
2730 2087 2926 2133 cmtera
2975 2093 3103 2134 vero
3149 2091 3329 2134 creata

1759 2172 1907 2232 sunt,
1939 2173 2102 2236 atque
2140 2168 2255 2237 ipse
2303 2165 2444 2222 Deus
2498 2168 2854 2224 immutabilis
2878 2170 3076 2223 virtute
3111 2185 3326 2239 perma-

1759 2269 1897 2310 nens
1942 2264 2307 2326 congruenter
2353 2255 2407 2310 in
2441 2255 2714 2314 Trinitate
2763 2258 3036 2312 consistit.
3065 2258 3332 2314 Caeterum

1759 2344 2017 2400 divinitas
2049 2345 2227 2400 omnis
2260 2345 2328 2398 ad
2356 2343 2571 2400 Patrem
2620 2345 2858 2400 refertur
2879 2385 2894 2407 ,
2925 2344 3072 2416 quod
3101 2346 3174 2400 ita
3201 2361 3328 2400 con-

1760 2444 2080 2490 sentaneum
2109 2435 2201 2499 sit,
2237 2434 2399 2505 idque
2441 2443 2492 2490 et
2544 2434 2613 2489 ad
2653 2437 2918 2492 unitatem
2967 2437 3333 2500 retinendam,

1759 2535 1814 2583 et
1839 2526 2218 2597 multiplicium
2255 2527 2478 2582 deorum
2512 2528 2802 2582 vanitaten
2833 2528 3186 2585 refellendam
3213 2543 3335 2599 perc

1762 2619 1950 2675 tineat.
1978 2617 2070 2673 Sic
2092 2619 2238 2673 enim
2263 2618 2620 2674 immutabilis
2644 2626 2730 2674 est
2765 2627 2976 2675 natura
3003 2619 3200 2675 divinae
3221 2622 3336 2674 vir-

1762 2717 1888 2773 tus,
1941 2718 2003 2763 ut
2043 2715 2411 2778 congruenter
2443 2705 2568 2762 Filii
2604 2707 2670 2761 ad
2703 2706 2913 2764 Patrem
2939 2746 2955 2771 ,
2992 2707 3341 2779 Spiritusun

1763 2800 1937 2856 sancti
1967 2806 2336 2855 consentanea
2396 2798 2536 2852 ratio
2581 2800 3028 2868 comparatioque
3068 2807 3336 2857 servetur.

1764 2893 1895 2959 Quae
1939 2905 2062 2946 cum
2093 2890 2167 2944 ita
2196 2905 2318 2946 sese
2344 2888 2598 2952 habeant,
2623 2887 2880 2958 captiosa:
2922 2887 3069 2944 illius
3107 2889 3337 2944 interro-

1764 2982 1998 3052 gationis
2057 2988 2423 3036 commentum
2491 2980 2710 3050 penitus
2764 2979 3062 3036 intercidit.
3126 2979 3340 3036 Etenim

1692 3100 1737 3162 α
1770 3089 1877 3128 non
1907 3073 2077 3128 multa
2127 3079 2256 3128 sunt
2283 3070 2668 3138 invariabilia;
2715 3070 2809 3128 sed
2845 3085 2955 3126 una
2983 3071 3252 3126 duntaxat
3284 3071 3342 3127 in

1774 3164 2154 3234 singularitate
2175 3161 2434 3220 Trinitas.
2461 3169 2516 3217 et
2548 3176 2657 3216 una
2688 3163 2743 3217 in
2768 3161 3034 3219 Trinitate
3062 3162 3340 3228 divinitas,

1771 3275 1802 3314 a
1833 3273 1940 3329 qua
1973 3257 2183 3328 reliqua
2211 3257 2392 3312 omnia
2419 3257 2611 3326 procul
2635 3256 2862 3312 distant.
2890 3255 3080 3328 Neque
3126 3271 3257 3312 vero
3282 3265 3356 3312 ut

1770 3352 2084 3424 patiantur,
2122 3357 2218 3403 aut
2272 3357 2472 3419 agant,
2504 3345 2729 3403 fortuito
2778 3348 3014 3419 quodam
3043 3363 3176 3404 casn
3212 3363 3346 3404 con,

1771 3447 1956 3496 secuta
1991 3447 2140 3504 sunt;
2167 3449 2345 3507 neque
2374 3446 2725 3492 sacrosancta
2751 3437 3016 3504 Trinitas,
3047 3440 3178 3493 dum
3211 3437 3366 3507 agit,

1772 3531 1882 3602 pati
1913 3529 2188 3600 quidpiam
2222 3535 2422 3599 potest,
2453 3543 2578 3583 cum
2623 3537 2732 3582 tota
2777 3527 3014 3598 patiendi
3067 3543 3262 3598 expers
3290 3535 3349 3582 et

1771 3621 2051 3676 adoranda
2081 3621 2183 3676 sit:
2225 3620 2328 3675 hoc
2353 3629 2459 3685 est,
2500 3619 2680 3684 Pater,
2715 3629 2768 3674 et
2799 3617 2992 3685 Filius,
3024 3629 3078 3675 et
3109 3617 3359 3690 Spiritus

1773 3719 2018 3768 sanctus.
2049 3709 2428 3782 Quippe.Deus
2451 3726 2546 3782 per
2565 3709 2762 3764 Filium
2791 3709 3048 3766 universa
3077 3707 3346 3772 condidit,

1773 3801 1969 3858 Filium
1998 3817 2129 3856 vero
2166 3816 2276 3856 non
2305 3801 2454 3865 fecit,
2485 3808 2544 3856 ut
2567 3801 2808 3872 quicum
2838 3800 3092 3857 omnibus
3123 3799 3355 3856 minime

1775 3902 2128 3950 numeretur:
2161 3891 2430 3963 siquidem
2466 3894 2520 3947 in
2551 3893 2732 3963 operis
2758 3892 3196 3947 communionem
3221 3905 3348 3946 cum

1775 3981 1936 4038 Patre
1965 3983 2151 4047 venit,
2181 3991 2380 4037 etcum
2409 3979 2599 4035 eodem
2631 3978 2918 4046 adorator;
2943 3993 3118 4049 neque
3145 3984 3353 4048 postre-

1777 4088 1868 4130 mo
1910 4073 2170 4144 Spiritum
2217 4079 2467 4128 sanetum
2504 4070 2729 4134 creavit,
2764 4070 2857 4141 qui
2886 4085 2956 4126 ne
2987 4070 3104 4140 ipse
3129 4067 3350 4139 quidem

1778 4163 1920 4218 inter
1974 4161 2156 4216 omnia
2192 4166 2542 4216 numeratur-
2563 4157 2758 4228 Hujus.
2785 4158 2929 4214 enim
2963 4158 3238 4229 proprium
3267 4167 3353 4212 est

1778 4254 2161 4309 universorum
2191 4251 2550 4313 corroborarc
2578 4251 2864 4307 virtutem:
2919 4250 3066 4306 unde
3100 4259 3156 4306 et
3200 4264 3352 4305 eom-

1778 4345 2014 4401 tnuniter
2087 4342 2363 4399 adorator.
2416 4342 2587 4398 Porro
2641 4356 2766 4397 cum
2807 4341 2990 4398 omnia
3047 4341 3151 4397 sub
3186 4340 3351 4396 unius

99 4443 301 4513 ἀρχὴν
331 4444 422 4497 τὸν
457 4442 676 4514 Πατέρα
704 4441 798 4496 τοῦ
831 4441 964 4495 Υίοῦ
1000 4440 1238 4504 ἐδίδαξεν
1269 4443 1298 4494 ὁ
1324 4440 1464 4505 θεῖος
1490 4440 1656 4510 λόγος

1783 4434 2173 4509 providentiam
2223 4433 2863 4504 administrationemque
2907 4432 3153 4501 subjecta
3217 4433 3348 4495 sint.

101 4535 190 4588 διὰ
220 4536 282 4588 τὸ
331 4535 633 4605 ὁμοοὺσιον,
677 4533 773 4587 καὶ
825 4531 1010 4596 ἀϊδίως
1053 4532 1205 4595 ὄντος
1227 4530 1322 4585 τοῦ
1353 4531 1673 4603 Πνεύματος

104 4629 193 4682 τοῦ
220 4629 402 4696 ἀγίου,
432 4627 527 4680 καλ⁸
554 4628 620 4680 ὲκ
661 4625 872 4694 [ἰατρὸς
901 4622 1334 4694 ἀπεσταλμένου,
1369 4623 1456 4676 ἀεὶ
1487 4622 1545 4677 δὲ
1575 4624 1675 4676 σὺν

106 4720 281 4792 Πατρὶ
309 4719 664 4789 ὑπάρχοντος,
687 4716 780 4769 καὶ
803 4713 878 4784 μὴ
908 4713 1016 4768 ἀπὸ
1029 4713 1225 4784 χρόνου
1252 4712 1590 4785 ἀρξαμένου.

1781 4530 2031 4586 feruntur
2056 4563 2075 4592 ,
2115 4533 2390 4597 aguntque
2447 4525 2660 4596 singula
2687 4563 2704 4589 ,
2739 4535 2794 4582 et
2841 4539 2962 4595 quae
3003 4541 3034 4580 a
3082 4525 3193 4581 Deo
3227 4533 3355 4581 sunt

1782 4621 1959 4677 aliena
1997 4618 2297 4689 patiuntur.
2347 4616 2616 4684 Quocirca
2670 4632 2778 4672 una
2832 4632 2862 4672 a
2907 4618 3086 4688 seipsa
3115 4616 3357 4672 Trinitas

1785 4709 2122 4768 invariabilis
2147 4717 2257 4774 est,
2299 4707 2530 4778 reliqua,
2562 4721 2685 4778 quae
2713 4707 2784 4764 ab
2808 4707 2923 4778 ipsa
2955 4708 3350 4778 producuntur,

110 4809 290 4865 omnia
314 4809 632 4874 variantur;
673 4821 794 4876 qua:
829 4819 930 4859 nec
959 4811 1221 4874 tempore,
1252 4817 1354 4859 nec
1370 4805 1678 4861 aeternitate
1713 4819 1839 4861 cum
1875 4803 1967 4858 illa
2009 4799 2172 4856 simul
2224 4799 2515 4854 exsistunt.
2578 4795 2706 4853 Sola
2756 4796 2940 4868 itaque
3001 4797 3350 4866 sempiterna,

74 4925 84 4933 ο
115 4907 347 4962 increata
377 4915 433 4959 et
487 4903 723 4974 ingenita
749 4908 855 4957 est.
880 4901 960 4955 Ac
976 4897 1148 4955 Filius
1173 4898 1389 4969 quidem
1420 4899 1542 4956 sine
1563 4901 1680 4956 ullo
1717 4907 1960 4969 tempore
2022 4895 2252 4951 initiove
2303 4891 2518 4963 genitus
2566 4890 2708 4947 idem
2739 4891 2808 4946 ab
2857 4899 3060 4944 aeterno
3087 4897 3202 4953 est;
3255 4903 3355 4942 nec

115 5017 345 5072 unquam
375 5014 498 5056 esse
524 4997 748 5052 desinit.
781 4995 1143 5061 Quamobrem
1173 5001 1332 5050 caute
1373 4994 1670 5051 admodum
1707 5001 1894 5066 caput,
1928 4990 2290 5047 nonroinitium
2323 4987 2446 5041 Eilii
2475 4985 2690 5040 Patrem
2715 4999 2841 5040 esse
2896 4995 3075 5037 sermo
3135 4980 3354 5035 divinus

114 5096 419 5151 edocuit’:
478 5093 642 5163 idque
695 5099 918 5162 propter
954 5089 1198 5146 eamdem
1247 5090 1535 5160 utriusque
1597 5090 1996 5147 substantiam.
2040 5085 2278 5156 Spiritus
2343 5081 2510 5154 985
2560 5095 2690 5137 vero
2723 5085 2948 5136 sanctus
2996 5075 3358 5146 sempiternus

117 5201 216 5253 est,
261 5197 316 5244 et
353 5203 384 5241 a
412 5187 574 5242 Patre
612 5185 847 5250 missus,
889 5200 1012 5239 cum
1045 5199 1156 5254 quo
1185 5198 1401 5268 semper
1446 5185 1681 5251 exsistit,
1721 5200 1823 5240 nec
1852 5183 1920 5238 ab
1941 5182 2125 5250 aliquo
2159 5189 2401 5248 tempore
2430 5189 2551 5231 esse
2579 5173 2765 5242 carpit.

461 5300 856 5354 ΚΕΦΑΛΑΙΟΝ
901 5298 1152 5352 ΑΕΤΙΟΥ
1187 5299 1326 5365 ΛΤ.

188 5395 312 5450 εξτδ
338 5388 635 5459 ἀγέννητος
656 5385 750 5442 καὶ
780 5389 844 5443 τδ
869 5385 1002 5450 Θεὸς
1033 5396 1096 5447 ὲκ
1113 5391 1455 5463 παραλλήλου
1471 5391 1532 5445 τὸ
1552 5391 1682 5445 αὐτὸ

123 5483 323 5554 equini
351 5483 643 5552 ἁγέννητος
676 5481 970 5550 ἀγέννητον
996 5481 1303 5551 ἐγέννησεν.
1323 5481 1385 5533 Ei
1411 5480 1468 5534 δὲ
1499 5479 1682 5548 ἕτερον

127 5573 325 5644 τιδηλοῖ
349 5580 411 5626 τὸ
423 5571 737 5641 ἀγέννητον,
751 5572 838 5626 Et:
845 5589 935 5643 ρον
952 5571 1009 5624 δὲ
1027 5571 1086 5624 τὸ
1103 5571 1266 5638 Θεὸς,
1281 5572 1380 5625 οὐκ
1406 5571 1601 5624 ἄτοπον
1625 5570 1682 5624 δὲ

199 5731 217 5764 ⁸
239 5747 326 5804 π).
361 5731 674 5799 κεφάλαιον.
753 5732 772 5761 ²
808 5726 979 5783 lCor.
1008 5741 1086 5792 XI,
1116 5727 1170 5780 5.

2208 5289 2392 5346 AETll
2427 5283 2657 5344 CAPUT
2695 5281 2938 5339 XXXVI.

1861 5387 1919 5442 Si
1949 5383 2224 5456 ingenitus
2252 5389 2305 5437 et
2339 5380 2481 5435 Deus
2532 5393 2631 5450 pro
2658 5391 2768 5430 uno
2798 5374 3093 5443 eodemque
3140 5385 3356 5428 suman-
3457 5443 3467 5450 .

1790 5485 1899 5543 tur,
1923 5477 2197 5548 ingenitus
2224 5472 2526 5544 ingenitum
2544 5467 2750 5542 genuit.
2780 5464 2876 5522 Sin
2898 5463 3173 5520 diversum
3190 5461 3351 5532 quid-

1790 5569 1913 5624 dam
1959 5567 2187 5640 ingrniti
2243 5579 2308 5620 ac
2352 5563 2448 5620 Dei
2514 5555 2776 5616 vocabula
2813 5555 3114 5625 declarant,
3152 5570 3352 5629 nequa-
