3838 6314
499 310 600 368 i537

1875 302 1934 359 ιι.
1977 299 2175 357 Ειηριι
2197 299 2328 354 mn
3643 295 3730 352 εξ,

497 441 660 498 quam
713 423 1011 479 absurdum
1060 431 1144 479 est
1202 421 1370 478 Deum
1413 436 1443 475 a
1498 420 1608 476 Deo
1649 421 1890 492 genitum
1935 434 2078 484 esse,

2191 419 2258 489 τῷ
2301 416 2421 488 Θεῷ
2470 417 2602 471 Θεὸν
2630 417 3038 489 γεγεννηκέναι,
3075 415 3336 487 ἑκατέρου
3378 414 3482 486 τὴν
3520 414 3731 485 ὓπαρξιν

499 535 623 576 cum
651 528 878 588 uterque
902 517 971 570 ab
1002 515 1244 586 ingenita
1269 513 1578 568 substantia
1608 510 1870 581 originem
1897 517 2078 563 traxe-

501 611 592 663 rit.
628 607 781 674 Quod
818 607 862 664 si
900 616 1025 660 ante
1072 605 1241 659 Deum
1280 602 1416 657 nihil
1470 601 1693 656 omnino
1731 599 1853 663 fuit,
1887 606 1946 650 ut
1987 612 2075 652 re-

498 715 625 755 vera
656 698 790 752 nihil
827 698 1060 762 exstitit,
1118 695 1261 750 Deus
1295 702 1348 749 et
1393 693 1694 762 ingenitum
1746 691 1884 745 idem
1921 689 2078 760 plane

499 791 832 862 signiﬁcant,
874 804 997 843 cum
1034 787 1215 858 genita
1252 785 1470 841 soboles
1499 783 1798 854 ingenitum
1831 795 1941 835 non
1983 780 2079 839 ad-

497 887 697 938 mittat.
731 879 887 938 Unde
927 897 1052 936 cum
1101 879 1212 936 Deo
1246 892 1309 932 ac
1345 876 1506 932 Patre
1559 891 1660 931 suo
1699 874 1862 930 simul
1893 874 2076 944 appel—

499 976 598 1029 lari
634 989 757 1029 sese
787 989 897 1028 non
931 973 1157 1043 patitur.

977 1085 1291 1156 Confutatio
1321 1080 1479 1136 XXX
1499 1077 1597 1134 VI.

569 1180 609 1234 Ι.
655 1177 811 1232 Unde
867 1177 1084 1232 tandem
1139 1192 1240 1230 nos
1285 1176 1472 1231 Actius
1512 1172 1668 1242 jubet
1708 1187 1897 1227 earum
1939 1186 2078 1241 quas

498 1273 753 1342 proponit
787 1270 1278 1339 interrogationum
1315 1256 1379 1322 ac
1435 1264 1918 1319 ratiocinationum
1952 1277 2076 1318 sen-

499 1379 619 1418 sum
675 1377 740 1416 ac
777 1363 1104 1416 sententiam
1146 1357 1405 1428 assequi?
1435 1354 1493 1410 Si
1543 1371 1611 1410 ex
1641 1353 1978 1425 argumentis
2026 1358 2079 1406 et

499 1454 830 1526 syllogismis
860 1463 1046 1508 censet
1072 1452 1216 1506 istud
1249 1465 1372 1506 esse
1395 1443 2077 1520 querendum,'quidquid

501 1545 793 1614 cogitando
831 1544 1120 1614 quaesitum
1184 1540 1612 1612 indagatumque
1660 1536 1846 1601 fuerit,
1895 1536 1950 1590 in
1995 1534 2078 1589 ni-

503 1637 671 1690 hilum
703 1651 810 1689 una
849 1649 974 1688 cum
1008 1636 1125 1702 ipso
1155 1633 1441 1703 redigitur.
1488 1630 1656 1685 Deum
1696 1628 1844 1682 enim
1894 1627 2077 1682 nullus

498 1742 738 1796 unquam
771 1724 1205 1796 argumentando
1237 1720 1686 1792 comprehendet,
1719 1731 1895 1786 neque
1924 1717 2073 1786 opili-

498 1819 643 1872 cium
673 1815 855 1886 opilici
882 1830 983 1870 suo
1006 1815 1150 1868 dicet
1182 1831 1194 1866 :
1228 1811 1368 1880 Quid
1400 1829 1479 1866 me
1509 1812 1586 1864 ita
1611 1811 1824 1879 fecisti-1’
1850 1817 1910 1862 ut
1951 1807 2080 1863 scri-

500 1917 650 1980 ptum
678 1915 762 1962 est
783 1907 823 1960 ¹.
859 1904 1224 1970 Quamobrem
1261 1905 1347 1972 pia
1396 1910 1577 1955 mente
1607 1906 1660 1954 et
1692 1898 2082 1952 innocentise-

500 2001 736 2056 curitate
759 1999 825 2053 ad
859 1997 1032 2052 sancti
1067 1995 1330 2065 Spiritus,
1360 2009 1480 2064 quae
1510 2008 1605 2063 per
1629 2005 1816 2048 sacras
1843 1989 2080 2044 Litteras

503 2091 770 2163 patefacta
807 2090 966 2144 nobis
992 2097 1099 2152 est,
1135 2087 1444 2141 doctrinam
1479 2083 1818 2139 revocandus
1848 2090 1932 2138 est
1961 2079 2082 2134 ani-

499 2201 646 2240 nms.
685 2182 790 2238 Ubi
818 2198 944 2236 cum
978 2180 1175 2245 solida,
1203 2177 1643 2246 immutabilique
1670 2173 1964 2237 sententia,
1990 2173 2081 2240 qui

501 2284 810 2331 creaturam
856 2273 1070 2336 colunt,
1113 2286 1210 2333 eos
1244 2269 1424 2324 fatuos
1464 2267 1709 2323 redditos
1737 2280 1859 2321 esse
1887 2264 2084 2320 docea-

503 2383 627 2422 mur
651 2369 694 2431 ²,
751 2380 933 2420 nonne
977 2364 1032 2417 in
1093 2362 1240 2423 istud
1292 2363 1474 2433 ipsum
1533 2361 1817 2415 incurrere
1870 2357 2084 2414 videtur

501 2457 694 2513 Aetius
741 2472 805 2510 ac
851 2463 1116 2509 creaturae
1149 2453 1490 2508 divinitatem
1533 2451 1804 2514 tribuere,
1855 2463 2085 2519 eamque

481 2549 823 2628 Ladorat‘ione
873 2562 937 2601 ac
979 2546 1327 2601 veneratione
1367 2544 1646 2616 prosequi,
1697 2558 1820 2599 cum
1870 2543 2083 2598 sincera

502 2642 638 2697 tides
678 2639 1016 2694 adorandum
1059 2653 1087 2690 a
1129 2645 1337 2702 creato,
1389 2645 1635 2691 creatum
1682 2635 1750 2690 ab
1804 2634 2085 2690 adorando

502 2733 792 2804 sejungat?
820 2730 959 2784 Nam
991 2731 1037 2785 si
1073 2731 1208 2784 nihil
1242 2731 1387 2785 inter
1407 2730 1520 2783 haec
1570 2729 1790 2784 intersit
1831 2727 2077 2794 omnino,

501 2826 814 2881 Christiana
843 2824 1035 2893 religio
1062 2823 1200 2876 nihil
1235 2837 1402 2892 supra
1432 2819 1700 2876 creaturae
1727 2829 2083 2875 veneratores

499 2917 764 2974 eximium
806 2923 900 2969 aut
942 2914 1216 2970 excellens
1286 2913 1541 2968 habitura
1591 2919 1698 2976 est,
1749 2918 1912 2982 atque
1941 2911 2087 2980 ejus-

503 3009 650 3065 modi
678 3008 817 3064 ﬁdes
837 3008 1150 3062 idololatria
1183 3005 1387 3076 potius,
1429 3019 1591 3076 quam
1621 3004 1716 3059 Dei
1755 3005 1936 3059 cultus
1964 3017 2088 3058 esse

2180 510 2438 573 λαϐόντος
2465 509 2528 577 ἐξ.
2554 510 2849 580 ἀγεννήτου
2875 508 3082 572 οὐσίας.
3113 507 3175 560 Et
3208 506 3265 560 δὲ
3293 502 3384 558 τοῦ
3415 502 3554 558 Θεοῦ
3590 505 3734 576 μηδὲν

2182 607 2292 674 εἴη,
2321 603 2506 674 ὥσπερ
2533 602 2633 655 οὐκ
2653 600 2821 666 ἔστιν,
2842 601 2869 652 6
2889 599 3021 662 Θεὸς
3050 599 3143 652 καὶ
3163 598 3224 650 τὸ
3248 597 3544 666 ἀγέννητον
3562 597 3735 649 ταυτὸν

2179 693 2351 767 deici,
2388 697 2450 749 οὐ
2480 693 2840 766 προσιεμένου
2871 693 2965 745 τοῦ
2995 693 3333 762 γεννήματος
3353 690 3415 741 τὸ
3441 689 3732 758 ἀγέννητον.

2179 786 2271 840 Διὰ
2318 784 2443 839 οὔτε
2486 783 2951 854 συνεκφωνείσθαι
2976 781 3053 852 τῷ
3091 780 3210 853 Θεῷ
3244 781 3337 834 καὶ
3377 779 3559 850 Πατρὶ
3591 778 3732 833 αὑτοῦ

2179 876 2449 946 ἀνέχεται..

2726 1070 3050 1141 Ἀνατροπῆ
3082 1068 3232 1137 Λ(τί

2251 1171 2329 1224 A'.
2369 1166 2540 1223 Πόθεν
2576 1163 2825 1237 βούλεται
2849 1164 2999 1234 ἡμᾶς
3041 1159 3248 1223 Ἀἑτιος
3285 1155 3734 1230 προσπορίσασθαι

2179 1259 2238 1311 ὲν
2276 1257 2489 1318 ἑαυτοῖς
2521 1253 2613 1307 τὸν
2654 1251 2779 1306 νοῦν
2828 1251 2940 1304 τῶν
2981 1249 3072 1302 ὑπ’
3113 1246 3278 1303 αὑτοῦ
3322 1245 3734 1320 προτεινομένων

2183 1347 2426 1400 πεύσεων
2457 1344 2568 1398 τῶν
2595 1342 2762 1397 αὐτοῦ
2791 1341 3102 1411 λογισμῶν;
3131 1338 3236 1392 Καὶ
3263 1340 3311 1391 εί
3345 1339 3445 1408 μὲν
3476 1337 3735 1406 φάσκειὺι

2181 1438 2456 1508 λογισμῶν
2501 1435 2598 1489 καὶ
2657 1432 3070 1503 συλλογισμῶν,
3103 1431 3352 1483 πεσεῖται
3401 1428 3502 1481 καὶ¹
3537 1424 3683 1498 ἡμῶν
3710 1425 3735 1475 6

2181 1529 2449 1601 πορισμὸς
2479 1528 2584 1599 τῆς
2616 1524 2871 1588 ὑπονοίας
2903 1523 3020 1593 ἅμα
3060 1521 3238 1591 αὐτῷ·
3271 1520 3404 1574 Θεὸν
3444 1519 3554 1589 γὰρ
3583 1516 3734 1579 οὐδεὶς

2185 1620 2551 1691 συλλογίσοιτο
2579 1617 2820 1680 πώποτε,
2853 1614 2977 1670 οὔτε
3010 1615 3125 1685 ἐρεῖ
3149 1612 3213 1666 τὸ
3248 1611 3480 1681 πλάσμα
3523 1609 3598 1680 τῷ
3620 1608 3734 1661 πλά-

2183 1730 2338 1768 σαντι
2354 1729 2366 1742 ·
2395 1713 2453 1765 Τί
2467 1727 2542 1781 με
2554 1709 2743 1774 οὕτως
2753 1706 3076 1774 ὲποίησας;
3093 1703 3232 1758 κατὰ
3247 1703 3312 1755 τὸ
3335 1699 3704 1772 γεγραμμένον
3718 1713 3732 1728 ·

2182 1805 2241 1871 ἐξ
2261 1801 2516 1866 εὐσεϐοῦς
2533 1803 2589 1856 δὲ
2601 1797 2984 1870 λογισμοῦ,καὶ
3007 1795 3218 1859 δικαίας
3240 1792 3544 1862 ἀσφαλείας
3559 1791 3734 1859 ὲπὶτὴν

2180 1896 2274 1950 τοῦ
2292 1895 2448 1964 ἁγίου
2470 1892 2786 1963 Πνεύματος
2812 1889 2900 1944 διὰ
2933 1888 3043 1943 τῶν
3056 1885 3224 1956 ἁγίων
3240 1883 3476 1955 Γραφῶν
3506 1881 3734 1935 διδασκα-

2181 1987 2299 2040 λίαν
2313 1979 2937 2055 ἀνακαμπτέονιΛέξεως
2955 1977 3012 2032 δὲ
3031 1979 3144 2030 ἀπα
3153 1975 3386 2046 ραὸἀτου
3404 1973 3734 2040 διδασκούσης

2183 2078 2330 2149 ἡμᾶς
2350 2076 2480 2147 περὶ
2493 2075 2602 2127 τῶν
2621 2075 2688 2144 τῇ
2705 2072 2879 2124 κτίσει
2889 2068 3322 2142 λατρευσάντων,
3349 2066 3426 2129 ὡς
3452 2067 3478 2117 ὲ
3486 2061 3742 2135 μωράνθη-

2185 2187 2304 2234 σαν,
2330 2166 2444 2230 πῶς
2461 2165 2636 2220 οὐκᾶν
2648 2162 2894 2235 εὑρεθείη
2911 2161 3002 2214 ἐπὶ
3019 2159 3272 2231 κτίσματι
3293 2159 3427 2211 Θεὸν
3442 2155 3736 2227 λαμϐάνειν,

2184 2263 2278 2317 καὶ
2323 2259 2510 2314 τοῦτον
2545 2257 2873 2330 προσκυνεῖν
2914 2270 3004 2317 τε,
3045 2251 3139 2306 καὶ⁵
3183 2250 3503 2322 γεραίρειν;
3534 2249 3628 2318 τῆς
3661 2246 3737 2298 πί-

2185 2369 2357 2416 στεως
2399 2350 2561 2420 φύσει
2601 2343 3086 2419 παρεκϐαλλούσης
3125 2343 3185 2395 τὸ
3232 2339 3604 2413 προσκυνητὸν
3649 2335 3737 2391 ἀπὸ

2183 2444 2278 2498 τοῦ
2313 2440 2556 2505 κτιστοῦ,
2589 2438 2774 2493 καὶτὸ
2823 2435 3045 2491 κτιστὸν
3081 2434 3191 2488 ἀπὸ
3217 2432 3311 2486 τοῦ
3356 2428 3719 2504 προσκυνητοῦ

2184 2536 2294 2589 Καὶ
2323 2533 2456 2608 γὰρ,
2491 2531 2540 2584 εί
2565 2530 2704 2592 ὅλως
2737 2527 2895 2581 τοῦτο
2942 2524 3105 2579 οὐδὲν
3123 2523 3332 2588 διοίσει,
3358 2519 3499 2593 πρὸς
3535 2520 3652 2581 τοὺς
3681 2519 3736 2585 τῇ

2187 2626 2361 2681 κτίσει
2383 2625 2442 2678 τὸ
2491 2622 2654 2684 σέϐας
2688 2619 2953 2690 νέμοντας
2994 2615 3148 2670 οὐδὲν
3184 2614 3486 2685 πρόκριτον
3525 2610 3665 2663 ἔσται
3691 2610 3738 2659 ὲν

2187 2713 2616 2790 Χριστιανισμῷ.
2646 2711 2839 2765 Ἔσται
2873 2709 2930 2762 δὲ
2958 2710 2992 2779 ἡ
3014 2705 3238 2777 τοιαύτη
3271 2705 3457 2783 πίστις
3482 2699 3734 2756 εἰδωλολα-

2187 2811 2344 2883 τρεὶα
2375 2805 2629 2881 μᾶλλονῆ
2659 2801 2962 2858 Θεοσέσεια.
2984 2797 3359 2871 Προσκυνοῦσι
3391 2796 3502 2867 γὰρ
3525 2795 3736 2883 κάκεῖνοι

2186 2882 2356 2976 ἥλιον,
2391 2900 2486 2954 καὶ
2530 2896 2790 2968 σελήνην,
2831 2893 2927 2948 καὶ
2959 2891 3254 2961 δυνάμεις,
3289 2888 3521 2960 οὐρανόν
3564 2901 3619 2938 τε
3661 2882 3736 2936 καί

2187 2973 2314 3066 γῆν,
2347 2989 2530 3047 καὶτὰ
2563 2989 2698 3044 ἄλλα
2733 2986 3028 3057 κτίσματα.
3056 2983 3168 3036 Καὶ
3196 2981 3256 3034 οὺ
3289 2981 3349 3034 τὸ
3381 2980 3628 3048 eis»;on
3649 2973 3736 3026 τῶν

501 3100 837 3173 censebitur.
871 3095 1004 3150 Nam
1027 3103 1082 3152 et
1114 3095 1191 3148 illi
1227 3096 1425 3164 solem,
1460 3096 1667 3157 lunam,
1697 3093 1945 3156 virtutes,
1974 3107 2084 3147 cm-

2191 3085 2507 3157 κτισμάτων
2539 3083 2772 3134 ποιεῖται
2799 3078 2860 3131 τὸ
2905 3075 3116 3146 θαῦμα·
3146 3073 3267 3128 οὐδὲ
3295 3072 3486 3126 διοίσει
3521 3069 3582 3123 τὸ
3617 3066 3717 3132 έξαί

503 3195 616 3246 lum
656 3199 711 3245 et
741 3196 971 3254 terram,
1002 3202 1067 3241 ac
1114 3195 1345 3240 caeteras
1370 3192 1656 3239 creaturas
1694 3182 1957 3247 adorant;
1993 3199 2088 3238 ne-

503 3297 610 3352 que
640 3295 778 3335 vero-
814 3287 1122 3333 creatarum
1163 3292 1343 3330 rerum
1390 3275 1730 3331 admirabilis
1764 3274 2088 3330 excellentia

504 3372 881 3428 diversitatem
909 3368 1065 3424 all'ert
1095 3369 1260 3422 ullam
1284 3385 1298 3432 ;
1328 3382 1504 3437 neque
1531 3367 1675 3436 quod
1709 3366 1920 3422 eximia:
1942 3382 2090 3436 qua:-

502 3463 628 3518 dam
661 3463 795 3527 sint,
842 3461 1008 3516 ullam
1057 3461 1110 3514 in
1157 3459 1384 3514 honoris
1425 3458 1735 3528 aequalitate
1769 3460 2090 3515 varietatem

503 3553 789 3619 inducent,
837 3568 960 3608 cum
1011 3551 1202 3608 eodem
1274 3551 1494 3605 nomine
1545 3551 1951 3615 contineantur,
2009 3557 2093 3603 ta-

507 3646 663 3702 metsi
726 3659 834 3698 una
871 3643 1036 3698 alteri.
1058 3641 1247 3697 multis
1296 3641 1543 3710 partibus
1591 3641 1901 3696 antecellat.
1938 3638 2090 3695 Unus

504 3739 650 3792 enim
672 3735 777 3800 est,
801 3736 893 3806 qui
917 3742 1149 3804 utraque
1172 3733 1394 3788 molitus
1410 3743 1514 3797 est,
1538 3739 1591 3787 et
1614 3732 1907 3801 unicuique
1923 3731 2093 3803 986

507 3848 617 3888 non
661 3831 922 3895 noninis,
957 3831 1050 3884 sed
1101 3829 1426 3885 substantia:
1464 3827 1767 3882 discrimen
1818 3827 2088 3880 attribuit.

508 3921 789 3991 Siquidem
819 3921 1018 3976 creatis
1058 3918 1316 3975 omnibus
1363 3918 1529 3974 rebus
1557 3932 1672 3973 non
1693 3918 1949 3984 liberum,
1993 3916 2090 3972 sed

507 4013 706 4067 servile
728 4003 999 4067 creaturae
1034 4023 1231 4064 nomen
1276 4009 1556 4065 convenit.
1587 4009 1665 4064 Ac
1695 4009 1741 4064 si
1775 4010 1830 4062 in
1866 4022 1976 4062 uno
2002 4023 2093 4078 ge-

507 4119 636 4158 nere
667 4101 813 4174 quod
854 4101 1074 4157 servilis
1121 4099 1460 4156 conditionis
1505 4106 1592 4154 est
1634 4100 1910 4164 adoretur,
1953 4085 2123 4153 nihil.

503 4195 749 4250 obstabit
791 4195 1087 4265 quominus
1128 4200 1183 4249 et
1233 4192 1388 4247 alteri
1425 4192 1634 4263 generi,
1688 4195 1907 4247 tametsi
1952 4192 2093 4247 infe-

504 4289 621 4342 rius
676 4289 768 4352 sit,
822 4285 1072 4340 adoratio
1119 4286 1415 4340 tribuatur.
1479 4283 1712 4356 Equale
1763 4283 1964 4354 quippe
2007 4291 2093 4339 est

503 4379 651 4450 quod
683 4393 806 4432 cum
842 4377 1143 4447 superioris
1171 4377 1383 4432 ordinis
1415 4383 1672 4431 creatura
1705 4375 2091 4445 cognationem

2194 3195 2348 3252 ρετον
2380 3171 2559 3244 ἑαυτῷ
2582 3171 2643 3225 τὸ
2672 3171 2769 3241 τῆς
2796 3167 3084 3238 ὀμοτιμίας
3121 3166 3210 3219 διὰ
3235 3164 3296 3218 τὸ
3323 3162 3626 3234 ὁμώνυμον,
3654 3156 3735 3248 xii»

2188 3248 2248 3324 τε
2288 3262 2837 3339 ὑπερτεταλάντισται
2868 3258 2930 3312 τὸ
2993 3257 3090 3328 μὲν
3133 3255 3242 3310 ἀπὸ
3292 3254 3388 3308 τοῦ
3437 3253 3636 3324 ἑτέρου.
3661 3248 3734 3309 Εἰς

2190 3361 2299 3432 γάρ
2328 3361 2480 3412 ἐστιν
2505 3359 2534 3410 ὁ
2566 3354 2632 3408 τὰ
2656 3352 2942 3424 ἀμφότερα
2966 3349 3219 3420 ποιήσας,
3250 3347 3344 3400 καὶ
3366 3341 3735 3414 ἀποκληρώσας

2191 3452 2406 3522 ἑκάστῳ
2443 3450 2543 3504 οὐκ
2579 3447 2844 3518 ὀνόματος
2883 3439 3261 3514 παραλλαγὴν,
3291 3437 3408 3493 ἀλλ’
3438 3435 3634 3497 οὐσίας.
3665 3432 3736 3484 Ἐν

2197 3547 2369 3602 ἅπασι
2392 3542 2501 3614 γὰρ
2522 3543 2637 3604 τοῖς
2671 3536 3047 3608 κεκτισμένοις
3077 3533 3137 3586 τὸ
3159 3531 3343 3586 δοῦλόν
3382 3535 3500 3584 ἐστι
3519 3526 3607 3582 τοῦ
3641 3525 3713 3578 κτί

2194 3653 2400 3708 σματος
2451 3633 2511 3686 τὸ
2541 3632 2732 3702 ὄνομα,
2785 3628 2901 3683 ἀλλ’
2930 3627 2990 3680 οὐ
3028 3625 3090 3678 τὸ
3127 3621 3434 3693 ἐλεύθερον.
3478 3620 3582 3674 Καὶ
3618 3617 3659 3669 εξ
3690 3615 3735 3665 ἐν

2192 3704 2273 3781 ἑνὶ
2302 3726 2457 3797 μέρει
2482 3723 2544 3777 τὸ
2573 3720 2759 3786 δοῦλον
2791 3718 3201 3790 προσκυνεῖται,
3234 3713 3387 3768 οὐδὲν
3417 3710 3599 3765 διοίσει
3625 3704 3733 3776 πρὸς

2190 3819 2253 3872 τὸ
2285 3817 2419 3873 ἄλλο
2455 3815 2620 3887 μέρος
2651 3814 2685 3884 ἡ
2720 3808 3119 3882 προσκύνησις,
3149 3805 3250 3860 κᾶν
3294 3820 3356 3856 τε
3406 3799 3732 3887 ὑποὸέϐηκεν.

2196 3913 2340 3964 Ἴσον
2385 3886 2494 3978 γάρ
2531 3908 2649 3959 ἐστι
2689 3902 2766 3974 τῷ
2813 3901 3076 3970 ἀνωτάτῳ
3117 3894 3501 3966 ωγγενειὰξον
3542 3891 3613 3961 τῷ
3639 3886 3732 3939 κτί-

2197 4010 2384 4074 σματι,
2419 3999 2479 4065 εξ
2510 3997 2612 4051 οὐκ
2638 3996 2808 4049 ὅντων
2833 3992 2986 4066 παρὰ
3011 3990 3104 4044 τοῦ
3143 3989 3293 4051 δντος
3327 3980 3730 4074 κεκληρωμέρν.

2207 4069 2487 4152 Ἐντεῦθεν
2516 4093 2576 4146 τὸ
2602 4091 2896 4161 ἀγέννητον
2922 4085 3234 4158 συμπρέπει
3257 4080 3399 4151 Θεῷ,
3429 4079 3522 4133 καί
3543 4075 3598 4129 τὸ
3625 4069 3729 4161 Θεὸς

2196 4192 2273 4263 τῷ
2307 4189 2608 4258 ἁγεννήτῳ.
2638 4160 2729 4237 Διὸ
2759 4183 2820 4236 τὸ
2840 4180 3087 4250 γέννημα
3117 4176 3217 4231 οὐκ
3240 4175 3401 4247 ἔργον
3424 4171 3611 4263 φαμὲν,
3635 4160 3730 4263 cii-5's

2198 4253 2428 4353 ποίημα,
2453 4253 2587 4333 ἁλλᾶ
2612 4275 2858 4346 γέννημα
2895 4269 3169 4332 οὐσιωδῶς
3200 4267 3308 4322 ἀπὸ
3335 4262 3546 4336 [ἰατρὸς
3568 4253 3728 4327 ἁχράνε

2197 4387 2304 4434 τως
2331 4385 2558 4439 γεγεννη
2569 4369 2745 4438 μένον.
2766 4361 3049 4434 ὁμοούσιον
3079 4358 3156 4429 τῷ
3177 4355 3354 4426 Παλ-τρὶ⁴
3375 4356 3472 4409 καὶ
3492 4356 3729 4439 capsae-6-

507 4469 691 4532 habet,
725 4476 912 4536 utpote
936 4465 1005 4520 de
1033 4465 1204 4520 nihilo
1225 4467 1294 4519 ab
1325 4479 1410 4527 eo,
1439 4465 1531 4533 qui
1551 4473 1654 4528 est,
1682 4472 1938 4518 naturam
1965 4478 2084 4520 sor-

2199 4461 2427 4531 κυνητὸν
2452 4501 2466 4526 ,
2501 4459 2596 4511 καὶ
2625 4458 2687 4510 τὸ
2725 4455 2880 4524 arm
2923 4449 3147 4521 Πνεῦμα
3199 4447 3268 4512 ἐξ
3308 4444 3496 4507 αὐτοῦ,
3529 4438 3610 4494 καὶ
3652 4431 3726 4532 OE!

506 4557 689 4610 titum.
725 4555 864 4609 Hinc
913 4563 968 4608 et
1011 4555 1314 4626 ingenitum
1369 4553 1500 4617 Deo,
1547 4563 1603 4607 et
1649 4551 1794 4608 Deus
1847 4553 2088 4623 ingenito

505 4646 780 4715 congruit.
814 4644 998 4711 Quare
1020 4645 1257 4714 genitam
1290 4644 1532 4699 sobolem
1566 4657 1836 4712 nonopus
1871 4643 2091 4714 aliquod

505 4739 763 4800 dicimus,
803 4745 896 4790 aut
925 4735 1178 4790 eﬂ‘ectum
1209 4735 1526 4805 quidpiam;
1573 4733 1667 4788 sed
1700 4733 1966 4798 sobolem,
2001 4751 2093 4790 na-

505 4829 758 4884 turaliter
799 4845 827 4881 a
869 4827 1028 4882 Patre
1073 4827 1190 4882 sine
1247 4827 1366 4880 labe
1415 4825 1790 4896 progenitam,
1842 4826 2090 4895 ejusdem

507 4937 632 4976 cum
665 4920 827 4975 Patre
865 4917 1209 4981 substantiae,
1261 4933 1324 4971 ac
1358 4916 1523 4971 simul
1554 4913 1921 4982 adorandum;
1966 4915 2088 4987 Spi-

2197 4521 2507 4624 ἀλλότριον,
2533 4550 2613 4604 διὸ
2654 4550 2749 4602 καὶ
2775 4521 3290 4617 νσυμπροσκυνητόν.
3331 4538 3528 4606 Ἐτέρῳ

2197 4613 2567 4716 κεκτισμένίυν
2591 4642 2648 4695 τὸ
2672 4639 2804 4702 Θεὸς
2845 4613 3014 4708 δνομα
3039 4635 3099 4688 οὐ
3120 4634 3559 4700 συνεκφωπίται,
3582 4619 3655 4673 διὰ
3680 4613 3726 4665 τὸ

2200 4733 2566 4809 μετηλλάχθαι
2611 4731 2734 4803 ’τῆς⁸
2753 4727 3102 4798 ὰγεννησίας,
3133 4725 3215 4778 ὅτι
3246 4722 3308 4785 ἐξ
3333 4720 3436 4773 οὐκ
3481 4718 3628 4809 ὀντων

2195 4793 2476 4899 ὲλήρωταῖ
2496 4826 2556 4878 τὸ
2579 4793 2739 4876 εἶναιξ
2861 4819 2916 4872 δὲ
2943 4793 3114 4890 ⁵Γριὰς
3140 4815 3253 4884 ἔχει
3280 4812 3341 4866 τὸ
3372 4811 3462 4864 ἀεὶ
3491 4803 3626 4864 εἶναι,
3653 4793 3720 4850 καὶ

2193 4922 2292 4991 οὐχ
2323 4919 2506 4990 ἕτερόν
2530 4933 2584 4969 τι
2620 4914 2772 4979 Θεὸς,
2802 4912 2896 4966 καὶ
2924 4911 3110 4980 ἕτερον
3149 4908 3208 4960 τὸ
3238 4905 3540 4973 ἀγέννητον.

506 5015 672 5069 ritum
728 5027 856 5068 vero
902 5020 1154 5066 sanctum
1206 5011 1274 5064 ah
1345 5009 1436 5062 illo
1495 5009 1901 5080 procedentem,
1945 5028 2046 5068 nec
2102 5017 2362 5079 alienum,
2411 5012 2481 5067 oh
2527 5011 2691 5079 idque
2738 5007 2900 5061 simul
2940 5003 3301 5059 adorandum.
3350 4999 3602 5053 Caeterum
3648 4978 3719 5038 Dei
3788 4995 3789 5004 ‘

507 5124 706 5163 nomen
743 5116 1054 5162 creata-rum
1082 5119 1265 5160 rerum
1306 5104 1439 5157 nulli
1471 5104 1814 5170 conceditur,
1851 5121 1918 5162 eo
1946 5109 2091 5177 quod
2128 5112 2196 5165 ab
2231 5077 2457 5179 ingeniti
2505 5077 3159 5174 proprietate-discrepet,
3202 5091 3458 5163 quoniam
3518 5102 3542 5141 e
3590 5077 3719 5135 nihilo

508 5217 566 5262 ut
594 5213 742 5263 esset
783 5203 1036 5260 obtinuit.
1088 5203 1156 5255 At
1185 5201 1425 5255 Trinitas
1476 5202 1808 5270 sempiterna
1841 5211 1946 5268 est,
1985 5219 2088 5260 nec
2123 5205 2271 5260 aliud
2295 5202 2554 5273 quiddam
2584 5199 2727 5253 Deus
2747 5204 2852 5257 est,
2885 5191 3045 5248 aliud
3066 5189 3386 5261 ingenitum.

581 5295 644 5349 ll.
684 5293 766 5348 Tu
794 5308 925 5348 vero
953 5291 1172 5354 Filium,
1206 5290 1352 5357 Aeli,
1380 5287 1663 5345 irridendo
1703 5290 1935 5354 scilicet,
1976 5306 2084 5346 non

509 5389 649 5442 bona
682 5385 805 5451 ﬁde,
833 5401 862 5438 a
898 5383 1056 5438 Patre
1073 5383 1316 5453 genitum
1350 5381 1606 5437 alIirmas.
1640 5382 1915 5452 Quidquid
1940 5385 2084 5440 enim

510 5479 752 5546 genitum
779 5483 883 5538 est,
913 5480 1155 5528 creatum
1190 5487 1298 5527 non
1323 5480 1428 5536 est,
1456 5483 1509 5528 et
1540 5473 1805 5543 quidquid
1840 5481 2085 5530 creatum

511 5576 614 5632 cst,
664 5581 770 5620 non
815 5575 896 5621 est
943 5566 1205 5636 genitum.
1257 5564 1414 5631 Quod
1453 5565 1499 5620 si
1543 5565 1599 5620 id
1649 5567 1792 5636 quod
1824 5564 2084 5641 genitum,

587 5726 603 5756 ⁸
634 5722 794 5778 Rom.
826 5738 900 5789 ιιι,
931 5723 1020 5778 ‘20.
1098 5726 1116 5757 ¹
1151 5722 1308 5778 Rom.
1338 5738 1374 5787 ι,
1404 5723 1494 5777 22.

2267 5262 2344 5346 3:.
2380 5287 2769 5360 Συνομολογεῖς
2809 5284 2889 5350 δὲ,
2945 5281 3138 5344 Ἀέτιε,
3164 5279 3255 5333 τὸν
3295 5276 3420 5330 Υἱὸν
3452 5276 3508 5327 ὲκ
3543 5262 3714 5360 Πατρὶς

2195 5353 2584 5453 γεγεννῆσθαι,
2610 5353 2882 5450 εἰρωνείᾳ,
2908 5375 3001 5428 καὶ
3031 5374 3131 5426 οὐκ
3164 5369 3404 5442 ἀληθείᾳ,
3437 5368 3539 5421 Πᾶν
3565 5359 3652 5429 γὰρ

2198 5446 2454 5546 γεννητὸν
2481 5472 2543 5524 οὐ
2575 5446 2809 5535 κτιστὸν,
2840 5446 2935 5522 κα)⁸
2965 5468 3028 5520 τὸ
3057 5466 3272 5520 κτιστὸν
3303 5465 3364 5517 οὐ
3393 5456 3636 5532 γεννητόν.
3662 5446 3708 5546 ξι

2196 5566 2252 5620 δὲ
2303 5565 2364 5618 τὸ
2421 5563 2673 5635 γεννητὸν
2724 5561 2970 5629 κτιστὸν,
3007 5559 3127 5614 κατ’
3179 5558 3337 5614 ἄλλον
3388 5555 3568 5626 τρόπον
3598 5537 3714 5598 ἐστὶ*
