3790 6212
27 281 138 338 6‘29

625 275 995 333 ADVERSUS
1032 276 1374 334 Η.Έῆεὸεὸ
1413 275 1542 333 LIB.
1584 277 1636 332 ll?

1810 274 1872 332 Μ.
1911 275 1950 333 1.
1985 301 2058 320 -
2099 273 2376 332 HAERES.
2409 273 2648 332 LXXVI.

3192 281 3315 338 630.

29 395 270 451 κτιστύν.
301 393 386 456 Ὦς
412 389 522 448 οἷόν
552 395 698 448 ἐστιν
722 396 919 458 εἰπεῖν,
937 394 1034 449 ἀνθ
1045 411 1214 466 ρωποι
1230 395 1498 465 γεννῶσιν
1521 397 1612 450 ἁν-

1813 405 1960 450 atum
2019 395 2183 450 etiam
2221 403 2343 458 est,
2393 401 2636 448 creatum
2697 394 2805 450 alio
2857 397 3017 450 modo
3071 396 3294 453 dicitur.

26 487 305 559 θρὼπους,
329 485 441 540 ἀλλ’
461 487 522 539 οὑ
559 484 861 548 κτίζουσιν⁸
892 479 1038 539 οὗτοι
1071 487 1128 541 δὲ
1151 487 1356 540 ἄνωθεν
1385 489 1450 540 ἐκ
1476 487 1610 540 Θεοῦ

28 581 131 633 εἱσι
147 577 516 650 κεκτισμὲνοι·
537 577 618 630 διὸ
637 578 816 640 αὑτοῖς
830 577 898 630 τά
914 578 1012 649 μὲν
1036 578 1350 649 γεννώμενα
1365 580 1614 650 γεγέννη-

27 688 112 722 ται
137 686 152 701 ο
186 669 338 741 παρά
361 669 498 722 Θεοῦ
515 668 572 722 δὲ
599 669 672 722 τὰ
698 669 873 722 πάντα
903 669 1206 726 κέκτισται.
1227 671 1360 725 Θεοῦ
1389 673 1445 725 δὲ
1463 672 1612 735 ὄντος

27 761 148 815 aut!
155 777 306 825 στου,
324 759 681 830 γεννήσαντος
699 759 756 812 δὲ
768 760 945 832 ἑαυτῷ
958 761 1107 825 Υίὸν,
1122 762 1214 816 καὶ
1229 763 1288 815 οὑ
1307 763 1610 825 κτίσαντος,

28 853 119 920 οὐχ
135 851 228 903 ἒτε
235 868 328 922 ρον
344 852 508 922 γεννᾷ
523 849 675 922 παρά
691 850 788 922 τὴν
803 850 967 904 αὑτοῦ
985 852 1194 907 οὐσίαν.
1215 853 1338 916 Πῶς
1352 849 1444 908 οὖν
1461 853 1612 907 ἔσται

27 944 84 996 τὸ
125 941 187 1007 ἐξ
237 942 400 996 αὑτοῦ
435 943 682 1013 γέννημα
720 942 959 1007 κτιστὸν,
997 943 1089 996 τοῦ
1125 943 1338 1016 Πατρὸς
1358 945 1612 998 ἀκτίστου

29 1033 367 1103 ὑπάρχοντος
384 1050 398 1097 ;
416 1031 478 1084 Εἰ
497 1032 559 1085 δὲ
585 1031 940 1104 κτιστὸν-παρ
966 1035 1114 1107 αὑτῷ
1129 1035 1189 1089 τὸ
1213 1034 1622 1107 γέννημα,οὑκ-

30 1130 107 1183 ἐτι
183 1125 426 1195 γέννημα
456 1123 714 1178 καλεῖται.
739 1124 849 1177 Καὶ
879 1124 1046 1196 πολλή
1079 1128 1194 1178 ἐστι
1224 1126 1359 1196 πρὸς
1381 1125 1478 1196 τὴν
1500 1144 1612 1179 τοι·

31 1218 198 1286 αὐτην
224 1217 326 1286 τῆς
369 1217 598 1281 ἀτοπίας
634 1218 889 1271 ὑπόνοιαν
919 1217 1216 1286 ἀντιλογία.
1256 1219 1523 1288 Ἀπρεπὲς
1557 1218 1615 1271 δὲ

31 1309 122 1360 καὶ
142 1306 270 1378 Θεῷ
293 1308 354 1361 τὸ
382 1303 521 1361 εἷναί
549 1325 677 1362 ποτε
699 1307 826 1362 ἀνευ
844 1309 996 1375 Υίοῦ,
1015 1308 1314 1381 ὓστερον-δὲ
1335 1308 1614 1362 καλεῖσθαι

36 1401 252 1472 Πατέρα
299 1402 438 1472 μετὰ
480 1401 630 1455 Υίόν.
687 1402 798 1455 Καὶ
832 1402 1082 1472 ἀπρεπὲς
1110 1401 1188 1473 τῷ
1220 1401 1334 1472 mp
1371 1401 1432 1454 τὸ
1476 1397 1616 1455 εἶναι

34 1495 137 1564 πρὸ
180 1493 352 1547 αὑτοῦ
385 1494 604 1568 χρόνον·
636 1493 788 1548 ἔσται
829 1493 940 1564 γὰρ
977 1494 1006 1546 ό
1049 1493 1240 1564 χρόνος
1275 1491 1475 1563 μείζων
1517 1492 1616 1562 τῆς

36 1584 194 1640 αὑτοῦ
256 1586 710 1657 μεγαλειότητος·
770 1588 1204 1657 συμπρεπόντως
1237 1583 1294 1636 δὲ
1336 1582 1509 1653 Harp!
1556 1584 1618 1636 τὸ

37 1680 119 1733 ἀεὶ⁵
150 1677 302 1749 ἔχειν
338 1680 398 1732 ὲν
443 1678 734 1748 ταυτότητι
774 1677 881 1732 τῶν
913 1677 1238 1747 ἀξιωμάτων
1271 1674 1333 1727 τὸ
1379 1673 1618 1728 ἀνέκλειο

1718 485 1854 540 Nam
1879 487 2112 556 exempli
2136 485 2594 556 gratia,homines
2625 485 2853 555 gignunt
2882 486 3152 553 homines,
3186 503 3297 544 non

1719 587 1944 645 creant;
1996 578 2092 634 sed
2151 579 2280 632 olim
2327 592 2356 630 a
2391 575 2502 630 Deo
2548 577 2718 631 creati
2760 585 2908 632 sunt.
2949 577 3131 644 Quare
3179 595 3299 650 qua:

1719 673 2036 745 gignuntur,
2069 671 2139 725 ab
2179 671 2288 724 illis
2317 670 2637 740 gignuntur,
2675 683 2705 722 a
2734 667 2846 724 Deo
2875 684 3004 724 vero
3039 671 3298 727 universa

1720 771 1905 819 creata
1940 772 2086 818 sunt.
2135 762 2238 818 Sed
2287 775 2410 816 cum
2457 759 2602 815 Deus
2630 760 2908 816 increatus
2954 762 3046 827 sit,
3093 777 3157 817 ac
3197 764 3308 818 sibi

1721 855 1922 910 Filium
1969 863 2212 926 generet.
2249 869 2358 908 non
2385 859 2660 924 procreet,
2706 867 2814 906 non
2860 867 2984 908 eum
3023 853 3199 924 gignit
3235 855 3302 909 ab

1721 948 2034 1005 substantia
2078 961 2178 1002 sua
2221 945 2522 1000 diversum.
2563 943 2838 1010 Quocirca
2880 942 3072 999 ﬁerine
3101 951 3296 1014 potest,

1721 1048 1782 1094 ut
1818 1039 1962 1110 quod
1998 1039 2067 1094 ab
2093 1039 2214 1108 ipso
2256 1038 2770 1108 gignitur,creatum
2802 1035 2895 1100 sit,
2933 1051 3056 1091 eum
3087 1035 3303 1090 increa-

1721 1138 1813 1185 tus
1843 1131 1914 1186 sit
1952 1127 2306 1184 l’ateriNam
2353 1129 2399 1184 si
2433 1136 2653 1182 creatus
2684 1137 2768 1182 est
2805 1127 2898 1196 qui
2948 1127 3090 1196 apud
3125 1128 3303 1196 ipsum

1721 1229 1812 1277 est
1843 1221 2085 1292 genitus,
2117 1235 2226 1274 non
2262 1229 2343 1274 est
2378 1217 2524 1288 quod
2559 1217 2797 1286 amplius
2826 1217 3042 1286 genitus
3067 1217 3302 1272 dicatur.

1723 1313 1890 1368 Multa
1922 1320 2198 1382 suntquae
2223 1309 2488 1366 adversus
2523 1317 2634 1363 tam
2669 1309 2962 1364 absurdam
2993 1309 3305 1379 opinionem
3332 1308 3336 1312 ’

1722 1404 1989 1474 disputari
2017 1410 2267 1472 possunt.
2304 1401 2408 1456 Sed
2440 1401 2497 1454 in
2520 1401 2714 1471 primis
2743 1399 3028 1470 indignum
3063 1399 3172 1455 Deo
3197 1410 3304 1463 est,

1724 1504 1785 1548 ut
1816 1495 1936 1550 sine
1964 1493 2105 1549 Filio
2137 1492 2412 1550 exstiterit
2442 1492 2762 1561 aliquando,
2795 1500 2910 1546 tum
2961 1499 3150 1562 postea
3185 1501 3308 1562 post

1724 1585 1847 1641 Filii
1883 1595 2132 1641 exortum
2170 1585 2333 1641 Pater
2359 1584 2627 1655 appellari
2672 1585 2920 1656 ceperit.
2957 1581 3223 1638 Similiter
3256 1595 3308 1639 et

1725 1676 2010 1748 indignum
2038 1675 2179 1731 Filio
2212 1685 2315 1744 est,
2344 1677 2422 1730 uti
2449 1685 2665 1746 tempus
2699 1677 2874 1747 ipsius
2909 1675 3176 1746 originem
3209 1690 3307 1728 an-

37 1786 166 1824 ’πτον
201 1770 301 1824 καὶ
329 1769 518 1822 ἀΐδιον.
561 1768 670 1822 Καὶ
718 1768 800 1822 ὅτι
831 1767 937 1839 πρὸ
990 1765 1125 1820 Θεοῦ
1157 1765 1309 1818 οὑδὲν
1336 1759 1424 1835 ἦν,
1463 1762 1622 1833 δῆλον

1815 1769 2048 1836 esserit;
2089 1784 2436 1840 consequens
2470 1768 2617 1824 enim
2645 1776 2730 1825 est
2772 1777 2989 1838 tempus
3022 1768 3309 1838 majestate

43 1861 213 1916 τοῦτο.
249 1861 327 1914 Τὸ
354 1861 487 1923 Θεὸς
521 1859 720 1925 τοίνυν,
749 1859 824 1922 ὡς
855 1858 958 1931 ἔφη
997 1857 1221 1921 Ἀέτιος,
1250 1856 1428 1909 καὶτὸ
1459 1855 1618 1923 ἀγέν-

45 1970 198 2022 νητον
227 1951 426 2006 ταυτόν
473 1953 589 2004 ἐστι
635 1949 848 2021 δηλοῦν.
891 1948 1000 2002 Καί
1047 1965 1164 2012 πως
1217 1947 1410 2002 ἑαυτοῦ
1445 1963 1617 2001 κατα-

45 2046 252 2098 πλὲκων
293 2046 606 2115 κατηγορεῖ,
645 2041 844 2114 μᾶλλον
1006 2041 1150 2112 ἤπερ
1186 2039 1519 2096 συνίσταται.
1557 2040 1622 2092 El

45 2137 145 2207 γὰρ
166 2136 260 2188 σὺν
277 2131 400 2204 Θεῷ
437 2133 494 2186 τὸ
512 2133 645 2197 Θεὸς
673 2174 688 2196 ,
717 2131 792 2194 ὡς
821 2131 915 2184 καὶ
953 2130 1090 2195 ἔστι,
1115 2129 1211 2184 καὶ
1243 2129 1308 2182 τὸ
1327 2128 1620 2199 ἀγέννητον

49 2225 328 2295 προσίεται
372 2230 465 2277 τὸν
511 2221 770 2292 γεννητὸν
797 2221 961 2274 Υἱόνο
1013 2219 1124 2291 ἔχει
1156 2219 1264 2290 γὰρ
1305 2237 1621 2291 συμπεριει-

48 2313 336 2383 λημμένως
368 2312 426 2365 τὸ
443 2309 578 2376 Θεός
607 2327 619 2341 ⁸
657 2313 1082 2380 ωνεκφωνείται
1113 2311 1170 2364 δὲ
1209 2311 1286 2382 τῷ
1313 2310 1487 2381 Πατρι
1519 2311 1626 2364 ἀπὸ

51 2404 130 2455 τοῦ
153 2403 285 2467 Θεὸς
320 2443 336 2467 ,
367 2402 460 2455 καὶ
489 2402 770 2464 ἀκτιστος,
801 2401 897 2455 καὶ
943 2402 1040 2454 σὺν
1091 2401 1266 2472 Πατρὶ
1318 2398 1627 2472 τιμώμενος

49 2493 166 2557 Θεὸς
208 2495 408 2560 Λόγος,
439 2493 540 2546 κᾶν
563 2508 621 2543 τε
655 2491 734 2562 τῷ
767 2491 958 2563 ’Λετίῳ
987 2490 1146 2544 τοῦτο
1171 2491 1244 2563 μὴ
1272 2491 1624 2563 παρίσταται,

52 2583 146 2635 τῶν
194 2584 418 2636 πάντων
471 2582 786 2654 κτισμάτων
827 2581 942 2653 Υίῷ
998 2583 1474 2655 προσκυνούντων,
1529 2585 1628 2638 καὶ

53 2675 240 2742 ,τάσης
280 2677 572 2744 γλώσσης
614 2674 1204 2744 ἑξομο.ἰογοι.νμένης,
1251 2675 1340 2729 ὅτι
1391 2677 1628 2743 Ἰησοῦς

53 2768 296 2835 Χριστὸς
321 2770 412 2834 εἰς
449 2766 638 2831 δόξαν
671 2767 817 2821 Θεοῦ
846 2766 1098 2836 Πατρός,
1131 2761 1174 2836 ᾧ
1220 2769 1254 2839 ἡ
1294 2766 1419 2831 δόξα
1451 2769 1626 2838 Πατρῑ

57 2864 106 2912 ὲν
147 2859 276 2930 Υίῷ,
333 2862 428 2914 σὺν
451 2860 592 2931 ἀγίῳ
636 2859 937 2931 Πνεὺματι,
977 2861 1057 2922 είς
1097 2843 1224 2924 τοὺς
1272 2859 1473 2923 αἰῶνας
1516 2859 1624 2914 τῶν

59 2953 270 3006 αἰώνων.
314 2955 512 3024 Ἀμήν.

1720 1860 1874 1916 illius
1904 1876 2028 1917 esse
2059 1861 2274 1930 majus;
2323 1869 2376 1916 et
2423 1874 2552 1914 vero
2585 1857 2731 1914 Patri
2769 1873 3078 1930 congruens
3108 1866 3213 1921 est,
3249 1846 3310 1911 ut

1723 1951 1780 2005 in
1810 1950 2056 2020 ejusdem
2091 1949 2481 2004 communione
2515 1948 2802 2019 dignitatis
2827 1947 3148 2019 participem
3183 1962 3309 2002 eum

1725 2056 1943 2112 semper
2005 2041 2279 2106 habuerit,
2323 2040 2416 2111 qui
2465 2039 2717 2095 desinere
2771 2054 3051 2108 nunquam
3109 2047 3308 2109 potest,

1725 2139 1922 2202 estque
1963 2132 2351 2202 sempiternus.
2406 2130 2564 2198 Quod
2607 2145 2738 2184 vero
2808 2129 2917 2185 Deo
2965 2129 3099 2184 nihil
3155 2130 3312 2200 prius

1721 2222 1999 2279 exstiterit
2032 2221 2544 2277 manifestissimum
2578 2228 2684 2276 est.
2713 2219 2956 2284 Atenim,
2991 2220 3067 2275 ait
3094 2220 3310 2286 Aetius,

1724 2311 1869 2370 Deus
1922 2320 1976 2368 et
2025 2312 2326 2384 ingenitum
2369 2312 2512 2367 idem
2547 2311 2774 2366 omnino
2823 2310 3164 2380 signiﬁcant;
3202 2308 3312 2366 Ve-

1728 2421 1847 2460 rum
1891 2388 2056 2475 quam
2105 2412 2294 2476 aperte
2341 2404 2697 2475 semetipsum
2743 2403 3030 2474 implieans
3089 2410 3316 2458 accusat

1727 2496 1927 2566 potius,
1963 2495 2127 2566 987
2157 2510 2320 2565 quam
2374 2494 2570 2566 dogma
2614 2510 2774 2549 suum
2819 2495 3128 2550 conﬁrmet.
3175 2491 3313 2548 Nam

1727 2589 1774 2644 si
1809 2603 1933 2642 cum
1971 2587 2079 2642 Deo
2126 2585 2269 2642 Deus
2297 2593 2402 2653 est,
2444 2594 2503 2640 ut
2533 2593 2618 2642 est
2645 2601 2860 2652 revera,
2898 2586 3063 2641 etiam
3103 2585 3316 2656 ingeni-

1733 2685 1849 2733 tum
1895 2678 2133 2749 genitum
2165 2675 2363 2730 Filium
2413 2676 2673 2742 admittit,
2704 2677 2796 2748 qui
2851 2676 2944 2733 Dei
2983 2677 3314 2732 vocabulum

1735 2784 1844 2824 una
1879 2769 2280 2840 complectitur,
2310 2783 2436 2822 cum
2483 2765 2648 2823 Patre
2694 2784 2824 2826 vero
2871 2769 3035 2824 simul
3073 2768 3316 2840 appella-

1733 2873 1842 2926 tur,
1873 2869 1927 2915 et
1953 2861 2327 2932 conjungitur,
2359 2867 2584 2916 exortus
2615 2875 2645 2914 a
2679 2860 2808 2923 Deo,
2837 2870 2890 2918 et
2925 2861 3226 2926 increatns,
3261 2869 3317 2915 et

1731 2954 2037 3008 honoratus
2070 2967 2193 3007 cum
2237 2952 2397 3006 Patre
2429 2951 2593 3017 Deus,
2627 2951 2881 3023 idemque
2907 2951 3181 3016 Verbum;
3210 2950 3316 3006 etsi

60 3045 198 3097 aliter
228 3045 390 3098 Aetio
431 3045 698 3108 videatur,
726 3059 849 3098 cum
877 3050 1074 3098 creatae
1121 3057 1208 3098 res
1248 3058 1440 3100 omnes
1467 3045 1664 3099 Filium
1707 3045 1959 3110 adorent,
1986 3055 2033 3099 et
2060 3045 2228 3099 omnis
2265 3044 2446 3115 lingua
2483 3045 2819 3115 conﬁteatur,
2863 3045 3114 3115 quoniam
3156 3041 3316 3098 Iesus

63 3135 284 3190 Christus
310 3137 365 3190 in
395 3137 568 3207 gloria
584 3145 660 3191 est
685 3135 779 3191 Dei
807 3135 992 3190 Patris
1017 3137 1037 3167 ’
1071 3154 1084 3188 :
1117 3136 1203 3190 cui
1238 3137 1408 3208 gloria
1435 3136 1576 3191 Patri
1615 3138 1668 3194 in
1724 3138 1883 3203 Filio,
1912 3154 2036 3193 cum
2077 3137 2286 3208 Spiritu
2336 3143 2548 3204 sancto,
2601 3138 2656 3192 in
2711 3139 2909 3194 saecula
2966 3138 3318 3194 saeculorum.

64 3231 232 3286 Lmen.

156 3344 260 3398 Τοῦ
306 3343 528 3397 Ἀετίου
566 3341 829 3396 ἐνταῦθα
847 3340 1012 3394 τελεῖ
1038 3341 1055 3372 ¹
1087 3341 1154 3395 τὸ
1192 3340 1503 3411 ὲρῤῶσθαι.

136 3434 508 3507 Ἕρρωμένους
547 3435 641 3486 καὶ
677 3435 997 3505 ἐρρωμένας
1028 3435 1172 3504 ὑμᾶς
1202 3435 1231 3486 ὁ
1263 3434 1339 3488 ὢν
1372 3435 1630 3504 αὐτογέν-

66 3545 204 3598 νητος
246 3527 402 3589 Θεὸς,
455 3529 484 3580 δ
524 3527 620 3580 κα)⁸
677 3527 837 3597 μόνος
881 3525 970 3580 διά
1015 3527 1174 3581 τοῦτο
1222 3527 1473 3598 ἀληθινὸς
1502 3528 1633 3592 Θεὸς

69 3617 515 3690 προσαγορευθεὶς
561 3618 666 3672 ὑπὸ
702 3616 798 3672 τοῦ
845 3619 1241 3682 ἀποσταλέντος
1286 3620 1459 3692 Ἰησοῦ
1495 3621 1632 3692 Χρι-

72 3709 201 3770 στοῦ,
229 3709 565 3772 ὑποστάντος
601 3725 661 3762 τε
687 3708 906 3779 ἀληθῶς
941 3711 1047 3780 πρὸ
1087 3710 1318 3775 αἰώνων,
1348 3711 1442 3765 καὶ
1484 3711 1635 3775 ὄντος

71 3802 316 3872 γεννητῆς
344 3800 722 3866 ὑποστάσεως,
749 3801 1071 3874 διατηρήσει
1115 3803 1224 3856 ἀπὸ
1248 3802 1346 3872 τῆς
1381 3801 1633 3866 ἀσεϐείας

72 3892 120 3942 ὲν
159 3890 375 3962 Χριστῷ
431 3891 605 3962 Ἰησοῦ
652 3891 733 3963 τῷ
784 3893 999 3965 Σωτῆρι
1054 3892 1240 3964 ἡμῶν·
1291 3891 1355 3947 δι’
1389 3885 1451 3946 οὗ
1485 3894 1634 3947 πᾶσα.

71 3983 179 4047 δόξα
197 3983 269 4055 τῷ
287 3983 411 4055 Θεῷ
430 3984 524 4038 καὶ
544 3985 740 4056 Πατρι,
757 3985 849 4038 καὶ
872 3985 986 4051 νῦν,
1009 3985 1124 4059 [καὶ
1141 3985 1276 4058 dab]
1299 3987 1393 4042 καὶ
1412 3987 1491 4051 είς
1509 3987 1635 4050 τοὺς

75 4074 250 4139 αἰῶνας
279 4075 387 4128 τῶν
417 4074 648 4131 αἰώνων.
691 4075 882 4148 Ἀμήν.

403 4333 410 4340 .
679 4283 1033 4353 Ἀνατροπή.

137 4373 236 4426 Καὶ
263 4374 357 4427 ἐπὶ
403 4372 483 4443 τῷ
513 4373 655 4426 τέλει
701 4374 731 4425 ὁ
779 4373 1004 4438 ’Δὲτιος,
1035 4373 1262 4442 γράφων
1315 4373 1394 4446 τῷ
1439 4375 1634 4430 ἑαυτοῦ

85 4463 250 4538 θιάσῳ,
279 4464 359 4532 οἷς
385 4458 489 4539 ἔφη
517 4467 776 4538 ἀθληταῖς
803 4483 863 4520 τε
897 4466 992 4520 καὶ
1017 4467 1355 4538 ἀθλητρίαις,
1404 4468 1504 4522 οὑκ
1535 4470 1641 4522 ἀπ-

89 4557 275 4611 ελίπετο
319 4560 422 4630 τῆς
461 4558 716 4630 τοιαύτης
750 4557 859 4612 τῶν
899 4557 1074 4626 λόγων
1128 4558 1462 4630 μοχθηρίας,
1504 4557 1642 4612 ἀλλά

2085 3349 2226 3404 Aetii
2266 3347 2525 3404 salutatio
2555 3346 2607 3400 in
2635 3346 2740 3416 ﬁne
2767 3345 2962 3414 posita.

1807 3435 1934 3493 Post
1964 3437 2080 3494 hazc
2113 3439 2501 3494 salutationem
2536 3433 2781 3490 subtexit
2812 3433 2898 3488 his
2929 3432 3110 3487 verbis
3139 3430 3338 3488 :Deus~

1736 3529 1846 3591 ille,
1879 3532 1975 3598 qui
2007 3544 2036 3584 a
2067 3525 2219 3583 nullo
2263 3531 2371 3584 alio
2408 3527 2624 3599 genitus
2655 3534 2762 3590 est,
2811 3525 3014 3596 quique
3045 3525 3197 3580 solus
3223 3540 3322 3580 ve-

1736 3637 1830 3677 rus
1879 3620 2022 3677 Deus
2064 3622 2135 3677 ab
2156 3619 2288 3677 Jesu
2322 3620 2566 3681 Christo,
2617 3632 2778 3688 quem
2810 3615 2904 3672 ille
2934 3615 3181 3680 miserat,
3221 3631 3321 3686 ap-

1738 3712 1972 3783 pellatus
2018 3720 2102 3767 est
2125 3711 2169 3777 ³,
2214 3709 2460 3773 Christo,
2503 3708 2750 3778 inquam,
2807 3705 2902 3776 qui
2954 3719 3148 3760 revera
3192 3713 3322 3761 ante

1737 3806 1939 3859 saecula
1986 3803 2171 3858 omnia
2219 3801 2454 3868 exstitit,
2506 3807 2700 3868 estque
2749 3796 2870 3853 sine
2918 3795 3088 3851 dubio
3136 3795 3321 3866 genita
3360 3809 3362 3812 '

1736 3893 2072 3958 substantia,
2122 3905 2290 3948 sanos
2339 3905 2457 3955 vos,
2493 3897 2546 3943 et
2589 3895 2859 3950 sanas,‘et
2901 3885 3207 3941 incolumes
3249 3885 3321 3939 ab

1737 3985 2022 4056 impietate
2054 3981 2354 4046 custodiat,
2385 3980 2442 4035 in
2469 3977 2688 4034 Christo
2701 3973 2991 4031 Servatore
3005 3982 3211 4039 nostro,
3225 3987 3323 4044 per

1737 4090 1900 4146 quem
1935 4073 2117 4128 omnis
2144 4070 2318 4143 gloria
2347 4068 2520 4134 Patri,
2553 4077 2608 4123 et
2636 4081 2781 4122 nunc
2809 4071 2871 4120 et.
2895 4078 3133 4134 semper,
3176 4071 3231 4120 et
3263 4063 3324 4120 in

1739 4164 1940 4222 Saecula
1969 4161 2316 4219 saeculorum.
2349 4159 2546 4213 Amen.

2367 4268 2699 4324 Confutatio.

2367 4268 2699 4339 Confutatio.

1813 4366 1930 4422 Sub
1957 4362 2208 4436 opusculi
2248 4361 2410 4416 ﬁnem
2441 4360 2509 4415 ad
2537 4358 2754 4415 sodales
2780 4353 3319 4413 suos-scribens-Ae-

1739 4460 1870 4523 tius,
1910 4472 2050 4529 quos
2096 4455 2351 4515 athletas.
2390 4460 2446 4509 et
2480 4450 2766 4506 athletrias
2797 4448 3066 4512 nominat,
3101 4463 3171 4503 ne
3203 4453 3319 4501 tum

1741 4549 1961 4622 quidem
1993 4547 2062 4604 ab
2094 4546 2278 4622 impiis
2309 4534 2551 4601 vocibus'
2576 4542 2867 4609 abstinuit,
2903 4540 3007 4598 sed
3039 4541 3106 4596 in.
3127 4539 3324 4596 valedi-

88 4649 164 4701 καὶ
188 4650 240 4703 ὲν
263 4651 336 4722 τῷ
371 4629 646 4723 ὲῤῥῶσθαι
671 4648 950 4713 ἀπέδειξεν
975 4648 1136 4702 αὑτοῦ
1169 4648 1270 4718 τῆς
1294 4629 1636 4712 διδασκαλίας

1810 4639 2170 4709 ndoquoque
2218 4635 2515 4690 abhorrere
2567 4646 2628 4688 se
2681 4633 2750 4686 ab
2796 4632 3026 4688 sincera,
3071 4629 3323 4685 doetrina

90 4739 138 4790 τὸ
180 4716 468 4812 ἀλλότριον.
517 4743 721 4796 Φάσκει
770 4739 910 4811 γάρ’
969 4716 1377 4808 Ἐρῤωμέιθους
1415 4737 1571 4808 ὑμᾶς
1604 4741 1636 4792 ό

1810 4729 2090 4786 onstravit.
2123 4727 2214 4782 Sic
2245 4729 2392 4784 enim
2418 4725 2660 4797 loquitur
2687 4743 2701 4779 :
2731 4721 2901 4779 Sanos
2935 4739 3024 4780 vos
3057 4732 3106 4776 et
3141 4721 3323 4777 valen-

91 4827 158 4880 ῶν
199 4831 626 4902 αὑτογέννητος
683 4832 848 4897 Θεός.
886 4829 959 4882 Οὑ
1016 4829 1264 4895 συνιδὼν,
1321 4830 1404 4882 ὃτι
1452 4830 1510 4881 ὲν
1557 4829 1639 4883 ἑνὶ

94 4918 213 4991 λόγῳ
237 4923 386 4976 ἔλυσε
425 4923 487 4976 τὸ
523 4925 628 4976 πᾶν
666 4923 764 4992 τῆς
797 4921 972 4977 αὑτοῦ
994 4921 1312 4992 ὑποσπορᾶς
1342 4919 1436 4973 τοῦ
1474 4920 1640 4990 ζητή-

99 5030 257 5080 ματος.
283 5017 466 5086 Φήσας
503 5014 612 5086 γὰρ
641 5016 698 5067 ὲν
725 5017 840 5077 τοῖς
877 5014 1139 5068 ἀνωτάτω
1167 5012 1479 5080 κεφαλαίοις
1511 5010 1640 5082 περὶ

98 5105 356 5176 ἀγεννὴτου
381 5107 540 5166 Θεοῦ,
617 5106 677 5158 οὑ
707 5107 941 5176 πρόοιδε,
1013 5107 1107 5160 καὶ
1125 5107 1208 5159 ὅτι
1235 5123 1253 5156 ι
1281 5102 1420 5158 Οὑτε
1449 5102 1640 5156 ἑαυτὸν

100 5194 262 5258 ἐποίει,
277 5195 539 5251 »ἐνταῦθα
563 5195 955 5264 αὑτογέννητον
969 5196 1103 5264 ἡμῖν
1127 5191 1468 5264 παρεισάγει.
1486 5190 1652 5243 Πᾶσα.

99 5282 144 5334 δὲ
172 5285 360 5342 διάνοια
392 5289 447 5340 ὲν
479 5286 622 5359 λήθῃ
652 5285 851 5356 ἑαυτῆς
883 5278 1110 5352 γίνεται,
1148 5284 1296 5346 ὅπως
1341 5280 1637 5352 φωραθείη.

103 5370 214 5429 Εἷτά
238 5395 362 5450 φησι
387 5397 400 5409 ·
428 5398 446 5431 ι
490 5380 548 5433 '0
578 5379 671 5431 καὶ
707 5379 867 5448 μόνος
907 5377 996 5430 διὰ
1040 5375 1199 5428 τοῦτο
1232 5373 1483 5446 ἀληθινὸς
1514 5372 1646 5436 Θεὸς

109 5472 548 5542 προσαγορευθείς.
578 5491 596 5521 ι
635 5471 792 5524 xm;
816 5470 872 5522 δὲ
899 5468 992 5520 τὸν
1021 5466 1186 5520 αὑτοῦ
1217 5467 1373 5535 λόγον
1403 5465 1498 5520 καὶ
1526 5465 1644 5518 διά-

107 5562 298 5631 νοιαν,ῆ
329 5551 543 5633 ἀναιρεῖ
562 5561 622 5614 τὸ
643 5558 780 5613 εἶναι
805 5558 892 5613 τὸν
915 5557 1041 5613 Υίὸν
1063 5558 1214 5622 Θεὸν,
1236 5559 1328 5611 καὶ
1365 5559 1540 5628 μάτην
1558 5574 1647 5609 συ-

171 5713 184 5743 ¹
212 5713 333 5785 Reg.
366 5718 419 5770 ὲν
442 5716 521 5786 τῷ
549 5714 710 5770 τέλει.
798 5716 818 5746 ¹
852 5711 1083 5782 Philipp.
1114 5725 1178 5776 ll,
1210 5710 1291 5764 ll.

1743 4834 1816 4877 tes
1843 4822 1934 4891 qui
1971 4830 2048 4876 est
2103 4837 2136 4874 a
2166 4836 2220 4874 se
2257 4819 2460 4890 genitus
2503 4816 2641 4872 Deus
2696 4816 2982 4870 custodiat.
3029 4813 3142 4870 Nec
3189 4813 3323 4868 illud

1744 4913 2154 4979 animadvertit,
2197 4919 2367 4967 totam
2407 4911 2555 4965 illam
2602 4923 2852 4979 sparsam
2899 4921 3028 4962 ase
3067 4904 3326 4976 quaestio-

1743 5021 1868 5062 nem
1901 5021 2009 5060 una
2040 5019 2175 5058 voce
2210 5001 2457 5064 dissolvi,
2494 5015 2620 5056 cum
2668 4999 2724 5054 in
2755 4997 3136 5068 superioribus
3176 4995 3328 5066 capi-

1747 5096 1896 5151 tibus
1932 5095 2001 5150 de
2027 5093 2271 5164 ingenito
2300 5091 2412 5146 Deo
2439 5091 2670 5161 loquens
2699 5102 3042 5158 nequaquam
3079 5103 3111 5140 a
3143 5087 3326 5156 seipse

1749 5187 1866 5241 ﬁeri
1909 5183 2185 5246 statuerit,
2221 5182 2326 5238 hoc
2355 5196 2486 5236 vero
2509 5181 2628 5235 loco
2667 5194 2699 5233 a
2745 5181 2928 5249 seipse
2963 5177 3206 5249 genitum
3240 5178 3328 5230 al-

1750 5281 1948 5333 lirmet.
1975 5275 2243 5342 Quaelibet
2273 5273 2417 5329 enim
2441 5270 2682 5326 hominis
2706 5285 2858 5326 mens
2876 5268 2960 5324 sui
2991 5268 3166 5338 ipsius
3195 5266 3329 5321 oblio

1750 5370 2003 5434 viseitur,
2064 5379 2124 5422 ut
2175 5367 2228 5420 in
2281 5379 2472 5420 errore
2517 5361 2852 5433 deprehendi
2915 5360 3108 5433 possit.
3162 5358 3326 5415 Addit

1753 5469 2014 5532 praeterea
2043 5479 2057 5512 :
2096 5456 2300 5524 «Quiet
2333 5454 2487 5510 solus
2526 5463 2814 5524 propterea
2849 5465 3011 5508 verus
3044 5449 3182 5509 Deus
3239 5462 3328 5521 ap-

1755 5551 2427 5626 pellatur.«Quamobrem
2475 5560 2532 5604 ut
2581 5547 2728 5603 illius
2773 5545 2987 5601 animus
3035 5541 3330 5616 opinioque

1373 5709 1393 5741 ⁸
1414 5706 1570 5763 Joan.
1605 5725 1737 5778 xm,
1767 5709 1816 5763 5.
