3838 6312
474 249 603 303 .63!

1927 255 1985 313 3.
2029 256 2085 313 El

2192 258 2381 315 ΗΑΝΙῘ
3665 252 3755 305 εει

507 368 631 429 fert,
666 374 759 421 aut
796 364 993 421 Filium
1026 366 1204 425 Deum
1234 384 1359 426 esse
1402 376 1588 443 negat,
1629 378 1684 426 et
1730 372 1938 428 nomini
1984 374 2085 445 ipsi

2192 378 2454 448 κοφαντεῖ
2476 375 2536 430 τὸ
2557 370 2831 444 ὄνομα,τῷ
2848 371 3171 442 Χριστιανὸς
3183 368 3423 439 τὸόνομα
3452 366 3752 421 καλεῖσθαι*

501 456 833 511 calumniam
876 457 1026 523 facit,
1057 459 1187 513 dum
1230 459 1582 517 Christianus
1622 462 1884 534 appellari
1912 466 2082 535 cupit.

499 549 608 603 Aut
640 546 808 604 Deum
834 566 958 606 esse
994 551 1212 621 quidem
1268 550 1466 608 Filium
1504 563 1678 625 putat,
1720 555 1815 611 sed
1862 558 2087 614 minime

499 656 713 706 verum,
747 650 806 695 ut
832 659 896 697 ex
930 644 1051 714 ejus
1084 646 1382 711 sent-entia,
1429 645 1573 703 Deus
1618 648 1760 703 alius
1802 649 1877 705 sit
1899 664 2087 716 verus,

500 731 640 784 alius
692 746 801 785 non
858 748 1040 788 verus.
1086 733 1433 804 Quapropter
1476 751 1603 792 cum
1644 738 1874 793 alterum
1930 739 2085 796 alteri

500 824 781 891 subjiciat,
844 835 897 878 ct
953 825 1219 895 Spiritum
1273 838 1526 882 sanctum
1576 828 1631 882 in
1678 830 1879 884 minori
1923 841 2089 902 atque

498 914 941 986 988inferiori
989 917 1119 973 sede
1172 919 1423 985 eollocet,
1470 936 1695 977 necesse
1736 930 1843 985 est,
1898 932 1959 976 ut
1992 930 2088 976 aut

502 1008 771 1061 minorem
823 1009 987 1063 alium
1030 1007 1201 1063 Deum
1237 1020 1555 1080 cognoscat,
1602 1021 1719 1078 aut,
1751 1013 1795 1066 si
1829 1011 2087 1067 Trinitati

502 1114 844 1169 nequaquam
894 1102 1364 1156 annumerandum
1409 1104 1709 1167 existimet,
1748 1118 1977 1174 prorsus
2020 1105 2093 1160 ab

500 1192 937 1247 Christianorum
971 1208 1202 1249 numero
1240 1194 1613 1265 segregandus
1647 1196 1719 1250 sit
1766 1195 1957 1252 infelix
1990 1196 2089 1251 bo-

502 1287 744 1353 muneio,
782 1296 944 1356 atque
992 1286 1059 1341 ad
1088 1287 1373 1359 gentilium
1406 1287 1699 1343 factionem
1734 1287 1821 1342 vel
1870 1287 2086 1342 Saddu-

502 1392 739 1430 carorum
778 1393 1007 1448 prorsus
1054 1379 1412 1449 ablegandus.
1465 1378 1562 1435 Est
1604 1380 1750 1435 enim
1795 1395 1825 1431 a
1877 1377 2085 1449 Spiritu

502 1476 695 1524 saneto
717 1470 910 1524 horum
936 1470 1107 1527 instar
1132 1472 1370 1528 alienus.
1394 1471 1477 1526 Ab
1502 1472 1787 1544 gentilium
1812 1487 1942 1527 vero
1969 1488 2088 1543 par-

499 1561 647 1616 tibus
684 1570 912 1616 eatenus
960 1570 1091 1630 stat,
1136 1563 1267 1618 dum
1310 1578 1479 1618 unum
1532 1579 1654 1619 esse
1698 1573 1888 1618 censet
1937 1578 2088 1617 sutri-

500 1666 649 1704 mum
686 1649 877 1719 Deum,
917 1652 1145 1706 alterum
1187 1652 1496 1719 minorem;
1540 1668 1727 1707 verum
1771 1667 1964 1717 unum,
2007 1653 2085 1705 al-

2188 468 2221 539 ἢ
2262 469 2344 521 ὅτι
2399 467 2532 521 Θεὸν
2566 466 2665 537 μὲν
2707 464 2821 535 εχει
2853 465 2943 516 τὸν
2982 462 3146 528 ra»,
3182 460 3295 515 ἀλλ’
3331 460 3434 513 οὐκ
3479 457 3755 528 ἀληθινόν

2190 561 2283 614 καὶ
2316 561 2473 614 ἔσται
2499 558 2649 629 αὐτῷ
2676 552 2755 621 εἷς
2789 555 2921 619 Θεὸς
2958 553 3230 627 ἀληθινὸς,
3264 553 3357 606 καὶ
3384 545 3471 614 εἷς
3510 550 3615 603 οὐκ
3639 549 3759 620 dir,-

2189 652 2354 716 θινός.
2390 651 2551 707 Κατά
2576 648 2633 703 δὲ
2658 648 2926 703 ὑπόϐασιν
2953 648 3051 701 ἕνα
3084 646 3173 716 ὑφ’
3207 643 3323 708 ἑνὸς
3360 642 3661 713 εὑρίσκων,
3692 641 3761 695 ἔτι

2190 746 2287 797 καὶ
2317 744 2379 797 τό
2416 745 2570 812 ἅγιον
2606 740 2835 812 Πνεῦμα
2872 740 2930 792 ὲν
2980 736 3283 812 μικροτέρα
3330 736 3424 789 καὶ
3467 733 3766 803 ἀποδεούσῃ

2187 836 2341 902 τάξει
2382 836 2624 901 τάττων,
2659 832 2695 905 ἢ
2729 834 2812 887 ὅτι
2843 831 3164 903 μικρότερον
3210 826 3371 882 πάλιν
3406 825 3551 879 Θεὸν
3582 824 3763 892 iisan

2188 934 2253 1002 τῇ
2292 929 2484 1002 Τριάδι
2520 927 2595 999 μὴ
2624 923 2973 997 συναριθμῶν
2993 964 3007 986 ,
3040 921 3199 975 τοῦτο
3226 920 3380 973 ἔσται
3427 918 3765 971 παντάπασιν

2189 1019 2471 1091 ἀλλότριον
2497 1014 2840 1089 Χριστιανῶν
2872 1015 2934 1067 τὸ
2977 1010 3207 1066 ἐλεεινὸν
3241 1008 3651 1080 ἀνθρωπάριον,
3682 1008 3766 1058 καὶ

2188 1110 2372 1165 λοιπὸν
2390 1109 2593 1181 Ἕλλην
2614 1110 2793 1181 ἀποκη
2803 1106 3026 1179 ρυχθείη
3050 1103 3407 1165 τελειότατος,
3428 1102 3532 1153 καὶ
3552 1098 3762 1151 Σαδδου-

2189 1206 2340 1268 καῖος
2372 1202 2449 1273 τῷ
2478 1200 2717 1274 ἀριθμῷ,
2758 1200 3035 1271 ἀλλότριος
3071 1198 3168 1269 μὲν
3200 1197 3295 1251 τοῦ
3327 1197 3653 1267 Πνεῦματος
3681 1194 3767 1247 τοῦ

2191 1295 2366 1365 ἁγίου,
2400 1295 2475 1359 ὡς
2508 1295 2604 1348 καὶ
2650 1294 2821 1358 ἔστιν,
2868 1290 3101 1362 Ἕλλησι
3132 1290 3188 1344 δὲ
3230 1288 3663 1360 συγκρινόμενος
3706 1290 3769 1356 τῇ

2193 1385 2393 1458 μερίδι,
2424 1384 2519 1438 ἕνα
2554 1386 2651 1456 μὲν
2672 1384 2805 1437 Θεὸν
2829 1383 3053 1452 φάσκων
3084 1381 3274 1452 μέγαν,
3310 1380 3405 1432 καὶ
3430 1378 3534 1433 ἕνα
3568 1378 3768 1449 μικρὸν,

2190 1478 2290 1531 ἕνα
2334 1477 2606 1547 ἀληθινὸν,
2638 1476 2732 1529 καὶ
2776 1476 2872 1528 ἕνα
2920 1474 3019 1527 οὐκ
3063 1472 3348 1544 ἀληθινὸν,
3400 1472 3488 1536 ὥς
3520 1470 3767 1539 Ἕλληνες

2190 1566 2568 1639 ὁμολογοῦσιν,
2588 1568 2685 1620 ἕνα
2710 1567 2883 1638 μέγαν
2910 1564 3061 1630 Θεὸν,
3086 1565 3211 1628 τοὺς
3240 1565 3295 1617 δὲ
3318 1561 3520 1627 ἄλλους
3554 1563 3767 1634 μικροὺς

2189 1660 2544 1732 ὀνομάζοντες
2568 1678 2581 1690 ·
2625 1660 2724 1729 τῆς
2769 1659 2918 1722 Θείας
2952 1658 3174 1731 Γραφῆς
3214 1656 3373 1710 αὑτὸν
3406 1657 3602 1724 σαφῶς
3633 1656 3767 1723 ἐλεγ-

501 1751 678 1797 terum
715 1758 824 1797 non
866 1760 1055 1798 verum
1084 1762 1096 1799 :
1124 1741 1176 1798 id
1212 1744 1358 1815 quod
1391 1742 1564 1799 Graeci
1607 1745 1957 1811 conﬁtentur,
1992 1745 2085 1815 qui

2194 1731 2418 1823 χούσης,
2450 1751 2542 1804 καὶ
2576 1750 2704 1821 περὶ
2734 1750 2946 1819 Πατρός
2981 1749 3077 1818 μὲν
3097 1746 3359 1818 λεγούσης
3381 1786 3395 1810 ,
3428 1745 3512 1805 ὡς
3547 1745 3609 1797 '0
3640 1746 3765 1809 Θεὸς

500 1851 670 1888 unum
715 1834 978 1905 majorem
1020 1834 1212 1900 Deum,
1251 1836 1525 1891 minorum
1569 1837 1810 1908 gentium
1862 1847 2088 1892 czeteros

500 1932 809 2002 appellant;
843 1932 937 1988 sed
970 1933 1229 1987 nimirum
1269 1933 1557 2004 perspicue
1602 1933 1754 1988 illum
1803 1947 2087 1988 sacrarum

500 2022 832 2082 Litterarum
869 2027 1147 2081 convincit
1177 2029 1497 2093 auctoritas,
1530 2042 1652 2097 quae
1683 2042 1809 2080 cum
1836 2027 1905 2081 de
1928 2026 2088 2081 Patre

500 2117 824 2186 loquuntur,
862 2116 1021 2183 Deus,
1056 2118 1332 2188 inquiunt,
1358 2135 1509 2173 verus
1534 2130 1611 2173 est
1638 2119 1657 2150 ¹
1688 2138 1703 2173 :
1732 2116 1930 2172 Filium
1953 2133 2089 2182 alio-

494 2220 600 2275 que
630 2204 815 2258 itidem
843 2221 965 2259 eSse
990 2207 1152 2259 Deum
1180 2220 1462 2274 asserunt;
1498 2225 1619 2279 qute
1639 2209 1858 2279 quidem
1883 2205 1952 2261 de
1974 2205 2083 2259 Pa-

491 2305 611 2351 tre:
644 2294 762 2349 Lux
793 2306 869 2349 est
904 2296 1077 2362 Deus;
1106 2298 1172 2351 de
1193 2298 1330 2354 Filio
1354 2310 1532 2356 autem
1564 2321 1576 2355 :
1618 2300 1736 2355 Lux
1771 2308 1885 2354 erat
1912 2313 2072 2362 vera;

494 2384 756 2455 Spiritum
784 2386 1016 2456 denique
1048 2398 1295 2444 sanctum
1324 2390 1572 2460 spiritum
1612 2392 1851 2446 veritatis
1881 2388 2071 2458 appel—

2193 1844 2499 1909 ἀληθινός·
2532 1842 2627 1895 καὶ
2654 1840 2780 1912 περὶ
2806 1838 2938 1893 Υίοῦ
2960 1839 3021 1892 τὸ
3049 1839 3193 1905 Θεὸς
3216 1837 3516 1902 ὡσαύτωςο
3536 1838 3632 1889 καὶ
3656 1837 3768 1905 περὶ

2192 1936 2425 2007 Πατρὺς,
2459 1936 2526 1990 Τὸ
2551 1933 2677 2004 φῶς
2703 1938 2735 1989 ό
2771 1933 2933 2000 Θεός·
2973 1933 3102 2003 περὶ
3128 1932 3182 1985 δὲ
3213 1931 3365 1994 Υίοῦ,
3392 1926 3523 1985 Ἤν
3548 1931 3614 1983 τό
3656 1928 3765 1999 φῶς

2189 2030 2255 2084 τὸ
2298 2029 2618 2096 ἀληθινόν·
2666 2027 2762 2080 καὶ
2808 2024 2938 2098 περὶ
2978 2023 3132 2093 ἁγίου
3179 2021 3539 2093 Πνεύματος,
3587 2020 3667 2073 ὅτι
3706 2019 3763 2071 re

2190 2120 2431 2190 Πνεῦμα
2468 2117 2577 2187 τῆς
2628 2117 2936 2185 ἀληθείας.
2990 2115 3281 2187 ’Λληθινῶς
3331 2114 3521 2168 τοίνυν
3571 2114 3697 2183 ἡμῖν
3736 2113 3766 2179 ἡ

2190 2208 2361 2279 Τριάς
2411 2205 2839 2274 καταγγέλλεται
2878 2206 2935 2260 ὲν
2982 2204 3144 2276 σοφία
3186 2203 3279 2258 καὶ
3328 2202 3492 2275 βάθει
3528 2202 3767 2257 πλούτου.

492 2481 669 2535 lant’.
696 2480 882 2550 itaque
906 2481 1144 2537 Trinitas
1173 2499 1293 2539 vere
1320 2486 1477 2541 nobis
1509 2486 1569 2540 in
1590 2484 1857 2556 sapientia
1889 2490 1942 2537 et
1964 2478 2283 2535 divttiarum
2327 2472 2613 2556 altitudine
2647 2475 2928 2556 nuntiatur
2949 2479 2990 2529 ⁸.

571 2566 636 2622 ll.
676 2566 860 2638 Pergit
886 2569 1076 2625 Aetius
1108 2589 1120 2623 :
1160 2568 1227 2623 Et
1263 2586 1294 2622 a
1328 2564 1460 2623 Iesu
1497 2568 1730 2634 Clu-isto,
1770 2571 1971 2641 inquit,
2002 2573 2090 2641 qui

502 2663 693 2715 missus
717 2671 818 2716 est.
858 2660 962 2716 Nec
992 2662 1189 2733 puduit
1230 2663 1408 2733 ipsum
1449 2661 1742 2734 Unigenito
1767 2662 1859 2718 Dei
1888 2680 2086 2718 nomen

498 2755 813 2818 detralu-re,
841 2769 1001 2823 quem
1030 2754 1179 2808 nudo
1236 2768 1299 2809 ac
1332 2755 1570 2825 simplici
1601 2754 1867 2810 vocabulo
1905 2755 2090 2811 decla-

497 2844 639 2895 ravit
667 2861 680 2895 :
715 2840 768 2895 id
800 2842 947 2913 quod
976 2843 1033 2896 in
1072 2843 1452 2919 superioribus
1497 2843 1773 2914 capitibus
1805 2846 2093 2914 professus

496 2941 602 3001 est,
660 2950 787 2989 cum
830 2935 976 2990 illius
1026 2934 1198 2990 decus
1227 2948 1291 2989 ac
1319 2935 1645 3007 dignitatem
1674 2935 1915 2991 nominis
1948 2933 2089 2991 Filio

2261 2556 2333 2609 B'.
2361 2552 2493 2609 Εἶτα
2518 2554 2676 2609 πάλιν
2709 2554 3017 2619 ἀκολούθως
3043 2556 3195 2627 φησί’
3216 2555 3325 2609 Καί
3351 2556 3472 2611 ὑπὸ
3502 2556 3609 2609 τοῦ
3634 2556 3766 2609 ἀρτο-

2190 2648 2525 2714 σταλέντος
2558 2647 2763 2716 Ἰησοῦ
2804 2647 3084 2717 Χριστοῦ.
3151 2647 3261 2702 Καὶ
3293 2648 3394 2701 οὐκ
3428 2648 3636 2720 ᾐδέσθη
3672 2648 3765 2702 ἀπο

2190 2738 2427 2805 αξιὼσας
2470 2740 2562 2793 τὸν
2613 2740 2892 2811 Μονογενῆ
2917 2739 3051 2794 Θεοῦ
3094 2740 3376 2812 ὀνόματος,
3414 2740 3557 2794 ἀλλὰ
3604 2740 3763 2811 μόνως

2189 2830 2320 2901 ψιλῇ
2363 2832 2428 2901 τῇ
2454 2826 2598 2895 λέξει
2632 2830 2917 2902 κέχρηται,
2954 2830 3029 2894 ὡς
3055 2833 3111 2884 ὲν
3142 2832 3253 2894 τοῖς
3284 2832 3551 2885 ἀνωτάτω
3575 2829 3763 2901 ὡμολό-

2190 2939 2328 2993 γησε
2377 2922 2734 2992 κεφαλαίοις,
2785 2923 2891 2986 ἕως
2936 2922 3097 2994 ψιλῆς
3129 2923 3424 2994 ὀνομασίας
3469 2924 3652 2996 νόμων
3694 2923 3759 2991 τῷ

496 3027 875 3096 appellatione
914 3028 1029 3083 sola
1075 3027 1375 3082 concessit.
1422 3025 1688 3082 Eumdem
1734 3036 1916 3082 tamen
1961 3036 2085 3083 ante

2192 3015 2308 3087 Υίῷ
2338 3016 2399 3068 τὺ
2443 3015 2611 3086 γέρας
2643 3013 2741 3067 τοῦ
2782 3014 3064 3085 ὀνόματος.
3118 3016 3282 3084 Λέγει
3329 3015 3387 3070 δὲ
3424 3016 3537 3087 πρὸ
3567 3015 3758 3069 αἰώνων

498 3120 697 3174 ςωευιο
736 3121 1126 3175 subsistentem
1159 3119 1335 3176 fuisse
1389 3134 1455 3174 ac
1497 3120 1699 3190 genitae
1730 3134 1920 3175 revera
1953 3121 2087 3176 sub-

498 3209 714 3261 stantiae
741 3210 1023 3264 exstitisse
1055 3218 1263 3263 narrat.
1292 3208 1457 3263 Addit
1481 3208 1679 3264 deinde
1705 3229 1717 3264 :
1745 3209 2088 3266 Couserrabit

497 3317 587 3354 eos
619 3299 685 3353 ab
712 3301 1002 3369 impietate.
1040 3298 1191 3356 Solet
1224 3302 1370 3357 enim
1406 3300 1677 3374 ﬂagitiosa
1707 3318 1938 3374 qttaeque
1977 3321 2091 3358 mu-

500 3398 598 3453 lier
621 3396 933 3451 convicium
965 3404 1316 3451 antevertens
1350 3412 1534 3451 mores
1573 3412 1705 3452 suos
1738 3399 1861 3453 aliis
1894 3414 2091 3469 expro-

499 3494 678 3546 brare.
714 3489 805 3544 Sic
831 3491 1027 3553 Aetius
1057 3489 1354 3559 impietatis
1386 3505 1500 3545 suae
1524 3490 1953 3560 magnitudinem
1978 3506 2090 3546 non

500 3584 766 3649 sentiens,
808 3583 956 3652 pium
1005 3598 1127 3639 esse
1172 3598 1230 3637 se
1264 3596 1327 3636 ac
1369 3582 1687 3654 religiosum
1740 3582 2085 3639 arbitratur:

498 3684 558 3729 ut
601 3674 694 3745 qui
728 3674 897 3727 animi
932 3673 1128 3735 delirio
1163 3674 1417 3728 laborant
1448 3673 1558 3737 sui,
1587 3689 1646 3729 se
1699 3683 1985 3745 compotes
2024 3690 2087 3730 ac

499 3766 821 3838 prudent-es.
856 3772 1087 3819 caztcros
1134 3772 1317 3818 mente
1345 3774 1538 3833 captos
1567 3762 1907 3819 existimant.
1941 3764 2087 3821 Idem

503 3865 669 3921 porro
698 3866 846 3915 cum,
879 3849 944 3903 In
978 3849 1188 3904 Christo
1217 3848 1370 3913 Jesu,
1406 3850 1658 3916 dixisset,
1680 3850 1964 3907 Dominum
1995 3871 2088 3907 no-

498 3951 670 3995 strum
707 3941 948 4009 adjicere
975 3958 1081 3995 nun
1129 3950 1213 3996 est
1246 3957 1439 4009 ausus,
1474 3942 1569 3998 sed
1601 3944 1927 4011 cavillando,
1971 3944 2089 4001 Sat-

498 4041 677 4086 vatore
711 4042 893 4087 nostro
916 4032 1077 4087 dixit.
1113 4030 1217 4086 Per
1248 4050 1401 4104 quem
1424 4033 1598 4105 gloria
1628 4036 1801 4089 omnis
1837 4035 2012 4101 Patri,
2036 4046 2087 4092 et

496 4141 657 4189 nunc,
687 4133 735 4177 et
773 4142 996 4193 semper,
1043 4125 1096 4178 in
1137 4125 1337 4179 swcula
1369 4126 1713 4182 swculorum.
1753 4126 1943 4184 Amen.
1982 4126 2085 4185 l‘bi

496 4216 666 4288 quod,
703 4219 874 4271 omnis
903 4218 1098 4288 gloria,
1131 4218 1380 4287 scripsit,
1409 4218 1463 4272 id
1490 4234 1556 4274 eo
1584 4219 1821 4274 consilio
1849 4220 1996 4285 fecit,
2029 4232 2086 4277 ut

497 4310 567 4364 ab
604 4325 670 4363 eo
710 4310 916 4364 honore
966 4324 1029 4364 ac
1082 4311 1254 4381 gloria
1300 4309 1494 4365 Filium
1548 4311 1883 4367 excluderet.
1926 4312 2084 4378 Quod

2192 3109 2503 3163 ὑποστάντα
2541 3108 2779 3181 ἀληθῶς,
2812 3110 2904 3163 καὶ
2937 3109 3066 3163 ὂντα
3098 3109 3313 3182 ἀληθῶς
3341 3116 3611 3184 γεννητῆς
3640 3112 3755 3163 ὐπο-

2191 3204 2450 3265 στάσεως.
2478 3202 2825 3270 Διατηρήσει
2855 3201 2933 3266 δὲ,
2968 3202 3152 3273 φησιν,
3193 3202 3312 3257 ἀπὸ
3341 3200 3451 3273 τῆς
3473 3205 3755 3268 ἀσεϐείας.

2190 3292 2362 3347 Είωθε
2415 3292 2472 3345 δὲ
2520 3292 2670 3344 πᾶσα
2712 3290 2887 3361 φαύλη
2936 3290 3076 3362 γυνὴ
3118 3291 3246 3354 τοὺς
3298 3291 3463 3345 αὑτοῦ
3547 3291 3757 3361 τρόπους

2190 3385 2372 3449 ἄλλοις
2416 3383 2821 3456 προλαμϐάνειν
2853 3400 2910 3436 τε
2951 3382 3046 3437 καὶ¹
3073 3382 3447 3453 ἐπιφημίζειν.
3485 3386 3599 3454 Ουχ
3632 3381 3755 3452 ὀρῶν

2189 3479 2297 3549 γὰρ
2332 3480 2410 3540 είς
2450 3479 2549 3531 ὅσα
2592 3476 2898 3547 ἡσέῦησεν.
2931 3476 3122 3529 ἑαυτὸν
3162 3475 3360 3546 εὐσεϐῆ
3408 3477 3654 3545 νομίζει·
3691 3473 3755 3533 ὡς

2188 3572 2235 3623 οἱ
2270 3571 2369 3641 τὴν
2414 3570 2800 3642 παραπληξίαν
2831 3570 3159 3642 κεκτημένοι
3198 3569 3477 3642 νομίζουσι
3524 3570 3619 3640 μὲν
3645 3569 3752 3620 ἐξιν-

2186 3664 2313 3725 τοῦς
2363 3664 2420 3715 ἐν
2460 3664 2717 3735 φρονήσει
2765 3659 2925 3727 εἶναι,
2960 3664 3085 3726 τοὺς
3125 3663 3181 3716 δὲ
3213 3662 3403 3725 ἄλλους
3436 3658 3751 3733 φρενητιῶν-

2188 3770 2309 3817 τας.
2354 3753 2614 3807 Ἐνταῦθα
2645 3754 2701 3807 δὲ
2731 3756 2800 3809 ἐν
2819 3753 3050 3825 Χριστῷ
3082 3754 3298 3824 Ἰησοῦ,
3328 3753 3447 3808 οὐδὲ
3475 3752 3558 3820 τῷ
3581 3753 3750 3821 lii-pie)

2190 3845 2359 3916 ἡμῶν
2410 3846 2707 3919 ἐτόλμησεν
2765 3846 3089 3902 ἀποδοῦναι·
3143 3847 3259 3901 ἀλλ’
3318 3845 3647 3919 εἰρωνικῶς,
3684 3839 3749 3907 τῷ

2189 3937 2413 4008 Σωτῆρι
2468 3940 2674 4009 ἡμῶν,
2724 3938 2942 4012 ἔφησεν.
2990 3940 3101 3995 Καί
3156 3957 3321 4012 φησιο
3358 3940 3435 3995 Δι’
3486 3936 3563 3996 οὗ
3606 3936 3753 3993 πᾶσα

2187 4029 2338 4095 δόξα
2368 4028 2448 4097 τῷ
2476 4030 2682 4100 Πατρί,
2716 4032 2813 4085 καί
2841 4032 2977 4097 νῦν,
3016 4031 3113 4086 καί
3150 4031 3242 4087 ἀεὶ
3275 4033 3361 4098 είς
3387 4031 3532 4098 τοὺς
3552 4028 3746 4089 αἰῶνα,-

2187 4124 2308 4178 ttin-
2346 4122 2594 4179 αιώνων.
2632 4124 2838 4195 Ἀμήν.
2884 4126 2995 4179 Καὶ
3026 4123 3155 4178 αὐτὸ
3182 4122 3239 4179 δὲ
3276 4125 3337 4178 τὸ
3377 4127 3575 4190 εἰπεῖν,
3604 4118 3745 4176 πᾶσα

2187 4216 2355 4283 δόξα,
2387 4217 2535 4282 ὅπως
2568 4217 2823 4289 περιάροι
2853 4218 2945 4272 τὸν
2978 4218 3106 4270 Υίὸν
3136 4218 3245 4271 ἀπὸ
3271 4218 3368 4287 τῆς
3397 4217 3568 4287 τιμῆς
3590 4233 3642 4269 τε
3669 4210 3745 4266 καὶ

2188 4308 2347 4379 δόξης
2367 4326 2380 4342 ο
2417 4303 2477 4362 οὗ
2516 4308 2691 4373 οὐδεὶς
2723 4307 2965 4373 ἀνέξοιτό
2996 4325 3128 4361 ποτε
3163 4306 3269 4360 τῶν
3304 4307 3550 4360 εὐσεϐῶν
3580 4307 3661 4360 καὶ
3692 4305 3743 4353 ὲκ

495 4402 716 4471 quidem
755 4418 915 4455 nemo
951 4403 1071 4472 pius
1103 4420 1166 4457 ae
1201 4418 1383 4458 Veram
1434 4403 1594 4459 [idem
1631 4406 1811 4459 sancti
1843 4403 2082 4476 Spiritus

2192 4400 2510 4472 Πνεύματος
2542 4401 2698 4470 ἁγίου
2736 4400 2838 4473 τὴν
2871 4398 3083 4472 δωρεὰν
3112 4399 3212 4471 τῆς
3249 4397 3509 4471 ἀληθινῆς
3538 4399 3743 4457 πίστεως

496 4493 765 4549 henelieio
788 4503 1122 4549 consecutus
1152 4494 1425 4555 admittet.

570 4580 660 4636 lll.
704 4582 829 4638 llaec
857 4584 1124 4640 adversus
1158 4585 1296 4639 Aetii
1336 4586 1589 4654 dogmata
1621 4587 1949 4657 disputanda
1981 4603 2081 4659 pu-

495 4675 737 4728 tavimus
766 4690 925 4744 :quae
957 4675 1047 4730 ille
1075 4675 1361 4731 dialectica
1392 4676 1674 4741 facultate,
1703 4686 1758 4733 et
1791 4695 2082 4749 argumen-

497 4765 647 4820 tandi
671 4766 991 4833 subtilitate,
1021 4765 1387 4838 humanisque
1416 4767 1709 4838 praestigiis
1750 4768 1947 4834 fretus,
1983 4782 2079 4824 ca-

497 4859 705 4931 pitibus
738 4867 944 4929 septem
986 4874 1049 4913 ac
1089 4859 1310 4930 triginta
1363 4860 1645 4917 disseruit.
1681 4860 1757 4916 Ea
1792 4876 1923 4916 vero
1955 4872 2082 4916 cum

496 4948 787 5019 prudentia
817 4957 876 5002 ut
909 4948 1101 5019 legatis
1127 4950 1365 5020 postulo.
1398 4948 1477 5004 ita
1508 4935 1734 5016 enim,‘o
1759 4952 2081 5019 Christiani,

496 5055 561 5095 ac
588 5039 793 5096 Christi
823 5040 990 5105 servi,
1022 5041 1383 5109 veritatisque
1419 5041 1536 5105 lilii,
1568 5050 1864 5110 terrenam,
1903 5052 1967 5096 ac
1992 5054 2081 5097 va-

494 5138 781 5192 nissimam
832 5135 980 5189 illius
1006 5132 1177 5205 989
1199 5135 1530 5200 doctrinam,
1581 5147 1745 5208 atque
1788 5152 1818 5191 a
1871 5135 2077 5208 Spiritu

496 5234 689 5281 saneto
724 5240 953 5295 prorsus
981 5225 1369 5281 abhorrentem
1410 5242 1536 5283 esse
1569 5230 1933 5299 cognoscetis.
1974 5228 2076 5296 Qui

494 5318 664 5373 divini
697 5319 847 5374 verbi
878 5335 945 5375 ne
972 5336 1079 5374 una
1116 5320 1337 5392 quidem
1372 5322 1551 5377 littera
1591 5322 1923 5377 mentionem
1951 5325 2083 5378 atti-

494 5410 591 5481 git,
630 5423 729 5463 nec
770 5409 938 5464 ulhnn
971 5408 1188 5468 Veteris
1217 5421 1312 5467 aut
1362 5410 1499 5468 Novi
1528 5410 1865 5468 Testamenti
1898 5414 2076 5469 locum

496 5500 743 5569 protulit,
792 5498 925 5553 nihil
970 5515 1030 5555 ex
1065 5501 1202 5571 lege,
1243 5502 1440 5558 nihile
1483 5503 1788 5574 prophetis,
1831 5504 1965 5558 nihil
2006 5518 2073 5559 cx

569 5654 585 5683 ⁸
629 5653 649 5704 ι
683 5650 837 5707 Joan.
872 5655 1034 5715 v.20.
1119 5656 1135 5686 '
1163 5654 1318 5709 Joan.
1361 5673 1471 5721 nt,
1514 5657 1594 5711 l3.
1676 5657 1693 5687 ¹
1732 5656 1889 5710 Rom.
1928 5674 1999 5720 xi,
2034 5658 2122 5714 55.

2190 4495 2506 4567 εἰληφότων.

2262 4589 2332 4641 Γ’.
2385 4584 2571 4641 Ταῦτα
2608 4586 2665 4641 δὲ
2714 4587 2889 4642 πάντα
2939 4584 3282 4649 ὃιαλαόόντες
3319 4584 3387 4638 τὰ
3431 4585 3539 4639 ὑπὸ
3580 4581 3739 4638 τούτου

2188 4678 2283 4731 τοῦ
2322 4678 2528 4732 ’Δετίου
2577 4676 2845 4750 εἰρημένα
2888 4679 2945 4730 ὲν
2983 4678 3293 4748 διαλεκτικῇ
3333 4694 3437 4730 τινι
3482 4678 3638 4747 τέχνῃ
3662 4675 3738 4726 καὶ

2191 4769 2573 4841 συλλογιστικῇ
2619 4769 2843 4841 ὑπονοίᾳ
2893 4768 3240 4841 ἀνθρωπίνης
3281 4768 3644 4838 μαγγανείας,
3692 4764 3737 4814 ἐν

2191 4862 2503 4931 κεφαλαίοις
2529 4863 2604 4928 ’κζ’
2622 4880 2635 4893 ⁸
2659 4856 2740 4927 οἷς
2778 4860 3045 4933 νουνεχῶς
3072 4862 3217 4932 ὑμᾶς
3249 4863 3486 4932 ἐντυχεῖν
3518 4872 3734 4931 παρακαο

2188 4953 2409 5024 λοῦμεν,
2436 4955 2529 5008 καὶ
2554 4953 2716 5018 εὐθὺς
2745 4954 2843 5025 μὲν
2866 4953 3098 5020 εἴσεσθε,
3116 4946 3161 5006 ὦ
3190 4952 3531 5023 Χριστιανῶν
3559 4949 3734 5005 παῖδες»

2187 5046 2281 5099 καὶ
2310 5045 2488 5098 δοῦλοι
2516 5044 2774 5117 Χριστοῦ,
2800 5046 2893 5099 καὶ
2930 5044 3035 5099 υἱοὶ
3063 5044 3161 5115 τῆς
3204 5044 3482 5116 ἀληθείας,
3519 5044 3611 5117 τὴν
3649 5040 3729 5091 πᾶ-

2192 5155 2292 5192 σαν
2324 5138 2487 5192 αὐτοῦ
2526 5138 2721 5210 γτετνην
2763 5137 3114 5206 κενοφωνίαν,
3153 5136 3248 5189 καὶ
3279 5136 3566 5207 ἀλλοτρίαν
3592 5130 3731 5189 Ilvati—

2191 5247 2357 5301 ματος
2418 5231 2571 5300 ἁγίου
2633 5230 3000 5284 διδασκαλίαν,
3050 5232 3146 5293 Ὃς
3189 5229 3287 5282 οὐκ
3336 5230 3599 5301 ἐτόλμησε
3649 5222 3730 5276 κᾶν

2190 5323 2247 5372 ὲν
2281 5322 2379 5392 μιᾷ
2412 5320 2554 5388 λέξει
2592 5321 2897 5393 μνησθῆναι
2937 5320 3081 5373 θείου
3126 5320 3306 5389 λόγου,
3343 5319 3375 5391 ἦ
3425 5318 3588 5391 ῥητοῦ
3616 5328 3730 5373 τινος

2189 5410 2473 5479 Παλαιᾶς,
2538 5413 2573 5483 ἥ
2628 5414 2838 5485 Καινῆς
2905 5412 3357 5483 Διαθήκηςμούκ
3408 5412 3516 5465 ἀπὸ
3568 5410 3723 5479 νόμουο

2186 5505 2287 5558 οὐκ
2315 5504 2422 5559 ἀπὸ
2446 5506 2766 5578 προφητῶν,
2821 5507 2920 5560 οὐκ
2960 5504 3067 5560 ἀπὸ
3102 5504 3469 5576 Εύαγγελίων,
3506 5505 3601 5559 οὐκ
3644 5493 3725 5553 ἀτοδ
