3790 6212
80 273 177 331 633

757 273 1128 335 ADVERSUS
1162 279 1506 337 ll/ERESES
1544 281 1665 338 LIB.

1839 280 2007 338 του.
2048 283 2090 338 1.
2132 281 2408 339 BERES.
2451 281 2687 338 LXXVI.

3234 278 3341 333 631

79 390 407 457 ἀποστόλων,
466 389 527 444 οὗ
554 407 697 456 τινος
762 393 871 447 τῶν
922 396 1279 469 πατριαρχῶν
1343 400 1649 472 μαρτυρίαν

1837 400 2086 472 angeliis,
2132 401 2273 456 nihil
2315 416 2381 457 ex
2432 401 2720 472 apostolis,
2761 400 2968 457 nihile
3006 399 3343 473 patriarcha-

82 482 435 556 παρενέγκαι,
471 482 583 536 οὔτ’
639 483 803 539 αὑτοῦ
840 486 936 540 τοῦ
993 488 1274 560 Σωτῆρος,
1329 492 1394 545 ού
1434 491 1651 564 Πατρὸς

82 574 318 640 πώποτε,
358 573 458 645 ούχ
516 575 673 644 ἁγίου
733 577 1051 649 Πνεύματος
1109 581 1260 653 ῥῆμα
1307 583 1376 637 δι’
1424 584 1651 637 ἀποστό-

79 670 174 721 λων
227 666 549 737 εἰρημένον,
611 667 643 738 ἢ
698 669 785 723 διὰ
837 671 1169 743 προφητῶν
1232 674 1319 728 ῐνα
1375 674 1653 739 παντελῶς

80 755 450 829 αὖτοφώρατος
479 758 707 831 γένηται
748 762 861 825 τοῖς
904 763 1078 832 φίλοις
1120 766 1219 836 τῆς
1262 764 1539 835 ἀληθείας,
1572 764 1654 818 ὅτι

80 847 413 900 παντάπασιν
438 847 715 919 ἀλλότριος
757 852 1015 921 τυγχάνει
1062 851 1197 906 Θεοῦ
1225 855 1318 908 καὶ
1348 855 1447 925 τῆς
1490 853 1654 907 αὑτοῦ

82 938 323 1002 πίστεως.
371 939 595 1010 Νομίζω
639 940 696 993 δὲ
756 945 851 996 κοιλ⁴
910 945 1109 1008 ἱκανῶς
1157 948 1308 1017 ἡμᾶς
1357 945 1495 1017 πρὸς
1556 946 1656 1010 τάς

80 1026 233 1083 αὐτοῦ
280 1031 572 1101 προτάσεις
621 1032 767 1086 κατά
804 1034 866 1087 τὸ
918 1033 1139 1089 δυνατὸν
1187 1036 1439 1107 ἰδιωτικῷ
1489 1036 1654 1107 λόγῳ,

83 1118 329 1173 συστάσει
361 1117 418 1173 δὲ
460 1120 569 1174 τῶν
598 1122 706 1176 ἀπὸ
731 1120 840 1176 τῶν
885 1124 1045 1180 θείων
1072 1127 1328 1198 Γραφῶν,
1355 1128 1450 1181 καὶ
1494 1126 1656 1182 αὑτοῦ

78 1212 163 1264 τοῦ
186 1210 440 1277 εὐσεϐοῦς
466 1210 729 1285 λογισμοῦ
772 1216 908 1287 πρὸς
932 1218 1095 1273 αὑτὸν
1120 1221 1516 1291 ἀπηντηκέναι.
1549 1220 1659 1273 Καὶ

79 1305 255 1377 ἐπειδὴ
288 1306 486 1371 ἱκανῶς
524 1310 583 1362 ἐν
614 1312 735 1373 ταῖς
771 1311 908 1382 πρὸς
943 1312 1106 1367 αὐτὸν
1145 1314 1480 1385 ἀνατροπαίς
1530 1313 1658 1386 περὶ

79 1396 303 1461 πίστεως
328 1399 512 1469 σαφῶς
538 1401 915 1473 διελέχθημεν,
938 1405 1188 1476 ἀρκετῶς
1220 1407 1501 1480 ἡγούμεθα
1521 1427 1534 1441 ·
1571 1409 1659 1463 ἵνα

84 1491 151 1561 μὴ
194 1490 525 1562 προσθέντες
554 1493 876 1565 δυσχέρειάν
910 1514 1033 1551 τινα
1061 1500 1191 1571 περὶ
1222 1500 1321 1570 τὴν
1351 1500 1659 1569 ἀνάγνωσιν

80 1586 470 1659 περισσοτέραν
524 1589 912 1662 ὲργασώμεθα.
965 1593 1152 1663 Ὀλίγα
1179 1594 1239 1648 δὲ.
1275 1595 1436 1651 πάλιν
1484 1595 1543 1662 ἐξ
1583 1592 1659 1650 ὧν

80 1677 231 1741 αὐτὸς
254 1677 443 1750 ἀρθεὶς
474 1681 577 1753 τὴν
601 1681 841 1737 διάνοιαν
867 1684 1005 1755 μετά
1035 1686 1134 1758 τὴν
1168 1686 1459 1742 ἀλλόκοτον
1489 1686 1655 1740 αὑτοῦ

80 1770 283 1834 πίστιν,
338 1773 433 1826 καὶ
484 1776 566 1837 εἰς
615 1774 891 1845 Χριστὸν,
945 1778 1041 1832 καὶ
1069 1780 1149 1843 είς
1206 1780 1267 1833 τὸ
1310 1780 1463 1849 ἅγιον
1495 1778 1658 1832 αὑτοῦ

79 1856 294 1931 Πνεῦμα
328 1860 644 1931 ἀπέχθειαν,
678 1864 779 1917 ὅσα
829 1865 1098 1937 ἐτόλμησε
1132 1868 1193 1921 τὸ
1251 1869 1415 1922 αὐτοῦ
1458 1869 1660 1938 στόμα,

82 1952 166 2004 καὶ
206 1950 317 2005 τῶν
474 1953 641 2027 αῦτοῦ
674 1955 1210 2029 μεμαθητευμένων,
1246 1960 1343 2013 καὶ
1378 1962 1435 2013 ὲν
1474 1959 1662 2031 Θράσει

81 2043 150 2104 εἰς
196 2041 330 2113 ὕψος
364 2039 498 2115 ἆραι
539 2045 639 2116 τὴν
667 2038 928 2111 διάνοιαν,
964 2049 1059 2102 καὶ
1101 2049 1388 2123 ὑπέρογκα
1421 2049 1665 2120 βλασφη-

83 2134 258 2204 μῆσαι,
296 2130 456 2199 αὖθις
486 2136 879 2208 ἐπιλαϐόμενος
909 2139 1190 2210 συντόμως
1218 2140 1372 2209 λέξω.

1754 508 1877 547 rum
1928 492 2264 547 testimoniis
2302 492 2356 545 in
2407 489 2648 547 medium
2707 491 2967 559 adduxit;
3012 507 3123 547 non
3165 491 3342 562 ipsius

1759 580 2061 637 Salvatoris
2102 582 2432 639 sententiam
2468 582 2656 648 ullam,
2689 598 2802 637 non
2834 580 3035 647 Patris,
3071 580 3341 653 Spiritus-

1754 687 1860 741 que
1897 671 2075 727 sancti
2108 662 2327 726 dictum
2378 669 2600 741 aliquod
2639 670 2707 726 ab
2756 672 3045 742 apostolis,
3085 672 3173 732 νει
3209 687 3341 741 pro-

1755 762 1937 833 phetis
1979 769 2469 818 commemoratum
2510 760 2805 833 proposuit
2834 780 2848 817 :
2873 776 2984 833 quo
3017 761 3152 816 illud
3197 765 3345 819 veri-

1758 855 1885 911 tatis
1933 862 2183 910 amantes
2223 854 2553 926 intelligant,
2587 856 2750 925 plane
2782 854 2935 909 illum
2983 869 3014 908 a
3068 853 3179 909 Deo
3220 871 3345 911 esse

1757 959 1811 1004 et
1848 963 1879 1002 a
1914 948 2019 1003 fide
2049 947 2224 1018 ipsius
2258 949 2521 1003 alienum.
2551 946 2758 1003 Contra
2791 947 2907 1003 haec
2949 947 3097 1003 illius
3124 946 3345 1001 decreta

1758 1040 1976 1097 abunde
2021 1056 2053 1095 a
2088 1041 2251 1096 nobis
2293 1040 2565 1096 hactenus
2604 1033 2707 1110 pro
2755 1038 2964 1094 viribus
3005 1038 3345 1107 disputatum

1758 1133 2017 1196 arbitror,
2041 1147 2106 1187 ac
2128 1131 2251 1187 rudi
2294 1129 2517 1202 quidem
2542 1137 2596 1185 et
2620 1129 2858 1201 simplici
2886 1130 3158 1184 orationis
3181 1128 3346 1199 stylo,

1760 1227 1855 1282 sed
1887 1226 2071 1281 allatis
2112 1239 2399 1281 sacrarum
2434 1222 2769 1279 Litterarum
2810 1223 3253 1285 auctoritatibus.
3281 1235 3349 1277 ac

1761 1314 2098 1388 depromptis
2138 1329 2205 1369 ex
2239 1314 2494 1384 religioso
2520 1312 2692 1365 animi
2737 1326 2902 1367 sensu
2942 1311 3252 1366 rationibus
3288 1309 3349 1364 il-

1760 1407 1868 1461 lius
1913 1407 2148 1476 impetus
2180 1420 2305 1462 esse
2337 1404 2645 1461 discussos.
2692 1405 2883 1475 Itaque
2921 1420 3046 1459 cum
3096 1405 3151 1459 in
3198 1403 3352 1459 illius

1760 1495 2230 1552 confutationibus
2258 1496 2326 1551 de
2356 1495 2461 1552 fide
2493 1496 2631 1552 satis
2669 1503 2857 1567 aperte
2895 1495 3344 1561 disseruerimus,

1762 1587 2010 1644 sufﬁcere
2034 1587 2183 1642 istud
2201 1587 2559 1651 arbitramur,
2586 1602 2655 1643 ne
2688 1588 2735 1642 si
2762 1588 3001 1658 amplius
3024 1586 3231 1658 aliquid
3252 1585 3345 1642 ad-

1762 1681 1981 1745 damus,
2016 1680 2383 1735 molestiorem
2404 1681 2589 1752 operis
2629 1679 2794 1750 hujus
2827 1681 3115 1736 lectionem
3162 1695 3354 1752 super-

1762 1788 2003 1828 vacanea
2048 1772 2392 1843 longitudine
2426 1772 2714 1827 faciamus.
2760 1770 2866 1828 Sed
2896 1789 3068 1843 pauca
3097 1772 3348 1844 quaedam

1762 1866 2124 1921 nihilominus
2178 1862 2525 1919 retractanda
2596 1878 2663 1918 ac
2739 1863 2981 1919 breviter
3027 1864 3351 1934 exponenda

1763 1965 1892 2014 sunt
1936 1972 2003 2012 ex
2047 1956 2116 2012 iis
2161 1971 2303 2025 quae,
2360 1962 2483 2024 post
2522 1956 2833 2024 importuna
2886 1956 2972 2009 illa
3004 1955 3355 2027 absurdaqle

1762 2047 2017 2117 dogmata
2064 2044 2396 2101 insolentius
2436 2045 2617 2100 elatus
2667 2046 2722 2099 in
2787 2046 3072 2102 Christum
3117 2050 3383 2118 ejusque-

1764 2138 2029 2208 Spiritum
2060 2150 2339 2199 sanctum,
2373 2151 2484 2207 pra:
2513 2137 2803 2207 utriusque
2833 2139 2958 2193 odio
2986 2140 3194 2197 nefarie
3218 2155 3354 2196 con-

48 2288 53 2293 η
82 2228 225 2293 tulit;
252 2241 485 2298 quaeque
520 2227 588 2283 ab
629 2229 930 2300 impudenti
966 2232 1112 2289 illius
1166 2247 1232 2287 ac
1261 2232 1660 2305 discipulorum
1701 2233 1878 2304 ipsius
1903 2246 1998 2286 ore
2027 2229 2270 2301 profecta
2299 2238 2354 2285 et
2377 2229 2627 2285 inaudito
2674 2231 2914 2303 quodam
2975 2234 3145 2288 animi
3206 2233 3353 2289 fastu

82 2322 494 2391 arrogantiaque
560 2323 615 2376 in
671 2320 845 2379 Deum
902 2327 1464 2384 contumeliosissime
1531 2339 1662 2385 sunt
1696 2327 1967 2398 conjecta.

142 2415 213 2467 A'.
264 2408 438 2479 Οὗτος
470 2415 581 2491 γὰρ
619 2418 953 2490 ὲφαντάσθη,
986 2421 1081 2473 καὶ
1103 2422 1151 2474 oi
1175 2422 1271 2475 ἀπ’
1299 2422 1487 2487 αὑτοῦ,
1519 2423 1659 2497 ὑπὲρ

82 2507 244 2560 πάντα
272 2506 583 2577 ἄνθρωπον,
624 2510 724 2563 οὐκ
760 2511 852 2564 ἐπὶ
884 2511 963 2582 τῷ
994 2513 1193 2567 ειδέναι
1222 2514 1312 2567 τὸν
1346 2514 1483 2568 Θεὸν
1521 2517 1662 2569 κατὰ

85 2599 269 2666 πίστιν,
297 2599 437 2653 ἀλλά
476 2601 635 2671 φύσει
674 2602 828 2657 ’κατά
868 2603 1094 2676 εἴδησιν.
1163 2607 1250 2671 Ὠς
1283 2608 1378 2660 καὶ
1419 2607 1533 2662 ἄνω
1559 2625 1664 2661 που

84 2690 362 2763 ὑπέμνησα
406 2694 727 2762 φασκόντων
757 2696 939 2752 αὐτῶν
979 2699 1079 2770 οὐχ
1109 2698 1295 2763 ἁπλῶς
1339 2700 1537 2754 ειδέναι
1572 2701 1665 2753 τὸν

84 2782 201 2837 Θεὸν
244 2785 304 2837 ὲν
345 2784 545 2853 γνώσει
590 2788 852 2854 πίστεως,
898 2789 1013 2843 ἀλλ’
1063 2790 1139 2865 ὡς
1177 2791 1273 2844 ὲάν
1305 2791 1552 2864 γινώσκῃ
1581 2809 1664 2856 τις

88 2876 183 2928 πᾶν
211 2877 430 2946 ὁρατὸν,
477 2880 571 2932 καὶ
604 2881 795 2953 χερσὶν
822 2881 990 2936 αὑτοῦ
1023 2881 1426 2954 ψηλαφῶμενον
1452 2902 1468 2916 ·
1508 2885 1584 2948 ὡς
1613 2883 1669 2937 εἰ

86 2984 160 3030 τις
184 2967 337 3022 λάϐοι
377 2970 515 3041 μετά
558 2975 749 3043 χεῖρας
782 2973 953 3042 λίθον,
987 2975 1020 3045 ἢ
1057 2974 1233 3041 ξύλον,
1266 2976 1489 3048 nam;
1519 2975 1665 3038 τινὸς

1837 2419 1926 2475 ιν.
1967 2417 2066 2473 ilic
2106 2417 2255 2473 enim
2308 2415 2425 2487 ipse
2473 2431 2598 2471 cum
2654 2418 2772 2475 suis
2821 2418 2877 2474 in
2920 2433 3039 2475 eam
3079 2418 3337 2475 vanitatis

1765 2510 2061 2566 amentiam
2115 2506 2331 2572 incidit,
2366 2514 2427 2561 ut
2462 2522 2630 2578 supra
2674 2509 2936 2564 mortales
2962 2523 3155 2563 omnes
3184 2506 3354 2563 Deum

1767 2616 1827 2656 se
1857 2614 1965 2655 non
2000 2598 2104 2654 fide
2132 2597 2273 2663 sola,
2303 2597 2400 2654 sed
2430 2598 2653 2669 propria
2670 2599 2906 2669 quadam
2932 2599 3165 2654 scientia
3199 2614 3380 2676 com--

1769 2693 2112 2766 prehendere
2153 2693 2413 2763 iactaret.
2481 2693 2957 2759 Quemadmodum
3010 2695 3175 2766 paulo
3227 2703 3358 2752 ante
3445 2760 3465 2779 .

1772 2786 1995 2841 tuemini
2047 2785 2152 2841 hoc
2203 2784 2275 2840 ab
2327 2784 2438 2841 illis
2480 2784 2738 2857 usurpari
2791 2786 3011 2843 solitum
3048 2785 3259 2843 :Deuin
3296 2803 3357 2843 se

1769 2893 1882 2933 non
1911 2877 2047 2932 .fidei
2106 2876 2270 2932 modo
2321 2876 2720 2949 intelligentia,
2772 2877 2868 2933 sed
2917 2878 3141 2949 perinde
3173 2879 3358 2933 animo

1769 2970 2056 3040 concipere
2101 2985 2167 3024 ac
2216 2968 2446 3041 quilibet
2530 2970 2885 3040 aspectabilia
2940 2971 3045 3026 ista
3124 2986 3189 3027 ac
3236 2978 3357 3025 tra-

88 3062 205 3134 ὕλης
228 3065 513 3137 ιργαλεῖον
537 3082 551 3097 ·
579 3066 751 3132 οὕτως
777 3067 877 3141 ἔφη
944 3070 1037 3124 καὶ
1061 3062 1216 3135 οὗτος
1237 3073 1266 3125 ὁ
1285 3071 1565 3140 γεννάδας,
1583 3073 1665 3125 ὅτι

1837 3064 1992 3119 abilia
2039 3065 2375 3135 cognoscit:
2411 3073 2603 3137 utputa
2670 3066 2716 3122 si
2774 3067 2899 3137 quis
2956 3065 3212 3138 lapidem,
3262 3073 3359 3122 aut

88 3156 261 3222 οὕτως
282 3153 405 3212 οἶδα
422 3159 518 3212 τὸν
540 3159 697 3225 Θεὸν,
710 3159 900 3233 ὥσπερ
922 3162 1183 3234 ἐμαυτὸν,
1211 3161 1308 3216 καὶ
1329 3162 1390 3216 οὐ
1414 3161 1671 3216 τοσοῦτον

91 3246 193 3301 οἶδα
214 3248 474 3318 ἐμαυτὸν,
485 3250 560 3313 ὡς
571 3250 663 3304 τὸν
675 3252 829 3306 Θεόν.
843 3253 1044 3307 Λοιπὸν
1054 3253 1190 3307 δὲτά
1209 3254 1370 3327 μωρά
1383 3254 1561 3324 λέγειν
1575 3256 1671 3309 καὶ

92 3339 295 3394 ἀκούειν
312 3340 529 3405 πολλοῖς
554 3341 654 3413 μὲν
681 3342 829 3398 ἔστιν
850 3346 929 3409 εἰς
949 3345 1191 3416 ἀπάτην,
1210 3349 1323 3410 τοῖς
1341 3347 1402 3401 δὲ
1430 3349 1671 3411 ωνετοῖς

91 3437 161 3497 εἰς
174 3434 393 3506 χλεύην.
418 3434 515 3499 Τίς
534 3435 642 3506 γὰρ
660 3436 766 3490 τῶν
782 3437 1205 3509 φρενοϐλάϐειαν
1229 3439 1440 3515 ἑαυτοῖς
1466 3454 1671 3511 κεκτη*

94 3526 254 3596 μένων
284 3528 381 3581 καὶ
411 3529 734 3600 μεμηνότων
768 3532 829 3583 ού
862 3530 1085 3585 δύναται
1116 3533 1211 3587 καὶ
1243 3532 1439 3597 ἄλλους
1470 3533 1670 3604 ἐκμαί-

91 3634 212 3684 νειν,
240 3621 339 3673 κα)⁴
381 3620 615 3691 μάλιστα
644 3623 770 3687 τοὺς
800 3623 1204 3695 συνεπομένους
1248 3625 1344 3679 καὶ
1370 3625 1671 3679 ὑπακούον-

89 3713 292 3777 ταςςΕί
318 3714 434 3784 γάρ
460 3730 545 3778 τις
571 3714 856 3786 ἠρώτησαν
881 3717 1044 3770 αὐτὸν
1071 3718 1166 3771 καὶ
1192 3718 1321 3782 τοὺς
1347 3718 1441 3772 ἀπ’
1468 3717 1666 3772 αὐτοῦ’

92 3804 169 3876 Μή
211 3802 300 3877 μοι
342 3806 604 3878 διήγησαι
650 3806 784 3861 Θεὸν
826 3809 1028 3863 εἰδέναι
1069 3810 1161 3863 τὸν
1210 3811 1540 3884 ἀσύγκριτον
1577 3810 1672 3865 καὶ

93 3898 487 3971 ἀκατάληπτον,
518 3898 611 3952 τὸν
642 3898 787 3953 κατά
811 3901 873 3954 τὸ
911 3896 1050 3965 εἶδος
1078 3901 1179 3973 μὲν
1213 3902 1288 3975 μὴ
1312 3902 1673 3975 καταλαμϐα-

92 3989 323 4059 νόμενον,
348 3990 531 4044 πίστει
564 3991 622 4044 δὲ
651 3992 1054 4064 γινωσκόμενον
1086 3996 1201 4058 τοῖς
1233 3992 1405 4049 αὐτοῦ
1428 3994 1634 4059 δούλοις
1652 4011 1669 4026 ο

92 4077 215 4131 ἀλλά
252 4078 514 4151 διήγησαι
567 4097 658 4152 μοι
697 4080 829 4144 τοὺς
869 4081 1151 4154 πυθμένας
1189 4083 1290 4154 τῆς
1332 4085 1455 4156 γῆς,
1480 4084 1548 4138 τά
1576 4100 1673 4137 ταο

97 4174 233 4240 μιεῖα
258 4173 363 4244 τῆς
398 4172 673 4239 ἀϐύσσου,
696 4174 797 4238 τάς
837 4174 1047 4245 φλέϐας
1072 4178 1172 4249 τῆς
1207 4178 1508 4251 θαλάσσης,
1539 4177 1669 4251 ᾅδου

95 4263 175 4315 τὸν
204 4264 393 4327 τόπον,
427 4265 588 4336 ἀέρος
618 4264 687 4321 τὰ
720 4268 922 4339 μέτρα,
942 4268 1189 4340 οὐρανῶν
1217 4269 1282 4322 τὸ
1307 4265 1447 4332 εἶδος
1475 4270 1571 4322 καὶ
1604 4268 1673 4322 τὰ

97 4353 251 4425 πάχη,
298 4354 355 4408 τί
378 4354 439 4408 τὸ
470 4356 637 4426 ἄκρον
666 4356 779 4410 τῶν
809 4358 941 4416 ἀνω.
974 4357 1026 4411 τί
1060 4359 1120 4412 τὸ
1147 4359 1330 4431 τέρμα
1357 4360 1465 4414 τῶν
1496 4359 1667 4426 κάτω,

96 4445 141 4496 τί
172 4448 225 4498 ὲν
253 4446 425 4517 δεξιᾷ,
448 4446 503 4500 τί
527 4449 585 4501 ὲν
614 4446 1065 4519 εὐωνύμοιςοτῆς
1099 4448 1671 4520 κτίσεως,τῆςὲαυτοῦ

98 4537 334 4603 πλάσεως
364 4540 427 4593 τὸ
450 4539 716 4612 διήγημα,
746 4539 856 4593 τῶν
878 4542 969 4595 ἐπὶ
1001 4543 1101 4614 τῆς
1126 4544 1229 4614 γῆς
1256 4541 1556 4615 ἀμυθήτων
1580 4543 1675 4597 τὸν

96 4631 312 4703 ἀριθμὸν
348 4634 443 4687 καὶ
474 4634 543 4688 τά
578 4635 753 4707 μέτρα
777 4651 790 4664 ·
828 4634 1016 4689 λοιπὸν
1048 4634 1225 4688 ταῦτα
1249 4635 1489 4705 ἤκουσαν
1513 4637 1553 4702 ³,
1599 4635 1676 4701 ὡς

96 4722 400 4794 ἠκούσαμεν
429 4723 575 4795 παρὰ
597 4724 705 4777 τῶν
735 4724 827 4777 ὑπ’
860 4723 1026 4778 αὐτοῦ
1051 4725 1447 4796 ἠπατημένων,
1480 4728 1560 4790 εἰς
1589 4744 1677 4781 σο·-

98 4814 338 4879 statim
355 4815 659 4885 προφάσεις
680 4815 1149 4886 παρεκκλίναντες
1178 4818 1455 4889 εἰρωνείᾳ,
1488 4818 1674 4873 λοιπὸν

98 4903 331 4974 λέγουσιν
363 4906 459 4961 ἀπ’
483 4907 695 4961 ἐκείνου
737 4908 1137 4980 μεμαθηκότες,
1159 4911 1241 4963 ὅτι
1282 4911 1468 4966 Πάντα
1501 4912 1675 4967 ταῦτα

100 4998 157 5050 τὰ
178 4999 465 5070 σωματικά
484 5001 624 5063 ἐστι,
652 5001 749 5053 καὶ
775 5000 836 5053 ού
857 5000 1132 5071 δυνάμεθα
1160 5001 1379 5058 εἰδέναι.
1412 5003 1517 5056 Τὸν
1540 5003 1673 5059 Θεὸν

99 5088 148 5142 δὲ
198 5091 289 5144 τὸν
338 5091 479 5144 αὑτά
522 5091 861 5162 πεποιηκότα
919 5091 1143 5164 οἴδαμεν
1195 5093 1383 5162 σαφῶς
1429 5095 1673 5160 ποταπός

100 5179 237 5247 ἐστι,
269 5184 369 5235 καὶ
416 5181 535 5246 πῶς
584 5184 731 5248 ἐστι,
774 5184 869 5237 καὶ
899 5178 1012 5248 οἷός
1045 5185 1192 5248 ἐστι,
1240 5187 1336 5240 καὶ
1382 5187 1468 5251 τίς
1537 5189 1668 5241 ἐστι.

101 5273 187 5337 Τίς
210 5274 266 5328 δὲ
304 5274 549 5339 ἀκούσας
574 5274 748 5328 ταῦτα
778 5277 877 5330 ούκ
922 5276 988 5330 ἀν
1027 5277 1450 5347 καταγελάσειεν
1479 5278 1669 5345 εύθύς;

103 5363 292 5434 Εύηθες
324 5367 436 5438 γάρ
464 5368 581 5419 ἔστι
608 5368 671 5421 τὸ
700 5367 841 5434 ὅλον,
863 5369 946 5422 ὅτι
971 5368 1062 5422 τὸν
1095 5371 1365 5441 τεχνίτην,
1392 5370 1484 5423 καὶ
1511 5371 1674 5439 ἀσύγ-

102 5472 292 5525 κριτον,
330 5459 429 5512 καὶ
461 5458 852 5531 ἀνεκδιήγητον
882 5458 1032 5527 λέγει
1059 5460 1277 5526 εἰδέναι,
1307 5462 1401 5515 καὶ
1431 5462 1674 5534 ἡκριϐως

105 5547 261 5605 κέναι*
286 5552 416 5623 (καὶ
462 5552 574 5606 εἴθε
596 5551 749 5621 ἔλεγε
774 5554 841 5624 τῇ
870 5552 1051 5605 πίστει
1079 5552 1276 5607 εἰδέναι
1306 5554 1398 5607 καὶ
1428 5532 1671 5627 ἠκριϐωί

190 5706 203 5736 ¹
233 5706 366 5781 Reg.
393 5708 645 5780 ἤκουσας.
677 5708 841 5765 Forte
874 5708 1132 5773 ὠςταῦτα
1164 5712 1421 5786 ηκοδσαν.

1770 3156 2013 3226 lignum,
2072 3156 2159 3211 vel
2227 3157 2456 3212 alterius
2500 3158 2743 3212 materiae
2778 3158 3206 3213 instrumentum
3264 3174 3357 3215 ca-

1770 3250 1881 3319 piat
1920 3265 1934 3303 :
1967 3249 2037 3303 ita
2102 3249 2323 3319 quidem
2381 3249 2560 3305 audax
2611 3251 2703 3307 ille
2766 3264 2829 3304 ac
2896 3252 3222 3310 temerarius
3278 3254 3358 3309 lo-

1769 3339 2003 3410 quitur:
2035 3337 2170 3395 Tam
2228 3339 2398 3396 Deum
2467 3342 2750 3413 intelligo,
2815 3359 2978 3414 quam
3025 3360 3113 3401 me
3144 3346 3357 3417 ipsum;

1770 3430 1902 3497 imo,
1938 3437 2051 3483 tam
2078 3445 2164 3484 me
2194 3430 2374 3500 ipsum
2423 3444 2534 3486 non
2579 3433 2747 3498 novi,
2795 3448 2962 3504 quam
3014 3432 3205 3489 Deum.
3255 3435 3360 3493 Ve-

1770 3533 1896 3576 rum
1956 3534 2134 3593 nugas
2181 3521 2321 3577 istas
2395 3522 2540 3578 ultra
2613 3523 2881 3581 discendo
2940 3525 3233 3596 persequi,
3272 3526 3359 3583 vel

1771 3611 1982 3678 audire,
2034 3613 2114 3668 uti
2179 3613 2437 3685 pluribus
2505 3613 2751 3670 fraudem
2796 3630 2861 3671 ac
2902 3615 3222 3686 perniciem,
3281 3615 3360 3673 ita

1772 3706 2111 3777 sapientibus
2140 3706 2313 3761 risum
2356 3721 2419 3761 ac
2453 3706 2749 3762 ludibrium
2800 3709 3127 3764 consciscet.
3157 3710 3361 3780 Ecquis

1771 3800 1917 3854 enim
1953 3801 2154 3856 mentis
2205 3800 2458 3855 vecordia
2531 3815 2597 3855 ac
2643 3799 2829 3857 furore
2862 3802 3106 3871 percitus
3133 3802 3270 3859 alios
3302 3802 3359 3858 in

1772 3889 2021 3946 eamdem
2058 3890 2330 3945 insaniam
2372 3892 2611 3957 trahere,
2653 3892 2958 3962 praesertim
2992 3894 3361 3963 obsequentes

1773 3983 1877 4038 sibi
1906 3997 1969 4038 ac
2006 3983 2154 4038 dioto
2203 3983 2519 4048 audientes,
2556 4000 2665 4039 non
2704 3983 2920 4053 possit?
2959 3982 3113 4051 Quod
3149 3987 3195 4042 si
3234 3986 3361 4057 quis

1774 4075 1950 4140 illum,
1998 4075 2081 4129 vel
2119 4073 2288 4146 99o
2334 4074 2637 4145 discipulos
2691 4084 2949 4146 rogaret:
2988 4075 3067 4132 Ne
3109 4082 3166 4132 tu
3226 4078 3361 4133 mihi

1775 4166 2220 4237 incomparabilis
2241 4173 2294 4221 et
2317 4167 2894 4237 incomprehensibilis
2946 4165 3040 4222 Dei
3072 4167 3359 4223 scientiam

1769 4258 2011 4330 jactites.
2055 4258 2218 4327 cujus
2285 4256 2518 4313 formam
2567 4258 2788 4329 quidem
2824 4273 2887 4313 ac
2919 4269 3172 4314 naturam
3211 4274 3362 4314 asse-

1774 4352 1865 4421 qui
1898 4355 2058 4405 nemo
2090 4356 2289 4420 potest,
2325 4349 2430 4404 fide
2462 4365 2593 4405 vero
2618 4351 2687 4406 ab
2730 4350 2909 4421 ipsius
2947 4349 3124 4407 servis
3171 4358 3365 4407 utcun-

1774 4459 1880 4513 que
1894 4443 2151 4514 cognosci
2184 4450 2366 4514 potest
2387 4460 2401 4509 ;
2421 4443 2517 4499 sed
2541 4444 2644 4498 hoc
2671 4444 2832 4499 velint
2859 4444 3018 4500 nobis
3050 4445 3357 4502 edisseras:

1772 4534 2127 4591 fundamenta
2159 4544 2322 4591 terra:
2360 4551 2482 4606 quae
2534 4536 2668 4600 sint,
2718 4548 2949 4608 quaeque
2982 4538 3163 4610 abyssi
3204 4537 3365 4608 peni-

1772 4629 1914 4684 tiora
1953 4630 2328 4699 receptacula;
2367 4630 2537 4686 maris
2563 4644 2758 4698 venas,
2792 4632 3099 4687 inferorum
3128 4631 3361 4686 domici-

1772 4720 1904 4775 lium
1934 4759 1951 4786 ,
1998 4720 2141 4775 aeris
2177 4733 2491 4786 mensuras,
2533 4722 2841 4778 caelestium
2874 4721 3090 4778 orbium
3129 4722 3361 4777 formam

1772 4828 1837 4868 ac
1867 4813 2333 4881 crassitudinem;
2368 4815 2649 4885 quodnam
2695 4829 2970 4871 summum
3004 4829 3170 4887 supra
3212 4817 3360 4887 quod

1776 4906 1919 4962 infra
1951 4908 2024 4965 sit
2090 4908 2361 4973 infimum,
2395 4907 2528 4979 quid
2562 4907 2630 4963 ad
2654 4908 2932 4965 dexteram
2981 4910 3070 4972 sit,
3106 4908 3237 4982 quid
3290 4908 3359 4963 ad

1774 5000 2078 5057 sinistram.
2111 5000 2195 5057 Ad
2244 5001 2360 5055 inec
2383 5008 2693 5057 creatarum
2728 5014 2910 5056 rerum
2946 5009 3219 5066 naturam,
3250 5001 3359 5054 tu:-

1776 5109 1883 5163 que
1919 5093 2057 5150 adeo
2089 5094 2428 5149 molitionem
2456 5094 2723 5163 explices,
2759 5101 2875 5148 tum
2897 5106 3088 5148 eorum
3109 5093 3355 5147 omnium

1776 5200 2065 5243 numerum
2100 5184 2421 5255 modosque,
2463 5199 2586 5255 quae
2633 5186 2796 5241 terris
2826 5183 3038 5239 infinita
3068 5184 3357 5239 contineri--

1776 5285 1882 5332 tur.
1922 5275 2049 5330 Haec
2088 5290 2213 5331 cum
2258 5276 2368 5332 illis
2402 5276 2763 5346 objiciuntur.
2796 5284 2857 5331 ut
2886 5276 2955 5331 ab
2980 5276 3128 5331 illius
3182 5284 3358 5330 secta-

1774 5369 1985 5426 toribus
2007 5368 2199 5424 audire
2226 5367 2471 5433 memini,
2507 5367 2574 5423 ad
2599 5368 2899 5440 sophistica
2930 5368 3178 5438 quaedam
3213 5382 3356 5423 com-

1774 5468 1956 5519 menta
2007 5461 2495 5531 cavillationesque
2550 5472 2674 5516 sese
2744 5466 3116 5527 convertunt,
3185 5466 3238 5514 et
3290 5472 3354 5515 ett

1774 5555 1922 5612 illius
1953 5552 2273 5627 praescripto
2313 5552 2388 5608 ita
2433 5538 2762 5624 respondent
2797 5571 2809 5608 :
2844 5549 2969 5608 Haec
3002 5554 3185 5608 omnia
3228 5564 3353 5607 cor-
