3838 6308
429 327 537 384 635

1817 331 1872 383 s.
1916 299 2254 383 Epipn'ANtt

3600 326 3699 383 658

435 457 594 512 porca
647 449 794 505 sunt,
830 460 927 498 nec
974 459 1002 497 a
1057 445 1215 499 nobis
1272 444 1473 514 pt‘rcipi
1527 450 1774 512 possunt.
1829 442 1995 495 Deum

2134 440 2254 511 έναι
2275 455 2287 468 ·
2314 438 2451 493 ἀλλὰ
2470 438 2541 509 μὴ
2564 440 2704 492 κατά
2727 439 2929 510 εἷδησίν
2949 457 3071 493 τινα
3088 439 3458 510 ιζηλαφήσεως
3475 439 3701 509 ἐτόλμα.

436 553 584 600 vero,
613 538 705 605 qui
757 538 870 592 hare
916 539 1032 607 ipsa
1074 538 1336 601 condidit,
1371 537 1656 590 manifeste
1689 532 2001 603 hujusmodi

436 626 528 690 sit,
562 641 736 694 quove
769 627 948 691 modo,
973 643 1036 681 ae
1065 628 1265 697 qualis,
1303 627 1492 696 quisve
1533 627 1605 680 sit
1633 624 2005 694 intelligimus.

437 717 571 782 Quis
602 717 714 770 haec
749 717 867 771 sine
922 720 1038 771 risu
1076 719 1248 788 possit
1272 716 1496 771 audire?
1532 715 1623 770 Est
1671 714 1815 769 enim
1850 713 2010 782 longe

438 805 569 861 illud
612 822 743 862 sane
801 809 1187 863 stultissimum
1229 809 1557 863 :Summum
1611 809 1763 861 illum
1828 815 1880 861 ct
1922 808 2000 860 in-

436 899 858 967 comparabilem
907 900 1178 969 Opiﬁccm,
1224 903 1316 970 qui
1360 903 1508 956 nullo
1546 917 1795 956 sermone
1824 900 2008 954 decla-

443 988 550 1039 rari
603 996 800 1057 potest,
869 989 1009 1043 seire
1064 1005 1143 1053 se,
1210 998 1371 1060 atque
1405 999 1656 1043 accurate
1703 991 2010 1059 percepisse

441 1076 703 1140 proﬁteri.
757 1078 954 1146 (Atque
1010 1081 1216 1133 utinam
1269 1079 1370 1134 lide
1409 1080 1602 1134 saltem
1647 1078 1796 1132 illum
1830 1079 2007 1148 ipsum

441 1162 584 1216 scire
616 1178 697 1227 se,
736 1179 840 1218 non
880 1165 1027 1219 velut
1079 1175 1421 1221 contrectare
1477 1168 1728 1223 manibus
1769 1166 2008 1222 incredi-

444 1253 537 1306 bili
566 1255 794 1308 audacia
827 1256 1185 1326 praedicarent
1211 1259 1250 1328 '.)
1297 1258 1512 1312 Interim
1540 1273 1671 1312 vero
1701 1267 1914 1313 creatas
1944 1257 2010 1312 ab

2109 528 2201 580 καὶ
2239 527 2478 597 τολμῶσι
2512 524 2806 594 λέγεινῦτά
2830 527 2887 581 δὲ
2923 527 3012 580 ὑπ’
3060 527 3225 579 αὑτοῦ
3293 528 3570 597 γενόμενα
3612 528 3701 580 τοῦ

2115 619 2468 690 ἀσυγκρίτου,
2520 618 2610 671 διὰ
2650 618 2710 670 τὸ
2751 617 2894 670 κατὰ
2944 619 3003 670 τὸ
3043 613 3182 680 εἶδος
3223 617 3510 687 δυνάμενα
3556 627 3706 689 παρὰ

2114 713 2220 765 τῶν
2262 709 2508 781 ὁρώντων
2557 709 3100 781 ὑπερθαυμάζεσθαι,
3159 710 3388 778 φάσκειν
3437 709 3613 763 αὐτόν
3648 727 3704 762 τε

2115 805 2207 857 καὶ
2256 804 2381 866 τοὺς
2433 801 2599 855 αὐτοῦ
2647 801 2729 872 μὴ
2770 801 3006 855 εἰδέναιο
3068 801 3301 872 μάλιστα
3359 801 3550 871 πάντη
3601 801 3706 853 τῶν

2115 896 2272 947 θείων
2319 893 2551 964 Γραφῶν
2597 893 2784 962 σαφῶς
2845 894 2972 964 περὶ
3014 893 3151 946 Θεοῦ
3206 892 3604 965 κηρυττουσῶν
3649 891 3708 944 τὸ

2114 987 2344 1056 ἀόρατον
2377 984 2537 1037 αὑτὸν
2586 979 2760 1050 εῖναι,
2803 983 2895 1037 καὶ
2925 985 3335 1053 ἀκατάληπτον,
3377 983 3482 1037 καὶ
3509 984 3705 1051 ἀπεριι

2115 1077 2336 1146 νόητον,
2395 1075 2554 1146 μόνον
2600 1074 2658 1127 δὲ
2699 1075 2877 1128 πίστει
2922 1077 2980 1128 ἑν
3009 1075 3237 1147 ἀληθείᾳ
3269 1075 3704 1145 γινωσκόμενον,

2113 1169 2193 1221 ὅτι
2239 1166 2382 1233 ἐστι,
2439 1166 2534 1219 καὶ
2577 1167 2688 1229 τοῖς
2735 1165 3023 1234 ἀγαπῶσιν
3077 1167 3240 1220 αὐτὸν
3293 1165 3706 1238 μισθαποδότης

2115 1259 2340 1327 γίνεται.

445 1349 857 1416 incomparabili
914 1350 1006 1404 illo
1057 1365 1144 1405 res
1173 1365 1385 1413 omnes,
1429 1366 1548 1421 qua:
1583 1353 1636 1404 in
1673 1365 1770 1405 sua
1803 1365 2016 1420 quaque
2055 1351 2235 1419 specie
2282 1349 2642 1405 considerata:
2687 1358 3022 1420 spectatores
3065 1349 3213 1419 ipsos
3253 1349 3338 1404 sui
3399 1349 3461 1402 in
3517 1346 3692 1399 admi-

447 1437 713 1492 rationem
753 1440 970 1494 trahere
1029 1448 1279 1510 possunt,
1316 1457 1513 1512 negare
1544 1442 1696 1495 illum
1737 1456 1859 1495 cum
1902 1441 2018 1496 suis
2053 1456 2082 1494 a
2121 1456 2180 1495 se
2209 1440 2488 1511 cognosci.
2511 1439 2817 1495 Praesertim
2847 1453 2968 1493 cum
2993 1439 3196 1507 ubique
3241 1453 3413 1492 saera:
3476 1435 3703 1490 Littera:

446 1529 512 1583 de
542 1527 650 1583 Deo
683 1536 971 1593 testentur,
1044 1547 1221 1602 neque
1265 1533 1439 1587 oculis
1477 1533 1651 1600 ipsum
1704 1531 1933 1600 percipi,
1987 1545 2162 1600 neque
2218 1528 2628 1598 comprehendi,
2680 1544 2781 1582 nec
2827 1527 3009 1580 animo
3043 1525 3271 1596 cogitari
3317 1541 3535 1595 posse;
3600 1524 3704 1580 sed

445 1621 500 1676 id
534 1637 700 1675 unum
727 1621 792 1676 de
824 1622 914 1674 illo
944 1637 1008 1676 ex
1040 1623 1118 1677 rei
1164 1624 1388 1678 veritate
1442 1624 1646 1694 percipi
1687 1641 1699 1677 :
1737 1623 1892 1689 Quod
1927 1623 2020 1686 sit,
2061 1620 2320 1692 quodque
2348 1621 2640 1691 diligentes
2667 1634 2726 1675 se
2757 1625 3137 1674 remuneretur
3161 1617 3200 1671 ‘.

515 1709 580 1763 V.
609 1709 724 1764 Jam
763 1726 892 1764 vero
948 1712 1162 1780 quoties
1213 1727 1401 1767 eorum
1444 1712 1662 1782 aliquis,
1694 1712 1787 1782 qui
1821 1711 1888 1766 de
1918 1709 2011 1765 Dei

2191 1683 2264 1763 Εἰ.
2306 1683 2478 1764 Ὅταν
2500 1710 2556 1763 δέ
2578 1727 2662 1774 τις
2693 1711 2875 1772 αὐτοῖς
2917 1708 3046 1777 εἴπῃ
3073 1707 3178 1760 τῶν
3208 1683 3385 1778 ὀρθῶς
3413 1707 3554 1778 περὶ
3573 1707 3710 1761 Θεοῦ

446 1798 642 1869 gloria,
679 1798 803 1861 ﬁde,
836 1800 1100 1852 charitate
1137 1808 1191 1853 et
1236 1801 1773 1870 incomprehensibili
1816 1807 2012 1853 natura

2134 1798 2292 1868 ῑόξης,
2323 1797 2556 1861 πίστεώς
2583 1815 2665 1863 τε,
2693 1799 2787 1851 καὶ
2815 1796 3054 1866 ἀγάπης,
3080 1797 3172 1849 καὶ
3197 1796 3594 1865 ἀκαταληψίας
3623 1798 3706 1849 80-

449 1897 596 1943 reete
624 1891 887 1955 sentiunt,
919 1891 1019 1944 hoc
1043 1891 1148 1944 illis
1169 1890 1364 1960 objicit
1389 1910 1401 1944 :
1434 1891 1698 1948 Novinius
1717 1893 2016 1960 incompre-

448 1980 766 2036 hensibilem
807 1981 994 2047 Deum,
1033 1983 1124 2050 qui
1159 1999 1258 2037 nec
1291 1983 1467 2037 oculis
1498 1984 1688 2048 videri,
1719 1999 1820 2038 nec
1845 1983 2017 2052 expli-

416 2070 560 2123 -cari
619 2085 870 2124 sermone
935 2079 1146 2141 potest;
1192 2087 1314 2126 eum
1378 2088 1497 2134 nos,
1538 2073 1784 2143 inquam,
1826 2085 2015 2127 revera

448 2165 853 2233 cognoscimus,
909 2165 1006 2220 sed
1058 2182 1156 2220 nec
1197 2168 1582 2236 aspectabilem
1617 2175 1669 2221 et
1703 2169 2014 2236 incompre-

450 2253 771 2308 liensibilem
813 2270 935 2310 esse
985 2257 1211 2311 scimus.
1254 2258 1332 2311 Ad
1370 2259 1480 2312 haec
1517 2275 1667 2313 nova:
1706 2260 1809 2314 istc
1847 2259 2016 2313 diale-

449 2345 604 2398 ctica:
642 2345 972 2400 architectus
995 2347 1290 2412 illudendo,
1321 2363 1384 2401 ac
1413 2349 1710 2403 deridendo
1751 2350 1893 2402 velut
1938 2348 2016 2402 fa-

454 2433 633 2491 bulam
665 2434 957 2503 quamdam
1018 2439 1315 2491 contexuit.
1354 2437 1580 2491 Cuinam
1624 2453 1754 2508 ergo
1790 2454 1887 2493 vos
1920 2454 2014 2492 ve-

452 2523 729 2592 stramque
775 2523 930 2578 iidem
992 2526 1244 2590 similem,
1313 2527 1509 2596 inquit,
1557 2543 1678 2582 esse
1735 2527 2018 2581 dixerim?

452 2609 719 2691 Nimirum
743 2613 962 2679 vitiatae,
997 2613 1060 2668 ac
1091 2599 1465 2678 traicimsurdac
1495 2625 1762 2685 inuueque
1786 2617 2012 2687 virgini:

345 2773 364 2792 .
453 2701 539 2755 cui
572 2702 788 2770 quidem
839 2703 996 2772 991
1043 2705 1284 2759 oblatum
1311 2720 1432 2760 esse
1465 2715 1712 2775 stuprum
1758 2707 1851 2775 qui
1896 2721 2016 2760 eam

454 2800 656 2845 norunt
705 2806 896 2847 omnes
932 2793 1262 2864 intelligunt.
1304 2798 1372 2847 At
1428 2795 1474 2848 si
1511 2795 1634 2864 quis
1676 2796 1769 2849 ille
1803 2796 2021 2849 vitiator

454 2880 617 2935 fuerit
669 2881 992 2951 interroges,
1048 2898 1388 2953 nequaquam
1429 2883 1644 2946 audiat;
1703 2898 1880 2952 neque
1926 2891 2021 2935 aut

455 2972 604 3025 illum
640 2981 858 3041 propter
881 2975 1180 3031 caecitatem
1211 2976 1392 3029 v-iderc
1413 2975 1607 3044 potuit,
1631 2984 1725 3028 aut
1758 2973 2018 3039 iudicare,

458 3061 603 3130 quod
635 3072 780 3116 muta
804 3065 894 3126 sit,
919 3071 1116 3134 potest.
1143 3064 1330 3120 Merito
1357 3065 1520 3134 igitur
1551 3065 1602 3118 in
1627 3066 1803 3133 ipsum
1829 3065 2024 3134 ipsius-

2121 1888 2420 1955 ξαζόντων,
2491 1889 2571 1941 ὅτι
2607 1889 2795 1957 Ἡμεῖς
2840 1887 3061 1957 οἴδαμεν
3105 1887 3238 1941 Θεὸν
3288 1887 3705 1958 ἀκατάληπτον,

2119 1980 2252 2032 Θεὸν
2273 1979 2522 2048 ἀόρατον,
2545 1979 2932 2049 ἁνεκδιήγητον
2951 1994 2964 2008 °
2990 1978 3212 2048 οἴδαμεν
3233 1979 3289 2031 δὲ
3310 1980 3481 2032 αὐτὸν
3512 1979 3706 2044 ὅντως,

2119 2071 2247 2124 ὄντα
2275 2071 2328 2124 δὲ
2359 2072 2590 2141 ἀόρατον
2616 2070 2712 2123 καὶ
2737 2069 3124 2140 ἀκατάληπτον
3145 2087 3156 2099 ·
3188 2071 3706 2143 ὲπισκωμματικῶς

2121 2162 2213 2215 καὶ
2237 2161 2478 2224 κωτίλως
2505 2161 2688 2215 λοιπὸν
2714 2162 2790 2226 ὡς
2823 2161 2989 2232 μῦθόν
3021 2179 3143 2215 τινα
3166 2162 3537 2234 διηγούμενος
3566 2163 3706 2216 ὲτόλι

2125 2269 2293 2323 μησεν
2334 2247 2486 2314 οὗτος
2518 2252 2546 2303 ὁ
2574 2251 2670 2323 τὴν
2715 2251 2907 2323 καινὴν
2940 2251 3280 2322 διαλεκτικὴν
3315 2255 3452 2322 ἡμῖν
3483 2252 3668 2324 φέρων
3688 2269 3702 2281 ·

2121 2345 2238 2396 Τίνι
2286 2339 2379 2396 οὖν
2431 2343 2662 2408 ἐοίκατε,
2723 2343 2819 2396 καὶ
2867 2344 2900 2414 η
2957 2343 3111 2414 ὑμῶν
3169 2344 3384 2408 πίστις;
3442 2343 3704 2414 παρθένῳ

2122 2435 2420 2507 φθαρείσῃ,
2461 2434 2596 2507 οὔσῃ
2639 2434 2695 2487 δὲ
2737 2434 2929 2506 τυφλῇ,
2969 2434 3065 2486 καὶ
3095 2436 3288 2505 κωφῇ,
3336 2434 3431 2488 καὶ
3478 2433 3701 2502 ἀλάλῳ·

2121 2527 2276 2596 ἥτις,
2320 2526 2398 2578 ὅτι
2453 2525 2552 2595 μὲν
2591 2525 2892 2597 ἔφθαρται,
2941 2527 3071 2578 πᾶσι
3107 2515 3314 2596 πέφηνε
3361 2529 3481 2590 τοῖς
3533 2526 3704 2594 αὐτὴν

2123 2615 2515 2685 γινώσκουσιν·
2575 2615 2903 2687 ἐρωτωμένη
2954 2615 3008 2669 δὲ
3067 2615 3152 2680 τίς
3200 2619 3227 2670 ὁ
3273 2616 3553 2687 φθορεὺς,
3609 2618 3706 2668 οὐκ

2125 2707 2338 2771 ἀκούει,
2375 2708 2461 2762 ἵνα
2499 2707 2677 2778 μάθῃ·
2725 2709 2819 2760 καὶ
2857 2705 2979 2760 οὔτε
3017 2706 3227 2777 ἑώρακε
3251 2707 3342 2760 τὸν
3386 2707 3700 2778 φθείροντα,

2124 2801 2211 2854 διὰ
2256 2800 2318 2852 τὸ
2339 2798 2734 2868 τετυφλῶσθαι,
2775 2798 2898 2852 οὔτε
2922 2801 3251 2868 ἀπαγγεῖλαι
3279 2799 3623 2871 δύναται,διά
3650 2801 3708 2853 τὸ

2125 2890 2337 2945 ἄλαλον.
2394 2890 2480 2952 Ὠς
2532 2885 2672 2943 εἶναι
2719 2890 3088 2962 ἀντιστρόφως
3128 2892 3264 2961 πρὸς
3297 2893 3463 2946 αὐτὸν
3502 2895 3598 2946 καὶ
3619 2894 3705 2945 τὸν

2134 2983 2294 3036 αὑτοῦ
2329 2981 2517 3053 μῦθον,
2553 2981 2694 3036 κατά
2725 2983 2786 3035 τὸ
2806 2983 3186 3055 γεγραμμένον
3209 3001 3224 3015 ⁸
3253 2985 3652 3052 Ἐπιστρέψαι
3679 2988 3708 3036 o'

2130 3077 2315 3139 πόνος
2338 3073 2524 3127 αὑτοῦ
2555 3076 2643 3138 εις
2671 3073 2950 3142 κεφαλὴν
2981 3073 3188 3128 αὑτοῦ.
3229 3075 3336 3128 Καὶ
3360 3075 3708 3145 ἐμπεσεῖται

457 3161 578 3223 que'
615 3169 919 3208 sermonem
955 3155 1084 3209 illud
1119 3171 1149 3210 e
1182 3156 1465 3225 Scriptura
1509 3163 1826 3225 retorquere
1867 3157 2022 3212 licet:

2134 3168 2215 3230 είς
2239 3137 2468 3233 ,βόθρον
2505 3163 2578 3217 ὃν
2621 3137 2976 3234 εἰργάσατο·
3026 3166 3123 3220 καὶ
3159 3166 3229 3221 τὰ
3271 3137 3485 3231 τούτοις
3530 3169 3708 3236 ὃμοια.

459 3243 805 3297 Convcrtatur
840 3243 990 3296 labor
1012 3245 1125 3313 ejus
1170 3245 1219 3298 in
1266 3254 1422 3314 caput
1460 3247 1648 3313 ipsius,
1673 3256 1721 3300 et
1754 3246 1943 3300 incidet
1975 3249 2029 3301 in

460 3333 662 3401 foveam
691 3349 849 3396 quam
887 3332 1009 3401 fecit
1033 3335 1074 3398 ³,
1128 3352 1190 3389 ac
1223 3343 1418 3389 caetera
1450 3335 1502 3389 id
1534 3351 1724 3404 genus.
1751 3335 1848 3389 Hic
1882 3337 2026 3390 enim

461 3423 591 3476 caeci
637 3424 831 3478 similis
857 3435 961 3485 est,
1005 3423 1096 3494 qui
1132 3439 1255 3479 cum
1307 3441 1371 3479 ea
1404 3425 1712 3480 calamitate
1754 3437 1917 3480 natus
1953 3427 2032 3481 lo-

461 3524 661 3587 quatur
685 3517 979 3587 audiulque
1014 3535 1176 3588 quam
1229 3519 1482 3589 plurima,
1529 3535 1594 3574 ac
1635 3521 1760 3575 licet
1793 3521 1925 3586 albi,
1966 3537 2032 3577 ac

461 3611 625 3680 nigri,
677 3611 919 3673 caerulei,
967 3611 1196 3680 prasini,
1265 3611 1390 3676 rufi,
1440 3628 1503 3667 ac
1556 3624 1874 3667 cancrorum
1913 3629 1943 3666 a
1974 3629 2033 3670 se

464 3697 892 3766 discrepantium
940 3698 1210 3761 colorum,
1242 3712 1453 3752 necnon
1484 3706 1537 3752 et
1581 3699 1720 3757 lucis
1776 3714 1840 3752 ac
1880 3709 2031 3752 tene-

464 3789 690 3842 brarum
717 3787 981 3841 vocabula
1016 3793 1351 3856 pronuntiet,
1383 3804 1503 3858 quae
1524 3789 1802 3844 auditione
1829 3791 2036 3844 didice-

462 3879 578 3942 rit,
625 3879 820 3934 horum
881 3886 1062 3934 tamen
1109 3879 1336 3950 ﬁgurant
1396 3895 1461 3934 ac
1506 3882 1741 3951 speciem
1813 3882 2038 3938 minime

469 3970 769 4040 cognoscit,
808 3985 908 4024 nec
937 3970 1242 4040 cujusmodi
1271 3971 1342 4024 sit
1363 3971 1634 4040 explicare
1667 3978 1865 4041 potest,
1891 3972 2037 4042 quod

469 4063 539 4116 ab
573 4071 726 4116 utero
760 4061 951 4117 matris
993 4076 1170 4117 caicus
1211 4062 1494 4132 prodierit,
1539 4078 1604 4116 ac
1643 4064 1872 4132 proinde
1924 4064 2034 4120 sin-

470 4153 725 4223 gulorum
757 4154 1095 4222 qualitatem.
1141 4152 1462 4208 discrimina
1521 4153 1790 4224 ﬁgurasve
1828 4155 2038 4210 discer-

471 4259 600 4300 nere
628 4253 887 4315 nequeat.
954 4245 1245 4310 Quodlibct
1297 4248 1440 4301 enim
1481 4247 1713 4303 istorum
1755 4250 2039 4304 nominum

472 4353 733 4393 sensuum
805 4340 1136 4407 perceptioni
1212 4341 1668 4410 experientizeque
1750 4351 2043 4398 consenta-

475 4445 629 4484 neam
666 4431 903 4500 speciem
939 4432 1212 4500 exprimit,
1247 4433 1340 4486 sed
1385 4450 1447 4487 ea
1478 4450 1731 4490 sermone
1772 4435 2041 4490 declarari

473 4521 520 4573 ei
558 4521 648 4588 qui
677 4536 781 4574 non
818 4521 962 4574 illam
994 4523 1170 4576 oculis
1197 4525 1496 4592 usurparit,
1533 4542 1708 4595 neque
1735 4535 1881 4581 tactu
1914 4543 2041 4597 pro-

476 4612 590 4665 bari
647 4612 1004 4679 dijudirarive
1067 4623 1264 4682 potest.
1298 4617 1475 4678 Quare
1510 4620 1645 4670 cum'
1688 4620 1816 4672 caeci
1875 4620 1949 4673 illi
1975 4620 2043 4676 de

476 4704 608 4758 iisce
645 4705 922 4758 coloribus
972 4706 1328 4770 disserentes,
1371 4709 1464 4776 qui
1511 4724 1635 4762 cum
1669 4712 1824 4779 nigro
1847 4712 2042 4766 candi-

476 4797 626 4858 dum,
653 4798 879 4854 viridem
895 4815 1018 4855 cum
1038 4800 1290 4866 caeruleo,
1328 4806 1440 4851 tum
1485 4815 1840 4868 purpureum,
1864 4803 2043 4856 cocci-

481 4903 664 4953 neum,
690 4901 752 4940 ac
789 4898 1012 4941 cancros
1071 4889 1211 4940 inter
1257 4904 1314 4943 se
1367 4889 1539 4957 perite
1587 4901 1926 4960 comparant,
1975 4895 2044 4948 de

478 4979 744 5047 cujusque
767 4979 979 5048 generis
1008 4994 1071 5033 ac
1098 4979 1298 5033 coloris
1327 4983 1586 5048 qualitate
1622 4999 1651 5035 a
1684 4985 1842 5039 nobis
1877 4985 2045 5040 inter-

480 5081 759 5140 rogantur,
812 5086 912 5126 ncc
974 5069 1117 5125 istud
1170 5071 1371 5141 eloqui,
1423 5089 1520 5127 nec
1551 5090 1580 5125 a
1619 5075 1778 5131 nobis
1829 5075 2045 5132 edoceri

480 5173 729 5234 possunt,
777 5165 870 5218 sed
923 5180 1054 5219 voce
1102 5172 1260 5220 tenus
1313 5165 1558 5235 sibiipsis
1597 5169 2045 5237 persuadent;et

483 5255 826 5310 auditoribus
854 5255 1160 5325 impommt,
1187 5264 1242 5310 ut
1286 5257 1501 5311 illorum
1541 5258 1836 5314 discrimen
1871 5243 2047 5329 perfe-

483 5347 727 5402 ctissime
791 5347 987 5402 callere
1032 5347 1342 5412 videantur,
1401 5351 1616 5405 tametsi
1670 5351 1807 5404 nihil
1854 5359 2048 5420 praeter

481 5441 624 5494 nuda
651 5439 814 5494 velba
861 5448 1078 5495 teneant
1127 5455 1315 5495 earum
1370 5457 1572 5505 rerum,
1605 5459 1860 5512 quarum,
1899 5444 2044 5512 quod

481 5545 573 5586 eas
626 5531 850 5586 minime
904 5533 1362 5604 comprehendere
1424 5535 1656 5603 possint,
1719 5550 1931 5589 summa
1991 5536 2046 5588 in

566 5686 584 5718 ⁸
624 5684 789 5742 Hebr.
832 5705 907 5749 xu.
940 5690 991 5746 6.
1069 5693 1087 5722 ²
1124 5689 1267 5746 Psal.
1304 5707 1398 5757 ru,
1436 5693 1517 5757 16,
1551 5691 1631 5745 l7.

1711 5693 1728 5723 ³
1759 5690 1814 5745 F.
1851 5691 1914 5744 δι’
1946 5694 2098 5764 ὁρατ.

2129 3257 2307 3321 Αὐτὸς
2353 3256 2463 3328 γὰρ
2512 3255 2656 3309 ἔοικε
2684 3256 2868 3327 τυφλῷ
2910 3258 2971 3310 ἐκ
3022 3259 3246 3330 γενετῆς
3275 3258 3417 3312 οὕτω
3450 3276 3711 3330 γεγεννηο

2135 3350 2302 3421 μένῳ,
2332 3348 2582 3402 λαλοῦντι
2609 3348 2686 3413 δὲ,
2716 3348 2810 3402 καὶ
2841 3349 3010 3402 πολλά
3033 3349 3281 3404 λαλοῦντι
3311 3351 3404 3404 καὶ
3432 3352 3709 3414 ἀκούοντι,

2133 3441 2228 3495 καὶ
2252 3439 2416 3494 εἰδότι
2441 3440 2538 3510 μὲν
2570 3438 2762 3493 λευκοῦ
2790 3439 2850 3492 τὸ
2874 3439 3064 3511 ὄνομα,
3100 3441 3195 3495 καὶ
3228 3442 3481 3512 μέλανος,
3516 3442 3723 3496 κυανοῦ

2133 3547 2212 3596 τε,
2271 3530 2364 3583 καὶ
2398 3530 2658 3601 πρασίνου
2678 3570 2693 3594 ,
2730 3531 2825 3585 καὶ
2862 3531 3092 3602 πυρροῦ,
3131 3533 3358 3586 καὶτῶν
3391 3534 3575 3588 ἄλλων
3601 3536 3710 3588 δια-

2137 3620 2314 3691 φόρων
2347 3621 2646 3690 ὀνομάτων,
2687 3609 2871 3689 ¹φωτός
2901 3637 2961 3673 τε
2995 3623 3090 3674 καὶ
3130 3622 3372 3686 σκότους,
3403 3616 3484 3675 ὧν
3519 3625 3618 3694 μὲν
3649 3623 3716 3673 τὰ·

2135 3712 2372 3781 ὀνόματα
2402 3713 2696 3781 ὲνηχεῖται,
2743 3711 2804 3764 οὑ
2837 3711 2945 3782 μὴν
2979 3711 3035 3765 δὲ
3067 3711 3323 3781 γινώσκει
3363 3713 3415 3766 τί
3441 3715 3512 3768 τὸ
3543 3713 3708 3776 εἱῖιος⁸

2135 3803 2244 3856 οὐδ’
2265 3803 2400 3866 ὅλως
2427 3801 2646 3856 δύναται
2686 3802 2817 3856 αὐτὸ
2846 3803 3200 3874 ἑρμηνεῦσαι,
3239 3803 3328 3857 διὰ
3357 3806 3420 3858 τὸ
3458 3801 3713 3877 ἀπαρχῆς

2138 3895 2298 3948 αὐτὸν
2339 3894 2535 3962 τυφλὸν
2581 3895 2927 3966 γεννηθῆναι,
2964 3895 3059 3949 καὶ
3104 3895 3204 3966 τὴν
3247 3895 3554 3968 ἐναλλαγὴν
3591 3897 3711 3949 ἑκά-

2142 4003 2269 4057 στης
2307 3988 2591 4058 ποιότητος
2637 3988 2943 4059 χρωμάτων
2994 3989 3240 4056 ἀγνοεῖν,
3295 3989 3391 4042 καὶ
3445 3989 3513 4043 τὺ
3563 3985 3708 4050 εἶδος.

2143 4079 2410 4131 Ἕκαστον
2438 4078 2556 4153 ¹γὲιρ
2599 4079 2777 4131 αὐτῶν
2817 4079 2926 4133 τῶν
2959 4080 3236 4151 ὀνομάτων
3283 4081 3344 4133 τὸ
3384 4079 3712 4150 κατάλληλον

2140 4169 2240 4238 τῆς
2266 4169 2587 4239 διακρίσεως
2616 4169 2936 4240 διορατικῶν
2960 4171 2979 4201 ³
3009 4171 3312 4241 αἰσθήσεων
3337 4173 3449 4243 ἔχει
3477 4172 3579 4244 τὴν
3605 4173 3710 4224 πεῖ-

2146 4278 2265 4332 ραν,
2282 4262 2341 4314 οὺ
2369 4263 2473 4332 μὴν
2490 4261 2545 4314 δὲ
2560 4261 2644 4315 διὰ
2667 4263 2920 4332 φράσεως
2936 4262 3012 4334 τῷ
3033 4263 3107 4335 μὴ
3127 4262 3445 4330 γινώσκοντι
3461 4264 3708 4334 ἀπαρχῆς

2144 4353 2202 4406 τὸ
2234 4350 2393 4417 εἶδος,
2419 4352 2540 4406 οὕτε
2589 4353 2676 4406 διὰ
2711 4353 3074 4425 ψηλαφήσεως
3129 4354 3224 4408 καὶ
3251 4355 3392 4425 ἁφῆς
3423 4356 3710 4425 δυνάμενον

2076 4473 2119 4528 D
2144 4444 2554 4515 δοκιμασθῆναι.
2582 4446 2750 4498 Ὅταν
2777 4444 2906 4514 γοῦν
2934 4447 2983 4499 οἱ
3004 4447 3110 4499 ἀπὸ
3135 4446 3359 4514 γενετῆς
3379 4447 3574 4515 τυφλοὶ
3595 4445 3716 4515 περὶ·

2145 4534 2347 4587 τούτων
2366 4533 2752 4602 διαλεγόμενοι,
2773 4535 2866 4587 καὶ
2885 4534 3084 4598 ειδότες
3100 4534 3708 4604 ἀνιτιπαρακατατιθέναι

2141 4626 2202 4678 τὸ
2227 4625 2391 4694 μέλαν
2419 4625 2554 4696 πρὸς
2584 4625 2644 4678 τὸ
2672 4625 2883 4690 λευκὸν,
2915 4626 3009 4679 καὶ
3036 4625 3096 4677 τὸ
3117 4625 3323 4696 χλωρὸν
3347 4626 3482 4696 πρὸς
3506 4627 3566 4679 τὸ
3591 4623 3712 4678 κνά-

2145 4731 2284 4778 νεον,
2320 4715 2415 4767 καὶ
2454 4714 2757 4786 πορφύρεόν
2793 4713 2922 4786 [τε],
2951 4714 3220 4785 κοκκηρόν
3258 4731 3338 4778 τε,
3367 4716 3461 4768 καὶ
3486 4715 3557 4768 τά
3587 4715 3707 4768 ἀλλα

2146 4807 2430 4877 χρώματα,
2457 4806 2772 4878 ἐρωτηθώσι
2811 4807 2867 4859 δὲ
2911 4808 3004 4875 ἀφ’
3031 4804 3186 4876 ἡμῶν
3215 4807 3310 4878 τὴν
3339 4808 3600 4876 ποιότητα
3623 4804 3712 4858 τοῦ

2147 4898 2338 4961 εἴδους,
2364 4899 2457 4951 καὶ
2486 4897 2546 4950 τὸ
2573 4898 2768 4969 χρῶμα
2795 4899 3029 4967 ἑκάστης
3057 4899 3356 4968 ποιότητος,
3386 4899 3510 4952 οὔτε
3539 4900 3708 4953 δύναν-

2147 5007 2238 5041 ται
2271 4991 2463 5054 εἰπεῖν,
2510 4989 2632 5042 οὔτε
2668 4991 2760 5058 ἀφ’
2795 4989 2951 5060 ἡμῶν
2988 4991 3318 5061 διδαχθῆναι,
3353 4992 3516 5062 μόνον
3551 4992 3604 5044 δὲ
3633 4989 3708 5043 διὰ

2149 5080 2307 5148 λόγου
2347 5081 2604 5134 πείθωσιν
2636 5080 2655 5110 ⁸
2690 5080 2896 5134 ἑαυτῶν
2935 5081 3033 5152 τὴν
3072 5082 3326 5144 διάνοιαν,
3371 5083 3618 5135 ἀπατῶσι
3657 5079 3704 5132 δὲ

2148 5174 2272 5233 τοὺς
2313 5170 2608 5234 ἀκούοντας
2626 5211 2639 5234 ,
2685 5170 2760 5234 ὼς
2789 5171 2990 5234 εἰδότες
3014 5171 3213 5224 τέλειον
3239 5171 3366 5241 περὶ
3398 5172 3496 5242 τῆς
3518 5170 3708 5239 διακρίο

2153 5278 2306 5324 σεως,
2338 5261 2438 5314 κάν
2468 5279 2527 5313 τε
2559 5261 2634 5331 τῷ
2671 5261 2812 5332 λόγῳ
2839 5261 3055 5328 λέγωσι,
3084 5261 3183 5331 τὴν
3213 5261 3488 5328 ἀγνωσίαν
3518 5261 3601 5314 διὰ
3620 5249 3706 5326 τῆξ

2153 5352 2530 5424 ἀκαταληψίας
2560 5353 2885 5423 κεκτημένοι
2911 5371 2923 5383 ·
2961 5352 3101 5406 οὕτω
3134 5353 3228 5406 καὶ
3255 5346 3410 5415 οὗτος
3433 5354 3556 5424 ἣκει
3591 5353 3702 5423 ἡμῖν

2155 5445 2323 5511 λέγων
2347 5447 2474 5515 περὶ
2496 5445 2628 5496 Θεοῦ
2645 5460 2661 5475 ο
2691 5446 2783 5498 καὶ
2805 5447 2970 5516 ὲπιφη
2980 5445 3123 5515 μίξει
3147 5446 3243 5515 μὲν
3269 5447 3598 5517 σκωπτηλῶς
3618 5442 3700 5508 τῆς

2153 5535 2370 5598 ἆλάλου,
2402 5537 2493 5590 καὶ
2517 5538 2724 5608 κωφῆς,
2748 5537 2840 5592 καὶ
2862 5539 3066 5609 τυφλῆς
3095 5537 3357 5610 παρθένου
3380 5539 3479 5610 τὴν
3503 5535 3700 5609 φθορὰν.

2181 5693 2197 5723 ⁸
2235 5691 2292 5746 F.
2340 5695 2612 5748 πείθουσιν
