3790 6212
85 301 190 357 ϐΣΠ

725 302 1091 361 ADVERSUS
1133 303 1487 390 HERESES.
1509 305 1641 379 ιιιΒ.

1757 306 1786 362 l.
1828 306 1989 364 TOM.
2032 307 2165 362 l.—
2203 303 2474 362 HIERES.
2513 305 2742 362 LXXVI.

3233 301 3336 362 σεε

81 414 251 478 αὐτὸς
285 413 420 468 κατὰ
451 413 548 485 τὴν
579 414 744 468 αὑτοῦ
781 415 1132 488 βλασφημίαν
1165 418 1502 490 ἐφθαρμένος
1535 420 1641 489 μᾶλ

1776 420 2113 492 ignoratione
2145 427 2452 476 versantur.
2491 419 2574 473 Ad
2603 419 2748 474 hunc
2778 417 2998 474 modum
3013 418 3104 474 ille
3139 416 3206 473 de
3229 417 3342 474 Deo

79 505 208 569 λον,
253 505 348 560 καὶ
381 505 478 577 τὴν
519 506 824 575 ἀγνωσίαν,
871 510 946 571 ὡς
987 510 1095 563 ἀπὸ
1133 512 1358 582 γενετῆς
1389 511 1666 581 τύφλωσιν

79 597 440 668 κεκτημένος,
481 597 655 667 λέγων
704 600 801 671 μὲν
847 602 975 672 περὶ
1019 601 1177 667 Θεοῦ,
1218 602 1394 670 λόγοις
1423 604 1478 656 δὲ
1505 605 1659 658 ἀπει-

77 689 286 751 κάζων.

1773 511 2384 578 Sermoneminstituit,
2445 517 2499 565 et
2549 517 2862 580 corruptam
2925 511 3112 566 nescio
3172 523 3338 578 quam

1772 603 1954 670 nobis,
1989 611 2214 666 mutam,
2250 618 2313 657 ac
2361 601 2582 682 surdam
2622 616 2932 672 caecamque
2952 601 3214 672 virginem
3241 611 3339 670 per

1768 698 2065 754 ludibrium
2095 696 2302 768 objicit,
2339 712 2438 769 pro
2459 708 2557 749 sua
2583 692 2636 746 in
2669 693 2913 747 divinum
2949 707 3149 748 numen
3183 701 3338 762 pctu-

75 779 248 832 lantia
299 765 591 850 corruptus
643 780 780 850 ipse,
835 788 889 836 et
937 781 1248 852 ignorantia
1280 785 1429 839 velut
1483 785 1552 840 ab
1614 788 1826 857 origine
1873 765 2177 845 contracta
2211 765 2455 841 caecitate
2489 783 2767 840 laborans.
2809 783 2914 850 Qui
2981 785 3058 837 ita
3109 784 3175 838 de
3221 782 3334 838 Deo

71 873 342 940 disputat,
373 883 433 927 ut
465 872 533 928 de
560 872 679 942 ejus
713 881 909 928 natura
943 876 1362 930 sermocinando
1412 877 1684 948 conjicere
1725 895 1788 936 ac
1823 881 2071 937 divinare
2103 883 2338 936 studeat.

139 961 238 1030 CI".
274 962 472 1017 Λοιπὸν
505 961 561 1015 δὲ
595 963 688 1016 καὶ
717 964 796 1026 είς
823 963 1210 1034 ἀναισχυντίαν
1229 966 1356 1028 τοὺς
1379 967 1469 1020 ὑπ’
1493 967 1657 1022 αὑτοῦ
1769 965 1773 968 ’

72 1054 598 1126 μεμαθητευμένους
646 1055 1096 1126 παρασκευάσας.
1144 1057 1307 1111 Οὐδὲν
1338 1059 1444 1129 γὰρ
1475 1059 1657 1124 αὐτοῖς

67 1146 397 1218 ἀτόλμητον.
427 1147 814 1220 Βλασφημοῦσι
843 1150 939 1220 μὲν
964 1145 1058 1202 οὖν
1080 1149 1374 1221 προφητῶν
1393 1150 1654 1221 ὀνόματα,

67 1239 164 1290 καὶ
185 1238 507 1293 ἀποστόλων
525 1256 540 1270 ο
573 1242 700 1294 ὅταν
723 1240 1070 1314 ἐλεγχόμενοι
1095 1243 1200 1294 ὑπό
1220 1258 1381 1297 τινων
1409 1242 1657 1296 ὑπωπιά-

65 1327 274 1396 ζωνται
296 1331 338 1396 ¹,
374 1332 533 1395 εὐθὺς
551 1333 962 1404 ὑποτρέχοντες,
999 1317 1094 1388 καὶ
1124 1334 1528 1406 ἀποπηδῶντες,
1561 1335 1655 1389 καί¹

70 1423 328 1490 λέγοντες
353 1441 368 1455 ·
413 1424 583 1477 Τοῦτο
622 1427 651 1478 ό
687 1425 1010 1488 Ἀπόστολος
1053 1425 1130 1489 ὡς
1179 1426 1465 1498 ἄνθρωπος
1514 1426 1652 1499 ἔφη’

64 1513 252 1566 ἄλλοτε
274 1513 358 1578 δὲ,
383 1515 448 1566 Τί
473 1532 562 1584 μοι
605 1515 792 1586 φέρεις
841 1519 910 1569 τὰ
941 1515 1040 1586 τῆς
1087 1517 1328 1580 Παλαιᾶς
1349 1504 1650 1589 Διαθήκηςξ

67 1605 176 1657 Οὐκ
215 1604 338 1657 ἐστι
377 1605 434 1658 δὲ
463 1606 769 1676 θαυμαστὸν
816 1609 957 1662 κατά
1005 1609 1072 1662 τὰ
1119 1609 1224 1661 ὑπὸ
1262 1607 1358 1662 τοῦ
1403 1611 1653 1681 Σωτῆρος

1839 969 1928 1026 Vl.
1960 969 2245 1026 Postremo
2279 971 2578 1040 discipulos
2608 983 2740 1024 suos
2785 966 2851 1021 ad
2880 971 3182 1020 extremam
3236 964 3324 1018 im-

1766 1059 2078 1132 pudentiam
2116 1062 2389 1131 perduxit.
2438 1060 2583 1116 Nihil
2621 1059 2767 1114 enim
2809 1065 2895 1112 est
2935 1069 3044 1126 quo
3073 1069 3182 1108 non
3213 1055 3332 1110 illo-

1763 1167 1886 1207 rum
1915 1154 2190 1224 perlingat
2233 1152 2482 1208 audacia.
2513 1151 2908 1222 Prophetarum
2945 1146 3341 1218 apostolorum-

1762 1260 1868 1314 que
1895 1245 2113 1299 nomina
2149 1243 2497 1299 contumeliis
2533 1243 2842 1298 incessunt.
2871 1236 3118 1310 Cumque
3152 1236 3339 1304 urgeri

1763 1335 2036 1392 rationum
2067 1336 2138 1402 vi,
2184 1349 2248 1390 ac
2287 1334 2612 1406 malem
2653 1331 2837 1388 haberi
2885 1329 3172 1399 coeperint,
3203 1326 3338 1382 etfu-

1761 1429 1914 1499 giunt
1979 1427 2210 1484 subinde
2259 1441 2323 1481 ac
2385 1427 2708 1500 prosiliunt;
2767 1432 2841 1490 et,
2878 1421 3005 1486 Ista,
3055 1422 3334 1494 inquiunt,

1758 1521 2095 1592 Apostolus,
2163 1529 2422 1590 tanquam
2481 1517 2665 1585 homo,
2723 1515 2881 1572 dixit.
2927 1513 3076 1570 Alias
3137 1511 3336 1580 :Quid

1761 1621 1818 1667 tu
1859 1611 1992 1666 mihi
2022 1610 2210 1676 Vetus,
2243 1610 2418 1676 aiunt,
2464 1608 2874 1666 Testamentum
2911 1605 3144 1676 objicis?
3173 1603 3336 1671 Quod

63 1697 367 1766 εἰρημένα,
427 1698 508 1750 ὅτι
551 1699 633 1775 Ἐἰ
678 1699 786 1753 τὸν
822 1699 1259 1768 οἰκοδεσπότην
1297 1699 1641 1761 Βεελζεϐοὺλ

1757 1701 1976 1772 quidem
2027 1701 2250 1756 minime
2292 1700 2492 1756 mirum
2531 1699 2716 1776 εει,βί
2762 1699 2970 1753 dictum
3007 1695 3142 1752 illud
3213 1695 3336 1751 Sal-

63 1788 396 1854 ὲχὰλεσαν,
434 1792 606 1858 πόσῳ
624 1790 867 1860 μᾶλλον
895 1793 1036 1860 τοὺς
1069 1793 1404 1860 οἶκειιικοεὺς
1426 1793 1613 1848 αὐτοῦ
1629 1810 1650 1859 ;
1681 1797 1686 1800 ’

65 1883 124 1934 Ei
156 1883 294 1951 γοῦν
323 1883 486 1936 αὐτὸν
525 1885 616 1938 τὸν
652 1881 876 1957 Κύριον,
910 1886 1004 1938 καὶ
1047 1885 1147 1956 τὴν
1188 1885 1443 1957 ἀληθινὴν
1487 1885 1650 1940 αὐτοῦ

65 1977 218 2041 δόξαν
261 1976 577 2049 ἀρνοῦνται,
625 1978 776 2048 πόσῳ
815 1993 878 2046 γε
916 1977 1113 2048 μᾶλλον
1154 1979 1438 2050 προφήτας
1461 1976 1649 2043 αὐτοῦ,

67 2072 153 2122 καὶ
178 2068 754 2136 ἀποστόλουςςἜτιδὲ
790 2070 870 2132 εἰς
901 2070 1294 2141 περισσοτέραν
1325 2059 1520 2140 μανίαν
1551 2071 1651 2141 ἀρ-

70 2158 246 2222 θέντες
277 2161 332 2211 οἱ
370 2161 464 2212 ἀπ’
496 2157 659 2213 αὐτοῦ
700 2159 1195 2231 μεμαθητευμένοι,
1236 2161 1328 2213 καὶ
1376 2161 1404 2212 ό
1447 2159 1652 2212 τούτων

67 2249 304 2318 διάδοχος
333 2249 598 2322 Εὑνόμιός
629 2265 711 2314 τις
751 2249 1118 2320 ψευδωνύμως
1159 2249 1491 2322 καλούμενος
1515 2291 1530 2316 ,
1569 2249 1650 2305 ἔτι

69 2343 157 2395 καὶ
179 2342 344 2414 δεῦρο
376 2353 579 2415 περιὼν
620 2342 698 2414 τῷ
741 2342 860 2414 βίῳ,
915 2343 1057 2414 μέγα
1103 2343 1310 2398 κακὸν·
1353 2342 1608 2416 τόλμημα
1632 2361 1647 2374 ·

65 2434 543 2508 ἀναϐαπτίζειγὰρ
562 2437 687 2500 τοὺς
708 2437 805 2508 ἥδη
831 2434 1244 2506 βαπτισθέντας,
1266 2437 1326 2488 οὐ
1352 2437 1510 2506 μόνον
1526 2436 1651 2499 τοὺς

69 2527 166 2580 ἀπὸ
191 2525 494 2598 ὀρθοδόξων
520 2527 656 2597 πρὸς
682 2527 840 2582 αὑτὸν
881 2527 1210 2598 ἐρχομένους
1239 2528 1336 2580 καὶ
1365 2526 1646 2598 αἱρέσεων,

68 2619 192 2672 am
212 2619 305 2672 καὶ
334 2621 464 2682 τοὺς
488 2620 582 2672 ἀπ’
605 2618 783 2672 αὐτῶν
807 2619 915 2672 τῶν
931 2618 1244 2690 ’Λρειανῶν.
1265 2617 1647 2680 Ἀναὸαπ-τιςει

69 2711 117 2766 δὲ
139 2711 336 2773 αὐτοὺς
366 2713 444 2775 εἰς
463 2711 632 2782 ὄνομα
653 2710 788 2764 Θεοῦ
814 2711 1088 2773 ἀκτίστου,
1111 2711 1204 2764 καὶ
1225 2710 1304 2773 είς
1332 2709 1503 2780 ὄνομα
1521 2707 1649 2760 Υξοῦ

71 2804 444 2873 κεκτισμένου,
482 2804 578 2857 καὶ
623 2805 704 2867 εἰς
742 2803 913 2874 ὄνομα
950 2803 1268 2874 Πνεύματος
1304 2799 1647 2868 ἀγιαστικοῦ,

71 2893 154 2945 καὶ
169 2893 270 2945 ὑπὸ
309 2891 408 2946 τοῦ
445 2894 799 2964 κεκτισμὲνου
827 2892 955 2945 Υἱοῦ
997 2891 1471 2956 κτισθέντος.”’1να
1503 2889 1558 2942 δὲ
1590 2889 1651 2942 τὺ

74 2987 168 3038 πᾶν
203 2984 452 3048 κυϐείας,
483 2985 578 3039 καὶ
601 2984 856 3057 θυμέλης,
873 2986 968 3038 καὶ
983 2983 1184 3057 σκηνῆς
1200 2983 1259 3037 τὸ
1289 2984 1649 3054 ἐργαστήριον

72 3077 129 3130 αὑ
139 3077 236 3130 τῶν
247 3076 466 3148 ὀφθείη,
486 3077 566 3130 ὅτι
577 3078 761 3131 οὐκέτι
775 3077 1003 3148 πίστιςὴ
1024 3078 1117 3130 ἀπ’
1146 3076 1326 3129 αὐτῶν
1343 3075 1648 3144 καταγγελ-

74 3169 280 3242 λομένη,
298 3169 651 3242 ἀλλά,σχεδὺν
669 3172 860 3234 εἰπεῖν,
883 3169 1063 3241 μίμων
1085 3165 1651 3240 ὲργαστήριον·διε6ε-

75 3259 366 3315 ϐαιώσαντό
388 3279 554 3328 τινες,
581 3263 662 3316 ὃτι
692 3261 834 3316 κατά
867 3261 1106 3333 κεφαλῆς
1132 3263 1264 3324 τοὺς
1280 3257 1646 3322 ἀναϐαπτιζο⁴

79 3357 258 3424 μένους
275 3353 554 3424 βαπτίζει,
581 3356 676 3408 καὶ
691 3356 816 3418 τοὺς
839 3353 1000 3418 πόδας
1029 3355 1160 3418 ἄνω,
1175 3354 1269 3408 καὶ
1289 3353 1386 3425 τὴν
1406 3352 1647 3424 κεφαλὴν

77 3443 228 3497 κάτω·
249 3445 344 3498 καὶ
361 3443 536 3508 οὕτως
552 3444 837 3514 ἐνωμότως
858 3443 1100 3513 βιάζεται
1123 3443 1320 3507 αὐτοὺς
1335 3443 1552 3514 ὀμόσαι,
1571 3442 1644 3512 μὴ

77 3535 415 3606 ἁποπηδῆσαι
447 3535 546 3606 τῆς
575 3535 676 3588 ἀπ’
701 3534 866 3588 αὐτοῦ
895 3535 1359 3606 μεμηχανημένης
1387 3533 1642 3604 τοιαύτης

77 3627 342 3696 αἱρέσεως.
378 3627 518 3680 Φασὶ
551 3625 607 3682 δὲ
633 3627 724 3680 τὸν
747 3627 909 3680 αὐτὸν
942 3627 1142 3680 Ἀέτιον
1171 3626 1309 3698 μετά
1337 3626 1436 3698 τὴν
1461 3625 1644 3680 τελευ-

77 3718 162 3786 τὴν
199 3717 582 3772 Κωνσταντίου
621 3717 724 3770 ὑπὸ
761 3715 1046 3771 Ἰουλιανοῦ
1087 3715 1182 3780 τοῦ
1229 3715 1644 3786 βασιλεύσαντος

76 3810 441 3882 ἀνακληθέντα
477 3811 577 3881 τῆς
615 3809 850 3880 ὲξορίας,
889 3809 968 3862 ἔτι
997 3809 1126 3862 ὄντα
1156 3809 1400 3862 διάκονον
1423 3809 1521 3877 τῆς
1549 3809 1647 3860 αὑ-

76 3903 157 3954 τοῦ
183 3903 468 3976 αἱρέσεως,
499 3901 606 3956 ὑπὸ
627 3901 725 3973 τῆς
756 3901 921 3956 αὑτοῦ
955 3901 1219 3978 αἱρέσεως
1242 3901 1540 3954 ἐπισκόπου
1563 3902 1644 3965 είς

77 3995 367 4066 ἐπισκοπὴν
396 3995 690 4066 προῆχθαι.

1751 1794 1956 1848 vatoris
2011 1793 2391 1848 consideretur
2445 1811 2459 1846 :
2519 1791 2580 1848 Si
2625 1789 2840 1845 Patrem
2879 1787 3116 1859 familias
3172 1786 3330 1842 Beel-

1755 1885 1915 1939 zebub
1949 1896 2278 1950 vocaverunt,
2311 1891 2506 1954 quanto
2531 1883 2698 1953 magis
2737 1880 3050 1935 domesticos
3080 1878 3227 1932 illius
3257 1877 3279 1910 ⁸
3304 1879 3330 1932 ?

1762 1973 1818 2031 Si
1845 1975 2130 2032 Dominum
2183 1975 2382 2046 ipsum,
2411 1989 2476 2030 ac
2524 1987 2716 2030 verum
2745 1973 2868 2042 ejus
2891 1971 3082 2034 decus,
3130 1978 3185 2024 et
3213 1968 3336 2038 glo-

1753 2069 1889 2122 riam
1928 2069 2198 2139 abnegare
2229 2083 2338 2121 non
2361 2066 2637 2130 dubitant,
2667 2073 2876 2135 quanto
2900 2063 3072 2134 magis
3097 2061 3332 2131 prophe-

1753 2173 1838 2218 tas
1897 2162 2066 2228 illius,
2121 2169 2175 2218 et
2204 2161 2480 2232 apostolos
2529 2159 2844 2230 negabunt?
2893 2155 3162 2211 Praiterea
3199 2169 3332 2209 vero

1754 2257 1958 2325 majore
2015 2255 2249 2324 quadam
2307 2254 2519 2316 insania
2559 2267 2624 2306 ac
2669 2251 2854 2305 furore
2895 2248 3131 2318 correpti
3182 2245 3326 2300 Aetii

1752 2343 2027 2411 discipuli,
2062 2357 2183 2396 cum
2251 2341 2445 2395 horum
2502 2353 2843 2403 successore,
2883 2337 2976 2407 qui
3027 2336 3332 2392 Eunomius

1757 2433 1897 2490 falso
1927 2435 2334 2498 uomiuatur,et
2363 2432 2427 2488 ad
2461 2432 2573 2487 haec
2600 2438 2842 2500 tempora
2875 2435 3149 2499 superest,
3182 2425 3330 2481 aliud

1751 2523 2013 2594 quiddam
2084 2525 2408 2580 sceleratum
2475 2539 2539 2578 ac
2591 2521 2861 2578 nefarium
2909 2513 3258 2575 committunt
3309 2536 3326 2574 :

1752 2617 2020 2686 siquidem
2081 2632 2178 2672 eos
2233 2616 2324 2684 qui
2381 2613 2643 2686 baptizati
2695 2613 2808 2682 jam
2863 2611 3087 2674 fuerint,
3133 2609 3329 2664 iterum

1752 2707 1994 2779 baptizat
2030 2705 2352 2770 Eunomius,
2413 2721 2522 2760 non
2583 2705 2746 2759 modo
2796 2703 2887 2774 qui
2939 2717 2969 2756 a
3007 2701 3330 2770 Catholicis,

1753 2808 1844 2855 aut
1871 2801 1940 2856 ab
1966 2799 2090 2854 aliis
2121 2799 2425 2854 liairesibus
2451 2841 2465 2866 ,
2501 2797 2596 2854 sed
2633 2812 2725 2853 eos
2752 2797 2916 2852 etiam
2952 2794 3042 2864 qui
3075 2793 3142 2848 ab
3162 2793 3331 2862 ipsis-

1751 2899 1864 2947 met
1891 2889 2110 2946 Arianis
2133 2889 2414 2946 deficiunt.
2444 2887 2678 2958 Repetiti
2704 2901 2868 2958 porro
2897 2885 3044 2941 illius
3069 2884 3329 2953 baptismi

1753 3000 1814 3040 ea
1847 2983 2076 3038 formula
2108 2991 2190 3039 est
2221 3000 2234 3036 :
2265 2981 2320 3036 In
2355 2982 2576 3036 nomine
2613 2979 2704 3034 Dei
2741 2978 2989 3042 increati,
3024 2983 3078 3032 et
3117 2977 3172 3030 in
3220 2989 3322 3028 no-

1753 3077 1901 3132 mine
1961 3075 2082 3130 Filii
2130 3075 2322 3138 creati,
2361 3083 2410 3129 et
2447 3075 2501 3127 in
2546 3072 2766 3126 nomine
2800 3069 3038 3141 Spiritus
3067 3067 3314 3125 sanctifi-

1754 3171 1930 3225 cautis
1973 3175 2028 3224 et
2072 3183 2102 3222 a
2147 3173 2332 3222 creato
2370 3162 2522 3218 Filio'
2543 3161 2834 3233 procreati.
2882 3161 3058 3230 Atque
3096 3168 3152 3212 ut
3192 3164 3308 3212 tota

1751 3259 1968 3314 illorum
2019 3256 2190 3321 fraus,
2227 3269 2290 3310 ac
2338 3253 2569 3311 scenica:
2591 3252 2737 3307 velut
2773 3259 2940 3315 artes,
2991 3255 3045 3304 et
3090 3247 3322 3304 fallacia:

1755 3351 1972 3422 penitus
2023 3351 2358 3419 appareant;
2411 3351 2465 3400 et
2503 3341 2569 3398 id
2632 3340 2860 3398 omnino
2911 3344 3152 3401 constet,
3217 3349 3328 3391 non

1753 3440 1914 3495 fidem
1950 3455 2072 3495 esse
2119 3436 2264 3508 quod
2311 3433 2400 3491 isti
2460 3431 2780 3504 praedicant,
2843 3427 2940 3485 sed
2993 3425 3326 3483 histrionum

1747 3531 2020 3587 ofﬁcinam
2055 3548 2070 3597 ;
2107 3537 2238 3585 sunt
2271 3527 2366 3599 qui
2399 3531 2646 3588 narrent,
2685 3529 2956 3593 quotquot
3009 3519 3079 3574 ab
3128 3517 3200 3572 iis
3235 3513 3330 3570 de-

1747 3641 1856 3679 nuo
1915 3623 2294 3694 baptizantur,
2341 3619 2399 3674 in
2462 3623 2627 3688 caput
2672 3614 2935 3684 demergi,
2980 3610 3210 3684 pedibus
3271 3607 3328 3662 in

1747 3717 1979 3772 sublime
2009 3713 2312 3787 porrectis;
2343 3711 2528 3781 itaque
2548 3705 2939 3779 jusjurandum
2969 3703 3115 3774 adigi
3147 3700 3329 3756 :Nnn-

1748 3821 1911 3878 quam
1958 3820 2018 3860 se
2071 3805 2141 3859 ab
2185 3801 2335 3858 illius
2374 3815 2564 3858 errore
2608 3807 2773 3870 atque
2817 3795 3012 3852 haeresi
3049 3795 3326 3849 discessu-

1749 3877 1862 3954 ros.
1911 3897 2118 3954 Ferunt
2143 3896 2370 3966 insuper
2387 3893 2604 3948 Aetium
2635 3892 2814 3961 ipsum
2851 3897 2976 3960 post
3019 3881 3328 3942 Constantii

1749 3989 1956 4048 obitum
2011 4003 2043 4042 a
2105 3984 2322 4042 Iuliano
2355 3985 2685 4055 imperatore
2749 3987 3061 4036 revocatum
3106 3977 3176 4032 ab
3225 3991 3328 4032 ex-

77 4087 228 4154 silio,
284 4101 414 4142 cum
477 4093 641 4142 secta:
717 4101 831 4140 sua:
877 4085 1140 4140 diaconus
1191 4089 1370 4151 esset,
1427 4082 1496 4138 ab
1561 4081 1804 4153 ejusdem
1871 4087 2031 4136 sectae
2084 4078 2343 4149 episcopo
2393 4075 2460 4130 ad
2511 4071 2756 4146 episcopi
2823 4071 3142 4144 dignitatem
3198 4079 3326 4125 esse

79 4185 400 4247 provectum.

139 4267 316 4322 Ταῦτα
343 4269 402 4321 δὲ
437 4268 520 4330 εἰς
539 4267 688 4338 ἡμᾶς
715 4267 938 4320 ἐλθόντα
963 4267 1192 4329 Ἀετίου,
1226 4266 1320 4319 καὶ
1345 4264 1454 4320 τῶν
1479 4261 1641 4320 αὐτοῦ

1821 4253 1949 4310 Haec
1984 4257 2132 4316 sunt,
2157 4265 2278 4320 quae
2306 4250 2372 4305 de
2397 4247 2556 4303 Aetio
2571 4244 2824 4315 Aetiique
2851 4243 3135 4313 discipulis
3161 4245 3321 4304 inve-

81 4357 331 4424 μαθητῶν.
393 4352 606 4410 Οἴστισί
644 4373 790 4420 τινες
839 4357 1146 4428 Ἀνομοίους
1174 4355 1428 4410 ἐπέθεντο
1447 4357 1638 4426 ὄνομα,

78 4448 152 4501 διὰ
188 4451 245 4503 τὸ
277 4449 358 4502 ἔτι
390 4449 781 4520 περισσότερον
819 4449 917 4518 τῆς
944 4449 1037 4502 τοῦ
1072 4449 1278 4520 ’Δρείου
1307 4448 1643 4519 πεφρονηκέ-

79 4559 153 4593 ναι
177 4543 330 4596 αὐτὸν
362 4542 630 4614 αἱρέσεως
656 4539 970 4611 δεινοτέρως
991 4557 1004 4571 ·
1045 4541 1202 4594 ἆτινα
1231 4539 1374 4593 κατά
1399 4539 1460 4593 τὸ
1485 4539 1642 4592 δυνα-

79 4633 155 4686 τὸν
181 4633 535 4705 λεπτομερῶς
577 4637 633 4686 ἐν
665 4631 784 4703 Θεῷ
823 4632 1198 4699 διεξελθόντες,
1243 4631 1432 4704 ὥσπερ
1473 4631 1640 4685 πολύ-

79 4741 194 4776 πουν
223 4725 646 4796 σκολόπενδραν,
679 4725 773 4776 καὶ
809 4722 980 4776 ἴουλον
1010 4722 1074 4776 τὺ
1107 4724 1441 4795 καλούμενον
1475 4725 1640 4795 ἑρπε›‹

79 4817 154 4869 τὸν
174 4818 247 4888 τῷ
283 4820 384 4890 τῆς
423 4817 684 4888 ἀληθείας
731 4819 852 4870 ποδὶ
889 4818 1398 4888 καταπατήσαντες,
1441 4819 1533 4872 καὶ
1573 4820 1638 4888 τῇ

81 4905 158 4956 τοῦ
213 4907 555 4975 Μονογενοῦς
612 4905 844 4976 ἀληθινῇ
907 4905 1166 4976 ὁμολογίᾳ
1222 4907 1638 4978 συντρίψαντες,

84 4997 304 5068 συνήθως
346 4995 468 5067 Θεῷ
526 4993 1002 5066 εὐχαριστοῦντες,
1054 4996 1154 5065 τὴν
1198 4996 1362 5049 αὐτοῦ
1415 4995 1640 5066 δύναμιν

83 5089 390 5159 ἐπαγόμενοι
431 5090 511 5152 εἰς
559 5087 808 5160 βοήθειαν
851 5087 951 5156 τῆς
1003 5089 1274 5159 ἡμετέρας
1334 5088 1636 5154 ἀσθενείας,

84 5179 161 5229 ἐπὶ
185 5181 277 5243 τὰς
309 5181 438 5251 ἑξῆς
476 5178 892 5247 ὑπολειφθείσας
930 5179 1072 5231 κατὰ
1104 5179 1203 5250 τὴν
1232 5179 1460 5250 δύναμιν
1481 5180 1640 5250 ἡμῶν

87 5272 164 5320 καὶ
197 5271 495 5341 κατάληψιν
543 5271 702 5342 ἡμῶν
733 5272 931 5342 ἴωμεν,
983 5265 1028 5323 ὧ
1075 5271 1428 5342 ἐπιπόθητοι,
1476 5271 1638 5325 αὑτὸν

85 5361 510 5436 ἐπικαλούμενοι,
544 5365 618 5430 ὡς
643 5365 810 5438 ἔφην,
852 5367 942 5420 τὸν
969 5365 1244 5436 Δεσπότην
1273 5367 1640 5436 συμπαρεῖναι

87 5453 200 5520 ἡμῖν
223 5457 356 5526 πρὸς
380 5457 478 5528 τὴν
506 5458 731 5512 ἐκείνων
752 5457 1020 5524 ὑπόδειξιν
1045 5459 1138 5513 καὶ
1160 5457 1257 5528 τὴν
1280 5458 1416 5526 πρὸς
1443 5458 1637 5520 αὐτοὺς

87 5541 394 5618 ἁνατροπήν·
411 5549 498 5602 ἵνα
521 5551 578 5602 ἐν
603 5552 669 5621 τῇ
693 5550 857 5604 αὐτοῦ
877 5551 1102 5622 δυνάμει
1127 5549 1486 5621 δυνηθείημεν
1504 5529 1637 5618 πληξ-

156 5699 172 5732 ¹
204 5699 264 5757 ι’.
289 5703 688 5771 ὐποπιέζονται.
766 5711 784 5739 ³
815 5708 873 5764 F.
905 5706 1108 5761 κακῶν.
1187 5709 1204 5736 ³
1236 5706 1423 5760 Manli.
1455 5721 1544 5774 xx,
1569 5703 1660 5756 2’3.

1745 4349 1946 4420 stigare
1997 4342 2295 4414 potuimus.
2345 4339 2496 4406 Quos
2560 4335 2809 4392 nonnulli
2859 4333 3176 4400 Anomteos,
3221 4337 3320 4394 hoc

1748 4449 1831 4495 est
1874 4435 2185 4496 dissimiles,
2239 4433 2524 4488 nominant
2559 4426 2740 4498 :quod
2789 4426 3048 4480 Arianam
3089 4425 3322 4484 haeresin

1755 4529 2007 4586 uberiore
2041 4525 2276 4597 quadam
2330 4537 2394 4577 ac
2431 4522 2604 4593 magis
2635 4516 2972 4574 exsecranda
3007 4516 3322 4589 dogmatum

1751 4621 2027 4690 impietate
2065 4621 2417 4686 superarunt.
2465 4611 2542 4668 De
2573 4612 2771 4682 quibus
2803 4616 3154 4678 posteaquam
3206 4611 3322 4664 sin-

1749 4715 1975 4789 gillatim
2004 4728 2104 4785 pro
2137 4711 2370 4774 viribus,
2422 4707 2602 4764 divina
2640 4707 2941 4777 cpitulante
2979 4706 3173 4776 gratia,
3201 4705 3319 4760 dis-

1751 4808 2062 4880 putavimus
2087 4842 2102 4868 ,
2144 4819 2206 4858 ac
2248 4804 2397 4858 velut
2450 4799 2798 4869 multipedem
2846 4796 3262 4867 scolopendram
3287 4834 3304 4861 ,

1745 4901 1888 4972 quod
1945 4898 2138 4954 insecti
2172 4893 2554 4968 genusjiulum
2601 4900 2817 4956 vocant,
2875 4891 3120 4945 veritatis
3179 4889 3316 4958 pede

1743 4992 2202 5066 proculcavimus,
2229 5000 2286 5043 et
2315 4986 2460 5042 unici
2511 4985 2602 5040 Dei
2653 4983 2774 5038 Filii
2809 4997 2934 5036 vera
2970 4979 3320 5035 confessione

1744 5087 2121 5148 contrivimus,
2160 5081 2352 5153 gratiis
2395 5079 2502 5133 Deo
2558 5091 2710 5131 more
2753 5081 2946 5129 nostro
2993 5072 3309 5143 persolutis,

1744 5177 1906 5248 993
1945 5177 2175 5246 ejusque
2204 5173 2272 5226 ad
2317 5167 2706 5226 imbecillitatis
2761 5173 2965 5220 nostra:
2999 5161 3314 5234 praesidium

1743 5271 2029 5341 implorata
2077 5267 2298 5330 virtute,
2357 5261 2422 5315 ad
2472 5258 2710 5328 reliquas
2763 5257 2996 5310 haereses
3025 5269 3124 5324 pro
3152 5261 3319 5324 captu

1739 5363 1937 5418 virium
1971 5365 2280 5414 nostrarum
2313 5350 2788 5422 intelligentiaeque
2834 5355 3195 5400 transeamus.
3225 5343 3302 5396 Ac

1743 5451 1955 5506 Domini
1987 5450 2040 5504 in
2067 5446 2258 5519 primis
2283 5459 2461 5515 opem,
2486 5451 2544 5497 ut
2565 5437 3214 5508 diximus,imploremus,
3242 5441 3298 5486 ut

1742 5549 1786 5602 is
1824 5544 1886 5598 ad
1923 5543 2043 5599 illas
2089 5537 2438 5611 explicandas
2469 5551 2534 5591 ac
2573 5530 2888 5590 refutandas
2919 5533 3119 5600 praesto
3143 5523 3308 5582 nobis
