3790 6212
383 234 491 289 813

1815 224 1870 280 S.
1916 220 2255 277 EPIPHANII

3610 209 3703 263 οιι

384 362 574 408 ocnus,
600 343 764 415 hujus
785 343 1057 414 dogmatis
1083 350 1276 397 auctor
1304 356 1367 396 ae
1390 349 1719 413 propagator
1738 339 1965 395 exstitit.

2113 331 2225 401 ῧτος
2256 332 2323 407 ἧν
2357 337 2385 388 ὁ
2414 337 2470 388 ἐν
2512 335 2653 405 ἀρχῇ
2687 333 2844 387 τοῦτο
2872 332 2932 386 τὸ
2964 334 3117 404 ῥῆμα
3142 332 3462 403 ἐπινοήσας
3511 344 3581 381 τε
3618 344 3705 379 7.1-.

385 440 465 493 Ac
488 438 756 508 principio
784 437 1004 507 quidem
1034 452 1161 491 cum
1197 436 1248 490 id
1279 436 1438 490 nobis
1474 434 1722 488 nonnulli
1758 448 1823 488 ex
1849 432 1970 501 ejus

386 528 675 599 discipulis
699 536 1008 592 narrarent,
1056 529 1212 583 fidem
1255 543 1360 582 non
1392 527 1749 590 habebamus,
1794 541 1971 593 neque

385 621 685 677 verisimile
709 622 1035 692 putabamus
1053 635 1081 673 a
1113 628 1265 674 tanto
1285 620 1401 673 viro
1424 634 1665 674 errorem
1699 617 1971 687 eiusmodi

387 712 710 782 profectum.
751 712 934 782 Itaque
953 711 1214 765 nonnulla
1242 712 1420 765 adhuc
1458 710 1742 764 meliorum
1773 724 1868 777 spe
1886 722 1973 777 pa-

394 804 593 858 tienter
621 803 1083 872 exspectavimus,
1116 801 1289 855 donec
1322 817 1434 856 rem
1467 816 1683 854 omnem
1717 808 1975 856 accurate

392 896 773 965 cognovimus.
798 893 911 949 Hoc
930 895 1075 947 enim
1098 892 1448 947 dicebamus:
1470 892 1779 962 Discipulos
1804 892 1973 957 illius,

392 988 488 1058 qui
524 988 591 1042 ad
622 1003 720 1042 nos
749 986 1109 1049 ventitabant,
1154 1000 1276 1039 eum
1315 1001 1376 1039 ea
1421 985 1646 1038 minime
1692 991 1972 1053 caperent,

396 1093 518 1147 quae
563 1077 631 1129 ab
692 1076 909 1131 erudito
959 1076 1051 1129 illo
1093 1090 1158 1129 ac
1202 1073 1432 1143 sapienti
1472 1074 1591 1128 viro
1638 1081 1978 1144 prmceptorc

394 1183 498 1223 suo
535 1168 813 1230 abstrusa,
842 1180 906 1219 ac
949 1163 1231 1219 recondita
1267 1161 1666 1232 proferrentur,
1707 1160 1976 1229 ejusmodi

395 1260 645 1331 quaedam
682 1257 903 1335 finxisse
933 1258 1063 1316 sibi.
1093 1271 1216 1327 qua?
1254 1255 1322 1309 ab
1374 1256 1467 1309 illo
1510 1268 1790 1324 nunquam
1833 1252 1977 1307 didi-

396 1359 608 1417 cerant,
642 1352 947 1422 prarsertim
995 1364 1121 1405 cum
1167 1350 1334 1403 multa
1375 1348 1521 1402 inter
1562 1346 1707 1411 illos,
1741 1345 1831 1414 qui
1880 1360 1980 1399 nos

397 1444 643 1509 adibant,
673 1443 992 1513 opinionum
1023 1439 1263 1495 varietas
1290 1447 1458 1494 esset.
1486 1436 1697 1507 Quippe
1727 1434 1980 1489 nonnulli

397 1549 462 1590 eo
484 1534 760 1605 progressi
786 1540 934 1599 sunt,
972 1539 1031 1586 ut
1056 1530 1334 1587 Christum
1364 1543 1566 1597 corpus
1601 1542 1631 1581 e
1660 1528 1799 1581 cmlo
1824 1525 1984 1579 detu-

397 1625 532 1681 lisse
551 1624 798 1679 dicerent
836 1641 849 1677 :
882 1637 1003 1693 qua:
1033 1619 1272 1676 absurda
1324 1617 1720 1688 peregrinaque
1751 1614 1983 1669 commi-

2072 424 2469 497 προαγόμενος.
2523 424 2635 475 Καὶ
2666 422 2734 475 τὰ
2779 423 2971 493 πρῶτα
3020 423 3118 491 μὲν
3156 422 3547 493 ὲνηχούμενοι
3604 418 3707 469 ἀπ·οέ

2072 534 2234 570 τινων
2266 516 2375 567 τῶν
2410 515 2499 567 ὑπ’
2533 513 2698 568 αὐτοῦ
2738 513 3266 585 μεμαθητευμένων,
3299 509 3705 583 ἠπιστοῦμεν,

2072 610 2122 660 εἰ
2155 606 2261 678 ἄρα
2290 609 2317 660 ὁ
2350 607 2488 678 ἀνὴρ
2514 605 2755 671 τοιοῦτος
2788 606 3072 676 τυγχάνων
3100 604 3256 660 τοῦτο
3288 605 3705 674 παρεισήγαγε

2072 701 2150 771 τῷ
2203 700 2301 771 βίῳ
2344 700 2405 754 τὸ
2456 701 2628 772 ῥῆμα,
2661 698 2740 752 ἔτι
2775 700 2833 751 ἐν
2880 698 3179 771 προσδοκίᾳ
3217 698 3448 759 ἐλπίδος
3484 711 3709 765 μακρο-

2074 792 2392 865 θυμοῦντες,
2419 792 2524 854 ἕως
2556 791 2813 862 τάκριϐὲς
2842 789 3174 861 ὲπιγνῶμεν.
3230 790 3557 859 Ἐλέγομεν
3594 788 3707 857 γὰρ

2074 885 2201 947 τοὺς
2235 884 2431 945 παῖδας
2474 883 2599 947 τοὺς
2642 883 2734 935 ὑπ’
2781 881 2969 947 αὑτοῦ,
3020 883 3157 954 πρὸς
3200 884 3353 953 ἡμᾶς
3403 880 3708 950 ἀφικομέ-

2076 994 2218 1041 νους,
2272 975 2346 1047 μὴ
2380 976 2637 1038 νοοῦντας
2678 974 2746 1028 τὰ
2791 975 3000 1045 βαθέως
3027 975 3133 1028 ὑπὸ
3171 975 3263 1027 τοῦ
3293 974 3570 1028 τοιούτου
3620 972 3707 1025 λο-

2076 1068 2196 1136 γίου
2232 1066 2447 1138 ἀνδρὸς,
2483 1067 2578 1119 καὶ
2612 1065 2857 1133 συνετοῦ,
2906 1068 3001 1119 καί
3042 1066 3388 1130 διδασκάλω,
3424 1066 3541 1133 ἀφ’
3578 1066 3706 1117 ἑαυο

2078 1160 2184 1213 τῶν
2232 1160 2404 1212 ταῦτα
2453 1160 2729 1225 πλάττειν,
2771 1159 2845 1231 μὴ
2898 1160 2996 1213 ἀπ’
3040 1160 3203 1214 αὐτοῦ
3252 1159 3703 1231 μεμαθηκότας.

2079 1252 2258 1305 Πολλά
2288 1252 2397 1323 γὰρ
2446 1248 2536 1323 ἦν,
2572 1252 2607 1305 ἀ
2641 1254 2699 1305 ὲν
2749 1254 2934 1316 αὐτοῖς
2989 1254 3125 1323 πρὸς
3158 1254 3304 1323 ἡμᾶς
3354 1249 3706 1323 ἐρχομένοις

2080 1344 2476 1416 ἡμφιϐάλλετο.
2525 1346 2685 1409 Τινὲς
2738 1346 2836 1416 μὲν
2872 1345 2979 1417 γὰρ
3014 1346 3192 1401 αὐτῶν
3236 1347 3574 1417 ἐτόλμησαν
3622 1345 3709 1395 λέ-

2082 1452 2197 1504 γειν
2229 1435 2433 1490 ἄνωθεν
2482 1436 2573 1490 τὸν
2623 1438 2859 1509 Χριστὸν
2904 1438 2966 1491 τὸ
3000 1438 3159 1509 σῶμα
3206 1437 3666 1509 κατενηνοχέναι
3692 1455 3704 1465 ο

2082 1527 2416 1598 ἐπιμένουσα
2450 1528 2506 1582 δὲ
2540 1530 2597 1581 ἐν
2644 1532 2711 1601 τῇ
2762 1531 2873 1584 τῶν
2914 1530 3215 1602 ἀνθρώπων
3255 1531 3444 1602 ἐννοίᾳ.
3480 1534 3519 1599 ἡ
3556 1531 3707 1594 ξενο-

2085 1619 2239 1687 λογία
2268 1620 2361 1673 ἐπὶ
2392 1620 2489 1692 τὴν
2517 1621 2800 1694 δεινότητα
2827 1623 3109 1695 προκοπὴν
3144 1622 3462 1694 εἰργάζετο.
3512 1623 3706 1675 ’Δλὶα

398 1712 647 1770 niscendi
682 1712 922 1777 licentia,
953 1709 1239 1765 hominum
1278 1707 1445 1763 semel
1465 1706 1663 1760 animis
1706 1704 1971 1767 incidens,

2113 1712 2225 1777 ὲὲξ
2260 1712 2439 1764 αὐτῶν
2487 1711 2581 1766 καὶ
2630 1713 2688 1766 τὸ
2739 1713 2917 1784 ψυχὴν
2961 1714 3240 1784 εἰληφέναι
3289 1714 3383 1767 τὸν
3447 1714 3707 1785 Χριστὸν

400 1804 467 1860 ad
497 1804 746 1875 graviora
777 1801 1174 1870 acerbioraque
1199 1796 1363 1868 997
1388 1796 1680 1867 processit.
1717 1795 1820 1849 Alii
1850 1808 1979 1849 vero

397 1896 680 1953 Christum
704 1894 945 1949 animam
964 1891 1338 1961 assumpsisse
1360 1895 1721 1960 negaverunt.
1751 1887 1983 1955 Quidam

398 1988 647 2060 ejusdem
692 1986 900 2042 Christi
934 2000 1139 2056 corpus
1184 1982 1459 2038 divinitati
1510 1979 1985 2037 consubstantiale

399 2098 510 2137 non
546 2080 868 2136 dubitarunt
914 2092 1183 2133 asserere.
1221 2075 1434 2142 Quibus
1474 2072 1795 2143 opinionum
1844 2087 1974 2143 por-

403 2176 569 2231 tentis
602 2172 880 2229 Orientem
920 2184 1253 2241 magnopere
1294 2166 1719 2239 perturbarunt:
1763 2172 1988 2235 propter

400 2280 542 2337 quos
575 2264 802 2322 conﬂari
855 2263 1125 2335 synodum
1177 2275 1405 2315 necesse
1454 2258 1578 2322 fuit,
1628 2257 1998 2327 ejusdemque

400 2359 625 2415 decreto
658 2354 1034 2412 condemnari.
1069 2352 1211 2420 Quin
1242 2351 1408 2406 etiam
1444 2348 1827 2405 commentarii
1867 2348 1990 2418 qui-

403 2451 528 2505 dem
572 2447 877 2519 praescripti
916 2454 1066 2509 sunt,
1114 2458 1351 2515 quorum
1402 2440 1652 2511 exempla
1702 2438 1771 2493 ad
1815 2437 1875 2491 B.
1912 2438 1984 2492 M.

402 2557 599 2613 papam
640 2538 1002 2595 Athanasium
1048 2536 1215 2591 missa
1259 2541 1422 2589 sunt:
1471 2532 1805 2603 quibusJIIe
1842 2546 1990 2586 com-

403 2632 690 2689 mentariis
720 2631 989 2685 adductus
1016 2637 1119 2694 est,
1156 2634 1215 2682 ut
1247 2627 1509 2681 adversus
1534 2624 1850 2696 dogmatum
1876 2624 1992 2678 illo-

404 2742 526 2781 rum
578 2732 882 2780 assertores
934 2735 1180 2776 nunaces
1232 2719 1444 2773 litteras
1493 2718 1559 2772 ad
1618 2716 1989 2772 venerabilem

403 2820 723 2888 episcopum
755 2814 1059 2885 Epictetum
1096 2812 1386 2875 scriberet,
1425 2824 1455 2863 a
1492 2824 1602 2880 quo
1629 2818 1853 2879 rogatus
1882 2808 1993 2863 fue-

405 2917 514 2973 rat,
569 2917 629 2963 ut
665 2906 1007 2978 tempestatis
1057 2904 1202 2958 illius
1249 2918 1313 2957 ac
1367 2901 1635 2955 tumultus
1672 2900 1991 2954 auctoribus

2086 1803 2410 1873 ἠρνήσαντο.
2451 1805 2609 1869 Τινὲς
2661 1805 2718 1859 δὲ
2775 1807 2873 1861 καὶ
2925 1807 3209 1878 ὁμοούσιον
3262 1808 3324 1861 τὸ
3375 1807 3564 1878 σῶμα
3613 1806 3705 1859 τοῦ

2088 1892 2325 1964 Χριστοῦ
2360 1898 2423 1966 τῇ
2461 1895 2675 1968 θεότητι
2707 1896 2889 1966 λέγειν
2920 1899 3247 1971 ἐτόλμησαν,
3284 1902 3386 1954 καὶ
3426 1900 3516 1953 τὰ
3566 1901 3693 1952 ἀνω

2087 1984 2281 2053 τερικὰ
2330 1984 2467 2057 μέρη
2515 1987 2599 2050 είς
2649 1988 2850 2060 πολλὴν
2886 1992 3129 2062 ταραχὴν
3179 1992 3588 2062 κατέστησανο
3642 1992 3706 2043 δι’

2089 2075 2181 2137 οὒς
2223 2076 2437 2147 ἀνάγκη
2468 2078 2659 2147 γέγονε
2688 2080 2799 2149 (92)
2833 2081 3048 2136 σύνοδον
3080 2083 3563 2154 συγκροτηθῆναι,
3616 2084 3707 2135 καὶ

2089 2165 2488 2237 ἀναθεματίσαι
2541 2170 2668 2233 τοὺς
2726 2172 3018 2237 τοιούτους.
3083 2174 3243 2228 Ἀλλὰ
3288 2176 3388 2229 καὶ
3436 2176 3707 2245 ὑπομνή-

2094 2275 2240 2328 ματα
2273 2258 2611 2332 πέπρακται,
2644 2256 2718 2317 ὧν
2760 2265 3070 2336 ἀντίγραφα
3094 2266 3173 2338 τῷ
3206 2268 3498 2339 μακαρίτῃ
3540 2269 3706 2340 πάπξι

2105 2350 2407 2423 Ἀθανασίῳ
2441 2355 2753 2427 ἀπεστάλη·
2802 2358 2868 2411 δι’
2901 2359 2968 2429 ἢν
3011 2361 3189 2413 αἰτίαν
3212 2360 3321 2414 τῶν
3352 2362 3707 2432 ὑπομνημά-

2091 2461 2200 2499 των
2259 2446 2352 2501 καὶ
2413 2446 2575 2511 αὐτὸς
2632 2452 2660 2502 ὁ
2716 2452 3028 2521 μακαρίτης
3088 2452 3411 2523 ἠναγκάσθη
3482 2453 3705 2523 γράψαι

2092 2535 2381 2607 ἐπιστολὴν
2430 2539 2570 2593 κατὰ
2622 2540 2729 2593 τῶν
2785 2543 2853 2596 τὰ
2903 2543 3128 2598 τοιαῦτα
3181 2544 3493 2613 λεγόντων,
3566 2549 3705 2617 μετὰ

2092 2626 2463 2698 ἀπειλητικῶν
2485 2631 2659 2700 λόγων
2686 2634 3137 2706 ἐπιπεμψάμενος
3160 2638 3239 2709 τῷ
3266 2640 3705 2711 αἰδεσιμωτατφ

2098 2719 2385 2791 ὲπισκόπῳ
2453 2722 2784 2796 Ἐπικτήτῳ,
2836 2728 2916 2779 ὅτι
2965 2729 3270 2799 κατηξίωσε
3312 2734 3438 2803 περὶ
3497 2734 3703 2785 τούτω

2093 2808 2196 2863 κᾶν
2225 2811 2517 2883 ἀπόκρισιν
2545 2817 2671 2878 τοῖς·
2694 2816 2962 2888 ταράξασι
2990 2818 3194 2875 δοῦναι.
3245 2823 3439 2891 Σαφῶς
3473 2824 3541 2877 δὲ
3574 2828 3705 2895 περὶ

2091 2902 2189 2972 τῆς
2223 2903 2459 2968 πίστεως
2501 2905 2715 2975 γράψας
2747 2908 2776 2960 ὁ
2826 2909 2986 2975 αὐτὸς
3023 2914 3333 2985 μακαρίτης
3373 2917 3430 2968 ὲν
3480 2917 3701 2987 ταυτῴ,

404 3000 779 3071 responderet.
823 2995 1189 3063 Quamobrem
1225 2994 1280 3048 in
1313 2992 1504 3047 eadem
1534 2992 1765 3061 epistola
1792 2991 1859 3045 de
1888 2989 1991 3044 fide

2113 2995 2190 3047 ιαὶ
2234 2997 2361 3060 τοὺς
2404 2998 2544 3051 αύτά
2594 3000 2901 3068 φάσκοντας
2934 3004 3028 3057 καὶ
3064 3007 3431 3076 ταράττοντας
3478 3009 3706 3079 ἀπεκή-

406 3093 695 3162 perspicue
723 3098 1093 3158 accurateque
1121 3087 1316 3141 beatus
1346 3084 1439 3139 ille
1467 3083 1753 3147 disseruit,
1782 3089 1835 3137 et
1867 3081 1990 3137 illos

2113 3085 2275 3150 πυξεν.
2322 3080 2430 3151 Ἧς
2462 3091 2753 3162 ἐπιστολῆς
2780 3093 2841 3146 τὸ
2876 3071 3208 3167 ἀντίγραφον
3238 3098 3476 3152 ἐνταῦθα
3519 3071 3705 3173 παρα·-

408 3195 674 3237 novorum
705 3177 1020 3248 dogmatum
1051 3186 1443 3247 prepagatores
1472 3172 1995 3243 perturbatoresque

2094 3177 2282 3233 θέσθαι
2324 3179 2498 3235 διόλου
2527 3184 2826 3253 ἀναγκαῖον
2872 3188 3189 3261 ἡγησάμην.
3231 3192 3343 3244 Καὶ
3381 3192 3502 3245 ἔστι
3555 3194 3699 3247 τάδε’

409 3269 753 3353 proscripsit.
781 3269 955 3340 Cujus
986 3268 1234 3341 epistolae
1259 3268 1533 3337 integrum
1582 3264 1889 3336 exemplum
1925 3265 2013 3322 hic
2055 3270 2333 3329 ascribere
2392 3278 2766 3333 necessarium
2808 3294 2933 3337 esse
2969 3282 3122 3339 duxi.
3163 3282 3261 3339 Est
3294 3294 3476 3342 autem
3516 3284 3703 3358 ejus-

411 3365 556 3421 modi
599 3382 614 3419 :

410 3484 739 3539 Athanasius
758 3483 1033 3554 episcopus
1061 3478 1405 3563 Alexandria:
1435 3478 1671 3549 Epicteto
1692 3478 1997 3535 Corinthio-

996 3568 1112 3605 rum
1143 3567 1404 3621 episcopo.

486 3664 573 3719 111.
624 3663 889 3735 Equidem
934 3663 1245 3719 arbitrabar
1285 3663 1691 3726 haereticorum,
1728 3673 1999 3734 quotquot

413 3772 655 3827 unquam
688 3756 926 3817 fuerunt,
953 3754 1200 3809 omnium
1239 3768 1430 3809 vanam
1473 3754 1882 3826 absurdamque
1916 3755 1999 3809 lo-

414 3850 748 3927 quacitatem
787 3848 856 3903 ab
896 3845 1115 3902 Nicaena
1162 3846 1376 3918 synodo
1422 3846 1641 3916 penitus
1679 3861 1803 3901 esse
1849 3861 2001 3901 com-

415 3955 681 4013 pressam.
721 3936 854 4005 Quae
899 3938 1047 3993 enim
1094 3937 1209 3991 illic
1250 3951 1281 3990 a
1321 3934 1577 3992 Patribus
1613 3953 1684 3993 ex
1720 3952 2001 3992 sacrarum

414 4034 745 4092 auctoritate
782 4032 1113 4088 Litterarum
1152 4032 1437 4103 proposita
1469 4030 1593 4087 fidei
1625 4031 1861 4086 formula
1892 4040 2000 4097 est,

414 4142 541 4184 cum
573 4127 645 4181 ad
670 4140 832 4183 omne
855 4141 1029 4198 genus
1056 4125 1351 4197 impietatis
1376 4124 1753 4189 evertenduiu,
1786 4134 1899 4179 tum
1929 4124 1998 4179 ad

414 4221 723 4293 religiosam
754 4220 811 4276 in
853 4218 1078 4275 Christo
1124 4217 1286 4274 ﬁdem
1330 4216 1705 4273 aliirmandam
1750 4217 2000 4273 sufﬁcere

413 4315 653 4371 videtur.
682 4312 1051 4380 Quamobrem
1079 4327 1203 4368 cum
1227 4326 1327 4381 per
1353 4311 1609 4377 Galliam,
1648 4310 1997 4382 Hispaniam,

2113 3484 2457 3554 Ἄθανάσιος
2488 3488 2824 3566 ἐπίσκοπος
2874 3492 3322 3563 Ἀλεξανδρείας
3348 3499 3499 3566 πρὸς
3542 3501 3697 3555 Ἐπί-

2403 3577 2624 3625 κτητον
2660 3563 3001 3617 ἐπίσκοπον
3036 3568 3384 3634 Κορινθίων.

2176 3670 2214 3722 Γ
2216 3677 2248 3724 '.
2307 3669 2449 3739 Ἐγὼ
2484 3673 2582 3743 μὲν
2623 3673 2875 3745 ἐνόμιζον
2909 3679 3089 3730 πᾶσαν
3132 3680 3524 3751 ματαιολογίαν
3563 3685 3694 3739 πάν-

2098 3778 2227 3825 των,
2254 3762 2367 3816 ὅσοι
2394 3763 2660 3836 δηποτοῦν
2682 3767 2819 3820 εἰσιν
2842 3768 3131 3840 αίρετικοὶ,
3164 3772 3475 3827 πεπαῦσθαι
3499 3776 3571 3829 ἑκ
3594 3778 3693 3847 τῆς

2099 3853 2398 3925 γενομένης
2440 3857 2499 3909 ἐν
2529 3857 2735 3931 Νικαίᾳ
2767 3860 3008 3915 συνόδου.
3053 3862 3118 3915 Ἦ
3148 3864 3257 3934 γὰρ
3286 3866 3345 3918 ὲν
3374 3865 3507 3936 αὐτῇ
3543 3870 3691 3937 παρὰ

2046 3998 2050 4002 _
2099 3944 2208 3998 τῶν
2236 3946 2497 4018 Πατέρων
2524 3949 2666 4003 κατά
2696 3948 2797 4014 τάς
2843 3951 3005 4017 ἁγίας
3043 3953 3267 4025 Γραφὰς
3297 3957 3687 4028 ὁμολογηθεῖσα

2101 4035 2284 4098 πίστις
2332 4037 2612 4110 αὐτάρκης
2662 4040 2777 4092 ἐστὶ
2822 4041 2960 4112 πρὸς
3007 4043 3321 4115 ἀνατροπὴν
3373 4046 3470 4117 μὲν
3511 4048 3688 4116 πάσης

2106 4125 2383 4195 ἀσεϐείας,
2419 4129 2679 4185 σύστασιν
2712 4131 2769 4186 δὲ
2811 4133 2911 4203 τῆς
2956 4135 3014 4187 ὲν
3052 4134 3274 4206 Χριστῷ
3314 4137 3571 4201 εὐσεϐοῦς
3606 4141 3686 4191 πί-

2109 4235 2296 4282 στεως.
2336 4221 2435 4274 Διὰ
2465 4221 2622 4275 τοῦτο
2656 4222 2787 4291 γοῦν
2815 4225 2909 4277 καὶ
2948 4223 3044 4280 νῦν
3072 4225 3347 4299 διαφόρων
3387 4228 3683 4300 γενομένων

2109 4311 2363 4377 συνόδων,
2392 4312 2448 4367 ἐν
2475 4330 2534 4367 τε
2559 4316 2626 4385 τῇ
2651 4314 2853 4385 Γαλλίᾳ
2876 4315 2970 4369 καὶ
2999 4318 3231 4389 Σπανίᾳ,
3263 4321 3359 4373 καὶ
3387 4324 3451 4391 τῇ
3481 4322 3680 4391 μεγάλῃ

416 4406 713 4477 Romaeque
740 4404 878 4460 adeo
912 4403 1217 4475 frequentia
1244 4404 1349 4461 hoc
1368 4412 1618 4475 tempore
1640 4404 1870 4461 concilia
1906 4420 1999 4460 ce-

2114 4401 2321 4476 Ῥώμῃ,
2356 4407 2556 4471 πάντες
2590 4410 2640 4461 oi
2686 4408 3033 4474 συνελθόντες
3059 4387 3194 4475 τοὺς
3222 4412 3323 4483 μὲν

416 4501 625 4556 lebrata
658 4500 786 4562 sint,
818 4506 1092 4571 quotquot
1131 4498 1186 4551 in
1219 4497 1328 4553 illis
1358 4497 1691 4569 congregati.
1715 4508 1864 4562 sunt,
1903 4513 2002 4553 oc-

418 4592 599 4646 cultos
627 4590 740 4644 Arii
772 4590 1037 4655 fautores,
1078 4590 1409 4644 Auxentium
1458 4590 1582 4645 dico
1628 4589 2003 4646 Mediolanen-

420 4698 559 4746 sem,
601 4692 654 4737 et
684 4680 1004 4745 ~Ursatium,
1068 4694 1133 4734 ac
1188 4678 1495 4745 Valentem,
1539 4679 1729 4736 Caium
1784 4696 2001 4752 quoque

421 4774 785 4839 Pannonium,
830 4774 977 4827 velut
1018 4773 1182 4828 unius
1213 4773 1393 4827 afﬂatu
1432 4773 1683 4843 spiritus,
1726 4778 2004 4830 communi

420 4866 683 4937 suffragio
705 4864 1167 4928 condemnarunt,
1200 4873 1253 4919 et
1279 4865 1586 4935 encyclicas
1620 4866 1831 4923 litteras
1868 4867 2007 4921 scri—

422 4968 651 5033 pserunt
680 4977 693 5013 :
719 4957 940 5028 quibus,
964 4956 1109 5028 quod
1135 4958 1223 5013 isti
1251 4956 1587 5029 synodorum
1610 4957 1745 5013 falsa
1778 4960 2001 5013 nomina

415 5057 707 5123 jactarent,
733 5053 898 5107 ullam
925 5052 979 5107 in
1005 5050 1248 5106 Ecclesia
1275 5050 1546 5105 catholica
1570 5052 1839 5123 synodum
1865 5068 2005 5122 prae-

418 5158 506 5205 ter
534 5145 806 5199 Nicaanam
837 5143 1109 5198 nominari
1131 5149 1459 5199 vetuerunt:
1488 5159 1610 5213 quae
1641 5158 1765 5197 cum
1796 5144 1862 5199 de
1894 5160 2001 5198 cre-

418 5237 554 5293 tei-is
594 5236 871 5301 omnibus,
910 5242 1024 5289 tum
1064 5233 1133 5288 de
1170 5232 1371 5288 Ariana
1412 5234 1765 5303 potissimum
1809 5234 2001 5290 haeresi

460 5430 461 5433 η
492 5391 609 5463 (92)
636 5392 715 5446 Δι’
757 5390 864 5456 οὓς
898 5391 1127 5459 ἀνάγκη
1161 5390 1391 5461 γέγονε.
1423 5388 1633 5460 Duplex
1665 5389 1773 5463 illis
1790 5398 2000 5463 tempef

422 5461 789 5520 rib‘us'habita
831 5464 1072 5533 synodus
1103 5472 1217 5533 est,
1251 5464 1304 5515 in
1334 5478 1445 5533 qua
1473 5476 1627 5516 error
1677 5461 1998 5533 Apollinarii

425 5534 715 5601 damnatus
746 5531 874 5587 estf
906 5532 1075 5601 prima
1104 5531 1447 5601 Alexandria:
1479 5532 1547 5585 ab
1591 5532 1912 5593 Athanasio,
1948 5539 2000 5586 et

430 5603 664 5656 Eusebio
692 5600 1068 5673 Vercelleusi,
1100 5612 1386 5671 postquam
1413 5600 1631 5656 Iuliano
1671 5603 1996 5673 imperante,

432 5673 667 5740 Georgio
698 5674 765 5725 ab
803 5671 1184 5727 Alexandrinis
1217 5673 1438 5739 occiso,
1476 5674 1591 5728 sedi
1626 5671 2001 5730 suae'restitu-

2108 4492 2322 4563 μένους,
2366 4495 2461 4548 καὶ
2507 4497 2840 4567 φρονοῦντας
2883 4500 2952 4552 τά
3004 4501 3240 4572 Ἀρείου,
3294 4503 3577 4569 Λύξέντιον
3617 4504 3677 4573 δὴ

2104 4583 2250 4654 λέγω
2291 4586 2383 4639 τὸν
2421 4587 2479 4639 ὲν
2527 4588 2863 4661 Μεδιολάνῳ,
2911 4592 3005 4644 καὶ
3047 4592 3377 4664 Ούρσάκιον,
3424 4597 3514 4649 καὶ
3549 4596 3677 4649 Οὐά-

2107 4675 2288 4742 λεντα,
2323 4678 2480 4732 Γάϊον
2513 4681 2619 4733 ἀπὸ
2663 4681 2761 4752 τῆς
2804 4684 3119 4749 Παννονίας,
3167 4685 3454 4756 παμψηφὶ,
3482 4689 3552 4749 ('0;
3578 4689 3677 4740 ἀπὸ

2108 4767 2227 4831 ἑνὸς
2262 4770 2576 4842 πνεύματος
2616 4773 2948 4844 κινούμενοι,
2998 4776 3415 4847 ἀνεθεμάτισαν⁸
3447 4779 3673 4849 ἔγραψαν

2111 4859 2168 4913 δὲ
2194 4863 2490 4933 πανταχοῦ,
2528 4863 2616 4917 διὰ
2657 4864 2717 4917 τὸ
2752 4868 2878 4929 τοὺς
2912 4866 3185 4932 τοιούτους
3217 4870 3454 4923 ἐπινοεῖν
3479 4873 3671 4933 ὲαυτοξ

2109 4950 2349 5023 ὀνόματα
2387 4955 2639 5020 συνόδων,
2681 4950 2952 5028 μηδεμίαν
2985 4961 3043 5012 ὲν
3070 4964 3133 5030 τῇ
3160 4962 3423 5035 καθολικῇ
3466 4963 3670 5031 Ἐκκλη-

2112 5044 2202 5116 σία
2234 5045 2449 5101 σύνοδον
2472 5049 2857 5119 ὀνομάζεσθαι,
2893 5052 2940 5104 εί
2981 5051 3055 5123 μὴ
3086 5052 3246 5124 μόνον
3276 5054 3373 5127 τὴν
3403 5057 3457 5109 ὲν
3484 5057 3667 5126 Νικαία

2110 5142 2429 5213 γενομένην,
2464 5142 2722 5212 τρόπαιον
2756 5142 2858 5212 μὲν
2884 5138 3047 5197 οὖσαν
3088 5146 3271 5217 πάσης
3293 5148 3560 5220 αἱρέσεως,
3586 5147 3665 5210 ἐξ·

2108 5235 2339 5307 αιρέτως
2364 5235 2420 5288 δὲ
2438 5234 2539 5306 τῆς
2576 5236 2884 5308 Ἀρειανῆς,
2916 5235 2983 5289 δι’
3012 5238 3077 5308 ἣν
3112 5239 3348 5310 μάλιστα
3376 5242 3463 5296 καὶ
3492 5244 3520 5312 ἡ
3547 5240 3659 5292 ari-J-

2106 5399 2197 5447 tus
2225 5401 2307 5445 est
2339 5391 2676 5448 Athanasius
2705 5432 2719 5455 ,
2775 5408 2921 5447 anno
2960 5393 3165 5449 Christi
3197 5396 3345 5461 562;
3379 5397 3527 5449 altera
3557 5394 3655 5445 Ro-

2108 5478 2209 5517 mae
2239 5465 2342 5517 sub
2376 5462 2609 5519 Damaso
2638 5502 2653 5527 ,
2688 5480 2833 5518 anno
2872 5465 3077 5519 Christi
3121 5466 3249 5521 575.
3292 5466 3416 5519 Vide
3448 5465 3652 5520 Annales

2108 5533 2291 5605 ecclés.
2330 5532 2403 5588 De
2458 5535 2560 5587 hoc
2613 5535 2905 5603 posteriori
2948 5538 3220 5600 concilio,
3274 5539 3427 5605 cujus
3488 5549 3651 5587 recens

2108 5618 2231 5658 cum
2266 5604 2682 5660 lucc-scriberet
2711 5604 3047 5675 Epiphanius
3082 5604 3349 5665 memoria
3364 5613 3487 5671 erat,
3517 5617 3653 5660 eum.

2109 5676 2230 5730 dem
2256 5675 2671 5748 intelligendum
2703 5677 2979 5733 existimo.
