3790 6212
118 239 238 295 645

733 238 1098 301 ADVERSUS
1143 239 1484 298 "ERESES
1517 241 1647 298 LIB.
1685 243 1772 300 Ill.
1819 243 1982 300 ΤΟΜ.
2015 246 2085 301 ‘ll.
2133 279 2196 288 —
2233 247 2505 303 HAEIlES.
2535 249 2793 308 LXXVII.

3305 253 3406 310 62-6

115 353 250 416 οδος
287 351 410 404 τότε
456 352 717 425 συνήχθη.
772 353 896 416 Πῶς
940 353 1118 406 τοίνυν
1166 354 1246 406 ἑτι
1297 354 1430 425 μετὰ
1488 355 1686 409 τοσαῦτ

1829 359 2201 429 triumphavit,
2232 361 2394 430 cujus
2422 362 2587 417 unius
2615 364 2792 432 gratia
2821 364 3162 434 putissimum
3185 376 3268 424 est
3292 371 3408 424 col-

117 446 502 517 ὰμφισϐητεῖν
524 463 670 508 τινες
698 447 731 516 ἦ
763 447 947 517 ζητεῖν
978 445 1384 517 ὲπιχειροῦσινς
1423 448 1484 500 Ei
1514 448 1612 518 μὲν
1631 444 1723 500 οὖν

116 539 198 592 ὲκ
223 537 334 591 τῶν
376 536 670 609 ’Λρειανῶν
698 540 856 599 εἰσιν,
883 537 1033 590 οὐδὲν
1061 536 1392 608 θαυμαστὸν,
1421 540 1468 590 εί
1499 539 1566 590 τὰ
1593 538 1710 592 καθ’

113 628 338 682 ἑαυτῶν
367 629 647 700 γραφέντα
677 628 1077 684 διαϐάλλουσιν·
1117 629 1308 700 ὥσπερ
1337 631 1430 684 καὶ
1461 631 1722 702 ’Έλληνες

111 720 411 775 ἀκούουσι·
448 724 521 774 Τὰ
546 720 765 775 clauda
787 721 906 774 τῶν
929 720 1121 774 ἐθνῶν
1141 722 1449 791 ἀργύριον,
1467 723 1564 775 καὶ
1586 741 1724 792 χρυ-

111 812 292 879 σίον,
335 813 514 882 ἔργον
556 802 770 882 impar
811 812 1157 880 ἀνθρώπων,
1205 812 1416 884 μωρίαν
1459 815 1717 884 ἡγοῦνται

109 903 224 973 τὴν
253 906 381 974 περὶ
410 906 503 958 τοῦ
529 905 684 973 ἁγίου
709 905 1026 976 ΙΙνεύματος
1049 904 1417 958 διδασκαλίαν.
1445 906 1506 958 Ei
1531 906 1587 958 δὲ
1609 906 1717 960 τῶν

110 995 432 1049 δοκούντων
471 995 646 1068 ὀρθῶς
690 996 994 1063 πιστεύειν,
1045 996 1139 1049 καὶ
1191 997 1412 1067 ἀγαπᾷν
1443 997 1512 1049 τὰ
1544 997 1718 1068 δηλω-

111 1087 293 1142 θέντα
323 1089 472 1160 παρὰ
502 1090 607 1143 τῶν
628 1089 888 1161 Πατέρων
915 1089 1052 1143 εἰσὶν
1074 1091 1122 1142 οἱ
1142 1089 1231 1142 διὰ
1254 1088 1346 1142 τοῦ
1380 1090 1562 1160 ζητεῖν
1588 1092 1717 1143 ἀνα-

113 1179 422 1244 σκευάζειν
438 1180 732 1245 ἐθέλοντες.
753 1181 905 1234 οὐδὲν
932 1181 1118 1250 ἕτερον
1149 1180 1416 1243 ποιοῦσιν,
1441 1181 1473 1252 ἢ
1496 1181 1634 1234 κατὰ
1655 1180 1716 1233 τὸ

110 1272 533 1343 γεγραμμένων
556 1271 659 1326 Τὸν
691 1274 788 1344 μὲν
817 1273 1042 1342 πλησίον
1069 1272 1383 1336 ποτίζουσιν
1404 1272 1716 1343 ἀνατροπὴν

111 1361 379 1432 θαλερὰν,
428 1364 793 1436 λογομαχοῦσι
841 1365 898 1418 δὲ
944 1367 1001 1418 ὲν
1049 1364 1225 1417 οὐδενὶ
1269 1365 1523 1435 χρησίμῳ
1561 1363 1593 1435 ἢ
1625 1364 1716 1417 ἐπὶ

108 1460 480 1528 καταστροφῇ
520 1456 627 1510 τῶν
660 1456 954 1529 ἀκεραίων.

1827 451 1985 506 lecta.
2017 450 2150 507 Post
2172 466 2236 506 ea
2269 467 2397 507 vero
2421 460 2500 508 tot
2527 462 2808 524 tantaque,
2834 458 2964 526 quid
2989 467 3073 513 est
3097 459 3243 530 quad
3266 476 3404 514 non-

1824 543 1958 597 nulli
1995 544 2428 598 controversiam
2477 542 2659 600 facere
2705 562 2769 600 ac
2808 552 3141 617 quaestiones
3197 554 3405 623 agitare

1825 633 2134 687 conamur?
2175 631 2278 700 Qui
2331 635 2376 688 si
2419 649 2484 688 ex
2521 635 2724 690 Ariana
2771 636 3006 693 factione
3050 650 3201 706 sunt,
3236 642 3406 713 998

1821 721 1960 776 nihil
2001 723 2200 776 mirum
2244 731 2328 777 est
2376 723 2499 778 illos
2545 740 2665 794 quae
2710 735 2902 780 contra
2935 743 2995 784 se
3021 740 3150 788 sunt
3179 734 3402 800 scripta.

1823 813 2125 868 criminari.
2169 813 2641 880 Quemadmodum
2677 826 2731 871 et
2768 820 2996 888 gentiles
3036 837 3158 876 cum
3192 839 3222 879 e
3251 823 3406 879 Psal-

1822 903 1928 957 mis
1960 903 2105 958 istud
2151 905 2380 958 audiunt
2409 924 2419 958 :
2445 904 2750 961 Simulacra
2770 910 3000 977 gentium
3031 919 3322 981 argentum,
3355 923 3404 964 et

1822 1010 2036 1057 aurum,
2094 1010 2221 1062 opus
2272 1013 2525 1049 manuum
2581 997 2910 1062 ltominum’,
2963 1001 3107 1054 illam
3166 999 3403 1071 Spiritus

1822 1089 1997 1142 sancti
2029 1088 2336 1142 doetrinam
2386 1105 2592 1143 meram
2639 1107 2763 1147 esse
2807 1094 3095 1149 stultitiam
3132 1096 3406 1149 arbitran-

1821 1185 1930 1233 tur.
1966 1177 2058 1233 Siu
2090 1195 2153 1234 ex
2187 1195 2379 1234 eorum
2415 1197 2648 1236 numero
2679 1189 2827 1249 sunt,
2865 1186 2957 1254 qui
3004 1202 3137 1240 sana
3182 1201 3246 1240 ac
3287 1187 3405 1240 sin-

1822 1285 1946 1326 cera
1974 1270 2076 1326 fide
2106 1271 2318 1341 praediti
2349 1273 2628 1335 videntur,
2651 1283 2703 1330 et
2733 1276 2786 1329 in
2821 1277 2910 1340 iis,
2936 1290 3056 1346 quae
3089 1292 3119 1329 a
3149 1275 3403 1340 Patribus

1821 1361 2042 1416 decreta
2071 1367 2221 1429 sunt,
2255 1362 2628 1431 acquiescere,
2666 1379 2730 1418 ac
2763 1365 3124 1422 nihilominus
3159 1367 3276 1420 suis
3298 1367 3402 1422 illis

1821 1453 2218 1524 quaestionibus
2251 1461 2495 1510 evertere
2536 1455 2718 1510 omnia
2761 1465 3051 1523 conantur,
3086 1459 3218 1524 nihil
3253 1458 3402 1514 aliud

107 1549 389 1619 eﬂiciunt,
435 1553 538 1606 nisi
563 1554 706 1622 quod
746 1555 1010 1624 scriptum
1044 1562 1168 1609 est:
1204 1552 1459 1606 Proximo
1491 1549 1708 1620 quidem
1779 1549 2054 1604 turbidam
2129 1550 2474 1605 eversionem
2524 1551 2892 1620 pr0pinaut';
2938 1561 2992 1607 et
3031 1553 3235 1607 otiosas
3274 1567 3400 1605 vcr-

108 1645 321 1700 borum
363 1648 746 1702 contentiones
783 1657 1000 1702 movent
1024 1647 1065 1712 ⁸,
1097 1662 1218 1718 quae
1263 1647 1328 1700 ad
1366 1645 1515 1700 aliud
1553 1643 1710 1710 nihil,
1751 1659 1914 1714 quam
1948 1642 2015 1697 ad
2042 1641 2324 1697 rudiorum
2356 1643 2652 1712 perniciem
2711 1651 2875 1714 atque
2943 1645 3168 1699 exitium
3231 1644 3400 1716 portio

108 1754 226 1795 nen
236 1751 281 1796 ι.

186 1836 272 1887 Δ¹.
310 1832 494 1887 Ταῦτα
514 1833 572 1887 δὲ
597 1832 770 1898 οὕτως
789 1834 1006 1905 γράφω,
1036 1834 1277 1906 ἐντυχὼν
1297 1837 1409 1898 τοῖς
1429 1834 1580 1906 παρὰ
1613 1832 1686 1903 τῆη

1883 1801 1971 1879 lV.
2005 1823 2129 1880 Hth
2169 1825 2380 1880 idcirco
2411 1825 2618 1891 scribo,
2656 1827 2801 1896 quod
2834 1827 3226 1883 commentaria
3251 1843 3400 1899 quae-

113 1927 226 1996 σῆς
255 1926 565 1989 θεοσεϐείας
607 1927 992 1998 προσαχθεῖσιν
1019 1930 1034 1959 ⁸
1069 1928 1476 1999 ὑπομνήμασιν·
1507 1927 1542 1980 ἃ
1576 1926 1711 1996 μηδὲ

109 2017 646 2088 γραφῆναιῶφελον.
669 2018 754 2072 ἵνα
772 2019 904 2089 μηδὲ
923 2019 1111 2089 μνήμη
1130 2036 1212 2082 τις
1226 2017 1430 2072 τούτων
1445 2020 1557 2080 τοῖς
1575 2016 1712 2088 μετὰ

105 2109 296 2164 ταῦτα
326 2109 574 2180 γένηται.
607 2111 704 2172 Τίς
730 2110 839 2182 γὰρ
873 2111 1071 2181 ἤκουσε
1107 2109 1334 2165 τοιαῦτά
1357 2126 1516 2174 ποτε;
1552 2109 1635 2173 τίς
1655 2109 1710 2162 δὲ

105 2200 138 2252 6
175 2200 426 2265 διδάξας,
469 2201 501 2271 ἢ
535 2199 756 2272 μαθὼν;
799 2201 893 2253 Ἐκ
935 2201 1033 2271 μὲν
1058 2199 1168 2271 γὰρ
1200 2198 1337 2252 Σιὼν
1367 2198 1710 2264 ἐξελεύσεται

118 2287 296 2360 λόγος
326 2293 553 2362 Κυρίου,
588 2294 682 2346 καὶ
710 2293 872 2362 νόμος
893 2292 1028 2345 Θεοῦ
1059 2292 1118 2358 ἐξ
1157 2292 1534 2363 Ἰερουσαλήμ.
1563 2290 1709 2350 Ταῦ-

110 2402 184 2439 τα
209 2385 274 2438 δὲ
295 2384 460 2438 πόθεν
481 2384 703 2454 ὲξῆλθε;
729 2385 887 2446 Ποῖος
905 2383 1038 2454 ᾅδης
1061 2382 1400 2462 ἐξηρεύξατο,
1425 2380 1708 2452 όμοούσιον

111 2479 300 2546 εἰπεῖν
327 2479 391 2530 ἐκ
415 2476 633 2548 Μαρίας
662 2475 821 2546 σῶμα
849 2477 915 2546 τῇ
945 2474 1041 2528 τοῦ
1070 2477 1246 2544 Λόγου
1279 2474 1527 2546 θεότητι;
1562 2472 1594 2543 ἢ
1625 2473 1708 2526 ὅτι

111 2572 141 2622 6
173 2569 354 2637 Λόγος
393 2571 472 2631 είς
505 2569 702 2638 σάρκα,
750 2568 843 2621 καὶ
873 2569 1026 2629 ὀστᾶ,
1075 2567 1171 2620 καὶ
1201 2566 1412 2637 τρίχας,
1453 2567 1546 2619 καὶ
1588 2564 1706 2618 ὅλον

115 2660 286 2730 σῶμα
327 2659 750 2730 μεταϐέϐληται,
795 2659 889 2712 καὶ
926 2658 1136 2728 ἠλλάγη
1166 2659 1262 2728 τῆς
1291 2657 1426 2719 ἰδίας
1455 2656 1703 2727 φύσεωςς

114 2752 215 2813 Τίς
241 2751 383 2814 ὅλως
407 2751 607 2822 ἢκουσε
636 2748 798 2820 παρὰ
819 2748 1180 2821 Χριστιανῶν,
1211 2749 1293 2801 ὅτι
1320 2748 1489 2813 θέσει,
1525 2749 1619 2802 καὶ
1643 2748 1704 2801 οὐ

113 2844 284 2911 φύσει
315 2843 475 2912 σῶμα
509 2843 817 2912 πεφόρηκεν
849 2841 878 2892 6
903 2841 1061 2905 Υἱός,
1083 2841 1153 2892 Ἢ
1189 2841 1271 2902 τίς
1301 2839 1552 2893 τοσοῦτον
1578 2837 1706 2909 ἠσέ-

115 2933 469 3006 ϐησεν,ὦστε
500 2936 672 2988 εἰπεῖν
719 2933 835 3005 ἅμα
867 2933 961 2987 καὶ
999 2935 1236 3003 φρονεῖν,
1275 2933 1358 2985 ὅτι
1397 2931 1588 3001 θεότης
1610 2931 1705 2983 αὐ-

111 3027 209 3080 τοῦ
240 3029 275 3098 ἡ
299 3027 584 3098 ὁμοούσιος
611 3025 689 3097 τῷ
715 3027 890 3097 Πατρὶ
917 3025 1054 3097 αὐτὴ
1080 3025 1442 3097 περιετμήθη,
1466 3025 1559 3078 καὶ
1582 3025 1704 3077 ὰτεο

113 3118 214 3189 λῆς
249 3120 314 3171 ὲκ
361 3116 568 3170 τελείου
607 3117 828 3185 γέγονε;
859 3117 952 3169 καὶ
976 3117 1038 3169 τὸ
1067 3119 1122 3169 ὲν
1162 3116 1240 3186 τῷ
1275 3116 1416 3186 ξύλῳ
1437 3115 1702 3185 καθηλού·

1815 1919 1940 1972 dam
1973 1919 2076 1989 legi
2121 1933 2152 1972 a
2191 1917 2389 1987 pietate
2421 1926 2513 1971 tua
2561 1918 2719 1973 nobis
2768 1919 2971 1972 oblata.
3017 1918 3150 1986 Quae
3191 1922 3398 1976 utinam

1814 2011 2016 2081 scripta
2063 2025 2345 2079 nunquam
2395 2010 2650 2075 fuissent,
2700 2026 2770 2065 nc
2820 2012 2906 2066 vel
2951 2013 3277 2067 tenuissima
3327 2013 3397 2067 ad

1814 2111 2064 2172 posteros
2113 2102 2331 2156 illorum
2387 2105 2646 2158 memoria
2681 2104 3020 2173 perveniret!
3071 2103 3206 2169 Quis
3248 2106 3395 2159 enim

1813 2196 1928 2250 haec
1967 2210 2206 2266 unquam
2234 2194 2442 2249 audiit?
2481 2195 2606 2264 quis
2636 2195 2823 2258 docuit
2857 2194 3152 2249 didicitve?
3205 2193 3338 2249 Nam
3366 2214 3397 2251 e

1814 2286 1945 2342 Sion
1976 2285 2254 2357 egreditur
2285 2285 2514 2340 verbum
2544 2285 2785 2352 Domini,
2823 2295 2880 2341 et
2919 2286 3004 2340 lex
3042 2285 3136 2354 Dei
3167 2303 3231 2341 ex
3265 2286 3393 2342 Hie-

1810 2378 2046 2433 rusalem
2067 2378 2110 2432 ⁸.
2144 2378 2214 2432 At
2245 2378 2363 2432 haec
2394 2378 2541 2432 unde
2578 2378 2943 2447 prodierunt?
2972 2379 3206 2446 Quinam
3234 2381 3395 2438 inferi

1809 2469 1944 2526 illud
1991 2457 2339 2534 eructarunt,
2389 2472 2866 2534 consubstantiale
2911 2473 3188 2528 divinitati
3229 2473 3392 2530 Verbi

1812 2577 2022 2633 corpus
2066 2562 2198 2617 illud
2241 2579 2383 2626 esse,
2432 2563 2577 2633 quod
2613 2579 2646 2618 a
2679 2564 2847 2618 Maria
2884 2566 3126 2636 genitum
3157 2569 3277 2642 est?
3301 2577 3394 2622 aut

1817 2652 2060 2708 Verbum
2098 2655 2276 2722 ipsum
2311 2655 2365 2708 in
2397 2641 2642 2721 carnem,
2673 2671 2822 2721 ossa,
2848 2657 3098 2727 capillos,
3132 2673 3195 2713 ac
3219 2668 3392 2714 totum

1808 2744 2043 2815 denique
2081 2761 2284 2815 corpus
2329 2761 2454 2800 esse
2486 2761 2838 2814 conversum,
2883 2758 2936 2804 et
2990 2765 3020 2802 a
3059 2760 3249 2820 suapte
3292 2767 3392 2813 na,-

1808 2837 1932 2884 tura
1965 2833 2275 2886 mutatum?
2303 2833 2438 2899 Quis
2483 2837 2706 2889 omnino
2747 2837 2816 2892 de
2852 2837 3188 2894 Christianis
3218 2842 3394 2897 audiit

1806 2920 2004 2976 Filium
2033 2922 2126 2978 Dei
2168 2924 2352 2993 specie
2384 2938 2449 2979 ac
2476 2925 2696 2980 ﬁctione
2726 2927 2841 2981 sola
2875 2942 3098 2998 corpus,
3141 2946 3250 2984 non
3285 2948 3389 2986 na-

1817 3018 1936 3066 tura
1969 3015 2246 3082 gessisse?
2275 3015 2410 3079 Quis
2459 3024 2567 3070 tam
2615 3017 2818 3088 impius
2858 3019 2980 3083 fuit,
3017 3028 3075 3074 ut
3104 3022 3392 3090 ipsammet

1805 3105 2050 3175 ejusdem
2069 3106 2408 3163 divinitatem
2424 3109 2810 3165 circumcisam
2835 3126 2980 3177 esse,
3006 3121 3168 3183 atque
3191 3115 3392 3184 imper-

116 3225 284 3278 μενον
322 3207 424 3261 οὐκ
460 3203 527 3279 ἦν
554 3207 615 3260 τὸ
649 3207 826 3278 σῶμα,
864 3207 999 3260 ἀλλὰ
1027 3206 1164 3278 αὐτὴ
1190 3209 1222 3278 ἡ
1253 3206 1581 3277 δημιουργὸς
1605 3206 1686 3258 οὐ·

1804 3195 2003 3250 fectam
2037 3212 2067 3251 e
2101 3197 2344 3267 perfecta
2386 3200 2656 3254 redditam
2697 3201 2869 3258 fuisse
2897 3206 3129 3264 sentiret
3153 3221 3222 3271 ac
3248 3208 3391 3264 dicc-

115 3302 204 3354 σία
239 3301 343 3371 τῆς
373 3299 615 3370 φύσεως;
653 3300 737 3365 τίς
772 3300 828 3353 δὲ
865 3299 1097 3363 ἀκούων,
1131 3300 1213 3352 ὅτι
1241 3299 1342 3352 οὐκ
1378 3300 1442 3377 ἐκ
1458 3298 1695 3368 Μαρίας,

111 3391 230 3445 ἀλλ’
267 3394 336 3445 ὲκ
363 3391 464 3460 τῆς
503 3389 668 3444 αὐτοῦ
709 3389 897 3454 οὐσίας
943 3390 1298 3461 μετεποίησεν
1335 3388 1512 3458 ἐαυτῴ
1539 3386 1696 3467 σῶμα

114 3479 364 3552 παθητὸν
391 3482 421 3534 6
452 3480 644 3549 Λόγος,
688 3479 830 3534 εἴποι
877 3481 942 3534 ἂν
973 3479 1297 3552 Χριστιανὸν
1336 3481 1426 3534 τὸν
1472 3479 1698 3548 λέγοντα

113 3575 321 3640 ταῦτας
359 3573 456 3637 Τίς
494 3573 551 3628 δὲ
587 3573 684 3644 τὴν
725 3572 981 3644 ἀθέμιτον
1019 3573 1221 3643 ταύτην
1251 3573 1539 3644 ἐπενόησεν
1572 3572 1699 3625 ἀσέ-

115 3664 288 3727 ϐειαν,
325 3663 467 3718 ὥστε
494 3663 596 3717 κᾶν
623 3666 702 3728 είς
732 3663 1030 3734 ἐνθύμησιν
1055 3664 1249 3724 ἐλθεῖν,
1278 3664 1373 3716 καὶ
1397 3665 1590 3726 εἰπεῖν,
1614 3663 1697 3715 ὅτι

113 3758 141 3806 6
166 3755 348 3823 λέγων
377 3757 440 3808 ἐκ
480 3754 701 3826 Μαρίας
745 3749 971 3808 εἶναιτὸ
1001 3754 1276 3826 Κυριακὸν
1317 3753 1696 3823 σῶμα,οὐκέτι

114 3844 352 3915 Τριὰδα,
389 3843 522 3898 ἀλλὰ
550 3843 783 3914 τετράδα
812 3845 871 3897 ὲν
899 3847 966 3916 τῇ
1000 3845 1222 3916 θεότητιΔ
1248 3847 1463 3916 φρονεῖς
1501 3843 1576 3908 ὼς
1609 3843 1698 3898 διὰ

114 3936 276 3990 τοῦτο
306 3935 435 3998 τοὺς
455 3934 597 3989 οὔτω
621 3935 996 4006 διακειμένους
1023 3936 1122 4006 τῆς
1145 3935 1331 3999 οὐσίας
1349 3936 1446 4006 τῆς
1469 3935 1697 4008 Τριάδος

114 4028 295 4095 λέγειν
326 4027 425 4097 τὴν
457 4028 656 4099 σάρκα,
681 4027 748 4098 ἢν
773 4028 1060 4082 ἐνεδύσατο
1088 4029 1151 4082 ὲκ
1183 4028 1398 4099 Μαρίας
1422 4029 1450 4080 6
1482 4029 1694 4099 Σωτήρ.

115 4119 286 4173 Πόθεν
331 4119 391 4172 δὲ
429 4118 590 4172 πάλιν
628 4118 925 4190 ἡρεύξαντό
968 4137 1110 4183 τινες
1149 4121 1270 4190 ἴσην
1309 4120 1560 4173 ἀσέϐειαν
1585 4123 1696 4183 τοῖς

117 4209 561 4281 προειρημένοις,
609 4209 750 4264 ὥστε
792 4213 965 4264 εἰπεῖν
1015 4211 1089 4283 μὴ
1139 4210 1400 4281 νεώτερον
1450 4207 1590 4264 εἶναι
1636 4212 1697 4264 τὸ

119 4301 274 4372 σῶμα
302 4301 407 4371 τῆς
437 4301 530 4354 τοῦ
559 4301 733 4370 Λόγου
764 4302 1037 4372 θεότητος,
1082 4303 1218 4356 ἀλλὰ
1254 4303 1518 4356 συναῖδιον
1548 4301 1697 4372 αὐτῴ

117 4389 409 4453 διαπαντὸς
428 4389 774 4458 γεγενῆσθαι,
805 4391 988 4460 ἐπειδὴ
1017 4392 1078 4443 ὲκ
1099 4389 1197 4462 τῆς
1221 4390 1411 4458 σοφίας
1435 4390 1662 4458 συνέστη
1677 4406 1693 4456 ;

118 4483 239 4548 Πῶς
262 4483 321 4537 δὲ
343 4482 440 4537 καὶ
463 4473 822 4554 ἀμφιϐἆλλειν
852 4483 1156 4555 ἐτόλμησαν
1176 4485 1224 4536 oi
1252 4482 1534 4580 λεγόμενοι
1560 4484 1692 4552 Χρι-
1725 4527 1766 4580 D

121 4573 346 4634 στιανοὶ,
382 4573 430 4626 εί
455 4573 482 4624 6
510 4573 572 4625 ὲκ
607 4572 825 4644 Μαρίας
855 4572 1131 4643 προελθὼν
1158 4573 1382 4644 Κύριος,
1428 4571 1556 4635 Υἱὸς
1591 4573 1690 4642 μὲν

118 4663 180 4731 τῇ
225 4661 388 4733 οὐσίᾳ
433 4661 525 4715 καὶ
577 4665 642 4733 τῇ
688 4663 847 4728 φύσει
885 4663 978 4715 τοῦ
1022 4661 1156 4716 Θεοῦ
1186 4663 1324 4724 ἐστι,
1360 4660 1420 4714 τὸ
1457 4661 1514 4714 δὲ
1549 4661 1690 4715 κατὰ

121 4750 295 4821 σάρκα
319 4752 384 4803 ὲκ
416 4751 727 4822 σπέρματος
757 4751 920 4805 Δαϐίδ
937 4753 1076 4818 ἐστι,
1105 4753 1305 4823 σαρκὸς
1326 4752 1381 4805 δὲ
1407 4753 1504 4824 τῆς
1527 4752 1686 4820 ἁγίας

120 4841 367 4912 Μαρίας;
396 4840 550 4905 Τίνες
592 4840 700 4912 ἄρα
745 4842 886 4895 οὕτω
913 4843 1174 4914 τολμηροὶ
1203 4844 1510 4912 γεγόνασιν,
1547 4843 1687 4896 ὥστε

120 4934 284 4985 εἰπεῖν
312 4933 401 4985 τὸν
425 4933 656 5003 Χριστὸν
685 4934 776 4987 τὸν
807 4936 968 5006 σαρκὶ
998 4935 1258 5000 παθόντα,
1293 4937 1388 4989 καὶ
1416 4939 1688 5006 ἐσταυρω-

125 5022 298 5093 μένον,
343 5023 414 5093 μὴ
446 5019 584 5076 εἶναι
618 5024 843 5094 Κύριον,
879 5026 972 5079 καὶ
999 5026 1245 5097 Σωτῆρα,
1283 5028 1376 5079 καὶ
1405 5027 1558 5091 Θεὸν,
1591 5027 1686 5080 καὶ

122 5113 241 5166 Υἱὸν
269 5115 364 5167 τοῦ
390 5116 630 5186 Πατρός;
661 5118 729 5169 Ἢ
752 5116 868 5181 πῶς
889 5118 1203 5189 Χριστιανοὶ
1227 5117 1469 5172 θέλουσιν
1489 5120 1686 5189 ὀνομά-

121 5202 300 5265 ζεσθαι
331 5205 379 5256 οἱ
415 5203 664 5273 λέγοντες
708 5209 788 5271 είς
829 5208 1112 5280 ἄνθρωπον
1153 5210 1324 5278 ἅγιον,
1357 5211 1431 5275 ὡς
1469 5211 1560 5264 ἐπὶ
1591 5211 1687 5264 ἕνα

119 5293 218 5346 τῶν
246 5296 564 5367 προφητῶν,
602 5299 913 5370 ἐληλυθέναι
939 5301 1028 5353 τὸν
1059 5301 1251 5370 Λόγον,
1292 5302 1384 5354 καὶ
1418 5301 1491 5373 μὴ
1524 5303 1684 5356 αὐτὸν

120 5383 394 5455 ἄνθρωπον
423 5389 727 5456 γεγονέναι,
773 5390 1002 5444 λαϐόντα
1052 5393 1114 5445 ὲκ
1155 5391 1372 5463 Μαρίας
1406 5391 1466 5444 τὸ
1505 5392 1684 5462 σῶμα,

121 5475 226 5528 ἀλλ’
249 5478 433 5549 ἕτερον
459 5473 600 5534 εἶναι
621 5480 713 5533 τὸν
732 5481 983 5553 Χριστὸν,
1014 5483 1106 5535 καὶ
1132 5482 1289 5537 ἄλλον
1312 5484 1404 5538 τὸν
1431 5482 1524 5536 τοῦ
1549 5482 1684 5536 Θεοῦ

1800 3289 1926 3342 ret?
1959 3290 2090 3343 Item
2122 3291 2267 3344 illud-
2285 3292 2484 3361 ipsum,
2525 3294 2671 3363 quod
2720 3294 2774 3348 in
2817 3295 2963 3366 ligno
2998 3297 3251 3354 sufﬁxum
3283 3312 3386 3368 est,

1799 3391 1908 3430 non
1947 3392 2148 3448 corpus
2183 3381 2489 3445 exstitisse,
2533 3379 2630 3438 sed
2672 3383 3035 3440 substantiam
3086 3389 3260 3458 ipsam
3292 3408 3382 3446 ηει-

1800 3477 1936 3525 tura:
1964 3473 2133 3528 totius
2162 3473 2448 3543 opiﬁcem?
2476 3474 2611 3542 Quis
2642 3491 2766 3530 cum
2798 3477 2946 3534 istud
2981 3480 3188 3546 audiat,
3223 3498 3331 3538 non
3356 3499 3390 3539 e

1799 3562 1992 3629 Maria,
2043 3564 2139 3620 sed
2183 3581 2249 3621 ex
2291 3567 2512 3638 propria
2537 3570 2842 3625 substantia
2876 3571 2970 3627 Dei
3012 3572 3249 3630 Verbum
3287 3577 3388 3632 ob-

1799 3657 2020 3711 noxium
2057 3659 2298 3726 passioni
2329 3659 2436 3714 sibi
2459 3673 2662 3730 corpus
2682 3662 2976 3728 cﬂnixisse,
3006 3665 3382 3724 Christianum

1797 3748 1891 3818 qui
1926 3748 2038 3803 haec
2061 3749 2261 3804 dixerit
2293 3750 2632 3807 arbitretur?
2665 3752 2799 3820 Quis
2847 3760 3197 3813 exsecranda:
3235 3759 3384 3816 illius

1798 3836 2094 3907 impietatis
2138 3851 2330 3894 auctor
2373 3852 2478 3904 est,
2515 3851 2574 3896 ut
2607 3843 2877 3912 ejusmodi
2911 3848 3160 3917 quaedam
3199 3849 3383 3905 animo

1796 3927 2103 3998 concipere,
2126 3936 2218 3983 aut
2235 3929 2416 4000 eloqui
2432 3932 2652 3986 minime
2671 3933 3004 4000 formidaret,
3024 3952 3146 3992 eum
3165 3939 3256 4007 qui
3279 3938 3384 4003 Don

1798 4016 2061 4072 miuicum
2089 4034 2118 4074 e
2149 4018 2316 4074 Maria
2347 4036 2550 4092 corpus
2598 4039 2720 4080 esse
2765 4034 2954 4082 natum
2991 4039 3228 4097 asserat,
3269 4049 3379 4090 non

1799 4106 2142 4174 Trinitatem,
2183 4111 2276 4166 sed
2326 4115 2750 4184 quaternitatem
2794 4117 3066 4176 divinitati
3104 4122 3379 4182 tribuere?

1797 4199 1947 4255 Adeo
1978 4210 2034 4254 ut
2066 4202 2155 4270 qui
2180 4202 2250 4255 ita
2284 4205 2547 4269 sentiunt,
2585 4221 2806 4262 carnem
2849 4210 3021 4276 illam,
3058 4229 3222 4283 quam
3259 4217 3377 4274 Sal-

1799 4300 1954 4346 vator
1979 4309 2009 4348 e
2043 4293 2210 4348 Maria
2244 4295 2471 4366 Virgine
2506 4303 2768 4372 suscepit,
2804 4319 2868 4358 ex
2902 4305 3019 4374 ipsa
3060 4309 3372 4372 substantia

1798 4381 2081 4440 Trinitatis
2109 4401 2232 4441 esse
2267 4389 2559 4478 fateantur.
2586 4392 2706 4446 Jam
2730 4410 2859 4449 vero
2891 4398 3162 4453 undenam
3188 4417 3372 4471 parem

1801 4475 1927 4530 huic
1959 4491 2021 4529 ac
2052 4493 2368 4547 germanam
2396 4475 2728 4551 impietatem
2753 4500 3004 4543 evomere
3037 4491 3128 4544 alii
3151 4493 3372 4561 quidam

1798 4566 1852 4620 in
1885 4569 2126 4622 animum
2161 4571 2518 4639 induxerunt,
2557 4576 2633 4630 uti
2660 4592 2859 4647 corpus
2895 4580 3073 4650 ipsum
3105 4585 3374 4640 nondivi~

1797 4660 1965 4714 nitate
1995 4659 2159 4716 Verbi
2190 4665 2484 4728 recentius,
2515 4667 2610 4720 sed
2634 4676 2966 4726 coasternum
2999 4688 3061 4728 ac
3107 4684 3373 4745 perpetuo

1793 4767 1917 4806 cum
1937 4752 2030 4808 illo
2048 4755 2402 4824 conjunctum
2419 4759 2700 4816 exstitisse
2713 4760 3172 4832 999deliniant,
3194 4785 3371 4838 quano

1795 4845 2086 4915 doquidem
2144 4849 2214 4902 ab
2251 4848 2365 4920 ipsa
2413 4853 2678 4921 sapientia
2723 4857 3082 4912 constitutum
3127 4861 3371 4923 est?,Po-

1804 4938 1978 4990 tuitne
2006 4935 2336 4993 Christianis
2371 4939 2438 4992 ab
2473 4942 2788 4998 hominibus
2820 4944 2875 4999 in
2905 4946 3130 5001 dubium
3163 4951 3366 5013 vocari,

1793 5033 2110 5080 utrumnam
2147 5027 2410 5084 Dominus
2442 5044 2630 5089 noster
2661 5035 2727 5089 de
2760 5034 2928 5090 Maria
2953 5036 3173 5108 Virgine
3193 5049 3366 5103 natus

1794 5119 2100 5175 substantia
2142 5129 2444 5193 naturaque
2477 5124 2569 5180 Dei
2613 5125 2784 5182 Filius
2825 5129 3120 5196 exstiterit,
3169 5148 3374 5193 secun-i

1793 5210 1921 5264 dum
1954 5226 2173 5266 carnem
2205 5201 2334 5270 vero
2368 5231 2398 5269 e
2425 5215 2644 5271 Davidis
2683 5218 2872 5288 stirpe,
2907 5236 2970 5275 ac
3003 5231 3367 5288 sacrosanctae

1795 5299 2032 5370 Virginis
2070 5318 2234 5358 carne
2266 5307 2594 5376 susceptus?
2635 5307 2866 5374 Quinam
2910 5327 3076 5382 porro
3118 5319 3267 5367 tanta
3293 5326 3368 5370 tc-

1790 5394 2043 5450 meritate
2076 5403 2131 5449 et
2163 5397 2391 5452 audacia
2418 5398 2658 5465 fuerunt,
2693 5408 2752 5454 ut
2775 5402 3050 5458 Christum
3089 5404 3238 5460 illum
3275 5420 3382 5462 as-.

1789 5495 2052 5554 sererent,
2086 5489 2177 5557 qui
2211 5489 2264 5543 in
2297 5505 2462 5546 carne
2493 5506 2711 5562 passus,
2753 5503 2806 5548 et
2840 5495 2895 5549 in
2939 5509 3156 5550 crucem
3205 5505 3365 5555 actus

186 5637 202 5667 ⁸
234 5653 319 5705 ῃ).
351 5637 690 5708 πραχθεῖσιν.
769 5639 789 5670 ²
819 5637 964 5694 Psal.
987 5654 1144 5699 cxtn.
1174 5640 1243 5700 ιε
1270 5655 1494 5706 cxxxtv,
1526 5639 1612 5694 15.

1802 5642 1949 5698 ahac.
1983 5661 2045 5711 ιι,
2082 5645 2166 5700 15.
2244 5645 2264 5676 ⁸
2296 5644 2316 5698 l
2345 5645 2482 5701 Tim.
2522 5661 2596 5713 v1,
2627 5648 2682 5704 ι.
2737 5649 2779 5688 ’⁵
2803 5647 2910 5707 lsa.
2942 5665 3001 5716 ll,
3025 5605 3104 5706 3..

3005 5846 3031 5858 κ.
