3790 6212
83 325 195 387 669

650 325 1018 385 ADVERSUS
1055 323 1401 382 ιιΑειιΕεΕε
1436 321 1562 378 LIB.
1605 319 1690 376 111.
1738 318 1904 377 TOM.
1945 317 2011 374 ll.
2050 349 2121 359 -—
2161 317 2438 374 HASRES.
2480 312 2741 371 LXXVII.

3241 314 3348 371 650

88 461 218 516 αμα,
254 440 502 511 λέγοντες
535 440 631 494 καὶ
652 439 804 494 αὐτοὶ
843 440 935 495 τὸν
958 439 1178 512 Πατέρα
1226 437 1508 510 όμοούσιον
1548 439 1661 502 τοῖς

1848 443 1929 491 ter
1977 433 2098 504 ipse
2146 442 2363 488 terreno
2418 431 2638 501 corpori
2691 427 3178 488 consubstantialis
3218 433 3346 488 erit.

82 534 369 606 κτίσμασι,
421 533 520 587 καὶ
567 533 648 597 εἰς
694 531 892 602 ἑτέραν
945 532 1204 587 ἀσέϐειαν
1253 531 1664 603 μετερχόμενοι,

85 626 400 697 φάσκοντες
439 625 519 687 είς
597 624 777 695 σάρκα
855 623 952 676 καὶ
995 621 1158 675 όστέα
1203 621 1298 674 καὶ
1349 620 1541 692 τρίχας
1574 620 1667 673 καὶ

84 716 279 788 νεῦρα,
317 714 409 769 καὶ
439 714 561 768 ὅλον
595 713 752 784 σῶμα
786 709 1224 784 μεταϐεϐλῆσθαι
1244 710 1336 763 τὸν
1357 711 1546 778 Λόγον.
1574 711 1668 763 καὶ

83 805 349 879 ἠλλάχθαι
382 804 482 874 τῆς
517 803 654 867 ιδίας
692 802 939 873 φύσεως;
978 801 1120 870 ’Ὥρα
1165 800 1274 870 γὰρ
1315 802 1490 854 εἰπεῖν
1520 803 1669 874 ἡμᾶς

84 897 334 969 φανερῶς
374 897 440 950 ἐκ
467 895 573 965 γῆς
617 895 778 948 αὑτὸν
813 895 1164 966 γεγενῆσθαι.
1221 895 1316 949 Ἐκ
1349 896 1454 966 γῆς
1491 892 1601 965 γὰρ
1630 894 1664 963 ἡ

82 989 188 1044 τῶν
229 987 436 1043 ὀστέων
476 988 572 1042 καὶ
603 985 726 1040 ὅλου
753 986 848 1040 τοῦ
890 984 1146 1056 σώματος
1176 985 1356 1057 φύσις.
1388 986 1484 1049 Τίς
1513 981 1607 1039 οὖν
1633 986 1666 1055 ἡ

81 1079 321 1150 τοσαύτη
359 1077 780 1150 παραφροσύνη,
809 1077 897 1132 ἵνα
926 1078 1021 1131 καὶ
1047 1077 1184 1149 πρὸς
1214 1077 1440 1141 ἑαυτοὺς
1469 1077 1668 1148 διαμάο

82 1171 282 1243 χησθε;
321 1171 639 1242 Ὀμοούσιον
661 1170 761 1241 μὲν
784 1169 1034 1239 λέγοντες
1052 1169 1144 1223 τὸν
1157 1170 1330 1239 Λόγον
1357 1169 1440 1241 τῷ
1483 1169 1670 1241 σώμα-

83 1283 153 1328 τι,
180 1265 375 1335 ἕτερον
416 1265 552 1336 πρὸς
599 1263 787 1334 ἕτερον
817 1262 1134 1334 σημαίνετε’
1177 1263 1240 1318 τὸ
1279 1263 1336 1316 δὲ
1372 1264 1452 1328 είς
1487 1263 1665 1334 σάρκα

85 1356 545 1428 μεταϐεϐλῆσθαι,
566 1355 730 1410 αὐτοῦ
752 1356 926 1424 Λόγου
947 1355 1156 1426 τροπὴν
1173 1352 1531 1424 φαντάζεσθε.
1556 1354 1666 1409 Καὶ

82 1450 162 1513 τίς
191 1449 276 1502 ἔτι
304 1449 491 1502 λοιπὸν
519 1448 680 1519 ἡμῶν
695 1445 942 1512 ἀνέξεται
973 1445 1146 1502 ταῦτα
1177 1447 1273 1501 καὶ
1308 1445 1470 1518 μόνον
1499 1445 1667 1516 φθεγ-

81 1538 362 1609 γομένων;
403 1539 592 1608 Πάσης
626 1536 736 1607 γάρ
781 1537 1046 1607 αἱρέσεως
1089 1535 1252 1589 πλέον
1291 1538 1370 1599 είς
1411 1536 1666 1589 ἀσέϐειαν

86 1627 415 1694 ἑξεκλίνατε.
457 1627 519 1679 Εἰ
564 1625 674 1698 γὰρ
720 1624 1004 1696 όμοούσιος
1047 1627 1076 1678 6
1113 1626 1285 1694 Λόγος
1319 1624 1397 1696 τῷ
1430 1624 1662 1696 σώματι,

86 1720 310 1791 περιττὴ
341 1719 442 1788 τῆς
477 1719 697 1790 Μαρίας
727 1720 760 1789 ὴ
797 1718 986 1790 μνήμη
1027 1717 1121 1770 καὶ
1147 1719 1179 1789 ἡ
1226 1717 1406 1788 χρεία,
1431 1717 1665 1787 δυναμέ-

1767 528 1888 595 Quo
1916 526 2138 598 quidem
2172 524 2498 587 constituto,
2529 522 2664 595 quid
2721 531 2806 579 est
2835 521 2981 594 quod
3003 521 3238 580 Arianos
3262 524 3348 580 in-

1767 620 2000 683 cusetis,
2032 619 2126 690 qui
2157 615 2357 672 Filium
2385 623 2696 672 creaturam
2726 631 2852 671 esse
2879 614 3202 683 detendunt,
3226 632 3348 673 cum

1765 727 1867 768 vos
1906 712 2011 782 ipsi
2056 710 2279 766 Patrem
2329 709 2602 766 creaturis
2650 709 3184 768 consubstantialem
3225 726 3350 769 esse

1768 801 1990 866 dicatis,
2020 809 2075 856 et
2102 800 2169 855 ad
2200 799 2348 855 aliud
2378 799 2676 870 impietatis
2706 815 2880 871 genus
2910 800 3272 866 declinantes,
3295 803 3350 857 in

1767 907 2011 957 carnem,
2043 907 2192 956 ossa,
2224 892 2390 962 pilos,
2425 905 2643 956 nervos,
2678 897 2854 945 totum
2890 891 3126 962 denique
3148 908 3354 965 corpus

1766 993 2094 1036 conversum
2119 995 2241 1036 esse
2263 979 2504 1036 Verbum
2539 987 2594 1036 et
2627 995 2657 1034 a
2679 987 2875 1034 natura
2901 996 3000 1036 sua
3051 982 3354 1041 descivisse

1767 1087 2092 1143 persuasum
2146 1073 2437 1129 habeatis?
2493 1073 2757 1143 Superest
2811 1075 3013 1145 itaque,
3049 1083 3110 1130 ut
3139 1093 3170 1134 e
3205 1085 3352 1134 terra

1768 1166 2098 1238 productum
2135 1181 2260 1222 esse
2292 1164 2535 1222 Verbum
2567 1167 2685 1221 sine
2717 1165 3173 1237 tergiversatione
3201 1169 3355 1224 dica-

1767 1256 1859 1312 tis.
1891 1254 2028 1310 Nam
2055 1271 2086 1312 e
2114 1263 2260 1311 terra
2292 1256 2500 1312 ossium
2537 1256 2820 1326 totiusque
2876 1258 3127 1328 corporis
3157 1268 3352 1314 natura

1767 1346 2157 1419 proﬁciscitur.
2200 1348 2460 1414 Quaenam
2501 1357 2586 1404 est
2624 1349 2737 1402 haec
2781 1356 2935 1402 tanta
2963 1347 3262 1414 dementia,
3296 1360 3352 1406 ut

1766 1439 2054 1495 vobiscum
2100 1439 2204 1510 ipsi
2252 1439 2545 1510 pugnetis?
2591 1439 2875 1510 Siquidem
2921 1453 3044 1494 cum
3109 1438 3354 1498 Verbum

1767 1531 1992 1601 corpori
2035 1531 2514 1587 consubstantiale
2560 1547 2684 1587 esse
2718 1531 2924 1596 dicitis,
2962 1532 3194 1587 alterum
3229 1550 3355 1590 cum

1768 1624 1944 1680 altero
1981 1624 2134 1679 velut
2172 1625 2454 1680 diversum
2489 1624 2802 1695 comparari
2835 1624 3177 1695 signiﬁcatis.
3215 1626 3353 1683 Cum

1768 1722 1950 1771 autem
1993 1717 2048 1771 in
2080 1731 2302 1771 carnem
2337 1731 2460 1773 esse
2494 1732 2822 1772 conversum
2862 1719 3134 1781 asseritis,
3175 1719 3356 1776 eidem

83 1829 170 1866 νου
203 1810 301 1866 τοῦ
336 1810 589 1882 σώματος
626 1808 721 1864 καὶ
760 1808 867 1881 πρὸ
897 1809 994 1880 τῆς
1032 1809 1253 1880 Μαρίας
1287 1803 1426 1861 εἶναι
1457 1808 1662 1872 ἀῖδίως’

1848 1807 1955 1862 rrbo
1986 1809 2347 1864 mutationem
2383 1807 2658 1880 aﬁingitis.
2707 1807 2844 1875 Quis
2895 1811 3062 1880 igitur
3091 1811 3356 1883 deinceps

83 1904 266 1975 ὥσπερ
305 1899 400 1957 οὗν
437 1905 554 1957 ἐστι
593 1903 688 1957 καὶ
729 1902 893 1966 αὐτὸς
928 1903 957 1955 6
995 1901 1190 1970 Λόγος,
1224 1901 1338 1969 εἴγε
1373 1901 1493 1954 καθ’
1521 1902 1665 1972 ὑμᾶς

84 1997 369 2068 ὁμοούσιός
396 1997 512 2048 ἐστι
535 1994 614 2066 τῷ
657 1993 892 2066 σώματι.
929 1993 1026 2056 Τίς
1065 1993 1123 2046 δὲ
1155 1992 1248 2046 καὶ
1291 1994 1325 2063 ἡ
1369 1993 1528 2063 χρεία
1565 1993 1665 2063 τῆς

86 2084 378 2155 ἐπιδημίας
407 2083 500 2137 τοῦ
533 2083 729 2152 Λόγου,
767 2084 853 2137 ἵνα
881 2083 914 2154 ἢ
941 2085 1002 2136 τὸ
1035 2081 1228 2136 ἑαυτοῦ
1262 2083 1545 2153 ὁμοούσιον
1580 2085 1665 2138 ὲν-

86 2178 376 2249 δύσηται,ῆ
406 2177 634 2248 τραπεὶς
659 2175 768 2229 ἀπὸ
799 2176 896 2244 τῆς
926 2175 1059 2238 ἰδίας
1072 2173 1285 2243 φύσεως
1316 2173 1474 2246 σῶμα
1500 2175 1663 2246 γένη-

86 2285 198 2334 ται;
240 2269 316 2322 Οὐ
357 2267 466 2338 γὰρ
511 2266 648 2338 αὑτὴ
683 2267 886 2338 ἑαυτῆς
917 2267 950 2337 ἡ
979 2266 1172 2336 θεότης
1206 2265 1663 2337 ἐπιλαμϐάνεται,

87 2363 166 2415 ἵνα
188 2361 283 2416 καὶ
312 2359 376 2413 τὸ
396 2358 679 2428 ὁμοούσιον
707 2357 880 2428 αὐτῆς
902 2356 1213 2427 ἐνδύσηται.
1255 2357 1394 2410 Ἀλλ’
1417 2358 1538 2412 οὐδὲ
1557 2357 1666 2429 γὰρ

87 2454 326 2524 ἥμαρτεν
360 2452 387 2504 6
422 2449 522 2513 τὰς
550 2450 724 2504 ἄλλων
767 2435 1042 2520 ἁμαρτίας
1080 2448 1447 2521 λυτρούμενος
1471 2449 1665 2518 Λόγος,

88 2543 167 2600 ἵνα
194 2543 429 2615 τραπεὶς
474 2542 554 2606 εἰς
607 2540 767 2612 σῶμα
803 2541 994 2594 ἑαυτὸν
1041 2541 1184 2613 ὑπὲρ
1227 2540 1424 2596 ἑαυτοῦ
1473 2541 1666 2597 θυσίαν

91 2634 429 2708 προσενέγκῃ
463 2635 556 2687 καὶ
586 2633 778 2687 ἑαυτὸν
813 2629 1183 2704 λυτρώσηται.

1775 1896 1890 1952 haec
1926 1912 1956 1952 a
1991 1899 2147 1954 vobis
2184 1899 2268 1954 vel
2300 1913 2434 1955 voce
2469 1907 2630 1955 tenus
2665 1902 3018 1970 pronuntiari
3047 1904 3358 1960 sustineat?

1773 1989 1885 2045 Vos
1933 1991 2081 2046 enim
2122 1990 2377 2048 heresim
2419 2006 2640 2047 omnem
2687 1992 2970 2062 impietate
3021 1997 3354 2066 superastis.

1772 2081 1982 2149 Quodsi
2015 2081 2256 2138 Verbum
2285 2085 2503 2154 corpori
2528 2083 3004 2141 consubstantiale
3023 2088 3116 2153 sit,
3144 2088 3351 2159 100],

1772 2187 2180 2242 supervacanea
2203 2181 2287 2230 est
2312 2172 2498 2228 Maria:
2514 2175 2784 2230 memoria
2807 2178 2988 2232 omnis
3033 2193 3097 2234 ac
3121 2178 3353 2244 functio,

1770 2281 1896 2320 cum
1949 2272 2076 2321 ante
2112 2264 2262 2320 illam
2314 2265 2478 2321 etiam
2529 2266 2924 2335 sempiternum
2981 2285 3184 2341 corpus
3232 2287 3357 2328 esse

1769 2358 2027 2428 patuerit,
2072 2355 2539 2428 quemadmodum
2575 2368 2628 2414 et
2660 2358 2898 2416 Verbum
2947 2362 3148 2432 ipsum,
3192 2364 3260 2429 si,
3299 2375 3357 2418 ut

1771 2448 2052 2514 asseritis,
2094 2447 2315 2518 corpori
2359 2449 2832 2508 consubstantiale
2867 2451 2957 2508 sit.
2999 2452 3142 2519 Quid
3174 2461 3354 2509 autem

1769 2541 2014 2596 Verbum
2041 2541 2148 2595 huc
2176 2540 2439 2596 advenire
2483 2557 2710 2600 necesse
2739 2542 2863 2609 fuit,
2891 2552 2949 2600 ut
2983 2546 3065 2601 vel
3097 2544 3173 2610 id,
3207 2546 3356 2617 quod

1763 2634 1876 2704 jam
1905 2634 2384 2709 consubstantiale
2415 2634 2519 2690 sibi
2553 2642 2694 2700 erat,
2733 2635 3008 2703 indueret,
3044 2639 3127 2694 vel
3160 2649 3353 2694 natura

91 2740 177 2782 sua
204 2733 503 2790 nmtatum,
538 2740 744 2798 corpus
771 2724 1116 2783 efﬁceretur?
1139 2723 1259 2780 Non
1285 2727 1430 2782 enim
1458 2726 1814 2797 semetipsam
1850 2727 2115 2783 divinitas
2169 2727 2426 2790 assumit,
2486 2735 2544 2781 ut
2598 2729 2745 2800 quod
2803 2729 2909 2785 sibi
2987 2733 3355 2788 consubstan-

91 2823 206 2877 tiale
232 2829 319 2878 est
351 2821 573 2888 induat;
621 2836 798 2891 neque
834 2819 1100 2887 Verbum,
1147 2821 1293 2892 quod
1323 2822 1498 2877 aliena
1533 2833 1754 2891 peccata
1809 2823 2016 2891 expiat,
2057 2829 2346 2893 peccatum
2378 2823 2550 2877 ullum
2612 2823 2856 2888 admisit,
2921 2835 2979 2880 ut
3045 2825 3101 2882 in
3153 2841 3355 2896 corpus

89 2927 405 2980 conversum
439 2913 679 2981 seipsum
705 2926 802 2982 pro
828 2927 887 2967 se
915 2913 1173 2977 sacriﬁcii
1213 2913 1390 2967 instar
1418 2913 1639 2969 oﬁ‘erret
1671 2929 1736 2969 ac
1767 2917 2125 2984 semetipsum
2160 2913 2476 2970 redimeret.

152 3003 220 3060 Z'.
272 3004 410 3058 Ἀλλ’
443 3005 543 3058 οὐκ
588 3004 736 3058 ἔστιν
767 3003 962 3070 οὕτως,
998 3007 1072 3077 μὴ
1116 3006 1359 3074 γένοιτοί
1393 3005 1666 3076 Σπέρμα.

1848 3006 1960 3062 Vll.
2004 3005 2188 3073 Quare
2220 3007 2380 3077 longe
2408 3006 2565 3062 aliter
2589 3022 2710 3064 sese
2741 3023 2830 3063 res
2858 3008 3018 3063 habet
3045 3027 3058 3062 :
3084 3007 3151 3062 Et
3180 3009 3354 3064 Abra-

91 3113 179 3164 τος
209 3097 320 3172 γὰρ
358 3098 605 3167 Ἀϐραὰμ
643 3097 1129 3168 ἐπιλαμϐάνεται,
1156 3099 1231 3164 ὡς
1263 3095 1417 3153 εἶπεν
1447 3102 1474 3154 6
1509 3099 1662 3153 ’Λπό-

1850 3094 1923 3146 mi
1968 3109 2142 3148 semen
2175 3093 2554 3162 apprehendit,
2586 3103 2645 3149 ut
2695 3095 2937 3166 loquitur
2981 3096 3284 3168 Apostolus
3311 3099 3350 3154 ⁸.

93 3190 282 3253 στολος.
346 3189 510 3244 Ὅθεν
563 3188 763 3259 ὤφειλε
819 3189 961 3244 κατὰ
1017 3191 1196 3245 πάντα
1250 3195 1367 3255 τοῖς
1417 3192 1667 3262 ἀδελφοῖς

91 3281 435 3352 ὁμοιωθῆναι,
466 3282 561 3335 καὶ
585 3282 771 3335 λαϐεῖν
797 3284 984 3354 ὅμοιον
1015 3285 1150 3354 ἡμῖν
1178 3283 1359 3354 σῶμα.
1387 3283 1486 3337 Διὰ
1510 3284 1668 3337 τοῦτο

94 3372 208 3440 γοῦν
249 3373 348 3426 καὶ
383 3373 672 3426 ὑπόκειται
701 3371 919 3445 άληθῶς
947 3375 980 3444 ἡ
1027 3375 1240 3446 Μαρία,
1291 3375 1378 3427 ἵνα
1411 3373 1470 3441 ἐξ
1498 3375 1667 3446 αὐτῆς

91 3462 233 3516 τοῦτο
251 3463 415 3534 λάϐῃ,
437 3464 532 3516 κα)⁵
554 3463 629 3527 ὡς
649 3462 779 3517 ἴδιον
804 3463 946 3536 ὑπὲρ
966 3464 1122 3536 ἡμῶν
1143 3465 1276 3517 αὐτὸ
1301 3464 1662 3538 προσενέγκῃ.

94 3555 408 3626 Καὶταύτην
433 3558 461 3609 6
487 3555 587 3626 μὲν
623 3555 848 3619 Ἡσαΐας
882 3555 1240 3627 προφητεύων
1273 3555 1511 3609 ἐδείκνυε
1533 3597 1548 3623 ,
1579 3556 1668 3608 λέ-

91 3664 215 3716 γων·
243 3647 400 3704 Ἰδοὺ
426 3649 462 3716 ἡ
485 3647 782 3716 παρθένος
801 3648 871 3701 ἐν
893 3647 1104 3719 γαστρὶ
1126 3647 1265 3712 ἔξει.
1282 3648 1380 3717 καί
1405 3647 1635 3714 τέξεται
1650 3667 1663 3679 ο

91 3740 116 3790 6
145 3738 196 3791 δὲ
234 3738 478 3810 Γαϐριὴλ
518 3738 909 3792 ἀποστέλλεται
949 3739 1086 3809 πρὸς
1120 3738 1312 3810 αὐτὴν,
1347 3740 1444 3809 οὐχ
1480 3737 1666 3803 ἁπλῶς

92 3829 215 3900 1:96;
253 3831 544 3902 παρθένον,
567 3831 702 3885 ἀλλὰ
724 3830 859 3902 πρὸς
884 3830 1149 3902 παρθένον
1177 3832 1665 3903 μεμνηστευμένην

93 3922 251 3994 ἀνδρὶ,
295 3923 364 3976 ἵν’
395 3924 460 3976 ὲκ
491 3921 587 3976 τοῦ
620 3922 932 3993 μνηστῆρος
964 3922 1113 3996 δείξῃ
1147 3922 1247 3996 τὴν
1280 3922 1502 3994 Μαρίαν
1534 3923 1667 3994 άλη-

94 4012 186 4078 θῶς
220 4013 510 4086 ἄνθρωπον
543 4010 727 4068 οὖσαν.
758 4015 870 4068 Kal
907 4013 999 4068 τοῦ
1029 4015 1238 4068 τίκτειν
1271 4013 1601 4086 μνημονεύει
1631 4017 1664 4087 ή

93 4107 288 4180 Γραφὴ,
338 4110 432 4162 καί
481 4124 679 4179 φησιν’
723 4107 1221 4178 Ἐσπαρτάνωσε’
1255 4107 1349 4161 καὶ
1395 4107 1664 4179 ἐμακαρί-

94 4199 230 4262 ζοντο
279 4199 478 4270 μαστοὶ
520 4198 614 4262 οὓς
662 4197 917 4270 ὲθήλασε.
957 4199 1069 4252 Καὶ
1112 4197 1460 4270 προσηνέχθη
1503 4197 1664 4250 θυσία

1770 3183 1926 3240 Unde
1959 3183 2190 3240 fratrum
2241 3201 2466 3241 suorum
2502 3187 2699 3243 similis
2733 3186 2788 3241 in
2819 3188 3076 3243 erunibus
3107 3204 3228 3246 esse
3259 3190 3354 3246 dc-

1771 3274 1946 3339 buit',
1973 3290 2076 3330 nec
2105 3274 2386 3331 diversum
2414 3290 2444 3330 a
2475 3276 2637 3331 nobis
2668 3291 2870 3348 corpus
2899 3292 3201 3335 assumere.
3220 3278 3354 3333 Pro-

1769 3367 1894 3422 inde
1920 3373 1974 3422 et
2000 3365 2171 3421 Maria
2199 3366 2378 3436 reipsa
2407 3381 2509 3423 nec
2533 3368 2786 3424 simulate
2818 3367 3116 3440 profertur,
3152 3386 3220 3427 ex
3247 3386 3352 3441 qua

1770 3471 1974 3528 corpus
2005 3457 2138 3512 illud
2167 3467 2430 3522 sumeret,
2461 3474 2525 3514 ac
2553 3470 2816 3531 tanquam
2842 3462 3120 3532 peculiare
3146 3473 3198 3518 et
3228 3479 3353 3535 pro-

1770 3549 1948 3620 prium
1979 3565 2076 3620 pro
2098 3550 2258 3606 nobis
2278 3549 2519 3607 offerret.
2547 3550 2804 3607 Eamdem
2830 3554 2974 3608 illam
2998 3570 3162 3625 porro
3182 3555 3354 3611 lsaias

1769 3642 2040 3712 ejusmodi
2080 3642 2344 3698 vaticinio
2389 3643 2803 3700 demonstrabat
2834 3663 2846 3700 :
2889 3645 3026 3700 Ecce
3053 3648 3196 3718 virgo
3227 3663 3356 3702 con-

1769 3734 1944 3803 cipiet,
1970 3743 2019 3786 et
2042 3735 2213 3802 pariet
2233 3735 2288 3802 a;
2316 3742 2427 3789 tum
2461 3734 2680 3791 Gabriel
2709 3736 2778 3791 ad
2807 3752 2927 3793 eam
2956 3739 3212 3805 mittitur,
3241 3754 3353 3794 non

1767 3825 2094 3896 simpliciter
2125 3826 2189 3881 ad
2222 3826 2514 3899 virginem,
2543 3828 2638 3884 sed
2669 3829 2736 3884 ad
2762 3843 2882 3884 eam
2912 3830 3200 3902 virginem,
3231 3846 3354 3902 qua)

1762 3917 1876 3988 jam
1907 3918 2026 3972 viro
2058 3917 2332 3989 desponsa
2369 3918 2548 3975 fuerat
2567 3920 2609 3985 δ,
2641 3928 2700 3975 ut
2734 3921 2851 3993 ipsa
2885 3923 3071 3992 sponsi
3107 3938 3354 3981 comme-

1768 4011 2077 4067 moratione
2125 4010 2352 4066 Mariam
2397 4027 2526 4067 vere
2556 4013 2833 4069 hominem
2880 4014 3050 4072 fuisse
3088 4015 3348 4078 declaret.

1767 4101 1905 4156 liinc
1926 4109 1980 4156 et
2003 4102 2247 4172 pariendi
2275 4105 2479 4158 mentio
2504 4105 2557 4158 in
2586 4103 2872 4176 Scriptura
2899 4107 3064 4170 facta,
3084 4115 3138 4162 et
3163 4105 3351 4162 fasciis

1767 4195 2065 4250 involvisse
2117 4195 2350 4260 dicitur,
2409 4203 2464 4251 et
2515 4196 2673 4250 beata
2723 4197 3092 4268 prmdicantur
3157 4199 3350 4267 ubera,

95 4289 158 4354 ὡς
179 4291 541 4359 διανοίξαντος
559 4290 654 4345 τοῦ
680 4290 964 4363 τεχθέντος
993 4291 1094 4361 τὴν
1130 4291 1364 4362 μήτραν.
1395 4289 1580 4344 Ταῦτα
1605 4289 1662 4343 δὲ

1848 4301 1887 4341 a3
1926 4287 2205 4341 lactarunt
2234 4287 2276 4342 '.
2334 4287 2414 4342 Ac
2453 4286 2690 4358 denique
2723 4289 3052 4345 sacriﬁcium
3105 4291 3349 4346 oblatum

97 4381 253 4436 πάντα
291 4382 584 4454 τικτούσης
627 4378 695 4454 ἦν
738 4382 1018 4454 Παρθένου
1064 4384 1440 4455 γνωρίσματα.
1479 4383 1588 4437 Καὶ
1635 4385 1662 4437 6

1848 4391 2025 4446 tquam
2059 4375 2138 4444 id,
2179 4378 2324 4448 quod
2368 4387 2556 4432 natum
2584 4387 2722 4445 erat,
2765 4381 2982 4435 vulvam
3019 4382 3346 4452 aperuisset.

97 4474 316 4547 Γαϐριὴλ
348 4475 406 4529 δὲ
461 4449 717 4544 discam);
751 4449 1135 4547 εὐηγγελίζετο
1355 4473 1533 4543 λέγων
1563 4475 1662 4545 οὐχ

1855 4481 1901 4520 αι
1959 4467 2142 4521 omnia
2219 4469 2496 4538 parientis
2530 4467 2772 4541 Virginis
2839 4449 3068 4527 indicia'
3102 4472 3348 4530 fuerunt.

101 4566 282 4632 ἁπλῶς,
307 4567 377 4624 Τὸ
405 4565 782 4636 γεννώμενον
804 4567 873 4620 ἑν
893 4567 1016 4631 σοὶ,
1037 4567 1122 4619 ἵνα
1139 4565 1213 4637 μὴ
1244 4565 1442 4630 ἔξωθεν
1473 4567 1662 4619 ἔπεισε

105 4658 346 4731 ιγόμενον
377 4661 518 4732 αὐτῇ
557 4659 718 4731 σῶμα
776 4657 1091 4730 νομισθείη,
1117 4657 1234 4711 ἀλλ’
1287 4658 1356 4710 ἐκ
1404 4657 1541 4722 σοῦ,
1574 4657 1662 4711 ἵνα

102 4748 244 4818 φύσει
275 4753 335 4804 τὸ
363 4749 704 4822 γεννώμενον
733 4749 796 4816 ἐξ
828 4749 996 4818 αὐτῆς
1028 4745 1167 4803 εἶναι
1209 4746 1521 4820 πιστευθείη
1559 4765 1662 4818 φα·-

99 4842 250 4913 νερῶς
269 4860 282 4873 ·
312 4847 406 4898 καὶ
439 4843 598 4897 τοῦτο
622 4843 720 4915 τῆς
757 4842 974 4912 φύσεως
1006 4841 1381 4912 δεικνυούσης,
1424 4841 1500 4906 ὡς
1528 4839 1659 4896 ἁδύς

101 4948 236 4986 νατον
259 4935 417 5004 σῶμα
446 4932 721 5004 παρθένου
755 4931 941 5002 φέρειν
971 4931 1114 5001 γάλα
1139 4931 1213 5003 μὴ
1247 4928 1533 5001 τεκούσης,
1566 4929 1662 4982 καὶ

101 5023 337 5082 ἀδύνατον
379 5027 615 5096 γάλακτι
657 5027 935 5100 τραφῆναι
974 5025 1156 5096 σῶμα,
1204 5024 1297 5078 καὶ
1337 5039 1663 5094 σπαργάνω-

104 5115 262 5188 θῆναι,
301 5121 375 5192 μὴ
420 5129 689 5191 πρότερον
737 5122 898 5188 φύσει
956 5116 1166 5188 τεχθέν.
1212 5113 1382 5169 Τοῦτό
1430 5115 1548 5166 ἐστι
1599 5113 1662 5165 τὸ

113 5212 415 5284 τεριτμηθὲν
445 5212 790 5282 όκταήμερον
813 5228 827 5241 ο
863 5209 1020 5264 τοῦτο
1048 5206 1274 5280 Συμεὼν
1305 5203 1384 5269 είς
1416 5204 1663 5276 ἀγκάλας

103 5301 326 5369 ἐδέξατοο
374 5304 534 5358 τοῦτο
585 5304 774 5372 γέγονε
827 5300 1074 5365 παιδίον,
1117 5300 1211 5352 καὶ
1270 5297 1513 5369 ηὔξησε,
1567 5295 1662 5349 καὶ

102 5394 338 5469 δεκαέτης
365 5396 682 5466 γενόμενος,
712 5393 806 5448 καὶ
835 5394 915 5456 είς
936 5393 1025 5446 τὸν
1054 5391 1377 5465 τριακοστὸν
1416 5387 1663 5443 ἐνιαυτὸν

103 5480 260 5555 ἦλθεν.
299 5489 372 5541 Οὐ
413 5487 542 5560 γὰρ,
579 5483 838 5550 ὦς’τινες
873 5484 1205 5554 ὑπενόησαν,
1235 5484 1269 5551 ἡ
1319 5480 1476 5534 οὐσία
1524 5477 1663 5548 αὐτὴ

104 5577 181 5629 τοῦ
219 5579 386 5648 Λόγου
415 5581 685 5651 τραπεῖσα
723 5575 1092 5646 περιετμήθη,
1134 5571 1491 5636 ἀναλλοίωτος
1527 5565 1664 5623 οὖσα

1765 4555 1848 4610 Ad
1897 4557 2012 4610 haec
2052 4555 2274 4612 Gabriel
2311 4558 2430 4628 ipse
2462 4570 2621 4614 caute
2649 4575 2713 4616 ac
2754 4561 3053 4632 prudenter
3098 4564 3154 4617 in
3201 4563 3348 4618 felici

1763 4649 1858 4704 illo
1895 4649 2090 4704 nuntio
2156 4651 2484 4720 perferendo
2537 4653 2753 4708 loeutus
2797 4663 2905 4711 est.
2961 4653 3150 4726 Neque
3198 4658 3346 4712 enim

1761 4741 1900 4795 dixit
1933 4761 1946 4796 :
1986 4741 2142 4808 Quod
2177 4752 2426 4798 nascetur
2460 4744 2514 4798 in
2545 4753 2614 4809 te,
2647 4760 2714 4798 ne
2741 4745 3088 4803 extrinsecus
3117 4749 3171 4803 in
3197 4749 3347 4804 illam

1761 4833 2045 4888 inductum
2067 4849 2270 4904 corpus
2319 4850 2444 4891 esse
2497 4844 2816 4906 putaretur;
2858 4839 2951 4894 sed
2977 4853 3042 4892 ea:
3071 4849 3119 4894 te
3139 4839 3346 4905 dixit“,

1765 4933 1826 4979 ut
1878 4925 2024 4994 quod
2077 4935 2436 4990 nasceretur,
2472 4942 2538 4980 ex
2578 4928 2696 4997 ipsa
2748 4929 3348 5000 prodiissemanileste

1765 5017 2103 5073 crederetur.
2137 5016 2451 5074 Praesertim
2485 5034 2608 5074 cum
2671 5021 2721 5076 id
2773 5029 2969 5078 natura
3027 5026 3194 5080 etiam
3229 5025 3344 5095 ipsa

1765 5108 2128 5172 demonstret,
2162 5124 2273 5164 non
2322 5125 2486 5180 posse
2523 5111 2755 5182 virginis
2791 5129 3013 5184 corpus,
3045 5132 3167 5186 quae
3204 5133 3344 5174 non-
3385 5151 3394 5158 ~

1765 5198 1896 5253 dum
1949 5201 2244 5269 pepererit,
2298 5201 2384 5254 lac
2433 5202 2759 5271 concipere;
2805 5213 2918 5259 tum
2959 5206 3133 5262 nihilo
3173 5210 3346 5282 magis

1768 5291 1882 5346 ﬁeri
1934 5307 2135 5362 posse,
2176 5300 2236 5346 ut
2275 5293 2417 5347 lacte
2453 5294 2759 5361 nutriatur,
2801 5306 2896 5351 aut
2931 5296 3118 5355 fasciis
3155 5301 3348 5355 ohvol-

1765 5390 1927 5436 vatur
1955 5397 2156 5454 corpus
2191 5382 2348 5448 illud,
2379 5383 2526 5454 quod
2579 5387 2816 5441 naturali
2872 5397 3030 5458 partu
3075 5399 3200 5446 ante
3237 5406 3344 5447 non

1769 5475 1840 5530 sit
1886 5473 1944 5529 in
1995 5475 2171 5531 lucem
2202 5476 2432 5532 editum.
2465 5475 2612 5549 Ergo
2659 5478 2795 5534 illud
2845 5479 3026 5549 ipsum
3059 5489 3166 5546 est,
3201 5484 3342 5554 quod

1768 5576 1963 5623 octavo
1992 5565 2080 5623 die
2122 5567 2564 5639 circumciditur;
2585 5565 2727 5626 idem
2757 5584 2789 5625 a
2818 5567 3076 5626 Simeone
3098 5567 3154 5622 in
3186 5569 3342 5624 ulnas

165 5767 181 5798 '
208 5766 364 5825 liebr.
391 5784 450 5835 ιι,
492 5765 576 5821 16.
655 5767 674 5798 ²
710 5763 842 5821 ibid.
877 5764 958 5818 i7.
1041 5763 1060 5795 ³
1088 5761 1195 5820 lsa.
1219 5777 1316 5824 vu.
1352 5761 1438 5817 ll.
1517 5759 1536 5794 ⁸
1559 5757 1662 5815 Luc

1848 5756 1900 5826 7;
1935 5753 2066 5810 Luc.
2099 5769 2159 5822 ιι,
2195 5751 2250 5808 7.
2329 5750 2349 5784 ⁸
2377 5749 2513 5807 Luc.
2554 5733 2631 5816 xi,
2665 5750 2757 5807 ‘27.
2836 5754 2856 5786 ⁶
2890 5751 3024 5809 Luc.
3052 5766 3092 5816 ι,
3121 5751 3214 5811 55.

397 5863 666 5924 ΡΑτιιοι..
701 5860 819 5922 Gn.
853 5855 1054 5921 Χιίι.

2987 5845 3065 5905 21
