3838 6312
478 309 575 365 651

1854 304 1912 363 S.
1954 306 2295 363 EPIPHANII
3650 313 3738 367 G'S't

482 434 804 497 exceptum;
850 426 991 484 idem
1040 442 1177 498 puer
1217 426 1396 482 factus
1449 435 1568 491 est,
1610 436 1662 484 et
1701 429 1969 492 adolevit,
2002 439 2056 485 et

2169 431 2251 484 καὶ
2290 430 2589 501 ἄτρεπτος·
2642 430 2896 498 λέγοντος
2948 428 3047 498 μὲν
3103 426 3267 481 αὑτοῦ
3310 428 3401 481 τοῦ
3457 428 3729 499 Σωτῆρος·

478 519 738 576 dceennis
783 520 992 585 evasit,
1028 528 1081 576 et
1116 519 1181 575 ad
1234 520 1575 573 tricesimum
1632 535 1835 574 annum
1885 537 2057 590 usque

478 612 726 682 pervenit
753 611 803 665 ¹.
842 610 960 666 Νοιι
1000 611 1171 675 enim,
1212 620 1269 664 ut
1308 610 1555 665 nonnulli
1602 609 1864 679 suspicati
1908 620 2056 676 sunt,

477 704 646 759 divini
672 701 839 757 Verbi
874 702 1181 757 substantia
1209 702 1327 772 ipsa
1356 708 1568 755 mutata
1596 700 1924 755 circumcisa
1953 710 2057 765 est,

477 813 599 868 qua:
644 797 847 851 mutari
900 794 1261 864 convertique
1302 801 1571 864 nequeat,
1624 809 1747 847 cum
1810 792 2061 847 Salvator

478 888 594 956 ipse
620 887 766 940 dicat
796 905 810 941 :
858 886 1067 955 1002
1105 883 1302 939 Videte
1337 901 1444 947 me,
1486 885 1743 954 quoniam
1777 899 1875 954 ego
1914 899 2057 948 sum,

479 986 533 1031 et
573 992 685 1031 non
740 991 863 1030 sum
919 983 1159 1029 mutatus
1186 976 1226 1029 '.
1262 972 1468 1028 Paulus
1503 989 1627 1027 vero
1670 974 1742 1027 ita
1792 974 2052 1043 scripsit:

477 1070 634 1125 Jews
661 1068 903 1126 Christus
927 1070 1038 1123 lteri
1060 1079 1109 1123 et
1138 1069 1311 1131 hodie,
1336 1068 1472 1123 idem
1503 1069 1555 1122 in
1582 1067 1779 1123 stecula
1797 1068 1837 1122 ⁸.
1856 1067 2056 1122 Verqu

478 1163 534 1218 in
570 1178 634 1218 eo
670 1178 919 1232 corpore,
956 1161 1102 1231 quod
1143 1170 1196 1216 et
1234 1161 1625 1215 circumcisum
1659 1167 1743 1214 est
1782 1168 1836 1214 et
1877 1171 2060 1230 gesta-

481 1260 616 1314 tum,
647 1250 793 1321 quod
821 1249 1059 1304 comedit
1083 1256 1137 1303 et
1171 1248 1457 1318 fatigatum
1482 1256 1591 1313 est,
1627 1248 1683 1301 in
1715 1262 1879 1302 cruce
1910 1247 2059 1303 sulli-

2167 520 2331 573 ’Ίδετέ
2371 538 2459 591 με,
2494 522 2575 573 ὅτι
2605 519 2714 589 ἐγώ
2745 522 2881 590 εἰμι,
2904 519 2998 574 καὶ
3042 520 3142 572 ούκ
3192 518 3496 589 ὴλλοίωμαι
3518 535 3530 547 ·
3575 520 3667 571 τοῦ
3697 517 3745 573 ἑὲ

2168 613 2382 666 Παύλου
2451 614 2792 685 γράσοντος·
2856 612 3087 680 Ἰησοῦς
3150 610 3403 681 Χριστὸς
3473 613 3619 679 χθὲς
3660 616 3743 663 κα)

2164 704 2449 773 σήμερον,
2481 708 2512 759 ὀ
2541 705 2727 771 αὐτὸς
2767 704 2863 760 καὶ
2906 707 2994 770 εὶς
3023 704 3165 770 τοὺς
3218 703 3459 769 αἰῶνας.
3509 704 3665 756 ’Λλλά
3698 706 3745 755 ὲν

2163 796 2242 866 τῷ
2272 796 2667 868 περιτμηθέντι
2706 794 2939 865 σώματι,
2979 797 3072 849 καὶ
3114 795 3473 865 βασταχθέντι
3533 795 3627 847 καὶ
3656 811 3745 863 ςα-

2164 888 2312 957 γόντι
2364 890 2457 942 καί
2502 891 2729 959 καμόντι
2768 892 2860 943 καὶ
2923 892 2978 942 ὲν
3046 888 3187 959 ξύλῳ
3230 887 3607 957 καθηλωθέντι
3656 898 3735 939 και

2165 978 2392 1031 παθόντι
2421 974 2488 1050 ἦν
2522 979 2550 1030 ὁ
2580 979 2797 1050 ἀπαθὴς
2826 980 2918 1033 καὶ
2955 979 3244 1049 ἀσώματος
3272 978 3365 1030 τοῦ
3396 976 3540 1030 Θεοῖι
3565 977 3739 1045 Λόγκ,

2164 1067 2334 1120 Τοῦτο
2362 1065 2429 1138 ἦν
2461 1070 2519 1121 ὲν
2551 1068 2629 1139 τῷ
2667 1070 2916 1140 μνημείῳ
2962 1069 3140 1131 τεθὲν,
3173 1069 3261 1121 ὅτε
3291 1067 3457 1130 αὐτὸς
3489 1068 3741 1138 ἐπορεύθη

2165 1161 2399 1231 κηρύξαι
2430 1162 2525 1215 καὶ
2554 1164 2667 1225 τοῖς
2705 1164 2761 1215 ὲν
2794 1162 3009 1233 φυλακῇ
3046 1160 3371 1231 πνεύμασιν,
3412 1160 3493 1223 ὡς
3537 1154 3681 1212 εἶπεν
3720 1162 3743 1211 ὁ

2170 1251 2393 1323 Πέτρος.

478 1360 606 1398 xum
640 1353 803 1414 atque
838 1359 1085 1414 passum,
1147 1341 1240 1397 Dei
1277 1341 1512 1396 Verbum
1562 1342 1757 1408 inerat,
1817 1343 1963 1412 quod
2030 1345 2307 1413 passionis
2368 1344 2591 1417 perinde
2652 1353 2814 1416 atque
2868 1343 3115 1415 corporis
3166 1352 3251 1398 est
3303 1357 3530 1413 expers.
3604 1341 3737 1399 Iden

478 1453 678 1509 corpus
708 1440 760 1491 in
794 1447 1147 1492 monumento
1173 1436 1482 1506 depositum
1516 1443 1635 1501 est;
1675 1452 1785 1507 quo
1819 1443 2063 1506 tempore
2101 1438 2333 1504 scilicet,
2370 1449 2428 1493 ut
2488 1439 2774 1510 spiritibus
2810 1438 2939 1503 illis,
2975 1437 3069 1508 qui
3138 1437 3191 1491 in
3232 1435 3493 1491 custodia
3537 1436 3731 1490 detines

478 1536 703 1597 bantur,
739 1534 1085 1605 praadicaret,
1115 1534 1181 1588 ad
1212 1548 1309 1589 eos
1354 1536 1608 1599 accessit,
1646 1535 1721 1587 uti
1756 1534 1948 1588 Petrus
1980 1542 2211 1590 testatur
2234 1538 2275 1589 ⁸.

550 1630 688 1685 Vill.
726 1629 803 1683 Ex
843 1644 953 1700 quo
987 1629 1203 1684 illorum
1242 1628 1586 1698 potissimum
1631 1629 1944 1683 declaratur
1974 1629 2060 1683 in-

478 1726 653 1790 sania,
686 1724 778 1793 qui
813 1722 1051 1777 Verbum
1090 1719 1181 1775 Dei
1214 1720 1268 1773 in
1294 1735 1420 1775 ossa
1455 1735 1787 1790 carnemque
1815 1736 2059 1775 commu-

2240 1629 2319 1687 H'.
2359 1633 2423 1684 Ὃ
2462 1631 2695 1703 μάλιστα
2724 1629 2962 1683 δείκνυσι
2987 1626 3085 1699 τὴν
3116 1621 3298 1679 ἄνοιαν
3323 1624 3435 1677 τῶν
3465 1624 3738 1692 λεγόντων,

2166 1726 2247 1788 είς
2283 1725 2442 1778 ὀστέα
2484 1726 2577 1778 καὶ
2616 1724 2795 1796 σάρκα
2837 1720 3138 1794 τετράφθαι
3168 1720 3260 1773 τὸν
3298 1720 3501 1787 Λόγον.
3550 1720 3609 1771 Et
3646 1720 3737 1787 γὰρ

477 1825 651 1870 tatum
707 1822 984 1869 asserunt.
1027 1811 1162 1865 Nam
1202 1812 1249 1867 si
1299 1813 1373 1865 ita
1408 1813 1750 1883 contigisset,
1794 1828 2057 1881 superva-

2169 1818 2315 1871 τοῦτο
2345 1813 2434 1888 ἦν,
2460 1817 2557 1869 οὐκ
2588 1812 2656 1886 ἦν
2690 1815 2849 1885 χρεία
2883 1814 3148 1885 μνημείου
3170 1830 3183 1843 ·
3215 1815 3349 1866 αὐτὸ
3370 1813 3486 1883 γὰρ
3532 1812 3597 1865 ἂν
3626 1814 3738 1864 ἔπος

477 1922 706 1962 caneum
764 1912 1179 1959 monumentum
1273 1902 1405 1956 illud
1466 1902 1659 1957 fuisset
1716 1919 1729 1954 :
1789 1902 2061 1971 siquidem

480 2000 656 2069 ipsum
690 2013 788 2067 per
834 2011 955 2052 sese
1008 2009 1210 2065 corpus
1259 1992 1591 2063 praedicandi
1646 1992 1819 2062 gratia
1866 1993 1931 2045 ad
1967 2008 2061 2047 eos

480 2094 709 2161 spiritus
767 2088 1093 2148 accederet,
1155 2085 1249 2156 qui
1307 2087 1362 2139 in
1416 2084 1609 2139 inferis
1679 2083 2057 2137 versabantur.

480 2183 635 2237 Nunc
677 2188 856 2235 autem
911 2176 1250 2248 przedicandi
1289 2175 1405 2244 ipse
1436 2174 1613 2244 gratia
1656 2172 1723 2226 ad
1766 2187 1862 2226 eos
1908 2172 2061 2234 adiit,

480 2287 683 2341 corpus
718 2277 907 2323 autem
940 2266 1174 2321 sindone
1203 2265 1523 2319 obvolutum
1554 2261 1826 2331 .losephus
1852 2262 1904 2314 in
1936 2250 2065 2315 Col?

482 2365 645 2434 gotha
676 2361 931 2431 deposuit
960 2360 982 2389 ⁵
1012 2377 1024 2413 :
1062 2364 1255 2426 estque
1306 2356 1483 2425 palam
1532 2354 1662 2407 illud
1698 2352 1955 2407 omnibus
1986 2352 2065 2405 fa-

485 2463 656 2518 ctum,
689 2450 928 2507 Verbum
968 2450 1146 2519 ipsum
1186 2461 1531 2517 nequaquam
1566 2461 1688 2501 esse
1716 2460 1936 2515 corpus,
1969 2444 2062 2498 sed

485 2547 552 2601 ad
594 2544 836 2599 Verbum
890 2556 1093 2610 corpus
1131 2539 1486 2609 pertinuisse.
1522 2536 1789 2592 Praeterea
1823 2535 2063 2589 Thomas

486 2638 619 2692 illud
666 2637 843 2705 ipsum
888 2647 1125 2702 corpus,
1169 2639 1523 2700 posteaquam
1569 2644 1599 2683 a
1647 2628 1879 2683 mortuis
1918 2628 2066 2682 exci-

481 2739 656 2792 tatum
696 2737 802 2793 est,
840 2727 1093 2781 manibus
1127 2725 1471 2787 attrectavit,
1503 2732 1556 2778 et
1601 2724 1654 2776 in
1688 2738 1753 2777 eo
1782 2724 2062 2777 clavorum

478 2822 776 2887 cicatrices,
804 2822 1037 2890 aspexit,
1084 2831 1244 2886 quos,
1288 2830 1411 2869 cum
1443 2815 1497 2868 in
1526 2829 1754 2885 corpore
1780 2830 1881 2869 suo
1914 2813 2064 2869 sulli-

483 2926 581 2966 xos
606 2910 859 2973 vidisset,
899 2914 1097 2977 sponte
1145 2904 1430 2970 sustinuit,
1474 2920 1651 2974 neque
1701 2918 1826 2957 cum
1875 2912 2065 2974 posset

483 3003 773 3075 prohibete
810 3000 1018 3065 voluit;
1058 3000 1167 3053 imo
1200 3012 1328 3052 vero
1380 2996 1632 3066 proprias
1683 2996 1767 3050 sui
1813 2997 2063 3066 corporis

486 3093 806 3149 affectiones
856 3092 1007 3145 velut
1057 3090 1143 3144 sui
1193 3087 1405 3159 ipsius,
1454 3088 1507 3140 in
1558 3102 1679 3142 sese
1717 3087 2061 3141 transtulit“.

2165 1909 2331 1981 ρεύθη
2361 1909 2429 1961 δι’
2474 1907 2666 1961 ἑαυτοῦ
2700 1906 2761 1959 τὸ
2808 1906 2966 1977 σῶμα
3014 1904 3246 1976 κηρύξαι
3276 1909 3387 1967 τοῖς
3438 1907 3500 1957 ὲν
3546 1904 3621 1974 τῷ
3648 1904 3733 1976 ᾄδῃ

2164 1999 2454 2069 πνεύμασι.
2499 1997 2611 2050 Νῦν
2656 1997 2711 2050 δὲ
2761 1997 2922 2059 αὐτὸς
2959 1996 3226 2067 ἐπορεύθη
3270 1994 3515 2065 κηρύξαι
3541 2009 3554 2021 °
3597 1994 3654 2046 τὸ
3690 1994 3737 2045 ει

2166 2092 2325 2162 σῶμα
2355 2091 2535 2157 ἑλίξας
2585 2088 2783 2159 Ἰωσὴφ
2812 2088 3041 2150 σινδόνι,
3077 2088 3309 2140 ἀπέθετο
3342 2089 3397 2137 ὲν
3447 2087 3527 2155 τῷ
3560 2086 3735 2153 Γολγο⁴

2165 2180 2258 2251 θᾷ’
2297 2180 2390 2233 καὶ
2418 2178 2682 2231 δέδεικται
2716 2178 2914 2237 πᾶσιν,
2964 2176 3044 2228 ὅτι
3082 2175 3155 2245 μὴ
3198 2174 3259 2226 τὸ
3298 2172 3462 2243 σῶμα
3492 2169 3560 2243 ἦν
3597 2175 3624 2226 ὁ
3653 2172 3737 2225 Λό-

2164 2289 2278 2341 γος,
2329 2270 2464 2324 ἀλλά
2506 2270 2663 2339 σῶμα
2708 2264 2776 2340 ἦν
2814 2267 2907 2320 τοῦ
2961 2268 3156 2337 Λόγου.
3193 2266 3303 2319 Καὶ
3336 2265 3503 2317 τοῦτο
3555 2264 3739 2333 Θωμᾶς

2167 2361 2401 2416 ἀναστὰν
2447 2362 2511 2413 ὲκ
2544 2358 2750 2431 νεκρῶν
2804 2358 3159 2428 ὲψηλάῳησε,
3189 2357 3284 2409 καὶ
3328 2350 3471 2407 εἶδεν
3518 2358 3577 2407 ὲν
3606 2353 3736 2421 αὐτῷ

2164 2458 2292 2520 τοὺς
2317 2454 2520 2518 τύπους
2548 2452 2657 2505 τῶν
2687 2451 2854 2521 ἥλων,
2884 2449 2975 2513 οὓς
3011 2449 3302 2517 ὑπέμεινεν
3336 2446 3505 2510 αὐτὸς
3527 2448 3555 2499 ό
3584 2446 3737 2512 Λόγος

2164 2547 2305 2620 ὁρῶν
2362 2542 2800 2617 καθηλουμένους
2852 2543 2908 2593 ὲν
2954 2539 3030 2610 τῷ
3082 2538 3295 2607 σώματι
3325 2537 3403 2607 τῷ
3448 2538 3602 2606 ἰδίῳ,
3654 2537 3735 2588 καὶ

2164 2639 2458 2709 δυνάμενος
2498 2634 2726 2689 κωλύειν
2787 2634 2887 2685 οὐκ
2932 2630 3235 2694 ἐκώλυσεν,
3278 2629 3414 2684 ἀλλά
3465 2630 3561 2683 καὶ
3626 2627 3735 2680 ἰδιοο

2167 2733 2370 2784 ποιεῖτο
2389 2728 2459 2780 τὰ
2481 2726 2573 2780 τού
2602 2725 2852 2795 σώματος
2875 2723 2980 2776 ἴδια
3023 2722 3097 2784 ὡς
3127 2720 3345 2785 ἑαυτοῦ,
3370 2723 3397 2772 ό
3431 2718 3727 2789 ἀσώματος.

2178 2821 2392 2891 Ἀμέλει
2444 2819 2533 2872 τοῦ
2601 2817 2846 2887 σώματος
2893 2814 3230 2884 τυπτομένου
3284 2812 3440 2883 παρά
3487 2810 3580 2863 τοῦ
3644 2810 3732 2861 ὑπ-

2167 2914 2381 2985 ηρέτου,
2417 2912 2491 2974 ὡς
2524 2910 2683 2972 αὐτὸς
2712 2910 2935 2977 πάσχων
2978 2905 3148 2973 ἔλεγε·
3191 2905 3251 2959 Τί
3290 2922 3366 2973 με
3398 2904 3630 2971 (Septem;
3655 2902 3733 2954 καὶ

2166 3004 2441 3073 ἄψαυστος
2469 3001 2542 3054 ὢν
2574 3002 2638 3071 τῇ
2670 2998 2849 3068 φύσει,
2885 3000 3032 3068 ὅμως
3056 2996 3207 3064 ἔλεγε
3225 3012 3238 3024 ·
3282 2995 3393 3049 Τὸν
3414 2994 3612 3047 νῶτόν
3630 3009 3733 3061 μοι·

2166 3096 2362 3150 ἔδωκα
2395 3097 2483 3158 εὶς
2514 3092 2833 3162 μάστιγας,
2862 3089 2957 3143 καί
2996 3087 3061 3141 τὸ
3110 3089 3441 3156 πρόσωπόν
3482 3104 3599 3156 μου
3635 3086 3729 3138 οὐκ

480 3186 849 3254 Quamobrem
905 3199 1027 3238 cum
1076 3184 1183 3235 hoc
1212 3195 1242 3234 a
1295 3179 1528 3234 satellite
1557 3179 1874 3248 vapularet,
1907 3180 2059 3249 quasi

2169 3187 2519 3255 ἁπέστρεψα
2554 3182 2673 3237 ἀπὸ
2711 3181 3166 3252 ἐμπτυσμάτων.
3201 3181 3269 3231 ’Λ
3307 3178 3413 3250 γὰρ
3454 3179 3517 3231 τὸ
3547 3176 3734 3247 ἀνθρώ-

482 3280 599 3348 ipse
628 3284 910 3348 pateretur
938 3314 953 3339 ,
990 3272 1131 3340 Quid
1179 3288 1280 3336 me,
1317 3272 1515 3341 inquit,
1549 3271 1707 3324 cwdis
1730 3272 1749 3302 ⁷
1775 3272 1797 3325 ?
1826 3288 2064 3343 cumque

486 3371 632 3441 tangi
661 3377 853 3422 natura
882 3380 991 3420 non
1020 3371 1227 3435 posset,
1250 3362 1607 3418 nihilominus
1627 3362 1767 3417 dixit
1795 3382 1807 3417 :
1832 3362 2063 3417 Dorsum

484 3480 653 3516 meum
683 3460 802 3515 dedi
826 3460 879 3513 in
908 3457 1147 3528 ﬂagella,
1180 3465 1229 3509 et
1254 3455 1443 3524 [aciem
1478 3470 1649 3508 meam
1693 3472 1796 3508 non
1830 3456 1994 3509 averti
2030 3472 2063 3507 a

484 3552 653 3617 sputis
679 3549 726 3604 ⁸.
782 3547 914 3614 Qua:
960 3547 1104 3601 enim
1152 3544 1391 3598 humana
1444 3541 1610 3599 Verbi
1652 3550 1846 3598 natura
1889 3546 2064 3614 patie-

484 3642 679 3704 batur,
716 3640 832 3694 haec
884 3641 1175 3709 ipsummet
1210 3636 1448 3690 Verbum
1500 3636 1555 3689 in
1606 3650 1726 3691 sese
1764 3636 2064 3691 transferre

478 3728 701 3796 'voluit,
754 3740 812 3784 ut
864 3744 967 3784 nos
1021 3727 1325 3783 divinitatis
1380 3724 1543 3781 Verbi
1601 3726 1892 3796 participes
1943 3741 2064 3781 esse

483 3838 793 3896 possemus.
822 3821 939 3887 Qua
976 3821 1027 3874 in
1070 3835 1128 3875 re
1162 3818 1439 3888 singulare
1486 3817 1619 3871 illud
1660 3816 1877 3882 accidit,
1922 3816 2062 3871 idem

488 3926 548 3971 ut
580 3919 793 3988 patiens
820 3920 969 3969 esset
1015 3919 1069 3966 et
1102 3909 1235 3964 nihil
1270 3909 1482 3978 patiens
1513 3927 1525 3962 :
1564 3907 1779 3977 patiens
1814 3908 2060 3977 quidem,

486 4009 630 4077 quod
662 4006 943 4078 prOprium
969 4005 1089 4075 ejus
1116 4010 1397 4073 pateretur
1418 4016 1620 4070 corpus
1651 4010 1704 4055 et
1733 3999 1786 4053 in
1824 4000 2064 4069 patiente

485 4103 603 4173 ipso
640 4100 931 4162 resideret;
965 4096 1099 4151 nihil
1148 4096 1360 4167 patiens
1410 4108 1561 4157 vero,
1598 4090 1745 4162 quod
1775 4106 1898 4145 cum
1930 4089 2064 4145 Ver-

487 4195 615 4247 bum
646 4200 843 4247 natura
876 4189 1019 4245 Deus
1049 4191 1142 4253 sit,
1172 4189 1240 4243 ab
1262 4187 1409 4243 omni
1462 4183 1706 4257 patiendi
1749 4183 2065 4239 conditione

484 4284 556 4336 sit
594 4284 856 4336 immune.
890 4279 1162 4346 Quocirca
1203 4276 1443 4332 Verbum
1500 4274 1720 4345 quidem
1781 4274 1959 4343 ipsum
2009 4274 2063 4328 in

487 4376 695 4445 patibili
728 4388 957 4442 corpore
1012 4372 1407 4440 incorporeum
1456 4366 1593 4431 fuit;
1636 4380 1840 4434 corpus
1879 4373 2061 4419 autem

484 4466 788 4539 impatibile
822 4465 1059 4519 Verbum
1101 4462 1292 4516 habuit
1336 4462 1389 4513 iu
1444 4473 1587 4523 sese,
1620 4458 1764 4527 quod
1812 4456 1898 4513 sui
1938 4471 2063 4511 eor-

2173 3297 2322 3332 πινον
2348 3279 2551 3348 ἔπασχε
2580 3275 2671 3328 τοῦ
2702 3274 2898 3341 Λόγου,
2928 3271 3097 3327 ταῦτα
3116 3270 3289 3324 συνὼν
3315 3268 3472 3339 αὐτῷ
3493 3271 3521 3322 ό
3556 3267 3728 3334 Λόγος,

2170 3372 2248 3433 εἰς
2282 3368 2471 3422 ἑαυτὸν
2495 3367 2777 3437 ἀνέφερεν,
2806 3365 2889 3417 ἵνα
2912 3365 3073 3433 ἡμεῖς
3100 3363 3199 3432 τῆς
3230 3360 3324 3413 τοῦ
3358 3360 3537 3428 Λόγου
3567 3358 3732 3425 θεότη-

2169 3478 2261 3523 τος
2290 3459 2607 3529 δυνηθῶμεν
2659 3458 2970 3527 μετασχεῖν.
3026 3454 3136 3507 Καὶ
3186 3448 3253 3522 ἦν
3298 3450 3630 3521 παράδοξον,
3660 3448 3727 3500 ὅτε

2171 3551 2330 3614 αὐτὸς
2374 3546 2442 3620 ἦν
2485 3550 2514 3601 ό
2571 3550 2795 3617 πάσχων
2836 3545 2929 3598 καὶ
2966 3543 3039 3614 μὴ
3076 3543 3328 3613 πάσχων·
3363 3542 3591 3611 πάσχων
3624 3538 3725 3609 μὲν,

2170 3644 2251 3696 ὅτι
2294 3642 2352 3695 τὸ
2396 3641 2523 3695 ίδιον
2571 3638 2734 3692 αὑτοῦ
2791 3637 2993 3708 ἔπασχε
3052 3634 3210 3704 σῶμα
3249 3632 3342 3686 καὶ
3383 3634 3441 3684 ὲν
3497 3629 3637 3699 αὐτῷ
3665 3627 3729 3696 τῷ

2171 3734 2431 3802 πάσχοντι
2454 3727 2520 3801 ἦν
2545 3747 2557 3761 ·
2590 3730 2665 3800 μὴ
2696 3729 2918 3798 πάσχων
2945 3728 3022 3791 δὲ,
3049 3725 3133 3778 ὅτι
3170 3726 3233 3794 τῇ
3264 3721 3423 3791 φύσει
3457 3721 3588 3784 Θεὸς
3610 3718 3677 3771 ὢν
3703 3718 3726 3768 ό

2170 3825 2340 3893 Λόγος
2375 3822 2591 3892 ἀπαθής
2619 3822 2758 3873 ἐστι.
2802 3818 2905 3872 Καὶ
2936 3816 3098 3889 αύτὸς
3132 3814 3230 3886 μὲν
3269 3812 3563 3884 ἀσώματος
3591 3806 3652 3881 ἦν
3680 3810 3725 3860 ὲν

2170 3916 2247 3987 τῷ
2273 3913 2498 3984 παθητῷ
2525 3912 2735 3983 σώματι
2758 3928 2772 3941 ο
2802 3910 2861 3962 τὸ
2885 3909 2941 3961 δὲ
2977 3908 3133 3977 σῶμα
3168 3906 3324 3976 ἔσχεν
3354 3906 3412 3956 ὲν
3462 3901 3629 3971 ἑαυτῷ
3650 3899 3723 3950 τὸν

2171 4006 2357 4077 ἀποιθῆ
2392 4005 2561 4072 Λόγον
2608 4000 2940 4070 ἀφανίζοντα
2982 3999 3081 4061 τὰς
3126 3995 3408 4059 ἀσθενείας
3448 3992 3608 4049 αὐτοῦ
3644 3988 3721 4043 τοῦ

2173 4096 2439 4167 σώματος.
2492 4094 2694 4147 Ἐποίει
2742 4091 2799 4144 δὲ
2841 4090 2998 4143 τοῦτο
3053 4089 3145 4141 καὶ
3184 4087 3394 4155 ἐγίνετο
3426 4086 3611 4149 οὕτως,
3650 4081 3719 4133 ἵνα

2168 4190 2236 4243 τὰ
2293 4187 2452 4259 ἡμῶν
2498 4186 2658 4248 αὐτὸς
2713 4184 2999 4254 δεχόμενος
3072 4182 3164 4235 καὶ
3221 4177 3601 4251 προσενεγκὼν
3656 4173 3719 4231 εἷς

2171 4280 2383 4343 θυσίαν,
2432 4275 2764 4348 ὲξαφανίσῃ,
2801 4274 2893 4328 καὶ
2938 4273 3151 4337 λοιπὸν,
3197 4274 3308 4333 τοῖς
3350 4267 3543 4323 ἑαυτοῦ
3588 4280 3715 4333 περι·

2172 4366 2351 4420 ϐαλὼν
2387 4367 2555 4435 ἡμᾶς,
2587 4366 2790 4434 ποιήσῃ
2822 4362 2915 4415 τὸν
2965 4361 3283 4415 Ἀπόστολον
3318 4362 3520 4412 εἰπεῖν·
3545 4355 3639 4410 Δεῖ
3664 4350 3716 4404 τὸ

2170 4455 2435 4526 φθαρτὸν
2480 4454 2655 4507 τοῦτο
2691 4452 3059 4507 ἐνδύσασθαι
3110 4451 3497 4519 ἀφθαρσίαν,
3543 4440 3714 4500 καὶτὸ

484 4562 635 4628 poris
692 4558 1097 4611 imbecillitates
1150 4555 1544 4622 exstingueret.
1601 4550 1778 4619 Atque
1828 4550 1930 4602 hoc
1988 4564 2054 4604 eo

2169 4548 2381 4613 θνητὸν
2411 4546 2589 4599 τοῦτο
2617 4544 2993 4599 ἐνδύσασθαι
3028 4543 3389 4597 ἀθανασίαν.

487 4652 719 4705 ιοιιείιίο
773 4650 1026 4711 faciebat,
1083 4648 1267 4715 itaque
1322 4660 1380 4698 se
1435 4643 1637 4695 habere
1677 4641 1962 4702 voluerat,
2028 4650 2087 4693 ut
2145 4649 2331 4695 nostra
2368 4638 2699 4707 suscipiens,
2750 4644 2805 4690 et
2846 4635 2902 4689 in
2946 4634 3275 4689 sacrificium
3317 4630 3570 4690 offerens,
3610 4626 3710 4681 fun-

488 4744 637 4796 ditus
684 4739 921 4803 deleret,
968 4752 1031 4791 ac
1079 4737 1296 4790 demum
1348 4734 1464 4787 suis
1513 4747 1612 4786 nos
1655 4731 2063 4800 quodammodo
2105 4714 2737 4794 vestiens,oceasiouem
2769 4728 3032 4798 Apostolo
3064 4727 3217 4780 daret
3271 4725 3372 4777 ista
3432 4716 3707 4777 scribendi:

490 4836 700 4909 1003
773 4832 987 4901 Oportet
1056 4829 1398 4901 corruptibile
1472 4828 1566 4881 Iwc
1642 4825 1858 4879 induere
1933 4827 2419 4895 incorruptionem,
2479 4836 2529 4880 et
2590 4824 2814 4878 mortale
2902 4824 2996 4876 hoc
3079 4819 3291 4876 induere
3362 4815 3709 4872 immortalitao

485 4949 587 4988 tem
610 4936 651 4986 θ.

554 5030 643 5084 IX.
676 5028 807 5095 Quae
829 5024 1011 5081 omnia
1038 5037 1145 5077 non
1179 5020 1299 5076 flete
1336 5034 1399 5074 ac
1424 5018 1675 5075 simulate
1703 5025 1851 5087 gesta
1882 5026 2046 5071 sunt:

478 5124 703 5180 minime
736 5120 974 5191 quidem,
1006 5126 1064 5171 ut
1094 5113 1340 5170 nonnulli
1372 5126 1654 5182 perperam
1696 5108 2053 5164 arbitrantur.

480 5219 585 5274 Sed
626 5228 749 5271 cum
801 5212 1050 5266 Salvator
1108 5222 1297 5262 verum
1338 5222 1396 5260 se
1455 5203 1676 5257 fecisset
1740 5201 2051 5261 hominem,

482 5311 652 5367 totius
683 5313 768 5360 est
807 5301 1044 5357 hominis
1087 5299 1237 5353 salus
1265 5302 1581 5351 consecuta.
1616 5291 1754 5345 Nam
1793 5292 1838 5346 si
1878 5291 2053 5344 simu-

482 5402 683 5455 latione
737 5398 852 5453 sola
908 5392 1181 5454 Verbum,
1216 5400 1272 5444 ut
1332 5388 1406 5441 illi
1468 5387 1746 5446 sentiunt,
1791 5389 1938 5435 esset
1994 5381 2050 5433 in

481 5507 732 5562 corpore,
764 5486 909 5560 quod
952 5497 1127 5539 autem
1159 5482 1506 5539 simulatione
1543 5491 1671 5537 esse
1695 5471 2051 5531 soladicitur

448 5676 451 5683 -
557 5648 572 5676 ‘
606 5645 741 5699 Luc.
771 5660 829 5703 ιι,
868 5642 931 5695 21
962 5654 1081 5709 sqq.
1171 5638 1189 5667 '
1219 5636 1351 5709 Duc.
1381 5649 1535 5709 σειν,
1573 5620 1662 5683 '59.

484 5716 552 5771 Si
584 5731 704 5783 sqq.
777 5699 1181 5769 "Joan.'ivui,
1214 5704 1302 5759 23.
1378 5703 1399 5734 '
1442 5701 1522 5756 lsa
1578 5715 1629 5763 L,
1665 5699 1715 5753 6.

1740 5630 1760 5658 ³
1796 5627 1955 5680 Hebr.
1997 5641 2118 5685 xui,
2158 5624 2211 5677 8.

1795 5698 1814 5728 ο
1846 5696 2016 5749 lCor.
2050 5712 2136 5759 xv,
2174 5693 2261 5751 ss.

2228 5015 2304 5069 6’.
2340 5017 2411 5069 Ού
2433 5014 2575 5067 θέσει
2594 5014 2651 5066 δὲ
2675 5012 2845 5065 ταῦτα
2868 5012 3097 5080 ἐγίνετο,
3123 5010 3197 5080 μὴ
3221 5009 3458 5077 γένοιτοῐ
3496 5005 3566 5069 ὥς
3589 5015 3707 5061 τινες

2166 5106 2324 5159 πάλιν
2351 5106 2637 5159 ὑπέλαϐον.
2671 5104 2832 5157 Ἀλλά
2857 5104 3006 5166 ὄντος
3032 5102 3317 5173 ἀνθρώπου
3343 5100 3561 5170 ἀληθεία
3579 5109 3702 5165 γεωι

2166 5197 2327 5265 μένου
2349 5196 2441 5248 τοῦ
2473 5196 2743 5266 Σωτῆρος,
2762 5195 2882 5247 ὅλου
2912 5192 3003 5245 τοῦ
3030 5191 3316 5263 ἀνθρώπου
3343 5191 3575 5261 σωτηρία
3606 5182 3703 5252 t7!-

2161 5303 2299 5339 νετο.
2316 5286 2377 5337 EE
2401 5285 2508 5356 γὰρ
2525 5284 2670 5336 θέσει
2691 5280 2758 5354 ἦν
2783 5285 2839 5335 ὲν
2860 5281 2939 5352 τῷ
2970 5282 3181 5352 σώματι
3201 5284 3228 5333 ὁ
3249 5282 3418 5348 Λόγος
3440 5281 3550 5333 κατ’
3579 5274 3696 5328 ὲκεί-

2158 5393 2282 5439 νους
2298 5394 2309 5404 ’
2328 5376 2387 5428 τὺ
2404 5376 2455 5428 δὲ
2478 5375 2621 5428 Οέσει
2639 5375 2929 5443 λεγόμενον
2950 5372 3219 5441 φαντασία
3236 5373 3379 5425 ἐστίν
3396 5389 3409 5402 ο
3423 5370 3695 5442 εὑρίσκεται

2158 5470 2373 5532 δοκήσει
2406 5468 2489 5520 (αὶ
2518 5471 2550 5537 ἡ
2586 5466 2826 5537 σωτηρία
2855 5465 2946 5519 καὶ
2974 5466 3007 5535 ὴ
3037 5463 3334 5525 ἀνάστασις
3384 5462 3487 5515 τῶν
3514 5454 3691 5528 ἀνθρώο

2293 5624 2352 5675 ⁸1
2391 5621 2533 5677 Petr.
2576 5637 2657 5685 ιιι,
2697 5620 2781 5676 19.
2861 5622 2881 5651 ⁵
2915 5618 3074 5674 Joan.
3106 5636 3221 5685 nx,
3253 5621 3340 5676 '58.
3418 5618 3686 5674 ‘JoanJF.
