3790 6212
97 377 202 432 6'55

697 370 1068 428 ADVERSUS
1100 369 1446 426 IIEBESES
1473 369 1601 424 LIB.
1639 367 1725 425 111.
1759 367 1926 424 ΤΟΜ.”
1963 366 2194 423 ιΙ.-11.λ

1202 369 1446 426 ΞΒΕΒΕΞ
1473 369 1601 424 LIB.
1639 367 1725 425 111.
1759 367 1926 424 ΤΟΜ.’
1963 366 2397 424 l|.—IUERES.
2439 366 2699 422 LXXVII.

3269 376 3368 431 65‘

101 513 220 549 ¹ιτων
269 493 577 565 λεγομένη,
631 493 773 547 κατά
815 493 909 547 τὸν
939 491 1304 547 ἀσεϐέστατον
1363 493 1598 562 Μανιχαῖ

1872 489 2178 561 aginarium
2226 497 2352 554 est,
2406 503 2754 559 consequens
2802 499 2970 556 esset,
3005 498 3064 545 ut
3120 499 3172 548 et
3224 494 3369 550 salus

109 586 271 641 Ἀλλά
317 587 423 658 μὴν
459 587 520 640 οὐ
563 585 836 657 φαντασίᾳ
875 588 910 656 ὴ
951 585 1195 656 σωτηρία
1239 583 1464 654 γέγονεν
1505 583 1684 654 ἡμῶν,

93 679 218 734 οὐδὲ
247 682 497 751 σώματος
530 679 714 750 μόνου,
749 677 862 730 ἀλλ’
894 675 1017 730 ὅλου
1044 677 1138 730 τοῦ
1175 675 1484 748 ἀνθρώπου,
1507 665 1688 746 ψυχῆς

93 774 192 828 καὶ
224 771 475 844 σώματος
514 771 824 842 ἀληθῶς.ὲν
874 769 1023 841 αὐτῷ
1071 772 1104 841 ἡ
1159 769 1405 840 σωτηρία
1443 768 1688 838 γέγονεν.

107 863 478 937 Ἀνθρώπινον
522 864 630 935 ἄρα
681 862 842 932 φύσει
895 863 957 915 τὸ
997 863 1061 915 ἐκ
1119 861 1362 933 Μαρίας,
1399 860 1541 913 κατὰ
1592 857 1693 921 τὰς

94 955 254 1018 θείας
301 953 564 1026 Γραφάς,
599 953 691 1005 καὶ
741 949 993 1021 ἀληθινὸν
1058 949 1219 1020 σῶμα
1270 948 1366 1000 τοῦ
1416 946 1690 1017 Σωτῆρος.

107 1048 394 1118 Ἀληθινὸν
428 1047 486 1100 δὲ
523 1041 612 1117 ἦν,
647 1043 835 1114 ἐπειδὴ
857 1041 1053 1095 ταυτὸν
1077 1037 1145 1110 ἦν
1177 1038 1280 1112 [ἐν]
1313 1038 1391 1110 τῷ
1416 1037 1690 1108 ἡμετέρῳ.

107 1137 345 1206 ’Δδελφὴ
375 1137 482 1207 γάρ
510 1133 668 1206 ἡμῶν
701 1134 734 1204 ἡ
761 1131 972 1202 Μαρία,
1003 1130 1126 1183 ἐπεὶ
1157 1130 1250 1183 καὶ
1272 1129 1474 1191 πάντες
1505 1127 1570 1180 ὲκ
1597 1125 1690 1179 τοῦ

108 1228 288 1299 Ἀδάμ
319 1230 506 1297 ἐσμεν.
541 1227 650 1280 Καὶ
679 1224 840 1278 τοῦτο
867 1222 967 1276 οὐκ
998 1223 1064 1276 ἄν
1089 1239 1172 1286 τις
1203 1219 1524 1291 ἀμφιδάλοις
1560 1236 1694 1291 μνη-

99 1321 258 1384 σθεὶς
287 1313 364 1374 ὧν
391 1318 628 1391 ἔγραψεν
661 1319 690 1370 ὁ
725 1316 960 1378 Λουκᾶς.
995 1313 1149 1368 Μετά
1177 1312 1286 1384 γὰρ
1307 1311 1369 1364 τὸ
1395 1311 1692 1381 ἀναστῆναι

93 1411 161 1464 ἐκ
191 1409 305 1463 τῶν
335 1407 567 1481 νεκρῶν,
588 1405 888 1460 δοκούντων
915 1403 1076 1458 τινῶν
1099 1401 1174 1473 μὴ
1209 1405 1268 1456 ὲν
1289 1400 1366 1472 τῷ
1395 1403 1459 1454 ὲκ
1479 1399 1696 1472 Μαρίας

97 1502 320 1571 σώματι
355 1500 576 1571 βλέπειν
603 1498 694 1552 τὸν
715 1497 944 1568 Κύριον,
969 1494 1082 1548 ἀλλ’
1105 1495 1225 1547 ἀντὶ
1256 1492 1448 1546 τούτου
1477 1491 1696 1562 πνεῦμα

93 1591 352 1664 θεωρεῖν,
386 1591 604 1660 ἔλεγεν·
652 1587 832 1644 Ἴδετε
863 1587 970 1652 τὰς
1012 1584 1215 1656 χεῖράς
1256 1601 1375 1653 μου
1415 1582 1515 1636 καὶ
1553 1582 1696 1647 τοὺς

96 1685 296 1751 πόδας
317 1701 459 1753 μου,
505 1682 605 1736 καὶ
632 1681 776 1748 τοὺς
807 1680 1035 1745 τύπους
1081 1676 1201 1732 τῶν
1243 1676 1428 1744 ἥλων,
1464 1676 1552 1729 ὅτι
1585 1673 1698 1745 ἐγώ

94 1779 218 1846 ειμι
263 1776 466 1842 αὐτός.
502 1773 916 1843 Ψηλαφήσατε
975 1771 1072 1826 καὶ
1113 1771 1300 1832 ἴδετε,
1338 1767 1428 1822 ὅτι
1461 1767 1698 1836 πνεῦμα

1794 582 2079 660 hominum
2128 596 2194 636 ac
2253 581 2586 636 resurrectio
2635 581 2870 652 imagine
2919 583 3034 638 sola
3077 592 3131 638 et
3179 584 3372 640 adum-

1791 673 2045 728 bratione
2100 672 2216 728 ﬁeri
2258 673 2570 738 diceretur,
2610 689 2731 743 quae
2770 682 2854 730 εει
2889 673 3042 746 impii
3091 675 3372 732 Manicbaai

1792 764 2083 820 sententia.
2115 765 2281 834 Atqui
2313 781 2422 820 non
2465 766 2582 820 sola
2623 766 2806 836 specie
2848 776 3164 836 comparata
3213 771 3374 825 nobis

1795 855 1943 910 salus
1977 861 2083 918 cst,
2126 831 2220 908 aut
2265 855 2368 910 soli
2409 856 2614 910 tributa
2655 831 2900 926 corpori,
2951 831 3047 911 sed
3078 859 3174 912 toti
3219 859 3374 915 vide-
3455 909 3464 924 κ
3505 831 3510 834 Π

1793 949 1922 1004 licet
1956 948 2185 1009 homini.
2236 948 2452 1012 animae,
2497 949 2742 1020 inquam,
2775 958 2828 1003 ct
2859 949 3074 1018 corpori
3113 951 3262 1006 salus
3290 959 3379 1007 est

1794 1041 1976 1111 reipsa
2025 1041 2335 1096 conciliata.
2395 1040 2578 1110 Itaque
2626 1057 2827 1112 corpus
2862 1042 2993 1096 illud
3052 1040 3376 1112 Salvatoris,

1797 1133 1966 1204 quod,
2001 1141 2062 1187 ut
2107 1149 2278 1188 sacrae
2321 1133 2543 1189 Litterae
2573 1141 2868 1200 testantur,
2900 1151 2929 1190 ε
2961 1135 3128 1189 Maria
3159 1137 3380 1192 desum-

1796 1233 1948 1296 ptum
1990 1233 2112 1293 est,
2159 1226 2458 1280 humanum
2494 1255 2498 1258 ν
2532 1242 2596 1281 ac
2639 1243 2828 1282 verum
2885 1229 3112 1284 exstitit.
3155 1230 3379 1296 Verum,

1797 1317 2044 1386 inquam,
2081 1325 2391 1388 propterea,
2427 1316 2574 1387 quod
2607 1317 2750 1372 idem
2781 1319 3008 1372 omnino
3031 1337 3154 1374 cum
3189 1331 3383 1376 nostro

1799 1405 1922 1461 fuit.
1951 1407 2117 1461 Maria
2146 1397 2346 1477 quippe
2373 1423 2532 1462 soror
2565 1417 2755 1463 nostra
2781 1407 2900 1471 fuit,
2927 1425 3050 1464 cum
3081 1411 3151 1464 ab
3173 1411 3383 1465 Adamo

1798 1498 2066 1568 originem
2117 1513 2309 1554 omnes
2369 1499 2764 1568 acceperimus.
2821 1497 3009 1569 Neque
3059 1516 3187 1556 vero
3221 1502 3385 1557 dubi—

1797 1591 2024 1644 tandum
2056 1605 2120 1643 ea
2153 1590 2218 1644 de
2251 1604 2307 1643 re
2342 1589 2574 1658 putabit,
2609 1590 2654 1644 si
2688 1589 2811 1658 quis
2841 1605 2901 1644 ea
2927 1591 3232 1646 meminerit
3259 1609 3382 1661 quat

1799 1687 1928 1735 sunt
1968 1677 2167 1732 aLuca
2200 1677 2428 1747 scripta.
2467 1677 2602 1731 Cum
2655 1679 2796 1732 enim
2845 1687 2965 1748 post
2998 1679 3144 1734 illius
3196 1695 3386 1734 resur-

1799 1773 2100 1828 rectionem
2146 1770 2396 1825 nonnulli
2451 1771 2887 1840 suspicarentur,
2937 1771 3044 1825 non
3103 1773 3155 1826 in
3190 1772 3382 1827 eodem

95 1868 304 1938 σάρκα
353 1867 454 1923 καὶ
497 1867 680 1922 ὀστέα
717 1869 830 1921 οὐκ
878 1865 1024 1934 ἔχει,
1065 1862 1260 1930 καθὼς
1291 1861 1396 1932 ἐμὲ
1432 1863 1592 1929 decepi

1889 1882 1898 1915 ι
1939 1877 2194 1932 corpore,
2229 1862 2374 1931 quod
2410 1876 2731 1932 expressum
2766 1879 2796 1918 e
2835 1862 3005 1916 Maria
3051 1864 3247 1928 fuerat,
3280 1864 3386 1920 Do-

94 1965 344 2033 ἕχοντα.
389 1961 502 2016 Καὶ
543 1961 720 2016 τοῦτο
749 1961 955 2023 εἰπὼν,
987 1956 1304 2021 ὑπέδειξεν
1345 1953 1552 2020 αὐτοῖς
1587 1953 1695 2018 τὰς

95 2052 312 2121 χεῖρας
366 2052 464 2106 καὶ
515 2051 658 2118 τοὺς
699 2049 911 2116 πόδας.
965 2048 1057 2113 Ἐξ
1099 2041 1174 2100 ὧν
1219 2047 1313 2100 καὶ
1373 2043 1692 2114 ἐλέγχεσθαι

96 2145 268 2200 πάλιν
296 2143 552 2198 δύνανται
575 2145 622 2196 οί
654 2142 1026 2213 τολμήσαντες
1065 2141 1236 2192 εἰπεῖν
1267 2139 1346 2201 είς
1382 2137 1562 2208 σάρκα
1599 2135 1696 2189 καὶ

1801 1953 2015 2008 minum
2084 1969 2204 2008 sese
2262 1954 2554 2019 contueri,
2605 1955 2699 2009 sed
2765 1955 2886 2022 ejus
2953 1956 3073 2010 loco
3129 1957 3382 2026 spiritum

1801 2045 2008 2111 offerri,
2029 2045 2108 2100 sic
2143 2059 2239 2099 eos
2262 2044 2533 2099 allocutus
2562 2052 2647 2101 est
2685 2063 2698 2098 :
2733 2045 2912 2099 Videte
2935 2063 3124 2100 manus
3154 2056 3202 2100 et
3228 2047 3384 2115 pedes

1801 2153 1968 2198 meos,
1997 2145 2048 2189 et
2089 2137 2306 2206 vestigia
2345 2135 2634 2203 clavorum,
2674 2137 2920 2207 quoniam
2954 2153 3045 2206 ego
3084 2153 3198 2191 sum
3235 2139 3384 2205 ipse;

94 2237 268 2291 ὀστέα
298 2235 629 2307 ἠλλοιῶσθαι
656 2235 746 2288 τὸν
779 2233 1002 2308 Κύριον.
1037 2233 1113 2286 Οὐ
1157 2231 1268 2302 γὰρ
1300 2226 1420 2283 εἶπε
1445 2247 1458 2260 ·
1488 2233 1591 2284 Καὶ

1888 2229 2011 2296 ‘pate
2045 2223 2100 2282 et
2135 2228 2321 2291 videte,
2392 2230 2641 2298 quoniam
2682 2229 2900 2298 spiritus
2934 2245 3148 2282 carnem
3183 2240 3231 2283 et
3263 2246 3385 2284 ossa

95 2329 204 2400 ἐμὲ
245 2328 516 2398 θεωρεῖτε
543 2327 742 2396 σάρκα
771 2325 869 2380 καὶ
903 2324 1087 2380 ὀστέα
1114 2323 1265 2390 ὄντα,
1307 2322 1422 2376 ἀλλ’
1447 2320 1689 2391 ἔχοντα,

99 2425 186 2476 ἵνα
227 2422 306 2492 μὴ
360 2421 522 2484 αὐτὸς
552 2420 582 2471 ό
614 2418 786 2487 Λόγος
816 2418 898 2481 εἰς
942 2413 1114 2469 ταῦτα
1163 2412 1396 2486 τραπεὶς
1427 2412 1694 2485 νομισθῇ,

99 2513 218 2567 ἀλλ’
263 2511 432 2574 αὐτὸς
481 2509 622 2582 ἔχων
655 2507 852 2575 ταῦτα,
881 2507 976 2560 καὶ
1026 2505 1132 2578 πρὸ
1169 2505 1264 2558 τοῦ
1297 2504 1562 2573 θανάτου,
1603 2504 1700 2558 καὶ

103 2601 248 2671 μετά
281 2603 385 2673 τὴν
419 2600 717 2656 ἀνάστασιν
747 2593 886 2650 εἶναι
911 2595 1198 2666 πιστευθῇ.

1803 2337 1909 2376 non
1945 2322 2135 2386 habet,
2188 2321 2326 2376 sicut
2373 2337 2453 2376 me
2497 2321 2682 2376 videtis
2725 2322 2934 2376 habere.
2979 2321 3180 2388 Quibus
3228 2321 3386 2378 dictis

1807 2413 2041 2468 ostendit
2079 2413 2188 2468 illis
2239 2430 2427 2467 manus
2455 2422 2503 2468 et
2535 2414 2688 2482 pedes
2712 2414 2752 2467 ⁸.
2807 2413 2884 2467 Ex
2937 2429 3046 2484 quo
3078 2415 3153 2467 illi
3199 2414 3388 2468 redar-

1805 2513 2068 2577 guuntur,
2106 2506 2198 2576 qui
2245 2505 2532 2560 Dominum
2561 2507 2612 2560 in
2636 2521 2854 2562 carnem
2883 2514 2936 2561 ει
2968 2522 3094 2561 ossa
3119 2515 3386 2562 mutatum

1807 2612 1932 2652 esse
1978 2595 2249 2651 aliirmare
2297 2611 2406 2651 non
2459 2596 2730 2650 dubitant.
2774 2595 2962 2666 Neque
3017 2597 3164 2652 enim
3207 2596 3386 2653 dixit:

101 2697 675 2765 Quemadmodum'me
704 2709 922 2748 carnem
964 2701 1014 2747 et
1049 2707 1173 2747 ossa
1210 2691 1394 2747 videtis
1430 2705 1574 2754 esse,
1619 2689 1716 2748 sed
1753 2677 1984 2756 habere,
2014 2709 2083 2749 ne
2143 2692 2381 2748 fortasse
2442 2691 2677 2748 Verbum
2731 2691 2907 2762 ipsum
2959 2692 3014 2746 in
3075 2691 3388 2747 istiusmodi

101 2809 440 2852 conversum
473 2808 596 2849 esse
629 2799 933 2863 putaretur,
967 2788 1063 2844 sed
1095 2797 1155 2843 ut
1201 2803 1262 2844 ea
1314 2789 1584 2843 duntaxat
1631 2795 1688 2844 et
1747 2797 1875 2845 ante
1908 2798 2136 2846 mortem
2167 2797 2221 2845 et
2265 2799 2387 2860 post
2443 2789 2905 2844 resurrectionem
2960 2785 3221 2843 habuisse
3271 2801 3393 2842 cre-

237 2904 288 2942 r.

99 2887 230 3038 da:
275 2978 501 3034 Τούτων
533 2979 592 3033 δὲ
637 2975 811 3041 οὕτως
841 2973 1074 3048 ἐχόντων
1105 2974 1204 3047 τὴν
1251 2973 1526 3039 ἀπόδειξιν
1549 3015 1565 3040 ,
1597 2991 1698 3028 πε-

103 3074 290 3146 ριττὸν
343 3071 425 3125 ἔτι
469 3070 577 3124 τῶν
620 3069 796 3125 ἄλλων
848 3069 1117 3124 ἅπτεσθαι
1151 3067 1246 3122 καὶ
1286 3066 1584 3138 γυμνάζειν
1650 3085 1702 3120 τι

1881 2968 1949 3024 X.
2001 2967 2098 3025 His
2145 2967 2214 3023 ad
2266 2984 2390 3024 eum
2433 2967 2656 3022 modum
2707 2969 3099 3039 comprobatis,
3145 2971 3213 3028 de
3268 2973 3394 3028 aliis

1818 3059 2006 3115 dicere
2031 3073 2498 3130 supervacaneum
2524 3066 2632 3124 est,
2657 3068 2750 3112 aut
2779 3059 2988 3132 agitare
3019 3061 3352 3132 disputando
3372 3103 3391 3130 ,

101 3167 234 3239 περὶ
263 3163 481 3219 αὐτῶν·
534 3163 630 3216 τοῦ
683 3162 794 3234 γάρ
835 3161 1117 3232 σώματος,
1153 3161 1212 3214 ὲν
1257 3153 1302 3227 ᾧ
1347 3155 1416 3231 ἦν
1455 3160 1483 3212 ὁ
1513 3159 1598 3213 Λό·

1892 3167 1938 3204 ru
2007 3165 2208 3221 corpus
2278 3150 2335 3206 in
2401 3166 2510 3220 quo
2565 3149 2804 3206 Verbum
2872 3151 3070 3218 inerat,
3119 3153 3389 3208 divinitati

107 3259 182 3332 μὴ
213 3259 380 3322 ὄντος
417 3257 704 3328 όμοουσίου
755 3255 856 3326 τῆς
896 3255 1172 3326 θεότητος,
1226 3253 1340 3308 ἀλλ’
1375 3255 1442 3308 ἐκ
1483 3253 1705 3325 Μαρίας

102 3349 330 3420 ἀληθῶς
354 3347 672 3418 τεχθέντοςο
701 3347 798 3400 καὶ
840 3345 1006 3399 αὑτοῦ
1035 3345 1092 3399 δὲ
1123 3342 1220 3398 τοῦ
1259 3345 1436 3413 Λόγου
1467 3344 1542 3417 μὴ
1573 3362 1706 3416 τρα-

103 3441 307 3503 πέντος
351 3440 434 3502 εἰς
465 3437 629 3491 ὀστέα
661 3436 754 3491 καὶ
790 3435 1004 3509 σάρκα,
1036 3433 1150 3490 ἀλλ’
1185 3436 1245 3488 ὲν
1277 3435 1442 3506 σαρκὶ
1479 3434 1708 3506 γενομέ-

103 3547 218 3586 νου.
251 3531 334 3584 Τὸ
367 3523 476 3600 γὰρ
507 3527 656 3600 παρά
685 3527 764 3600 τῷ
803 3529 1021 3600 Ἰωάννῃ
1049 3527 1344 3598 λεγόμενον
1369 3566 1384 3592 ,
1425 3525 1491 3604 Ὀ
1517 3527 1709 3596 Λόγος

103 3624 268 3694 σὰρξ
301 3622 568 3692 ἐγένετο,
609 3619 815 3692 ταύτην
851 3619 961 3690 ἔχει
983 3621 1084 3692 τὴν
1109 3619 1369 3684 διάνοιαν,
1397 3617 1581 3682 καθὼς
1613 3618 1710 3671 καὶ

103 3719 170 3771 ἐκ
199 3714 304 3771 τοῦ
338 3713 528 3785 ὁμοίου
557 3713 716 3767 τοῦτο
743 3711 966 3766 δυνατὸν
997 3713 1198 3784 εὑρεῖν.
1242 3711 1562 3782 Γέγραπται
1599 3709 1709 3782 γὰρ

105 3813 164 3864 ὲν
191 3809 276 3881 τῷ
305 3808 536 3878 Παύλῳ·
568 3806 823 3876 Χριστὸς
851 3806 1004 3874 ὑπὲρ
1026 3803 1197 3874 ἡμῶν
1220 3804 1428 3876 γέγονε
1457 3803 1706 3873 κατάρα.

103 3903 220 3956 Καὶ
262 3900 464 3971 ὥσπερ
493 3899 591 3952 οὐκ
621 3897 781 3962 αὐτὸς
825 3898 1041 3968 κατάρα
1069 3895 1313 3966 γέγονεν,
1353 3895 1468 3950 ἀλλ’
1497 3895 1580 3950 ὅτι
1609 3895 1710 3967 τὴν

107 3993 252 4060 ὑπὲρ
283 3989 452 4062 ἡμῶν
485 3985 772 4052 ἀνεδέξατο
799 3987 1070 4057 κατάραν,
1102 3987 1315 4057 εἴρηται
1346 3984 1564 4055 κατάρα
1613 4000 1706 4052 γε-

107 4083 376 4149 γονέναι·
410 4077 554 4131 οὕτω
605 4077 698 4130 καὶ
745 4075 882 4147 σὰρξ
939 4075 1184 4144 ἐγένετο,
1229 4075 1290 4128 ού
1343 4074 1578 4146 τραπεὶς
1631 4075 1711 4138 είς

117 4172 297 4242 σᾶρκα
323 4213 340 4238 ,
389 4170 504 4224 ἀλλ’
553 4170 635 4236 ὅτι
683 4170 862 4240 σάρκα
917 4167 1058 4239 ὑπὲρ
1123 4165 1282 4238 ἡμῶν
1325 4165 1554 4220 ἀνέλαϐε
1617 4165 1713 4218 καὶ

107 4263 346 4333 γέγονεν
391 4261 698 4334 ἄνθρωπος.
743 4259 855 4314 Καὶ
905 4259 1014 4331 γάρ
1051 4258 1115 4311 τὺ
1165 4259 1360 4313 εἰπεῖν.
1407 4257 1470 4311 '0
1519 4257 1713 4326 Λόγος

113 4355 272 4425 σὰρξ
300 4354 565 4425 ἐγένετο,
593 4354 710 4406 ἴσον
743 4351 858 4405 ἔστι
883 4347 1046 4404 πάλιν
1080 4351 1277 4412 εἰπεῖν,
1299 4347 1708 4417 ὃτιἊνθρωπος

111 4449 334 4516 γέγονε,
377 4446 518 4499 κατά
563 4445 626 4498 τὸ
671 4442 962 4514 εἰρημένον
1014 4442 1072 4494 ἐν
1114 4439 1194 4511 τῷ
1253 4441 1443 4510 Ἰωήλ·
1488 4435 1712 4506 Ἐκχεῶ

111 4509 230 4594 ἀπό
267 4537 384 4592 τοῦ
432 4509 936 4604 πνεύματός-’μου
980 4531 1079 4585 ἐπὶ
1125 4509 1334 4586 πᾶσαν
1364 4509 1596 4598 ίσίίρκα.
1633 4527 1710 4582 Ού
1741 4509 1788 4563 Ῑ)

111 4631 222 4684 τῶν
267 4629 489 4698 ἀλόγων
535 4623 603 4698 ἦν
651 4627 684 4697 ή
735 4623 1072 4693 ἐπαγγελία,
1109 4623 1222 4676 ἀλλ’
1263 4623 1342 4686 είς
1389 4619 1712 4692 ἀνθρώπους

113 4725 292 4788 ἐστὶν,
345 4715 423 4778 ὧν
455 4721 621 4774 ἕνεκα
669 4718 764 4773 καὶ
819 4716 1104 4788 ἄνθρωπος
1144 4714 1367 4783 γέγονεν
1404 4715 1432 4766 ό
1483 4710 1708 4783 Κύριος.

115 4809 326 4863 Τούτου
377 4807 435 4860 δὲ
483 4805 576 4860 τοῦ
630 4802 796 4877 ῥητοῦ
829 4803 1034 4874 ταύτην
1065 4802 1280 4874 ἔχοντος
1309 4802 1410 4874 τὴν
1449 4801 1707 4866 διάνοιαν,

117 4901 350 4964 εἰκότως
375 4899 816 4968 καταγνώσονται
842 4897 1054 4952 ἑαυτῶν
1076 4896 1294 4958 πάντως
1314 4897 1360 4948 οἱ
1390 4895 1711 4966 νομίσαντες

119 4987 258 5048 εἶναι
293 4991 412 5064 πρὸ
439 4991 540 5061 τῆς
579 4990 800 5062 Μαρίας
833 4989 932 5061 τὴν
959 4989 1017 5056 ἐξ
1049 4989 1222 5058 αὐτῆς
1254 4987 1454 5057 σάρκα,
1489 4988 1583 5040 καὶ
1607 4985 1716 5057 πρὸ

117 5084 329 5154 ταύτης
371 5081 662 5153 ἐσχηκέναι
697 5080 876 5152 ψυχὴν
903 5078 1252 5152 ἀνθρωπίνην
1285 5077 1375 5130 τὸν
1399 5077 1592 5145 Λόγον,
1619 5076 1714 5131 καὶ

119 5177 176 5230 ἐν
209 5177 360 5248 αὐτῇ
411 5175 518 5246 πρὸ
549 5175 648 5246 τῆς
699 5173 993 5244 ἐπιδημίας
1041 5173 1130 5227 ἀεὶ
1167 5171 1517 5243 γεγενῆσθαι.
1567 5170 1717 5226 Παύ-

123 5285 310 5321 σονται
345 5266 406 5319 δὲ
439 5265 538 5320 καλ⁵
567 5267 616 5319 οἱ
643 5265 890 5327 εἰπόντες
936 5263 1010 5336 μὴ
1037 5260 1174 5318 εἶναι
1202 5261 1453 5334 δεκτικὴν
1481 5261 1714 5316 θανάτου

121 5359 218 5430 τὴν
249 5359 460 5430 σάρκα,
487 5357 622 5412 ἀλλά
649 5357 748 5428 τῆς
768 5355 1037 5410 ἀθανάτου
1075 5355 1288 5426 φύσεως
1317 5351 1457 5409 εἶναι
1489 5353 1713 5425 ταύτην.

123 5453 188 5504 Εἰ
209 5453 326 5523 γὰρ
355 5451 428 5523 μὴ
453 5451 714 5517 ἀπέθανε,
747 5449 864 5514 πῶς
893 5451 921 5502 ό
951 5448 1163 5514 Παῦλος
1195 5449 1486 5521 παρεδίδου
1521 5449 1718 5519 Κοριν-

126 5541 284 5608 θίοις,
316 5543 348 5596 ὃ
381 5544 476 5596 καὶ
517 5542 845 5615 παρέλαϐεν,
883 5543 962 5596 ὅτι
987 5540 1553 5609 Χριστὸςάπέθανεν
1567 5538 1721 5608 ὑπὲρ

127 5629 246 5688 τῶν
259 5632 566 5703 ἁμαρτιῶν
579 5631 768 5703 ἡμῶν,
789 5631 942 5687 κατά
967 5635 1072 5700 τὰς
1085 5631 1329 5702 Γραφάς
1350 5649 1365 5699 ;
1393 5632 1518 5695 Πῶς
1546 5629 1602 5684 δὲ
1627 5633 1723 5686 καὶ

1809 3243 2283 3300 consubstantiale
2326 3244 2552 3298 minime
2602 3245 2788 3309 fuerit,
2827 3245 2922 3301 sed
2954 3263 3022 3301 ex
3065 3245 3236 3302 Maria
3269 3239 3436 3303 Viru'

1808 3337 1936 3408 gine
1962 3352 2154 3392 revera
2183 3346 2397 3402 natum,
2431 3351 2666 3408 cumque
2697 3337 2948 3394 Verbum"
2971 3339 3153 3411 ipsum
3187 3357 3296 3396 non
3339 3342 3399 3398 in

1807 3443 1936 3484 ossa
1983 3443 2318 3498 carnemque
2361 3436 2632 3482 mutatum
2684 3429 2776 3493 sit,
2817 3431 2912 3486 sed
2960 3431 3015 3484 in
3046 3446 3214 3486 carne
3244 3448 3398 3489 resc—

1809 3518 1969 3576 derit.
2005 3518 2161 3586 Quod
2192 3520 2336 3574 enim
2374 3533 2404 3572 a
2443 3517 2654 3574 Joanne
2714 3520 2983 3590 scriptum
3027 3529 3132 3586 est,
3169 3521 3399 3578 Verbum

1810 3627 1933 3664 caro
1959 3611 2158 3682 factum
2179 3621 2252 3664 est
2279 3613 2322 3674 ³,
2357 3609 2504 3664 hunc
2546 3611 2714 3665 habet
2758 3627 3004 3676 sensum,
3030 3623 3090 3667 ut
3119 3629 3184 3668 ex
3230 3614 3400 3669 simili

1812 3703 2070 3773 loquendi
2115 3703 2328 3758 ratione
2375 3703 2558 3774 colligi
2595 3711 2796 3774 potest.
2839 3703 2936 3760 Est
2971 3707 3114 3762 enim
3149 3721 3178 3760 a
3227 3706 3400 3763 Paulo

1813 3796 2124 3866 scriptum:
2181 3796 2428 3852 Christus
2474 3811 2569 3866 pro
2621 3797 2771 3852 nobis
2818 3797 2993 3866 factus
3047 3809 3124 3854 est
3177 3799 3401 3854 maledi-

1813 3888 2026 3945 ctum’.
2070 3887 2141 3944 Ut
2189 3888 2358 3960 igitur
2393 3887 2740 3944 maledictqu
2783 3889 2999 3962 1004.
3035 3891 3124 3945 ille
3179 3891 3400 3962 proprie

1814 3996 1926 4036 non
1959 3979 2082 4045 fuit,
2117 3980 2214 4036 sed
2247 3981 2369 4036 ideo
2401 3980 2574 4038 fuisse
2607 3982 2833 4048 dicitur,
2866 3983 3010 4053 quod
3043 3984 3176 4038 illud
3211 3993 3400 4040 nostra

1816 4089 1984 4131 causa
2010 4074 2317 4143 susceperit
2348 4092 2359 4128 :
2393 4074 2476 4129 sic
2505 4081 2560 4129 ει
2592 4089 2720 4129 caro
2746 4074 2949 4129 factum
2979 4086 3080 4140 est,
3115 4093 3226 4132 non
3253 4078 3401 4147 quod

1816 4166 1873 4222 in
1921 4180 2143 4220 carnem
2179 4173 2574 4220 commutatum
2627 4165 2814 4231 fuerit,
2847 4167 2942 4222 sed
2978 4168 3124 4238 quod
3176 4184 3400 4224 carnem

1816 4271 1915 4327 pro
1947 4255 2108 4311 nobis
2148 4255 2535 4325 assumpserit,
2569 4265 2622 4312 et
2650 4255 2817 4310 homo
2853 4256 3032 4314 factus
3066 4257 3156 4313 sit.
3182 4260 3398 4314 Etenim

1817 4348 1923 4403 hoc
1959 4349 2159 4418 ipsum,
2211 4346 2433 4402 Verbum
2462 4363 2585 4402 caro
2625 4347 2827 4417 factum
2864 4359 2965 4414 est,
2994 4351 3244 4407 eamdem
3287 4352 3398 4407 vim

1817 4441 1982 4496 habet
2021 4456 2084 4494 ac
2137 4439 2184 4494 si
2219 4439 2516 4506 diceretur,
2567 4440 2738 4496 Homo
2791 4441 2998 4496 factum
3039 4451 3164 4508 εει,
3207 4443 3400 4513 cujus-

1821 4534 1968 4590 modi
1997 4541 2083 4590 est
2108 4533 2240 4590 illud
2275 4549 2305 4588 a
2333 4533 2486 4591 Joele
2515 4535 2722 4592 dictum
2755 4556 2766 4590 :
2794 4535 3087 4606 Effundam
3117 4536 3181 4591 de
3209 4538 3402 4607 spiritu

1819 4643 1936 4681 meo
1980 4643 2136 4696 super
2182 4643 2383 4681 omnem
2434 4643 2645 4682 carnem
2669 4626 2710 4682 ⁸.
2752 4627 2885 4694 Quae
2933 4630 3152 4700 quidem
3189 4633 3406 4687 denun-

1820 4718 1980 4772 tiatio
2039 4732 2104 4772 ac
2141 4718 2442 4788 promissio
2493 4734 2604 4774 non
2648 4719 2720 4773 ad
2749 4721 3024 4790 pecudes,
3060 4723 3156 4778 sed
3197 4724 3263 4778 ad
3309 4726 3408 4780 ho-

1822 4806 2002 4862 mines
2032 4811 2291 4877 pertinet,
2327 4823 2564 4878 quorum
2601 4809 2776 4878 gratia
2819 4808 3085 4867 Dominus
3127 4820 3214 4867 est
3241 4813 3406 4868 homo

1823 4898 2022 4956 factus.
2079 4899 2213 4966 Quae
2262 4916 2386 4956 cum
2437 4902 2508 4955 ita
2558 4901 2706 4966 sint,
2762 4917 2937 4973 eaque
2983 4905 3057 4959 sit
3107 4905 3406 4962 verborum

1825 4991 2044 5047 illorum
2085 4992 2358 5048 sententia
2393 5012 2406 5048 :
2437 4993 2522 5048 vel
2553 4995 2766 5064 seipsos
2791 4996 2919 5065 jure
2947 4998 3398 5054 condemnabunt

1824 5083 1862 5138 ii
1887 5084 1981 5154 qui
2016 5083 2188 5138 Maria
2221 5085 2460 5154 priorem
2487 5101 2612 5141 esse
2635 5101 2858 5142 carnem
2884 5089 3030 5142 illam
3060 5090 3402 5153 existimant,

1825 5191 1947 5246 quae
1986 5175 2057 5231 de
2105 5175 2276 5230 Maria
2325 5185 2547 5248 sumpta
2584 5179 2685 5244 sit,
2735 5188 2789 5234 et
2817 5189 2944 5236 ante
2977 5181 3123 5234 illam
3161 5181 3402 5237 humana

1825 5268 2116 5338 praeditum
2145 5267 2324 5322 anima
2351 5267 2522 5323 fuisse
2545 5267 2809 5336 Verbum,
2843 5285 3076 5341 eamque
3111 5280 3405 5344 antequam

1827 5357 1936 5412 huc
1986 5357 2272 5413 adveniret
2321 5357 2606 5414 habuisse.
2647 5359 2754 5415 Sed
2800 5367 2854 5416 et
2897 5361 2976 5414 illi
3020 5363 3216 5432 nugari
3264 5362 3406 5420 desi-

1823 5456 1976 5512 nent,
2009 5447 2104 5518 qui
2151 5463 2374 5503 carnem
2403 5449 2602 5506 mortis
2644 5465 2768 5506 esse
2801 5465 3058 5522 capacem
3095 5463 3318 5524 negant,
3354 5463 3408 5512 et

1827 5541 1894 5596 ad
1919 5541 2244 5598 immortalis
2263 5549 2477 5597 naturae
2495 5551 2696 5599 sortem
2721 5545 3200 5618 comlitiouemque
3227 5559 3410 5606 trans-

1829 5632 2099 5688 scribunt.
2133 5631 2266 5687 Nam
2304 5635 2351 5690 si
2399 5645 2648 5694 mortuus
2679 5653 2794 5704 non
2822 5645 2927 5707 est,
2953 5640 3231 5710 quombdo
3259 5641 3412 5718 Pau~

201 5787 222 5822 ⁸
272 5787 416 5844 Luc.
453 5805 600 5858 xxw,
638 5792 725 5857 39,
769 5791 860 5846 ω.
937 5793 956 5821 ¹
989 5789 1222 5854 Ιοειι.-ι,
1265 5790 1350 5844 Η.
1431 5792 1449 5822 ³
1493 5789 1608 5845 Gal.
1646 5805 1698 5844 Ill

847 5833 860 5845 .
937 5793 956 5821 ¹
989 5789 1222 5854 Joan.~t,
1265 5790 1350 5844 Η.
1431 5792 1449 5822 ³
1493 5789 1608 5845 Gal.
1646 5805 1728 5855 ιιι,
1759 5789 1845 5844 l3.
1922 5792 1942 5822 ⁵
1979 5789 2095 5847 Joel
2149 5809 2210 5859 ιι,
2250 5792 2343 5849 9.8.
