3838 6310
465 351 571 408 855

1886 340 1944 396 S.
1987 342 2326 400 EPIPHANII

3628 356 3727 413 656

461 458 550 526 lus
590 466 809 524 tradere
862 466 965 522 hoc
1004 463 1312 520 Corinthiis
1355 460 1555 534 potuit,
1600 460 1747 533 quod
1785 476 1845 516 se
1885 475 2033 516 acce-

2147 462 2282 527 ὅλως
2329 464 2561 537 ἀνέστη,
2600 465 2651 519 εί
2705 464 2781 538 μὴ
2831 466 3243 539 προαπέθανενς
3304 467 3634 540 Ἐρυθριῶσι
3672 472 3735 524 ὁὶ

462 563 611 634 pisse
663 559 921 615 dicebat‘
943 598 959 620 ,
987 557 1251 624 Quoniam
1285 554 1533 611 Christus
1567 564 1806 607 mortuus
1841 564 1919 607 est
1948 568 2044 622 pro

459 653 689 724 peccatis
727 652 923 706 nostris
947 690 961 712 ,
998 646 1284 704 secundum
1327 645 2043 717 Scripturas'7Rcsurgere

462 763 591 805 vero
626 746 716 817 qui
762 744 962 817 potuit,
998 744 1103 797 nisi
1155 750 1410 797 mortuus
1446 749 1605 795 antea
1666 739 1895 796 fuisset?
1930 738 2042 792 Ma-

458 842 615 895 ximo
649 852 783 894 vero
829 835 1040 906 pudore
1085 832 1495 905 perfunduntur
1524 833 1559 886 ii
1597 834 1690 902 qui
1721 833 2041 903 quaternio-

459 950 584 992 nem
622 947 722 1003 pro
753 929 1025 985 Trinitate
1054 927 1315 983 constitui
1358 941 1680 997 persuasum
1720 926 1952 1003 habent,
1995 926 2041 997 si

462 1039 667 1095 corpus
701 1038 732 1078 ο
761 1020 933 1076 Maria
978 1029 1167 1075 natum
1212 1034 1335 1075 esse
1379 1019 1614 1073 dicatur.
1647 1015 1784 1073 Nam
1832 1016 1876 1072 si
1911 1032 2042 1071 cono

464 1115 827 1174 substantiale
877 1113 1056 1168 Verbo
1108 1129 1311 1182 corpus
1362 1111 1733 1175 arbitremur,
1799 1109 2045 1165 Trinitas

460 1206 819 1264 nihilominus
878 1204 1122 1261 Trinitas
1158 1212 1475 1275 permanet,
1525 1217 1650 1256 cum
1695 1202 2044 1272 peregrinum

2150 554 2403 625 μεγάλως
2434 558 2483 609 ot
2532 556 2669 622 ὅλως
2716 558 3114 630 ἐνθυμηθέντες
3162 559 3424 614 δύνασθαι
3472 562 3594 614 ἀντὶ
3638 563 3734 632 τῆς

2145 646 2377 717 Τριὰδος
2424 649 2671 717 γίνεσθαι
2720 653 2993 724 τετράδα,
3041 655 3091 707 εἰ
3140 653 3352 722 λέγοιτο
3398 656 3467 707 ἐκ
3522 655 3735 726 Μαρίας

2144 733 2282 794 εἶναι
2323 740 2386 793 τὸ
2419 741 2597 813 σῶμα.
2638 743 2952 815 Ὀμοούσιον
2992 745 3092 815 μὲν
3118 744 3227 817 γὰρ
3271 744 3368 799 ἐὰν
3408 748 3651 818 εἴπωμεν
3673 750 3733 801 τὸ

2146 831 2305 901 σῶμα
2338 832 2417 903 τῷ
2443 834 2621 903 Λόγω,
2658 836 2809 905 μένει
2839 840 2873 908 ἡ
2906 838 3075 909 Τριάς
3106 837 3297 908 Τριάς,
3330 838 3553 901 οὐδενὸς
3586 839 3725 905 ξένου

2144 923 2605 997 ὲπεισφερομένου
2630 932 2713 992 εἰς
2736 931 2907 1001 αὐτὴν
2932 930 3025 983 τοῦ
3062 930 3235 999 Λόγου
3258 946 3272 960 °
3308 930 3403 985 ἐὰν
3442 931 3504 984 δὲ
3529 932 3727 1004 ἀνθρω-

2147 1033 2247 1071 πον
2270 1017 2511 1089 εἴπωμεν
2542 1021 2605 1073 τὸ
2626 1023 2690 1075 ὲκ
2715 1023 2933 1093 Μαρίας
2959 1022 3145 1095 σῶμα,
3163 1026 3378 1097 ἀνάγκῃ
3406 1024 3563 1089 ξένου
3592 1025 3735 1090 ὖντος

2146 1111 2265 1162 κατ’
2298 1111 2486 1164 οὐσίαν
2524 1111 2617 1165 τοῦ
2674 1112 2958 1183 σώματος,
3001 1116 3095 1169 καὶ
3137 1115 3288 1180 ὄντος
3337 1118 3399 1169 ὲν
3448 1114 3602 1186 αὑτῴ
3644 1114 3729 1167 τοῦ

2146 1201 2341 1270 Λόγου,
2375 1203 2575 1276 τετρὰς
2603 1204 2725 1277 ἀντὶ
2757 1207 2985 1278 Τριάδος
3011 1207 3220 1276 γίνεται
3248 1207 3337 1261 διὰ
3375 1206 3478 1276 τὴν
3508 1207 3603 1261 τοῦ
3635 1209 3731 1259 σῶς

458 1302 672 1357 nulium
705 1298 943 1355 Verbum
988 1299 1041 1351 in
1092 1297 1239 1350 illam
1279 1295 1590 1351 invehatur.
1632 1293 1701 1347 At
1749 1294 1792 1348 si
1846 1308 2033 1363 corpus

2152 1311 2321 1364 ματος
2353 1296 2692 1369 προσθήκην.

459 1395 593 1450 illud
619 1395 761 1450 idem
794 1409 859 1449 ex
887 1393 1063 1447 Maria
1087 1399 1274 1445 natum
1304 1390 1581 1445 hominem
1612 1403 1735 1444 esse
1760 1388 2036 1453 dicamus,
2078 1405 2307 1446 necesse
2338 1400 2446 1456 est,
2488 1410 2613 1447 cum
2677 1410 2881 1466 corpus
2948 1403 3146 1451 natura
3192 1396 3547 1467 peregrinum
3607 1395 3731 1451 alie-

457 1500 698 1557 numque
738 1484 828 1549 sit,
862 1492 921 1537 ut
948 1483 1001 1537 in
1023 1479 1666 1552 ipsoVerhuminsideat,
1697 1480 2112 1550 quaternionem
2144 1497 2242 1553 pro
2273 1481 2540 1539 Triuitate
2567 1501 2919 1558 consurgere,
2950 1502 3183 1557 corpore
3211 1488 3466 1543 videlicet
3497 1487 3726 1558 adjecto.

526 1574 617 1629 XI.
666 1572 788 1629 Haec
829 1572 906 1628 illi
939 1573 1072 1627 dum
1116 1572 1183 1627 ad
1228 1587 1352 1627 cum
1395 1570 1616 1626 modum
1653 1571 2033 1641 pronuntiant,

2216 1575 2317 1630 IA'.
2359 1574 2547 1633 Ταῦτα
2581 1577 2752 1642 οὕτως
2784 1578 3034 1649 λέγοντες
3062 1580 3122 1632 οὺ
3160 1580 3393 1643 νοοῦσιν,
3436 1580 3587 1642 ὅπως
3611 1581 3732 1633 ἑαυο

456 1684 567 1724 non
592 1665 1053 1725 animadvertunt,
1076 1670 1412 1734 quantopere
1437 1676 1621 1717 secum
1646 1662 1751 1731 ipsi
1773 1669 2033 1733 pugnent.

2144 1670 2255 1731 τοῖς
2294 1668 2706 1740 περιπίπτουσι.
2747 1670 2854 1723 Καὶ
2885 1670 2993 1741 γὰρ
3027 1670 3129 1724 κᾶν
3168 1671 3240 1742 μὴ
3278 1672 3343 1723 ἐκ
3376 1671 3603 1740 Μαρίας
3643 1670 3729 1723 λέ-

458 1760 611 1816 Licet
639 1760 783 1815 enim
838 1773 907 1813 ex
961 1756 1131 1809 Maria
1184 1754 1491 1825 profectum
1532 1769 1735 1824 corpus
1766 1769 1887 1809 esse
1928 1769 2039 1809 non

455 1854 669 1918 dicant,
708 1850 804 1907 sed
850 1846 1326 1905 consubstantiale
1360 1847 2031 1917 Verbodtintaxagnihilo-

466 1951 645 2007 minus
679 1956 887 2009 tamen,
926 1942 1075 2012 quod
1140 1954 1212 1996 ne
1243 1937 1446 1994 sentire
1471 1936 1808 2002 viderentur,
1844 1936 2020 1991 vereri

456 2050 516 2090 se
552 2034 912 2097 simulabant,
948 2034 1003 2087 in
1032 2038 1139 2086 hoc
1168 2030 1371 2102 ipsum,
1399 2045 1522 2100 qua:
1551 2039 1636 2085 est
1670 2029 1886 2084 illorum
1922 2038 2038 2084 sto—

456 2126 667 2191 liditas,
697 2127 951 2181 oratione
992 2139 1092 2180 sua
1145 2124 1325 2193 palam
1373 2123 1699 2186 incurrunt,
1732 2129 1786 2175 et
1817 2128 2038 2189 quater-

456 2220 678 2273 nionem
737 2218 889 2272 illum
942 2217 1257 2271 admittunt.
1294 2214 1508 2269 Etenim
1558 2216 1634 2268 uti
1682 2211 1888 2279 Filius,
1944 2213 2037 2284 qui

456 2312 674 2364 illorum
726 2309 1003 2365 sententia
1042 2307 1192 2363 Patri
1247 2306 1741 2362 consubstantialis
1787 2314 1892 2369 est,
1930 2306 2034 2359 mi-

455 2403 604 2456 nime
636 2402 727 2456 ille
766 2402 986 2473 quidem
1037 2400 1199 2456 Pater
1232 2409 1339 2467 est,
1374 2401 1469 2455 sed
1508 2399 1682 2456 Filius
1712 2398 1862 2454 Patri
1904 2416 2036 2454 ροη-

455 2490 846 2547 substantialis
878 2491 1188 2561 appellatur
1214 2509 1227 2545 :
1258 2490 1331 2545 ita
1358 2490 1832 2545 consubstantiale
1859 2488 2038 2543 Verbo

456 2598 661 2654 corpus
696 2599 807 2638 non
843 2583 1022 2654 ipsum
1054 2581 1294 2639 Verbum
1330 2592 1435 2645 est,
1463 2583 1559 2637 sed
1590 2582 1736 2637 aliud
1777 2582 2036 2654 quiddam

456 2691 487 2729 a
544 2674 725 2730 Verbo
769 2675 1113 2731 distinctum.
1161 2674 1371 2741 Quodsi
1440 2673 1589 2728 aliud
1640 2681 1746 2737 est,
1818 2675 2035 2728 illorum

452 2768 698 2824 Trinitas
751 2768 806 2823 in
836 2767 1252 2840 quaternioucm
1300 2766 1595 2839 redigetur.
1644 2764 1801 2822 Verre
1837 2767 2037 2838 quippe

453 2870 510 2916 ct
545 2861 731 2932 reipsa
758 2859 1015 2931 perfecta:
1044 2868 1099 2915 et
1127 2859 1379 2914 indivisa:
1412 2858 1669 2914 Trinitati
1726 2859 1873 2913 nulla
1920 2857 2037 2912 lieni

453 2961 634 3024 potest
668 2953 939 3016 accessio,
972 2951 1180 3022 1005
1210 2960 1409 3022 prmter
1436 2967 1599 3022 quam
1629 2963 1914 3021 perperam
1941 2948 2034 3005 isti

2144 1779 2284 1831 γωσι
2316 1764 2377 1817 τὸ
2409 1763 2591 1836 σῶμα,
2624 1764 2761 1819 ἀλλὰ
2798 1766 3085 1837 ὁμοούσιον
3111 1766 3244 1821 αὐτὸ
3270 1765 3348 1836 τῷ
3373 1766 3556 1836 Λόγῳ,
3585 1764 3730 1818 οὐδὲν

2142 1851 2325 1927 ἦττον,
2354 1858 2492 1929 ὅπερ
2511 1858 2886 1930 ὑπεκρίνοντο,
2932 1858 3006 1931 μὴ
3041 1860 3151 1930 ἄρα
3174 1859 3251 1922 ὡς
3281 1858 3614 1929 φρονοῦντες
3642 1874 3730 1911 vo-

2147 1947 2382 2017 μισθῶσι
2414 1947 2591 2012 τοῦτο,
2626 1948 2769 2003 κατὰ
2798 1947 2897 2019 τὴν
2928 1948 3106 2002 αὐτῶν
3139 1948 3324 2001 ἄνοιαν
3353 1947 3730 2019 δειχθήσονται

2141 2040 2387 2109 λέγοντες
2432 2041 2687 2114 τετράδα.
2743 2043 2829 2105 Ὡς
2886 2042 2997 2113 γὰρ
3056 2041 3183 2103 Υἱὸς
3237 2038 3313 2093 ὢν
3365 2040 3485 2093 κατ’
3540 2039 3732 2099 αὐτοὺς

2140 2119 2424 2199 όμοούσιος
2451 2130 2531 2201 τῷ
2576 2131 2769 2203 Πατρὶ,
2801 2132 2901 2184 οὐκ
2942 2131 3089 2184 ἔστιν
3136 2130 3295 2194 αὐτὸς
3334 2129 3559 2201 Πατὴρ,
3600 2127 3733 2181 ἀλλά

2144 2222 2271 2285 Υἱὸς
2326 2223 2465 2294 πρὸς
2513 2222 2735 2293 Πατέρα
2786 2222 3004 2292 λέγεται
3060 2223 3381 2293 όμοούσιος·
3429 2221 3611 2284 οὕτως
3674 2220 3733 2272 τὸ

2140 2311 2423 2381 όμοούσιον
2454 2312 2615 2383 σῶμα
2640 2312 2734 2366 τοῦ
2770 2313 2943 2382 Λόγου
2975 2314 3074 2367 οὐκ
3099 2314 3243 2367 ἔστιν
3271 2313 3435 2377 αὐτὸς
3477 2316 3509 2367 ὁ
3540 2313 3727 2381 Λόγος,

2142 2404 2255 2457 ἀλλ’
2290 2404 2477 2477 ἕτερον
2506 2406 2645 2477 πρὸς
2666 2406 2757 2459 τὸν
2788 2407 2981 2475 Λόγον.
3021 2406 3238 2477 Ἐτέρου
3278 2405 3335 2458 δὲ
3371 2405 3554 2469 δντος,
3585 2405 3730 2458 ἔσται

2140 2500 2261 2551 κατ’
2290 2496 2487 2561 αὐτοὺς
2520 2501 2553 2568 ἡ
2591 2499 2771 2554 αὐτῶν
2815 2499 2985 2569 Τριὰς
3014 2500 3230 2569 τετράς.
3261 2498 3335 2550 Οὐ
3371 2498 3486 2570 γὰρ
3536 2501 3572 2564 ἠ
3606 2498 3732 2567 ἀλη-

2141 2592 2260 2664 θινὴ
2290 2591 2386 2645 καὶ
2406 2591 2574 2655 ὅντως
2601 2592 2781 2645 τελεία
2811 2593 2905 2646 καὶ
2949 2592 3251 2662 ἀδιαίρετος
3298 2591 3341 2643 Τ
3346 2590 3472 2662 ριάς
3520 2588 3729 2659 δέχεται

2142 2684 2485 2757 προσθήκην,
2514 2684 2629 2738 ἀλλ’
2661 2686 2693 2755 ή
2733 2684 2881 2757 παρὰ
2914 2684 3121 2738 τούτων
3163 2683 3591 2755 ἐπινενοημένη.
3626 2683 3729 2737 Καὶ

2142 2777 2260 2842 πῶς
2291 2779 2371 2831 ἔτι
2401 2778 2720 2849 Χριστιανοὶ
2762 2778 2948 2849 ἕτερον
2987 2776 3140 2849 παρά
3167 2776 3261 2829 τὸν
3290 2776 3421 2830 ὄντα
3447 2776 3590 2829 Θεὸν
3619 2779 3730 2830 ἑπι-

2139 2869 2422 2935 νοοῦντεςς
2456 2871 2624 2924 Πάλιν
2662 2870 2771 2941 γὰρ
2797 2871 2891 2923 καὶ
2923 2872 2980 2921 ὲν
3010 2871 3182 2940 ἑτέρῳ
3213 2867 3395 2922 αὐτῶν
3429 2869 3730 2940 σοφίσματι

2138 2962 2237 3034 τὴν
2273 2963 2586 3034 ἀφροσύνην
2613 2961 2822 3027 ἔξεστιν
2849 2962 3001 3033 όρᾷν.
3030 2961 3093 3014 Εἰ
3125 2961 3183 3014 δὲ
3207 2959 3297 3013 διὰ
3350 2959 3413 3013 τὸ
3442 2956 3592 3013 εἶναι
3641 2961 3730 3014 καὶ

452 3047 752 3102 commenti
788 3055 936 3101 sunt.
961 3046 1144 3112 Quare
1172 3045 1477 3100 Christiani
1501 3060 1623 3100 esse
1649 3045 1743 3114 qui
1776 3050 2029 3112 possunt,

2142 3053 2394 3123 λέγεσθαι
2425 3056 2482 3108 ἐν
2511 3055 2630 3117 ταῖς
2675 3054 2921 3124 Γραφαῖς
2953 3054 3017 3105 ὲκ
3051 3052 3273 3124 Μαρίας
3308 3045 3448 3104 εἶναι
3506 3051 3606 3104 καὶ
3642 3054 3732 3106 ἀν.

450 3138 549 3210 qui
589 3139 821 3194 alterum
856 3137 925 3191 ab
958 3153 1044 3203 eo,
1083 3137 1175 3207 qui
1204 3152 1397 3192 revera
1430 3135 1574 3191 Deus
1603 3143 1708 3198 est,
1742 3134 1878 3190 falsa
1931 3136 2034 3189 sibi

451 3228 811 3300 persuasione
838 3228 1156 3282 finxerunt?
1192 3226 1407 3284 Rursus
1445 3228 1591 3283 enim
1617 3229 1671 3280 in
1698 3227 1867 3282 altera
1898 3243 2035 3297 qua-

451 3322 578 3375 dam
626 3324 859 3376 istorum
890 3320 1262 3384 cavillatione,
1294 3325 1498 3389 quanta
1547 3320 1617 3374 sit
1654 3334 1844 3374 eorum
1882 3321 2036 3375 stoli-

449 3414 624 3477 éitas,
655 3421 903 3484 apparet.
940 3411 1074 3466 Nam
1102 3413 1146 3467 si
1180 3427 1280 3483 pro
1305 3427 1369 3467 eo
1386 3409 1529 3481 quod
1583 3405 1790 3465 Christi
1833 3426 2036 3481 corpus

462 3525 527 3563 ex
561 3504 733 3581 Maria
788 3511 1081 3581 rnatum,ct
1125 3503 1424 3557 humanum
1465 3508 1754 3572 est,alque
1789 3505 1842 3556 in
1885 3501 2036 3556 Seri-

460 3598 640 3671 pturis
669 3580 794 3653 esse
825 3596 1051 3658 dicitur,
1082 3594 1498 3665 qualernionem
1530 3593 1738 3647 idcirco
1777 3610 1875 3663 pro
1912 3593 2034 3647 Tri-

453 3692 624 3747 nitate
658 3688 918 3743 constitui
956 3684 1169 3757 putant,
1219 3702 1285 3740 eo
1319 3685 1465 3755 quod
1495 3685 1746 3754 quaedam
1794 3684 1908 3740 ﬁeri
1955 3686 2025 3739 vi-

450 3783 650 3836 deatur
693 3779 943 3849 corporis
998 3777 1246 3833 accessio
1281 3776 1670 3833 :vehementer
1711 3784 1897 3833 errant
1938 3778 2031 3847 qui

448 3872 722 3931 conditori
772 3870 1056 3941 opiﬁcium
1115 3884 1276 3926 suum
1313 3870 1527 3938 aequale
1580 3868 1822 3933 faciunt,
1866 3877 1921 3924 ct
1964 3867 2031 3922 ad

448 3967 793 4024 divinitatem
825 3963 1089 4019 accedere
1113 3977 1277 4034 posse
1303 3961 1507 4031 aliquid
1533 3961 1905 4029 arbitrantur;
1929 3976 2031 4016 nec

447 4060 582 4116 illud
612 4058 947 4128 intelligunt,
984 4070 1093 4111 nou
1126 4054 1195 4109 ad
1224 4054 1389 4108 ullam
1436 4054 1621 4110 carnis
1656 4055 2029 4109 accessionem

445 4152 686 4210 Verbum
723 4165 943 4207 carnem
975 4164 1098 4205 esse
1132 4147 1359 4211 factum,
1389 4147 1481 4204 sed
1520 4155 1581 4201 ut
1627 4162 1756 4204 caro
1786 4148 1903 4218 ipsa
1936 4162 2020 4201 re-

445 4253 729 4317 surgeret;
752 4259 929 4315 neque
953 4240 1218 4306 Verbum,
1242 4255 1351 4311 quo
1380 4239 1449 4293 ad
1481 4240 1761 4296 meliorem
1788 4241 2028 4311 aliquam

444 4338 824 4394 conditionem
856 4334 1279 4401 transferretur,
1305 4350 1371 4387 ex
1404 4332 1576 4387 Maria
1611 4332 1905 4403 prodiisse,
1931 4332 2026 4388 sed

444 4436 507 4483 ut
546 4429 831 4483 hominum
869 4443 1044 4497 genus
1084 4427 1399 4482 redimeret.
1433 4424 1553 4479 Jam
1585 4439 1716 4479 vero
1750 4424 2026 4495 quomodo

442 4520 562 4574 fieri
604 4529 808 4591 potest,
854 4533 1056 4588 corpus
1092 4526 1151 4572 ut
1196 4518 1333 4572 illud
1364 4517 1511 4587 quod
1542 4532 1639 4588 per
1669 4514 1906 4571 Verbum
1936 4532 2025 4572 re-

443 4614 728 4681 demptum
779 4624 846 4665 ac
893 4611 1005 4663 vita
1045 4608 1315 4664 donatum
1375 4615 1501 4673 est,
1554 4609 1604 4663 ei
1641 4622 1671 4661 a
1721 4623 1831 4677 quo
1860 4607 2027 4661 vitam

443 4702 689 4774 accepit,
726 4702 896 4757 ullam
931 4701 1242 4758 divinitatis
1294 4700 1674 4756 accessionem
1720 4700 1898 4767 possit
1949 4696 2031 4751 af-

443 4797 630 4855 ferre?
674 4794 813 4851 Nam
857 4810 887 4850 e
927 4794 1211 4849 contrario
1243 4792 1521 4847 uberrima
1569 4790 1660 4845 illa
1700 4788 1921 4859 quidem
1961 4789 2030 4843 ad

444 4891 746 4947 humanum
809 4903 1014 4959 corpus
1063 4901 1130 4941 ex
1202 4883 1375 4940 divini
1424 4883 1585 4939 Verbi
1639 4881 2030 4938 communione

2140 3145 2409 3216 θρὼπινον
2455 3146 2521 3199 τὸ
2569 3146 2729 3217 σῶμα
2772 3145 2865 3199 τοῦ
2914 3146 3204 3218 Σωτῆρος,
3255 3144 3573 3216 νομίζουσιν
3614 3142 3731 3197 ἀντὶ

2140 3239 2366 3310 Τριάδος
2397 3238 2630 3310 τετράδα
2667 3239 2940 3308 λέγεσθαι,
2972 3239 3047 3303 ὼς
3077 3238 3397 3310 προσθήκης
3424 3237 3731 3308 λεγομένης

2138 3332 2199 3383 τὸ
2227 3330 2416 3401 σῶμαο
2448 3330 2582 3383 πολὺ
2619 3329 2951 3393 πλανῶνται,
2982 3329 3044 3382 τὸ
3073 3328 3284 3399 ποίημα
3315 3327 3729 3392 συνεξισοῦντες

2137 3421 2213 3493 τῷ
2243 3424 2476 3493 ποιητῇ,
2526 3422 2620 3475 καὶ
2652 3420 3008 3484 ὑπονοοῦντες
3052 3420 3310 3473 δύνασθαι
3361 3418 3462 3490 τὴν
3498 3419 3727 3491 θεότητα

2138 3513 2457 3583 προσθήκην
2501 3512 2829 3584 λαμϐάνεινο
2887 3514 2978 3567 καὶ
3019 3512 3331 3583 ἠγνόησαν,
3389 3513 3471 3564 ὃτι
3523 3513 3587 3565 οὐ
3646 3512 3725 3563 διὰ

2138 3605 2456 3676 προσθήκην
2488 3604 2740 3676 θεότητος
2774 3604 2964 3673 γέγονε
3003 3604 3141 3676 σὰρξ
3181 3606 3211 3657 ό
3254 3603 3446 3671 Λόγος,
3483 3604 3604 3657 ἀλλ’
3643 3604 3724 3655 ἵνα

2135 3700 2168 3768 ή
2201 3698 2337 3769 σάρξ
2366 3700 2573 3769 ἀναστῇ
2596 3716 2609 3728 ·
2643 3699 2751 3751 οὐδ’
2786 3700 2873 3752 ἵνα
2908 3698 3171 3769 βελτιωθῇ
3201 3699 3229 3749 ὁ
3254 3698 3423 3766 Λόγος
3454 3697 3723 3768 προῆλθεν

2134 3792 2198 3844 ἐκ
2228 3791 2469 3861 Μαρίας,
2488 3790 2601 3842 ἀλλ’
2626 3791 2714 3843 ἵνα
2737 3790 2798 3843 τὸ
2821 3789 3160 3861 ἀνθρώπινον
3179 3791 3335 3857 γένος
3356 3788 3715 3860 λυτρώσηται.

2136 3882 2260 3944 Πῶς
2293 3877 2387 3935 οὖν
2433 3874 2542 3933 οἶόν
2573 3899 2631 3935 τε
2681 3881 2743 3934 τὸ
2778 3881 2865 3934 διὰ
2910 3881 3005 3934 τοῦ
3036 3880 3209 3949 Λόγου
3256 3880 3535 3950 λυτρωθὲν
3568 3879 3719 3949 σῶμα

2134 3974 2227 4027 καὶ
2260 3972 2610 4044 ζωοποιηθὲν,
2641 3973 2954 4044 προσθήκην
2983 3974 3062 4035 εἰς
3088 3972 3315 4044 θεότητα
3346 3972 3425 4044 τῷ
3458 3972 3719 4044 ζωοποιή-

2134 4081 2286 4117 σαντι
2332 4063 2491 4135 Λόγῳ
2535 4068 2744 4130 ποιεῖν;
2797 4064 3011 4118 Μᾶλλον
3052 4064 3163 4138 γὰρ
3196 4064 3345 4135 αὐτῷ
3391 4065 3715 4135 ἀνθρωπίνῳ
3760 4092 3763 4093 ν

2132 4155 2421 4226 προσθήκη
2467 4154 2675 4226 μεγάλη
2722 4156 2945 4224 γέγονεν
2987 4158 3053 4211 ἐκ
3092 4157 3192 4227 τῆς
3239 4156 3335 4210 τοῦ
3375 4157 3557 4226 Λόγου
3588 4157 3718 4228 πρὸς

2131 4247 2264 4300 αὐτὸ
2289 4246 2574 4310 κοινωνίας
2598 4264 2659 4299 τε
2691 4248 2782 4299 καὶ
2810 4246 3073 4312 ἑνώσεως.
3107 4249 3240 4302 Ἀπὸ
3270 4247 3467 4320 θνητοῦ
3496 4249 3721 4317 γέγονεν

2134 4337 2423 4404 ἀθάνατον,
2459 4340 2553 4392 καὶ
2582 4338 2813 4410 ψυχικὸν
2844 4340 2903 4393 ὃν
2942 4342 3131 4409 γέγονε
3181 4342 3585 4410 πνευματικὸν,
3626 4341 3719 4393 καὶ

2133 4430 2197 4482 ὲκ
2246 4429 2350 4499 γῆς
2397 4430 2687 4500 γενόμενον
2741 4431 2838 4495 τὰς
2882 4433 3169 4502 οὐρανίους
3214 4432 3367 4502 διέϐη
3419 4431 3615 4494 πύλας.
3655 4432 3717 4483 'll

2137 4519 2320 4589 μέντοι
2371 4519 2571 4590 Τριάς,
2604 4522 2699 4573 καὶ
2740 4520 2996 4584 λαϐόντος
3042 4524 3106 4574 ἐκ
3148 4520 3366 4593 Μαρίας
3411 4520 3574 4591 σῶμα
3623 4519 3715 4572 τοῦ

2132 4610 2329 4679 Λόγου,
2375 4611 2542 4683 Τριάς
2572 4614 2751 4674 ἐστιν,
2799 4614 2861 4665 οὑ
2901 4612 3165 4683 δεχομένη
3206 4612 3549 4683 προσθήκην,
3594 4610 3716 4664 οὐδὲ

2133 4703 2446 4771 ἀφαίρεσιν,
2489 4703 2625 4757 ἀλλά
2655 4706 2741 4758 ἀεὶ
2774 4704 2955 4759 τελεία
3017 4706 3135 4758 ἐστὶ
3181 4706 3271 4758 καὶ
3304 4706 3362 4757 ὲν
3392 4703 3585 4775 Τριάδι
3619 4706 3718 4773 μία

2134 4791 2323 4861 θεότης
2355 4792 2712 4861 γινώσκεται·
2751 4797 2847 4849 καὶ
2880 4795 3053 4859 οὕτως
3088 4798 3144 4850 ὲν
3174 4800 3239 4868 τῇ
3279 4796 3577 4867 Ἐκκλησία
3616 4813 3715 4865 κη-

2138 4880 2389 4953 ρύττεται
2426 4880 2505 4947 εἷς
2533 4885 2662 4949 Θεὸς
2692 4889 2720 4939 ό
2745 4886 2839 4939 τοῦ
2870 4887 3046 4956 Λόγου
3076 4888 3286 4959 Πατήρ.

442 4987 945 5056 commistioneque
1000 4982 1147 5038 facta
1194 4989 1279 5037 est
1316 4980 1586 5036 accessio.
1650 4976 1935 5049 Siquidem
1987 4992 2052 5032 ex
2096 4979 2314 5033 mortali
2363 4979 2698 5046 immortale,
2740 4997 2804 5035 ex
2848 4982 3070 5036 animali
3143 4983 3391 5053 spiritale
3434 4981 3708 5036 redditum

443 5090 549 5147 est,
572 5091 737 5153 atque
764 5088 970 5136 eterra
1004 5076 1315 5149 profectum
1339 5075 1464 5130 coeli
1490 5082 1676 5144 portas
1699 5071 2031 5144 penetravit.
2071 5070 2341 5127 Caeterum
2382 5071 2624 5130 Trinitas
2687 5076 2823 5145 ipsa,
2878 5076 3133 5146 quamvis
3196 5073 3429 5130 Verbum
3471 5090 3503 5129 e
3543 5072 3710 5128 Maria

446 5187 648 5243 corpus
684 5169 974 5241 acceperit,
1009 5166 1253 5221 Trinitas
1296 5173 1400 5228 est,
1436 5164 1524 5219 cui
1559 5179 1659 5219 nec
1698 5162 1822 5217 addi
1856 5172 2035 5233 potest
2075 5162 2380 5233 quidpiam,
2415 5180 2592 5235 neque
2624 5166 2861 5233 detrahi,
2916 5167 3009 5222 sed
3048 5166 3288 5236 perfecta
3344 5181 3563 5237 semper
3624 5178 3710 5222 est

445 5274 501 5318 et
562 5263 617 5316 in
670 5259 943 5315 Trinitatc
999 5256 1306 5329 singularis
1354 5254 1615 5310 divinitas
1667 5254 2029 5325 agnoscitur;
2072 5265 2233 5325 atque
2269 5255 2345 5311 ita
2381 5256 2598 5311 demum
2633 5273 2775 5313 unus
2814 5258 2958 5314 Deus
2993 5256 3159 5314 Verbi
3186 5256 3347 5315 Pater
3412 5261 3469 5314 in
3520 5257 3707 5314 Eccle-

445 5360 526 5413 sia
570 5357 917 5429 prmdicatur.

416 5491 425 5513 ,
507 5450 623 5509 XII.
656 5450 855 5506 Eadem
896 5462 1061 5520 porro
1100 5447 1313 5502 ratione
1384 5454 1437 5501 et
1483 5457 1546 5499 os
1611 5443 1721 5498 illis
1758 5440 2017 5497 occlude-

440 5555 529 5600 tur
559 5546 650 5615 qui
673 5546 855 5600 dicere
882 5540 1176 5612 aliquando
1216 5540 1336 5595 ausi
1359 5544 1507 5597 sunt,
1536 5550 1661 5590 eum
1689 5534 1783 5605 qui
1811 5548 1876 5588 ex
1908 5531 2020 5587 Ma-

438 5639 520 5693 ria
566 5637 855 5706 processit,
890 5649 998 5689 non
1048 5636 1223 5703 ipsum
1253 5646 1372 5688 esse
1415 5627 1697 5684 Christum
1731 5641 1795 5682 ac
1833 5624 2021 5679 Domi-

521 5794 540 5828 ¹
572 5792 747 5852 ιίῖοτ.
779 5808 868 5858 xv,
902 5792 955 5848 ὅ.
1031 5790 1211 5845 ‘ibid.

2200 5440 2299 5494 IB'.
2344 5440 2437 5492 Ἐκ
2474 5440 2531 5493 δὲ
2564 5440 2755 5493 τούτου
2788 5441 3125 5511 σιωπήσουσι
3154 5440 3339 5495 λοιπὸν
3377 5441 3472 5494 καὶ
3494 5442 3546 5493 ot
3580 5442 3705 5494 ποτὲ

2128 5533 2374 5596 εἰπόντες
2403 5533 2494 5587 τὸν
2531 5535 2597 5586 ὲκ
2639 5533 2857 5601 Μαρίας
2896 5535 3224 5606 προελθόντα
3257 5534 3331 5607 μὴ
3378 5530 3516 5588 εἶναι
3550 5534 3705 5589 αὐτὸν

2128 5621 2230 5678 τὸν
2252 5623 2482 5696 Χριστὸν
2520 5623 2611 5679 καὶ
2643 5624 2847 5696 Κύριον
2885 5626 2979 5680 καὶ
3019 5625 3173 5681 Θεόν.
3234 5627 3297 5681 Εἰ
3331 5627 3440 5699 γὰρ
3476 5627 3552 5701 μὴ
3579 5627 3703 5689 Θεὸς
