3790 6212
121 253 224 310 657

658 257 1030 318 ADVERSUS
1067 261 1414 344 HEBESES
1449 262 1578 322 LIB.
1619 261 1708 320 lll.
1749 248 1925 320 ΤΟΜ.
1955 261 2020 320 ll.
2059 289 2131 304 --
2171 259 2444 317 HERES.
2487 255 2744 314 LXXVII.

3281 259 3384 317 658

120 365 186 440 ἦν
213 371 274 423 ἐν
297 368 376 442 τῷ
403 371 636 442 σώματι,
669 375 786 440 πῶς
830 378 992 443 εὐθὺς
1029 380 1305 452 προελθὼν
1337 383 1444 438 ἀπὸ
1481 385 1612 456 Μαρ

1886 399 1936 438 m
1965 390 2020 438 et
2047 380 2238 438 Deum.
2273 377 2390 437 Nisi
2425 379 2570 435 enim
2611 379 2663 432 in
2709 391 2938 449 corpore
2967 375 3110 433 Deus
3141 379 3383 436 exstitis-

119 459 324 531 ἐκλήθη
357 461 726 536 Ἐμμανουὴλ,
763 467 792 519 ὅ
821 467 935 522 ἐστι
971 471 1527 546 μεθερμηνευόμενον,
1558 480 1695 532 Μεθ’

121 550 292 642 ἡμῶν
322 556 371 642 ό.
394 555 578 622 Θεός;
603 556 728 621 Πῶς
757 557 814 611 δὲ
843 560 938 612 καὶ
967 561 1197 628 Παῦλος,
1219 565 1266 618 εί
1291 565 1365 638 μὴ
1396 569 1608 638 ὀΛόγος
1629 566 1697 642 ἦν

117 641 176 692 ἐν
221 640 404 710 σαρκὶ,
452 642 744 714 Ῥωμαίοις
786 647 1060 719 ἔγραφεν,
1109 653 1210 719 Ἐξ
1247 651 1336 710 ὧν
1382 659 1413 712 ὁ
1445 640 1699 729 Χριστός

113 733 182 825 τό
221 733 374 787 κατὰ
403 733 620 803 σάρκα,
653 740 690 791 Δ
720 738 806 793 ὢν
834 741 934 796 ἐπὶ
981 743 1224 800 πάντων
1252 750 1395 817 Θεὸς
1443 755 1698 825 εὐλογη-

113 824 222 891 τὸς
253 828 334 890 εὶς
355 828 498 894 τοὺς
537 828 778 898 αἰῶνας.
825 835 1052 906 Ἀμήν;
1085 841 1292 895 Οὐκοῦν
1337 824 1698 916 όμολογείτω-

117 932 218 1008 σαν
251 919 301 970 oi
334 920 598 992 πρότερον
627 924 948 998 ἀρνούμενοι
991 930 1080 984 τὸν
1113 934 1530 1008 ἐσταυρωμένον
1559 937 1698 996 εἶναι

109 1006 248 1104 Θέον
263 1011 544 1104 ἐσφάλθαι,
560 1015 868 1075 πειθόμενοι
891 1022 1090 1087 πάσαις
1108 1028 1228 1089 ταῖς
1247 1006 1416 1094 θείαις
1435 1032 1696 1104 Γραφαῖς,

111 1100 354 1194 μαλιστα
381 1103 438 1156 δὲ
459 1104 538 1175 τῷ
560 1103 750 1180 Θωμᾷ,
783 1109 842 1172 ὃς
873 1113 1012 1181 μετὰ
1063 1115 1125 1168 τὸ
1159 1117 1284 1172 ἰδεῖν
1310 1121 1367 1174 ἐν
1395 1100 1544 1194 αὐτῴ
1563 1100 1700 1191 τοὺς

107 1191 224 1246 τῶν
249 1193 392 1265 ἥλων
421 1195 623 1263 τύπους
676 1201 996 1276 ἀνεϐόησεν·
1037 1207 1098 1260 '0
1125 1212 1341 1279 Κύριός
1375 1231 1495 1283 μου
1516 1191 1622 1272 ’καὶ
1668 1224 1700 1276 ὁ

107 1285 262 1377 θεός
276 1303 416 1355 μου.
448 1287 582 1350 Θεὸς
605 1291 712 1362 γὰρ
743 1296 836 1347 καὶ
878 1296 1082 1368 Κύριος
1110 1300 1212 1371 τῆς
1253 1303 1412 1377 δόξης
1443 1305 1538 1372 ῶν,
1574 1310 1698 1375 Υἱὸς

225 1377 288 1428 ἐν
346 1377 441 1474 τί)Δ
473 1379 675 1474 ἀδόξως
729 1366 1122 1462 καθηλουμένῳ
1167 1366 1266 1448 παὶ
1315 1366 1700 1474 ἀτίμαζομένιρ

105 1463 350 1536 σώματι.
383 1471 458 1524 Τὸ
492 1473 550 1526 δὲ
583 1475 744 1546 σῶμα
771 1477 977 1552 ἔπασχε
1015 1482 1114 1552 μὲν
1158 1463 1480 1560 νυττόμενον
1529 1463 1586 1548 ἐν
1622 1463 1699 1566 τῶ

101 1559 276 1658 ξόλῳ,
309 1565 406 1618 καὶ
436 1566 624 1639 ἔρρεεν
653 1571 762 1625 ἀπὸ
799 1574 899 1646 τῆς
935 1577 1124 1632 τούτου
1155 1581 1394 1655 πλευρᾶς
1439 1583 1577 1658 αἷμα
1609 1559 1702 1644 κοὶι

103 1652 294 1754 ῗδωεὶο
505 1661 562 1714 δὲ
600 1663 694 1716 τοῦ
739 1665 916 1735 Λόγου
955 1671 1220 1742 τυγχάνον
1268 1652 1697 1754 πεπληρωμένος

101 1739 172 1847 ἦν
209 1747 312 1847 τῇς
341 1748 610 1847 θεότητος.
627 1754 742 1847 ῨΛιά
761 1757 922 1847 τοῦτο
952 1739 1122 1830 ἦλίος,
1149 1766 1292 1837 ὁρῶν
1315 1767 1406 1823 τὸν
1429 1739 1694 1847 μὶουρΣ

103 1839 200 1934 γον
235 1840 432 1934 ἑαυτοῦ
477 1845 536 1897 ἐν
581 1845 660 1917 τῷ
707 1845 1052 1924 ὑϐριζομένῳ
1092 1854 1302 1928 σώματι
1349 1839 1694 1934 ἀνεχόμενον,

99 1929 224 2027 τάς-
253 1932 480 2027 ἀσιτῖνας
533 1935 838 2027 συνέστειλε
897 1943 990 1996 καὶ
1035 1946 1297 2002 ἐσκότασε
1335 1951 1352 1981 ί
1418 1929 1526 2025 τῆκί
1561 1929 1693 2027 γῆνλ

99 2021 240 2074 αὐτὸ
283 2023 344 2076 δὲ
383 2024 541 2096 σῶμα
576 2026 738 2096 φύσιν
787 2029 910 2101 ἔχον
954 2031 1154 2106 θνητὴν
1199 2037 1338 2109 ὑπὲρ
1370 2021 1694 2112 τὴν-ἐαυτοῦ

99 2116 292 2186 φύσιν,
321 2121 520 2195 ἀνέστη
546 2123 636 2177 διὰ
664 2125 755 2180 τὸν
790 2128 848 2182 ἐν
875 2129 1025 2201 αὐτῷ
1053 2131 1244 2201 Λόγον,
1291 2136 1385 2189 καὶ
1419 2137 1695 2196 πέπαυται

103 2211 206 2282 μὲν
251 2213 355 2284 τῆς
389 2215 532 2270 κατά
557 2217 718 2285 φύσιν
743 2219 948 2292 φθορᾶς
977 2224 1018 2289 ¹,
1055 2223 1259 2296 ἔνδυμα
1297 2227 1354 2280 δέ
1383 2229 1572 2298 γέγονε
1601 2232 1694 2286 τοῦ

101 2302 283 2371 Λόγου
303 2321 318 2334 ·
353 2305 714 2378 ἐνδυσάμενοι)
745 2310 804 2363 δὲ
846 2311 939 2365 τὸν
979 2313 1121 2386 ὑπὲρ
1169 2315 1454 2388 ἄνθρωπον
1483 2321 1692 2390 Λόγον,

98 2395 332 2465 γέγονεν
365 2396 658 2469 ἄφθαρτον.
693 2402 827 2474 Περὶ
873 2403 930 2457 δὲ
986 2406 1081 2458 τοῦ
1135 2409 1500 2478 φαντάζεσθαι
1545 2431 1696 2480 τινας

99 2489 196 2542 καὶ
241 2487 447 2557 λέγειν,
483 2491 585 2556 ὅτι,
631 2492 821 2566 ὥσπερ
861 2496 946 2565 ἐφ’
990 2497 1221 2554 ἕκαστον
1267 2501 1374 2555 τῶν
1401 2507 1695 2578 προφητῶν

99 2579 326 2648 ἐγένετο
353 2581 544 2650 Λόγος,
571 2582 716 2638 οὕτω
747 2586 841 2640 καὶ
871 2586 964 2640 ἐπὶ
997 2586 1096 2641 ἕνα
1145 2591 1268 2644 τινὰ
1309 2590 1592 2665 ἄνθρωπον
1631 2598 1696 2651 ἐκ

101 2670 329 2742 Μαρίας
357 2667 517 2743 ἦλθεν
543 2677 574 2728 ό
597 2675 791 2746 Λόγος,
817 2680 1074 2750 περιττόν
1099 2681 1217 2735 ἐστι
1245 2685 1564 2755 γυμνάζειν,
1593 2707 1696 2760 φα·

99 2763 264 2835 νερὰν
312 2763 549 2840 ἐχούσης
588 2770 688 2839 τῆς
739 2769 927 2834 ἀνοίας
969 2772 1150 2829 αὐτῶν
1183 2774 1283 2845 τὴν
1332 2779 1692 2848 κατάγνωσιν.

101 2853 166 2910 El
201 2857 318 2928 γὰρ
347 2856 522 2924 οὕτως
559 2856 712 2932 ἦλθε,
741 2861 831 2916 διὰ
871 2863 924 2918 τί
955 2859 1112 2930 οὗτος
1166 2868 1230 2920 ἐκ
1283 2870 1555 2942 παρθένου
1601 2877 1695 2930 καὶ

105 2947 179 3019 μὴ
207 2948 310 3002 καὶ
343 2950 506 3015 αὐτὸς
531 2951 592 3016 ἐξ
619 2953 808 3027 ἀνδρὸς
833 2955 926 3010 καὶ
957 2959 1246 3026 γυναικός;
1279 2960 1437 3016 Οὕτω
1465 2964 1573 3038 γὰρ
1601 2969 1696 3022 καὶ

1800 487 1902 540 set,
1937 491 2038 531 cur
2067 476 2253 532 statim
2305 483 2467 544 atque
2517 471 2584 527 de
2630 469 2802 525 Maria
2845 470 3382 542 proccssit,Emma-

1799 569 1926 622 nuel
1951 577 2175 624 vocatus
2211 574 2315 629 est,
2343 563 2489 636 quod
2510 571 2590 620 est
2627 564 3066 634 interpretatum,
3095 560 3383 618 Nobiscum

1798 656 1939 713 Deus
1960 658 2016 712 "1
2047 658 2246 714 Paulus
2273 671 2420 720 vero,
2449 654 2557 710 nisi
2574 652 2810 709 Verbum
2844 653 2897 708 in
2927 667 3092 707 carne
3121 651 3280 717 foret,
3315 653 3380 708 ad

1799 749 2074 807 Romanos
2107 749 2348 805 scribere
2380 749 2484 804 ista
2507 746 2598 817 qui
2627 747 2838 818 potuit,
2883 743 2966 798 Er-
3005 744 3193 815 quibus
3228 743 3375 800 Chri-

1799 849 1912 896 stus
1946 851 2023 896 est
2039 841 2321 896 secundum
2352 857 2586 905 carnem,
2623 839 2712 910 qui
2745 847 2822 892 est
2847 852 3000 906 super
3034 837 3211 892 omnia
3243 837 3382 892 Dea:

1801 934 2096 988 benedictus
2154 935 2208 988 in
2265 933 2482 988 satcula.
2547 933 2709 986 Amen
2750 931 2811 985 δῖ)
2872 929 3234 998 Quamobrem
3288 931 3382 1000 qui.

1801 1033 1959 1080 antea
1983 1035 2318 1095 negaverunt
2337 1040 2462 1080 eum
2483 1025 2574 1094 qui
2597 1024 2895 1098 crucifixus
2920 1031 3026 1088 est,
3048 1037 3172 1078 esse
3190 1021 3383 1089 Deum,

1800 1131 2042 1172 errorem
2067 1131 2228 1172 suum
2278 1126 2573 1192 agnoscant
2616 1130 2678 1170 ac
2725 1115 2925 1170 divinis
2980 1113 3239 1169 omnibus
3271 1111 3384 1167 Lit-

1802 1209 1934 1264 teris
1981 1209 2138 1262 lidem
2185 1208 2501 1270 adhibeant,
2543 1207 2638 1262 sed
2671 1206 2894 1261 Thomae
2932 1205 3254 1275 praesertim,
3288 1205 3382 1275 qui

1801 1317 1926 1357 cum
1963 1302 2018 1356 in
2047 1300 2265 1356 Christo
2290 1300 2567 1354 clavorum
2601 1299 2831 1370 vestigia
2871 1297 3384 1354 vidissetexclama—

1801 1393 1926 1448 vit:
1965 1392 2222 1446 Dominus
2275 1407 2419 1445 meus
2473 1399 2523 1444 et
2576 1389 2714 1444 Deus
2763 1405 2907 1443 meus
2939 1394 2980 1444 ⁸.
3021 1387 3192 1445 Filius
3236 1387 3381 1444 enim

1803 1485 2054 1556 idemque
2089 1483 2235 1539 Deus
2290 1499 2354 1537 ac
2387 1483 2573 1555 gloriae
2625 1480 2892 1536 Dominus
2930 1481 2984 1536 in
3024 1498 3090 1537 eo
3133 1497 3379 1552 corpore,

1801 1577 1945 1650 quod
1975 1593 2071 1648 per
2103 1591 2372 1633 summam
2412 1575 2767 1647 ignominiam
2799 1575 2969 1631 clavis
3014 1574 3289 1630 confixum
3320 1589 3386 1630 ac

1795 1665 2222 1724 dehonestatum
2271 1665 2491 1732 fuerat,
2552 1666 2778 1720 omnino
2829 1666 3120 1721 residebat.
3167 1665 3384 1737 Corpus

1803 1761 2015 1830 1006
2045 1759 2220 1830 ipsum
2253 1773 2380 1814 vero
2421 1759 2476 1813 in
2501 1773 2666 1814 cruce
2707 1758 3037 1828 perforatum
3075 1758 3262 1829 utique
3289 1773 3393 1828 pa-

1799 1853 2059 1917 tiehatur,
2101 1859 2155 1908 et
2183 1867 2247 1906 ex
2278 1852 2398 1922 ejus
2449 1851 2620 1906 latere
2667 1851 2891 1921 sanguis
2936 1866 3060 1905 cum
3102 1865 3240 1922 aqua
3280 1851 3386 1906 dif-

1797 1940 2038 1996 fluebat:
2069 1955 2258 1996 verum
2312 1954 2436 1994 cum
2485 1941 2654 1994 divini
2690 1937 2849 1993 Verbi
2898 1941 3157 2011 templum
3212 1947 3381 2003 esset.

1797 2040 1914 2089 erat
1955 2033 2239 2088 divinitate
2281 2031 2680 2101 plenissimum.
2710 2029 2882 2098 Quam
2928 2034 2996 2085 ob
3035 2046 3256 2086 causam
3301 2031 3382 2086 sol

1797 2126 1934 2196 ipse,
1976 2141 2102 2179 cum
2148 2133 2426 2179 auctorem
2475 2139 2633 2179 suum
2690 2132 2798 2177 tam
2841 2136 3036 2194 graves
3079 2121 3134 2177 in
3181 2123 3383 2178 misero

1796 2234 2026 2290 corpore
2076 2219 2436 2274 contumelias
2477 2219 2798 2273 tolerantem
2838 2217 3064 2282 videret,
3113 2216 3279 2272 radiis
3319 2232 3382 2272 ac

1777 2311 1918 2367 \luce
1972 2325 2297 2382 suppressa,
2342 2320 2543 2366 terram
2593 2310 2832 2392 tenebris
2885 2309 3146 2377 obduxit;
3182 2325 3381 2380 corpus

1798 2413 1979 2460 autem
2011 2405 2226 2459 mortali
2253 2411 2448 2459 natura
2482 2402 2768 2472 praeditum
2809 2417 2972 2472 supra
3014 2407 3225 2457 natum
3269 2417 3382 2457 suae

1797 2496 2166 2552 conditionem
2203 2502 2424 2566 propter
2449 2491 2710 2558 Verbum,
2737 2494 2882 2564 quod
2927 2495 2980 2547 in
3027 2493 3146 2563 ipso
3172 2502 3308 2556 erat,
3350 2509 3380 2546 a

1798 2591 2030 2648 mortuis
2059 2591 2354 2645 excitatum
2378 2595 2483 2654 est,
2507 2595 2561 2644 et
2603 2602 2634 2642 a
2675 2587 2912 2642 naturali
2937 2585 3292 2658 corruptione
3319 2587 3384 2641 li-

1796 2680 2069 2744 beratum,
2105 2678 2268 2736 Verbi
2309 2679 2580 2749 quoddam
2615 2678 2762 2733 velut
2795 2675 3174 2732 indumentum
3189 2685 3274 2732 est
3303 2676 3387 2733 fa-

1797 2779 1942 2827 ctum
1971 2788 1986 2836 ;
2017 2777 2252 2849 cumque
2285 2769 2484 2834 Verbo,
2520 2770 2662 2840 quod
2700 2771 2990 2824 humanam
3015 2770 3380 2825 conditionem

1797 2873 2038 2935 superat,
2091 2865 2240 2919 velut
2285 2864 2483 2918 amictu
2543 2863 2777 2934 quodam
2838 2861 3158 2918 obvolutum
3213 2870 3380 2927 esset,

1797 2958 2167 3028 corruptionis
2200 2967 2282 3012 est
2301 2971 2495 3027 expers
2534 2956 2802 3040 redditum
2825 2955 2866 3006 ⁸.
2896 2954 3052 3022 Quod
3089 2960 3269 3010 autem
3313 2955 3383 3010 ad

99 3040 338 3105 ἕκαστος
370 3043 477 3096 τῶν
513 3045 683 3113 ἀγίων
719 3047 1006 3120 ἐγεννήθη.
1043 3051 1113 3105 Ἦ
1148 3052 1235 3106 διὰ
1276 3053 1348 3120 τί,
1395 3055 1568 3122 οὕτως

1882 3048 2186 3102 nnutllorum
2229 3047 2422 3102 inanes
2461 3062 2632 3117 nugas
2680 3055 2734 3101 et
2776 3053 3086 3101 commenta
3125 3045 3379 3116 pertinet,

57 3133 60 3136 “
99 3131 288 3197 θόντος
327 3134 422 3188 τοῦ
477 3137 672 3206 Λόγου,
712 3140 810 3210 οὐκ
856 3143 886 3194 ό
939 3141 1171 3196 ἑκάστου
1217 3145 1446 3214 θάνατος
1479 3150 1697 3218 λέγεται

101 3223 240 3296 ὑπὲρ
267 3227 434 3296 ήμῶν
465 3229 814 3299 γεγενῆσθαι,
845 3231 959 3286 ἀλλ’
993 3236 1022 3287 ὁ
1061 3236 1248 3290 τούτου
1285 3239 1482 3310 μόνοςς
1519 3241 1620 3296 Διὰ
1645 3242 1698 3297 τί

97 3316 152 3370 δὲ
177 3317 308 3370 καθ’
337 3318 567 3373 ἕκαστον
594 3321 702 3374 τῶν
733 3323 1028 3394 προφητῶν
1061 3327 1454 3398 ἐπιδημοῦντος
1478 3331 1572 3386 τοῦ
1603 3335 1698 3387 Λό-

100 3426 219 3478 γου,
247 3409 594 3479 λέγεται,ἐπὶ
627 3413 788 3483 μόνου
818 3413 914 3468 τοῦ
947 3417 1009 3469 ἐκ
1039 3418 1279 3490 Μαρίας,
1308 3421 1384 3484 ὡς
1415 3421 1562 3488 ἅπαξ
1604 3425 1695 3478 ἐπὶ

99 3503 388 3574 συντελείᾳ
438 3503 547 3558 τῶν
607 3505 818 3560 αἰώνων
873 3507 1344 3581 ἐπιδημήσαντος;
1387 3515 1458 3569 Ἦ
1507 3515 1594 3570 διὰ
1619 3519 1694 3581 τί,

95 3594 272 3658 οὕτως
303 3594 554 3660 ἐλθόντος
581 3597 779 3662 αὑτοῦ,
823 3599 900 3663 ὼς
939 3595 1102 3672 ἦλθεν
1149 3606 1206 3656 ἐν
1236 3607 1349 3670 τοῖς
1387 3607 1696 3680 ἔμπροσθεν

99 3687 302 3755 ἁγίοις,
339 3689 390 3740 οἱ
429 3687 530 3758 μὲν
565 3688 714 3743 ἄλλοι
765 3691 962 3755 πάντες
1013 3693 1376 3761 ἀποθανόντες
1422 3698 1576 3754 οὔπω
1605 3703 1700 3758 ἀν-

97 3769 364 3841 έστησαν,
409 3773 439 3824 ό
479 3771 538 3824 δέ
581 3773 644 3826 ἐκ
672 3774 889 3845 Μαρίας
933 3776 1092 3847 μόνος
1138 3780 1363 3852 ἀνέστη;
1387 3784 1458 3838 Ἢ
1493 3785 1582 3839 διὰ
1619 3787 1694 3852 τί,

97 3864 302 3933 ὁμοίως
331 3866 447 3928 τοῖς
473 3864 654 3928 ἄλλοις
675 3865 920 3932 ἐλθόντος
953 3869 1045 3922 τοῦ
1073 3871 1269 3940 Λόγου,
1294 3873 1508 3944 λέγεται
1537 3878 1696 3950 μόνος

95 3955 122 4006 ὁ
139 3956 204 4009 ἐκ
220 3956 454 4027 Μαρίας
480 3957 533 4012 Ἐ
541 3958 843 4030 μμανουὴλ,
869 3960 946 4025 ὡς
973 3961 1224 4034 σώματος
1263 3967 1694 4041 πεπληρωμένου

95 4048 360 4120 Θεότητος
398 4050 492 4102 καὶ
539 4049 820 4120 τεχθέντος
861 4053 922 4117 ἐξ
975 4054 1178 4126 αὐτῆς
1222 4057 1294 4111 Τὸ
1337 4060 1446 4131 γὰρ
1487 4063 1698 4136 Ἐμμα-

97 4140 258 4212 voqu
310 4139 696 4212 ἑρμηνεύεται,
731 4143 870 4198 Μεθ’
894 4145 1064 4214 ἡμῶν
1095 4150 1128 4202 ό
1177 4150 1336 4216 Θεός.
1373 4153 1442 4206 Ἦ
1487 4154 1575 4210 διὰ
1620 4157 1694 4222 τι,

1801 3141 1894 3212 qui
1927 3149 1986 3195 ut
2016 3141 2070 3194 in
2103 3141 2346 3210 reliquos
2376 3139 2668 3210 prophetas
2691 3153 2903 3204 omnes,
2940 3138 3014 3192 ita
3044 3145 3096 3193 et
3123 3138 3176 3192 in
3213 3153 3380 3194 unum

1800 3235 1951 3289 illum
2000 3249 2031 3289 e
2073 3232 2242 3287 Maria
2291 3240 2480 3287 natum
2529 3231 2802 3286 hominem
2852 3230 3096 3285 divinum
3145 3227 3382 3285 Verbum

1800 3326 2052 3396 illapsum
2090 3339 2212 3380 esse
2241 3323 2483 3380 sentiunt
2513 3340 2525 3376 :
2555 3322 2800 3392 pluribus
2840 3335 2904 3377 ea
2930 3320 2996 3375 de
3023 3335 3080 3375 re
3105 3320 3385 3390 disputare

1799 3429 2260 3486 supervacaneum
2291 3421 2412 3482 est,
2450 3413 2644 3468 horum
2683 3412 2879 3484 quippe
2909 3411 3073 3466 stulta
3111 3416 3165 3468 et
3201 3411 3384 3480 inepta

1799 3507 2082 3579 persuasio
2102 3505 2387 3563 manifeste
2407 3523 2470 3561 ac
2487 3506 2604 3561 sine
2634 3505 2746 3560 ullo
2775 3504 2992 3576 negotio
3014 3503 3381 3558 convincitur.

1799 3599 1934 3656 Nam
1966 3599 2011 3655 si
2043 3598 2111 3654 ad
2141 3615 2267 3654 eum
2303 3597 2523 3652 modum
2555 3598 2646 3652 ille
2669 3595 2970 3660 descendit,
2996 3609 3096 3650 cur
3117 3610 3148 3651 e
3175 3594 3384 3666 virgine

1800 3698 1984 3754 natus,
2009 3705 2118 3746 non
2149 3707 2213 3745 ex
2249 3691 2368 3744 viro
2399 3689 2710 3760 feminaque
2747 3695 3036 3760 susceptus
3063 3693 3168 3752 est,
3192 3702 3384 3757 quem-

1801 3784 2091 3840 admodum
2103 3781 2286 3840 sancti
2309 3796 2501 3838 omnes
2530 3781 2584 3836 in
2612 3781 2788 3837 lucem
2809 3781 2940 3838 editi
2971 3779 3227 3836 fuerunt?
3250 3779 3381 3840 Cur.

1801 3894 1924 3935 cum
1975 3876 2050 3932 ita
2077 3874 2314 3932 Verbum
2361 3877 2615 3946 illapsum
2665 3875 2759 3940 sit,
2808 3889 2919 3929 non
2949 3873 3114 3929 etiam
3157 3881 3384 3929 caetero-

1799 3985 1920 4024 rum
1956 3965 2392 4036 uniuscujusque
2431 3979 2578 4019 mors
2623 3974 2814 4019 nostra
2847 3977 3013 4018 causa
3047 3963 3273 4017 tolerata
3299 3961 3385 4015 di-

1800 4062 1965 4125 citur,
1999 4060 2094 4115 sed
2123 4059 2283 4128 hujus
2307 4058 2570 4112 duntaxat
2597 4051 2810 4110 unius?
2852 4055 2986 4121 Cur,
3020 4069 3145 4108 cum
3175 4053 3230 4108 in
3271 4054 3385 4107 sin-

1799 4153 1956 4224 gulos
1991 4155 2284 4223 prophetas
2334 4147 2578 4202 divinum
2617 4163 2676 4203 se
2715 4145 2954 4203 Verbum
3000 4145 3382 4207 insinuaverit.

101 4233 258 4304 εἴπερ
289 4231 469 4296 οὕτως
491 4229 676 4304 ἦλθεν,
710 4235 981 4302 ἐσθίοντος
1011 4239 1242 4294 ἐκάστου
1268 4242 1376 4296 τῶν
1411 4245 1582 4314 ἁγίων

1889 4259 1955 4298 eo
1994 4243 2130 4306 solo,
2167 4240 2258 4310 qui
2298 4255 2329 4296 e
2374 4238 2543 4294 Maria
2591 4245 2754 4294 natus
2779 4245 2884 4304 est,
2929 4239 2987 4292 in
3031 4251 3384 4293 consumma-

99 4324 352 4388 πίνοντος
409 4327 502 4379 καὶ
541 4326 842 4393 κοπιῶν-τος
893 4331 984 4384 καὶ
1019 4331 1474 4405 ἀποθνήσκοντος,
1509 4338 1570 4392 οὐ

1883 4351 1948 4392 ne
1988 4335 2312 4392 saeculorum
2363 4331 2530 4387 semel
2585 4331 2871 4386 advenisse
2924 4329 3204 4386 dicitur"?
3248 4329 3380 4394 Cur,

101 4432 256 4484 τεται
289 4417 560 4482 ὡσαύτως
616 4420 814 4474 ἐσθίων
867 4424 962 4476 καὶ
1005 4425 1213 4479 κοπιῶν
1257 4427 1348 4481 καὶ
1386 4431 1598 4485 ἀποθανη

1887 4445 1926 4482 :n
1950 4428 2142 4482 eodem
2173 4427 2335 4481 modo
2362 4441 2419 4480 se
2445 4425 2500 4479 in
2529 4424 2678 4479 illum
2703 4423 2986 4490 infuderit,
3019 4437 3128 4494 quo
3157 4423 3212 4476 in
3236 4423 3384 4492 prio-

101 4507 212 4562 ἀλλ’
251 4509 352 4562 ἐπὶ
379 4509 540 4579 μόνου
568 4509 662 4564 τοῦ
692 4513 758 4566 ἐκ
783 4513 1037 4587 Μαρίαςς
1061 4517 1127 4568 Ἀ
1161 4515 1270 4589 γὰρ
1303 4518 1508 4592 ἔπασχε
1539 4539 1598 4574 το

1884 4539 1892 4576 ι
1923 4535 2114 4575 omnes
2141 4525 2362 4574 sanctos
2389 4515 2768 4583 descenderat,
2800 4507 2996 4586 reliqui
3020 4530 3211 4570 omnes
3240 4529 3381 4570 non-

101 4599 158 4651 τὸ
183 4599 376 4670 σῶμα,
400 4601 572 4656 ταῦτα
613 4603 690 4667 ὡς
737 4605 904 4659 αὑτοῦ
949 4607 1249 4678 πάσχοντος
1307 4611 1534 4682 εἴρηται.
1583 4615 1598 4666 l

1884 4625 1930 4664 m
1961 4617 2085 4680 post
2117 4617 2343 4662 mortem
2374 4613 2759 4674 surrexerunt;
2791 4605 2942 4662 solus
2992 4603 3080 4661 ille
3121 4619 3250 4660 vero
3289 4603 3381 4674 qui

101 4689 204 4745 τῶν
243 4692 430 4746 ἄλλων
459 4693 516 4747 δέ
553 4695 771 4750 πάντων
807 4697 1112 4768 λεγομένων
1145 4687 1430 4776 μόνονςκὸτι
1471 4705 1598 4776 ὲτέχ

1884 4699 2026 4755 laria
2057 4699 2272 4771 genitus
2303 4706 2406 4764 est,
2443 4697 2600 4752 tertia
2632 4695 2721 4751 die
2765 4695 3041 4752 surrexit?
3077 4693 3209 4759 Cur,
3256 4709 3381 4749 cum

105 4799 220 4848 σαν,
263 4783 367 4838 καὶ
404 4787 791 4858 ἐγεννήθησαν,
825 4789 919 4842 ἐπὶ
947 4789 1042 4842 τοῦ
1089 4793 1152 4852 ἐκ
1183 4793 1400 4864 Μαρίας
1430 4795 1588 4866 μόνου

1887 4794 1988 4848 lem
2023 4807 2130 4862 qua
2172 4791 2226 4845 in
2261 4801 2488 4846 caeteros
2541 4790 2754 4845 ratione
2809 4788 3052 4844 divinum
3083 4783 3214 4842 illud
3245 4785 3384 4841 Ver-

109 4890 266 4946 ρηται
285 4893 300 4906 ·
335 4876 450 4930 Καὶ
489 4881 524 4931 ὁ
549 4879 740 4947 Λόγος
767 4878 925 4949 σὰρξ
958 4879 1214 4950 ἐγένετο.

1886 4901 1930 4940 ιιι
1954 4885 2236 4958 delapsum
2263 4883 2355 4946 sit,
2391 4898 2534 4938 unus
2563 4882 2652 4937 ille
2674 4895 2740 4937 ex
2772 4881 2942 4935 Maria
2973 4887 3134 4936 natus
3163 4877 3383 4934 Emma-

107 4971 232 5026 nuel
268 4970 602 5041 appellatur,
637 4975 796 5043 quasi
831 4989 1032 5045 corpus
1076 4977 1255 5046 ipsum
1321 4981 1605 5040 divinitate
1651 4988 1940 5057 repletum,
1993 4993 2046 5040 et
2079 4986 2148 5039 ab
2177 4998 2240 5039 ea
2278 4989 2467 5037 natum
2501 4978 2808 5052 exstiterit?
2863 4975 3000 5032 Nam
3059 4975 3380 5030 Emmanuel

109 5059 248 5114 idem
295 5058 574 5129 significat
635 5075 698 5116 ac
727 5060 1019 5120 Nobiscum
1069 5066 1231 5123 Deus.
1268 5069 1398 5135 Cur,
1435 5072 1481 5127 si
1518 5075 1582 5129 ad
1622 5091 1745 5130 eum
1786 5076 2006 5131 modum
2032 5074 2357 5136 accesserit,
2387 5087 2513 5126 cum
2555 5077 2781 5127 sanctus
2815 5067 3043 5140 quilibet
3085 5063 3382 5120 manduca-

111 5161 186 5206 ret
230 5167 300 5208 ac
367 5151 619 5222 biberet,
687 5169 900 5211 necnon
964 5157 1282 5230 fatigaretur
1342 5175 1407 5220 ac
1449 5176 1772 5234 moreretur,
1820 5169 1874 5223 in
1923 5169 2074 5223 nullo
2134 5175 2312 5222 tamen
2361 5164 2598 5220 Verbum
2668 5164 2849 5234 ipsum
2905 5159 3228 5226 comedisse,
3296 5159 3380 5216 la-

115 5245 362 5310 borasse,
395 5253 626 5302 mortem
661 5247 896 5318 denique
943 5247 1182 5306 subiisse
1224 5252 1445 5320 dicitur,
1484 5257 1587 5310 nisi
1637 5257 1692 5311 in
1730 5273 1796 5313 eo
1825 5258 1962 5322 solo,
1987 5261 2146 5328 quem
2183 5254 2350 5309 Maria
2381 5253 2545 5325 Vi’rgo
2579 5253 2826 5324 peperit?
2873 5251 3006 5319 Quae
3047 5255 3192 5306 enim
3257 5267 3381 5307 cor-

115 5357 212 5420 pus
243 5343 430 5413 ipsum
483 5357 805 5415 perpessum
851 5353 956 5413 est,
1000 5346 1113 5402 haec
1162 5347 1237 5402 illi
1293 5351 1519 5420 perinde
1561 5367 1623 5408 ac
1671 5355 1716 5410 si
1779 5371 2002 5426 passum
2047 5362 2192 5410 esset
2230 5353 2566 5406 tribuuntur.
2622 5349 2817 5412 Porro,
2857 5363 2984 5404 cum
3038 5348 3105 5403 de
3163 5350 3383 5404 caeteris

119 5455 283 5494 unum
327 5439 462 5495 illud
496 5439 698 5510 jactari
729 5442 923 5511 soleat,
965 5444 1260 5514 productos
1292 5446 1416 5503 illos
1457 5463 1520 5504 ac
1555 5451 1768 5521 genitos
1797 5451 1992 5516 fuisse,
2024 5449 2092 5505 de
2143 5448 2261 5506 solo
2317 5446 2500 5502 Maria:
2541 5445 2653 5502 filio
2700 5445 2904 5501 dicitur
2951 5463 2965 5500 :
3039 5442 3112 5498 Et
3156 5443 3382 5500 Verbum

117 5547 238 5585 raro
265 5531 474 5602 factum
503 5538 582 5586 est
619 5531 661 5584 ³.

187 5665 204 5697 ¹
232 5682 328 5738 γρ.
357 5665 622 5738 ἐσκότισε.
699 5666 720 5696 ¹
757 5665 1098 5738 Absuntbzec
1119 5669 1188 5723 ab
1213 5669 1449 5726 editione
1472 5668 1682 5724 Athana

1906 5671 2008 5728 lsa.
2039 5672 2093 5737 '7,
2126 5671 2220 5738 H;
2263 5667 2451 5726 Matth.
2489 5685 2528 5737 l,
2550 5669 2640 5724 25.
2717 5669 2738 5702 ‘
2766 5668 3019 5738 Roumx,
3046 5671 3097 5727 5.
3175 5673 3196 5706 ⁸
3221 5669 3376 5731 Joan.

125 5750 208 5804 sx,
233 5734 329 5791 28.
406 5735 426 5766 '
454 5734 587 5791 Luc.
621 5750 773 5802 χχιιι,
796 5737 884 5793 45.
961 5737 980 5770 ⁷
1011 5737 1168 5795 Hebr.
1209 5740 1390 5804 “.26.
1467 5741 1490 5771 ³
1516 5738 1622 5795 ,ἰοειι

406 5735 426 5766 ⁸
454 5734 587 5791 Luc.
621 5750 773 5802 χχιιι,
796 5737 884 5793 45.
961 5737 980 5770 ⁷
1011 5737 1168 5795 Hebr.
1209 5740 1390 5804 “.26.
1467 5741 1490 5771 ³
1516 5738 1672 5796 Joan.
1704 5757 1739 5806 ι,
1779 5741 1861 5797 ﬂ.
