3790 6212
398 201 500 255 $59

1813 188 1873 247 S.
1913 187 2257 245 ΕΡΙΡΗΑΝΠ

3573 182 3678 240 εει)

466 311 676 382 1007
717 306 852 367 Xlll.
916 308 994 383 Ex
1045 310 1246 382 quibus
1311 270 1592 367 evidenter
1651 309 2021 385 ostenditur”

2156 309 2256 362 II".
2286 307 2379 373 Ἐξ
2425 297 2501 362 ὧν
2545 306 2838 372 δείκνυται,
2865 306 2948 360 ὅτι
2993 303 3129 376 πρὸς
3177 303 3280 374 μὲν
3320 300 3449 365 τοὺς
3489 300 3680 362 ἄλλους

392 418 515 460 cum
551 406 605 458 in
636 389 1252 474 reliquos_°vaticinandi
1299 405 1475 458 solum
1514 403 1687 474 gratia
1728 417 1850 457 sese
1893 400 1986 457 Dei

397 496 629 552 Verbum
665 495 946 559 infuderit,
981 496 1122 552 idem
1166 496 1343 567 ipsum
1375 511 1405 550 c
1449 495 1619 549 Maria
1662 510 1828 549 carne
1866 508 1988 549 sus-

394 597 547 658 cepta
580 589 854 644 hominem
881 589 1166 659 prodiisse.
1207 589 1311 655 Qui
1340 601 1394 644 et
1424 596 1620 642 natura
1647 587 1988 643 substantia-

395 697 500 752 que
533 679 625 736 Dei
660 680 892 736 Verbum
922 691 1060 748 erat,
1090 689 1165 745 et,
1194 679 1337 751 quod
1367 681 1433 733 ad
1468 695 1688 735 carnem
1719 680 1932 742 attinet,
1959 693 1991 734 e

401 771 620 827 Davidis
675 775 864 845 stirpe,
916 773 1210 843 Marizeque
1260 786 1426 826 carne
1469 781 1630 825 natus
1677 781 1761 825 est
1801 770 1986 835 homo,

398 864 856 934 quemadmodum
904 865 1144 919 declarat
1176 863 1468 934 Apostolus
1494 864 1533 916 ‘.
1581 861 1737 917 liune
1772 863 1826 916 in
1869 860 1992 916 Jor-

398 957 575 1012 dane'
605 964 766 1028 atque
798 957 851 1011 in
892 956 1106 1012 monte'
1148 955 1309 1010 Pater
1339 954 1734 1010 demonstravit
1760 953 1843 1009 his
1867 970 1992 1010 ver-

402 1048 489 1103 bis
525 1067 540 1103 :
575 1049 679 1102 Hic
711 1059 789 1103 est
821 1047 1000 1102 Filius
1036 1065 1179 1102 meus
1210 1047 1451 1113 dilectus,
1485 1049 1540 1102 in
1569 1063 1670 1118 quo
1696 1047 1825 1101 mihi
1850 1063 1992 1101 com-

400 1140 602 1209 placui.
634 1139 789 1194 Hune
824 1132 1010 1194 A'riani
1047 1147 1268 1210 negant,
1302 1154 1405 1194 nos
1435 1138 1725 1194 adorantes
1749 1137 1993 1208 agnosci-

404 1249 547 1296 mus,
587 1249 764 1302 neque
798 1217 994 1287 Fdium
1025 1247 1055 1286 a
1093 1231 1669 1303 Verbo‘separamus;
1715 1231 1810 1286 sed
1857 1228 1993 1286 Ver-

406 1327 532 1380 bum
569 1325 746 1396 ipsum
772 1323 967 1380 Filium
995 1341 1118 1380 esse
1145 1325 1489 1390 confitemur,
1508 1337 1604 1394 per
1618 1339 1778 1394 quem
1809 1323 1993 1377 omnia

408 1415 549 1471 facta
598 1424 748 1481 sunt,
799 1431 1009 1486 nosque
1055 1415 1189 1470 adeo
1244 1415 1349 1486 ipsi
1383 1415 1615 1470 liberati.
1668 1412 1822 1468 Unde
1860 1413 1994 1467 illud

407 1522 736 1580 magnopere
769 1507 1020 1564 demirati
1061 1522 1273 1571 sumus,
1304 1505 1580 1576 quomodo
1605 1506 1687 1560 vel
1715 1504 1994 1560 levissima

409 1600 552 1653 inter
574 1613 674 1654 nos
703 1613 765 1653 ea
789 1597 856 1652 de
895 1613 951 1653 re
978 1597 1351 1652 controversia
1381 1597 1583 1651 moveri
1614 1596 1870 1666 potuerit.
1897 1594 1996 1650 Ve-

2091 401 2298 464 πάντας
2326 399 2546 469 γέγονεν
2582 401 2610 450 ὁ
2643 400 2815 470 Λόγος
2850 400 2943 453 τοῦ
2989 394 3356 469 προφητεύειν
3397 393 3580 464 χάριν,
3619 395 3680 444 ἐκ

2089 492 2308 563 Μαρίας
2338 491 2500 554 αὐτὸς
2537 493 2565 544 ὁ
2591 491 2762 560 Λόγος
2795 491 2974 562 σάρκα
3019 486 3200 557 ἑαυτῷ
3235 484 3442 546 λαὸὼν,
3481 482 3685 552 1:90:31—

2092 589 2182 642 θεν
2209 589 2512 660 ἄνθρωπος,
2543 590 2609 658 τῇ
2642 587 2740 659 μὲν
2772 586 2932 656 φύσει
2959 587 3052 639 καὶ
3087 586 3154 656 τῇ
3195 583 3357 652 οὐσία
3397 581 3572 647 Λόγος
3612 579 3684 632 Er)

2090 679 2184 735 τοῦ
2239 680 2392 746 Θεοῦ,
2423 679 2563 734 κατὰ
2603 680 2660 733 δὲ
2702 679 2881 750 σάρκα
2927 679 2992 731 ὲκ
3026 676 3341 748 σπέρματος
3372 672 3561 730 Δαεὶδ.
3593 673 3683 724 καὶ

2089 772 2189 842 τῆς
2209 771 2410 843 σαρκὸς
2443 770 2662 842 Μαρίας
2689 771 2982 840 γενόμενος
3013 767 3322 838 ἄνθρωπος,
3351 764 3432 827 ὡς
3469 760 3616 816 εἶπεν
3656 766 3684 816 ὁ

2093 863 2322 928 Παῦλος.
2357 863 2559 917 Τοῦτον
2589 863 2686 918 καὶ
2730 865 2759 916 ὁ
2793 863 2982 933 Πατὴρ
3017 860 3292 914 ἐδείκνυεν
3337 859 3400 910 ὲν
3449 856 3530 925 τῷ
3556 858 3682 925 10?-

2092 955 2227 1030 δάνῃ
2279 956 2374 1010 καὶ
2403 956 2461 1008 ὲν
2501 955 2581 1026 τῷ
2621 955 2761 1027 ὄρει,
2812 953 3020 1022 λέγων⁹
3066 947 3257 1018 Οὗτός
3286 951 3465 1003 ἐστιν
3498 952 3533 1002 ὁ
3563 950 3684 1013 Υἱός

2087 1065 2207 1118 μου
2231 1049 2274 1104 ⁴ὁ
2313 1047 2639 1116 ἀγαπητὸς,
2680 1046 2750 1098 ἐν
2793 1037 2842 1112 ᾧ
2881 1044 3218 1113 ηὐδόκησα.
3271 1041 3484 1095 Τοῦτον
3513 1041 3562 1092 οἱ
3591 1041 3684 1110 μὲν

2106 1137 2374 1208 Ἀρειανοὶ
2402 1138 2733 1209 ἠρνήσαντο,
2765 1137 2924 1208 ἡμεῖς
2952 1135 3011 1188 δὲ
3049 1133 3496 1204 ὲπιγινώσκομεν
3527 1150 3686 1202 7.90:-

2094 1228 2402 1292 κυνοῦντες’
2422 1230 2482 1282 οὐ
2502 1228 2834 1300 διαιροῦντες
2856 1227 2946 1282 τὸν
2970 1227 3092 1280 Υἱὸν
3116 1229 3211 1280 καὶ
3235 1227 3332 1279 τὸν
3359 1225 3557 1294 Λόγον,
3580 1222 3683 1276 ἀλλ’

2094 1323 2256 1377 αὑτὸν
2277 1322 2368 1377 τὸν
2391 1322 2563 1390 Λόγον
2584 1321 2783 1386 εἰδότες
2807 1316 2946 1376 εἶναι
2973 1320 3066 1374 τὸν
3085 1319 3232 1384 Υἱὺν,
3249 1319 3319 1372 δι’
3336 1314 3400 1372 οῦ
3423 1317 3493 1370 τὰ
3516 1317 3686 1371 πάντα

2094 1414 2284 1485 γέγονε
2336 1415 2432 1469 καὶ
2461 1416 2623 1486 ἡμεῖς
2646 1397 3118 1486 ἠλευθερώθημεν.
3146 1414 3238 1466 Διὸ
3266 1411 3361 1466 καὶ
3379 1411 3687 1480 ιέθαυμάσα⁸

2100 1525 2221 1579 μεν,
2263 1506 2380 1570 πῶς
2414 1507 2551 1570 ὅλως
2599 1508 2658 1560 ὲν
2713 1507 2845 1577 ἡμῖν
2872 1505 3002 1578 περὶ
3054 1504 3261 1559 τούτων
3299 1503 3479 1568 οὕτως
3506 1501 3686 1570 γέγονε

2099 1599 2415 1667 φιλονεικία.
2464 1597 2623 1652 Ἀλλὰ
2665 1598 2828 1670 χάρις
2866 1598 2943 1669 τῷ
2989 1597 3129 1668 Θεῷ,
3177 1598 3302 1650 ὅσον
3344 1595 3686 1665 έλυπήθημεν

411 1707 532 1747 rum
577 1691 840 1746 habenda:
884 1690 993 1746 Deo
1025 1691 1212 1760 gratiae
1245 1697 1393 1756 sunt,
1435 1689 1602 1760 quod,
1635 1695 1898 1759 quantum
1928 1702 1995 1742 ex

2143 1689 2518 1761 ιτυγχάνοντες
2545 1693 2657 1753 τοῖς
2701 1691 3076 1762 ὑπομνήμασι,
3119 1688 3374 1742 τοσοῦτον
3418 1687 3686 1757 ἐχάρημεν

412 1785 630 1838 illorum
651 1784 1169 1839 commentariorum
1195 1783 1428 1838 lectione
1453 1781 1706 1837 maeroris
1725 1780 1993 1850 cepimus,

410 1886 625 1932 tantum
671 1877 833 1932 nobis
869 1878 1183 1932 eorumdem
1229 1876 1351 1930 linis
1399 1874 1695 1944 voluptatis
1735 1873 1996 1928 attulerit.

414 1969 695 2040 Siquidem
731 1977 920 2023 mutua
945 1985 1068 2023 cum
1107 1968 1400 2023 concordia
1432 1967 1826 2029 discesserunt,
1851 1980 1999 2020 eam-

413 2061 647 2133 demque
680 2062 803 2117 fidei
835 2062 1207 2118 sinceritatem
1249 2075 1314 2116 ac
1346 2060 1599 2131 pietatem
1641 2057 1871 2128 professi
1905 2071 2002 2128 pa-

417 2169 534 2210 cem
564 2155 926 2209 retinuerunt.
955 2152 1086 2219 Qua:
1115 2169 1201 2207 me
1231 2168 1320 2208 res
1348 2149 1692 2221 potissimum
1723 2155 1847 2219 post
1874 2148 2001 2202 diu-

393 2258 635 2316 }urnam
667 2245 1117 2300 deliberationem
1151 2244 1385 2313 impulit,
1423 2253 1478 2295 ut
1529 2241 1643 2295 haec
1679 2255 1853 2310 pauca
1881 2255 2004 2310 per-

419 2337 752 2403 scriberem;
797 2337 1023 2392 verebar
1051 2336 1232 2403 enim,
1274 2331 1344 2389 ne
1388 2334 1481 2404 qui
1533 2334 1691 2388 nobis
1736 2331 2006 2404 gaudendi

421 2429 708 2483 materiam
753 2429 1119 2484 consensione
1161 2442 1259 2483 sua
1312 2426 1696 2497 praebuissent,
1739 2427 1807 2480 iis
1837 2425 2006 2480 silen-

423 2521 558 2590 tium
613 2530 862 2577 nostrum
922 2536 1022 2592 pro
1075 2520 1259 2574 laetitia
1315 2518 1558 2574 dolorem
1611 2518 2003 2574 conscisceret.

422 2611 786 2677 Quamobrem
834 2626 958 2666 cum
1004 2625 1034 2663 a
1077 2616 1129 2664 te
1166 2609 1329 2663 etiam
1372 2618 1533 2678 atque
1569 2608 1732 2662 etiam
1765 2607 2002 2678 postulo,

423 2714 539 2758 tum
576 2718 671 2758 eos
699 2689 789 2772 qui
833 2704 947 2757 hzee
976 2701 1198 2756 audient
1238 2708 1457 2772 rogatos
1491 2699 1782 2755 admodum
1818 2701 2003 2771 cupio,

424 2803 483 2849 ut
503 2811 566 2850 ea
596 2795 810 2850 sincera
835 2811 958 2849 cum
983 2793 1319 2849 conscientia
1349 2792 1672 2863 percipiant.
1697 2793 1775 2848 Ac
1798 2793 1844 2848 si
1873 2794 2006 2865 quid

425 2886 491 2941 ad
517 2887 770 2956 pietatem
804 2887 978 2950 deest,
1010 2884 1302 2941 emendare
1339 2899 1403 2939 ac
1430 2884 1742 2956 significare
1775 2887 1910 2940 mihi
1936 2902 2006 2943 ne

2102 1784 2195 1836 ἐπὶ
2223 1783 2300 1854 τῷ
2336 1782 2479 1836 τέλει
2511 1782 2737 1836 τούτων.
2787 1782 2944 1836 Μετὰ
2971 1781 3080 1853 γάρ
3118 1779 3447 1851 συμφωνίας
3492 1778 3687 1847 ἀνεχώ-

2109 1893 2301 1948 ρησαν,
2338 1875 2432 1928 καὶ
2461 1876 2779 1947 εἰρήνευσαν
2813 1875 2906 1928 ἐπὶ
2927 1878 2994 1945 τῇ
3021 1873 3280 1946 ὁμολογίᾳ
3303 1873 3408 1944 τῆς
3442 1872 3689 1934 εὐσεϐοῦς

2105 1970 2201 2022 καὶ
2226 1967 2504 2039 ὁρθοδόξου
2539 1967 2792 2032 πίστεως.
2824 1965 2994 2021 Τοῦτο
3019 1966 3149 2036 γοῦν
3186 1966 3336 2037 κάμὲ
3369 1964 3545 2018 πολλὰ
3571 1965 3692 2034 πρὸ·

2107 2077 2262 2133 τερον
2289 2061 2629 2132 σκεψάμενον
2681 2061 2949 2131 πεποίηκε
2970 2059 3178 2131 γράψαι
3211 2059 3280 2113 τὰ
3318 2058 3479 2126 ὀλίγα
3506 2057 3691 2120 ταῦτα,

2105 2153 2482 2224 λογισάμενον,
2521 2153 2596 2226 μὴ
2624 2152 2731 2224 ἄρα
2761 2154 2825 2205 ὲκ
2845 2153 2944 2223 τῆς
2968 2152 3176 2222 σιωπῆς
3202 2151 3326 2205 ἀντὶ
3350 2151 3532 2220 χαρᾶς
3557 2147 3690 2218 λύπη

2106 2245 2331 2317 γένηται
2371 2247 2484 2309 τοῖς
2523 2245 2588 2299 ἐκ
2631 2245 2729 2316 τῆς
2783 2243 3101 2314 συμφωνίας
3131 2243 3408 2313 πρόφασιν
3449 2239 3543 2293 τοῦ
3583 2239 3692 2310 χαί-

2110 2353 2223 2408 ρειν
2253 2335 2628 2407 παρασχοῦσιν
2657 2337 2809 2406 ἡμίν.
2849 2334 3011 2400 Ἀξιῶ
3044 2334 3224 2387 τοίνυν
3272 2331 3694 2403 προηγουμένως

2107 2427 2206 2500 τὴν
2234 2428 2333 2500 σὴν
2350 2427 2658 2492 εὐλάϐειαν,
2674 2427 2768 2482 καὶ
2793 2427 3044 2498 δεύτερον
3064 2428 3189 2491 τοὺς
3215 2423 3519 2486 ἀκούοντας
3567 2422 3696 2493 μετὰ

2114 2521 2472 2592 συνειδήσεως
2521 2520 2733 2592 ἀγαθῆς
2786 2520 2959 2575 ταῦτα
3009 2517 3304 2584 δέξασθαι,
3362 2517 3464 2570 καὶ
3504 2518 3554 2568 εἰ
3609 2514 3698 2584 μὲν

2113 2614 2249 2686 πρὸς
2279 2614 2559 2669 εὐσέϐειαν
2600 2614 2773 2668 λείπει
2814 2613 2991 2677 τοῦτο,
3034 2607 3434 2683 διορθώσασθαι
3490 2607 3697 2675 καὶδη-

2112 2706 2283 2760 λῶσαί
2332 2723 2451 2778 μοι’
2498 2707 2546 2760 εί
2591 2707 2648 2760 δὲ
2683 2706 2774 2774 νὼς
2799 2707 2953 2778 παρὰ
3003 2704 3212 2759 ἰδιώτου
3259 2702 3340 2773 τῷ
3360 2701 3525 2772 λόγῳ,
3573 2699 3700 2770 μηδὲ

2113 2799 2234 2854 κατ’
2261 2799 2437 2868 ἀξίαν,
2461 2800 2596 2872 μηδὲ
2619 2800 2841 2864 τελείως
2873 2799 3203 2869 γέγραπται,
3235 2795 3545 2865 συγγνῶναι
3575 2795 3699 2848 πάι-

2112 2909 2211 2956 τας
2245 2894 2312 2964 τῇ
2352 2892 2599 2965 ἡμετέρᾳ
2643 2893 2772 2964 περὶ
2803 2893 2864 2946 τὸ
2886 2891 3067 2961 λέγειν
3096 2888 3374 2959 ἀσθενείᾳ.
3405 2887 3696 2958 Ἔρρωσθε.

425 2988 762 3048 graventur:
793 2980 938 3049 quod
974 2979 1021 3034 si
1079 2978 1262 3034 minus
1329 2993 1429 3050 pro
1472 2977 1550 3032 rei
1597 2977 1863 3049 dignitate
1915 2982 2179 3052 perfecta,
2216 2993 2407 3057 utpote
2436 2987 2590 3041 rudis
2628 2996 2794 3056 atque
2843 2985 3086 3056 imperiti
3146 2987 3406 3054 hominis,
3430 2970 3700 3041 .videatur

426 3071 643 3135 oratio,
700 3070 938 3141 idipsum
997 3067 1244 3123 infantiae
1297 3069 1770 3140 imbecillitatique
1823 3081 2028 3128 nostra:
2055 3075 2476 3131 condonandum
2505 3076 2841 3132 existiment.
2876 3074 3086 3134 Valete.

498 3162 779 3218 Hactenus
807 3161 1095 3217 Athanasii
1133 3161 1387 3231 epistola.

499 3253 641 3308 XIV.
677 3255 813 3308 Cum
849 3255 1012 3324 igitur
1049 3255 1164 3308 haec
1206 3269 1236 3307 a
1285 3253 1444 3308 nobis
1484 3252 1749 3324 producta
1789 3255 1862 3310 sit
1908 3255 2023 3326 epi-

432 3348 601 3414 stola,
637 3362 701 3401 ac
745 3363 852 3402 non
901 3347 1064 3401 modo
1111 3361 1177 3400 ex
1216 3345 1284 3400 iis
1329 3361 1449 3415 qua:
1492 3345 1578 3400 vel
1611 3345 1680 3400 ab
1709 3345 1817 3402 illis
1843 3347 1926 3402 vel
1956 3347 2023 3401 ab

434 3441 556 3496 aliis
585 3439 915 3504 audivimus,
949 3439 1288 3493 utadversus
1313 3453 1408 3492 eos
1439 3438 1827 3502 scriberemus,
1864 3438 2024 3493 indu-

434 3535 506 3588 cti
536 3535 710 3588 simus
734 3574 746 3596 ,
782 3532 876 3587 sed
917 3539 970 3586 et
1015 3531 1237 3585 aliunde
1261 3530 1481 3600 planum
1523 3529 1726 3584 factum
1767 3530 1858 3594 sit,
1889 3530 2024 3584 nihil

437 3641 538 3682 nos
572 3628 627 3680 in
659 3627 808 3696 ipsos
847 3623 1187 3678 calumniose
1231 3622 1532 3678 contulisse
1567 3623 1864 3693 :deiueeps
1903 3639 2027 3678 sus-

438 3729 652 3789 eeptam
700 3719 757 3773 in
796 3718 920 3772 illos
959 3700 1386 3786 disputationem
1427 3721 1691 3784 repetam,
1727 3731 1796 3768 ne
1830 3715 1914 3769 vel
1946 3724 2026 3770 tc-

437 3810 763 3868 nuissimam
799 3809 866 3864 de
907 3807 1067 3862 nobis
1115 3807 1404 3861 calumnia:
1447 3812 1639 3860 contra
1685 3804 1882 3862 fratres
1929 3821 2027 3861 no-

440 3911 586 3960 stros
619 3902 985 3973 suspicionem
1034 3899 1359 3969 relinquam.
1409 3898 1733 3969 Quanquam
1772 3900 2025 3969 equidem

441 3994 544 4048 hoc
584 3995 828 4064 ipsorum
877 4009 1042 4049 causa
1100 3995 1398 4050 etiamnum
1457 4010 1671 4065 precor,
1709 3995 1926 4066 1008
1967 4004 2027 4050 ut

437 4103 562 4161 qua:
588 4088 850 4143 molestire
878 4087 1127 4143 nonnihil
1178 4087 1338 4142 nobis
1387 4088 1687 4153 attulerint,
1735 4089 2029 4158 aliquando

440 4180 740 4250 corrigam,
784 4194 853 4234 ne
893 4188 943 4234 et
984 4179 1062 4234 illi
1122 4178 1300 4234 nostri
1346 4187 1401 4234 et
1439 4179 1657 4234 illorum
1705 4194 1807 4235 nos
1850 4181 2030 4249 jactu-

441 4286 559 4326 ram
598 4271 884 4326 faciamus.
935 4270 1049 4327 Hoc
1089 4272 1239 4326 enim
1287 4286 1662 4342 saepenumero
1688 4287 1785 4342 per
1823 4271 2028 4341 legatos

2047 3170 2095 3231 C
2196 3167 2587 3239 Πεπλήρωται.

2194 3259 2292 3314 ΙΔ’.
2341 3261 2494 3314 Ἐπεὶ
2519 3256 2611 3313 οὖν
2646 3261 2795 3331 καὶὴ
2825 3259 3082 3330 ἐπιστολὴ
3112 3259 3347 3329 ἑνετάγη
3365 3298 3383 3322 ,
3417 3259 3513 3313 καὶ
3536 3257 3597 3311 οὐ
3624 3260 3702 3329 μό-

2123 3367 2213 3403 νον
2271 3351 2331 3418 ὲξ
2377 3344 2453 3406 ὧν
2485 3353 2614 3423 παρ’
2647 3351 2828 3406 αὐτῶν
2861 3351 3194 3423 ἠκούσαμεν,
3225 3351 3260 3423 ἢ
3313 3353 3450 3424 παρ’
3492 3351 3698 3422 ἑτέρων,

2124 3444 2267 3498 κατὰ
2309 3444 2418 3499 τῶν
2455 3445 2764 3516 λεγομένων
2806 3445 3147 3517 ὡρμήσαμεν
3171 3443 3385 3514 γράψαι
3408 3484 3422 3509 ,
3453 3444 3586 3498 ἀλλὰ
3622 3443 3700 3496 καὶ

2127 3538 2259 3590 πᾶσι
2289 3537 2522 3607 φανερὸν
2548 3537 2807 3608 κατέστη,
2836 3539 2918 3591 ὅτι
2946 3537 3137 3591 οὐδένα
3163 3538 3696 3606 ὲσυκοφαντήσαμενν

2126 3628 2255 3695 ἑξῆς
2295 3628 2352 3682 δὲ
2399 3629 2732 3700 ἐπιλήψομαι
2761 3630 2861 3700 τῆς
2901 3629 3020 3684 κατ’
3053 3629 3233 3683 αὐτῶν
3271 3628 3598 3691 ὑποθέσεως,
3627 3628 3697 3679 ἵνα

2127 3723 2192 3775 ἐκ
2217 3721 2550 3791 πανταχόθεν
2598 3722 2672 3793 μὴ
2696 3721 3099 3794 ὑποληφθῶμέν
3139 3739 3284 3775 τισιν
3332 3721 3412 3784 ὡς
3457 3735 3697 3788 abnegav-

2128 3813 2346 3877 τοῦντες
2371 3815 2498 3878 τοὺς
2526 3813 2830 3885 ἡμετέρους
2865 3813 3147 3883 ἀδελφούς.
3184 3814 3382 3867 Καίτοι
3411 3830 3475 3881 γε
3498 3813 3696 3882 εὐχόμεο

2127 3923 2217 3970 νος
2247 3907 2431 3970 αὐτοῖς
2456 3906 2549 3959 καὶ⁸
2580 3907 2658 3970 εἰς
2690 3905 2848 3977 δεῦρο
2875 3905 3164 3977 διορθῶσαι
3195 3909 3265 3959 τά
3291 3904 3553 3960 δοκοῦντα
3572 3906 3695 3974 ἡμεῖς

2127 3998 2338 4066 λυπεῖν,
2376 4001 2461 4053 ἵνα
2495 3999 2571 4070 μὴ
2619 3999 2775 4052 αὐτοὶ
2807 4000 2957 4070 ἡμᾶς
3003 3998 3347 4070 ζημιωθῶσι,
3401 3998 3535 4069 μηδὲ
3561 3999 3694 4067 ἡμεῖς

2130 4091 2350 4156 αὐτούς.
2405 4092 2672 4156 Πολλάκις
2719 4091 2828 4161 γάρ
2877 4090 3036 4144 τοῦτο
3091 4089 3572 4160 ἐπρεσϐεύσαμεν,
3618 4087 3692 4138 καὶ

2131 4181 2607 4254 παρεκαλέσαμεν,
2651 4182 2746 4236 καὶ
2791 4181 2870 4234 ἐτι
2909 4180 3244 4251 ἐπιμένομεν
3279 4176 3690 4251 παρακαλοῦντες

2130 4268 2263 4344 ἆραι
2291 4272 2388 4344 τὴν
2421 4273 2771 4343 φιλονεικίαν,
2800 4273 2895 4327 καὶ
2932 4271 3298 4342 ἀκολουθῆσαι
3342 4271 3426 4343 τῷ
3457 4271 3558 4324 τῶν
3581 4270 3690 4322 ἀπο·

445 4363 513 4417 ab
540 4362 608 4416 iis
643 4363 1043 4432 postnlavimus
1076 4362 1388 4433 hortatique
1417 4379 1630 4428 sumus,
1659 4370 1714 4418 et
1753 4361 1898 4417 idem
1924 4363 2021 4417 im-

2143 4365 2351 4431 ςτόλων,
2381 4366 2472 4419 καὶ
2501 4366 2923 4434 εὐαγγελιστῶν,
2958 4367 3053 4420 καὶ
3078 4364 3339 4436 Πατέρων
3366 4365 3499 4434 θείῳ
3519 4360 3690 4430 θεσμῷ,

446 4465 660 4522 petrare
696 4455 860 4510 modo
895 4453 1198 4522 studemus,
1228 4465 1306 4519 ut,
1334 4456 1481 4510 omni
1519 4455 1870 4510 contentione
1901 4455 2032 4511 sub-

447 4547 578 4613 lata,
610 4546 1005 4615 apostolorum,
1033 4548 1489 4619 evangelistarum
1537 4561 1600 4600 ac
1631 4544 1856 4601 Patrum
1887 4546 2030 4603 divi-

2138 4457 2234 4510 m‘t
2281 4458 2541 4529 ὁμολογίᾳ
2590 4459 2691 4529 τῆς
2742 4459 2979 4522 πίστεως
3040 4457 3139 4529 τῆς
3205 4457 3580 4528 ἁπεριέργου,
3626 4453 3689 4506 καὶ

2139 4547 2381 4619 ἑδραίας,
2406 4549 2502 4602 καὶ
2523 4550 2948 4620 ἁμετακινήτου,
2972 4549 3066 4602 καὶ
3085 4548 3437 4617 δικαιοτάτης
3465 4549 3522 4600 ὲν
3546 4550 3690 4602 πᾶσιν.

447 4641 537 4696 nis
591 4641 968 4697 sanctionibus
1022 4641 1304 4708 insistant,
1353 4658 1418 4699 ac
1461 4644 1710 4710 sincerze,
1754 4643 1964 4708 solidae,
2030 4643 2372 4702 inconcussas
2419 4653 2472 4702 et
2551 4645 2910 4717 undecunque
2966 4645 3289 4717 justissima:
3333 4645 3463 4700 fidei
3518 4639 3692 4713 profes-

451 4733 660 4788 sionem
695 4739 1044 4787 conservent.

521 4825 787 4880 Caeterum
832 4824 1054 4879 memini
1102 4824 1207 4880 hoc
1253 4840 1284 4880 a
1339 4826 1666 4897 quibusdam
1705 4843 1772 4884 ex
1819 4827 2038 4883 illorum

452 4933 611 4989 grege
643 4917 824 4971 minus
852 4931 973 4973 esse
1000 4925 1282 4972 narratum
1313 4936 1326 4972 :
1361 4936 1380 4969 ι
1418 4917 1696 4974 Christum
1745 4917 2034 4974 Dominum

453 4998 558 5065 non
594 5011 732 5063 hanc
763 5017 1006 5063 nostram
1036 5008 1404 5080 assumpsisse
1428 5025 1672 5074 carnem,
1704 5009 1802 5066 sed
1833 5009 2035 5065 diversi

453 5105 664 5170 gummis
705 5103 888 5156 aliam.
928 5120 946 5151 ι
974 5101 1130 5167 Quod
1186 5103 1396 5156 utinam
1444 5117 1510 5157 ex
1539 5101 1732 5157 affectu
1781 5101 2038 5156 laudandi

457 5215 463 5242 -.
515 5219 538 5238 -τ
637 5193 869 5257 ⁴ιτμΙὶνμιο
896 5192 1186 5259 iactarent.
1218 5190 1353 5245 Nam
1391 5201 1447 5247 et
1488 5206 1588 5246 nos
1621 5199 1872 5248 sanctum
1902 5188 2036 5244 illud

675 5328 678 5332 .
721 5300 821 5353 pus
879 5284 1255 5353 iltibatumque
1309 5282 1582 5349 dicimus,
1644 5284 1844 5352 quippe
1890 5279 2038 5351 quod

457 5387 664 5432 nultum
711 5390 956 5448 unquam
1004 5385 1289 5446 peccatum
1320 5375 1630 5440 commisit,
1680 5389 1781 5430 nec
1827 5375 1881 5428 in
1920 5372 2041 5444 ejus

535 5624 553 5658 ⁸
593 5621 748 5677 Rom.
783 5638 824 5688 ι,
853 5622 906 5675 5.
982 5624 1001 5653 ³
1030 5619 1222 5676 Matth.
1259 5636 1342 5686 ιιι,
1377 5621 1461 5675 Π.
1507 5675 1512 5680 ,
1557 5615 1792 5672 ‘Matth.
1833 5635 1942 5673 xvi.
1969 5620 2002 5668 ις

1637 5735 1663 5751 υ
1751 5736 1765 5748 ἢ

2217 4821 2400 4876 ’Λλλοι
2428 4821 2486 4874 δὲ
2513 4822 2592 4883 είς
2622 4822 2653 4890 ἡ
2665 4819 2780 4890 μῶν
2828 4813 2942 4874 ὦτα
2980 4821 3290 4892 εἰρήκασιν,
3325 4821 3409 4874 ὅτι
3442 4839 3460 4872 ι
3497 4822 3569 4875 Οὐ
3594 4820 3690 4874 :15-

2144 4931 2242 4984 την
2274 4912 2371 4984 τὴν
2410 4911 2684 4982 ἡμετέραν
2730 4911 2928 4981 σάρκα,
2974 4909 3095 4962 οὐδὲ
3134 4907 3327 4976 ὁμοίαν
3367 4907 3527 4979 ἡμῶν
3559 4907 3692 4960 ἐλθὼν

2146 5004 2334 5058 ἔλαϐεν
2362 5007 2390 5058 ὁ
2420 5003 2642 5074 Κύριος,
2666 5002 2800 5056 ἀλλὰ
2828 5000 2994 5071 ἄλλην
3028 4999 3183 5071 παρὰ
3217 4999 3320 5072 τὴν
3344 4999 3520 5071 ἡμῶν.
3561 5020 3578 5050 υ
3611 4999 3691 5050 Kal

2147 5096 2256 5151 εἴθε
2287 5095 2427 5150 κατὰ
2456 5094 2765 5164 δοξολογίαν
2808 5093 2991 5161 ἔλεγον
3030 5092 3124 5145 καὶ
3167 5092 3310 5145 κατὰ
3346 5091 3577 5145 ἔπαινον.
3606 5091 3690 5143 Καὶ

2147 5189 2301 5243 αὐτοὶ
2322 5188 2430 5259 γάρ
2465 5204 2644 5259 φαμεν
2674 5187 2827 5256 άγιον
2851 5181 2990 5238 εἶναι
3022 5185 3082 5238 τὸ
3114 5183 3275 5254 σῶμα
3309 5187 3403 5238 καὶ
3434 5187 3685 5255 ἄχραντον·

2145 5279 2422 5351 ἁμαρτίαν
2461 5278 2568 5350 γάρ
2617 5278 2718 5330 οὐκ
2766 5275 3021 5346 ἐποίησεν
3044 5292 3058 5305 ο
3107 5273 3229 5326 οὐδὲ
3263 5274 3461 5345 εὑρέθη
3491 5272 3617 5332 δόλος
3644 5271 3687 5320 ἐν

2152 5372 2378 5446 στόματι
2409 5369 2594 5427 αὐτοῦ.
2623 5369 2734 5425 Καὶ
2775 5367 2936 5423 παντί
2988 5383 3067 5438 τῳ
3114 5364 3276 5437 δῆλον
3325 5366 3440 5420 ἐστι
3470 5362 3606 5418 τοῦτο
3627 5357 3686 5427 τῷ
