3790 6212
455 225 562 283 663

1882 226 1941 281 S.
1983 222 2326 280 ΕΡΙΙἯΛΝΙΙ
3636 222 3718 280 861»

456 349 699 397 ventrem
723 339 1104 395 exoneraverit
1126 337 1416 405 ?Quonam
1448 337 1514 409 ad
1539 352 1819 395 secessum
1848 339 1964 394 ahie

2148 341 2453 413 εσκευάσθη
2525 340 2761 412 Μωῦσῆς
2808 340 2906 413 τὴν
2948 338 3575 412 τεσσαρακωθὴμερον;
3628 342 3719 398 Ποῦ

454 434 600 489 Elias
630 433 699 488 ad
727 438 1026 487 torrentem
1058 431 1288 495 Chorra,
1320 446 1444 486 cum
1472 431 1733 486 mandato
1764 430 1880 497 Dei,
1919 446 2043 501 qua:

451 535 483 581 a
525 525 709 580 corvis
758 522 1091 579 aﬂ'erebatur
1168 523 1413 586 cibaria,
1462 522 1568 578 hoc
1611 531 1716 589 est,
1769 525 2042 579 matutino

450 626 693 687 tempore
726 631 945 687 panem,
978 630 1206 684 vespere
1237 629 1433 670 carnes
1464 615 1776 670 comederet
1799 614 1845 668 ‘?
1873 613 2044 669 Nimi-

376 758 390 767 .
452 725 571 765 rum
618 710 845 764 stultum
878 718 995 764 erat
1031 708 1146 763 haec
1189 724 1219 763 a
1271 707 1554 779 Scriptura
1590 709 2036 773 commemorari,

450 802 910 874 quemadmodum
956 810 1009 857 et
1058 802 1179 857 illos
1205 801 1367 855 modo
1416 800 1755 871 perscrutari
1808 801 2037 855 stultum

448 899 553 947 est.
594 890 726 956 Qua:
769 891 911 945 enim
951 906 1017 945 ex
1051 890 1119 945 iis
1150 889 1358 945 utilitas
1399 891 1609 961 percipi
1648 890 1870 960 potest?
1914 891 2039 961 quis

450 984 617 1038 animi
651 983 898 1039 fructus?
928 998 1049 1053 qua:
1083 998 1147 1037 eo
1180 990 1395 1038 tantum
1428 991 1661 1051 spectat,
1694 990 1774 1049 ut,
1806 984 1872 1038 ad
1902 999 2039 1054 prae-

450 1085 681 1147 sumpta:
718 1076 1004 1145 cujusdam
1046 1076 1325 1146 opinionis
1373 1076 1749 1132 infidelitatem
1791 1086 2040 1133 astruen-

450 1170 597 1236 dam,
633 1170 989 1224 inanissimas
1031 1169 1355 1224 occasiones
1394 1167 1610 1239 frigidis
1652 1169 1758 1223 illis
1789 1169 1949 1237 nugis
1984 1176 2039 1224 et

447 1263 515 1319 ad
548 1264 855 1317 animorum
888 1263 1227 1318 eversionem
1255 1262 1468 1335 idoneis
1494 1262 1825 1333 suppeditet.
1860 1261 2034 1317 Velim

447 1362 502 1411 et
544 1356 647 1411 hoc
698 1370 863 1425 porro
911 1355 1069 1408 nobis
1122 1354 1432 1409 cdisserant
1472 1372 1483 1407 :
1518 1353 1766 1421 Quanam
1821 1354 2036 1409 ratione

447 1445 614 1511 Deus,
651 1462 775 1500 cum
811 1446 1003 1510 voluit,
1048 1445 1100 1499 id
1144 1446 1338 1515 egerit,
1373 1455 1433 1499 ut
1472 1448 1843 1501 lsraelitarum
1887 1454 2033 1503 totos

446 1540 805 1609 quadraginta
838 1553 1012 1593 annos
1046 1552 1223 1608 neque
1257 1539 1348 1607 pili
1376 1546 1709 1603 crescerent,
1746 1554 1847 1594 nec
1880 1540 2035 1595 inve-

446 1644 691 1693 terarent
720 1635 910 1699 calcei,
945 1649 1124 1704 neque
1154 1642 1336 1691 vestes
1370 1642 1741 1690 attererentur
1773 1643 1866 1689 aut
1909 1652 2023 1692 sor-

445 1728 608 1783 dibus
648 1728 1099 1782 obsolescerent?
1130 1727 1212 1781 An
1253 1736 1306 1782 et
1342 1727 1432 1782 isti
1465 1728 1532 1782 de
1559 1729 1700 1783 cmlo
1732 1728 1964 1784 descend

2136 1715 2313 1768 καίτοι
2364 1732 2428 1784 γε
2488 1716 2587 1769 οὐκ
2660 1719 2718 1769 ἐν
2779 1717 3024 1780 ἐπαίνοις
3080 1718 3459 1790 ὑπάρχοντες,

446 1818 600 1871 rant?
643 1824 738 1870 aut
773 1817 846 1871 dii
897 1816 1109 1872 scilicet
1154 1823 1312 1871 erant
1361 1817 1567 1888 aliqui?
1613 1818 1777 1889 Atqui
1813 1836 1881 1874 ne
1916 1820 2033 1873 lau-

443 1910 647 1965 dantur
672 1911 747 1964 illi
790 1910 1010 1981 quidem
1042 1929 1055 1974 ;
1088 1909 1185 1965 sed
1218 1910 1464 1964 divinum
1505 1926 1705 1965 numen
1748 1912 1801 1965 in
1838 1913 2031 1981 pleris-

443 2018 551 2072 que
583 2011 973 2072 provocarunt.
1016 2004 1216 2058 Annon
1249 2003 1414 2072 igitur
1436 2002 1627 2057 iisdem
1657 2014 1815 2057 erant
1845 2006 2034 2059 nobis-

442 2109 567 2148 cum
602 2093 982 2149 affectionibus
1018 2094 1282 2148 obnoxii?
1316 2093 1518 2148 Verum
1548 2097 1731 2149 omnia
1774 2113 1832 2152 se
1869 2113 2032 2167 posse

443 2200 541 2256 per
573 2201 716 2248 sese,
742 2184 971 2255 fierique
1008 2186 1223 2256 1010
1262 2186 1439 2255 ipsius
1469 2195 1626 2249 nutu,
1654 2189 1738 2243 vel
1773 2204 1880 2244 non
1916 2190 2029 2245 fieri

444 2294 609 2346 posse
648 2277 792 2334 Deus
820 2278 1113 2334 ostendere
1144 2280 1334 2333 voluit.
1356 2282 1429 2334 Ac
1448 2296 1515 2335 ne
1542 2280 1795 2337 fortassis
1826 2282 2027 2352 aliquis

442 2370 513 2425 ob
544 2372 811 2441 stupenda
861 2372 951 2424 illa
993 2372 1259 2443 prodigia,
1299 2388 1419 2443 quae
1454 2373 1507 2427 in
1540 2374 1758 2428 illorum
1793 2379 2028 2445 gratia-3n

441 2477 473 2515 ιι
525 2461 635 2515 Deo
694 2462 834 2516 facta
889 2462 1146 2527 fuerant,
1192 2463 1428 2533 amplius
1474 2464 1733 2531 quiddam
1788 2466 2026 2521 humana

441 2551 759 2607 conditione
788 2553 842 2607 in
885 2553 991 2609 illis
1024 2553 1302 2609 exstitisse
1347 2555 1615 2622 crederet,
1661 2565 1717 2610 ut
1764 2557 1891 2611 huic
1940 2573 2032 2610 cr-

442 2640 552 2694 rori
591 2651 777 2696 nostra
808 2656 972 2695 causa
1022 2642 1356 2705 consuleret,
1407 2643 1691 2713 Scriptura
1742 2660 1901 2700 sacra
1945 2645 2025 2701 sic

442 2734 689 2804 ptmcipit
720 2753 731 2788 :
772 2733 980 2787 "abeat
1011 2736 1368 2805 unusquisque
1395 2736 1657 2804 paxilium
1694 2736 1926 2806 ferreum
1972 2738 2027 2791 in

439 2842 573 2880 zona
602 2842 723 2892 sua,
760 2835 836 2891 ut,
864 2843 982 2881 cum
1016 2828 1070 2881 in
1093 2828 1271 2899 aliqua
1307 2829 1422 2883 loco
1449 2828 1731 2892 desederit,
1764 2831 1953 2900 fodiat,
1977 2840 2026 2884 et

437 2927 637 2973 stercus
657 2936 810 2973 suum
838 2920 1064 2988 aperiat,
1098 2921 1348 2989 quoniam
1380 2922 1603 2989 papulas
1629 2931 1845 2976 sanctus
1876 2923 2024 2988 estis,

437 3018 487 3065 et
520 3009 782 3064 Dominus
813 3010 1020 3063 habitat
1056 3013 1110 3063 in
1144 3012 1312 3066 medio
1362 3022 1662 3065 castrorum
1684 3015 1725 3068 ².
1759 3011 1933 3078 Quam
1969 3014 2022 3067 in

439 3117 552 3158 rem
607 3101 817 3157 Hebraei
867 3103 1163 3174 quamdam
1213 3104 1496 3158 historiam
1548 3113 2023 3161 commemorant:

439 3192 668 3265 figuram
702 3194 851 3248 illam
885 3209 951 3249 ac
984 3204 1171 3266 typum
1206 3195 1489 3266 aliquanto
1536 3197 1799 3267 temporis
1849 3200 2028 3269 spatio

439 3301 844 3357 perseverasse,
888 3286 1132 3357 quandiu
1167 3286 1308 3343 Deus
1355 3288 1410 3342 in
1452 3288 1541 3343 his
1581 3288 1687 3343 hoc
1718 3290 2027 3360 prodigium

438 3374 653 3431 efficere
715 3376 911 3431 voluit.
949 3375 1028 3433 Ac
1062 3376 1191 3432 licet
1235 3378 1496 3432 carnibus
1552 3386 1607 3433 et
1648 3380 2027 3436 ccturnicibus

437 3475 814 3535 vescerentur,
839 3483 1123 3539 nunquam
1150 3477 1328 3524 tamen
1358 3484 1454 3539 per
1479 3469 1614 3524 illud
1642 3478 1860 3541 tempus
1884 3472 2027 3543 ejus-

436 3562 584 3618 modi
620 3572 829 3617 naturae
881 3562 1243 3618 necessitates
1277 3570 1534 3633 expertos
1558 3563 1681 3618 illos
1713 3564 1904 3620 fuisse.

512 3649 674 3707 XVII.
711 3651 831 3706 Jam
861 3666 993 3707 vero
1027 3652 1075 3707 si
1105 3666 1135 3705 a
1162 3651 1367 3707 Judreis
1398 3652 1465 3707 ad
1498 3653 1770 3721 majorum
1798 3669 2025 3709 suorum

436 3748 605 3803 decus
637 3755 691 3801 et
724 3744 953 3815 gloriam
986 3744 1071 3799 vel
1101 3743 1168 3798 ad
1199 3744 1431 3814 gratiam
1465 3744 1571 3799 ista
1602 3746 1904 3815 finguntur,
1938 3745 2025 3801 vel

435 3854 502 3893 ex
558 3836 635 3891 rei
682 3834 913 3889 veritate
952 3834 1325 3904 praedicantur
1384 3834 1720 3904 (quanquam
1772 3835 2026 3891 homines

436 3928 561 3982 illos
604 3925 797 3990 fuisse,
845 3940 1079 3994 quorum
1110 3923 1392 3994 dignitatis
1424 3926 1787 3995 patrocinium
1833 3942 2024 3983 susce-

434 4028 653 4091 perunt,
703 4027 757 4073 et
791 4016 1200 4091 corruptibiles,
1252 4030 1363 4070 non
1408 4016 1565 4080 deos,
1607 4017 1704 4073 sed
1747 4034 1814 4074 ex
1857 4034 2025 4076 carne

434 4110 703 4182 sanguine
736 4110 1028 4180 animaque
1066 4109 1403 4179 compositos
1442 4110 1723 4166 exstitisse
1767 4126 1877 4166 non
1921 4111 2024 4167 du-

432 4204 711 4274 bitemus);
751 4203 873 4273 quis
906 4214 1017 4256 tam
1048 4201 1254 4256 atrocia
1295 4208 1350 4255 et
1387 4200 1659 4256 horrenda
1685 4202 1753 4257 de
1778 4201 2019 4271 Christo,

431 4289 637 4361 Deique
670 4288 848 4345 Verbo
874 4290 1095 4344 caelitus
1137 4289 1362 4360 allapso,
1379 4303 1444 4343 ac
1495 4291 1562 4345 de
1597 4291 1835 4360 gloriosa
1865 4309 2023 4349 vera-

2146 434 2215 488 τὰ
2264 434 2399 507 πρὸς
2424 433 2612 506 χρείαν
2639 434 2875 488 ἐποιεῖτο
2901 433 3090 497 Ἠλίας
3121 434 3179 485 ἐν
3201 430 3279 502 τῷ
3299 432 3491 504 Χοῤῥᾷ
3513 436 3721 507 χειμάρ

2146 528 2226 597 ρῳ
2252 564 2267 589 ,
2298 526 2538 596 ὁπηνίκα
2566 526 2729 596 ἄρτον
2767 525 2864 596 μὲν
2899 524 2960 577 τὸ
3007 523 3243 593 πρωῖνὸν
3281 521 3475 593 ἤσθιε,
3511 524 3655 595 κρέα
3678 528 3720 580 δὲ

2142 618 2203 672 τὸ
2235 618 2461 672 δενιλινὸν
2506 618 2615 672 ἀπὸ
2650 619 2750 690 τῆς
2800 617 2908 673 τῶν
2940 618 3192 694 κοράκων
3235 618 3625 688 παρακομιόἦς
3652 621 3720 674 διὰ

2142 711 2277 765 Θεοῦ
2310 711 2767 782 προστάγματος;
2822 710 3057 763 Ἦλίθιον
3107 710 3218 781 γὰρ
3254 704 3324 780 ἦν
3368 710 3431 762 τὸ
3461 709 3565 778 τὴν
3598 709 3720 779 Γραο

2143 804 2249 874 φὴν
2281 803 2408 875 περὶ
2447 802 2654 855 τούτων
2682 801 2864 870 λέγειν
2888 842 2904 867 ,
2947 800 3024 864 ὡς
3052 799 3146 853 νῦν
3187 799 3400 863 τούτοις
3430 798 3640 869 ἠλίθιον
3674 800 3721 851 τὸ

2142 896 2436 961 ἐξετάζειν.
2473 895 2569 959 Τίς
2601 896 2711 964 γὰρ
2756 893 2993 962 ὠφέλεια
3023 893 3081 947 ἐν
3124 895 3239 955 τοῖς
3285 891 3587 954 τοιούτοις;
3619 891 3650 961 ἦ
3678 892 3718 942 τί

2139 989 2199 1042 τὸ
2221 990 2527 1061 χρήσιμον;
2559 986 2675 1041 ἀλλ’
2704 987 2737 1057 ἢ
2787 987 2948 1057 μόνον
2984 987 3063 1049 είς
3096 983 3356 1038 ἀπιστίαν
3398 983 3505 1051 τῆς
3534 984 3718 1054 προλή·

2138 1074 2283 1143 ψεως
2336 1074 2641 1146 προφάσεις
2694 1073 2785 1127 διὰ
2839 1074 3207 1146 ψυχρολογίας
3266 1074 3363 1125 καὶ
3417 1072 3719 1143 humani;

2141 1166 2378 1236 ματαίας
2416 1167 2558 1238 ἕχον.
2596 1168 2919 1237 Λεγέτωσαν
2953 1168 3011 1221 δὲ
3036 1167 3198 1221 πάλιν
3228 1168 3385 1237 ἡμῖν,
3412 1165 3523 1218 τίνι
3650 1164 3719 1215 λό-

2137 1274 2251 1328 γῳ,
2286 1258 2375 1311 ὅτε
2404 1258 2670 1330 ἠθέλησεν
2697 1262 2725 1312 ὁ
2749 1258 2902 1323 Θεὸς,
2943 1258 3169 1329 ἐποίησε
3207 1257 3315 1311 τῶν
3350 1256 3489 1309 υίῶν
3522 1256 3717 1326 Ἰσραὴλ

2136 1346 2194 1401 ὲν
2240 1350 2650 1419 τεσσαράκοντα
2696 1350 2840 1403 ἔτεσι
2899 1352 3039 1422 μήτε
3092 1351 3190 1416 τὰς
3230 1352 3428 1425 τρίχας
3468 1352 3713 1421 κομὰσιιι,

2138 1440 2276 1511 μήτε
2307 1440 2378 1493 τὰ
2419 1442 2746 1512 ὑποδήματα
2806 1443 3211 1514 παλαιωθῆναι,
3252 1446 3392 1516 μήτε
3430 1444 3501 1496 τὰ
3545 1446 3715 1514 {pitu

2134 1532 2551 1605 κατατριϐἦναι,
2586 1534 2619 1606 ἢ
2656 1534 2997 1607 ῥυπανθῆναι
3023 1554 3037 1602 ;
3069 1536 3162 1606 Μὴ
3192 1535 3302 1607 ἄρα
3341 1537 3439 1590 καὶ
3470 1532 3613 1591 οὗτοι
3635 1538 3713 1590 ἀπ’

2135 1623 2366 1695 οὐρανοῦ
2396 1624 2787 1695 emacem“;
2829 1626 2904 1697 μὴ
2937 1626 3051 1681 Θεοὶ
3087 1629 3135 1680 oi
3172 1628 3405 1682 τοιοῦτοι
3440 1629 3713 1699 ὑπῆρχον;

3515 1718 3630 1773 ἀλλ’
3668 1721 3714 1774 ἐν

2137 1808 2354 1873 πολλοῖς
2384 1812 2518 1865 Θεὸν
2557 1810 3089 1884 παραζηλὼσαντες,
3129 1814 3202 1886 μὴ
3237 1815 3339 1867 οὐκ
3358 1810 3515 1885 ἦσαν
3558 1817 3714 1884 ὁμοιο-

2136 1902 2329 1965 παθεῖς
2366 1904 2525 1972 seu;
2580 1903 2718 1956 Ἀλλ’
2759 1904 2845 1958 ἵνα
2890 1904 3037 1978 δείξῃ
3066 1908 3093 1958 ὁ
3126 1905 3297 1993 Θεὸς,
3331 1906 3415 1959 ὅτι
3462 1906 3531 1959 τά
3558 1908 3714 1960 πάντα

2136 1998 2191 2049 ἐν
2223 1995 2371 2067 αὑτῴ
2399 1994 2622 2049 δύναται
2650 2036 2665 2059 ,
2707 1997 2801 2049 καὶ
2836 1997 3073 2069 ἐγχωρεῖ
3102 1996 3383 2066 γίνεσθαι,
3420 1999 3517 2050 καὶ
3544 2000 3617 2068 μὴ
3644 2000 3713 2066 γί-

2134 2088 2342 2142 νεσθαι.
2390 2089 2507 2141 ’Ὶνα
2536 2089 2645 2159 γὰρ
2682 2090 2756 2160 μή
2800 2106 2945 2152 τινες
2973 2090 3049 2153 είς
3084 2090 3334 2155 ἐκείνους
3375 2091 3542 2144 πάλιν
3582 2092 3712 2159 λογε-

2135 2198 2333 2234 σωνται
2372 2179 2440 2233 τὰ
2488 2180 2628 2251 ὑπὲρ
2667 2179 2828 2250 φύσιν
2871 2180 2960 2234 διὰ
3012 2181 3074 2234 τὰ
3100 2181 3282 2245 αὐτοῖς
3320 2184 3381 2235 ἐν
3417 2181 3713 2253 θαυμασμῷ

2131 2272 2393 2341 γινόμενα
2420 2270 2571 2342 παρὰ
2595 2271 2731 2324 Θεοῦ
2754 2312 2769 2337 ,
2813 2272 3093 2325 τουτέστιν
3118 2274 3199 2325 ὄτι
3240 2273 3431 2343 τρίχες
3478 2275 3580 2327 οὐκ
3608 2276 3713 2326 ἐκέ-

2135 2379 2271 2433 μων,
2307 2360 2497 2431 ἱμάτια
2528 2361 2628 2413 οὐκ
2659 2360 3021 2414 ἐπαλαιοῦντο
3049 2404 3063 2429 ,
3089 2363 3183 2417 καὶ
3216 2363 3287 2416 τὰ
3310 2363 3447 2417 ἄλλα
3470 2404 3485 2428 ,
3516 2366 3611 2417 καὶ
3644 2366 3712 2417 ὅτι

2131 2453 2296 2525 ἄρτον
2338 2452 2588 2521 ἀγγέλων
2632 2453 2835 2523 ἔφαγεν
2873 2455 3161 2525 ἄνθρωπος
3188 2475 3201 2487 ·
3257 2458 3338 2521 εἰς
3368 2458 3527 2529 ἡμῶν
3567 2459 3711 2529 χάριν

2130 2545 2570 2617 ἀσφαλισάμενον
2599 2548 2661 2602 τὸ
2693 2549 2833 2604 θεῖον
2856 2552 3095 2624 Γράμμα
3123 2556 3257 2626 φησί
3286 2575 3300 2587 ·
3325 2557 3562 2611 Λαόἐτω
3591 2558 3712 2611 ἔλα-

2130 2653 2278 2704 στος
2303 2638 2634 2695 πάσσαλον
2660 2642 2957 2710 σιδηροῦν
2987 2646 3057 2699 ἐν
3085 2645 3158 2714 τῇ
3185 2648 3336 2717 ζωνῃ
3364 2650 3603 2713 ἑαυτοῦ,
3624 2651 3711 2714 ἵν’,

2130 2730 2277 2783 ὅταν
2297 2732 2385 2796 εἰς
2422 2735 2610 2785 τόπον
2643 2732 2925 2804 καθιᾷὶνῃ
2952 2776 2966 2800 ,
3000 2736 3213 2806 σκάφῃ
3257 2740 3359 2793 καὶ
3415 2739 3586 2807 χὼσῃ
3612 2740 3712 2809 τὴν

2132 2820 2291 2874 ἰδίαν
2317 2822 2565 2889 κόπρον.
2601 2823 2719 2877 Ὅτι
2751 2826 2901 2892 λαὸς
2931 2828 3296 2897 ἡγιασμένος
3310 2830 3478 2893 ἐστὲ,
3503 2833 3599 2884 καὶ
3618 2835 3710 2886 Κυ-

2123 2930 2253 2980 ριος
2274 2913 2518 2983 ἐνδημεῐ
2528 2916 2615 2981 εὶς
2624 2915 2822 2985 μέσον
2841 2915 2950 2986 τῆς
2965 2919 3368 2990 παρεμϐολῆς.
3390 2923 3485 2986 Εἰς
3497 2923 3650 2977 τοῦτο
3662 2926 3709 2978 δὲ

2131 3006 2229 3059 καὶ
2285 3008 2527 3080 ἱστορίαν
2568 3009 2759 3074 παῖδες
2819 3011 3088 3083 Ἐϐραίων
3139 3018 3591 3088 παραφέρουσιν,
3638 3021 3709 3071 ὅτι

2130 3096 2414 3168 διήρκεσεν
2447 3102 2631 3166 αὐτοῖς
2674 3104 2703 3155 ὁ
2753 3101 2923 3167 τύπος
2967 3105 3094 3176 ἄχρι
3134 3107 3280 3171 τινὸς
3327 3108 3562 3180 καιροῦ,
3616 3111 3709 3171 ἕης

2130 3189 2251 3243 ὅτου
2284 3193 2312 3244 ὁ
2332 3191 2464 3257 Θεὸς
2490 3192 2725 3266 ἠθέλησε
2756 3194 2924 3259 δεῖξαι
2968 3196 3025 3251 ἐν
3055 3198 3242 3263 αὐτοῖς
3281 3199 3442 3253 τοῦτο
3486 3202 3545 3253 τὸ
3591 3200 3708 3254 θαί-

2135 3300 2242 3353 μα·
2269 3283 2446 3337 καίτοι
2480 3302 2542 3354 γε
2568 3286 2749 3339 αὐτῶν
2786 3287 3075 3343 ἐσθιόντων
3115 3291 3209 3344 καὶ
3236 3292 3378 3363 κρέα
3432 3294 3527 3345 καὶ
3563 3294 3706 3364 ὀρτυ-

2129 3374 2434 3446 γομήτραν,
2469 3376 2881 3449 συμϐεϐηκέναι
2907 3380 3105 3445 αὐτοὺς
3133 3382 3271 3453 μήτε
3306 3381 3501 3435 τούτου
3529 3383 3707 3455 χρείαν

2127 3463 2293 3534 ἔχειν.

2200 3643 2297 3701 ΙΖ’.
2331 3644 2436 3701 Καὶ
2460 3648 2509 3700 εί
2539 3646 2691 3717 παρὰ
2720 3649 2832 3712 τοῖς
2872 3647 3147 3720 Ἑϐραίοις
3175 3647 3263 3701 διὰ
3293 3647 3390 3721 τὴν
3422 3648 3557 3721 πρὸς
3589 3651 3700 3714 10$;

2127 3741 2371 3812 πατέρας
2405 3739 2584 3794 αὐτῶν
2611 3741 2768 3807 δόξαν
2790 3782 2804 3807 ,
2851 3742 2969 3813 ἦτοι
3018 3742 3159 3795 κατὰ
3189 3742 3487 3813 πρόσθεσιν
3510 3786 3525 3810 ,
3560 3761 3694 3814 χαρι-

2128 3831 2349 3895 στικῶς,
2400 3832 2521 3902 ἤτοι
2577 3830 2718 3885 κατά
2768 3831 3027 3903 ἀλήθειαν
3071 3833 3229 3886 τοῦτο
3275 3833 3460 3904 ᾅδεται
3518 3835 3694 3895 (καίτοι

2125 3940 2189 3992 γε
2242 3923 2422 3976 αὐτῶν
2466 3923 2685 3978 εἰδότων
2709 3964 2723 3989 ,
2761 3925 2843 3978 ὅτι
2887 3925 2982 3980 καὶ
3021 3926 3297 3998 ἄνθρωποι
3328 3922 3470 3998 ἦσαν
3497 3929 3545 3980 οί
3578 3927 3693 3998 πρὸς

2126 4013 2306 4068 αὐτῶν
2361 4019 2820 4087 συνηγορούμενοι
2870 4017 2964 4070 καὶ
3016 4018 3249 4089 φθαρτοὶ
3322 4018 3417 4071 καὶ
3476 4019 3538 4071 οὐ
3597 4018 3692 4071 θεοὶ

2127 4107 2222 4159 καὶ
2256 4109 2321 4161 ἐκ
2365 4108 2569 4179 σαρκὸς
2616 4110 2710 4161 καὶ
2750 4109 2984 4179 αἵματος
3032 4111 3125 4165 καὶ
3178 4110 3405 4181 ψυχῆς)’
3449 4112 3533 4175 τίς
3562 4110 3689 4180 παρὰ

2123 4199 2328 4253 τούτων
2393 4201 2643 4267 ἀνέξεται
2694 4201 2911 4256 ἀκούων
2966 4202 3038 4255 τά
3087 4203 3191 4256 οὐκ
3247 4203 3529 4273 ἁτόλμητα
3581 4202 3688 4272 περὶ

2123 4292 2363 4365 Χριστοῦ
2410 4294 2505 4348 τοῦ
2544 4293 2752 4349 ἄνωθεν
2811 4294 3057 4359 ἐλθόντος
3094 4294 3229 4349 Θεοῦ
3266 4296 3443 4364 Λόγου
3493 4296 3687 4365 καὶτῆς

433 4396 538 4451 que
585 4382 759 4450 ipsius
806 4381 1186 4435 incarnatione
1233 4380 1433 4449 jactari
1470 4381 1540 4434 ab
1583 4382 1691 4438 illis
1744 4384 1964 4454 patienti

2126 4384 2289 4439 αὐτοῦ
2320 4386 2378 4438 ἐν
2397 4385 2598 4439 ἅπασιν
2614 4384 2825 4449 ἐνδόξου
2851 4387 2944 4441 καὶ
2972 4387 3231 4458 ἀληθινῆς
3263 4390 3531 4458 ἐνσάρκου
3566 4402 3684 4456 παρ-

433 4471 655 4526 audiat?
705 4470 823 4538 Qua
874 4472 1096 4542 quidem
1142 4473 1196 4526 in
1227 4473 1610 4530 incarnatione
1655 4476 1814 4540 illud,
1868 4470 2019 4549 quod

430 4562 635 4617 dictum
661 4571 770 4626 est,
801 4564 1045 4633 implevit
1081 4581 1094 4617 :
1125 4562 1168 4617 Τ
1169 4574 1381 4619 entatus
1407 4581 1500 4635 per
1535 4569 1715 4621 omnia
1745 4578 1801 4622 ut
1841 4570 2015 4637 homo,

430 4652 625 4725 absque
662 4664 873 4722 peccato
904 4655 943 4707 ³.
979 4653 1214 4720 Etenim,
1256 4656 1382 4711 licet
1406 4666 1595 4713 nostra
1626 4675 1788 4715 carne
1817 4664 2019 4733 praedi-

430 4753 519 4799 tus
544 4745 704 4811 foret,
732 4755 944 4815 poterat
976 4744 1337 4802 nihilominus
1367 4747 1457 4801 illa
1498 4748 1615 4818 ipsa
1645 4766 1767 4820 quae
1795 4766 1825 4804 a
1853 4754 2017 4810 nobis

432 4836 705 4892 habentur
726 4837 875 4902 vilia,
900 4838 1338 4907 praetermittere,
1366 4855 1538 4910 eaque
1554 4853 1818 4909 praestare
1838 4845 2016 4900 solum

427 4945 549 5001 quae
582 4931 898 4986 honestiora
930 4945 995 4985 ac
1026 4930 1225 4985 divina:
1259 4932 1532 5002 majestati
1574 4950 1817 5007 congrua
1866 4938 2019 4994 vide-

427 5022 624 5078 bantur
652 5040 665 5077 :
690 5029 877 5091 utpote
903 5036 999 5091 per
1027 5036 1190 5091 quem
1216 5029 1269 5076 et
1292 5020 1663 5079 lsraelitarum
1694 5028 1877 5098 capilli
1903 5044 2015 5084 non

426 5114 792 5179 excreverint,
826 5130 927 5170 nec
970 5130 1162 5171 eorum
1208 5117 1535 5173 vestimenta
1568 5117 1758 5175 sordes
1788 5128 2014 5175 contra-

427 5209 605 5263 xerint
625 5249 638 5271 ,
672 5222 794 5278 qua:
822 5210 1029 5271 omnia,
1061 5209 1108 5263 si
1144 5208 1427 5264 traditioni
1458 5209 1757 5278 credimus,
1788 5212 1898 5269 illis
1926 5228 2015 5268 ac-

426 5300 696 5355 ciderunt.
749 5298 904 5365 Quod
950 5307 1133 5354 autem
1184 5308 1366 5355 vestes
1420 5300 1706 5357 hominum
1756 5304 2011 5360 manibus

426 5399 711 5445 contextas
744 5390 1001 5446 Christus
1042 5392 1317 5454 habuerit,
1355 5400 1512 5447 extra
1542 5407 1761 5449 omnem
1788 5406 2012 5451 contro-

424 5486 657 5540 versiain
687 5492 793 5540 est.
829 5482 1019 5538 Partiti
1054 5492 1183 5541 sunt
1226 5485 1371 5540 enim
1417 5486 1743 5567 vestimenta
1769 5489 1912 5559 ejus,
1958 5499 2014 5545 et

502 5638 519 5673 ¹
550 5636 780 5713 ιιιιιθε.
817 5657 948 5707 xvtt,
989 5643 1039 5698 6.

2121 4477 2345 4543 ουσίας;
2417 4477 2480 4530 ἐν
2600 4479 2886 4551 ἐπλήρωσε
2932 4480 2992 4535 τὸ
3037 4481 3327 4553 εἰρημένον
3364 4499 3377 4512 ·
3430 4486 3681 4549 "extirpa-

2113 4569 2299 4641 μένος
2326 4568 2477 4623 κατὰ
2504 4570 2703 4626 πάντα
2734 4573 2815 4639 ὡς
2840 4574 3153 4643 ἅνθρωπος
3187 4575 3369 4644 χωρὶς
3398 4575 3678 4645 ἁμαρτίας.

2133 4662 2291 4732 Ἐξῆν
2319 4663 2428 4735 γὰρ
2471 4663 2619 4734 αὐτῷ
2664 4663 2893 4736 ἀληθείᾳ
2930 4664 3150 4735 ἓχοντια
3169 4665 3350 4736 σάρκα
3381 4667 3483 4737 τὴν
3512 4662 3680 4737 ἡμετέ-

2122 4772 2222 4825 ραν
2246 4794 2261 4816 ,
2304 4754 2380 4827 μὴ
2434 4755 2695 4827 πράττειν
2732 4756 2801 4810 τὰ
2850 4757 3113 4812 δοκοῦντα
3164 4758 3297 4828 ἡμῖν
3345 4757 3566 4828 εὐτελῆ,
3605 4756 3677 4809 καὶ

2120 4845 2383 4917 πράττειν
2410 4847 2571 4899 ὁποῖα
2611 4846 2785 4917 σεμνὰ
2817 4847 3106 4919 ἐτύγχανε,
3146 4849 3242 4902 καὶ
3270 4849 3549 4919 πρέποντα
3573 4850 3676 4902 ἀνα-

2117 4936 2292 5007 λόγως
2335 4941 2400 5009 τῇ
2450 4938 2696 5010 θεότητι·
2740 4939 2807 4993 δι’
2850 4936 2911 4995 οῦ
2968 4941 3061 4993 καὶ
3110 4942 3159 4994 oi
3205 4942 3313 4995 υἱοὶ
3351 4941 3563 5013 Ἰσραὴλ
3599 4941 3674 4993 οὐκ

2116 5030 2414 5101 ἐκόμησαν,
2445 5032 2539 5086 καὶ
2572 5033 2641 5085 τά
2674 5034 2865 5104 ἱμάτια
2892 5032 3071 5088 αὐτῶν
3106 5035 3207 5087 οὐκ
3254 5034 3563 5106 ἐρυπάνθησ
3602 5031 3673 5085 καί

2112 5122 2287 5175 ταῦτα
2325 5123 2467 5177 κατὰ
2518 5124 2816 5196 παράδοσιν
2855 5126 3040 5188 αὐτοῖς
3080 5126 3449 5197 συμϐέϐηκεν.
3487 5128 3597 5180 Ὅτι
3627 5125 3670 5177 δὲ

2119 5215 2215 5268 καὶ
2270 5215 2461 5286 ἱμάτια
2514 5212 2659 5287 εἶχεν
2722 5216 2781 5284 ἐξ
2837 5215 3141 5289 ἀνθρώπων
3198 5218 3665 5289 κατεσκευασμένα,

2121 5304 2511 5375 ἀναμφίϐολον.
2558 5307 2952 5379 Διεμερίσαντο
3006 5308 3115 5379 γὰρ
3167 5308 3241 5361 τά
3296 5310 3482 5379 ἱμάτια
3511 5306 3662 5364 αὑτοῦ,

2122 5397 2215 5450 καὶ
2244 5398 2337 5450 ἐπὶ
2387 5398 2479 5451 τὸν
2511 5399 2807 5470 ἱματισμὸν
2856 5398 3021 5451 αὐτοῦ
3066 5398 3260 5454 ἔϐαλον
3291 5400 3505 5471 κλῆρον.
3534 5398 3587 5450 Et
3616 5394 3660 5448 δὲ

2124 5492 2338 5561 ἱμάτιον
2371 5491 2430 5559 ἐξ
2453 5491 2755 5574 ἀνθρώπων
2781 5531 2795 5559 ,
2826 5491 3067 5564 δηλονότι
3123 5491 3181 5559 ἐξ
3211 5492 3371 5565 ἐρέας
3403 5488 3466 5564 ἦν
3502 5489 3581 5543 καὶ
3610 5488 3657 5538 ἐν

1135 5646 1153 5675 ¹
1187 5645 1342 5707 Deut.
1375 5663 1534 5712 mn,
1570 5646 1655 5702 15.
1736 5647 1753 5679 ³
1797 5644 1960 5701 Hebr.
1999 5661 2071 5713 tv,
2109 5648 2191 5704 15.
