3790 6212
83 209 216 272 865

756 223 1126 286 aoveasus
1161 219 1507 289 nienses
1545 215 1674 292 cui.
1709 233 1801 292 ιιι.
1841 219 2007 298 Ton.
2041 239 2179 298 ιι.-
2219 240 2253 298 ιι

1302 227 1507 289 isses
1545 215 1674 292 LIB.
1709 233 1801 292 ιιι.
1841 219 2007 298 Ton.
2041 239 2179 298 ιι.-
2219 240 2496 303 amnes.
2540 247 2799 308 Lxxvu.

79 327 286 436 limo"
308 331 380 388 τὰ
400 333 458 388 δὲ
486 335 550 389 ὲκ
573 334 716 391 λίνου
744 341 837 394 καὶ
871 342 931 409 ἐξ
960 343 1122 416 ὲρέας
1145 349 1490 419 γεγενημένα
1510 349 1576 420 ἄιε

1888 369 1968 412 ιει·
2009 364 2220 416 vestem
2249 359 2372 432 ejus
2409 362 2678 421 miserunt
2710 372 2914 426 sortem
2929 365 2974 424 ⁵.
3003 366 3162 436 Quod
3195 369 3244 426 si
3284 371 3385 428 bo-

73 439 226 478 τινα
246 419 314 496 ἦν
347 427 440 480 καὶ
460 427 780 502 ἀναίσθητα.
826 433 966 488 Ἀλλ’
995 436 1084 490 ὅτε
1114 437 1346 510 ἠθέλησε
1379 419 1570 507 δεῖξαι
1589 419 1690 497 αδ·-

75 516 192 569 τοῦ
221 517 284 570 τὸ
313 519 542 575 δυνατὸν
575 523 672 595 τῆς
705 523 980 598 θεότητος,
1009 533 1484 605 μεταμορφωθεὶς,
1518 534 1688 601 ἔδειξε

67 605 158 656 τὸ
184 607 483 679 πρόσωπον
510 613 676 668 αὑτοῦ
707 615 784 680 ὣς
809 616 904 672 τὸν
935 618 1087 690 ἥλιον
1111 660 1126 684 ,
1158 623 1252 676 καὶ
1281 623 1350 678 τὰ
1374 625 1566 696 ίμάτια
1589 626 1690 680 αύ-

71 699 188 789 τοῦ
219 699 391 756 λευκά
427 704 558 758 ὡσεὶ
587 707 762 776 χιόνα.
804 711 989 766 Πάντα
1020 712 1130 786 γὰρ
1160 713 1240 786 τῷ
1281 716 1494 789 δυνατῷ
1523 719 1686 773 δυνα-

71 787 196 856 τὰ,
257 793 338 856 εἰς
371 794 434 847 τὸ
471 795 760 870 ὐποθήξειν
803 802 818 832 ί
865 803 1016 876 παρά
1071 807 1428 877 προσδοκίαν,
1466 787 1571 864 καὶ
1616 809 1687 864 τὰ

71 883 402 958 ἀναίσθητα
432 890 525 942 καὶ
561 891 630 945 τὰ
667 894 844 950 ἄπνοα
888 899 968 962 είς
1020 897 1178 964 δόξαν
1212 900 1304 954 καὶ
1348 901 1684 974 φαιδρότητα

72 980 507 1042 μετασκευάσαι
529 1000 543 1014 ο
574 983 650 1048 ὡς
677 986 776 1055 τὴν
799 975 993 1058 ῥάϐδον
1015 991 1150 1044 Μωῢ
1162 992 1319 1056 σέως,
1347 994 1423 1058 ὡς
1457 995 1524 1048 τὰ
1550 995 1684 1049 ὑπο-

65 1065 314 1158 δήματα
346 1072 454 1126 τῶν
486 1075 618 1129 υἱῶν
681 1079 913 1150 Ἰσραήλ.
956 1083 1098 1137 Πᾶσι
1151 1084 1260 1156 γὰρ
1311 1085 1678 1158 ὡμολόγηται.

65 1155 171 1249 ὅτι.
206 1161 257 1211 oi
301 1162 588 1219 ἀπόστολοι
624 1167 768 1238 ἅγιοι
799 1171 1076 1244 ἄνθρωποι
1117 1155 1298 1246 ἦσαν,
1332 1155 1564 1249 φθαρτοί
1613 1180 1684 1233 τά

69 1248 322 1321 σώματα
353 1258 431 1320 είς
461 1259 610 1329 ἡμᾶς
635 1264 676 1326 ¹,
732 1264 997 1337 ἄφθαρτοι
1053 1268 1108 1322 δὲ
1143 1269 1230 1324 διὰ
1260 1270 1360 1342 τὴν
1394 1273 1684 1344 ἐνοικήσα-

65 1356 190 1396 σαν
221 1345 408 1412 αὐτοῖς
443 1349 578 1404 Θεοῦ
633 1353 810 1420 δόξαν.
847 1358 959 1412 Καὶ
1001 1360 1130 1414 σκιά
1173 1361 1272 1434 μὲν
1302 1361 1514 1435 Πέτρου
1541 1364 1682 1416 πάν-

61 1449 186 1497 τας
241 1439 369 1502 τοὺς
416 1447 895 1518 προσφερομένους
941 1450 1163 1522 ἔχοντας
1200 1454 1484 1520 ἀσθενείας
1518 1458 1636 1512 ἰᾶτο
1663 1471 1678 1486 ·

63 1525 176 1577 καὶ
222 1531 485 1604 σουδάρια
511 1575 524 1595 ,
575 1539 667 1591 καὶ
704 1541 1004 1612 σιμικίνθια
1038 1543 1148 1598 τῶν
1201 1545 1432 1616 ἱματίων
1464 1547 1678 1602 Παύλου

61 1613 346 1689 δυνάμεις
375 1625 721 1695 ἐργάζονται.

1797 445 2006 502 minum
2035 449 2275 506 artiﬁcio
2307 454 2479 511 vestis
2519 464 2641 512 erat
2673 458 2767 514 illa
2809 459 3084 528 confecta,
3127 462 3314 534 utique
3352 479 3386 522 e

1794 537 1918 594 lana
1953 541 2176 613 linoque
2222 555 2480 604 contexta
2527 549 2728 606 fuerat.
2777 552 2910 619 Quae
2947 561 3131 611 autem
3157 571 3224 612 ex
3269 557 3384 613 lino

1790 639 1978 686 essent
2015 632 2208 692 lanave
2251 635 2418 705 facta,
2453 640 2669 711 opinor,
2701 644 2884 700 anima
2916 661 2983 702 ac
3020 663 3186 704 sensu
3227 662 3385 706 care-

1791 720 1943 776 bant.
1977 722 2180 780 Verum
2207 729 2298 784 ubi
2320 728 2628 790 divinitatis
2661 749 2777 790 suae
2805 739 3102 806 potentiam
3133 737 3382 795 indicare

1789 813 1968 870 visum
1998 824 2104 882 est,
2130 820 2525 879 transformato
2549 840 2802 898 corpore,
2833 828 3030 884 faciem
3057 845 3214 886 suam
3241 831 3380 890 solis

1788 903 1969 962 instar
2003 911 2212 982 1011
2255 915 2630 986 splendentem
2654 937 2718 976 ac
2739 923 3068 979 vestimenta
3113 939 3214 981 sua
3234 926 3378 982 nivis

1789 1013 1942 1054 more
1967 1003 2260 1060 candentia
2283 1013 2612 1066 monstravit
2627 1015 2674 1068 ⁸.
2689 1013 2838 1070 Nihil
2857 1023 2942 1072 est
2961 1016 3106 1071 enim
3120 1032 3230 1072 non
3245 1033 3382 1088 prm-

1787 1096 1996 1164 potenti
2028 1096 2136 1154 Deo
2165 1103 2450 1172 possibile,
2483 1115 2545 1162 ut
2576 1109 2660 1164 vel
2685 1124 2748 1165 ea
2779 1125 3021 1182 quoque,
3049 1127 3173 1182 qua:
3195 1127 3368 1169 sensu

1786 1198 1850 1238 ac
1876 1185 2074 1255 spiritu
2105 1201 2352 1260 careant,
2391 1205 2672 1254 momento
2702 1215 2767 1254 ac
2807 1209 3004 1272 praeter
3035 1217 3252 1258 omnem
3277 1218 3376 1258 ex-

1785 1281 2192 1345 spectationem
2216 1285 2273 1340 in
2296 1287 2527 1358 gloriam
2557 1291 2736 1361 possit
2759 1295 3222 1366 splendoremque
3237 1311 3373 1352 con-

1783 1379 1997 1428 vertere
2026 1393 2038 1430 :
2071 1381 2532 1446 quemadmodum
2588 1386 2643 1442 in
2697 1387 2900 1459 Moysis
2931 1389 3082 1460 virga
3113 1398 3168 1446 et
3198 1390 3376 1447 lsrae-

1783 1458 2004 1517 litarum
2078 1469 2470 1530 calceamentis
2539 1458 2798 1534 ostendit.
2864 1479 2960 1535 Est
3023 1458 3174 1537 enim
3225 1483 3371 1552 apud

1782 1565 1975 1612 omnes
1996 1556 2052 1613 in
2091 1561 2370 1630 confesso,
2403 1571 2686 1640 apostolos
2707 1573 3093 1629 sanctissimos
3115 1575 3370 1630 homines

1783 1641 1958 1703 fuisse
2002 1651 2226 1710 eosdem
2275 1660 2606 1730 corporibus
2657 1664 2890 1734 perinde
2923 1679 2987 1720 ac
3025 1681 3132 1721 nos
3169 1681 3366 1722 corru-

61 1712 331 1780 ptibiles,
379 1729 454 1778 et.
500 1732 702 1792 praeter
770 1727 1012 1784 divinam
1052 1731 1288 1802 gloriam
1345 1748 1465 1803 quae
1507 1733 1564 1790 in
1630 1734 1744 1792 illis
1783 1739 2076 1813 insidebat,
2129 1712 2487 1826 incorruptos
2532 1712 2838 1814 exstitisse.
2891 1761 3259 1827 Quamobrem
3311 1767 3369 1818 et

63 1811 284 1866 umbra
325 1813 472 1874 Petri
528 1822 730 1878 oblatis
788 1826 952 1897 aegris
1013 1829 1274 1886 onmihus
1318 1832 1609 1888 sanitatem
1649 1837 1946 1906 contulit“,
1987 1849 2044 1898 et
2082 1846 2308 1904 sudaria
2347 1811 2412 1905 ac
2473 1852 2820 1908 semicinctia
2856 1811 3084 1911 e~Pauli
3121 1855 3369 1914 vestibus

63 1903 414 1965 admiranda
438 1917 687 1982 quaedam
719 1922 970 1993 prodigia
1001 1924 1440 1994 praestiterunt".

143 2000 382 2058 111¹.Καὶ
404 2004 520 2067 πῶς
535 2002 679 2062 οὗτοι
707 2008 840 2064 Θεὸν
859 2011 1405 2086 πολυπραγμονοῦσιν
1429 2017 1640 2088 αἰσχράς

1867 2016 2169 2088 LVlll.Quid
2189 2039 2315 2082 vero
2334 2025 2530 2084 attinet
2545 2027 2950 2087 homunciones
2967 2032 3102 2089 istos
3113 2037 3364 2106 quaedam

63 2109 234 2156 τινας
283 2094 541 2161 ὑπονοίας
577 2101 1003 2172 τεκταινόμενοι,
1037 2106 1128 2160 ἐπὶ
1149 2101 1225 2160 ὧν
1253 2109 1478 2181 οὐδεμία
1518 2115 1678 2185 χρεία

63 2187 410 2260 γεγέννηται
441 2189 660 2246 πώποτε
692 2193 830 2266 πρὸς
857 2196 1136 2269 διαλογὴν,
1169 2201 1230 2252 ού
1267 2205 1520 2276 προφήτῃ
1539 2246 1552 2268 ,
1577 2207 1678 2259 οὐκ

65 2277 484 2353 εύαγγελιστῇ,
532 2283 633 2338 οὐκ
685 2287 1008 2358 ἀποστόλῳ,
1043 2290 1104 2344 οὐ
1161 2298 1502 2366 συγγραφεῖ;
1537 2296 1678 2350 Ὅσα

71 2371 195 2443 γὰρ
225 2375 455 2430 τοιαῦτα
485 2371 630 2432 οὗτοι
665 2380 906 2450 λέγουσι,
931 2384 1034 2438 κᾶν
1066 2385 1240 2457 μυρία
1269 2387 1527 2442 ἐπέκεινα
1554 2389 1678 2443 τού-

67 2481 186 2516 των
258 2465 452 2530 κακῶς
517 2468 891 2541 ὑπονοήσωσιν
921 2513 936 2538 ,
997 2475 1097 2529 οὐκ
1125 2477 1517 2549 ,ἀνατρέψουσι
1575 2481 1676 2552 τὴν

67 2559 361 2628 πατρικὴν
396 2559 552 2630 ἡμῶν
586 2561 790 2629 πίστιν,
816 2565 915 2636 τὴν
943 2570 1008 2637 τῇ
1039 2568 1266 2641 ἀληθείᾳ
1299 2575 1533 2642 Χριστὸν
1555 2597 1686 2635 κατ-

71 2643 476 2712 αγγέλλουσαν.
569 2654 863 2728 Ἐγεννήθη
895 2658 1002 2730 γὰρ
1031 2660 1264 2731 Χριστὸς
1293 2663 1350 2716 ἐν
1380 2665 1544 2735 σαρκὶ
1577 2683 1677 2720 κα-

69 2742 148 2796 τὰ
170 2740 443 2814 ἀλήθειαν
463 2746 573 2800 ἀπὸ
597 2748 818 2822 Μαρίας
831 2749 932 2820 τῆς
972 2751 1358 2824 Ἀειπαρθὲνου
1391 2755 1480 2808 διὰ
1504 2755 1676 2810 Πνεύ-

73 2849 254 2902 ματος
288 2835 471 2904 ἁγίου·
511 2840 604 2892 καὶ
661 2840 824 2906 εὐθὺς
878 2843 986 2897 ἀπὸ
1029 2847 1280 2915 κυήσεως
1322 2847 1673 2920 Ἐμμανουὴλ

69 2925 354 2994 καλεῖται,
395 2931 424 2984 ὃ
469 2931 607 2998 ἐστι,
635 2921 780 2998 Θεὸς
802 2937 934 3004 μεθ’
983 2934 1166 3006 ἡμῶν·
1205 2937 1389 2992 ούκὲτι
1419 2938 1672 3012 δεύτερον

68 3020 362 3086 γεννᾶται.
403 3021 512 3076 Καὶ
543 3023 752 3094 ἀπέδρα
797 3026 878 3089 είς
918 3024 1018 3098 τὴν
1051 3026 1327 3096 Αἴγυπτον
1358 3027 1420 3082 τὸ
1459 3031 1672 3086 παιδίον

71 3110 216 3182 μετά
270 3111 476 3182 Ἰωσὴφ
495 3112 589 3166 καὶ
616 3115 854 3186 Μαρίας,
887 3115 1075 3188 ἐπειδὴ
1108 3117 1336 3190 ἐζήτουν
1363 3118 1460 3190 τὴν
1491 3120 1670 3192 ψυχὴν

69 3201 166 3258 τοῦ
192 3204 442 3266 παιδίου,
483 3205 559 3269 ὡς
591 3205 895 3278 δυναμένου
931 3208 1097 3262 αὐτοῦ
1128 3211 1186 3263 ἐν
1213 3212 1376 3283 σαρκὶ
1398 3212 1671 3267 ἀποκταν-

70 3295 253 3366 θῆναι.
302 3296 468 3352 Ἀλλὰ
490 3299 873 3372 προσεκυνήθη
905 3300 1011 3354 ὑπὸ
1043 3301 1150 3356 τῶν
1189 3303 1380 3375 μάγων
1408 3303 1484 3368 ὡς
1533 3305 1666 3369 Θεὸς

1781 2113 2070 2184 subturpia
2101 2118 2442 2190 cogitatione
2475 2120 2745 2194 ﬁngentes
2771 2124 2826 2178 in
2856 2125 3106 2182 divinum
3154 2145 3363 2188 numen

1779 2204 2055 2261 curiosius
2086 2207 2389 2279 inquirere,
2421 2226 2550 2266 cum
2591 2214 2660 2268 de
2694 2213 2783 2270 bis
2827 2217 3016 2273 nullus
3067 2222 3364 2292 propheta,

1776 2297 1862 2354 vel
1887 2301 2246 2371 evangelista,
2285 2304 2369 2359 vel
2403 2306 2708 2376 apostolus,
2749 2309 2838 2364 vel
2883 2311 3110 2369 alterius
3138 2315 3362 2384 generis

1777 2389 2018 2460 scriptor
2053 2391 2340 2464 disputare
2364 2395 2472 2452 sibi
2496 2399 2876 2454 necessarium
2901 2400 3160 2458 duxerit?
3183 2403 3368 2460 Enim-

1777 2496 1908 2538 vero
1957 2483 2228 2556 quidquid
2277 2487 2357 2543 illi
2391 2497 2645 2554 narrant,
2691 2506 2757 2547 ac
2805 2492 2934 2558 licet
2986 2495 3202 2551 infinita
3255 2498 3362 2554 alia

1777 2582 2042 2643 prmtcrea
2072 2575 2213 2632 falsa
2242 2579 2365 2636 sine
2398 2583 2658 2652 opinione
2689 2584 3029 2657 conﬁngant,
3072 2603 3360 2661 nunquam

1776 2670 1958 2720 tamen
1991 2667 2250 2724 traditam
2275 2685 2308 2724 a
2350 2672 2652 2743 majoribus
2681 2677 2891 2732 nostris
2921 2677 3102 2744 ﬁdem,
3137 2696 3262 2751 quae
3294 2683 3363 2740 de

1775 2755 1996 2814 Christo
2030 2759 2252 2817 sincere
2277 2764 2462 2824 omnia
2488 2765 2776 2834 praedicat,
2801 2777 3062 2838 poterunt
3085 2779 3360 2831 evertere.

1773 2851 2031 2910 Christus
2061 2857 2205 2910 enim
2231 2872 2298 2912 ex
2332 2856 2505 2913 Maria
2539 2859 2764 2932 Virgine
2797 2863 3105 2919 secundum
3135 2881 3360 2924 carnem

1772 2958 1966 2999 revera
2007 2945 2077 3002 de
2120 2945 2328 3017 Spiritu
2379 2959 2572 3005 sancto
2613 2952 2832 3022 genitus
2875 2960 2982 3009 est.
3037 2953 3117 3009 Ac
3171 2957 3360 3012 statim

1771 3041 1897 3103 post
1940 3044 2156 3104 partum
2209 3036 2556 3106 Emmanuel,
2611 3042 2717 3099 hoc
2762 3051 2848 3101 est
2883 3043 3176 3102 Nobiscum
3216 3047 3360 3103 Deus

1773 3128 2155 3197 appellatur“;
2191 3145 2296 3187 nec
2326 3131 2440 3202 jam
2475 3135 2721 3190 secundo
2752 3135 3020 3207 gignitur.
3067 3137 3202 3195 Post
3239 3139 3358 3194 haec

1773 3219 1958 3276 infans
1989 3221 2045 3275 in
2077 3219 2374 3295 )Egyptum
2419 3240 2545 3282 cum
2588 3226 2830 3299 Josepho
2873 3243 2939 3284 ac
2967 3228 3139 3284 Maria
3175 3237 3356 3288 trans-

1773 3308 1932 3380 fugit,
1963 3303 2227 3381 quoniam
2259 3317 2577 3386 quaerebant
2601 3318 2841 3374 animam
2871 3321 3028 3391 pueri
3050 3321 3096 3385 ',
3131 3329 3192 3376 ut
3218 3321 3356 3378 illud

69 3362 335 3458 ἀληθινὸς
359 3428 373 3452 ,
409 3390 467 3444 ὲν
497 3362 662 3460 σαρκὶ
685 3362 966 3462 γεννηθεὶς
991 3433 1006 3457 ,
1057 3392 1152 3446 καὶ
1182 3362 1244 3446 οὐ
1270 3362 1510 3467 δοκήσει.
1557 3396 1566 3448 1

1969 3362 2227 3381 .,_-_-__---
2261 3362 2577 3386 γυνη..-
2601 3362 2841 3374 .............
2871 3362 3028 3391 νυν..
3081 3362 3096 3385 ,
3133 3362 3192 3376 ..-
3218 3362 3353 3378 .......

1856 3411 2098 3471 gumento
2124 3403 2197 3460 sit
2227 3405 2381 3461 illum
2410 3407 2467 3462 in
2495 3423 2664 3466 carne
2702 3411 2889 3468 necari
2935 3411 3202 3482 potuisse.
3247 3410 3353 3468 Ve-

69 3478 316 3534 ἁνελθὼν
371 3481 481 3534 ἀπὸ
516 3482 793 3550 Αἰγύπτου
827 3483 968 3538 κατά
1001 3483 1166 3554 φόϐον
1210 3485 1304 3539 τοῦ
1347 3487 1543 3560 Ἰωσὴφ
1567 3487 1669 3540 οὐκ

69 3572 328 3644 εἰσῆλθεν
367 3576 448 3638 είς
489 3575 876 3649 Ἰερουσαλὴμ,
915 3577 984 3632 δι’
1030 3579 1338 3651 Ἀρχέλαον,
1387 3579 1462 3644 ὡς
1503 3580 1666 3635 δυνα-

71 3665 238 3735 μένου
263 3664 364 3720 τοῦ
411 3666 626 3722 παιδίου
665 3669 1044 3741 κρατηθῆναι,
1075 3673 1170 3725 καὶ
1209 3671 1313 3744 πρὸ
1339 3671 1436 3726 τοῦ
1471 3673 1663 3746 καιροῦ

69 3759 126 3810 ὲν
159 3759 336 3832 σαρκὶ
365 3759 556 3813 παθεῖν
590 3761 728 3834 ὅπερ
752 3761 946 3834 ἔμελλε
981 3755 1256 3835 πάσχειν.⁸
1282 3763 1446 3819 Ἀλλὰ
1475 3765 1666 3820 διεκω-

70 3849 202 3921 λύθη
247 3851 362 3904 ὑπὸ
425 3852 670 3906 Ἰωάννου
697 3893 712 3918 ,
768 3854 1128 3924 ἐπιγνωσθεὶς
1179 3855 1285 3910 ὑπὸ
1343 3857 1437 3910 τοῦ
1475 3857 1664 3912 δούλου

71 3941 387 4016 Δεσπότης,
435 3946 516 3999 ὅτι
547 3947 683 4022 Θεὸς
721 3941 790 4019 ἦν
843 3947 1274 4022 ὲνανθρωπήσας
1320 3951 1379 4004 ὲν
1412 3951 1660 4023 ἀληθείᾳ.

73 4037 142 4090 Oti
170 4035 508 4104 κατεδέξατο
537 4039 594 4093 δὲ
625 4041 726 4113 τὴν
771 4041 870 4095 τοῦ
909 4043 1039 4096 ίδίου
1073 4043 1262 4100 δούλου
1295 4047 1354 4098 ὲν
1382 4049 1446 4119 τῇ
1479 4045 1662 4100 τοιαύ-

71 4143 136 4200 τῃ
160 4129 425 4183 ὑποθέσει
453 4131 640 4204 τιμὴν,
676 4132 764 4186 ἵνα
791 4133 1056 4208 πληρώσῃ
1089 4137 1270 4190 πᾶσαν
1315 4135 1662 4209 δικαιοσύνην

73 4221 124 4273 ἐν
155 4225 350 4295 σαρκὶ,
380 4225 439 4276 ὲν
466 4225 716 4298 ἀληθείᾳ,
745 4228 840 4280 καὶ
875 4228 1058 4301 τελείᾳ
1090 4228 1499 4304 ὲνανθρωπήσει
1525 4272 1541 4297 ,
1569 4231 1662 4286 τὸν

73 4311 443 4387 ὑπογραμμὸν
467 4316 566 4388 τῆς
593 4318 867 4390 σωτηρίας
895 4320 1024 4390 ἡμῖν
1047 4320 1455 4392 ὑπολιμπάνων.
1499 4322 1661 4376 Ἀλλά

73 4405 160 4457 καὶ
195 4407 486 4478 κέκμηκεν
515 4409 624 4463 ἀπὸ
671 4410 771 4481 τῆς
821 4410 1126 4486 ὁδοιπορίας
1165 4414 1225 4468 ὲν
1256 4414 1486 4487 ἀληθείᾳ
1508 4432 1523 4446 ο
1563 4417 1656 4471 καὶ

71 4495 164 4564 οὐχ
195 4495 389 4560 ἁπλῶς
428 4497 633 4570 ἔκαμεν
655 4542 672 4566 ,
719 4499 856 4554 ἀλλά
884 4502 980 4556 καὶ
1020 4503 1310 4576 ἐκαθέσοη.
1343 4506 1491 4559 Διότι
1523 4506 1658 4578 ἀλη-

75 4585 225 4652 θινῶς
251 4589 680 4662 ὲνηνθρὼπησεν
707 4632 722 4658 ,
745 4589 875 4645 ἐϐόα
903 4596 924 4630 ³
947 4593 1118 4664 λέγων
1142 4614 1156 4628 ·
1189 4597 1386 4661 Δεῦτε,
1432 4597 1656 4668 πάντες

1771 3504 1896 3546 rum
1932 3506 1966 3548 a
1998 3495 2174 3565 magis
2219 3497 2484 3556 adoratus
2533 3508 2640 3568 est,
2693 3507 2958 3572 tanquam
2992 3517 3158 3558 verus
3207 3501 3354 3559 Deus

1769 3599 1940 3644 carne
1970 3587 2112 3658 ipsa,
2151 3603 2264 3646 non
2309 3591 2429 3646 sola
2473 3592 2658 3663 specie
2693 3593 3226 3665 adumbrationeque
3256 3610 3354 3650 na-

1767 3686 1878 3736 tus.
1907 3679 2114 3738 Deinde
2141 3697 2266 3738 cum
2299 3699 2366 3740 ex
2389 3683 2628 3758 Egypto
2653 3687 2994 3752 revertisset,
3020 3686 3351 3743 Archelaum

1768 3773 1948 3830 adhuc
1981 3783 2260 3831 metuente
2281 3775 2548 3850 Josepho,
2583 3777 3016 3850 Hierosolymam
3055 3794 3166 3835 non
3192 3778 3350 3846 adiit,

1766 3873 1956 3938 utpote
1980 3881 2107 3923 eum
2135 3875 2190 3924 et
2229 3869 2414 3928 infans
2451 3871 2846 3943 comprehendi
2886 3881 3091 3942 posset,
3123 3879 3181 3927 et
3224 3878 3351 3928 ante

1763 3967 1984 4030 tempus
2017 3960 2074 4015 in
2110 3976 2280 4018 carne
2303 3963 2536 4034 perpeti,
2569 3978 2694 4034 quae
2721 3971 2842 4019 erat
2880 3963 3178 4034 aliquando
3217 3979 3352 4036 pas-

1763 4066 1948 4108 surus.
2003 4051 2207 4110 Praater
2245 4054 2362 4110 haec
2401 4069 2432 4109 a
2462 4053 2674 4112 Joanne
2716 4055 3028 4126 prohibitus
3071 4063 3178 4123 est,
3219 4069 3354 4110 eum

1767 4147 2052 4208 dominum
2101 4159 2294 4200 servus
2334 4145 2674 4214 agnovisset,
2709 4144 2878 4200 Deum
2926 4159 3053 4200 esse
3104 4145 3354 4202 hominis

1762 4243 1963 4291 natura
1995 4252 2186 4293 revera
2227 4237 2512 4306 praeditum
2543 4235 2610 4294 ‘°.
2643 4237 2714 4291 At
2741 4237 2790 4292 is
2820 4237 3064 4292 habitum
3101 4237 3204 4293 sibi
3245 4237 3354 4292 ho—

1759 4343 1952 4384 norem
2001 4343 2032 4383 a
2081 4343 2240 4384 servo
2268 4329 2325 4382 in
2353 4343 2420 4384 eo
2451 4343 2652 4399 genere
2683 4327 3008 4384 detrectavit
3035 4343 3253 4385 omnem
3285 4329 3354 4385 in

1757 4435 1926 4477 carne
1963 4435 2028 4476 ex
2065 4419 2142 4475 rei
2191 4421 2442 4486 veritate,
2479 4428 2539 4474 ut
2583 4419 2640 4475 in
2683 4418 2926 4491 perfecta
2973 4419 3213 4478 hominis
3241 4435 3352 4476 na-

1757 4521 1884 4568 tura
1921 4510 2192 4582 justitiam
2237 4509 2508 4582 impleret.
2549 4509 2668 4577 Qua
2703 4510 2758 4564 in
2785 4523 2846 4565 re
2889 4508 3133 4566 salutare
3177 4510 3346 4566 nobis

1757 4604 2068 4675 exemplum
2101 4603 2344 4673 reliquit.
2376 4601 2520 4668 Quin
2546 4603 2713 4658 etiam
2743 4615 2874 4658 vere
2913 4599 2982 4659 de
3021 4601 3112 4658 via
3141 4601 3342 4675 fatiga-

75 4681 124 4734 οί
144 4682 478 4750 κοπιῶντες
523 4683 620 4738 καί
651 4687 1136 4758 πεφορτισμένοι,
1173 4689 1337 4760 κάγὼ
1383 4692 1572 4748 (imam

1849 4704 1978 4760 rest,
2003 4708 2108 4750 nec
2139 4693 2398 4766 fatigatus
2421 4692 2606 4778 modo,
2647 4692 2743 4749 sed
2767 4691 2932 4749 etiam
2961 4707 3076 4764 pra;
3113 4693 3346 4750 lassitu-

75 4785 156 4825 σω
187 4774 350 4844 ὑμᾶς
370 4791 384 4806 ⁸
431 4776 516 4829 ἵνα
546 4775 696 4851 δείξῃ
724 4777 822 4850 τὴν
867 4779 1034 4833 αὐτοῦ
1065 4779 1295 4852 θεότητα
1333 4784 1520 4856 ἱκανὴν
1558 4781 1652 4840 οὗ·

76 4879 162 4916 σαν
193 4865 376 4919 πάντα
420 4865 490 4919 τὰ
528 4865 708 4939 πλήθη
759 4869 853 4923 τοῦ
911 4870 1116 4943 κόσμου
1173 4873 1243 4926 τά
1295 4875 1432 4946 πρὸς
1489 4877 1650 4932 αὐτὸν

75 4953 441 5026 ἀφικνούμενα
473 4957 807 5012 ἀναπαῦσαι.
869 4960 1030 5015 um
1059 4962 1154 5016 καὶ
1191 4965 1492 5039 ὲπειράσθη
1544 4969 1649 5024 ὑπὸ

74 5044 156 5096 τοῦ
184 5045 459 5109 διαϐόλου,
495 5045 592 5098 καὶ
628 5045 811 5118 ἔμεινε
833 5050 1240 5122 τεσσαράκοντα
1270 5053 1482 5126 ἡμέρας
1511 5057 1650 5129 μήτε

77 5135 276 5204 ἐσθίων,
311 5139 452 5211 μήτε
485 5139 658 5194 πίνων
676 5157 692 5173 ε
721 5141 809 5196 ἵνα
844 5140 990 5214 δείξῃ
1009 5143 1071 5196 τὸ
1091 5144 1335 5210 ἀνενδεὲς
1357 5147 1456 5218 τῆς
1481 5149 1648 5203 αὑτοῦ

77 5227 338 5303 θεότητος.
370 5237 444 5288 Oi:
471 5235 584 5308 γὰρ
613 5236 814 5291 πεινῶν
837 5237 1157 5310 ὑπέμεινεν,
1183 5239 1260 5304 ὼς
1283 5241 1650 5312 φιλοσοφικῶς

79 5323 186 5376 καθ’
212 5328 360 5398 ἡμᾶς
387 5329 859 5401 ἐγκρατευόμενος
881 5371 896 5396 ,
939 5333 1034 5386 καὶ¹
1072 5333 1232 5388 αὐτὸν
1284 5334 1470 5407 ἄγχων
1491 5375 1506 5402 ,
1553 5338 1648 5392 καὶ

81 5410 380 5487 βιαζόμενος
399 5461 414 5486 ,
447 5420 585 5476 ἀλλά
606 5423 986 5498 ἀνυστερήτως
1005 5424 1093 5480 διὰ
1124 5426 1223 5499 τὴν
1255 5427 1517 5498 ἀληθινὴν
1545 5431 1647 5485 αύ-

144 5535 156 5564 ¹
183 5534 310 5589 Cor.
339 5535 612 5611 ύπὸθιξιν.
691 5539 712 5570 ¹
741 5537 802 5593 F.
830 5538 906 5602 ὡς
938 5541 1120 5611 ἡμεῖς.

85 5669 122 5704 ’³
146 5673 330 5730 ξιιιιιιιι.
359 5692 436 5738 ιιι.
471 5677 562 5734 ἓθ.

961 5543 1120 5611 ίμεῖς.
1199 5539 1219 5572 ³
1253 5541 1312 5596 F.
1346 5543 1438 5598 καὶ
1463 5543 1613 5598 ἐϐόα.
1691 5543 1714 5576 ⁸
1751 5543 1911 5600 Joan.
1941 5560 2054 5608 xxx,
2108 5535 2212 5608 94;
2241 5543 2387 5598 Psal.
2437 5559 2458 5598 ι

1199 5539 1219 5572 ³
1253 5541 1312 5596 F.
1346 5543 1438 5598 xui.
1463 5543 1613 5598 ἐϐόα.
1691 5543 1714 5576 ⁸
1751 5543 1911 5600 Joan.
1941 5560 2054 5608 xxx,
2108 5535 2212 5608 94;
2241 5543 2387 5598 Psal.
2437 5559 2552 5609 xu,
2589 5542 2671 5598 l9.

82 5599 222 5688 LAﬁt.
335 5607 417 5660 ιδ.
472 5599 677 5688 “iam.
715 5625 824 5674 χιχ,
869 5599 990 5666 te."
1031 5617 1052 5644 υ
1079 5599 1272 5668 Μιιιιίι.
1303 5628 1336 5676 ι,
1365 5614 1454 5670 (ιδ.
1534 5616 1553 5646 ν

590 5617 677 5664 ιρι.
715 5625 824 5674 χιιι,
869 5599 990 5666 ιε’·
1031 5617 1052 5644 ⁸
1079 5599 1272 5668 Matth.
1303 5628 1336 5676 ι,
1365 5614 1454 5670 ἓό,
1534 5616 1553 5646 ⁹
1579 5599 1763 5670 Matth.
1791 5631 1848 5684 ιι,
1883 5599 2087 5688 l5sqq.

1754 4786 1884 4843 dine
1927 4786 2131 4842 resedit
2161 4786 2225 4840 “.
2257 4785 2339 4841 Ad
2379 4785 2496 4840 haec
2521 4787 2782 4857 quoniam
2809 4799 2922 4842 non
2948 4785 3072 4843 ﬁcte
3099 4785 3348 4843 hominis

1753 4885 2010 4932 naturam
2096 4883 2453 4946 susceperat,
2515 4883 2778 4933 contenta
2829 4892 2966 4934 voce
3031 4878 3339 4934 clamavit:

1757 4969 1970 5040 1012
2023 4967 2222 5034 Venite,
2252 4985 2427 5024 omnes
2456 4969 2548 5041 qui
2573 4968 2832 5024 laboratis
2857 4977 2910 5025 et
2939 4973 3148 5026 onerati
3184 4973 3340 5036 estis,

1749 5071 1800 5115 et
1836 5077 1930 5131 ego
1967 5060 2206 5130 reﬁciam
2237 5076 2325 5115 vos
2352 5061 2395 5093 ¹¹
2425 5078 2438 5114 :
2466 5067 2526 5114 ut
2548 5061 2618 5116 ad
2647 5076 2840 5118 omnes
2867 5062 3020 5118 orbis
3063 5069 3336 5118 terrarum

1752 5153 2026 5220 homines,
2059 5151 2152 5223 qui
2189 5152 2256 5207 ad
2286 5167 2408 5210 sese
2435 5151 2815 5224 confugerent,
2843 5153 3178 5211 recreandos
3209 5153 3335 5209 ido-

1751 5262 1912 5304 neam
1943 5261 2068 5304 esse
2097 5245 2450 5301 Divinitatem
2483 5260 2642 5302 suam
2673 5245 3007 5303 ostenderet.
3057 5245 3328 5303 Praeterea

1750 5347 1991 5397 tentatus
2017 5357 2050 5394 a
2079 5338 2298 5395 diabolo
2319 5345 2424 5404 est,
2453 5345 2507 5394 et
2529 5337 2888 5410 quadraginta
2911 5339 3030 5397 dies
3065 5341 3185 5396 sine
3215 5340 3331 5396 ullo

1747 5433 1871 5489 cibo
1923 5439 2165 5504 potaque
2212 5431 2634 5504 permansit,'ut
2679 5430 2930 5488 eamdem
2979 5431 3326 5488 divinitatem

2774 5543 2797 5576 ⁸
2839 5540 3030 5599 Matth.
3096 5557 3232 5606 xvu,
3264 5539 3322 5601 ἶ.

2171 5617 2212 5648 ³⁸
2247 5615 2434 5670 Matth.
2477 5631 2560 5680 ιιι,
2599 5615 2661 5669 li
2701 5631 2818 5687 sqq.
2901 5613 2942 5646 “
2967 5611 3126 5670 Joan.
3163 5629 3238 5706 tv,
3268 5611 3322 5672 6.
