3838 6348
471 301 574 360 067

1864 299 1920 354 S.
1961 297 2303 354 EPIPHANH

3679 286 3782 341 (ἓῦῆ

471 412 675 468 nullius
725 413 802 468 rei
847 411 1090 484 indigere
1131 421 1480 470 monstraret.
1533 413 1720 485 Neque
1749 395 1893 470 enim
1926 425 2041 471 tum

2179 417 2239 471 οῦ
2278 413 2537 486 θεότητα,
2577 412 2672 466 καὶ
2697 410 2924 483 ὕστερον
2948 449 2964 475 ,
2995 408 3159 482 φησὶν
3189 410 3221 480 ἡ
3248 407 3437 479 Γραφὴ
3473 448 3492 468 ,
3532 403 3780 459 ἐπεί-ια-

473 505 668 559 iamem
718 504 1047 569 sustinebat,
1103 506 1262 574 quasi
1313 506 1574 560 Severiori
1627 505 1864 576 quodam
1923 508 2050 562 vitae

470 595 721 648 instituto
753 594 854 649 sibi
885 595 1274 649 abstinentiam
1310 595 1618 659 indixisset,
1664 611 1894 665 seseque
1936 597 2051 651 ine-

467 685 559 740 dia
611 687 862 742 cruciare
903 702 968 742 ac
1021 687 1341 756 perdomare
1393 688 1589 754 vellet;
1643 688 1737 743 sed
1791 698 2049 758 tanquam

471 791 655 833 veram
701 779 756 833 in
803 794 924 835 sese
961 780 1302 835 divinitatem
1335 780 1544 836 habens
1577 782 1780 836 nullius
1808 781 2006 852 egebat
2034 799 2047 834 :

471 878 660 939 postea
693 880 897 934 tamen,
945 881 1003 926 ut
1054 872 1335 941 Scriptura
1387 880 1576 926 narrat
1606 877 1644 937 ³,
1682 872 1894 928 esuriit.
1935 871 2053 938 Qua

472 964 684 1018 ratione
715 979 840 1018 vere
885 979 943 1018 se
983 964 1257 1018 hon'iinem
1300 963 1502 1019 factum
1538 981 1662 1021 esse
1699 965 2050 1034 signiﬁcavit,

471 1069 595 1108 cum
625 1064 963 1125 assumptum
993 1072 1022 1108 a
1078 1072 1137 1111 se
1170 1072 1368 1126 corpus
1411 1057 1555 1113 veris
1590 1073 1653 1111 ac
1683 1058 1883 1111 rationi
1921 1072 2053 1110 con-

473 1146 751 1200 sentaneis
790 1147 1219 1202 necessitatibus
1258 1149 1557 1202 obnoxium
1590 1163 1714 1203 esse
1747 1148 1929 1202 divina
1957 1161 2054 1200 nao

473 1247 595 1292 tura
629 1238 918 1303 voluisset,
947 1255 1035 1303 ne,
1065 1239 1211 1310 quod
1236 1255 1299 1294 ex
1329 1240 1447 1310 ipsa
1483 1255 1674 1294 revera
1707 1254 2054 1308 consequens

438 1342 596 1382 esse
639 1327 948 1392 videbatur,
997 1344 1182 1384 veram
1239 1331 1491 1384 humana:
1528 1337 1736 1383 natura:
1785 1328 2055 1383 conditio-

473 1435 596 1474 nem
627 1421 1016 1490 exstingueret.
1063 1419 1219 1476 Unde
1255 1430 1309 1476 et
1343 1422 1406 1476 ad
1449 1421 1608 1477 ticum
1645 1423 1895 1476 arborem
1924 1437 2053 1475 esu-

472 1512 566 1565 riit
592 1514 646 1572 ¹,
677 1520 731 1566 et
762 1528 948 1566 verum
982 1514 1154 1566 lutum
1190 1513 1318 1568 fecit
1340 1514 1360 1544 ³
1383 1554 1397 1567 .
1435 1513 1516 1566 Ad
1549 1513 1801 1568 eamdem
1835 1528 1964 1566 vero
1991 1513 2054 1566 il-

473 1602 578 1655 lam
611 1601 768 1656 ticum
802 1619 923 1657 cum
959 1605 1220 1658 nonnulla
1259 1605 1508 1667 dixisset,
1553 1620 1636 1669 ea,
1689 1604 1765 1657 uti
1804 1604 2047 1669 dixerat,

473 1693 856 1748 acciderunt".
893 1693 1022 1749 item
1077 1696 1130 1749 in
1171 1695 1390 1765 navigio
1435 1709 1558 1750 cum
1615 1704 1834 1750 ventum
1879 1696 2057 1750 incre-

2155 526 2274 564 σενο
2305 509 2388 561 ἵνα
2417 506 2566 578 δείξῃ
2603 506 2700 576 τὴν
2748 504 3006 576 ἀληθινὴν
3037 501 3450 574 ἐνανθρώπησιν
3501 498 3625 568 τῆς
3649 491 3782 548 Θεό-

2151 617 2312 682 τητρς
2335 639 2350 664 ,
2400 597 2705 668 ἐνδιδούσης
2736 600 2803 668 τῇ
2835 597 3087 666 ἐνσάρκῳ
3118 593 3391 667 παρουσίᾳ
3440 590 3580 645 τῶν
3622 589 3784 642 εὑλό-

2152 679 2268 760 γων
2310 688 2509 762 χρειῶν
2565 690 2660 744 καὶ
2713 687 2982 760 ἀληθινῶν
3044 686 3296 758 μετέχειν
3329 701 3343 714 ·
3396 684 3494 738 ἶνα
3566 681 3654 753 μὴ
3723 679 3786 733 τὶ

2155 779 2406 850 ἀληθινὸν
2434 778 2535 846 τῆς
2565 779 2884 843 ἀκολουθίας
2912 778 3151 850 ἀφανίσῃ
3179 777 3274 848 τὴν
3303 774 3590 845 ἀληθινὴν
3631 775 3787 825 ἐνανο

2157 870 2602 948 θρώπησιν.,Καὶ
2629 872 2737 942 γὰρ
2770 871 2862 924 καὶ
2895 870 2987 923 ἐπὶ
3024 869 3122 940 τῆς
3155 869 3327 937 συκῆς
3355 869 3450 920 ἐπε
3463 866 3668 922 ἔνασε.
3690 864 3784 915 καὶ

2155 961 2325 1032 πηλὸν
2364 960 2616 1031 ἀληθινὸν
2665 960 2942 1031 ἐποίησεν.
2992 957 3154 1011 Ἀλλὰ
3208 956 3366 1024 λόγον
3425 949 3575 1008 εἷπε
3639 955 3783 1023 πρὸς

2155 1055 2256 1125 τὴν
2309 1055 2482 1124 συκῆν
2537 1057 2565 1107 ὁ
2605 1053 2772 1117 Θεὸς,
2825 1052 2918 1105 καὶ
2949 1049 3184 1119 ἐγένετο.
3227 1049 3335 1101 Καὶ
3365 1048 3461 1099 ἐπὶ
3501 1045 3620 1114 τῆς
3654 1041 3785 1111 vr};

2157 1147 2454 1218 ἐπετίμησε
2484 1145 2564 1216 τῷ
2596 1145 2784 1216 ἀνέμῳ
2807 1185 2821 1208 ,
2858 1143 2952 1197 καὶ
3003 1143 3299 1196 ἐπαύσατο.
3350 1138 3466 1193 Καὶ
3534 1136 3641 1189 διὰ
3683 1134 3779 1186 τοῦ

2158 1236 2474 1308 πτύσματος
2513 1235 2608 1288 καὶ
2664 1233 2836 1304 πηλοῦ
2863 1273 2878 1297 ,
2929 1231 3007 1302 τῷ
3034 1232 3176 1302 λόγῳ
3212 1231 3310 1300 τῆς
3343 1227 3522 1280 αὐτοῦ
3569 1225 3782 1292 Θεὸτη-

2157 1345 2248 1388 τος
2272 1367 2286 1389 ,
2344 1326 2439 1379 καὶ
2480 1325 2557 1396 τῷ
2618 1323 2895 1395 πτύσματι
2927 1324 3026 1393 τῆς
3059 1319 3222 1375 αὐτοῦ
3253 1316 3776 1389 ἐνανθρωπήσεως,

2158 1419 2251 1473 καὶ
2281 1418 2358 1489 τῷ
2393 1416 2549 1488 πηλῷ
2574 1417 2734 1470 πάλιν
2758 1458 2773 1482 ,
2796 1416 2870 1478 ὼς
2901 1413 2978 1484 τῷ
3019 1412 3191 1483 Ἀδὰμ
3213 1452 3226 1475 ,
3253 1410 3348 1463 καὶ
3371 1408 3568 1478 τούτῳ
3598 1408 3665 1458 τὸ
3699 1408 3782 1457 ἐλ-

2158 1509 2315 1573 λιπὲς
2347 1508 2506 1579 μέλος
2556 1507 2807 1560 πλάττων
2860 1505 3153 1576 ἐχαρίσατο
3181 1518 3196 1533 ⁶
3235 1502 3343 1555 τῶν
3398 1500 3648 1554 πάντων
3688 1515 3777 1550 τε-

2159 1601 2316 1654 λείων
2343 1602 2399 1653 ἐν
2420 1599 2569 1670 αὐτῷ
2591 1599 2779 1663 ὄντων,
2815 1599 2873 1652 ἐν
2898 1597 3062 1668 σαρκὶ
3090 1595 3428 1666 πασχόντων,
3451 1595 3521 1645 ἐν
3554 1591 3780 1658 θεόντητι

2163 1693 2220 1746 δὲ
2246 1691 2470 1746 ἀπαθῶν
2501 1691 2669 1744 ὄντων
2689 1731 2704 1757 ,
2739 1690 2844 1753 ἓως
2877 1689 3076 1758 ἀνέστη
3105 1690 3170 1741 ἐκ
3196 1685 3306 1739 τῶν
3334 1683 3570 1754 νεκρῶν
3591 1723 3607 1749 ,
3644 1681 3779 1743 ὅλως

474 1791 680 1850 passet,
714 1782 802 1837 hic
833 1785 1016 1838 subito
1045 1785 1209 1839 desiit
1229 1785 1272 1838 ⁸.
1305 1784 1443 1838 Τιιιη
1479 1799 1611 1839 vero
1641 1791 1805 1854 sputo
1838 1799 1959 1850 suo,
1985 1799 2049 1839 ac

2178 1784 2229 1854 ιὴ
2269 1783 2492 1853 πάσχων
2521 1781 2739 1843 λοιπὸν,
2772 1781 2908 1844 ὅλως
2943 1781 3141 1852 μηκέτι
3176 1779 3581 1850 ἀποθνήσκων.

473 1872 608 1938 luto,
664 1888 787 1926 cum
839 1874 1148 1929 Divinitatis
1212 1891 1325 1933 suae
1387 1890 1658 1936 sermone,

1736 1883 1849 1927 tum
1900 1874 2159 1937 hominis,
2227 1889 2388 1943 quem
2433 1879 2826 1942 assumpserat,
2867 1880 3057 1942 sputo,
3106 1872 3235 1934 luto,
3309 1871 3581 1940 inquam,
3646 1868 3782 1922 sicut

469 1967 678 2020 Adamo
723 1966 1024 2036 quondam,
1067 1969 1140 2021 ita
1175 1982 1325 2022 cmco
1383 1968 1461 2021 illi
1503 1966 1650 2036 quod
1699 1966 1766 2020 ad
1796 1967 2161 2037 integritatem
2203 1964 2390 2019 deerat
2429 1964 2733 2018 membrum
2774 1963 2931 2017 {inﬁt
2957 1979 3021 2018 ac
3047 1962 3284 2018 reddidit
3313 1980 3326 2014 :
3351 1962 3395 2016 si
3440 1951 3772 2030 quidem'iu

471 2076 537 2117 eo
568 2068 724 2113 erant
769 2059 951 2112 omnia
998 2059 1259 2128 perfecta,
1292 2058 1432 2113 adeo
1464 2067 1525 2112 ut
1576 2059 1631 2112 in
1686 2073 1855 2112 carne
1888 2065 2225 2127 paterentur,
2282 2057 2339 2110 in
2393 2055 2679 2110 divinitate
2721 2070 2852 2110 vero
2888 2054 3000 2124 pati
3047 2055 3180 2108 nihil
3229 2064 3480 2125 possent,
3532 2053 3774 2107 doneca

471 2153 706 2210 mortuis
729 2153 999 2207 excitatus
1021 2163 1122 2219 est,
1148 2153 1282 2205 nihil
1309 2152 1546 2214 amplius
1570 2151 1796 2204 omnino
1820 2151 2052 2220 patiens,
2096 2167 2274 2221 neque
2305 2150 2547 2205 moriens
2579 2149 2805 2204 omnino
2833 2149 2876 2202 ⁸.

541 2242 744 2309 Quodsi
771 2243 1037 2308 nonnulli,
1071 2258 1170 2312 pro
1195 2261 1260 2298 eo
1287 2245 1432 2314 quod
1457 2259 1487 2296 e
1514 2243 1653 2296 virili
1680 2253 1800 2298 satu
1856 2258 2055 2312 corpus

474 2350 584 2388 non
617 2335 913 2403 acceperit,
951 2333 1152 2388 diversi
1191 2334 1477 2403 cujusdam
1509 2349 1631 2389 esse
1659 2334 1876 2404 generis
1910 2334 2063 2388 arbi-

476 2433 709 2487 trentur,
740 2441 848 2479 non
871 2433 955 2479 est
979 2425 1124 2495 quod
1150 2435 1436 2495 propterea
1461 2426 1636 2480 nostri
1667 2426 1916 2496 corporis
1938 2440 2062 2480 esse

476 2517 744 2571 dissimile
795 2523 1006 2586 putent.
1058 2517 1354 2586 Postquam
1400 2517 1546 2570 enim
1594 2533 1624 2571 c
1667 2516 1838 2570 Maria
1870 2525 2058 2570 natum

477 2621 602 2662 esse
630 2615 786 2662 extra
814 2607 1212 2662 dubitationem
1239 2623 1453 2663 omnem
1482 2618 1585 2671 est,
1615 2615 1868 2663 nostrum
1895 2607 2064 2663 fuisse

479 2714 709 2754 necesse
743 2707 849 2762 est,
887 2699 1054 2753 Maria
1097 2699 1299 2770 quippe
1331 2715 1439 2754 non
1473 2700 1721 2764 alterius,
1758 2715 1921 2770 quam
1963 2715 2063 2754 cu-

474 2790 569 2858 jus
601 2800 1046 2860 corporanostra
1091 2800 1241 2856 sunt,
1289 2793 1623 2848 conditionis
1663 2793 1910 2848 exstitit:
1937 2807 2063 2846 nam

480 2891 536 2936 et
568 2882 810 2936 Adamus
841 2897 868 2935 a
897 2881 1018 2936 viro
1044 2882 1263 2952 genitus
1294 2898 1400 2936 non
1437 2882 1562 2946 fuit,
1595 2883 1690 2937 sed
1721 2897 1751 2936 e
1777 2892 1925 2937 terra
1958 2882 2064 2936 for-

482 2974 730 3039 matus',
763 2987 862 3028 nec
906 2973 1027 3028 ideo
1067 2974 1318 3044 sequitur
1347 2974 1492 3044 quod
1528 2989 1636 3027 non
1677 2989 1708 3027 e
1747 2974 1887 3027 virili
1919 2982 2062 3035 satu,

2231 2244 2296 2298 Εἰ
2327 2243 2383 2296 δέ
2421 2259 2597 2306 τινες,
2651 2240 2740 2295 διὰ
2765 2242 2824 2296 τὸ
2876 2242 2950 2313 μὴ
2982 2242 3090 2295 ἀπὸ
3121 2240 3436 2313 σπέρματος
3471 2240 3689 2311 ἀνδρὸς
3717 2238 3773 2291 τὸ

2166 2334 2327 2407 σῶμα
2353 2334 2513 2387 αὑτὸν
2543 2333 2841 2404 εἰληφέναι,
2869 2333 3078 2386 ἀλλοῖον
3108 2333 3413 2404 νοήσουσιν,
3439 2332 3510 2385 οὐ
3545 2332 3770 2393 πάντως

2165 2424 2253 2478 διὰ
2279 2424 2438 2478 τοῦτο
2483 2424 2584 2477 οὐκ
2621 2423 2738 2477 ἐστι
2764 2423 2905 2477 κατὰ
2947 2423 3008 2476 τὸ
3040 2423 3304 2495 ἡμέτερον
3335 2423 3526 2494 σῶμα.
3588 2421 3769 2486 Ἐξότε

2168 2515 2278 2587 γὰρ
2319 2515 2427 2569 ἀπὸ
2476 2514 2697 2586 Μαρίας
2741 2513 3085 2585 ὡμολόγηται
3116 2554 3129 2578 ,
3179 2515 3450 2585 ἡμέτερον
3508 2509 3609 2584 ἦν.
3665 2514 3768 2565 Καὶ

2169 2607 2278 2680 γὰρ
2314 2607 2504 2678 Μαρία
2537 2608 2636 2660 οὐκ
2663 2607 2796 2678 ἄλλη
2825 2602 2893 2678 ἦν
2924 2606 3071 2677 παρά
3101 2605 3168 2658 τὰ
3205 2605 3451 2676 ἡμέτερα
3481 2605 3723 2676 σώματα
3752 2623 3764 2633 ·

2170 2699 2294 2751 ἐπεὶ
2321 2700 2416 2753 καὶ
2441 2701 2468 2752 ὁ
2505 2697 2674 2768 Ἀδὰμ
2704 2699 2803 2751 οὐκ
2835 2697 2941 2751 ἀπὸ
2967 2697 3280 2767 σπέρματος
3306 2696 3505 2767 ἀνδρὸς
3529 2692 3626 2768 ἦν,
3655 2695 3763 2748 ἀλλ’

2170 2794 2236 2845 ἐκ
2282 2793 2380 2864 τῆς
2412 2791 2517 2861 γῆς
2565 2789 2966 2862 πεπλασμένος.
3015 2787 3120 2842 Καὶ
3153 2789 3214 2841 οὐ
3268 2788 3495 2851 πάντως
3525 2829 3542 2852 ,
3580 2787 3762 2855 ἐπειδὴ

2172 2883 2280 2937 ἀπὸ
2324 2883 2424 2955 τῆς
2457 2883 2562 2952 γῆς
2606 2878 2674 2953 ἦν
2701 2922 2716 2947 ,
2770 2883 2865 2937 καὶ
2897 2883 2999 2935 οὐκ
3048 2881 3157 2935 ἀπὸ
3193 2881 3513 2952 σπέρματος
3546 2881 3758 2949 ἀνδρὸς.

2171 2974 2382 3038 ἀλλοῖος
2427 2970 2497 3046 ἦν
2531 2974 2683 3046 παρὰ
2733 2972 2804 3026 τὰ
2855 2973 3097 3045 ἡμέτερα
3127 2971 3376 3042 σώματα.
3419 2971 3627 3042 Ἡμεῖς
3660 2971 3760 3038 γὰρ

485 3065 582 3120 sed
603 3064 670 3120 de
693 3076 833 3120 terra
862 3064 1144 3134 prodierit,
1175 3065 1449 3120 diversam
1473 3066 1764 3135 quamdam
1796 3081 1825 3120 a
1860 3067 2062 3122 nostris

2178 3065 2229 3132 ἐξ
2263 3065 2428 3119 αὑτοῦ
2463 3065 2859 3137 γεγεννήμεθα,
2896 3065 2986 3117 καὶ
3019 3065 3120 3116 οὐκ
3153 3063 3319 3132 ἐσμὲν
3353 3062 3568 3116 ἀλλοῖοι
3615 3061 3759 3132 παρὰ

483 3156 810 3224 corporibus
853 3163 1105 3208 naturam
1137 3171 1261 3210 esse
1295 3157 1569 3211 sortitum.
1615 3156 1823 3211 Etenim
1871 3172 1970 3213 nos
1999 3157 2067 3211 ab

486 3246 583 3298 illo
618 3246 787 3314 geniti
829 3245 898 3299 ab
927 3244 1170 3314 ejusdem
1199 3260 1429 3316 corpore
1459 3245 1660 3301 diversi
1697 3261 1806 3301 non
1839 3263 2066 3313 sumus;

486 3337 704 3391 tametsi
738 3352 767 3390 e
797 3336 940 3389 virili
994 3346 1115 3391 satu
1165 3336 1430 3393 fuerimus
1503 3354 1568 3392 ac
1618 3339 1865 3395 mulieris
1912 3348 2068 3394 utero

488 3428 793 3499 propagati.
849 3426 952 3482 Sed
998 3429 1112 3483 haec
1159 3431 1404 3484 nonnulli
1456 3431 1715 3485 subtilius
1773 3432 2067 3486 identidem

485 3527 788 3574 tractantes
822 3527 875 3574 et
917 3520 972 3574 in
1013 3520 1196 3574 animo
1231 3529 1540 3585 versantes,
1581 3539 1611 3576 a
1648 3537 1817 3592 scopo
1852 3523 2068 3593 penitus

487 3611 838 3666 aberrarunt.
882 3611 988 3666 Alii
1038 3627 1204 3682 porro
1244 3629 1308 3668 ex
1364 3614 1575 3684 1013
1615 3615 1704 3675 iis,
1737 3615 1831 3684 qui
1868 3615 1935 3668 ad
1970 3629 2070 3670 nos

488 3703 850 3765 ventitabant,
931 3705 1141 3759 inﬁnita
1189 3704 1435 3774 quaedam
1492 3707 1598 3760 alia
1647 3705 2066 3768 deblaterantes.

487 3794 665 3848 virum
698 3795 1132 3850 laudatissimum
1167 3797 1283 3852 suis
1312 3797 1789 3853 criminationibus
1820 3798 2070 3853 traduce~

488 3885 640 3940 bant.
689 3885 768 3939 Ac
817 3887 1277 3942 vehementiorem
1317 3888 1562 3958 quidem,
1597 3903 1760 3958 quam
1800 3905 1898 3958 par
1929 3896 2067 3952 erat,

497 3977 793 4032 tumultum
823 3978 1209 4042 Concitarunt,
1245 3980 1360 4036 sive
1387 3996 1449 4036 ex
1487 3981 1726 4045 inscitia,
1765 3983 1881 4036 sive
1926 3982 2070 4051 quod

489 4069 560 4124 ab
589 4084 654 4124 eo
679 4070 883 4124 dictum
907 4079 1025 4126 erat
1047 4071 1268 4128 minime
1299 4073 1694 4144 percepissent,
1725 4080 1778 4128 et
1806 4073 1875 4128 ab
1903 4089 1970 4129 eo
1989 4073 2073 4128 di-

492 4161 667 4229 gressi
701 4177 822 4232 quae
855 4162 1141 4218 audierant
1165 4163 1420 4236 dogmata
1453 4165 1834 4235 praedicarent.
1870 4165 2070 4242 \f'erum

491 4253 560 4306 de
583 4255 1010 4322 supervacaneis
1049 4255 1200 4311 hisce
1235 4258 1630 4327 quaestionibus
1669 4257 1955 4313 hactenus.
1998 4256 2070 4311 il-

491 4343 583 4398 lud
606 4362 735 4399 vero
758 4346 989 4403 lectores
1016 4364 1208 4404 omnes
1239 4350 1614 4406 intellecturos
1639 4351 1898 4414 arbitror,
1922 4351 2070 4405 nulla

490 4450 592 4491 nos
621 4446 713 4490 aut
739 4439 962 4505 invidia,
1001 4449 1094 4494 aut
1116 4441 1241 4496 odio
1272 4443 1327 4497 in
1365 4444 1639 4498 hominem
1670 4460 1794 4500 esse
1824 4459 2068 4499 commo-

491 4535 598 4582 tos.
637 4529 784 4583 lstud
827 4530 972 4584 enim
1013 4531 1066 4584 in
1112 4534 1303 4602 primis
1333 4548 1587 4604 optamus
1618 4551 1682 4589 ae
1715 4539 1971 4606 petimus,
2012 4543 2070 4590 ut

493 4637 562 4676 ne
591 4622 660 4676 ab
715 4621 960 4677 Ecclesia
1010 4625 1214 4678 Christi
1262 4633 1425 4696 atque
1465 4628 1532 4681 ab
1572 4629 1898 4683 suavissima
1953 4629 2068 4682 fra-

493 4720 638 4766 trum
665 4714 926 4766 societate
955 4713 1266 4778 divellatur,
1297 4718 1390 4770 sed
1418 4725 1476 4770 ut
1497 4718 1766 4785 ejusmodi
1796 4719 2067 4790 dogmatis

495 4802 719 4856 nimium
755 4803 996 4858 studium
1025 4807 1545 4877 contentionemque
1588 4807 1824 4878 deponat
1855 4826 1917 4864 ac
1945 4826 2068 4866 sese

494 4891 561 4946 ad
593 4894 818 4948 meliora
861 4905 1176 4962 convertat,
1219 4897 1363 4951 sicut
1414 4900 1678 4968 scriptmn
1715 4908 1841 4955 est:
1881 4900 2069 4956 Rever-

2167 3159 2228 3212 τὸ
2255 3159 2467 3212 ἐκείνου
2499 3160 2677 3230 σῶμα,
2721 3158 2899 3213 καίτοι
2926 3176 2986 3228 γε
3011 3159 3074 3211 ἐκ
3102 3158 3414 3228 σπέρματος
3441 3155 3647 3229 ἀνδρὸς
3671 3152 3760 3206 καὶ

2169 3251 2277 3305 ἀπὸ
2334 3253 2545 3324 μήτρας
2597 3252 2854 3321 γυναικὸς
2914 3251 3318 3322 γεγεννημένοι.
3384 3250 3552 3303 Ἀλλὰ
3592 3247 3757 3303 ταῦτα

2171 3345 2271 3414 μέν
2299 3363 2442 3408 τινες
2505 3345 2842 3415 σοφιζόμενοι
2885 3343 3143 3407 πολλάκις
3167 3385 3181 3407 ,
3216 3343 3309 3396 καὶ
3343 3343 3400 3395 ἐν
3448 3345 3520 3413 τῇ
3555 3339 3756 3407 διανοίᾳ

2171 3434 2423 3506 ἔχοντες,
2474 3437 2538 3489 ἐκ
2587 3435 2680 3488 τοῦ
2731 3435 3093 3506 προκειμένου
3152 3434 3406 3499 ἐξέπεσον
3439 3450 3451 3461 ·
3513 3431 3664 3493 τινὲς
3704 3429 3753 3480 δὲ

2171 3528 2333 3581 πάλιν
2383 3527 2442 3592 ἐξ
2499 3527 2677 3581 αὐτῶν
2719 3527 2826 3580 τῶν
2864 3528 2995 3598 πρὸς
3058 3528 3204 3597 ἡμᾶς
3238 3525 3590 3597 ἐρχομένων,
3626 3520 3748 3574 ἄλλα

2176 3620 2345 3691 μυρία
2396 3621 2489 3672 καὶ¹
2523 3620 2778 3673 ἐπέκεινα
2833 3616 3375 3690 περιττολογΟὖντες,
3436 3615 3534 3666 τὸν
3593 3610 3749 3678 ἄνδρα

2171 3710 2262 3762 τὸν
2298 3711 2356 3763 ἐν
2386 3709 2600 3773 πολλοῖς
2640 3710 2882 3774 ἐπαίνοις
2918 3727 2990 3780 φη
3003 3708 3288 3780 μιζόμενον
3316 3704 3620 3758 διέϐαλλον.
3652 3701 3748 3753 Καὶ

2171 3801 2248 3873 τῷ
2287 3803 2384 3873 μὲν
2413 3802 2527 3855 ὄντι
2558 3803 2936 3874 περιττότερον
2966 3798 3120 3872 οἶμαι
3152 3798 3248 3853 τοῦ
3277 3799 3488 3859 δέοντος
3520 3836 3535 3858 ,
3561 3796 3594 3867 ἢ
3621 3791 3747 3846 κατὰ

2177 3896 2436 3961 ἰδιωτίαν,
2469 3897 2501 3968 ἦ
2534 3895 2673 3950 κατά
2706 3893 3215 3967 παρακολουθησίαν
3246 3893 3288 3954 ⁹,
3322 3891 3355 3962 ἢ
3397 3888 3532 3961 παρ’
3565 3884 3744 3944 αὐτοὺς

2173 3988 2544 4061 ὲξερχόμενοι,
2575 3991 2671 4043 καὶ
2699 3987 3190 4058 ἀποφθεγγόμενοι,
3225 3984 3321 4056 τὴν
3350 3979 3602 4053 ταραχὴν
3640 3978 3744 4044 είρ·

2173 4082 2430 4149 γάσαντο.
2484 4080 2642 4137 Ἀλλὰ
2675 4080 2770 4134 νῦν
2811 4096 2901 4152 μοι
2927 4078 3183 4150 περὶτῶν
3214 4075 3478 4147 περιττῶν
3524 4075 3626 4133 ἕως
3655 4063 3740 4121 ὧδε

2172 4173 2416 4244 ἀρκείτω
2454 4175 2482 4224 ὁ
2513 4173 2670 4242 λόγος
2689 4213 2704 4236 ,
2750 4171 3038 4224 συνιόντων
3059 4171 3166 4222 τῶν
3191 4167 3645 4237 ἐντυγχανόντων,
3673 4161 3740 4212 ὅτι

2173 4262 2296 4317 οὔτε
2348 4264 2529 4335 φθόνῳ
2557 4264 2847 4336 τετηκότες
2873 4303 2886 4325 ,
2923 4260 3046 4315 οὔτε
3089 4261 3234 4332 μίσει
3274 4259 3350 4329 τῷ
3380 4257 3520 4328 πρὸς
3551 4255 3637 4308 τὸν
3661 4252 3737 4305 ἀν-

2174 4359 2296 4430 δρα.
2334 4357 2620 4427 Εὑχόμεθα
2672 4358 2780 4427 γὰρ
2810 4355 2968 4409 αὐτὸν
3027 4355 3100 4426 μὴ
3131 4351 3451 4424 μερισθῆναι
3507 4347 3615 4403 ἀπὸ
3652 4343 3737 4410 τῆς

2174 4447 2266 4501 τοῦ
2316 4446 2550 4519 Χριστοῦ
2611 4446 2936 4518 Ἐκκλησίας
2988 4445 3082 4498 καὶ
3129 4445 3225 4514 τῆς
3275 4442 3611 4512 γλυκύτητος
3652 4434 3737 4501 τῆς

2176 4533 2356 4602 πάσης
2403 4532 2777 4603 ἀδελφότητος,
2815 4533 2950 4587 ἀλλὰ
3000 4531 3297 4586 ἀποθέσθαι
3345 4531 3504 4583 αὐτὸν
3536 4529 3630 4597 τῆς
3655 4519 3732 4575 τοῦ

2175 4623 2332 4690 λόγου
2361 4623 2548 4676 τούτου
2585 4624 2914 4694 φιλονεικίας
2945 4624 3044 4694 τὴν
3078 4624 3346 4686 ἔνστασιν,
3387 4623 3479 4676 καὶ
3504 4613 3735 4688 ὲπιπρέσ

2173 4715 2272 4784 ψαι
2301 4715 2441 4768 κατὰ
2460 4715 2520 4768 τὸ
2550 4716 2858 4788 εἰρημένον·
2915 4718 3282 4786 Ἐπίστρεερε,
3312 4716 3348 4782 ή
3379 4709 3728 4780 Σουναμῖτιςν

2173 4809 2517 4878 ἐπίστρεφε,
2559 4810 2657 4863 καὶ
2692 4810 2960 4880 ὀψόμεθα
2992 4813 3061 4865 ἐν
3091 4812 3210 4865 σοί.
3257 4809 3448 4880 Ὅμως
3502 4807 3623 4879 περὶ
3651 4797 3729 4855 τοῦ

2179 4905 2540 4975 προκειμένου
2576 4903 2729 4968 αὖθις
2757 4904 3091 4976 ἐπιλήψομαι
3115 4905 3216 4975 τῆς
3250 4902 3587 4964 ἀκολουθίας.

495 4995 620 5046 lere,
653 4981 968 5050 Sunamitis,
999 4997 1282 5052 revertere,
1320 4995 1368 5041 et
1402 4989 1687 5044 videbimus
1721 4991 1775 5043 in
1815 5000 1861 5044 te
1878 4993 1919 5046 ⁸.
1959 4991 2140 5048 Redeo
2174 4992 2283 5064 jam
2317 4995 2383 5049 ad
2421 4996 2472 5050 id
2531 4996 2677 5066 quod
2711 4997 2868 5052 initio
2908 5011 3321 5067 proposueram,
3357 5003 3411 5051 et
3449 4992 3589 5066 quod
3618 5001 3729 5043 con-

493 5093 728 5146 sequens
757 5087 841 5134 est
867 5088 1122 5136 attexam.

565 5171 705 5228 XIX.
750 5172 920 5244 Negat
954 5189 984 5228 a
1023 5174 1244 5230 Christo
1286 5175 1580 5246 perlectam
1615 5177 1852 5234 hominis
1895 5187 2058 5233 natu-

495 5279 613 5317 ram
641 5279 762 5320 esse
793 5273 1125 5336 susceptam.
1156 5268 1267 5324 lmo
1294 5277 1348 5325 et
1372 5271 1666 5326 nonnullos
1697 5272 1765 5325 ab
1797 5273 1945 5326 omni
1975 5286 2073 5341 spe

495 5357 694 5413 salutis
731 5358 937 5429 dejicit,
971 5360 1325 5418 vehementer
1379 5365 1503 5420 illos
1554 5366 1812 5421 territans
1873 5380 1937 5419 ac
1983 5363 2070 5418 di-

499 5465 654 5519 cens,
686 5467 796 5509 non
821 5467 944 5509 esse
973 5454 1121 5524 quod
1156 5455 1452 5526 perfectam
1495 5457 1650 5512 illum
1700 5457 1937 5514 hominis
1983 5471 2072 5512 na-

577 5649 592 5678 ¹
624 5647 810 5703 Matth.
873 5667 944 5712 tv,
996 5652 1051 5706 ‘2.
1178 5657 1195 5686 ²
1230 5654 1420 5710 Matth.
1459 5672 1532 5716 χι,
1563 5658 1648 5712 i3.

577 5657 592 5678 ‘
626 5657 810 5703 Matth.
873 5667 944 5712 tv,
996 5657 1051 5706 ‘2.
1178 5657 1195 5686 ²
1230 5657 1420 5710 Matth.
1459 5672 1532 5716 χι,
1563 5658 1648 5712 i3.
1755 5657 1954 5712 ‘Joan.
2015 5676 2062 5713 ιι

503 5714 527 5749 ν
551 5716 681 5773 Gen.
719 5735 777 5784 ιι,
821 5720 875 5773 7.
950 5722 970 5752 ⁸
1004 5723 1158 5778 Cant.
1194 5741 1264 5792 vi,
1300 5726 1383 5780 12.
1449 5728 1468 5758 ⁹
1497 5727 1558 5781 F.
1596 5729 2062 5801 ἀπαρακολουθησέ

2178 5702 2185 5712 .
2278 5663 2295 5692 ⁵
2331 5659 2463 5714 Luc.
2529 5676 2640 5720 vm,
2681 5660 2768 5713 ει.

2187 5731 2251 5784 Et
2284 5745 2408 5786 mox
2441 5731 2569 5803 παρ’
2597 5731 2781 5786 αὐτοῦ.

2249 5177 2348 5230 ΙΘ’.
2386 5176 2610 5230 Τελείαν
2641 5177 2701 5230 οὑ
2733 5176 2979 5245 βούλεται
3002 5177 3180 5247 λέγειν
3214 5178 3312 5250 τὴν
3340 5178 3594 5252 ἕνσαρκον
3613 5177 3722 5245 Χρι·

2181 5268 2309 5322 στοῦ
2335 5268 2656 5339 παρουσίαν,
2689 5267 2826 5321 ἀλλὰ
2857 5270 2948 5323 καὶ
2969 5270 3067 5341 τὴν
3097 5269 3370 5341 σωτηρίαν
3394 5260 3720 5339 ἀποκρούεταε

2181 5378 2362 5424 τινων,
2405 5360 2568 5431 φόϐον
2611 5361 2853 5432 ἐμποιῶν
2901 5362 2994 5415 καὶ
3025 5361 3218 5430 λέγων,
3274 5363 3355 5415 ὅτι
3390 5379 3410 5414 r
3444 5363 3517 5416 Οὐ
3549 5361 3621 5415 δεῖ
3647 5354 3717 5407 τέ-

2177 5454 2318 5510 λειον
2347 5453 2632 5526 ἄνθρωπον
2651 5455 2743 5509 τὸν
2773 5455 2935 5510 αὑτὸν
2957 5455 3304 5526 ἀνειληφέναι
3326 5455 3524 5524 λέγειν,
3548 5473 3564 5506 ι
3585 5447 3715 5520 δῆθεν

2529 5676 2640 5720 vm,
2681 5660 2768 5713 ει.
2875 5663 2894 5694 ⁸
2929 5660 3085 5718 Joan.
3114 5677 3190 5720 ιι.
3225 5661 3276 5716 6.
3355 5663 3375 5693 ⁸
3405 5658 3556 5716 Rern.
3584 5669 3642 5718 τι.
3668 5649 3707 5703 9-

2278 5663 2295 5692 υ
2331 5659 2463 5714 Luc.
2529 5676 2640 5720 vm,
2681 5660 2768 5713 ει.
2875 5663 2894 5694 ⁸
2929 5660 3085 5718 Joan.
3114 5677 3190 5728 ix,
3225 5661 3276 5716 6.
