3790 6212
685 219 1056 280 ADVERSUS
1096 227 1438 287 "IERESES
1474 233 1606 291 LIB.
1649 235 1734 292 ΙΙΙ.
1779 236 1942 296 ΤΟΜ.
1983 242 2048 298 Π.
2088 273 2158 284 -
2187 243 2458 304 H/ERES.
2497 249 2757 309 LXXVII.

3257 255 3364 316 670

103 329 222 439 ἀπὸ
253 331 348 385 τοῦ
377 333 542 442 prius?
572 335 860 407 εἰρημένου
885 355 900 370 ·
942 341 1402 414 Ἀναλαμϐάνων
1424 352 1632 418 πραεῖς

1792 364 1968 413 turam
1994 362 2364 431 assumpsisse
2411 362 2680 422 dicamus.
2707 368 2824 426 Hoc
2853 383 2980 428 vero
3015 369 3358 442 potissimum

103 422 346 490 Κύριος.
399 423 566 478 οὐδὲν
600 426 658 480 δὲ
702 427 1036 499 θαυμαστὸν,
1088 433 1210 488 οὔτε
1273 437 1538 511 διαφοράν
1568 461 1688 497 τινα

99 513 166 562 ἓν
185 514 362 586 τούτῳ
393 533 476 580 τις
509 517 620 587 ἔχει
653 518 844 588 δεῖξᾶι,
872 522 948 593 τῷ
987 525 1160 578 εἰπεῖν
1189 529 1475 584 ἀναλαϐεῖν
1510 533 1687 606 σάρκα

101 608 198 660 τῆν
249 608 474 680 Κύριον,
529 611 561 680 ἢ
613 611 848 668 λαϐόντα
897 617 1108 671 τελείαν
1156 621 1596 696 ὲνανθρὼπησιν,
1649 628 1683 699 ἢ

95 697 298 770 ὥσπερ
349 700 610 766 πολλάκις
650 703 708 756 ἐν
757 707 887 776 ἡμῖν
930 708 1235 780 ὁμωνύμως
1271 713 1463 769 πολλαὶ
1511 697 1686 786 λέξεις

93 790 486 860 τυγχάνουσιν,
535 793 996 864 Ἀναλαμϐἀνων
1034 789 1162 872 γὰρ,
1219 806 1372 874 φησι,
1416 808 1622 874 πραεῖς
1651 812 1683 864 ὀ

91 882 351 949 Κύριος·
405 886 518 948 καὶ,
545 881 814 942 Ἀγέλαεῖέ
859 907 935 958 με
976 891 1046 947 ἐκ
1091 891 1209 946 τῶν
1249 899 1539 967 ποιμνίων
1565 901 1684 957 τῶν

89 971 444 1037 προϐάτων
500 976 614 1042 καὶ,
669 977 1025 1048 Ἆνελήρθη·
1061 983 1158 1038 καὶ
1199 981 1371 1041 εἷπον
1425 988 1531 1043 δύο
1576 992 1682 1046 ἄν·

87 1063 262 1130 δρες·
297 1067 358 1120 Τι’
376 1067 688 1133 ἑστήκατε,
709 1069 926 1139 ἄνδρες
945 1075 1256 1130 Γαλιλαῖοι
1273 1096 1293 1142 ;
1311 1075 1497 1148 Οὗτος
1517 1085 1549 1136 ὀ
1579 1083 1680 1152 ἀφ’

85 1154 271 1223 ὑμῶν
312 1158 747 1228 ἀναληφθείς...
773 1163 882 1215 Καὶ
913 1165 972 1217 οὐ
1009 1165 1225 1232 πάντως
1251 1169 1311 1222 τὸ
1351 1171 1676 1227 ἀναλαϐεῖν

89 1247 232 1316 μίαν
260 1248 371 1319 ἕχει
399 1250 678 1323 διαφοράν,
716 1257 773 1308 ἐν
799 1257 874 1327 τῷ
899 1256 1099 1326 λέγειν,
1125 1260 1441 1328 ἀνέλαϐεν,
1483 1263 1515 1337 ἢ
1551 1265 1680 1320 ἔλα-

83 1340 221 1406 ϐεν,
259 1341 292 1410 ἢ
329 1343 717 1398 ἀνεπνίιὶσατο
766 1349 846 1412 είς
880 1349 1068 1404 ἑαυτὸν
1108 1352 1207 1422 τὴν
1243 1354 1376 1408 ἰδίαν
1410 1358 1678 1432 ἐνανθρώ-

85 1445 264 1496 πησιν
283 1445 296 1458 ·
335 1430 434 1483 οὐκ
471 1432 579 1485 ἀπὸ
605 1433 702 1505 τῆς
738 1435 936 1504 λέξεως
965 1441 1113 1511 ἡμᾶς
1141 1441 1340 1516 ταύτης
1372 1447 1674 1520 πτύρουσιν

79 1519 133 1570 οἱ
153 1517 472 1592 βουλόμενοι
493 1525 633 1579 κατὰ
651 1527 759 1580 τῶν
775 1529 1046 1601 ἀκεραίων
1067 1535 1468 1606 ἐπεγείρεσθαι.
1485 1517 1675 1606 Οὕτως

78 1613 197 1705 χρὴ
239 1613 438 1683 λέγειν.
481 1618 590 1672 Καὶ
621 1621 694 1691 μή
739 1639 824 1685 τις
855 1625 1048 1697 νομίσῃ
1084 1627 1389 1683 διαϐάλλειν
1437 1634 1604 1703 ἡμᾶς,
1637 1633 1670 1705 ἢ

1793 448 2092 519 Scriptura;
2121 454 2436 512 testimonio
2477 458 2705 514 nititur:
2730 458 3028 532 Suscipiens
3066 475 3364 520 mansuetas

1787 539 2045 596 Dominus
2066 545 2107 598 ³.
2135 543 2334 600 Verum
2357 548 2494 604 nihil
2523 549 2817 606 admodum
2851 552 2938 608 his
2971 555 3024 608 in
3054 555 3232 612 verbis
3263 557 3362 612 ad-

1785 630 2076 688 miratione
2104 632 2330 706 dignum
2359 645 2458 703 est,
2481 655 2584 694 nec
2623 641 2735 694 ulla
2773 649 2953 712 potest
2973 644 3030 698 in
3071 661 3137 700 eo
3173 646 3360 702 diver-

1787 721 1924 778 sitas
1957 727 2191 792 ostendi,
2227 727 2374 798 quod
2403 744 2624 785 carnem
2651 731 2915 790 Dominus
2935 743 3030 788 aut
3060 736 3355 806 perfectam

1783 813 2030 872 hominis
2056 826 2308 873 naturam
2345 822 2658 893 suscepisse
2693 823 2928 881 dicatur.
2965 825 3100 881 Nam
3133 842 3165 880 a
3197 831 3358 885 nobis

1781 906 1981 976 saepius
2041 911 2315 974 nonnullae
2366 911 2656 978 dictiones,
2713 914 3030 984 ὁμωνύμως
3087 933 3356 986 usurpan-

1781 1001 1891 1060 tur,
1917 997 2062 1051 velut
2093 999 2196 1054 ista
2227 1009 2359 1054 sunt
2384 1019 2396 1055 :
2423 1000 2724 1072 Suscipiens
2748 1012 3044 1058 mansuetos
3061 1004 3357 1072 Dominus;

1780 1093 1834 1140 et
1861 1106 1872 1141 :
1899 1085 2140 1157 Suscepit
2171 1107 2248 1144 me
2267 1091 2330 1146 de
2353 1094 2603 1162 gregibus
2626 1094 2834 1146 ouium‘
2857 1112 2872 1160 ;
2899 1095 3027 1150 item
3051 1096 3182 1150 illud
3211 1115 3224 1149 ε
3253 1097 3358 1150 As-

1779 1187 2016 1246 sumptus
2045 1189 2142 1244 est,
2175 1191 2223 1235 et
2252 1181 2354 1236 duo
2405 1185 2503 1238 viri
2530 1186 2774 1238 dixerunt
2819 1203 2832 1239 :
2883 1185 3020 1249 Quid
3049 1189 3225 1250 statis,
3258 1189 3355 1243 viri

1781 1267 2178 1340 Galila'i?11ic,
2206 1275 2295 1342 qui
2322 1285 2620 1344 assumptus
2646 1294 2677 1330 a
2695 1277 2834 1332 vobis
2854 1279 2898 1343 ⁸,
2915 1286 3022 1334 etc.
3045 1278 3154 1334 Nec
3179 1281 3230 1334 in
3259 1281 3354 1334 illo

1779 1364 2089 1422 assumendi
2131 1366 2396 1420 vocabulo
2443 1367 2586 1433 inest
2631 1369 2740 1422 ulla
2790 1370 3056 1434 varietas,
3108 1372 3154 1426 si
3201 1371 3356 1428 dica-

1777 1468 1922 1518 mus,
1954 1456 2263 1524 assumpsit,
2327 1465 2422 1511 aut
2453 1460 2697 1528 sumpsit,
2740 1469 2832 1514 aut
2868 1463 3123 1528 expressit
3168 1462 3358 1518 huma-

1776 1559 1902 1598 nam
1927 1545 1984 1606 in
2021 1561 2148 1602 sese
2169 1559 2448 1604 naturam.
2485 1549 2676 1621 Neque
2706 1552 2806 1606 hac
2840 1553 3054 1622 objecta
3077 1569 3210 1608 voce
3242 1563 3351 1610 ter-

1779 1652 1900 1694 rere
1954 1655 2056 1696 nos
2091 1627 2344 1710 possunt,
2376 1644 2470 1712 qui
2518 1645 2780 1702 adversus
2808 1646 3091 1712 imperitos
3127 1662 3191 1702 ac
3219 1648 3352 1702 sim-

79 1701 465 1772 χλευαστικῶς
503 1707 680 1778 λέγειν
723 1713 851 1783 περὶ
881 1715 979 1786 τῆς
1027 1717 1334 1783 ὑποθέσεως
1369 1721 1572 1792 ταύτης
1603 1740 1647 1776 τι

1775 1729 1946 1799 plices
1981 1731 2294 1802 insurgunt.
2331 1731 2568 1788 Omnino
2604 1749 2734 1790 vero
2770 1735 2844 1788 ita
2887 1736 3033 1805 loqui
3069 1736 3346 1792 convenit.

81 1796 340 1866 ῥήματα.
373 1797 638 1863 Πολλάκις
660 1801 770 1873 γὰρ
803 1802 1121 1877 ἐσκεψάμην
1150 1811 1276 1880 περὶ
1313 1809 1502 1863 τούτου
1536 1812 1672 1882 γρά-

81 1901 148 1951 φε
161 1901 212 1936 ιν
233 1901 250 1915 ο
277 1885 366 1939 ἵνα
400 1889 472 1958 μή
502 1905 584 1952 τις
628 1891 824 1964 νομίσῃ
853 1893 998 1962 ἡμᾶς
1048 1896 1169 1947 κατ’
1201 1895 1398 1968 ἔχθραν
1433 1902 1552 1952 κατ’
1573 1903 1672 1954 αὐ-

75 1975 178 2029 τοῦ
218 1977 626 2050 ἐπεγείρεσθαι.
675 1981 835 2034 Οὐδὲν
878 1984 985 2055 γάρ
1023 1986 1170 2055 ἡμᾶς
1207 1987 1380 2051 οὐδεὶς
1419 1989 1666 2061 ἔϐλαψεν,

77 2069 154 2132 ὡς
181 2069 331 2122 κατά
359 2071 417 2122 τὸ
439 2071 774 2145 ἀνθρώπινον
793 2073 955 2144 λέγω,
982 2076 1102 2129 οὐδὲ
1131 2076 1198 2130 τὰ
1218 2077 1376 2148 ἡμῶν
1403 2082 1460 2132 ἐν
1481 2082 1669 2154 κόσμῳ

75 2159 438 2228 ἀφήρπασεν.
475 2161 848 2233 Σκεπτόμενος
879 2164 934 2218 δὲ
964 2165 1056 2218 τοῦ
1088 2167 1160 2238 μὴ
1205 2168 1458 2238 γράφειν,
1494 2173 1667 2242 ἡναγ-

77 2254 298 2326 κάσθην
341 2255 430 2308 ὑπ’
457 2257 626 2328 αὐτῆς
657 2257 758 2328 τῆς
783 2258 1060 2330 ἀληθείας,
1091 2261 1175 2314 ἵνα
1202 2261 1276 2334 μὴ
1301 2265 1316 2294 ¹
1350 2265 1667 2336 παραλείψω

74 2343 190 2400 τῶν
221 2347 377 2418 παρὰ
398 2347 494 2418 τὴν
524 2348 704 2403 πίστιν
731 2367 784 2404 τι
813 2355 1234 2424 πεφρονηκότων
1257 2377 1270 2388 -
1300 2354 1374 2419 ὡς
1401 2359 1495 2410 καὶ
1517 2357 1668 2412 ὔστε-

77 2454 172 2508 ρον
225 2441 278 2491 οξ
321 2437 592 2504 θεοσεϐεῖς
630 2442 943 2514 ἐντυχόντες
985 2446 1398 2514 έπιγνώσονται,
1444 2449 1526 2502 ὅτι
1568 2451 1666 2522 οὐχ

73 2527 246 2582 ἕνεκα
296 2530 458 2602 ζήλου
511 2535 777 2604 κοσμικοῦ
825 2536 955 2607 ἡμῖν
1004 2539 1032 2591 ὁ
1079 2537 1253 2608 λόγος.
1303 2541 1517 2596 Μᾶλλον
1556 2543 1665 2616 γὰρ

75 2621 284 2690 ὠφελεῖ
333 2625 479 2696 ἡμᾶς
513 2627 540 2678 ό
578 2627 716 2698 ἀνὴρ
739 2627 808 2681 τά
855 2628 1084 2698 μέγιστα
1125 2631 1234 2686 τῶν
1273 2633 1415 2687 κατὰ
1461 2635 1664 2706 κόσμον

75 2715 171 2767 καὶ
223 2716 373 2770 κατὰ
425 2719 524 2790 τὴν
571 2719 811 2790 ἀγάπην,
849 2721 1004 2793 εἴπερ
1042 2723 1357 2794 όμοφρόνως
1402 2729 1468 2798 τῇ
1531 2729 1663 2800 ἁγίᾳ

75 2806 214 2860 Θεοῦ
263 2808 564 2880 Ἐκκλησία
611 2810 752 2864 κατὰ
799 2812 976 2867 πάντα
1018 2818 1131 2878 τοῖς
1171 2817 1302 2869 πᾶσι
1337 2818 1660 2886 συνετίθετο,

77 2901 168 2952 καὶ
213 2900 292 2972 μὴ
325 2899 476 2966 ξένον
515 2919 569 2954 τι
593 2905 970 2975 παρεισήγαγε
1015 2907 1186 2978 ῥῆμα.
1221 2909 1378 2962 Ἤτοι
1408 2905 1499 2964 οὖν
1529 2911 1661 2983 παρ’

1771 1819 1850 1874 Ac
1894 1837 1964 1876 ne
2009 1822 2136 1891 quis
2173 1823 2502 1878 calumniari
2540 1840 2627 1879 me
2673 1832 2847 1896 putet,
2899 1834 2992 1880 aut
3037 1827 3350 1882 istiusmodi

1771 1912 2058 1969 vocabulis
2109 1913 2166 1968 in
2208 1929 2274 1969 eo
2321 1926 2646 1986 argumento
2689 1918 2958 1986 cavillari,
3002 1919 3162 1974 velim
3212 1916 3366 1974 illud-

1771 2017 1962 2078 omnes
2005 2004 2338 2076 intelligant,
2378 2006 2474 2060 diu
2501 2022 2628 2072 nos,
2661 2015 2954 2078 antequam
2983 2023 3046 2062 ea
3076 2008 3350 2064 scribere-

1769 2077 1916 2158 mus,
1947 2097 2292 2168 multumque
2322 2099 2658 2156 deliberasse
2684 2119 2698 2155 :
2729 2116 2798 2156 ne
2821 2101 2945 2170 quis
2976 2100 3208 2158 fortasse
3246 2117 3346 2172 per

1769 2187 2104 2244 simultatem
2127 2189 2176 2244 ei
2203 2205 2306 2246 nos
2325 2190 2624 2247 insultasse
2647 2191 2918 2248 crederet.
2949 2193 3114 2262 Atqui
3138 2193 3344 2248 nullam

1769 2279 1872 2334 iste
1903 2281 2084 2346 nobis,
2123 2289 2182 2335 ut
2216 2281 2464 2337 humano
2493 2299 2644 2338 more
2688 2284 2904 2354 loquar,
2935 2283 3192 2353 injuriam
3237 2285 3348 2338 im-

1765 2372 1987 2442 posuit;
2024 2387 2126 2427 nec
2157 2389 2280 2443 qua:
2319 2373 2376 2428 in
2405 2373 2512 2430 hoc
2542 2375 2748 2429 mundo
2782 2375 3200 2455 possidebamus
3235 2373 3349 2430 eri-

1766 2463 1906 2532 puit.
1944 2461 2050 2518 Sed
2101 2478 2226 2518 cum
2266 2464 2321 2518 in
2355 2464 2447 2518 illa
2485 2464 2882 2521 deliberatione
2907 2466 2973 2520 de
3001 2465 3087 2520 his
3119 2471 3348 2535 prater-

1766 2550 2046 2607 mittendis
2087 2557 2419 2622 cogitarem,
2470 2567 2502 2608 a
2547 2553 2779 2608 veritate
2821 2551 3034 2625 1014
3063 2553 3178 2622 ipsa
3223 2567 3346 2606 sum

1765 2652 2018 2709 coactus,
2049 2659 2116 2700 ne
2139 2660 2471 2714 quemquam
2491 2659 2680 2700 eorum
2709 2645 3074 2716 praeterirem,
3093 2645 3186 2715 qui
3211 2658 3347 2700 con-

1767 2739 1850 2786 tra
1880 2733 2038 2808 tidem
2073 2735 2278 2804 aliquid
2314 2735 2638 2792 sensissent.
2661 2735 2773 2792 Nec
2806 2735 3020 2800 dubito,
3055 2735 3184 2805 quin
3217 2733 3345 2805 pius

1763 2823 1938 2880 lector
1962 2824 2118 2883 facile
2147 2827 2282 2882 illud
2324 2835 2628 2898 agnoscat,
2665 2827 2816 2882 nulla
2854 2843 2920 2882 ex
2962 2826 3126 2896 hujus
3153 2824 3342 2880 mundi

1763 2919 1990 2989 propria
2029 2919 2380 2974 aemulatione
2411 2934 2718 2974 sermonem
2753 2919 2906 2973 illum
2937 2924 3186 2972 nostrum
3214 2930 3340 2972 esse

77 2992 249 3064 αὐτῷ,
287 2994 323 3064 ἢ
371 2996 482 3056 τοῖς
518 2996 648 3066 παρ’
692 2996 856 3048 αὐτοῦ
900 2999 1406 3072 μεμαθητευμένοις
1439 3004 1467 3055 ό
1507 3003 1647 3072 λόγος

1774 3009 2089 3078 profectum.
2127 3008 2263 3064 Nam
2295 3027 2326 3066 e
2367 3012 2644 3066 contrario
2675 3012 2846 3066 multo
2885 3011 3009 3080 plus
3038 3009 3130 3064 ille
3156 3008 3337 3074 nobis,

74 3085 250 3149 ἄλλως
279 3085 404 3139 νοού
413 3103 572 3158 μενος
597 3087 684 3141 διά
709 3087 802 3141 τοῦ
829 3089 1066 3144 τοιούτου
1100 3093 1374 3163 σχήματος
1399 3094 1492 3148 καὶ
1522 3112 1647 3166 προ-

1774 3101 1910 3170 quod
1949 3099 2016 3155 ad
2041 3111 2297 3156 externas
2324 3101 2644 3170 disciplinas
2685 3108 2738 3157 et
2765 3100 3090 3155 charitatem
3123 3098 3342 3164 attinet,

73 3179 296 3247 φάσεως
328 3183 387 3234 ὲν
413 3181 628 3253 παρόδῳ
652 3182 858 3253 ᾄδεται,
890 3183 990 3236 οὐκ
1021 3182 1129 3254 ἔχω
1157 3184 1356 3254 λέγειν.
1392 3185 1647 3254 Πολλάκις

1774 3191 2024 3246 utilitatis
2065 3190 2307 3257 afferret,
2337 3191 2382 3246 si
2412 3207 2538 3246 cum
2570 3197 2762 3246 sancta
2799 3189 2893 3246 Dei
2937 3190 3180 3245 Ecclesia
3211 3203 3344 3245 con-

73 3270 128 3322 δὲ
150 3270 536 3343 διενοήθημεν,
566 3273 659 3328 καὶ
680 3273 976 3346 ἔκπληκτοι
1001 3277 1328 3348 γεγόναμεν,
1361 3279 1442 3332 ὅτι
1475 3279 1647 3334 ἓνεκει

1774 3281 2006 3337 :orditer
2033 3282 2087 3337 in
2125 3282 2384 3338 omnibus
2406 3282 2728 3337 consentire
2754 3283 2937 3346 vellet,
2970 3295 3071 3336 nec
3100 3279 3345 3352 peregri-

71 3361 162 3414 τοῦ
191 3361 364 3432 λόγου
393 3363 585 3418 τούτου
617 3367 650 3436 ἠ
681 3365 928 3429 ἔνστασις
951 3367 1049 3439 τῆς
1080 3368 1409 3437 φιλονεικίας
1440 3373 1535 3426 καὶ
1565 3373 1647 3426 τοῐ

1774 3389 1890 3427 mum
1921 3374 2128 3444 aliquid
2156 3383 2210 3430 et
2257 3373 2566 3428 inauditum
2597 3373 2898 3428 inveheret.
2934 3371 3062 3427 Sive
3087 3371 3252 3442 igitur
3275 3370 3344 3425 ab

72 3450 288 3517 ἀγῶνος
323 3453 430 3516 ἓως
467 3453 698 3507 θανάτου
730 3455 858 3526 παρ’
888 3455 1066 3510 αὐτῶν
1102 3457 1418 3514 ὲκδικεῖται.
1453 3462 1564 3516 Καὶ
1597 3465 1647 3516 ἐν

1774 3465 1864 3520 ἰΙΙο
1892 3466 2181 3535 jactatum,
2218 3467 2332 3522 sive
2360 3467 2428 3522 ab
2467 3467 2586 3536 ejus
2629 3465 2916 3535 discipulis
2959 3464 3120 3518 aliter
3163 3451 3336 3518 inter-

71 3544 262 3598 τούτου
309 3543 580 3615 ἔγνωμεν,
611 3547 690 3599 ὅτι
721 3546 858 3616 τάχα
901 3549 1256 3622 περιττοτέρᾳ
1299 3551 1404 3605 τινὶ
1435 3551 1647 3627 ὑπονοίᾳ

1774 3537 2031 3628 pretatum
2061 3557 2258 3628 dogma
2309 3559 2412 3613 sub
2437 3557 2705 3628 ejusmodi
2733 3557 2912 3628 specie
2939 3571 3003 3610 ac
3043 3563 3329 3626 praetextu.

71 3637 198 3707 παρ’
227 3637 419 3699 αὐτοῖς
455 3639 482 3690 ὁ
503 3635 658 3706 λόγος
688 3637 892 3708 ᾄδεται.

1774 3648 1906 3702 velut
1941 3647 2012 3702 ab
2049 3648 2198 3702 aliud
2240 3649 2527 3718 agentibus
2573 3648 2865 3714 occinitur,
2921 3647 2990 3702 de
3035 3659 3146 3717 quo
3201 3641 3337 3697 certi

71 3728 204 3782 nihil
237 3729 517 3783 afﬁrmare
561 3744 806 3799 possum.
840 3729 974 3788 illud
1023 3731 1240 3801 quidem
1303 3749 1446 3804 saepe
1500 3735 1682 3792 animo
1727 3741 2084 3806 versavimus,
2125 3755 2191 3794 ac
2225 3740 2486 3810 majorem
2520 3741 2571 3794 in
2627 3740 2846 3796 modum
2903 3736 3333 3808 obstupuimus,

73 3821 220 3876 hisce
253 3820 312 3874 in
345 3821 694 3890 opinionibus
729 3825 1138 3904 propugnandis
1195 3833 1345 3880 tanta
1377 3827 1500 3884 illos
1541 3844 1663 3883 cum
1703 3831 1870 3886 animi
1913 3833 2263 3888 contentione
2291 3848 2355 3887 ac
2375 3831 2652 3903 pugnandi
2699 3830 2924 3887 libidine
2945 3829 3026 3885 vel
3071 3827 3139 3882 ad
3194 3839 3340 3880 more

73 3925 174 3971 tem
212 3930 396 3987 usque
429 3916 768 3986 pertinaciter
813 3918 1085 3975 insistere.
1123 3919 1203 3974 Ex
1253 3937 1361 3992 quo
1420 3923 1688 3992 suspicari
1735 3925 1868 3980 illud
1906 3927 2164 3994 occurrit,
2206 3941 2274 3982 ex
2329 3927 2436 3982 alio
2487 3927 2718 3996 quodam
2765 3925 3128 3982 reconditiore
3174 3936 3339 3978 sensu

73 4011 393 4079 opinionem
428 4009 572 4063 illam
596 4025 720 4065 esse
757 4010 1070 4066 deductam.

135 4105 224 4158 K'.
259 4104 438 4156 ’Ὅταν
469 4102 578 4175 γὰρ
626 4105 906 4176 ἐρωτήσῃς
941 4104 1093 4168 τινὰς
1134 4105 1192 4171 ἐξ
1237 4107 1432 4170 αὐτῶν,
1467 4107 1654 4176 διαφό-

77 4214 178 4266 ρως
225 4195 332 4266 μὲν
375 4197 422 4248 οἱ
460 4195 661 4260 πάντες
707 4197 1126 4266 ἀναγγέλλουσιο
1161 4199 1308 4263 τινὲς
1349 4201 1404 4253 δὲ
1435 4201 1652 4269 λέγουσι

79 4287 148 4357 μὴ
170 4286 393 4340 τελείαν
417 4286 694 4357 εἰληφέναι
713 4287 803 4341 τὸν
825 4288 1026 4359 Κύριον
1057 4289 1487 4363 ὲνανθρὼπησιν,
1517 4289 1652 4362 μηδὲ

1834 4103 1948 4158 ΧΧ.
1973 4103 2109 4158 Nam
2145 4118 2270 4158 cum
2305 4117 2495 4157 eorum
2528 4101 2744 4172 aliquos
2773 4099 3220 4170 interrogaveris,
3247 4119 3338 4154 va-

1759 4197 1857 4252 riis
1907 4197 1984 4250 illi
2033 4195 2213 4251 modis
2256 4194 2587 4264 reSpondere
2614 4192 2830 4257 solent;
2879 4206 2983 4246 nec
3015 4191 3214 4248 desunt
3245 4195 3338 4264 qui

1760 4289 2062 4359 perfectam
2095 4286 2336 4341 hominis
2367 4293 2620 4339 naturam
2647 4282 2938 4338 Dominum
2967 4284 3337 4353 assumpsisse

75 4380 274 4434 τέλειον
302 4379 468 4432 αὐτὸν
501 4379 780 4448 γεγονέναι
811 4379 1117 4452 ἄνθρωπον.
1160 4382 1376 4452 Ἐπειδὴ
1407 4382 1464 4436 δὲ
1495 4381 1647 4436 τοῦτο

1774 4389 1955 4452 iegent
1981 4395 2044 4433 ac
2080 4373 2382 4449 perfectum
2413 4377 2688 4430 hominem
2727 4375 3029 4430 exstitisse.
3056 4373 3214 4440 Quod
3240 4390 3336 4428 au-

77 4471 304 4539 φευκτὸν
362 4470 571 4538 ἐγίνετο
618 4471 851 4535 πολλοῖς,
897 4472 1080 4526 λοιπὸν
1125 4471 1349 4543 ὕστερον
1402 4475 1655 4546 εἰρωνεία

78 4563 392 4634 ἐκέχρηντο,
414 4561 488 4626 ὡς
513 4563 636 4615 ὕστε
648 4581 736 4634 ρον
759 4565 823 4617 ὲκ
846 4563 939 4616 τοῦ
969 4565 1233 4636 στόματος
1260 4565 1423 4619 αὐτοῦ
1454 4569 1474 4597 ³
1499 4569 1656 4637 ἀκρι-

76 4651 178 4716 ϐῶς
218 4653 647 4724 μεμαθήκαμεν.
693 4655 815 4708 Ἐπὶ
853 4655 951 4724 τῆς
993 4655 1309 4725 Ἀντιοχέων
1355 4656 1464 4727 γάρ
1501 4657 1654 4725 γενό-

83 4763 242 4815 μενοι,
275 4748 392 4808 τοῖς
411 4745 738 4817 άκραίμοσιν
769 4746 946 4800 αὐτῶν
972 4748 1464 4818 συν-τετυχήκαμεν,
1491 4749 1548 4800 ὲν
1572 4741 1654 4812 οἷς

80 4835 166 4888 καὶ
191 4833 446 4899 Βιτάλιος
477 4837 506 4888 ὁ
547 4835 841 4899 ἐπίσκοπος
875 4835 987 4906 (94)
1023 4836 1290 4907 ὑπῆρχεν,
1331 4835 1655 4888 εὐλαϐέστα-

79 4945 160 4991 τος
175 4929 318 5000 ἀνὴρ
341 4927 418 5000 τῷ
447 4925 546 4998 βίῳ
571 4928 665 4980 καὶ
696 4930 761 4999 τῇ
791 4927 1143 4992 καταστάσει,
1173 4929 1265 4979 καὶ
1286 4930 1351 4997 τῇ
1384 4925 1647 4998 πολιτείᾳ.

91 5019 376 5090 Ἐλέγομεν
424 5019 482 5072 δὲ
529 5017 1008 5090 συμϐουλεύοντες,
1063 5017 1158 5071 καὶ
1209 5015 1652 5096 παρακαλοῦντες

84 5113 438 5182 συμφωνῆσαι
475 5115 540 5184 τῇ
588 5111 769 5165 πίστει
806 5111 908 5182 τῆς
956 5110 1116 5180 ἁγίας
1161 5109 1506 5182 Ἐκκλησίας,
1558 5109 1652 5163 καὶ

1758 4483 1864 4528 tem
1901 4473 1970 4527 ah
2004 4486 2070 4527 eo
2117 4470 2430 4541 complures
2469 4468 2866 4532 abhorrebant,
2899 4468 3336 4524 dissimulatione

1758 4561 1953 4616 deinde
1970 4561 2047 4615 uti
2079 4567 2383 4630 cmperunt,
2411 4557 2462 4613 id
2491 4557 2639 4628 quod
2665 4571 2764 4612 nos
2786 4572 2853 4612 ex
2883 4557 3101 4612 illorum
3129 4573 3335 4614 εει-τηου

1759 4651 1922 4706 nibus
1946 4658 2204 4704 accurate
2221 4657 2415 4720 postea
2444 4646 2826 4718 cognovimus.
2864 4644 3002 4700 Nam
3027 4661 3153 4701 cum
3185 4663 3334 4704 esse-

1757 4757 1882 4797 mus
1927 4742 2251 4805 Antiochiaa,
2307 4739 2362 4795 in
2413 4740 2706 4811 primarios
2746 4740 2966 4794 illorum
3019 4739 3332 4805 incidimus,

1761 4833 1903 4889 inter
1930 4848 2068 4904 quos
2107 4839 2226 4886 erat
2261 4829 2458 4886 Vitalis
2500 4831 2819 4900 episcopus,
2864 4829 3029 4883 homo
3062 4829 3194 4894 vita,
3229 4843 3332 4882 mo-

1759 4925 1910 4980 ribus
1943 4933 1998 4979 et
2027 4923 2280 4980 instituto
2322 4922 2796 4994 religiosissimus.
2840 4921 2918 4975 Ac
2945 4933 3070 4974 cum
3115 4935 3329 4988 magno-

1757 5033 1885 5088 pere
1916 5017 2068 5071 illum
2101 5017 2520 5074 adhortaremur
2559 5027 2614 5072 et
2655 5023 2913 5070 auctores
2959 5028 3207 5069 essemus
3272 5022 3330 5067 ut

1756 5123 1882 5164 cum
1917 5107 2176 5164 Ecclesia:
2216 5109 2500 5165 catholica:
2543 5107 2649 5163 fide
2691 5106 3054 5171 consentiret,
3091 5119 3159 5159 ac
3195 5119 3326 5158 con-

149 5267 166 5296 ¹
197 5265 260 5324 F.
297 5267 524 5340 μηδένα.
599 5269 620 5298 ³
645 5267 707 5321 F.
747 5267 947 5322 αὐτῶν.
1025 5267 1046 5298 ⁸
1083 5265 1228 5322 Psal.
1261 5281 1408 5331 XLVI,
1431 5267 1482 5320 6.
1559 5265 1581 5298 ⁸
1615 5264 1647 5320 Ρ

1795 5279 2001 5332 Lxxvn,
2032 5265 2120 5319 70.
2196 5263 2218 5296 ⁸
2248 5265 2372 5320 Act.
2398 5279 2438 5330 l,
2468 5262 2523 5328 9,
2560 5261 2648 5317 10.

149 5380 254 5450 (9i)
297 5384 404 5434 Ἔν
455 5375 546 5446 οἷς
587 5381 684 5435 καὶ
757 5380 1033 5446 Βιτίίλιος
1083 5384 1116 5435 ὀ
1152 5383 1504 5447 ἐπίσκοπος.
1549 5378 1645 5432 Hic

83 5461 158 5531 est
187 5449 404 5531 \fitalis
424 5451 520 5531 i||e_
553 5451 753 5506 Meletii
783 5451 1110 5531 Antioeheni
1155 5453 1458 5524 presbyter,
1485 5450 1643 5531 quina

85 5519 338 5576 Flaviano
370 5521 688 5592 desciscens
718 5537 776 5577 se
806 5521 873 5576 ad
911 5519 1276 5592 Apollinarem
1309 5519 1642 5592 aggregavit,

85 5599 152 5654 et,
179 5591 326 5661 quod
367 5591 566 5662 insigni
603 5593 803 5661 pietate
844 5591 1104 5661 praeditus
1140 5600 1302 5656 esset,
1351 5591 1644 5661 plerosque

89 5663 328 5718 eumdem
358 5663 412 5718 in
439 5678 678 5719 errorem
705 5663 934 5735 impulit.
966 5662 1160 5718 Postea
1189 5679 1318 5719 vero
1344 5668 1502 5718 secta:
1531 5676 1644 5719 sua:

1753 5380 2048 5449 episcopus
2093 5385 2177 5434 est
2215 5375 2413 5432 factus.
2445 5373 2527 5458 _De
2566 5389 2674 5444 quo
2726 5371 3062 5458 Soaomenus
3105 5369 3199 5454 lib.
3243 5387 3322 5432 vr.

1753 5449 1886 5496 Vide
1915 5457 1969 5496 et
1995 5448 2312 5496 Gregorium
2331 5445 2586 5496 Nazianz.
2605 5452 2746 5496 orat.
2778 5445 2847 5496 52
2871 5442 2941 5496 ad
2972 5441 3280 5496 (.ledomum
3306 5491 3322 5496 _

1753 5445 1886 5504 Vide
1915 5445 1969 5504 et
1995 5448 2312 5518 Gregorium
2331 5445 2586 5499 Nazianz.
2605 5452 2746 5500 orat.
2778 5445 2847 5498 52
2871 5445 2941 5498 ad
2972 5445 3280 5524 (έίεάοηὶιιηι
3305 5491 3322 5514 ,

1751 5521 1844 5574 ubi
1876 5527 1930 5574 et
1969 5519 2131 5586 hujus
2172 5524 2226 5573 et
2287 5516 2806 5588 Apollinaristarum
2853 5527 3094 5571 omnium
3125 5525 3316 5568 versu-

1753 5591 1880 5645 tiam
1915 5589 2134 5662 detegit.
