3790 6212
427 207 527 265 671
1833 207 1891 264 S.
1932 203 2276 262 EPIPHANII
3619 196 3708 252 δ’ῗῖ

427 319 720 375 ιειιιῑίοεειη
754 317 902 374 illam
930 330 1126 375 vocem
1158 324 1623 390 praetermitteret,
1671 317 1738 374 ad
1775 319 1888 376 haec
1937 320 2011 376 ita

2148 320 2275 374 άσαι
2326 316 2386 370 τὸ
2441 314 2742 386 φιλόνεικον
2796 313 2967 384 ῥῆμα.
3027 312 3070 367 0
3116 309 3174 366 δὲ
3227 307 3481 374 Βιτάλιος
3526 307 3704 377 ελεγι·

428 410 624 467 Vitalis
653 411 1018 467 occurrebat:
1044 410 1192 478 Quid
1218 419 1326 475 est,
1361 411 1562 482 inquit,
1594 420 2012 468 controversum

2146 411 2182 465 Τί
2237 411 2348 481 γάρ
2399 409 2516 461 ὲστι
2559 405 2622 461 τὸ
2663 404 2934 476 άναμέσον
2979 403 3169 475 ἠμῶν;
3225 398 3356 472 Εἶχε
3411 400 3532 472 γὰρ
3565 394 3710 464 οὗτος

428 505 576 560 inter
631 519 734 561 nos
761 511 816 560 et
847 503 1207 574 ambiguum?
1252 504 1505 559 Habebat
1541 514 1721 560 autem
1762 505 2014 560 nonnihil

2150 504 2399 558 ιάστασιν
2435 499 2574 572 πρὸς
2619 497 2900 570 αίδέσιμόν
2934 513 3057 550 τινα
3081 495 3252 568 ἄνδρα
3287 494 3384 548 καὶ
3416 492 3715 562 ἐπίσημον,

426 611 552 651 cum
583 594 816 651 Paulino
845 595 1108 666 episcopo
1147 597 1405 666 religioso
1433 604 1599 666 atque
1627 597 1848 668 egregio
1897 598 2015 652 viro

2146 585 2384 648 Ιαυλῖνον
2409 591 2500 645 τὸν
2529 589 2849 653 ἐπίσκοπον,
2880 588 2977 642 καὶ
3000 585 3264 649 Παυλῖνος
3286 585 3428 656 πρὸς
3447 584 3547 638 τὸν
3571 585 3716 654 sim-

427 687 742 753 discordize,
773 687 1128 758 vicissimque
1153 686 1415 744 Paulinus
1438 704 1467 742 a
1492 687 1679 751 Vitali,
1712 699 1872 758 quem
1901 687 2014 743 turri

2146 687 2283 741 ιένον
2313 682 2582 744 Βιτάλιον,
2615 682 2704 752 ὑφ’
2738 679 2896 753 ἡμῶν
2924 677 3354 751 μετακληθέντα.
3387 675 3715 745 Βουλόμενοι

427 779 848 842 accersivimus,
890 779 1218 834 dissidebat.
1255 776 1406 844 Quos
1441 779 1662 849 quidem
1708 777 1855 834 inter
1895 795 2018 836 sese

428 873 728 927 conciliare
755 871 1070 927 studuimus
1105 889 1118 925 :
1170 871 1332 926 ambo
1380 871 1525 926 enim
1557 886 1681 924 cum
1714 881 1920 926 rectam
1953 887 2018 927 ac

431 963 705 1019 sinceram
734 961 892 1016 ﬁdem
924 961 1166 1032 proﬁteri
1191 961 1531 1028 viderentur,
1553 962 1722 1017 certis
1748 963 1815 1017 de
1833 963 2018 1018 causis

433 1068 462 1107 a
502 1070 561 1109 se
589 1063 781 1108 mutuo
809 1053 1212 1108 dissentiebant
1246 1073 1258 1108 :
1287 1069 1413 1107 nam
1442 1051 1639 1110 Vitalis
1664 1054 1895 1109 Paulino
1918 1054 2020 1109 Sa—

434 1145 652 1201 belliani
685 1145 977 1216 quamdam
1003 1144 1276 1216 dogmatis
1299 1161 1488 1202 vocem
1523 1147 1836 1216 objiciebat.
1864 1145 2022 1202 Unde

433 1253 560 1293 cum
603 1253 668 1292 eo
700 1253 802 1293 nos
833 1237 1300 1304 accessissemus,
1335 1238 1405 1293 ab
1439 1239 1691 1294 absoluta
1725 1255 1849 1294 cum
1878 1238 2021 1294 Pau-

432 1329 546 1383 lino
575 1328 965 1384 communione
992 1330 1440 1399 temperavimus,
1475 1329 1652 1386 donec
1683 1331 1864 1386 oblata
1897 1330 2021 1386 ﬁdei

431 1419 807 1492 professione,
838 1436 1001 1488 quam
1051 1411 1261 1492 scripto
1301 1424 1827 1492 comprehenderat,
1871 1423 2020 1477 aliud

434 1511 748 1582 persuasit:
786 1525 948 1580 quam
979 1510 1202 1580 quidem
1251 1510 1648 1581 professionem
1689 1513 1899 1584 1015
1929 1529 2023 1568 as-

327 1663 336 1666 _
435 1602 694 1656 sensione
717 1616 817 1656 sua
852 1601 1207 1655 confirmarat
1241 1611 1423 1668 antea,
1461 1619 1584 1658 cum
1617 1619 1677 1659 se
1704 1605 1848 1675 apud
1887 1605 2016 1659 bea-

2117 779 2298 833 τοίνυν
2337 776 2681 848 ἀμφοτέρους
2713 775 2790 836 είς
2817 773 3040 844 εἰρήνην
3071 769 3440 841 συμϐιϐάσαι·
3480 766 3716 838 ἁμᾳότεο

2124 887 2205 941 ροι
2233 868 2343 940 γὰρ
2366 867 2582 922 ἐδόκουν
2602 863 2883 936 ὀρθόδοξον
2909 863 3093 916 πίστιν
3120 860 3435 932 κηρύττειν,
3461 860 3565 913 καὶ
3596 859 3717 912 ἕκα-

2123 976 2247 1024 στος
2291 960 2572 1014 διάστασιν
2612 955 2726 1028 εἶχε
2768 956 2859 1011 διά
2890 972 3011 1009 τινα
3057 953 3364 1026 πρόφασιν·
3393 955 3423 1006 ὁ
3474 953 3582 1022 μὲν
3616 951 3716 1023 γὰρ

2124 1050 2370 1114 Βιτάλιος
2401 1048 2656 1118 Παυλίνῳ
2683 1046 2972 1116 ἐπέφερεν,
3003 1045 3079 1107 ὡς
3117 1044 3244 1117 περὶ
3269 1043 3576 1097 Σαϐελλίου
3610 1044 3717 1095 ὀνό-

2127 1159 2296 1215 ματος
2323 1143 2496 1214 ῥῆμα.
2528 1141 2640 1206 Διὸ,
2666 1140 2974 1210 γενομένων
3001 1137 3176 1209 ἡμῶν,
3209 1136 3603 1206 ὲπεσχέθημεν
3625 1133 3717 1200 τῆς

2123 1234 2264 1306 πρὸς
2294 1235 2386 1288 τὸν
2427 1233 2690 1288 Παυλῖνον
2710 1231 2922 1294 τελείας
2971 1229 3277 1292 κοινωνίας,
3303 1228 3412 1290 ἓως
3450 1228 3553 1280 ὅτε
3587 1239 3715 1296 μετὰ

2124 1325 2395 1387 ἐκθέσεως
2420 1326 2568 1396 ἡμᾶς
2613 1323 2893 1396 ἐγγράφου
2930 1320 3147 1375 ἔπεισεν
3167 1338 3181 1351 ·
3217 1313 3286 1392 ἧς
3312 1319 3418 1390 ήδη
3449 1317 3716 1388 πρότεροι

2123 1414 2421 1482 ἀπολογίας
2469 1413 2630 1484 χάριν
2696 1411 2834 1484 πρὸς
2876 1409 2967 1464 τὸν
3025 1409 3334 1481 μακαρίτην
3400 1406 3716 1460 Ἀθανάσιον

2125 1506 2422 1576 ἐποιήσατο
2467 1505 2567 1574 τὴν
2601 1500 3022 1571 συγκατάθεσιν.
3070 1501 3424 1572 Προσήνεγκε
3471 1498 3590 1569 γὰρ
3631 1499 3716 1552 καὶ

2125 1595 2399 1649 ἐπέδωκεν
2427 1597 2561 1665 ἡμῖν
2603 1592 2810 1663 ταύτης
2840 1590 2900 1644 τὸ
2939 1589 3270 1660 ἀντίγραφον
3320 1587 3442 1658 μεθ’
3477 1587 3714 1657 ὑπογρα-

435 1701 549 1748 ttnn
566 1692 928 1766 Athanasium
959 1701 1240 1764 purgaret.
1271 1693 1633 1766 llujusigitur
1663 1697 1820 1753 nobis
1844 1712 2020 1752 exem-

2146 1692 2233 1761 Ρῆς
2269 1686 2458 1756 σαφῶς
2507 1686 2636 1758 περὶ
2692 1684 2923 1756 Τριάδος
2954 1682 3073 1753 ἔχον
3112 1680 3271 1752 ὁμοῦ,
3307 1682 3406 1735 καὶ
3450 1680 3588 1750 περὶ
3632 1679 3715 1733 νοῦ

435 1787 615 1858 plum,
657 1787 743 1840 cui
789 1786 1231 1855 subscripserat,
1263 1787 1462 1842 obtulit
1506 1805 1518 1841 :
1569 1788 1622 1841 in
1669 1803 1779 1859 quo
1830 1803 2019 1843 sacro-

435 1883 640 1932 sancta:
679 1874 966 1931 Trinitatis
994 1891 1058 1930 ac
1085 1878 1306 1940 mentis,
1338 1893 1459 1947 qua:
1487 1877 1540 1931 in
1562 1877 1798 1932 humana
1817 1876 2024 1934 Chr-isti

435 1974 630 2021 natura
664 1965 827 2028 inest,
864 1968 1197 2021 mentionem
1224 1975 1575 2037 expresserat
1608 1986 1622 2022 :
1663 1977 1893 2039 eratque
1929 1969 2023 2024 illa

434 2057 553 2127 ipsa
583 2056 882 2111 beatissimi
903 2055 1080 2112 Patris
1109 2058 1284 2112 nostri
1304 2058 1587 2113 Athanasii
1610 2074 1773 2114 manu
1793 2061 2022 2132 scripta.

435 2149 588 2204 lianc
621 2164 722 2204 nos
751 2149 1149 2219 subjiciendam
1190 2151 1296 2206 hoc
1327 2151 1449 2205 loco
1477 2153 1808 2220 putavimus.

438 2261 754 2331 Exemplum
794 2262 1140 2333 professionis
1168 2263 1314 2332 ﬁdei,
1337 2280 1496 2335 quam
1530 2263 1790 2335 Paulinus
1823 2265 2026 2334 episco-

487 2407 490 2411 ι
760 2350 860 2404 pus
887 2350 988 2388 sua
1019 2350 1179 2387 manu
1213 2333 1465 2403 scriptam
1496 2333 1706 2391 obtulit.

509 2444 652 2501 XXI.
695 2445 808 2519 Ego
833 2446 1099 2503 Paulinus
1145 2447 1227 2504 sic
1260 2448 1468 2514 sentio,
1501 2449 1961 2520 quemadmodum
1993 2466 2024 2506 a

437 2537 690 2594 Patribus
722 2541 904 2610 accepi
951 2558 964 2594 :
1007 2540 1141 2596 Esse
1170 2550 1223 2596 et
1265 2541 1571 2596 subsistere
1595 2543 1897 2613 perfectum
1927 2543 2025 2598 Pa-

437 2642 598 2696 trem,
630 2643 684 2688 et
712 2632 1015 2688 subsistere
1041 2632 1340 2703 perfectum
1373 2631 1594 2696 Filium,
1625 2644 1678 2690 et
1722 2636 2024 2693 subsistere

436 2722 676 2794 denique
709 2724 1013 2793 perfectum
1047 2723 1312 2795 Spiritum
1346 2733 1621 2780 sanctum.
1655 2715 1836 2792 Quare
1877 2735 1929 2781 et
1959 2727 2022 2780 il-

440 2816 545 2869 lam
586 2815 751 2869 trium
787 2814 1180 2886 hypostaseon,
1229 2823 1284 2870 et
1319 2816 1486 2872 unius
1527 2816 1866 2887 hypostasis,
1909 2817 2026 2874 sive

439 2907 762 2963 substantia:
805 2908 1320 2980 interpretationem
1367 2923 1493 2963 cum
1535 2909 1602 2964 iis
1649 2909 1743 2979 qui
1791 2911 1864 2964 ita
1901 2924 2027 2965 sen-

439 3000 614 3064 tiunt,
652 3000 970 3069 amplector.
1029 2998 1124 3053 Est
1166 2999 1313 3054 enim
1360 2999 1546 3069 pietati
1573 3013 2021 3070 consentaneum,
2053 3040 2096 3098 ε

439 3085 762 3144 Trinitatem
790 3089 844 3144 in
870 3105 976 3143 una
1013 3088 1305 3145 Divinitate
1339 3105 1638 3162 agnoscere
1660 3103 1724 3145 ac
1746 3091 2018 3145 conﬁteri.

441 3179 518 3236 De
556 3175 936 3236 incarnatione
968 3195 1153 3251 porro,
1183 3197 1348 3252 quam
1382 3191 1607 3251 pr0pter
1639 3197 1742 3238 nos
1779 3181 2021 3238 Verbum

443 3274 623 3328 Patris
680 3274 946 3342 suscepit,
976 3273 1072 3339 ita,
1098 3284 1158 3329 ut
1190 3285 1316 3330 ante
1355 3275 1619 3344 scriptum
1662 3283 1768 3340 est,
1809 3276 2018 3330 sentio:

441 3361 724 3427 nimirum,
758 3369 812 3416 ut
845 3361 1084 3418 Joannes
1119 3363 1360 3434 scripsit,
1392 3362 1629 3418 Verbum
1657 3378 1878 3420 carnem
1901 3380 2025 3420 esse

443 3453 647 3507 factum
678 3453 718 3506 ⁸.
751 3450 936 3523 Neque
963 3453 1108 3508 enim
1151 3453 1335 3523 impiis
1387 3467 1452 3508 ac
1487 3454 1774 3510 sceleratis
1806 3455 1914 3512 illis
1943 3470 2026 3510 as-

441 3546 671 3611 sentior,
705 3545 797 3615 qui
828 3553 1098 3600 mutatum
1125 3545 1278 3600 illum
1299 3560 1422 3601 esse
1449 3545 1742 3614 deﬁniunt,
1783 3547 1878 3602 scd
1923 3563 2018 3618 po-

443 3639 550 3694 tius
593 3638 870 3694 hominem
915 3653 1039 3694 esse
1074 3646 1264 3694 nostra
1313 3653 1481 3694 causa
1512 3637 1739 3705 factum,
1791 3646 1956 3711 atque
1994 3656 2026 3696 e

444 3729 796 3786 sanctissima
820 3727 1045 3799 Virgine
1068 3728 1135 3784 de
1156 3727 1366 3799 Spiritu
1387 3736 1580 3784 sancto
1609 3745 1733 3785 esse
1754 3733 2021 3801 genitum.

444 3821 635 3892 Neque
683 3835 814 3875 vero
857 3827 952 3874 aut
982 3819 1307 3882 inanimum,
1340 3828 1435 3873 aut
1477 3835 1672 3877 sensus
1714 3837 1779 3875 ac
1824 3823 2026 3879 mentis

444 3925 641 3982 expers
673 3926 874 3981 corpus
894 3909 1146 3965 Salvator
1167 3909 1378 3965 habuit.
1417 3909 1577 3982 [Illud
1604 3927 1826 3982 quoque
1857 3914 2028 3968 Atha-

442 4004 582 4060 nasii
613 4004 855 4075 episcopi
883 4018 1049 4058 manu
1090 4001 1269 4058 fuerat
1297 4003 1617 4077 adjectum]
1652 4005 1793 4060 Fieri
1821 4007 2023 4078 quippe

442 4110 551 4150 non
589 4102 790 4166 potest,
826 4102 883 4148 ut
905 4093 1124 4150 Domini
1147 4095 1344 4160 nostri,
1371 4095 1704 4166 quipropter
1727 4109 1830 4152 nos
1861 4097 2026 4153 homo

444 4188 621 4243 factus
655 4195 760 4254 est,
797 4187 1000 4243 mentis
1041 4202 1236 4258 expers
1263 4202 1466 4258 corpus
1509 4188 1601 4244 sit.
1649 4186 1804 4243 Unde
1842 4196 1896 4244 et
1931 4204 2026 4244 eos

442 4295 632 4337 omnes
671 4280 1018 4337 anathemate
1051 4281 1274 4349 damno,
1319 4281 1414 4352 qui
1453 4282 1792 4352 propositam
1837 4297 1900 4338 ac
1937 4266 2048 4338 re-I

2125 1785 2223 1854 τῆς
2251 1780 2343 1836 τοῦ
2391 1778 2629 1850 Χριστοῦ
2681 1777 3174 1848 ἑνανθρωπήσεως,
3218 1774 3364 1846 χειρὶ
3411 1773 3588 1827 αὑτοῦ
3627 1774 3713 1825 τοῦ

2129 1871 2432 1945 μακαρίτου
2467 1871 2681 1942 Πατρδς
2711 1869 2869 1940 ἡμῶν
2912 1867 3251 1931 Ἀθανασίου,
3282 1867 3347 1938 ἣν
3372 1865 3592 1920 ἔκθεσιν
3610 1859 3718 1912 καθ

2128 1958 2390 2028 ὑπέταξα.
2453 1964 2563 2019 Καί
2596 1965 2743 2018 ἐστιν
2771 1963 2886 2035 ἥδε.

2176 2289 2562 2359 Ἀντίγριιφον
2598 2286 2797 2358 χειρὸς
2821 2287 3130 2342 Παυλῖνον
3164 2284 3272 2340 τοῦ
3303 2283 3674 2342 ἐπισκόπου.

2198 2447 2330 2502 KA'.
2385 2446 2525 2516 Ἐγὼ
2573 2445 2838 2511 Παυλῖνος
2874 2447 2903 2500 ὁ
2951 2443 3250 2508 ἐπίσκοπος
3292 2443 3467 2507 οὕτως
3516 2443 3717 2514 φρονῶ,

2127 2539 2310 2605 καθὼς
2368 2540 2673 2613 παρέλαϐον
2735 2539 2847 2594 ἀπὸ
2898 2538 3010 2592 τῶν
3039 2537 3338 2609 Πατέρων,
3398 2537 3573 2589 Ὄντα
3629 2538 3716 2589 καὶ

2127 2632 2416 2702 ὑφεστῶτα
2461 2631 2681 2702 Πατέρα
2720 2631 2958 2691 τέλειον,
3012 2629 3108 2684 δαὶ
3149 2628 3436 2698 ὑφεστῶτα
3474 2627 3606 2680 Υξδν
3631 2628 3716 2680 τέ-

2127 2727 2300 2791 λειον,
2331 2726 2424 2778 καὶ
2455 2723 2703 2795 ὑφεστὼς
2731 2723 2792 2776 τὸ
2823 2721 3051 2792 Πνεῦμα
3089 2720 3151 2773 τὸ
3183 2720 3338 2788 ἆγιον
3364 2719 3595 2772 τέλειον.
3632 2719 3716 2770 Διὸ

2128 2819 2224 2873 καὶ
2314 2817 2647 2888 ἀποδέχομαι
2709 2815 2808 2887 τὴν
2853 2813 3356 2886 προγεγραμμένην
3427 2810 3717 2883 ἑρμηνείαν

2129 2908 2294 2980 τριῶν
2323 2908 2676 2961 ὑποστάσεων
2697 2944 2712 2970 ,
2756 2904 2853 2959 καὶ
2882 2904 2982 2975 τῆς
3014 2904 3141 2975 μιᾶς
3172 2901 3529 2964 ὑποστάσεως
3551 2941 3567 2962 ,
3609 2901 3714 2970 ἦτοι

2129 3000 2340 3064 οὑσίας,
2387 2999 2483 3053 καὶ
2525 2999 2652 3060 τοὺς
2700 2994 3034 3068 φρονοῦντας
3091 2993 3284 3058 οὕτως.
3336 2992 3578 3055 Εὑσεϐὲς
3618 2992 3717 3060 γάρ

2131 3093 2247 3144 ἐστι
2296 3092 2511 3161 φρονεῖν
2549 3089 2645 3143 καὶ
2681 3088 2964 3160 ὁμολογεῖν
2990 3087 3090 3158 τὴν
3120 3085 3330 3156 Τριάδα
3359 3087 3420 3138 ὲν
3470 3085 3572 3154 μιᾷ
3595 3083 3716 3135 θεό-

2129 3197 2272 3252 τητι.
2307 3183 2418 3235 Καὶ
2450 3182 2703 3254 περὶτῆς
2736 3179 3205 3252 ὲνανθρωπήσεως
3234 3180 3335 3251 τῆς
3359 3177 3428 3231 δι’
3455 3178 3606 3248 ἡμᾶς
3633 3192 3718 3245 γε·

2130 3274 2363 3346 νομένης
2394 3272 2489 3328 τοῦ
2526 3274 2700 3343 Λόγου
2734 3272 2828 3328 τοῦ
2874 3273 3086 3346 [ἰατρὸς
3118 3272 3259 3325 οὕτω
3287 3270 3508 3344 φρονῶ,
3543 3271 3715 3332 καθὼς

2133 3367 2570 3438 προγέγραπται,
2600 3367 2682 3420 ὅτι
2712 3365 2856 3420 κατὰ
2888 3365 2981 3418 τὸν
3019 3364 3274 3435 Ἰωάννην
3309 3365 3339 3416 ό
3361 3364 3559 3430 ,Λόγος
3591 3362 3712 3433 σὰρξ

2133 3459 2368 3529 ἐγένετο.
2419 3461 2494 3514 Οὐ
2534 3459 2646 3532 γὰρ
2695 3459 2836 3514 κατὰ
2868 3460 2997 3522 τοὺς
3029 3455 3432 3518 ἀσεϐεστάτους
3465 3456 3595 3518 τοὺς
3630 3455 3708 3506 λέ-

2131 3569 2326 3621 γοντας
2353 3551 2655 3624 μεταϐολὴν
2683 3552 2846 3606 αὑτὸν
2869 3549 3216 3612 πεπονθέναι,
3244 3548 3360 3602 ἀλλ’
3385 3550 3470 3602 ὅτι
3489 3547 3557 3600 δι’
3582 3548 3711 3618 ἡμᾶς

2131 3643 2418 3717 ἄνθρωπος
2451 3645 2708 3714 γέγονεν,
2743 3643 2808 3697 ἔκ
2851 3661 2913 3696 τε
2953 3642 3053 3712 τῆς
3087 3641 3254 3710 ἁγίας
3301 3638 3588 3712 Παρθένου
3629 3639 3711 3690 καὶ

2133 3734 2288 3802 ἁγίου
2323 3733 2639 3805 Πνεύματος
2679 3732 2981 3805 γεννηθείς.
3011 3731 3148 3786 Οὔτε
3190 3731 3301 3804 γὰρ
3336 3731 3566 3800 ἄψυχον,
3601 3728 3708 3782 οὔτε

2132 3829 2478 3898 ἀναίσθητον,
2508 3825 2633 3880 οὔτε
2665 3827 2893 3898 ἀνόητον
2919 3825 3076 3896 σῶμα
3101 3820 3248 3894 εἶχεν
3277 3826 3306 3878 ὁ
3337 3824 3555 3894 Σωτήρ.
3585 3821 3702 3895 [Καὶ

2133 3923 2191 3976 ἐν
2243 3912 2506 3991 τῇ’χειρὶ
2554 3917 2649 3972 τοῦ
2691 3918 2991 3972 ἐπισκόπου
3033 3914 3353 3968 Ἀθανασίου
3375 3912 3446 3985 '.]
3497 3913 3571 3966 Οὑ
3613 3912 3706 3982 γὰρ

2132 4009 2242 4067 οἷόν
2270 4031 2328 4068 τε
2360 4008 2429 4084 ἦν
2452 4011 2545 4065 τοῦ
2577 4010 2781 4082 Κυρίου
2815 4006 3104 4081 ἀνθρώπου
3137 4005 3202 4060 δι’
3231 4007 3382 4076 ἡμᾶς
3413 4003 3704 4072 γενομένου.

2135 4106 2360 4178 ἀνόητον
2406 4103 2570 4158 αὑτοῦ
2623 4098 2762 4156 εἶναι
2808 4102 2870 4155 τὸ
2911 4101 3090 4172 σῶμα.
3124 4097 3285 4152 Ὅθεν
3335 4096 3699 4166 ἀναθεματίζω

2135 4198 2260 4262 τοὺς
2313 4196 2638 4260 άθετοῦντας
2666 4195 2767 4267 τὴν
2808 4195 2864 4247 ὲν
2900 4191 3106 4262 Νικοιίᾳ⁸
3156 4189 3583 4262 ὁμολογηθεῖσαν
3624 4187 3701 4238 τεξ-

2137 4308 2275 4356 στιν,
2310 4288 2405 4343 καὶ
2437 4288 2511 4360 μὴ
2541 4285 2938 4359 ὁμολογοῦντας
2984 4287 3049 4338 ὲκ
3077 4283 3176 4354 τῆς
3205 4281 3396 4344 οὐσίας
3415 4322 3432 4345 ,
3463 4281 3496 4350 ἢ
3528 4276 3701 4350 ὀμ.οοὺ-

443 4380 656 4444 ceptam
693 4373 750 4428 in
783 4372 1002 4429 Nicaena
1041 4375 1252 4446 synodo
1301 4374 1462 4430 ﬁdem
1498 4385 1787 4446 respuunt,
1853 4390 2028 4446 neque

2146 4399 2250 4436 nov
2282 4377 2420 4435 εἶναι
2459 4380 2549 4434 τὸν
2583 4379 2712 4433 Υίδν
2742 4378 2821 4450 τῷ
2855 4375 3046 4448 Πατρί.
3088 4372 3504 4444 ’Λναθεματίζω
3544 4371 3598 4425 δὲ
3623 4367 3700 4462 καί

444 4461 644 4518 Filium
673 4479 704 4520 e
741 4463 925 4521 Patris
961 4467 1269 4523 substantia
1299 4469 1667 4539 processisse,
1700 4477 1795 4524 aut
1850 4469 2027 4525 eidem

445 4558 970 4616 consubstantialem
1001 4575 1126 4616 esse
1162 4562 1516 4618 conﬁtentur.
1561 4561 1666 4618 Sed
1699 4569 1752 4618 et
1783 4562 1906 4620 illos
1949 4563 2033 4618 in-

448 4665 613 4720 super
640 4651 965 4717 condemno,
995 4653 1090 4724 qui
1124 4651 1391 4724 Spiritum
1428 4664 1681 4710 sanctum
1713 4663 2028 4712 creaturam

447 4756 572 4805 esse
594 4755 691 4816 per
727 4740 926 4798 Filium
956 4743 1281 4814 productam
1312 4755 1591 4802 asserunt.
1617 4747 1906 4803 Postremo
1935 4745 2033 4802 Sa-

448 4833 594 4889 bellii
643 4849 707 4889 ac
742 4831 986 4900 Photini,
1023 4836 1267 4909 adeoque
1295 4839 1537 4910 reliquas
1569 4855 1762 4897 omnes
1784 4840 2030 4898 haereses

2137 4476 2261 4540 τοὺς
2299 4474 2555 4544 λέγοντας
2588 4472 2650 4526 τό
2692 4470 2915 4541 Πνεῦμα
2954 4469 3016 4522 τὸ
3056 4469 3209 4536 ἆγιον
3243 4466 3453 4536 κτίσμα
3507 4463 3591 4517 διὰ
3622 4459 3698 4513 τοῦ

2135 4565 2266 4622 Υίοῦ
2299 4565 2542 4634 γεγονός.
2573 4565 2693 4618 Ἔτι
2745 4562 2801 4616 δὲ
2833 4556 3217 4631 ἀναθεματίζω
3260 4557 3363 4628 τὴν
3413 4552 3698 4610 Σαϐελλίου,

2134 4660 2230 4712 καὶ
2260 4656 2564 4720 Φωτεινοῦ,
2599 4655 2694 4710 καὶ
2730 4655 2912 4708 πᾶσαν
2950 4652 3196 4724 αἵρεσιν,
3251 4645 3483 4718 ποιχῶν
3521 4645 3586 4715 τῇ
3623 4641 3696 4692 πί-

2135 4767 2250 4806 στει
2284 4753 2352 4823 τῇ
2397 4751 2538 4804 κατὰ
2575 4749 2813 4803 Νίκαιαν
2847 4747 2941 4800 καὶ
2976 4746 3111 4800 πᾶσι
3141 4745 3253 4806 τοῖς
3297 4733 3700 4813 προγεγραμμὲο

2133 4861 2265 4909 νοις.

441 4924 651 5005 damno
678 4926 838 4997 eique
857 4926 983 4984 ﬁdei
1016 4928 1323 4998 subscribo,
1351 4945 1474 5002 quas
1501 4930 1558 4986 in
1577 4928 1799 4986 Nicaena
1823 4931 2034 5003 synodo
2066 4932 2286 4990 decreta
2329 4945 2412 4992 cst
2439 4954 2452 4992 :
2485 4950 2550 4992 ac
2606 4935 2845 5007 denique
2898 4948 2963 4990 ea
2997 4929 3299 5002 amplector
3358 4923 3560 4990 omnia,
3601 4932 3698 4991 qua

442 5033 611 5090 supra
636 5018 843 5090 scripta
876 5030 1027 5075 sunt.

869 5113 1140 5168 Hactenus
1170 5114 1293 5184 ﬁdei
1323 5115 1602 5185 professio.

517 5203 681 5262 XXII.
718 5204 1032 5263 Secundum
1093 5207 1211 5263 haec
1260 5207 1494 5265 Vitalem
1561 5211 1791 5282 ejusque
1855 5211 2035 5268 socios

454 5297 666 5370 1016
692 5300 772 5356 sic
801 5301 1024 5357 allocuti
1053 5317 1246 5360 sumus
1287 5323 1303 5360 :
1333 5303 1476 5370 Quid
1507 5312 1691 5360 autem
1729 5311 1784 5359 et
1823 5320 1920 5359 vos
1947 5304 2035 5360 di-

451 5389 614 5444 citis?
661 5388 718 5443 Si
751 5391 883 5460 quid
911 5392 1149 5449 invicem
1191 5392 1407 5448 dissidii
1452 5393 1690 5456 habetis,
1734 5393 2033 5448 conciliata

455 5490 583 5544 pace
615 5479 834 5547 penitus
875 5483 1068 5538 tollite.
1103 5483 1172 5538 At
1214 5483 1305 5540 ille
1338 5500 1351 5536 :
1391 5483 1617 5551 Dicant,
1660 5483 1862 5554 inquit.
1894 5481 2034 5538 Tum

459 5567 847 5641 objicientibus
878 5575 1000 5631 aliis
1031 5591 1230 5647 negare
1263 5577 1415 5647 ipsos
1439 5577 1719 5633 Christum
1753 5576 2031 5632 hominem

532 5687 545 5716 '
589 5683 746 5741 Joan.
788 5701 828 5750 ι,
862 5689 947 5742 ιι.
1027 5691 1046 5720 ⁸
1086 5689 1261 5747 Uncis
1288 5694 1499 5750 inclusa
1537 5694 1712 5751 aliena
1749 5695 2026 5752 videntur.

2755 5114 3124 5185 Ἐπληρώθη.
3725 5166 3735 5170 -
3752 5163 3760 5174 .

2204 5210 2334 5266 ΚΒ’.
2373 5210 2665 5282 Ἐλέγομεν
2691 5208 2747 5263 δὲ
2772 5210 2866 5263 καλ⁸
2891 5206 2970 5278 τῷ
3000 5202 3220 5275 ἀδελφῷ
3244 5199 3480 5269 meum
3500 5196 3693 5257 καὶτοῖς

2136 5304 2232 5357 σῦν
2282 5302 2434 5374 αὑτῷ
2453 5321 2470 5333 ⁸
2499 5303 2564 5356 Τί
2597 5302 2692 5356 καὶ
2722 5303 2881 5373 ὑμεῖς
2908 5299 3132 5368 λέγετες
3164 5294 3233 5349 Εἴ
3259 5293 3312 5347 τί
3347 5293 3494 5345 ἐστιν
3524 5285 3690 5356 ἀναμέ-

2137 5409 2229 5446 σον
2283 5393 2480 5464 ὑμῶν,
2540 5390 2928 5465 διορθώσασθε.
2970 5389 3030 5442 Ὀ
3081 5387 3138 5440 δὲ
3195 5384 3334 5455 ἔφη·
3387 5379 3684 5448 Δεγὲτωσαν.

2138 5485 2390 5556 Ἒφησαν
2429 5485 2507 5546 δὲ,
2555 5486 2635 5539 ὅτι
2663 5486 2722 5539 οὐ
2764 5483 2983 5553 λέγουσι
3018 5481 3109 5536 τδν
3135 5475 3372 5550 Χριστδν
3401 5472 3684 5566 τρέων-ξ’

2143 5555 2358 5647 γονέναι
2391 5577 2698 5651 ἄνθρωπον.
2735 5576 2796 5631 ’0
2841 5575 2900 5630 δὲ
2929 5573 3093 5639 εὐθὺς
3131 5567 3429 5641 ἀπεκρίθη,
3464 5564 3539 5620 ὅτι
3566 5576 3574 5583 ·
3597 5555 3678 5610 Ναὶ
