3790 6212
49 341 175 399 873

674 338 1043 398 ADVERSUS
1089 339 1426 398 llxﬁliESES
1458 341 1590 398 LIB.
1632 343 1722 400 Ill.
1764 341 1928 400 TOM.
1971 343 2047 399 ll.
2082 375 2154 387 —
2187 341 2466 400 HIERES.
2507 341 2766 401 LXXVII.
2853 415 2856 418 ἢ

3231 339 3340 398 ϐῚι

48 453 442 526 ὁμολογοῦμεν
471 417 576 510 τὸν,
608 457 842 530 Χριστὸν
871 457 1077 512 τέλειον
1109 457 1398 528 ἄνθρωπον
1430 458 1634 532 εἰληφὲ·

1763 475 1882 516 esse
1919 459 2246 531 perfectum,
2268 466 2462 515 contra
2493 457 2688 514 Vitalis
2713 455 2994 528 respondit
3019 473 3032 512 :
3067 454 3182 510 lmo
3204 470 3337 510 vero
3385 443 3390 450 ’

46 559 176 598 ναι.
225 540 333 598 Ἦν
389 543 447 598 δὲ
493 544 650 599 τοῦτο
700 544 1017 618 θαυμαστὸν
1073 550 1190 611 τοῖς
1242 548 1506 604 ἀκούσασι
1559 550 1653 604 καὶ

44 637 244 707 χαρᾶς
271 635 527 707 ἔμπλεον.
555 637 769 700 Είδότες
801 637 962 710 ἡμεῖς
987 640 1087 711 τὴν
1119 627 1358 695 διάνοίαν
1379 643 1490 696 τῶν
1517 659 1653 714 προ-

45 726 286 795 φάσεων
316 727 406 780 τὸν
440 726 564 781 νοῦν
599 726 711 781 τῶν
753 728 899 782 ἰδίων
925 729 1171 798 ἀδελφῶν
1202 731 1650 803 σφετεριζόντων,

41 815 122 870 τὸ
209 817 436 890 ἀκριϐὲς
511 819 872 891 ἐνεμείναμεν
932 821 1275 892 ἐρωτῶντες,
1333 825 1416 878 ὅτι
1489 825 1654 880 Φύσει

45 910 249 981 σάρκα
273 909 554 981 ὁμολογεῖς
573 910 663 965 τὸν
684 912 923 984 Χριστὸν
945 913 1224 984 εἰληφέναι
1247 931 1262 981 ;
1283 916 1341 970 '0
1365 915 1422 969 δὲ
1444 917 1654 971 συνετίο

41 999 213 1065 θετο,
248 1003 328 1056 ὅτι
359 1001 486 1058 Ναί.
506 1003 638 1056 Ἀπὸ
660 1004 881 1076 Μαρίας
905 1006 1002 1075 τῆς
1029 1007 1190 1075 ἁγίας
1220 1007 1495 1079 Παρθένου
1522 1007 1650 1063 ἄνευ

44 1097 384 1169 σπέρματος
424 1098 650 1170 ἀνδρὸς,
688 1100 786 1152 καὶ⁷
841 1100 931 1153 διὰ
970 1099 1289 1171 Πνεύματος
1335 1101 1518 1170 ἁγίους
1586 1100 1650 1156 Ὀ

37 1185 106 1240 δὲ
147 1187 250 1240 καὶ
295 1186 452 1240 τοῦτο
486 1186 774 1258 ὡμολόγει.
822 1188 985 1242 Φύσει
1019 1191 1083 1242 ἐκ
1112 1190 1211 1260 τῆς
1241 1189 1522 1262 Παρθένου
1565 1191 1648 1245 ἐλ-

39 1275 168 1328 θὼν
210 1277 312 1348 τὴν
347 1278 525 1350 σάρκα
569 1276 860 1349 ἀνείληφεν
891 1281 920 1330 6
949 1279 1083 1344 Θεὸς
1123 1281 1295 1350 Λόγος
1329 1283 1358 1334 6
1391 1282 1518 1348 Υἰὸς
1554 1283 1648 1337 τοῦ

34 1366 234 1434 θεοῦς
261 1367 322 1421 '0
345 1366 402 1420 δὲ
423 1367 561 1438 μετὰ
584 1366 781 1440 βάρους
802 1371 1127 1424 συνετίθετο.
1159 1373 1298 1445 Ἤδη
1325 1373 1383 1427 δὲ
1413 1375 1471 1427 ἐν
1503 1375 1649 1445 χαρᾷ

38 1458 470 1531 καθιστάμεθα·
524 1460 712 1530 ἐπειδὴ
769 1461 924 1532 παρά
969 1479 1130 1516 τινων
1182 1465 1319 1536 πρὸς
1367 1467 1513 1537 ἡμᾶς
1569 1468 1649 1530 εἰς

37 1553 288 1620 Κύπρον
312 1552 576 1606 ἐλθόντων
607 1552 922 1624 ἠκούσαμεν
942 1554 1054 1608 τῶν
1081 1558 1494 1629 προειρημένων
1523 1559 1647 1612 παί-

38 1642 183 1709 δων,
221 1644 302 1696 ὅτι
337 1643 443 1696 οὐδ’
476 1644 613 1708 ὅλως
651 1645 684 1714 ὴ
725 1643 863 1715 σὰρξ
891 1645 1001 1699 άπὺ
1039 1646 1258 1719 Μαρίας
1294 1647 1644 1719 ὡμολογεῖτο.

40 1735 190 1790 Ὅτε
223 1735 283 1788 δὲ
321 1735 483 1800 αὐτὸς
527 1738 557 1788 ό
595 1735 985 1799 εὐλαὸἐστατος
1020 1738 1158 1809 ἀνὴρ
1197 1739 1260 1791 ἐκ
1289 1740 1509 1810 Μαρίας
1544 1741 1645 1812 τὴν

1756 551 2040 607 Christum
2095 551 2334 608 fatemur
2379 550 2686 623 perfectum
2737 550 3010 606 hominem
3069 547 3332 604 induisse.

1755 641 1913 708 Quod
1949 644 2070 713 ejus
2100 658 2426 716 responsum
2447 657 2560 698 non
2584 640 2850 696 minorem
2875 641 3224 696 audientibus
3246 654 3340 694 vo-

1757 733 2021 804 luptatem
2050 750 2215 806 quam
2247 733 2668 790 admirationem
2717 732 2920 786 attulit.
2953 733 3024 784 At
3071 745 3202 795 nos,
3243 729 3338 799 qui

1755 825 2079 880 callidorum
2106 825 2412 892 hominum,
2443 839 2474 878 a
2499 823 2700 894 quibus
2733 821 2931 878 fratres
2965 823 3139 876 nostri
3174 820 3228 874 in
3245 835 3338 875 er-

1756 921 1940 972 rorem
1973 916 2410 983 abducebantur,
2461 917 2686 972 intimos
2727 930 2926 971 sensus
2965 929 3030 968 ac
3070 913 3336 983 tergiver-

1756 1009 2000 1065 sationcs
2021 1011 2269 1081 cognitas
2288 1009 2650 1075 habebamus,
2679 1009 2862 1064 acrius
2879 1008 2933 1060 in
2953 1004 3339 1076 interrogando

1756 1101 2118 1172 perstitimus.
2151 1101 2238 1166 Et,
2258 1101 2636 1163 Christumne,
2673 1099 2937 1161 diximus,
2977 1098 3198 1169 proprie
3221 1110 3340 1150 car-

1754 1207 1879 1248 nem
1912 1195 2282 1263 assumpsisse
2298 1192 2914 1265 profiteris?Profiteor,
2949 1192 3145 1260 inquit.
3176 1188 3338 1242 Eam-

1757 1284 1955 1340 demne
1998 1286 2067 1341 de
2115 1284 2284 1340 Maria
2324 1283 2547 1356 Virgine
2603 1285 2723 1340 sine
2772 1285 2914 1339 virili
2963 1292 3084 1339 satu
3135 1297 3201 1336 ac
3241 1296 3339 1352 per

1769 1377 2033 1448 Spiritum
2062 1387 2314 1435 sanctum
2346 1379 2664 1450 accepisse?
2699 1378 2777 1434 Ne
2815 1379 2958 1435 istud
2989 1377 3205 1448 quidem
3256 1375 3335 1429 in-

1754 1471 1971 1526 ficiatus
2030 1479 2135 1526 est.
2191 1470 2514 1527 Utrumnam
2581 1473 2802 1542 proprie
2884 1472 3048 1526 Deum
3099 1469 3336 1525 Verbum

1755 1561 1960 1633 Deique
1995 1561 2190 1617 Filium
2221 1563 2506 1618 existimas
2534 1578 2564 1618 e
2595 1564 2736 1617 coelo
2760 1562 3186 1617 descendentem
3217 1574 3334 1615 car-

1752 1669 1876 1708 nem
1905 1653 2210 1724 sumpsisse
2242 1652 2312 1708 de
2345 1652 2605 1723 Virgine?
2633 1653 2827 1725 Magna
2865 1655 2957 1709 ille
2990 1668 3115 1708 cum
3157 1651 3332 1722 gravi-
3421 1686 3446 1707 .

1750 1753 1863 1801 tate
1893 1759 2156 1800 assensus
2192 1754 2299 1800 est.
2346 1743 2420 1799 Ea
2452 1761 2542 1802 res
2590 1747 2754 1802 nobis
2799 1761 3029 1822 summae
3069 1743 3334 1816 voluptati

41 1828 243 1900 σάρκα
283 1827 636 1898 ἀνειληφέναι
682 1828 772 1882 τὸν
823 1827 1027 1900 Κύριον
1060 1830 1220 1902 ἡμῶν
1260 1830 1468 1902 Ἰησοῦν
1507 1831 1634 1903 Χρι-

1763 1833 1876 1889 luit.
1908 1833 2120 1905 Quippe
2151 1849 2181 1888 a
2211 1834 2496 1905 discipulis
2533 1836 2664 1901 illis,
2696 1853 2836 1906 quos
2891 1836 2944 1890 in
2987 1836 3230 1907 Cyprum
3269 1834 3334 1890 ad

42 1922 183 1977 στὸν
213 1923 536 1994 ὡμολόγησε
557 1963 571 1988 ,
603 1921 764 1976 πάλιν
795 1925 925 1994 παρ’
959 1925 993 1994 ἡ
1003 1923 1118 1994 μῶν
1151 1927 1402 1997 ὴρωτᾶτο
1423 1918 1446 1990 ξ
1469 1929 1517 1980 εἰ
1551 1928 1647 1982 καὶ

40 2015 238 2086 ψυχὴν
271 2015 512 2085 εἴληφεν.
551 2016 611 2067 ’0
638 2015 695 2068 δὲ
729 2016 824 2067 καὶ
849 2017 928 2079 εἰς
961 2015 1120 2070 τοῦτο
1149 2018 1348 2089 ὁμοίως
1379 2019 1518 2090 μετὰ
1552 2019 1648 2090 βά-

46 2125 186 2177 ρους
219 2107 546 2172 συνετίθετο,
583 2107 658 2172 ὠς
686 2109 746 2161 οὐ
774 2109 880 2182 χρὴ
905 2110 1082 2179 λέγειν
1114 2110 1309 2175 ἄλλως,
1343 2111 1479 2164 ἀλλὰ
1505 2111 1646 2165 κατὰ

45 2200 238 2254 πάντα
263 2199 568 2271 ἀληθεύειν.
594 2199 714 2271 Χρὴ
740 2201 849 2271 γάρ
880 2202 971 2254 τὸν
998 2202 1125 2274 περὶ
1153 2201 1410 2273 ἀληθείας
1439 2201 1647 2275 ἀνθρώ-

45 2310 174 2356 ποις
204 2293 506 2363 γράφοντα,
530 2293 619 2344 τὸν
649 2291 825 2346 πάντα
845 2293 968 2346 νοῦν
993 2293 1198 2358 δοῦναι,
1227 2294 1332 2365 πρὸ
1353 2293 1645 2365 ὀφθαλμῶν

48 2385 153 2455 μὲν
192 2386 289 2439 τὸν
341 2385 506 2453 φόϐον
542 2385 637 2440 τοῦ
671 2385 807 2440 Θεοῦ
849 2385 1012 2456 ιἐχειν,
1065 2387 1158 2440 καὶ
1194 2387 1361 2458 μηδὲν
1390 2404 1646 2460 παραπε-

45 2477 355 2548 ποιημένον
409 2480 488 2542 εἰς
543 2477 642 2549 τὴν
701 2479 799 2550 τῆς
857 2479 896 2531 Γ
904 2480 1084 2550 ραφῆς
1135 2477 1468 2547 ἐπαγγελίαν
1521 2494 1646 2532 συν-

41 2587 291 2626 ταττειν.

1751 1941 1853 1981 nos
1875 1925 2092 1982 venisse
2119 1933 2278 1982 antea
2311 1928 2675 1993 narravimus,
2697 1929 2968 1997 ejusmodi
2990 1945 3112 1985 esse
3138 1929 3333 2000 dogma

1749 2018 1966 2073 illorum
1997 2017 2368 2081 audieramus,
2411 2020 2618 2076 Christi
2663 2036 2884 2076 carnem
2924 2037 2954 2077 e
2985 2021 3152 2074 Maria
3185 2021 3347 2076 nullo.

1751 2110 1914 2164 modo
1942 2124 2065 2164 esse
2105 2120 2436 2179 susceptam.
2486 2111 2668 2178 Quare
2709 2130 2834 2168 cum
2887 2115 3332 2186 religiosissimus

1752 2202 1856 2256 iste
1886 2200 2083 2257 Vitalis
2116 2201 2403 2257 Dominum
2430 2215 2678 2260 nostrum
2707 2205 2893 2263 Jcsum
2908 2206 3188 2262 Christum
3214 2223 3330 2261 ear-

1753 2308 1876 2348 nem
1916 2308 1947 2348 e
1989 2292 2158 2348 Maria
2203 2295 2438 2350 traxisse
2477 2297 2821 2366 praedicaret,
2861 2300 3058 2353 iterum
3099 2314 3129 2352 a
3174 2298 3332 2354 nobis

1753 2386 2123 2454 interrogatus
2157 2393 2262 2447 est,
2292 2403 2422 2440 num
2458 2397 2514 2442 et
2547 2389 2784 2444 animam
2817 2390 3059 2446 indidem
3088 2390 3329 2461 accepisc

1753 2486 1857 2534 set.
1901 2479 1993 2534 llle
2020 2479 2133 2548 pari
2181 2480 2444 2549 gravitate
2489 2497 2553 2535 ac
2586 2485 2897 2538 Constantia
2928 2485 3206 2554 accepisse
3229 2483 3315 2539 fas

1755 2585 1850 2625 sus
1889 2579 2009 2636 est;
2039 2585 2216 2640 neque
2243 2571 2401 2626 aliter
2435 2574 2817 2640 asserendum,
2851 2576 2945 2630 sed
2988 2577 3042 2630 in
3072 2577 3332 2631 omnibus

45 2664 196 2732 quod
262 2679 450 2719 verum
497 2672 583 2720 est
619 2663 1088 2734 pronuntiandum
1132 2679 1256 2720 esse
1301 2664 1459 2720 dixit.
1524 2663 1818 2718 Enimvero
1884 2679 2109 2719 necesse
2149 2674 2236 2720 est
2277 2681 2434 2729 eum,
2479 2666 2574 2736 qui
2633 2668 2701 2721 de
2744 2669 2972 2724 veritate
3014 2669 3330 2726 hominibus

45 2757 279 2820 scribat,
315 2764 431 2813 toto
463 2757 632 2812 animi
665 2769 864 2812 conatu
907 2758 961 2811 in
1006 2757 1060 2812 id
1099 2775 1269 2813 unum
1304 2759 1643 2823 incumbere,
1683 2766 1758 2812 ut-
1787 2758 1880 2812 Dei
1913 2758 2017 2813 sibi
2045 2759 2294 2814 timorem
2345 2761 2420 2815 ob
2445 2762 2634 2818 oculos
2661 2773 2952 2834 proponat,
3004 2781 3180 2837 neque
3227 2766 3326 2822 lai-

47 2865 170 2905 sum
200 2851 507 2920 quidquam
553 2865 617 2904 ac
653 2860 860 2907 temere
895 2852 1188 2906 conﬁctum
1225 2851 1291 2904 ad
1320 2860 1634 2921 susceptam
1676 2849 2028 2920 scriptionem
2066 2849 2388 2906 admisceat.

117 2945 246 3001 ΚΓ.
302 2947 587 3019 Ὢμολόγει
621 2943 713 3002 οὖν
741 2949 770 3002 6
809 2947 1056 3011 Βιτάλιος
1087 2948 1181 3000 καὶ
1209 2946 1387 3018 ψυχὴν
1415 2947 1514 3019 τὴν
1548 2947 1644 2999 ἁν-

47 3039 336 3111 θρωπίνην
390 3029 692 3112 εἰληφέναι.
752 3033 924 3105 Οὗτος
969 3040 1079 3111 γὰρ
1127 3035 1195 3112 ἦν
1233 3043 1260 3092 ὁ
1308 3037 1500 3102 εἰπὼν,
1561 3038 1641 3090 ὅτι

46 3133 155 3186 Ναὶ
205 3132 416 3196 τέλειος
445 3133 731 3205 ἄνθρωπος
765 3129 834 3204 ἦν
866 3135 895 3186 6
934 3133 1188 3203 Χριστός.
1242 3126 1378 3184 Εἶτα
1408 3128 1545 3200 μετὰ
1583 3128 1643 3182 τὸ

49 3223 335 3295 ὶρωτῆσαι
368 3226 515 3295 ἡμᾶς
559 3225 690 3296 περὶ
735 3225 915 3296 ψυχῆς
959 3225 1054 3277 καὶ
1096 3222 1318 3294 σαρκὸς,
1345 3221 1464 3274 τότε
1498 3221 1644 3290 ηρωο

48 3319 333 3390 τήσαμενο
389 3316 534 3372 Νοῦν
574 3317 764 3372 ἐλαϐεν
809 3315 981 3370 ἐλθὼν
1029 3319 1058 3369 6
1119 3313 1388 3385 Χριστόςς
1465 3313 1524 3366 '0
1585 3311 1642 3366 δὲ

49 3409 208 3474 εὐθὺς
265 3410 580 3481 ἠρνήσατο,
641 3409 849 3478 λέγων’
910 3407 1064 3478 Ούχί.
1129 3402 1263 3459 Εἶτα
1308 3407 1468 3475 ἡμεῖς
1504 3401 1641 3474 πρὸς

50 3501 210 3554 αὐτόν
232 3518 246 3530 ο
288 3499 416 3562 Πῶς
441 3495 532 3553 οὖν
561 3499 740 3567 λέγεις
769 3497 970 3550 τέλειον
1002 3497 1282 3566 γεγονέναι
1311 3493 1598 3564 ἄνθρωπον
1623 3508 1638 3556 ;

61 3589 116 3643 '0
153 3589 215 3643 δὲ
258 3589 359 3642 τὸν
401 3588 659 3658 λογισμὸν
701 3587 793 3640 τὸν
838 3587 969 3640 ἴδιον
1013 3586 1364 3640 ἀπεκάλυπτε
1399 3583 1498 3653 τῆς
1526 3582 1643 3636 δια-

50 3683 234 3748 νοίας,
290 3683 377 3735 ὅτι
411 3682 452 3734 Τ
457 3681 627 3734 ἐλειον
671 3679 954 3749 ἄνθρωπον
992 3678 1224 3749 λέγομεν
1254 3674 1428 3739 εἶναι,
1464 3676 1512 3728 εἰ
1542 3675 1641 3745 τὴν

51 3775 286 3846 θεότητα
313 3774 614 3845 ποιήσομεν
642 3773 761 3825 ἀντὶ
776 3767 886 3824 ’τοῦ
920 3770 1033 3833 νοῦ,
1063 3771 1158 3823 καὶ⁸
1185 3769 1283 3839 τὴν
1317 3770 1518 3839 σάρκα,
1546 3767 1640 3821 καὶ

49 3865 144 3936 τὴν
175 3866 396 3937 ψυχήν·
431 3865 507 3925 ὡς
539 3860 679 3916 εἶναι
717 3862 921 3916 τέλειον
954 3861 1239 3931 ἄνθρωπον
1290 3861 1355 3913 ἐκ
1405 3859 1637 3932 σαρκὸς,

55 3957 139 4009 καὶ
165 3955 377 4026 ψυχῆς,
411 3955 504 4009 καὶ
538 3953 810 4025 θεότητος,
831 3953 951 4006 ἀντὶ
977 3953 1071 4006 τοῦ
1099 3951 1214 4005 νοῦ.
1234 3952 1342 4021 Τῆς
1371 3947 1464 4004 οὖν
1498 3951 1641 4018 φιλο-

54 4049 253 4110 νεικίας
300 4045 670 4117 γνωσθείσης,
728 4045 824 4100 καὶ
857 4043 1024 4098 πολλὰ
1064 4043 1222 4115 ἡμῶν
1268 4044 1396 4113 περὶ
1446 4041 1637 4095 τούτου

54 4139 465 4210 διαλεχθέντων,
489 4139 583 4192 καὶ
607 4137 717 4192 ἀπὸ
749 4137 973 4211 Γραφῆς
991 4135 1397 4205 συστησάντων,
1423 4134 1506 4187 ὃτι
1532 4131 1638 4205 χρὴ

53 4230 338 4300 ὁμολογεῖν
369 4229 436 4283 τὰ
470 4229 646 4283 πάντα
685 4229 908 4292 τελείως
945 4227 1207 4298 εἰληφότα
1240 4227 1330 4280 τὸν
1374 4226 1505 4279 Θεὸν
1535 4227 1640 4280 A6-

55 4339 161 4391 γον,
185 4323 417 4386 τελείως
459 4339 520 4376 τε
565 4321 978 4393 ᾠκονομηκέναι
1027 4317 1084 4373 ἐν
1117 4322 1182 4390 τῇ
1215 4319 1466 4391 ἐνσάρκῳ
1495 4336 1637 4391 παρ·
1671 4363 1712 4416 D

56 4417 228 4487 ουσία,
265 4415 366 4468 καὶ
405 4417 463 4469 ἐν
492 4415 791 4484 τελειότητι
840 4412 1066 4482 ταύτην,
1117 4413 1214 4466 καὶ
1267 4411 1406 4480 μετὰ
1437 4411 1536 4483 τὴν
1573 4414 1637 4465 ἐκ

57 4507 253 4578 νεκρῶν
301 4505 605 4560 ἀνάστασιν
649 4503 1038 4575 ωνηνωκέναι,
1082 4505 1176 4557 καὶ
1222 4501 1447 4568 ἐνδόξως
1477 4519 1636 4556 πνευο

62 4600 287 4670 ματικὴν
323 4599 496 4670 αὐτὴν
525 4598 674 4668 ὅλην,
699 4598 793 4650 καὶ
819 4597 920 4650 οὐκ
951 4595 1118 4666 ἄλλην
1142 4595 1238 4648 σὺν
1270 4597 1338 4667 τῇ
1377 4595 1481 4666 ἰδίᾳ
1518 4594 1636 4648 036-

59 4705 168 4758 τητι
188 4731 204 4755 ,
238 4693 299 4744 ἐν
337 4691 512 4760 ἐαυτῷ
545 4688 830 4760 ἡνωμένην
861 4687 1006 4758 ἔχειν
1037 4687 1135 4758 τὴν
1177 4687 1306 4758 ὃλην
1337 4685 1634 4751 τελείωσιν,

64 4783 174 4852 μίαν
203 4784 452 4854 Θεότητα
483 4781 951 4843 ἀπτετελεκέναι,
986 4779 1081 4833 καὶ
1108 4777 1433 4842 καθέζεσθαι
1468 4779 1526 4830 ἐν
1553 4777 1638 4830 οὐ·

65 4876 196 4948 ρανῷ
217 4918 232 4941 ,
284 4878 350 4929 ἐν
379 4874 531 4946 δεξιᾷ
561 4873 659 4927 τοῦ
709 4873 923 4944 Πατρὸς
946 4913 961 4938 ,
997 4871 1092 4926 ἐπὶ
1126 4870 1317 4941 θρόνου
1350 4866 1508 4939 δόξης
1534 4869 1633 4938 τῆς

63 4968 211 5022 αὑτοῦ
255 4966 432 5023 ἀϊδίου
480 4966 800 5038 κυριότητός
843 4980 902 5017 τε
955 4965 1048 5018 καὶ
1095 4961 1372 5033 βασιλείας
1391 4978 1404 4991 ·
1451 4959 1636 5013 λοιπὸν

64 5058 358 5130 ἀνέστημεν
383 5059 457 5130 μὴ
486 5058 806 5120 πεπεικόπτες
833 5055 1119 5127 ἀμφότερα
1151 5054 1219 5108 τὰ
1249 5054 1389 5126 μέρη
1421 5053 1509 5106 διὰ
1537 5053 1636 5122 τὴν

68 5153 425 5223 προκειμένην
452 5149 805 5220 φιλονεικίαν.
838 5149 1107 5220 Νενόηται
1147 5147 1205 5200 δὲ
1230 5149 1382 5217 ἡμῖν,
1417 5147 1499 5200 ὅτι
1528 5146 1636 5198 ἀπὸ

65 5244 240 5299 τούτου
280 5245 382 5316 οὐχ
422 5244 611 5298 ἕνεκεν
653 5242 747 5296 τοῦ
796 5241 890 5296 νοῦ
931 5243 1113 5306 αὐτοῖς
1165 5241 1193 5293 6
1253 5241 1412 5308 λόγος
1432 5278 1447 5301 ,
1499 5237 1636 5293 ἀλλὰ

70 5336 162 5389 ἀπὸ
189 5337 281 5392 τοῦ
308 5337 404 5392 νοῦ
441 5335 628 5408 ἕτερόν
669 5337 786 5388 ἐστι
815 5333 877 5386 τὸ
902 5332 1176 5405 φρόνημα.
1215 5330 1352 5385 [ιοτέ
1382 5330 1492 5401 γὰρ
1535 5329 1634 5399 οὐχ

70 5424 362 5496 ὡμολόγουν
377 5425 500 5480 οὕτε
517 5425 696 5496 ψυχὴν
716 5422 876 5478 αὐτόν
899 5423 1197 5493 εἰληφέναι.
1217 5421 1404 5492 Ἦμῶν
1429 5421 1484 5473 δὲ
1503 5417 1634 5473 ἀνθ-

73 5520 457 5590 υποφερόντων,
505 5519 602 5572 καὶ
635 5516 902 5586 λεγόντων
922 5529 936 5543 ·
982 5515 1046 5566 Τί
1099 5514 1208 5586 γάρ
1241 5514 1389 5566 ἐστιν
1416 5517 1444 5566 6
1473 5511 1633 5576 νοῦς;

83 5603 393 5663 ’Υπόστασιν
408 5607 613 5662 τούτων
633 5610 649 5637 ¹
681 5605 927 5676 νομίζετε
956 5599 1096 5658 εἰναι
1118 5605 1178 5657 ἐν
1206 5602 1284 5673 τῷ
1318 5600 1590 5673 άνθῴητῳ
1616 5619 1630 5667 ;

76 5694 264 5750 θοέκοῦν
292 5699 584 5763 πολλοστός
629 5700 777 5752 ἐστιν
805 5699 834 5750 6
864 5695 1168 5768 ἄνθρωπος.
1203 5690 1335 5750 Εἶτα
1367 5695 1518 5764 παρά
1549 5711 1632 5748 τι-

138 5813 154 5843 ‘
181 5809 488 5886 Legendum
521 5824 603 5870 est
624 5808 834 5868 τοῦτον.

1823 2941 2009 2996 ΧΧΙΗ.
2045 2941 2215 3014 Igitur
2240 2941 2436 3000 Vitalis
2471 2945 2764 3000 humanam
2799 2961 2828 3000 a
2851 2945 3070 3001 Christo
3091 2947 3328 3001 animam

1671 3019 1715 3078 C
1748 3044 2061 3106 susceptam
2105 3051 2228 3090 esse
2281 3036 2571 3093 confessus
2610 3047 2714 3095 est.
2757 3038 2849 3092 Sic
2895 3039 3040 3094 enim
3092 3039 3271 3093 aiebat
3312 3056 3326 3094 :

1747 3123 1980 3181 Omnino
2025 3127 2297 3198 perfectus
2344 3128 2508 3184 homo
2573 3129 2829 3186 Christus
2867 3130 3097 3186 exstitit.
3126 3129 3328 3185 Deinde

1746 3228 2034 3288 postquam
2066 3218 2134 3274 de
2169 3220 2351 3273 anima
2379 3228 2434 3275 et
2470 3234 2638 3276 carne
2663 3221 2932 3276 sciscitati
2955 3237 3170 3286 sumus,
3212 3230 3328 3276 tum

1744 3309 1962 3364 demum
2002 3309 2148 3364 istud
2175 3311 2243 3365 ab
2275 3325 2341 3366 eo
2379 3313 2736 3380 quaesivimus
2771 3330 2784 3366 :
2834 3313 3136 3367 Mentemne
3174 3312 3326 3367 Chri-

1745 3409 1866 3456 stus
1898 3400 2161 3456 Dominus
2195 3404 2440 3473 accepil?
2468 3403 2599 3460 Sine
2635 3407 2742 3458 ulla
2775 3405 3130 3460 cunctatione
3161 3421 3300 3476 nega

1743 3491 1841 3545 vit.
1889 3489 2025 3546 Tum
2072 3507 2173 3547 nos
2225 3509 2292 3547 ex
2339 3494 2572 3549 adverso
2637 3514 2648 3550 :
2719 3495 2953 3562 Quinam
3002 3497 3166 3566 igitur
3205 3512 3320 3568 per»

1745 3579 1946 3635 fectum
1991 3583 2144 3636 illum
2194 3583 2469 3640 hominem
2507 3585 2679 3642 fuisse
2710 3589 2941 3644 censes?
2979 3588 3061 3642 Ad
3095 3589 3211 3644 haec
3240 3588 3327 3643 ille

1743 3673 1970 3728 intimos
2003 3675 2171 3730 animi
2206 3677 2290 3732 sui
2325 3693 2523 3732 sensus
2567 3679 2727 3734 nobis
2760 3681 2979 3751 aperuit
3015 3697 3028 3733 :
3080 3679 3144 3734 Et
3181 3690 3325 3737 cate.

1742 3779 1867 3827 nus,
1920 3764 2120 3835 inquit,
2164 3767 2468 3837 perfectum
2519 3769 2797 3826 hominem
2845 3771 3017 3826 fuisse
3063 3771 3325 3838 dicimus,

1741 3856 1789 3910 si
1823 3855 2161 3911 divinitatem
2194 3860 2266 3912 illi
2308 3861 2429 3916 loco
2472 3863 2671 3923 mentis
2723 3863 3088 3925 ascribamus,
3117 3871 3172 3918 et
3208 3879 3324 3918 ear-

1741 3963 1886 4012 uem,
1915 3956 2078 4018 atque
2107 3951 2344 4004 animam
2387 3951 2783 4023 adjungamus,
2828 3954 2910 4010 sic
2953 3963 3012 4008 ut
3053 3955 3326 4024 perlectus

1741 4037 1905 4092 homo
1931 4054 1996 4094 ex
2037 4055 2223 4105 carne,
2267 4044 2472 4105 anima,
2516 4044 2824 4107 divinitate,
2869 4060 2990 4114 qua:
3023 4047 3094 4102 sit
3130 4046 3326 4102 mentis

1740 4132 1938 4195 instar,
1963 4133 2213 4188 exsistat.
2247 4132 2360 4188 Hoc
2380 4135 2546 4206 igitur
2569 4137 2732 4190 modo
2759 4137 3100 4206 deprehensa
3143 4138 3196 4192 in
3235 4138 3326 4193 illo

1740 4231 1888 4278 tanta
1910 4226 2282 4281 contentionis
2307 4227 2550 4292 libidine,
2569 4244 2695 4282 cum
2710 4227 2776 4282 ad
2802 4244 2920 4283 eam
2945 4243 3058 4283 rem
3078 4229 3326 4298 pluribus

1739 4313 2203 4384 disputassemus,
2237 4317 2449 4387 1017
2491 4327 2543 4372 et
2580 4334 2644 4373 ex
2682 4333 2964 4372 sacrarum
2994 4316 3324 4374 Litterarum

1744 4408 2074 4463 auctoritate
2099 4411 2638 4479 comprobassemus,
2670 4411 2986 4465 necessario
3031 4410 3190 4465 fateri
3221 4425 3324 4467 nos

1742 4509 1998 4572 Oportere
2028 4543 2042 4566 ,
2075 4503 2256 4556 omnia
2287 4517 2317 4555 a
2349 4501 2536 4557 Verbo
2567 4501 2806 4572 perfecte
2842 4503 3011 4559 fuisse
3043 4512 3323 4575 suscepta,

1741 4601 1795 4648 et
1821 4594 1875 4648 in
1914 4605 2194 4663 assumpta
2225 4610 2393 4650 carne
2421 4595 2662 4666 perfecte
2693 4595 2895 4651 itidem.
2916 4596 3324 4662 administrata,

1741 4700 1903 4754 quam
1938 4693 2068 4754 post
2117 4687 2579 4741 resurrectionem
2629 4701 2783 4741 suam
2817 4685 3057 4756 perfecte
3089 4685 3195 4742 sibi
3234 4700 3323 4741 co-

1742 4775 1945 4846 pularit
1971 4795 1984 4831 :
2017 4776 2154 4831 adeo
2176 4783 2235 4830 ut
2261 4777 2509 4831 eamdem
2543 4775 2706 4831 modo
2728 4776 3072 4847 spiritualem
3098 4775 3324 4831 omnino

1740 4869 2008 4925 redditam
2035 4911 2050 4932 .
2092 4884 2202 4922 non
2270 4869 2433 4922 aliam
2495 4883 2560 4922 ac
2601 4868 2910 4932 diversam,
2943 4883 3066 4922 cum
3104 4867 3323 4938 propria

1742 4961 2025 5017 divinitate
2058 4961 2112 5015 in
2142 4961 2438 5029 semetipso
2469 4959 2819 5029 conjunctam
2876 4959 3088 5020 habeat,
3121 4966 3175 5011 et
3215 4971 3321 5010 una

1741 5069 1807 5108 ex
1853 5054 1944 5106 illa
1976 5051 2318 5122 perfectione
2353 5050 2620 5106 divinitas
2652 5056 2989 5120 consurgat;
3025 5058 3192 5117 atqtte
3231 5049 3320 5102 illa

1745 5153 2025 5215 postrema
2062 5151 2258 5198 natura
2289 5143 2354 5196 ad
2397 5143 2680 5198 dexteram
2710 5141 2890 5197 Patris
2916 5141 2971 5195 in
2995 5140 3158 5205 caelo,
3182 5147 3236 5193 et
3267 5141 3321 5194 in

1743 5237 2093 5308 sempiterna:
2147 5233 2541 5290 dominationis
2598 5249 2663 5288 ac
2710 5232 2863 5302 regni
2929 5231 3320 5302 augustissimo

1743 5329 1944 5383 throno
1972 5325 2277 5383 consideat.
2323 5325 2448 5380 Haec
2479 5324 2570 5379 ubi
2603 5324 2986 5389 disseruimus,
3024 5338 3150 5378 cum
3183 5323 3303 5377 utri-

1741 5437 1848 5490 que
1877 5419 2019 5490 parti
2071 5427 2295 5489 propter
2323 5417 2632 5472 animorum
2668 5417 3028 5487 pertinaciam
3089 5426 3317 5474 conten-

1744 5516 2060 5582 tionemque
2095 5511 2230 5564 nihil
2261 5509 2752 5581 persuaderemus,‘
2783 5524 2842 5564 re
2883 5508 3087 5564 infecta
3117 5509 3318 5566 disces-

1744 5602 1938 5658 simus.
1991 5600 2330 5656 lntellectum
2384 5615 2511 5655 vero
2562 5600 2709 5654 istud
2761 5610 2869 5666 est,
2920 5617 3030 5656 non
3083 5601 3150 5658 de
3202 5603 3318 5658 sola

1745 5701 1926 5750 mente
1990 5693 2420 5764 disputationem
2475 5688 2616 5747 banc
2663 5691 2790 5750 illos
2842 5693 3160 5766 ingressos,
3224 5698 3316 5751 sed
