3790 6212
464 358 570 415 675

1860 358 1919 412 S.
1961 357 2037 412 ΕΡ

2149 359 2302 415 lANll
3638 358 3723 414 Εῖῦ

464 479 661 543 prater
684 469 815 524 illud
838 468 904 524 de
932 475 1133 532 mente,
1159 472 1304 524 aliud
1334 482 1555 539 quoque
1588 468 1785 535 dogma
1810 473 2033 526 sectari.

2149 492 2228 527 σιν
2283 472 2572 544 ἐνομίζετο
2621 466 2762 526 εἶναι
2803 472 2865 525 τὸ
2906 471 3145 543 πνεῦμα,
3193 470 3255 524 τὸ
3288 470 3377 524 ἀεὶ
3416 471 3475 523 ὲν
3506 472 3574 540 τῇ
3624 468 3726 542 θείᾳ

462 562 749 618 Interdum
800 561 945 617 enim
983 576 1050 614 ne
1084 561 1324 614 animam
1375 561 1593 631 quidem
1640 561 1919 617 Christum
1954 580 2045 620 as-

464 654 769 723 sumpsisse
821 651 1086 706 ferebant.
1130 651 1335 704 Contra
1382 668 1507 722 quae
1556 652 1689 706 illud
1742 654 2044 723 objicieba-

464 761 588 800 mus
618 762 632 800 :
666 743 805 810 Quid
854 742 1074 797 tandem
1120 744 1325 811 putatis
1362 759 1486 798 esse
1522 747 1797 799 mentem?
1831 745 2050 801 Utrum-

465 855 590 891 nam
623 837 942 907 hypostasin
974 852 1099 891 esse
1124 837 1417 906 quamdam
1450 838 1507 891 in
1530 838 1751 895 homine
1780 840 2047 895 creditis?

467 930 742 999 Multiplex
776 937 858 983 est
892 929 1054 994 igitur
1093 929 1274 983 homo.
1319 929 1399 982 Ad
1439 931 1550 985 bzec
1589 934 1869 987 nonnullis
1927 934 2048 1003 pla-

2152 567 2365 638 Γραφῇ,
2393 568 2450 618 ἐν
2471 565 2548 635 τῷ
2576 563 2847 635 ἀνθρώπῳ
2876 563 3153 634 ᾀδόμενον.
3186 562 3320 615 ’Ὅτε
3351 561 3408 613 δὲ
3438 560 3721 628 ἐδείξαμεν.

2153 657 2228 719 ὼς
2252 658 2349 726 οὑχ
2378 658 2406 709 ό
2429 655 2553 718 νοῦς
2580 656 2696 708 ἐστι
2725 656 2785 708 τὸ
2817 654 3056 725 πνεῦμα,
3074 652 3169 707 τοῦ
3206 652 3533 705 Ἀποστόλου
3558 650 3726 717 σαφῶς

2154 747 2431 814 λέγοντος·
2468 745 2646 800 vitam
2680 744 2761 811 τῷ
2788 746 2903 808 νοῒ,
2946 744 3123 813 ἰε-α.ἶῶ
3154 742 3233 808 τῷ
3262 745 3579 811 πνεύματι.
3630 744 3727 793 Ἐν-

2154 836 2343 891 τεῦθεν
2376 836 2560 890 πολλοὶ
2589 837 2686 906 μὲν
2716 833 2938 907 ἦσανιοὶ
2974 837 3124 903 λόγοι
3149 854 3162 866 ·
3185 836 3285 888 οὑκ
3312 834 3657 904 ἠδυνήθημεν

2156 932 2351 993 αὑτοὺς
2383 934 2565 983 πεῖσαι
2595 930 3054 998 φιλονεικοῦντας.

465 1024 643 1083 ecbat,
680 1023 811 1074 nihil
841 1036 963 1075 esse
996 1030 1231 1075 mentem
1267 1022 1415 1076 aliud
1448 1039 1611 1093 quam
1647 1026 1919 1097 spiritum,
1956 1026 2046 1096 qui
2086 1025 2296 1079 homini
2328 1026 2531 1093 passim
2568 1024 2620 1076 in
2660 1023 2964 1092 Scripturis
3014 1020 3304 1075 tribuitur.
3356 1018 3563 1073 Verum
3621 1037 3724 1072 cum

468 1124 701 1166 mentm
778 1128 1122 1181 nequaquam
1173 1114 1425 1179 Spiritum
1482 1130 1604 1170 esse
1680 1118 2234 1182 demonstraremus,
2296 1131 2361 1170 ex
2444 1129 2508 1168 eo
2570 1114 2715 1183 quod

1652 1208 1856 1262 multus
1887 1224 1949 1262 ea
1985 1213 2052 1257 de
2088 1224 2144 1262 re
2174 1208 2335 1262 nobis
2381 1212 2545 1260 natus
2573 1214 2656 1260 est
2683 1220 2890 1269 sermo,
2928 1220 3028 1259 nec
3085 1205 3221 1273 ipsis
3265 1211 3456 1257 tamen
3516 1212 3723 1255 conteri-

468 1201 709 1256 Psallam
746 1215 934 1267 mente,
985 1204 1215 1271 psallam
1244 1214 1293 1257 et
1328 1206 1552 1273 spiritu'
1586 1225 1599 1271 ;

466 1296 607 1349 tiuse
648 1296 989 1350 certantibus
1028 1296 1360 1366 persuadere
1394 1300 1693 1366 potuimus.

535 1387 722 1445 XXIV.
767 1388 963 1442 Postea
1003 1404 1133 1442 vero
1168 1404 1291 1443 cum
1340 1392 1639 1445 nonnullos
1673 1407 1740 1446 ex
1788 1392 1857 1445 iis
1896 1392 2041 1445 hunc

466 1480 519 1533 in
561 1480 779 1532 modum
818 1480 1258 1549 aggrederentur.
1298 1480 1440 1547 Quid
1474 1483 1733 1537 tandem?
1763 1482 1900 1537 Num
1943 1483 2042 1554 hy-

465 1571 711 1639 postasin
743 1585 864 1623 esse
915 1579 1148 1624 mentem
1195 1573 1485 1626 asseritis?
1528 1574 1614 1628 cui
1647 1589 1771 1627 cum
1813 1574 1883 1627 ita
1925 1576 2043 1644 qui-

365 1670 385 1688 ⁸
464 1661 589 1713 dam
647 1668 1045 1722 occurrerent,
1102 1668 1158 1713 ut
1206 1662 1524 1731 hypostasin
1578 1670 2044 1729 negarentoesse;

464 1752 607 1821 quod
635 1753 712 1805 eis
745 1766 1221 1819 persuaseratmns,
1257 1768 1365 1805 non
1403 1752 1454 1804 id
1493 1767 1615 1806 esse
1663 1761 1921 1815 mentem,
1950 1768 2046 1806 ne-

462 1859 568 1913 que
616 1844 859 1910 spiritum
917 1842 1106 1908 illum,
1154 1843 1244 1912 qui
1290 1843 1593 1912 appellatur
1629 1842 1889 1906 hominis,
1920 1859 2042 1897 cum

461 1936 725 2003 scriptum
760 1934 833 1987 sit
867 1952 878 1986 :
918 1933 1160 1987 Psallam
1215 1945 1385 1987 mente
1412 1974 1427 1996 ,
1472 1935 1699 2003 psallam
1745 1945 1793 1988 et
1828 1937 2046 2007 spiritu;

461 2042 585 2078 eum
635 2026 902 2079 adversus
953 2026 1067 2079 lizec
1119 2027 1253 2079 nihil
1304 2027 1569 2081 haberent
1623 2027 1767 2097 quod
1812 2042 2048 2097 Oppone-

460 2128 585 2174 rent
627 2139 639 2174 :
696 2128 810 2174 tum
844 2136 1037 2191 urgere
1070 2121 1151 2176 sic
1185 2122 1456 2192 carpimus
1483 2142 1495 2177 :
1526 2121 1583 2176 Si
1613 2138 1765 2178 mens
1798 2139 1906 2177 non
1951 2125 2047 2196 hy-

462 2214 700 2283 postasis
728 2223 846 2277 est,
882 2215 974 2267 sed
1006 2214 1175 2268 totius
1215 2216 1528 2285 hypostasis
1561 2225 1763 2271 nostrae
1795 2219 2045 2288 quaedam

464 2305 665 2369 motio,
702 2319 825 2358 cum
859 2304 1139 2359 Christum
1180 2314 1419 2360 mentem
1465 2318 1591 2361 esse
1634 2307 1738 2361 hac
1778 2322 1841 2363 ex
1890 2318 2046 2378 parte

462 2395 667 2457 velitis,
697 2386 1205 2450 eumdem'minimc
1274 2393 1665 2452 subsistentem
1713 2398 1939 2470 ﬁngitis,
1981 2414 2045 2453 ac

461 2487 642 2541 verbis
704 2494 865 2541 tenus
896 2494 950 2542 et
982 2488 1164 2557 specie
1191 2496 1366 2542 totum
1398 2490 1533 2544 illud
1562 2492 1835 2563 negotium
1864 2493 2044 2546 incar—

462 2577 701 2633 nationis
725 2578 949 2634 obiisse.
984 2577 1168 2633 Nihilo
1201 2579 1379 2651 magis
1414 2580 1481 2635 ad
1511 2581 1627 2636 haec
1660 2583 1929 2638 rationem
1961 2584 2045 2637 ul-

462 2670 567 2722 lam
611 2670 1201 2741 extricare'poterant.
1244 2671 1322 2724 Ex
1370 2672 1437 2728 iis
1469 2673 1629 2744 longe
1686 2676 2044 2731 acerbissimo

460 2760 648 2815 dolore
699 2776 764 2815 ac
794 2762 1043 2816 molestia
1072 2777 1265 2817 sumus
1301 2762 1501 2828 allecti,
1556 2767 1698 2835 quod
1736 2766 1879 2821 inter
1904 2781 2045 2836 prie-

460 2854 639 2908 claros
668 2853 791 2908 i‘llos
842 2868 907 2907 ac
962 2854 1123 2907 laude
1154 2854 1349 2924 dignos
1380 2854 1579 2911 fratres
1615 2864 1834 2912 nostros
1878 2866 2045 2912 tanta;

460 2945 848 2999 contentiones
897 2959 959 2998 ac
1011 2945 1319 3000 simultates
1355 2946 1794 3011 intercederent,
1830 2959 1888 3004 ut
1918 2966 2043 3021 per-

461 3043 652 3105 petuas
702 3035 756 3088 in
812 3050 914 3089 nos
966 3035 1344 3089 dissensiones
1395 3037 1900 3108 importunissimus
1952 3043 2042 3096 ille

2794 1115 2999 1168 diserte
3074 1113 3299 1181 scripsit
3386 1111 3719 1181 Apostolus:

2217 1390 2344 1442 KA'.
2389 1382 2523 1441 Εἶτα
2566 1386 2728 1440 πάλιν
2774 1387 2915 1441 τισὶν
2965 1386 3124 1457 ἡμῶν
3164 1386 3469 1454 λεγόντωνο
3516 1385 3581 1437 Τί
3610 1388 3724 1455 rip;

2154 1479 2450 1533 ὑπόστασιν
2509 1479 2599 1532 τὸν
2615 1479 2741 1532 νοῦν
2768 1477 2904 1532 εἶναι
2925 1479 3139 1547 λέγετε;
3171 1479 3345 1530 Τινῶν
3372 1478 3429 1531 δὲ
3451 1479 3628 1530 αὑτῶν
3654 1480 3725 1531 )3-

2148 1570 2355 1638 γόντων
2385 1568 2458 1639 μὴ
2489 1563 2626 1621 εἶναι
2662 1569 2959 1620 ὑπόστασιν
2978 1610 2991 1631 ,
3030 1568 3136 1620 ἀπὸ
3165 1568 3259 1619 τοῦ
3306 1569 3340 1636 ἡ
3352 1569 3464 1637 μᾶς
3490 1568 3727 1619 πει-,εικέο

2146 1679 2233 1715 ναι
2274 1662 2491 1725 αὑτοὺς,
2522 1664 2603 1714 ὅτι
2649 1662 2709 1715 οὑ
2740 1660 2847 1733 χρὴ
2878 1659 3118 1730 νομίζειν
3153 1660 3337 1721 αὑτὸν,
3384 1659 3519 1712 οὔτε
3558 1661 3622 1711 τὸ
3646 1679 3726 1712 zz-

2146 1752 2409 1822 λούμενον
2439 1753 2757 1820 ἀνθρώπου
2800 1750 3058 1820 πνεῦμα,
3093 1751 3181 1804 διὰ
3217 1751 3277 1802 τὸ
3318 1752 3533 1803 εἰπεῖν·
3571 1748 3727 1803 Ψαλὲο

2149 1843 2231 1909 τῷ
2261 1844 2378 1903 νοῒ.
2411 1844 2587 1911 ψαλῶ
2619 1843 2715 1896 καὶ
2747 1841 2827 1907 τῷ
2856 1845 3171 1911 πνεύματι.
3200 1842 3273 1913 μὴ
3306 1844 3548 1913 ἐχόντων
3570 1843 3728 1895 usus,

2150 1935 2288 2006 πρὸς
2310 1935 2466 1989 τοῦτο
2494 1936 2546 1988 τί
2580 1935 2780 2004 λέγειν,
2810 1935 3070 2005 ἐλέγομεν
3094 1950 3108 1962 ⁸
3140 1936 3351 1989 Οὐκοῦν
3387 1938 3440 1987 εἱ
3473 1937 3578 1987 οὑκ
3603 1938 3726 1987 ἔστιν

2152 2029 2449 2092 ὑπόστασις
2482 2030 2511 2081 ὁ
2553 2029 2709 2091 νοῦς,
2766 2026 2903 2080 ἀλλὰ
2950 2028 3162 2095 κίνησις
3206 2028 3306 2097 τῆς
3354 2027 3516 2097 ήμῶν
3570 2028 3727 2094 πάσης

2152 2119 2520 2183 ὑποστάσεως,
2566 2119 2691 2172 νοῦν
2715 2119 2769 2171 δὲ
2801 2119 2989 2186 λέγετε
3020 2117 3109 2170 τὸν
3139 2118 3374 2189 Χριστὸν
3407 2118 3558 2170 κατὰ
3591 2118 3727 2169 τοῦτο

2150 2211 2211 2263 τὸ
2233 2211 2395 2281 μέρος
2417 2210 2554 2279 ’ἄρα
2579 2206 2671 2263 οὖν
2706 2209 3047 2279 φαντάζεσθε
3076 2210 3456 2262 ἀνυπόστατον
3488 2205 3629 2262 εἶναι
3654 2210 3725 2259 rei

2151 2301 2406 2372 Χριστὸν,
2442 2300 2535 2353 καὶ
2569 2300 2729 2370 μόνον
2767 2299 2871 2363 ἕως
2901 2298 3061 2366 λόγου
3090 2301 3183 2351 κα)⁸
3207 2300 3488 2370 δοκήσεως
3522 2299 3627 2369 τὴν
3660 2300 3727 2349 ἐν·

2149 2389 2351 2458 δημίαν
2379 2389 2479 2457 τῆς
2508 2388 2771 2459 ὲνσάρκου
2824 2387 3127 2458 παρουσίας
3160 2388 3324 2440 αὑτὸν
3377 2388 3724 2458 πεποιηκότα.

2163 2480 2435 2542 Ὡσαύτως
2455 2481 2553 2532 οὑκ
2582 2476 2726 2550 εἶχον
2757 2478 3049 2551 ἀποδοῦναι
3076 2480 3253 2548 λόγον.
3280 2482 3393 2533 Καὶ
3616 2484 3728 2551 ἡμῖν

2150 2571 2339 2640 γέγονε
2369 2571 2490 2623 τότε
2522 2570 2742 2641 λυπηρὰ
2786 2574 2819 2641 ἠ
2864 2573 2962 2642 τῆς
2992 2571 3139 2641 ζωῆς
3168 2572 3528 2634 κατάστασις,
3568 2575 3648 2625 δτι
3685 2576 3727 2624 ἐν

2149 2665 2261 2726 τοῖς
2294 2663 2715 2733 προειρημένοις
2756 2662 3004 2731 ἀδελφοῖς
3043 2664 3137 2715 καὶ
3168 2665 3478 2726 ἐπαινετοῖς
3512 2663 3729 2733 ἐϐλήθηο

2153 2772 2252 2807 σαν
2281 2754 2467 2817 ἁπλῶς
2493 2754 2837 2823 φιλονεικίαι,
2870 2756 2958 2808 ἵνα
2989 2755 3299 2816 διαστάσεις
3350 2756 3406 2807 ἐν
3448 2758 3588 2825 ἡμῖν
3614 2758 3729 2809 πὲρ

2148 2864 2270 2900 τοτε
2299 2851 2326 2900 ὀ
2362 2846 2765 2918 προειρημένος
2794 2846 2903 2900 τῶν
2934 2847 3240 2918 ἀνθρώπων
3268 2847 3529 2917 πολέμιος
3565 2849 3730 2901 διάϐο-

2150 2938 2238 3002 λος
2266 2937 2648 3010 ἐξεργάσηται.
2675 2938 2851 3009 Πολλὴ
2885 2939 2941 2991 δέ
2971 2940 3087 2991 ἐστι
3121 2938 3223 3008 τῆς
3248 2938 3508 3011 τοιαύτης
3540 2939 3726 2999 αἰτίας.

2152 3031 2401 3100 ἀδελφοὶ,
2433 3034 2466 3102 ἡ
2497 3032 2615 3083 κατ’
2649 3030 2857 3085 ἔννοιαν
2889 3031 3083 3102 βλάϐη.
3118 3031 3179 3083 Et
3209 3032 3308 3101 μὲν
3337 3032 3452 3102 γὰρ
3482 3031 3541 3098 ἐξ
3573 3033 3729 3102 ἀρῄς

462 3125 685 3178 hmnani
727 3125 942 3192 generis
972 3125 1148 3179 hostis
1184 3124 1435 3181 diabolus
1497 3128 1774 3184 immittat.
1828 3133 2037 3204 1018

2151 3125 2278 3195 περὶ
2303 3124 2493 3177 τούτου
2523 3124 2623 3177 οὑκ
2652 3123 2876 3194 ἐκινήθη
2926 3122 3105 3190 λόγος,
3138 3124 3516 3178 ἁπλούστατον
3545 3122 3619 3195 ἦν
3638 3143 3651 3155 ο
3688 3132 3729 3176 τί

462 3215 529 3269 Et
549 3232 676 3270 vero
700 3218 794 3270 tali
829 3219 882 3270 in
914 3219 1118 3271 erroris
1146 3228 1490 3288 argumento,
1520 3220 1737 3287 fratres,
1765 3228 2035 3296 praecipua

461 3308 709 3377 quaedam
742 3306 894 3360 fraus
922 3307 1417 3364 circumveniendis
1451 3311 1729 3366 hominum
1765 3316 2037 3371 mentibus

462 3406 732 3453 versatur.
776 3396 889 3453 Nisi
939 3400 1083 3453 enim
1118 3399 1185 3456 de
1219 3416 1282 3455 ea
1334 3418 1391 3457 re
1442 3404 1595 3458 initio
1628 3404 1766 3461 foret
1804 3409 2039 3462 excitata

461 3490 791 3560 disputatio,
824 3492 1294 3562 simplicissimum
1322 3494 1583 3564 quiddam
1613 3506 1751 3553 erat.
1796 3499 2038 3569 Ecquam

460 3582 605 3635 enim
644 3582 851 3636 mundo
890 3583 1108 3637 novitas
1140 3584 1255 3638 hinc
1290 3586 1577 3640 utilitatem
1613 3590 1916 3644 conscivit?
1945 3598 2041 3643 aut

460 3674 591 3742 quid
632 3672 890 3728 Ecclesiae
923 3674 1170 3743 profuit?
1206 3673 1398 3731 Nonne
1438 3678 1798 3735 vehementer
1832 3682 2038 3745 nocuit,

464 3780 585 3817 cum
630 3764 950 3818 intestinum
1013 3766 1200 3820 odium
1260 3769 1701 3840 simultatemque
1748 3772 2043 3826 conflarit?

465 3853 571 3908 Sed
603 3855 693 3909 ubi
722 3856 888 3910 semel
923 3855 1120 3924 dogma
1157 3856 1290 3909 illud
1322 3859 1487 3928 erepit
1521 3875 1818 3929 emergere,
1856 3862 2041 3915 formi-

464 3946 877 4001 dolosissimum
912 3948 1142 4002 exstitit.
1193 3948 1312 4005 Non
1365 3950 1511 4005 enim
1545 3951 1612 4003 ad
1646 3953 2041 4022 expeditiorem

467 4038 706 4108 aliquam
738 4038 933 4093 salutis
962 4047 1164 4093 nostra:
1196 4040 1337 4094 viam
1397 4056 1460 4095 ac
1486 4043 1752 4096 rationem
1786 4042 2043 4098 refertur.

462 4127 787 4197 Quicunque
814 4144 946 4182 vero
974 4145 1082 4182 non
1115 4130 1168 4182 in
1206 4132 1305 4182 hac
1337 4129 1499 4183 modo
1534 4140 1705 4199 parte,
1756 4129 1853 4185 sed
1878 4132 1959 4201 vel
1988 4132 2043 4184 in

462 4216 741 4271 levissima
788 4218 965 4287 aliqua
1014 4219 1296 4272 veritatem
1339 4219 1562 4274 minime
1616 4219 1926 4289 profitetur,
1980 4222 2045 4275 ﬁ-

461 4302 585 4357 dem
622 4304 667 4360 is
696 4304 941 4374 ejurasse
972 4307 1310 4360 censebitur.
1357 4308 1568 4378 Quippe
1612 4324 1679 4363 ne
1711 4309 1765 4362 in
1816 4310 2043 4365 minimo

470 4393 688 4464 quidem
721 4410 753 4448 a
784 4395 1033 4451 veritatis
1063 4398 1148 4450 via
1195 4395 1485 4452 deﬂectere
1518 4408 1753 4469 oportet.
1787 4399 2041 4469 Quapro-

2148 3215 2258 3285 γὰρ
2290 3216 2446 3268 τοῦτο
2475 3215 2566 3268 τὸν
2596 3214 2799 3285 κόσμον
2832 3215 3007 3285 ὢνησε
3037 3215 3098 3266 τὸ
3128 3216 3537 3284 καινοτόμημα,
3575 3218 3609 3287 ἢ
3648 3218 3732 3284 τὴν

2155 3307 2481 3377 Ἐκκλησίαν
2511 3308 2826 3377 ὠφέλησεν;
2865 3308 2936 3359 Ἦ
2982 3307 3102 3375 οὐχὶ
3136 3308 3339 3376 μᾶλλον
3371 3308 3602 3376 ἔϐλαψε,
3649 3312 3723 3377 μῑο

2143 3418 2233 3463 σος
2264 3401 2355 3453 καὶ
2390 3400 2577 3452 στάσιν
2602 3400 3006 3470 ὲργασάμενον;
3042 3398 3258 3469 Ἐπειδὴ
3281 3398 3341 3451 δὲ
3366 3402 3395 3452 ό
3423 3400 3588 3467 λόγος
3626 3416 3733 3468 πρι-

2143 3492 2368 3561 εϐλήθη,
2406 3492 2634 3562 φοϐερὸς
2679 3491 2925 3559 γέγονεν.
2976 3491 3050 3543 υὺ
3096 3490 3202 3559 γὰρ
3248 3493 3332 3553 είς
3380 3492 3442 3545 τὸ
3488 3495 3727 3563 κρεῖσσον

2143 3586 2241 3655 τῆς
2268 3585 2423 3656 ἡμῶν
2450 3583 2744 3655 σωτηρίας.
2782 3585 3049 3653 Ἀρνησις
3074 3584 3183 3651 γάρ
3211 3584 3360 3635 ἐστιν
3389 3585 3453 3635 οὑ
3487 3584 3647 3653 μόνον
3676 3584 3723 3635 ὲν

2144 3678 2318 3747 τούτῳ
2352 3677 2427 3747 τῷ
2479 3678 2631 3749 μέρει
2680 3676 2756 3746 τῷ
2807 3676 2881 3745 μὴ
2927 3676 3297 3745 ὁμολογοῦντι,
3350 3676 3493 3729 ἀλλὰ
3544 3678 3637 3729 καὶ
3676 3680 3725 3726 ἐν

2148 3769 2474 3840 βραχυτάτῳ
2503 3768 2628 3822 τινί.
2660 3768 2733 3820 Ui)
2760 3766 2866 3837 χρὴ
2896 3766 3005 3837 γὰρ
3034 3766 3157 3818 οὑδὲ
3189 3765 3291 3819 κᾶν
3319 3768 3381 3819 ὲν
3412 3768 3495 3835 τῷ
3520 3766 3721 3835 τυχόντι

2147 3858 2584 3932 παρεξέρχεσθαι
2617 3859 2715 3928 τῆς
2743 3856 2863 3910 ὁδοῦ
2888 3858 2986 3928 τῆς
3018 3855 3300 3927 ἀληθείας.
3332 3856 3596 3927 Λέξωμεν
3628 3858 3722 3907 τοί-

2147 3971 2243 4007 νυν
2272 3953 2368 4006 καὶ
2397 3952 2537 4005 κατὰ
2568 3950 2774 4020 ταύτης
2801 3950 2902 4020 τῆς
2936 3949 3267 4013 ὑποθέσεως,
3310 3947 3627 4017 βουλόμενοι
3658 3946 3719 4016 μὴ

2148 4046 2252 4110 ἔξω
2286 4045 2385 4114 τῆς
2420 4042 2634 4097 ἑαυτῶν
2663 4041 2809 4112 ζωῆς
2844 4041 3068 4111 βαίνειν,
3120 4040 3253 4110 μηδὲ
3280 4040 3376 4091 τὸν
3402 4040 3605 4092 κανόνα
3631 4056 3691 4090 xx

2146 4134 2503 4205 ταλιμπάνειν
2534 4134 2631 4204 τῆς
2668 4133 2828 4201 ἁγίας
2862 4131 2998 4183 Θεοῦ
3040 4129 3374 4200 Ἐκκλησίας
3408 4130 3509 4181 καὶ
3557 4129 3719 4198 ὁμολο-

2147 4227 2293 4295 γίας.
2325 4225 2512 4278 Οὑδενὶ
2554 4224 2663 4296 γὰρ
2710 4224 2931 4277 πώποτε
2966 4224 3075 4276 τῶν
3116 4221 3369 4275 παλαιῶν
3397 4220 3560 4273 τοῦτο
3586 4219 3717 4290 εἷρπε

2148 4336 2258 4381 ται,
2276 4316 2399 4369 οὑτε
2424 4319 2697 4389 προφήτῃ,
2716 4315 2839 4369 οὔτε
2870 4314 3172 4383 ἁποστόλῳ,
3202 4311 3328 4365 οὕτε
3352 4313 3711 4380 εὑαγγελιστῇ.

2149 4408 2209 4463 οὑ
2244 4426 2349 4462 τινι
2372 4408 2480 4461 τῶν
2527 4408 2828 4479 ἐξηγητῶν,
2880 4407 2987 4470 ἕως
3041 4404 3241 4458 τούτων
3288 4404 3401 4457 τῶν
3453 4404 3711 4474 ἡμετέρων

466 4494 587 4554 pter
613 4485 776 4540 etiam
816 4485 1082 4541 adversus
1131 4487 1445 4557 opinionem
1479 4489 1626 4541 illam
1675 4489 2037 4559 diSputemus,

2149 4501 2383 4571 χρόνων
2411 4499 2469 4565 ἐξ
2498 4493 2559 4552 οὗ
2590 4499 2784 4570 καιροῦ
2821 4498 2927 4551 ἀπὸ
2959 4495 3053 4549 τοῦ
3104 4496 3515 4566 προειρημένου
3548 4495 3711 4561 λογιω-

464 4590 589 4630 cum
614 4590 713 4630 nec
748 4576 1047 4632 abhorrere
1077 4592 1107 4631 a
1134 4579 1248 4632 vita
1277 4588 1485 4643 nostra,
1512 4596 1689 4650 neque
1720 4589 1924 4636 sanctae
1947 4581 2043 4637 Dei

464 4664 722 4720 Ecclesiae
755 4665 985 4735 fideique
1018 4670 1258 4737 regulam
1305 4670 1558 4726 deserere
1590 4674 1739 4726 omni
1788 4690 1893 4744 ope
1922 4682 2040 4728 stu-

465 4755 711 4810 deamus.
747 4754 940 4829 Nullus
988 4759 1133 4811 enim
1171 4776 1408 4829 unquam
1457 4778 1525 4816 ex
1578 4765 1854 4820 veteribus
1901 4766 2037 4820 illud

466 4846 700 4900 asseruit
731 4864 745 4900 :
776 4862 886 4900 non
926 4849 1217 4917 propheta,
1250 4866 1358 4904 non
1395 4855 1705 4920 apostolus,
1741 4871 1850 4909 non
1877 4872 2040 4910 evan-

465 4939 689 5006 gelista,
728 4955 837 4992 non
875 4940 1234 5010 interpretum
1266 4945 1500 5014 aliquis,
1534 4950 1628 5015 qui
1663 4947 1729 5000 ad
1785 4959 2035 5003 nostrum

466 5042 639 5097 usque
686 5036 900 5098 tempus
949 5033 1317 5096 exstiterunt;
1377 5050 1545 5104 aquo
1586 5037 1889 5105 sapitistica
1949 5039 2039 5092 illa

465 5120 911 5191 cavillatoriaque
952 5138 1057 5176 vos
1095 5138 1160 5177 ex
1205 5125 1563 5181 eruditissimi
1605 5130 1750 5184 illius
1802 5130 2040 5187 hominis

464 5226 560 5266 ore
617 5214 903 5281 processit.
968 5212 1085 5269 Non
1134 5216 1277 5269 enim
1345 5218 1673 5275 mediocrem
1731 5221 2039 5276 litterarum

467 5302 749 5356 scientiam
781 5303 957 5357 fuerat
985 5305 1073 5358 ille
1102 5314 1458 5370 consecutus,
1508 5324 1632 5362 cum
1660 5318 1713 5363 et
1741 5311 2040 5366 humanio-

467 5395 618 5447 ribus
668 5394 981 5465 GraeciSque
1011 5396 1319 5466 disciplinis
1350 5406 1497 5453 esset
1525 5402 1802 5468 excultus,
1846 5411 1901 5457 et
1929 5403 2039 5456 dia-

469 5488 714 5562 lecticam
748 5506 809 5544 ac
840 5492 1194 5561 snphisticam
1238 5502 1411 5548 artem
1462 5496 1517 5549 in
1552 5497 1745 5566 primis
1781 5499 2030 5564 calleret;

2138 4593 2300 4646 τάτου
2333 4591 2524 4659 ἀνδρὸς
2568 4592 2628 4644 τὸ
2664 4591 2909 4644 τοιοῦτον
2937 4588 3249 4657 σοφιστικὸν
3272 4588 3525 4657 προῆλθε
3559 4586 3707 4656 ῥῆμα.

2143 4683 2361 4754 Παιδείᾳ
2394 4683 2503 4755 γὰρ
2535 4684 2596 4737 ού
2632 4686 2699 4755 τῇ
2728 4683 2963 4754 τυχούσῃ
3002 4684 3030 4733 ὁ
3084 4681 3225 4749 ἀνὴρ
3259 4678 3585 4751 ὲξήσκηται,
3614 4678 3711 4729 ἀπὸ

2140 4777 2238 4846 τῆς
2266 4776 2372 4828 τῶν
2405 4776 2577 4843 λόγων
2606 4772 3049 4846 προπαιδεύσεώς
3071 4790 3132 4825 τε
3164 4773 3259 4825 καὶ
3304 4770 3621 4842 Ἑλληνικῆς
3641 4768 3707 4819 διο

2140 4866 2433 4929 δασκαλίας
2454 4866 2793 4937 ὁρμώμενος,
2831 4864 3010 4918 πᾶσάν
3040 4881 3099 4916 τε
3130 4862 3485 4928 διαλεκτικὴν
3516 4864 3601 4914 καὶ
3626 4876 3707 4909 σοι

2146 4957 2399 5027 φιστικὴν
2443 4958 2893 5027 πεπαιδευμένος
2935 4955 3069 5008 ἀλλὰ
3114 4954 3208 5008 καὶ
3267 4953 3360 5007 τὸν
3406 4954 3567 5007 ἄλλον
3606 4952 3703 5021 βίον

2140 5050 2495 5120 σεμνότατος,
2542 5051 2634 5102 καὶ
2670 5049 2777 5101 τῶν
2808 5049 2945 5119 πρὸς
2972 5046 3284 5117 ὀρθοδόξους
3313 5045 3406 5097 ἀεὶ
3440 5046 3501 5097 ἐν
3538 5043 3701 5111 ἀγάπῃ

2138 5142 2195 5193 ὲν
2219 5140 2419 5211 πρώτῳ
2448 5139 2665 5209 ἀριθμῷ
2700 5139 3043 5209 ταττόμενος,
3065 5137 3170 5201 ἕως
3199 5136 3395 5189 τούτου
3428 5136 3525 5189 τοῦ
3566 5135 3703 5199 λόγου

2138 5230 2424 5300 διέμεινεν.
2466 5230 2624 5282 ’Λλλὲι
2660 5230 2753 5282 καὶ
2780 5230 2993 5299 ὲξορίαν
3018 5229 3301 5298 ὑπέμεινε,
3322 5228 3414 5280 διὰ
3439 5228 3501 5279 τὸ
3522 5227 3589 5296 μὴ
3606 5227 3703 5284 τοῖς

2154 5321 2450 5390 Ἀρειανοῖς
2490 5310 2925 5388 συγκαταθεῖναι.
2985 5321 3095 5373 Καὶ
3148 5320 3198 5371 τί
3240 5337 3308 5389 με
3375 5320 3458 5371 δεῖ
3516 5319 3695 5383 λέγει-ιτ

2142 5412 2318 5483 Πολλὴ
2352 5413 2506 5483 ἡμῶν
2545 5416 2576 5482 ἡ
2607 5412 2748 5483 λύπη
2772 5453 2785 5475 ,
2823 5412 2917 5464 καὶ
2944 5411 3136 5475 πένθος
3163 5412 3195 5480 ἡ
3223 5412 3337 5481 ζωὴ
3362 5453 3378 5475 ,
3417 5412 3497 5463 δτι
3537 5408 3695 5459 λυπεῖν

2142 5503 2329 5556 εἴωθεν
2357 5505 2384 5555 ὁ
2413 5504 2656 5567 διάϐολος
2684 5506 2829 5574 ἡμᾶς
2857 5504 2973 5565 ἀεὶ,
3016 5502 3091 5563 ὡς
3134 5502 3233 5572 ἤδη
3266 5502 3522 5562 πολλάκις
3548 5494 3679 5550 εἷπον

466 5587 613 5635 esset
645 5580 786 5634 idem
817 5598 980 5651 porro
1027 5584 1300 5655 praecipua
1344 5589 1397 5642 in
1442 5589 1589 5643 omni
1640 5590 1745 5644 vita
1794 5593 2062 5661 gravitate
2096 5596 2354 5664 praeditus
2387 5637 2400 5661 ,
2450 5598 2557 5653 imo
2594 5613 2720 5652 vero
2768 5607 2820 5653 et
2871 5596 3192 5652 orthodoxis
3255 5596 3529 5659 omnibus,
3565 5600 3689 5646 ante-

549 5734 610 5787 ‘l
649 5735 774 5788 (lor.
808 5753 918 5800 Xiv,
968 5740 1051 5792 l5.
