3790 6212
69 320 174 376 617

673 326 1041 386 ADVERSUS
1079 329 1424 388 HIERESES
1459 331 1588 388 LIB.
1629 333 1718 390 lii.
1754 333 1919 392 TOM.
1963 333 2124 390 ll.'—--
2160 333 2438 393 HAEliES.
2477 335 2734 393 LXXVII.

3235 335 3342 394 678

67 449 231 504 quam
273 433 585 491 istiusmodi
619 436 814 510 dogma
853 449 1203 512 proponeret,
1245 443 1404 514 longe
1452 444 1835 500 charissimus.
1892 445 2205 511 Quinetiam
2247 453 2301 504 et
2359 447 2614 504 exsilium
2678 446 2942 504 sustinuit
2999 447 3146 520 quod
3176 449 3338 505 Aria-

67 529 152 585 uis
185 531 448 587 assentiri
489 533 678 589 nollet.
723 533 828 590 Sed
859 536 988 606 quid
1038 539 1232 594 attinet
1261 540 1512 610 pluribus
1552 540 1655 594 ista
1711 541 2014 610 prosequi?
2071 540 2325 612 Magnum
2387 541 2612 596 omnino
2646 540 2890 597 dolorem
2934 559 3002 598 ea
3041 560 3135 600 res
3174 543 3342 602 nobis

77 624 284 690 attulit,
329 633 384 680 et
430 627 682 682 acerbam
720 631 885 684 vitam
929 632 1186 698 reddidit,
1239 635 1498 704 quoniam
1548 635 1801 690 diabolus
1831 637 2080 692 molestia
2114 653 2240 706 nos,
2271 645 2332 692 ut
2359 653 2502 708 smpe
2543 637 2702 702 dixit,
2745 639 2885 694 solet
2924 639 3158 696 allicere.

129 709 268 774 KE’.
295 721 564 794 Ἀρξομαι
611 724 792 778 τοίνυν
825 729 952 798 περὶ
993 728 1184 782 τούτου
1225 729 1320 783 τοῦ
1363 730 1527 803 ῥητοῦ
1556 729 1642 784 λέ-

1834 730 1998 786 XXV.
2042 731 2148 786 Sed
2179 748 2323 788 nunc
2351 733 2418 788 de
2449 733 2552 788 hoc
2581 742 2902 804 argumento
2927 733 3208 804 disputare
3243 751 3336 808 ag-

63 809 202 882 γειν,
221 814 310 868 ἵνα
340 815 505 886 μηδέν
533 817 699 880 τι,ὠς
720 816 876 888 ἔφην,
900 819 1001 888 τῆς
1024 820 1279 892 ἀληθείας
1303 822 1646 895 παραλείψω.

61 907 128 958 Τί
157 910 310 978 ἡμᾶς
333 908 580 978 ὠφέλησε
607 909 669 962 τὸ
701 911 1100 980 παρεκὸάλλειν
1139 914 1232 968 τὸν
1256 916 1380 968 νοῦν
1411 915 1520 969 ἀπὸ
1550 917 1649 986 τῆς

59 1002 332 1074 ὲνσάρκον
360 1003 662 1073 παρουσίας
691 1005 958 1074 Χριστοῦ;
1001 1006 1064 1058 Εἰ
1095 1007 1202 1076 γάρ
1244 1007 1381 1070 ὅλως
1404 1007 1498 1060 τοῦ
1532 1007 1652 1080 βοη-

59 1092 254 1163 Θῆσαι,
286 1093 351 1146 ἵν’
387 1093 558 1157 οὕτως
583 1096 741 1157 εἴπω,
784 1095 864 1165 τῷ
888 1097 1077 1168 Κυρίῳ
1117 1097 1276 1168 ἡμῶν
1312 1098 1486 1168 Ἰησοῦ
1519 1100 1652 1169 Χρι-

59 1185 172 1256 στῷ
195 1188 292 1240 καὶ
318 1185 436 1256 Θεῷ
471 1187 629 1258 Λόγῳ
665 1189 760 1241 καὶ
799 1188 912 1259 Υἰῷ
973 1189 1107 1243 Θεοῦ
1177 1193 1204 1244 ὁ
1263 1191 1530 1262 ὑμέτερος
1567 1191 1653 1245 λο-

55 1276 265 1344 γισμὸς
309 1277 576 1348 προήχθη,
617 1278 706 1332 ἵνα
760 1278 836 1350 μὴ
870 1281 1116 1350 εἴπωμεν
1163 1281 1325 1336 αὑτὸν
1374 1282 1652 1354 εἰληφέναι

51 1367 210 1436 νοῦν,
249 1369 395 1432 ὅπως
429 1369 502 1440 μὴ
529 1371 814 1440 νοήσωμεν
859 1371 1154 1426 ἐλάττωσιν
1199 1375 1325 1444 περὶ
1355 1373 1454 1445 τὴν
1485 1373 1650 1427 αὑτοῦ

55 1457 330 1530 θεότηταο
359 1459 538 1530 πολλῴ
589 1459 788 1530 μᾶλλον
831 1463 1224 1536 προτιμότερον
1263 1465 1419 1536 ἡμῶν
1453 1465 1654 1536 τυγχά-

53 1564 214 1602 νουσι
246 1549 534 1618 Μαεδιχαῖοι
588 1550 680 1602 καί
713 1552 1131 1622 Μαρκιωνισταὶ
1169 1554 1264 1608 καὶ
1315 1555 1470 1608 ἄλλαι
1499 1557 1654 1628 αἱρέ-

54 1657 194 1704 σεις,
225 1641 302 1711 μὴ
335 1641 512 1712 σάρκα
547 1643 693 1714 αὐτῷ
722 1645 1058 1715 προσάπτειν
1092 1646 1428 1718 βουλόμενοι,
1453 1649 1542 1703 ἵνα
1578 1651 1652 1721 μὴ

53 1733 360 1787 ἐλάττωσιν
388 1737 452 1805 τῇ
477 1735 692 1806 θεότητι
719 1737 884 1790 αὐτοῦ
917 1743 1400 1812 περιποιήσωνται.
1429 1742 1568 1794 Ἀλλ’
1590 1743 1652 1796 οὑ

51 1826 202 1877 κατὰ
250 1825 348 1894 τὴν
395 1825 505 1895 τῶν
553 1826 856 1898 ἀνθρώπων
907 1829 1162 1901 βούλησιν
1195 1835 1228 1901 ἡ
1265 1833 1491 1904 ἀλήθεια
1541 1833 1654 1906 ἔχει

49 1919 154 1988 τὴν
192 1917 448 1988 δύναμιν,
481 1919 614 1973 ἀλλὰ
642 1919 782 1974 κατὰ
823 1922 922 1992 τὴν
953 1923 1125 1994 αὐτῆς
1160 1924 1653 1998 διακυϐερνητικὴν

51 2007 257 2076 σοφίαν
303 2011 398 2062 καὶ
448 2011 798 2082 οἰκονομικὴν
839 2013 1237 2085 ἀκαταληψίαν.
1276 2017 1466 2070 Τοίνυν
1497 2018 1652 2088 ἡμῶν

1757 822 1999 894 gredior,
2030 840 2098 880 ne
2127 825 2314 890 ullam,
2345 835 2402 878 ut
2429 825 2585 879 initio
2611 825 2822 890 monui,
2850 819 3098 880 veritatis
3130 834 3338 896 partem

1759 916 2188 984 prmtermittam.
2237 915 2381 983 Quid
2421 915 2586 987 igitur
2633 932 2734 972 nos
2800 915 3044 986 adjuvat,
3080 917 3227 986 quod
3273 919 3340 972 ab

1755 1017 2037 1075 assumpta
2076 1007 2314 1062 hominis
2375 1008 2429 1062 in
2458 1007 2680 1063 Christo
2730 1018 2927 1076 natura
2973 1018 3209 1063 mentem
3243 1025 3344 1063 ex-

1754 1097 2071 1152 cludimus?
2101 1097 2236 1152 Nam
2281 1099 2328 1152 si
2376 1115 2441 1152 eo
2485 1101 2746 1170 cogitatio
2777 1111 2964 1155 nostra
3002 1098 3340 1170 perducitur,

1757 1195 1817 1241 ut
1843 1187 2074 1246 Domino
2103 1197 2292 1245 nostro
2325 1188 2454 1246 Jesu
2491 1192 2710 1246 Christo
2749 1207 2811 1245 ac
2841 1191 2951 1247 Deo
2995 1190 3173 1245 Verbo
3219 1191 3337 1246 Dei-

1755 1299 1864 1353 que
1905 1282 2065 1346 Filio,
2107 1292 2164 1337 ut
2198 1283 2272 1338 ita
2308 1285 2536 1340 dixerim
2559 1325 2574 1349 ,
2610 1285 2946 1348 subveniret,
3001 1285 3070 1351 si,
3096 1286 3341 1354 inquam,

1756 1383 1992 1429 mentem
2051 1374 2172 1428 ideo
2220 1375 2370 1429 illum
2421 1377 2787 1444 assumpsisse
2829 1391 3114 1444 negemus,
3139 1383 3214 1428 -ut
3249 1389 3341 1438 ne,

1757 1466 1904 1535 quod
1945 1467 2009 1520 ad
2042 1465 2386 1522 divinitatem
2439 1469 2698 1538 pertinet,
2735 1467 2996 1523 inferiore
3027 1468 3179 1521 illum
3221 1483 3345 1524 esse

1758 1558 1878 1614 loco
1909 1558 2156 1612 dicamus
2187 1599 2202 1621 ,
2235 1560 2396 1629 longe
2434 1561 2592 1616 nobis
2621 1561 2988 1631 anteponendi
3025 1571 3184 1616 erunt
3223 1559 3340 1614 Ma—

1757 1650 1952 1704 nicbtei
2003 1665 2067 1704 ac
2133 1648 2498 1705 Marcionista:
2533 1662 2846 1722 ceteraeque
2897 1652 3154 1716 haereses,
3191 1667 3336 1722 quae,

1756 1757 1826 1796 ne
1872 1741 2107 1796 divinam
2141 1743 2481 1811 majestalem
2519 1743 2845 1799 imminuere
2875 1743 3181 1806 videantur,
3218 1759 3343 1798 car-

1756 1849 1880 1888 nem
1931 1833 1981 1887 ei
2019 1833 2368 1888 tribuendam
2421 1851 2544 1890 esse
2589 1851 2696 1890 non
2747 1836 3085 1891 existimant.
3140 1833 3340 1892 Verum

1755 1940 1868 1979 non
1915 1941 1984 1980 ex
2031 1925 2638 1982 hominumvoluntate
2673 1928 2921 1983 veritatis
2972 1927 3188 1998 1019
3227 1943 3344 1984 sus-

1758 2033 1926 2086 pensa
1955 2019 2037 2072 vis
2075 2025 2178 2082 est,
2214 2018 2310 2072 sed
2338 2033 2402 2072 ex
2434 2018 2679 2084 ejusdem
2705 2019 3092 2089 gubernatrice
3126 2019 3343 2090 sapien-

49 2097 236 2161 οὕτως
279 2100 704 2172 ὁμολογούντων,
755 2103 846 2156 καὶ
901 2105 974 2175 μὴ
1021 2107 1162 2159 κατὰ
1214 2108 1304 2160 τὸν
1353 2109 1642 2180 Μακιιχαῖοκ

1821 2126 1856 2172 ι,
1891 2108 2424 2180 administrandiqne
2473 2109 2768 2172 facultate,
2822 2125 2944 2179 quae
2982 2110 3148 2163 nullo
3182 2108 3344 2163 modo

49 2189 294 2260 ἑχόντων
345 2191 423 2258 (οὐ
467 2193 626 2263 χάριν
679 2192 788 2264 γὰρ
840 2197 1046 2258 ἐκεῖνος
1098 2195 1280 2260 δώσει,
1332 2198 1502 2252 δοκῶν
1564 2203 1646 2264 είς

51 2283 284 2336 ἔπαινον
325 2283 566 2354 Χριστοῦ
601 2284 780 2355 σάρκα
823 2284 1001 2354 λέγειν
1035 2285 1198 2340 αὐτὸν
1240 2288 1314 2358 μὴ
1348 2289 1650 2359 εἰληφέναι,

49 2371 190 2424 ἀλλὰ
235 2371 440 2442 μᾶλλον
481 2376 581 2444 τῆς
613 2373 870 2446 ἀληθείας
901 2380 1183 2442 πεσεῖται,
1215 2380 1437 2450 δοκήσει
1464 2383 1654 2453 ὁμολο-

47 2465 164 2532 γῶν
202 2465 306 2536 τὴν
342 2466 602 2538 ἐνσαρκον
633 2466 872 2537 Χριστοῦ
918 2471 1240 2541 παρουσίαν)
1265 2489 1278 2503 ·
1307 2472 1448 2526 οὕτω
1473 2475 1566 2527 καὶ
1595 2478 1654 2528 ἐν

49 2557 128 2628 τῷ
161 2558 400 2629 παρόντι
433 2561 544 2622 τοῖς
595 2559 884 2630 ἡμετέροις
917 2561 1167 2630 ἀδελφοῖς
1193 2563 1404 2635 ἔσταιή
1438 2565 1654 2636 χυδαίο-

47 2651 212 2720 λογία
273 2651 480 2721 ματαία
523 2652 683 2724 χάρις
708 2651 1074 2726 τυγχάνουσα.
1129 2654 1487 2725 Ὡμολόγηται
1540 2657 1654 2726 γὰρ

47 2743 184 2816 παρ’
219 2743 409 2807 αὐτοῖς
435 2761 494 2796 τε
533 2745 626 2797 καὶ¹
654 2745 784 2816 παρ’
821 2747 972 2816 ἡμῖν,
1017 2744 1112 2798 ἐὰν
1164 2745 1238 2817 μὴ
1267 2746 1492 2801 θέλωσιν
1539 2748 1654 2801 ἐτέ-

51 2854 163 2908 pm:
197 2839 446 2908 φρονεῖν,
478 2835 659 2901 καθώς
685 2854 830 2900 τινες
868 2837 1126 2902 πολλάκις
1169 2839 1262 2892 ἀπ’
1291 2839 1471 2894 αὐτῶν
1501 2841 1652 2905 ὄντες

48 2928 304 2980 ἑάλωσαν
338 2926 670 2998 πιεζόμενοι,
691 2927 778 2980 διὰ
809 2927 968 2982 τοῦτο
1000 2929 1094 2981 καὶ
1122 2929 1444 3000 ἀρνούμενοι
1473 2932 1652 3003 σάρκα

47 3020 320 3092 ἀληθινὴν
346 3020 438 3074 τὸν
483 3019 716 3090 Χριστὸν
750 3019 1065 3092 εἰληφέναι·
1107 3020 1182 3084 ὼς
1225 3021 1337 3075 ἄνω
1371 3038 1462 3092 μοι
1509 3023 1654 3094 εἴρη-

47 3131 160 3174 ται,
198 3113 288 3165 ὃτι
315 3113 458 3175 τινες
489 3110 794 3183 ἐτόλμησαν
829 3110 1026 3179 λέγειν
1053 3110 1341 3182 ὁμοούσιον
1383 3108 1523 3166 εἶναι
1553 3113 1651 3184 τὴν

51 3207 238 3276 σάρκα
265 3207 336 3276 τῇ
381 3204 544 3258 αὐτοῦ
570 3203 805 3274 θεότητι.
843 3202 984 3256 Ἀλλ’
1017 3205 1216 3257 ἐκεῖνοι
1248 3205 1347 3274 μὲν
1379 3204 1653 3276 παρεκϐα-

47 3297 342 3351 λέσθωσαν
376 3297 450 3358 ὡς
481 3295 838 3367 μεταγνόντες
858 3335 872 3359 ,
915 3297 1010 3350 καὶ
1038 3296 1389 3367 ἐλεγχθέντες
1437 3297 1530 3350 ἐπὶ
1570 3297 1650 3369 τῷ

45 3388 282 3458 τοιούτῳ
311 3387 649 3458 ἀτοπήματι,
677 3385 828 3457 παρὰ
854 3389 965 3450 τοῖς
989 3387 1118 3458 περὶ
1151 3389 1351 3459 σαρκὸς
1378 3390 1436 3441 ὲν
1467 3387 1650 3462 αὐτοῖς

1758 2201 2146 2274 comprehendi
2195 2209 2422 2270 potest,
2483 2201 2824 2256 aestimanda.
2882 2199 3154 2266 Quocirca
3216 2215 3342 2254 cum

1756 2291 2024 2358 ejusmodi
2075 2294 2147 2348 sit
2196 2294 2320 2349 ﬁdei
2374 2302 2578 2350 nosti-te
2629 2292 2930 2364 professio,
2981 2307 3158 2362 neque
3216 2307 3341 2346 cum

1758 2385 2060 2442 Manichaeo
2092 2388 2396 2460 sentiamus
2446 2388 2578 2459 (non
2619 2389 2764 2442 enim
2793 2385 3088 2457 gratiﬁcari
3122 2385 3212 2440 ille
3243 2400 3346 2454 pu-

1757 2477 1954 2531 tandus
1984 2485 2106 2541 est,
2153 2494 2278 2533 cum
2325 2478 2393 2532 ad
2433 2477 2698 2548 majorem
2751 2477 2957 2532 Christi
2993 2475 3341 2532 commcnda-

1756 2567 1956 2622 tionem
1989 2583 2212 2623 carnem
2247 2569 2296 2623 ei
2338 2567 2614 2635 detrahit;
2669 2567 2762 2624 sed
2809 2581 2840 2620 a
2885 2566 3118 2622 veritate
3158 2565 3343 2636 potius

1755 2661 2034 2725 abhorret,
2095 2661 2226 2714 dum
2277 2660 2426 2714 illius
2479 2659 2916 2714 incarnationem
2977 2658 3160 2727 specie
3222 2656 3340 2712 sola
3415 2699 3418 2706 .

1753 2761 2006 2808 constare
2059 2751 2285 2822 docet):
2346 2750 2537 2806 eodem
2595 2749 2758 2820 plane
2819 2746 2982 2800 modo
3043 2745 3342 2802 vanissima

1757 2843 1986 2897 fratrum
2023 2851 2340 2897 nostrorum
2391 2842 2496 2896 erit
2545 2841 2636 2895 illa
2683 2839 3025 2910 disputatio,
3075 2837 3339 2892 inanissi-

1753 2946 2011 3000 mumque
2044 2930 2182 2984 bene
2205 2933 2272 2984 de
2301 2928 2523 2984 Christo
2549 2929 2795 2986 merendi
2827 2927 3096 2984 studium.
3123 2926 3340 2980 Etenim

1755 3029 1862 3073 tam
1898 3019 1973 3072 illi
2001 3035 2166 3090 quam
2198 3036 2300 3074 nos
2331 3021 2436 3090 ipsi
2468 3021 2532 3076 de
2557 3035 2725 3076 carne
2753 3019 2962 3075 Christi
2991 3019 3221 3074 veritate
3253 3033 3340 3073 re-

1753 3118 1838 3165 cte
1873 3111 2142 3166 sentimus
2165 3153 2180 3178 ,
2215 3111 2322 3166 nisi
2355 3111 2496 3166 forte
2546 3113 2706 3168 aliter
2757 3119 3000 3167 statuere
3030 3111 3338 3178 voluerint;

1753 3203 2210 3273 quemadmodum
2233 3205 2478 3260 nonnulli
2507 3220 2649 3274 saepe
2674 3220 2736 3258 ex
2763 3205 2978 3259 illorum
3001 3217 3231 3257 numero
3249 3217 3339 3256 ar-

1754 3302 2134 3364 gumentorum
2165 3294 2216 3349 vi
2245 3295 2416 3349 coacti
2445 3293 2794 3363 convictique
2817 3301 2966 3358 sunt,
3007 3305 3065 3348 ut
3094 3307 3278 3349 veram
3311 3308 3342 3346 a

1751 3385 1973 3440 Christo
1996 3401 2216 3440 carnem
2237 3393 2574 3456 assumptam
2607 3385 2839 3440 iuﬁciari
2859 3385 3144 3450 auderent,
3164 3391 3224 3438 ut
3246 3397 3346 3439 an-

45 3445 564 3550 7.316;.(P‘60V06'ét.
612 3445 838 3540 Πάντως
880 3445 988 3548 γάρ
1027 3445 1128 3529 που
1172 3479 1200 3530 ὁ
1223 3445 1394 3542 ἀὐτος
1423 3445 1642 3532 εὐλαὸέί

1821 3477 2110 3540 idiximus,
2127 3493 2192 3532 eo
2215 3477 2423 3532 scilicet
2443 3475 2708 3532 adductos
2728 3477 3014 3548 quosdam,
3037 3484 3094 3530 ut
3118 3489 3340 3530 carnem

47 3588 246 3634 στατος
287 3569 700 3640 Ἀπολλινάριος
729 3569 828 3621 οὐκ
855 3569 1168 3639 ἀρνήσεται.

1758 3567 2036 3623 divinitati
2085 3569 2609 3625 consubstantialem
2649 3567 2909 3623 facerent.
2955 3566 3062 3624 Sed
3120 3577 3342 3638 praeter-

45 3665 308 3720 uittendi
362 3679 392 3718 a
439 3664 600 3720 nobis
631 3663 710 3718 illi
745 3669 908 3726 sunt,
947 3671 1133 3732 utpote
1188 3662 1281 3734 qui
1317 3663 1650 3736 sententiam
1695 3666 2050 3730 mutaverint,
2078 3671 2132 3718 et
2162 3681 2193 3718 a
2227 3666 2442 3721 caeteris
2489 3681 2554 3719 ex
2613 3663 2804 3718 eodem
2859 3679 3020 3736 grege
3044 3663 3111 3718 dc
3135 3661 3343 3718 Christi

43 3772 216 3811 carne
267 3770 388 3810 non
437 3755 578 3818 male
648 3753 1016 3810 sentientibus
1078 3733 1219 3808 tam
1267 3733 1567 3809 absurdum
1627 3753 1698 3808 ob
1730 3769 1973 3809 errorem
2036 3753 2306 3809 confutati
2368 3751 2498 3810 sint.
2553 3751 2660 3809 Sed
2706 3733 2976 3823 quidquid
2998 3753 3071 3808 sit
3099 3751 3167 3808 de
3198 3751 3342 3818 aliis,

45 3857 200 3905 certe
234 3846 692 3918 religiosissimus
723 3845 856 3900 illud
885 3861 994 3900 non
1029 3845 1252 3916 negabit
1287 3845 1640 3916 Apollinaris.

113 3940 272 4006 KG’.
295 3938 368 3990 Ei
396 3936 576 3990 τοίνυν
611 3935 790 4008 σάρκα
814 3935 1034 4006 εἴληφεν
1072 3933 1240 3988 ἐλθὼν
1268 3935 1297 3986 ὁ
1330 3934 1524 4004 Λόγος,
1549 3937 1642 3989 καὶ

43 4032 150 4086 ἀπὸ
175 4029 412 4102 Μαρίας
435 4032 492 4082 ὲν
519 4027 772 4100 ἀληθείᾳ,
807 4028 908 4082 οὐκ
936 4026 1044 4080 ἀπὸ
1078 4025 1393 4097 σπέρματος
1427 4027 1638 4098 ἀνδρὸς,

41 4125 179 4180 ἀλλὰ
211 4123 310 4178 διὰ
339 4121 658 4191 Πνεῦματος
705 4119 884 4188 ἁγίου,
911 4117 1304 4190 ὲγκυμονηθεὶς
1335 4118 1390 4170 δὲ
1418 4121 1474 4172 ὲν
1516 4117 1650 4188 άλη-

41 4220 186 4290 θείᾳ,
221 4217 326 4272 καὶ
363 4213 814 4283 ἀναπλασάμενος
843 4211 1058 4276 ἑαυτοῦ,
1095 4211 1170 4275 ὡς
1203 4211 1337 4276 Θεὸς
1392 4213 1485 4266 καὶ¹
1519 4211 1650 4265 πλά-

45 4329 176 4381 στης
212 4309 295 4363 ὧν
343 4307 437 4360 τοῦ
476 4303 904 4378 πρωτοπλάστου
946 4301 1235 4374 ἀνθρώπου
1266 4303 1363 4357 καὶ
1394 4303 1612 4356 πάντων
1633 4318 1648 4332 ⁸

43 4405 150 4474 ἄρα
173 4421 243 4472 γε
269 4401 379 4455 οῦκ
404 4397 692 4470 ἠλαττώθη
723 4396 890 4450 ἐλθὼν
924 4397 952 4448 ὁ
976 4395 1168 4465 Λόγος,
1200 4395 1314 4450 ἀλλ’
1349 4396 1560 4466 ἔμεινεν
1589 4396 1647 4448 ἐν

43 4499 104 4567 τῇ
159 4496 278 4566 ἰδίᾳ
327 4491 586 4564 ἀτρέπτῳ
617 4488 799 4559 φύσει.
833 4489 909 4542 Οὐ
951 4486 1060 4558 γάρ
1112 4486 1290 4540 λαϐὼν
1335 4487 1430 4559 τὴν
1466 4487 1646 4558 σάρκα

43 4587 260 4658 τροπὴν
295 4583 542 4652 ὑπέστη,
574 4579 650 4643 ὼς
700 4576 982 4648 ὁμοούσιος
1011 4575 1129 4646 Θεῷ
1160 4576 1369 4647 Πατρὶ,
1419 4576 1511 4630 καὶ
1547 4575 1648 4627 οὐκ

1821 3927 2010 3984 XXVI.
2057 3929 2238 3996 Quare
2263 3945 2388 3984 cum
2413 3927 2654 3986 Verbum
2691 3929 2782 3985 Dei
2814 3929 3032 3987 coalitus
3057 3930 3340 4003 delapsum

1757 4037 1875 4075 rere
1919 4038 1983 4075 ex
2025 4019 2194 4074 Maria
2239 4018 2488 4090 Virgine,
2541 4035 2649 4074 non
2694 4035 2759 4074 ex
2791 4022 2936 4076 virili
2973 4023 3203 4086 semine,
3246 4025 3340 4080 sed

1751 4109 1816 4164 de
1849 4107 2056 4179 Spiritu
2097 4115 2290 4172 sancto
2347 4121 2568 4162 carnem
2608 4109 2932 4176 susceperit,
2975 4113 3029 4162 et
3081 4107 3136 4160 in
3189 4108 3335 4163 illius

1757 4207 1916 4254 utero
1957 4215 2014 4252 re
2041 4199 2158 4268 ipsa
2184 4207 2428 4268 gestatus
2459 4196 2551 4261 sit,
2586 4211 2648 4250 ac
2684 4196 2789 4250 sibi
2817 4210 3020 4265 corpus
3049 4195 3337 4262 eﬁinxerit,

1762 4299 1953 4361 utpote
1991 4289 2156 4354 Deus,
2199 4303 2263 4343 ac
2304 4296 2414 4341 tam
2445 4287 2608 4357 primi
2653 4286 2826 4340 nostri
2866 4285 3130 4354 parentis,
3179 4300 3342 4354 quam

1757 4386 2090 4455 reliquarum
2148 4389 2395 4438 omnium
2421 4393 2604 4434 rerum
2634 4379 2790 4432 ﬁctor
2825 4391 2890 4431 ac
2933 4376 3206 4442 conditor,
3230 4391 3342 4431 non

1752 4479 1940 4548 utique
1982 4475 2144 4532 Verbi
2191 4475 2338 4530 illius
2379 4483 2463 4528 est
2493 4472 2780 4526 imminuta
2833 4469 3096 4539 dignitas,
3147 4469 3240 4524 sed
3286 4469 3341 4523 in

1755 4571 1974 4642 propria
2023 4578 2078 4625 et
2121 4567 2446 4623 immutabili
2491 4573 2688 4620 natura
2746 4563 3006 4634 perstitit.
3035 4561 3173 4616 Nam
3215 4577 3342 4617 cum

43 4655 338 4750 ἀλλότριος
393 4673 544 4744 παρὰ
594 4673 686 4724 τὸν
737 4668 960 4739 Πατέρα
1009 4669 1102 4721 καὶ
1145 4667 1206 4721 τὸ
1265 4669 1418 4737 ἅγιον
1477 4664 1642 4720 αὑτοῦ

1825 4679 1976 4719 rnem
2018 4661 2217 4726 induit,
2253 4660 2461 4714 nullam
2509 4655 2949 4712 vicissitudinem
2987 4660 3072 4708 est
3117 4667 3339 4723 passus,

43 4771 298 4841 Πνεῦμα.
355 4767 416 4820 Εἰ
447 4765 625 4820 τοίνυν
653 4762 1000 4833 ὡμολόγηται
1045 4759 1231 4829 σαφῶς
1271 4760 1450 4830 σάρκα
1481 4760 1642 4814 αὑτὸν

43 4860 360 4932 εἰληφέναι,
390 4859 483 4910 καὶ
517 4853 779 4928 ἡδρῦνθαι
801 4895 815 4918 ,
853 4853 961 4923 ἄρα
1001 4853 1101 4905 οὐκ
1134 4851 1290 4914 ἐκτὸς
1327 4851 1504 4923 ψυχῆς
1526 4869 1649 4921 τυγ-

43 4953 218 5022 χάνει.
253 4950 382 5003 Πᾶν
406 4949 514 5018 γὰρ
540 4946 602 4999 τὸ
626 4945 1014 5016 ἁδρονόμενον,
1043 4941 1181 5012 πλὴν
1210 4941 1321 4995 τῶν
1350 4941 1645 5012 ἀκινήτων,

45 5045 104 5097 ὲκ
133 5043 328 5114 ψυχῆς
371 5040 464 5094 καὶ
505 5036 758 5110 σώματος
787 5035 1084 5105 συνέστηκε
1105 5073 1120 5096 ,
1156 5033 1298 5086 κατὰ
1327 5033 1388 5085 τὸ
1418 5031 1647 5103 εἰρημέ-

43 5154 128 5190 νον
148 5154 164 5168 ο
195 5137 264 5188 '0
287 5133 364 5186 δὲ
398 5129 638 5200 Ἰησοῦς
669 5127 1042 5196 προέκοπτεν
1071 5126 1142 5178 ἐν
1170 5125 1358 5193 σοφίᾳ
1383 5124 1478 5177 καὶ
1511 5125 1646 5191 ἡλι-

43 5231 176 5296 κίᾳο
212 5228 310 5282 ἵνα
346 5223 498 5297 δείξῃ
525 5223 622 5294 τὴν
647 5221 865 5291 ἡλικίαν
897 5217 987 5271 διὰ
1009 5217 1106 5288 τὴν
1139 5217 1349 5288 σάρκα.·
1380 5215 1564 5286 ἡλικία
1591 5213 1648 5267 δὲ

45 5321 149 5374 ἀπο
175 5321 284 5390 τῆς
321 5315 524 5386 ψυχῆς,
564 5313 640 5377 ὡς
684 5311 842 5382 ἔφην,
901 5309 996 5364 καὶ
1033 5308 1284 5379 σώματος
1321 5306 1644 5360 τελειοῦται.

45 5411 202 5466 Μετᾶ
233 5411 298 5464 δὲ
345 5408 406 5459 τὸ
447 5407 646 5466 εἰπεῖν,
695 5401 1044 5473 Προέκοπτεν
1077 5400 1283 5471 ἡλικίᾳ,
1343 5396 1652 5460 ἀκολούθως

47 5505 197 5574 φησὶ,
241 5500 366 5554 Καὶ
392 5497 572 5568 σοφίᾳ.
611 5496 670 5547 '0
697 5493 772 5546 ὢν
813 5493 868 5546 δὲ
901 5491 1061 5560 σοφία
1097 5491 1332 5562 Πατρὸς,
1369 5489 1486 5553 πῶς
1521 5506 1651 5560 προ-

50 5597 282 5648 ἐκοπτεν
319 5592 379 5643 ὲν
411 5587 600 5660 σοφίᾳ,
626 5589 674 5640 εἰ
702 5587 982 5656 ἀλλότριον
1019 5580 1086 5654 ἦν
1121 5584 1182 5637 τὸ
1215 5581 1408 5646 σκεῦος
1438 5581 1530 5636 νοῦ
1559 5583 1652 5636 ἀν·-

115 5755 132 5784 ¹
167 5749 314 5806 Luc-
351 5761 410 5813 it,
443 5745 532 5802 52.

1757 4769 1814 4816 ut
1842 4760 1936 4830 qui
1969 4757 2082 4812 Deo
2137 4753 2286 4810 Patri
2334 4750 2823 4808 consubstantialis
2877 4748 3131 4812 exsistat,
3175 4762 3278 4814 nec
3310 4763 3342 4800 a

1755 4852 1888 4914 Deo,
1915 4849 2000 4904 vel
2028 4849 2095 4901 ab
2129 4847 2275 4900 illius
2303 4843 2510 4915 Spiritu
2545 4851 2736 4898 sancto
2767 4840 3043 4903 diversus,
3087 4845 3180 4891 aut
3209 4838 3342 4911 alie-

1752 4959 1879 4997 nus.
1910 4939 2116 5006 Quodsi
2149 4935 2297 4991 istud
2337 4936 2391 4988 in
2424 4933 2682 4988 confesso
2735 4938 2856 4993 est,
2915 4943 3136 4982 carnem
3183 4927 3338 4980 illum

1749 5035 1997 5090 induisse
2057 5038 2220 5100 atque
2257 5029 2598 5081 incrementa
2641 5023 2874 5091 cepisse,
2919 5020 3115 5074 animae
3145 5033 3340 5088 expers

1747 5143 1870 5182 esse
1910 5141 2020 5179 non
2059 5129 2258 5192 potest.
2285 5116 2563 5186 Quidquid
2605 5115 2750 5168 enim
2804 5112 3088 5174 adolescit,
3134 5109 3179 5162 si
3231 5110 3338 5160 im-

1749 5217 1980 5273 mobiles
2022 5229 2111 5268 rcs
2159 5211 2427 5281 excipias,
2483 5207 2664 5260 anima
2718 5211 2936 5259 constat
2976 5209 3032 5257 et
3083 5213 3334 5270 corpore.

1750 5307 1827 5362 Eo
1863 5321 2028 5377 porro
2055 5305 2354 5374 Scriptura:
2394 5300 2558 5354 verba
2595 5299 2686 5352 illa
2729 5295 3018 5350 referenda
3050 5299 3175 5346 sunt
3205 5311 3216 5345 :
3243 5291 3327 5344 Je-

1749 5417 1838 5453 διεδ
1867 5407 2044 5451 autent
2075 5394 2340 5449 crescebat
2368 5391 2631 5461 sapientia
2654 5399 2702 5442 et
2733 5397 2889 5442 (elate
2914 5388 2952 5439 ¹.
2985 5385 3084 5439 Ubi
3117 5391 3340 5454 propter

1751 5507 1992 5556 carnem,
2033 5494 2248 5544 aetatem
2287 5483 2650 5556 signiﬁcavit;
2682 5488 2814 5536 aetas
2855 5493 2984 5534 vero
3025 5493 3091 5532 ex
3131 5477 3336 5539 anima,

1751 5581 1828 5635 uti
1859 5579 1994 5646 dixi,
2019 5585 2072 5634 ct
2094 5591 2328 5647 corpore
2351 5573 2652 5646 perﬁcitur.
2691 5573 2766 5625 Ac
2794 5577 3150 5641 posteaquam
3177 5573 3336 5621 actate
