3790 6212
467 366 576 426 679

1888 367 1945 425 S.
1991 366 2336 424 EPIPHANII

3644 361 3749 422 688

469 485 618 542 illum
655 485 991 556 processisse
1031 485 1189 554 dixit,
1224 495 1613 551 consentanee,
1664 485 2042 561 Et‘sapientia

2123 486 2472 559 ,Bpwnivou;
2513 487 2624 542 Kal
2669 488 2716 541 εί
2760 488 2888 543 ἄνευ
2934 487 3053 551 νοὸς
3084 485 3372 557 ἐτύγχανε,
3425 482 3549 548 πῶς
3586 483 3748 553 σοφία

469 574 730 632 subdidit.
760 573 881 629 Jam
915 591 1045 632 vero
1079 577 1174 647 qui
1219 577 1489 648 sapientia
1513 575 1694 632 Patris
1735 583 1904 640 esset,
1934 578 2061 647 qui-

467 681 591 723 nam
635 666 772 723 ullas
821 667 1103 737 sapientiae
1146 668 1564 739 progressiones
1618 668 1818 724 habere
1861 672 2055 739 potuit,

469 758 513 814 si
547 759 617 813 ab
657 759 900 813 humana
933 770 1115 815 mente
1148 761 1427 816 diversum
1457 776 1552 815 vas
1586 761 1741 825 illud,
1775 768 1832 815 ut
1868 762 1939 815 ita
1968 761 2054 815 di-

467 866 613 915 cam,
660 850 797 904 fuit?
825 851 903 905 Ac
945 852 993 907 si
1043 856 1243 908 mentis
1280 869 1473 923 expers
1511 854 1726 924 1020
1750 854 2051 917 exstiterit,

465 943 560 1012 qui
608 941 722 997 ﬁeri
770 943 971 1013 potuit,
1034 952 1095 998 ut
1159 946 1429 1014 sapientia
1476 962 1708 1016 corpore
1758 948 2051 1016 animaque

468 1052 789 1106 progressus
824 1035 1067 1091 faceret?
1094 1036 1281 1101 Vides,
1313 1054 1478 1108 quam
1509 1038 1725 1093 detorta
1772 1039 2011 1093 violenta
2032 1067 2051 1079 -

466 1143 573 1197 que
603 1128 674 1181 sit
708 1128 925 1182 illorum
945 1130 1239 1195 sententia,
1270 1144 1504 1197 quorum
1534 1145 1686 1183 mens
1710 1144 1741 1183 a
1774 1135 1923 1183 recto
1959 1144 2051 1183 ve-

470 1218 647 1272 ritatis
681 1217 872 1274 itinere
917 1219 1171 1275 deﬂexit?
1197 1221 1263 1273 At
1296 1223 1464 1284 enim,
1498 1221 1771 1289 inquiunt,
1809 1229 2046 1276 mentem

466 1305 673 1360 idcirco
721 1308 871 1360 illum
914 1310 1226 1380 suscepisse
1276 1326 1443 1382 nego;
1502 1312 1705 1382 alioqui
1749 1313 2048 1381 cupiditate

464 1396 617 1451 illum
665 1397 823 1466 allici,
858 1401 938 1453 vel
980 1400 1185 1455 irritari
1234 1416 1368 1456 sane
1405 1402 1672 1465 dicamus,
1720 1417 1845 1456 cum
1891 1417 2045 1457 mens

467 1490 578 1552 illa,
610 1506 731 1558 qua:
771 1491 930 1544 nobis
984 1492 1145 1556 inest,
1194 1492 1472 1547 variarum
1515 1508 1697 1547 rerum
1740 1492 2043 1562 cupiditate

464 1588 732 1636 teneatur.
767 1584 852 1647 Et,
884 1594 939 1636 ut
966 1600 1076 1638 uno
1103 1586 1268 1639 verbo
1297 1584 1497 1648 dicam,
1531 1586 1667 1639 mira
1697 1595 1781 1640 est
1814 1586 2041 1641 istorum

463 1673 747 1727 hominum
797 1675 1087 1744 argutandi
1132 1691 1194 1729 ac
1228 1676 1527 1729 'cavillandi
1578 1678 1785 1731 libido:
1814 1677 2042 1746 perinde

462 1780 527 1819 ac
562 1766 827 1834 scriptum
862 1776 985 1821 est:
1019 1765 1169 1821 Fecit
1207 1766 1344 1822 Deus
1379 1768 1669 1838 simplicem
1733 1777 1781 1823 et
1816 1770 2039 1837 pruden-

2160 581 2219 632 ὲν
2249 578 2392 649 ψυχῇ
2421 580 2513 632 καὶ
2552 578 2766 651 σώματι
2806 579 3148 651 προέκοπτε;
3184 578 3296 631 Καὶ
3322 577 3458 648 ὁρᾷς
3490 576 3640 645 πόση
3671 575 3749 638 τις

2161 672 2278 723 ἐστι
2317 670 2653 743 βεϐιασμένη
2688 672 2895 724 διάνοια
2928 670 3039 723 τῶν
3078 671 3170 723 τὸν
3198 668 3325 722 νοῦν
3364 666 3751 738 παραδαλλόν-

2156 780 2303 829 τωνὲ
2365 765 2547 828 Ἀλλὰ,
2599 766 2798 835 φησιν,
2851 765 2912 817 ού
2951 764 3115 832 λέγω,
3180 765 3263 816 ὅτι
3338 760 3470 814 νοῦν
3524 760 3747 828 είληςεν

2156 854 2523 927 ἀνθρώπινονο
2583 858 2706 909 ἐπεὶ
2761 857 3076 927 ποιήσωμεν
3126 854 3287 909 αὑτὸν
3346 850 3745 921 ἐπιθυμοῦντα,

2153 947 2558 1020 ἐρεθιζόμενον·
2594 948 2781 1021 ἐπειδὴ
2808 950 2915 1021 γὰρ
2946 951 3002 1001 ὲν
3036 951 3165 1019 ἡμῖν
3187 946 3541 1016 ἐπιθυμητὴς
3571 946 3604 997 ὁ
3629 943 3749 1005 90-3;

2152 1042 2430 1110 τυγχάνει.
2493 1042 2603 1094 Kal
2653 1041 2841 1105 ἁπλῶς
2886 1040 3055 1111 πολλὴ
3101 1039 3208 1092 τῶν
3258 1036 3573 1109 ἀνθρώπων
3636 1036 3749 1104 ἐρε-

2154 1133 2359 1202 σχελία,
2376 1132 2451 1196 ὡς
2473 1133 2723 1205 εἴρηκεν·
2756 1134 3084 1199 Ἐποίησεν
3106 1135 3138 1185 ό
3162 1130 3307 1197 Θεὸς
3332 1130 3585 1184 ἁπλοῦν
3613 1145 3751 1181 σιντ-

2149 1224 2290 1278 ετὸν
2334 1225 2689 1293 ἄνθρωπον·
2729 1224 2898 1279 αὐτοὶ
2928 1224 2997 1277 δε
3022 1224 3325 1290 ἐποίησαν
3370 1221 3621 1286 ἑαυτοῖς
3649 1224 3749 1273 ..ιο-

2150 1316 2404 1386 γισμοὺς
2472 1317 2764 1382 πολλούς.
2826 1317 2888 1369 Εἰ
2944 1317 3053 1387 γὰρ
3107 1317 3279 1379 ὅλως,
3335 1312 3751 1385 ὁμολογούντων

2150 1408 2306 1479 ἡμῶν
2337 1408 2462 1462 νοῦν
2502 1408 2785 1480 εἰληφέναι
2822 1408 2916 1460 τὸν
2956 1406 3330 1477 ἀνθρώπινον,
3358 1407 3640 1476 νοήσομεν
3676 1408 3750 1467 si;

2148 1500 2338 1552 ἑαυτὸν
2388 1500 2486 1569 τῆς
2525 1501 2802 1571 ἡμετέρας
2848 1498 3198 1561 ἐλαττώσεως
3248 1497 3315 1550 τὰ
3353 1497 3536 1568 μέρη,

2150 1592 2371 1661 μᾶλλον,
2401 1593 2808 1663 ὁμολογούντων
2843 1592 3001 1662 ἡμῶν
3033 1593 3212 1662 σάρκα
3242 1591 3411 1644 αὑτὸν
3437 1590 3745 1659 εἰληφέναι,

2151 1684 2396 1756 δώσομεν
2425 1686 2569 1738 κατά
2600 1685 2660 1737 τὸ
2684 1686 2848 1756 μέρος
2874 1684 3050 1749 τοῦτο,
3075 1684 3217 1736 κατὰ
3244 1684 3338 1735 τὸν
3371 1682 3543 1735 αὑτὸν
3570 1682 3743 1749 λόγον,

2142 1778 2223 1830 ὅτι
2258 1779 2315 1829 ἐν
2351 1778 2514 1849 σαρκὶ
2555 1776 2861 1847 ἠλάττωται
2891 1793 2904 1805 ·
2941 1776 3079 1846 ὅπερ
3116 1774 3191 1845 μὴ
3232 1774 3484 1842 γένοιτοε
3543 1772 3639 1832 Ὡς
3662 1768 3745 1823 οὖν

465 1868 565 1911 tem
587 1859 884 1922 hominem;
912 1856 1002 1911 sed
1028 1859 1131 1927 ipsi
1157 1859 1334 1913 varias
1369 1860 1470 1912 sibi
1500 1860 1841 1930 cogitationes
1867 1861 2038 1929 ﬁnxe-

2146 1869 2202 1921 ὲν
2223 1869 2287 1938 τῇ
2316 1869 2480 1939 σαρκὶ
2507 1866 2815 1937 ἠλαττώθη,
2845 1865 3051 1941 καίπερ
3080 1864 3343 1936 ἀληθινὴν
3373 1865 3561 1933 σάρκα
3587 1862 3741 1931 ἔχων,

464 1951 641 2002 runt‘.
680 1948 813 2001 Nam
858 1949 904 2003 si
945 1966 1011 2003 ex
1053 1964 1119 2003 eo
1167 1950 1313 2019 quod
1353 1950 1648 2004 humanam
1688 1952 1765 2005 illi
1803 1961 2040 2007 mentem

472 2040 830 2104 ittribuimus,
892 2048 1111 2095 nostros
1160 2040 1339 2097 eidem
1392 2042 1645 2097 defectus
1694 2042 2039 2115 aliingamus,

467 2148 585 2188 eum
632 2140 687 2188 et
726 2134 905 2202 ipsum
948 2148 1170 2188 carnem
1223 2134 1471 2190 induisse
1529 2134 1817 2199 fateamur,
1869 2136 2042 2191 multo

473 2225 645 2295 magis
691 2225 794 2279 hac
839 2241 901 2281 ex
946 2234 1118 2294 parte,
1165 2226 1209 2281 si
1247 2227 1463 2281 illorum
1503 2228 1852 2284 sermonibus
1894 2230 2047 2282 adhi-

474 2318 649 2374 benda
700 2317 834 2371 ﬁdes
879 2326 984 2381 est,
1042 2319 1360 2375 imminutus
1417 2320 1579 2375 debet
1623 2320 1792 2374 videri
1843 2338 1857 2375 :
1900 2320 2045 2390 quod

463 2410 682 2480 quidem
717 2408 880 2473 absit,
937 2418 997 2463 ut
1036 2426 1275 2481 unquam
1335 2412 1638 2481 opinemur.
1659 2412 2041 2477 «Quamobrem

457 2504 537 2556 uti
568 2501 802 2557 Verbum
849 2504 1053 2558 nullam
1087 2507 1141 2558 in
1168 2519 1333 2558 carne
1357 2504 1775 2559 diminutionem
1815 2520 2040 2574 passum

457 2602 564 2661 est,
602 2599 819 2654 tametsi
852 2614 1037 2653 veram
1065 2597 1169 2651 sibi
1195 2612 1417 2650 carnem
1450 2596 1793 2665 imposuerit,
1836 2599 1911 2650 ita
1941 2612 2040 2651 nec

456 2684 514 2739 in
544 2687 782 2741 humana
815 2696 995 2742 mente
1024 2688 1323 2758 quidquam
1361 2685 1641 2758 COgitavit,
1680 2686 1826 2757 quod
1858 2689 2041 2743 minus

2151 1958 2319 2013 ἐλθὼν
2351 1962 2379 2013 ὁ
2412 1959 2599 2027 Λόγος,
2644 1959 2764 2012 οὐδὲ
2810 1960 2869 2011 ὲν
2900 1958 2980 2029 τῷ
3020 1958 3096 2027 νῷ
3136 1957 3205 2009 τά
3252 1956 3327 2025 μὴ
3360 1956 3656 2026 πρέποντα
3686 1956 3743 2021 τῇ

2152 2049 2315 2106 αὑτοῦ
2341 2050 2553 2121 θεότητι
2578 2050 2947 2120 διανενόηται·
2972 2049 3086 2103 ἀλλ’
3114 2050 3213 2100 ὅσα
3236 2042 3303 2117 ἦν
3328 2046 3532 2114 εὔλογα
3590 2048 3746 2114 capit

2152 2143 2247 2195 καὶ
2272 2141 2440 2211 ψυχῇ,
2477 2141 2570 2194 καὶ
2598 2140 2674 2211 νῷ
2702 2139 3049 2211 ἀνθρωπίνῳ,
3082 2138 3256 2190 ταῦτα
3288 2138 3547 2190 ἐπετέλει
3579 2136 3745 2188 ἐλθὼν

2153 2236 2183 2286 ὁ
2226 2234 2469 2305 Κύριος,
2510 2233 2597 2285 ἵνα
2648 2233 2721 2303 μὴ
2766 2230 2978 2302 ταράξῃ
3018 2229 3118 2299 τῆς
3164 2228 3429 2299 ἀληθινῆς
3472 2226 3742 2297 ὲνσάρκου

2157 2326 2458 2397 παρουσίας
2504 2325 2603 2394 τὴν
2638 2322 2982 2376 ἀκολουθίαν.
3033 2320 3269 2388 Εῦλογον
3303 2320 3416 2390 γὰρ
3468 2314 3538 2389 ἦν
3591 2320 3745 2369 πεῖνα

2152 2419 2245 2472 καὶ
2270 2417 2419 2486 δίψα,
2458 2418 2551 2470 καὶ
2584 2416 2827 2485 κάματος
2873 2414 2969 2467 καὶ
3019 2412 3208 2475 ὕπνος,
3237 2412 3521 2481 ὁδοιπορία
3564 2427 3628 2461 τε
3662 2410 3745 2461 καὶ

2150 2509 2320 2580 λύπη,
2358 2508 2636 2580 κλαυθμὸς
2678 2508 2772 2560 καὶ
2817 2506 3169 2578 ὲμῦρίμησις.
3208 2503 3393 2557 Ταῦτα
3431 2504 3487 2557 δὲ
3518 2503 3745 2555 ἀκολού-

2149 2601 2256 2665 Οως
2284 2604 2342 2655 ὲν
2372 2600 2521 2671 αύτῷ
2542 2600 2860 2653 τελεσθέντα
2894 2597 3091 2666 εὔλογα
3124 2598 3224 2666 τῆς
3250 2595 3523 2667 ὲνσάρκου
3556 2596 3741 2664 ἀληίιιο

2149 2692 2245 2761 ὑῆς
2278 2692 2582 2763 παρουσίας
2622 2691 2918 2761 ύπέφηνεν.

452 2785 601 2832 (εδει
652 2778 941 2835 diVinilﬂle
987 2780 1255 2851 dignum;
1311 2778 1408 2835 sed
1463 2794 1527 2834 ea
1578 2780 1867 2843 duntaxat.
1916 2796 2038 2850 quae
2063 2785 2237 2848 carni,
2272 2786 2474 2840 animae
2526 2797 2580 2839 et
2627 2785 2883 2839 humana:
2914 2783 3085 2839 menti
3143 2785 3525 2836 consentanea
3596 2777 3743 2830 vide-

451 2874 675 2942 bantur,
714 2876 981 2933 aeeedens
1030 2876 1292 2933 Dominus
1338 2876 1631 2948 expressit,
1672 2892 1739 2931 ne
1771 2892 1915 2931 verte
1945 2894 2057 2934 suae
2090 2880 2488 2937 incarnationis
2505 2882 2753 2936 ordinem
2787 2880 3099 2950 seriemque
3148 2876 3524 2948 perturbaret.
3576 2875 3737 2931 Erant

450 2985 619 3041 porro
684 2970 789 3026 ista
854 2978 1284 3027 consentanea:
1334 2969 1528 3033 fames,
1586 2970 1749 3036 sitis,
1818 2968 2087 3042 fatigatio,
2144 2990 2393 3041 somnus,
2460 2976 2851 3045 peregrinatio,
2896 2973 3076 3037 dolor,
3141 2972 3324 3032 ﬂetus,
3380 2968 3738 3039 indignatio.

448 3075 590 3131 quat,
622 3068 682 3114 ut
724 3076 824 3130 par
867 3069 1007 3126 erat,
1050 3063 1107 3116 in
1158 3076 1281 3117 sese
1313 3059 1556 3131 perfecta
1600 3074 1725 3115 cum
1762 3060 2025 3128 hominis,
2083 3079 2248 3135 quam
2305 3081 2497 3122 revera
2553 3054 2875 3137 susceperat
2932 3070 3129 3119 natura
3165 3062 3489 3132 conjuncta,
3538 3074 3739 3115 conre-

448 3149 769 3219 nientiaque
802 3150 1153 3205 monstravit.

521 3240 738 3296 XXVII.
779 3239 966 3309 Neque
1007 3240 1153 3294 enim
1188 3240 1452 3310 scriptum
1488 3250 1572 3299 est
1615 3244 1824 3313 uspiam
1864 3258 2030 3313 prava

2212 3240 2335 3296 KZ'.
2362 3241 2435 3295 Ού
2460 3242 2570 3311 γάρ
2597 3240 3025 3311 γέγραπται,ὃτι
3058 3239 3410 3309 ἐπεθύμησεν
3434 3242 3735 3314 ἐπιθυμὲαν

449 3334 605 3390 illum
665 3333 964 3405 cupiditate
1017 3330 1190 3387 fuisse
1248 3343 1582 3406 correptum.
1649 3336 1793 3403 Quin
1857 3337 2038 3406 potius

446 3429 654 3501 optima
689 3428 842 3483 illum
878 3426 1151 3496 cupiditas
1185 3428 1349 3498 cepit,
1386 3444 1511 3481 cum
1545 3429 1619 3482 ita
1654 3428 1871 3484 loeutus
1901 3436 1984 3483 est
2019 3448 2031 3483 :

446 3524 723 3580 Desiderio
774 3524 1068 3579 desideravi
1112 3523 1209 3578 hoc
1250 3524 1447 3592 pascha
1499 3526 1823 3579 manducare
1870 3526 2038 3579 vobis-

448 3620 631 3672 cum”.
679 3617 845 3687 Atqui
876 3615 1208 3671 desiderium
1253 3633 1431 3688 neque
1462 3633 1490 3671 a
1547 3618 1830 3672 divinitate
1870 3618 2036 3688 proﬁ-

448 3709 699 3773 ciscitur,
724 3724 903 3778 neque
930 3725 996 3764 ex
1032 3710 1150 3764 sola
1180 3725 1381 3773 carne,
1402 3718 1496 3764 aut
1524 3726 1588 3765 ex
1614 3711 1796 3765 anima
1833 3710 2035 3765 mentis

449 3811 694 3869 experte,
734 3798 831 3854 sed
874 3815 904 3853 a
937 3798 1183 3869 perfecta
1218 3800 1453 3855 hominis
1482 3809 1700 3862 natura,
1746 3817 1867 3871 quae
1907 3817 2034 3855 cor-

450 3905 553 3961 pus
586 3897 641 3944 et
668 3898 904 3945 mentem
942 3908 1008 3948 ac
1079 3891 1348 3962 quidquid
1381 3891 1523 3945 inest
1546 3891 1601 3944 in
1640 3890 1860 3946 homine
1885 3906 2036 3945 com-

446 3982 723 4052 plectitur.
786 3982 882 4038 llis
931 3984 1079 4038 enim
1137 3984 1414 4050 omnibus,
1477 3998 1731 4052 corpore,
1785 3984 2031 4053 inquam,

447 4073 633 4127 anima
676 4080 731 4128 et
757 4082 959 4146 mente,
976 4090 1040 4130 ac
1094 4076 1345 4145 reliquis,
1387 4091 1507 4145 quae
1535 4075 1589 4129 in
1615 4075 1847 4164 .homine
1882 4084 2030 4136 sunt,

446 4166 707 4223 omnibus
752 4167 1041 4237 praeditum
1085 4165 1323 4222 Verbum
1368 4167 1613 4231 advenit;
1665 4167 1710 4223 si
1746 4175 2033 4237 peceatum

452 4272 518 4315 ac
550 4258 823 4315 defectum
856 4275 1073 4315 omnem
1106 4261 1369 4330 excipias,
1418 4274 1515 4331 pro
1557 4274 1623 4314 eo
1655 4274 1721 4313 ac
1762 4259 2030 4328 scriptum

448 4357 567 4405 est:
597 4350 852 4405 Tentatus
877 4369 970 4419 per
996 4352 1171 4405 omnia
1197 4361 1250 4404 ut
1270 4352 1445 4415 homo,
1466 4360 1657 4419 praeter
1697 4359 1970 4419 peccatum
1988 4350 2028 4403 ³.

442 4441 649 4510 Quodsi
697 4444 880 4497 omnia
921 4451 1180 4514 expertus
1237 4452 1358 4509 est,
1424 4459 1654 4499 necesse
1706 4450 1791 4499 est
1845 4443 2031 4497 omnia

443 4548 612 4605 penes
658 4532 900 4589 Verbum
953 4534 1143 4590 fuisse.
1198 4533 1398 4588 Verum
1445 4550 1568 4588 cum
1631 4533 1745 4589 hac
1801 4533 2029 4588 haberet

2138 3334 2368 3405 φαύλην.
2411 3332 2647 3405 Ἀγαθὴν
2691 3334 2747 3386 δὲ
2774 3332 3072 3402 ἐπιθυμίαν
3116 3332 3477 3402 ἐπεθύμησε,
3518 3337 3732 3405 φήσας·

2150 3427 2464 3492 Ἐπιθυμίᾳ
2506 3425 2858 3493 ἐπεθύμησα
2910 3425 3091 3478 τοῦτο
3136 3424 3201 3477 τὸ
3254 3425 3472 3494 πάσχα
3522 3430 3736 3498 φαγεῖν

2131 3518 2260 3587 μεθ’
2302 3515 2489 3586 ὑμῶν.
2536 3516 2831 3586 Ἐπιθυμία
2864 3516 2922 3569 δὲ
2964 3518 3030 3569 ἐκ
3076 3516 3330 3587 θεότητος
3378 3519 3443 3571 ού
3499 3524 3731 3588 γίνεται,

2135 3610 2259 3665 οὐδὲ
2290 3611 2355 3663 ὲκ
2382 3609 2584 3682 σαρκὸς
2628 3609 2943 3680 μονωτάτης
2968 3649 2982 3672 ,
3015 3610 3133 3662 οῦδὲ
3168 3612 3230 3663 ἐκ
3262 3612 3450 3681 ψυχῆς
3480 3614 3728 3684 ἀνοήτου,

2134 3703 2269 3757 ἀλλά
2313 3705 2375 3757 ἐκ
2415 3702 2626 3766 τελείας
2675 3701 3142 3774 ἐνανθρωπήσεως
3183 3702 3442 3772 σώματος
3490 3707 3586 3757 καὶ
3643 3703 3728 3756 τοῦ

2134 3797 2226 3849 νοῦ
2246 3836 2260 3860 ,
2293 3796 2384 3849 καὶ
2415 3796 2615 3859 παντὸς
2649 3788 2857 3858 οὗτινος
2896 3795 2990 3848 τοῦ
3036 3798 3092 3847 ὲν
3130 3794 3407 3866 ἀνθρώπῳ
3439 3798 3727 3867 τυγχάνον-

2133 3905 2243 3950 τος.
2298 3888 2463 3957 Ἔσχε
2512 3888 2623 3958 γὰρ
2670 3886 2846 3939 ταῦτα
2892 3884 3062 3939 ἐλθὼν
3118 3888 3147 3939 ὁ
3198 3888 3370 3954 Λόγος
3426 3888 3592 3959 σῶμα
3642 3890 3723 3940 ni

2132 3978 2310 4050 ψυχὴν
2369 3979 2463 4032 καὶ
2515 3978 2639 4031 νοῦν
2696 3979 2791 4031 καὶ
2835 3980 3013 4031 πάντα
3045 3978 3098 4031 εἴ
3139 3978 3191 4029 τί
3224 3980 3372 4031 ἐστιν
3404 3979 3721 4052 ἄνθρωπκ,

2133 4072 2303 4141 χωρὶς
2326 4069 2623 4141 ἁμαρτίας,
2663 4071 2833 4141 χωρὶς
2877 4069 3285 4139 ἐλαττώματος·
3326 4072 3473 4124 κατά
3500 4073 3559 4125 τὸ
3585 4074 3722 4139 sier;

2137 4163 2296 4234 μένον
2315 4179 2327 4192 ⁸
2395 4161 2835 4231 Πεπειραμένος
2864 4162 3015 4216 κατὰ
3048 4162 3244 4217 πάντα
3282 4164 3364 4228 ὡς
3387 4165 3715 4234 ἄνθρωπος,

2133 4255 2310 4324 χωρὶς
2325 4255 2633 4325 ἁμαρτίας.
2655 4256 2714 4308 Ei
2731 4255 2786 4308 δὲ
2805 4256 2872 4308 τὰ
2890 4254 3066 4307 πάντα
3086 4256 3443 4326 πεπείραται,
3458 4257 3528 4309 τά
3552 4258 3715 4309 πάντα

2132 4348 2289 4418 ἔσχεν
2342 4347 2510 4401 ὲλθὼν
2555 4350 2583 4401 ὁ
2612 4348 2804 4415 Λόγος.
2855 4347 3038 4402 Πάντα
3070 4349 3126 4401 δὲ
3186 4348 3347 4418 ἔχων,
3386 4350 3635 4421 ἀήττητα
3665 4351 3718 4400 ἐν

2133 4439 2283 4510 αὐτῷ
2308 4435 2395 4511 ἦν,
2436 4440 2677 4511 ἄχραντά
2703 4456 2761 4492 τε
2797 4440 3099 4511 διετήρεσε,
3132 4439 3333 4502 τέλειος
3362 4438 3439 4492 ὢν
3476 4441 3628 4504 θεὸς,
3658 4441 3715 4491 ἐκ

2132 4532 2333 4601 σαρκὸς
2346 4530 2764 4602 γεγεννημένος,
2786 4532 2879 4584 καὶ
2896 4531 3115 4594 τελείως
3129 4532 3194 4583 τὰ
3210 4530 3387 4584 πάντα
3402 4532 3712 4601 πληρώσας,

442 4625 648 4688 omnia,
678 4625 867 4680 eadem
902 4638 1086 4679 tamen
1138 4624 1193 4680 in
1231 4625 1352 4694 ipso
1420 4627 1669 4695 superari
1717 4641 1827 4681 non
1871 4634 2024 4696 pote-

2134 4625 2210 4687 ὡς
2272 4623 2565 4695 πληρωτὴς
2597 4622 2672 4675 ὢν
2708 4622 2830 4676 ὅλου
2879 4621 2975 4676 τοῦ
3021 4624 3268 4687 σκεύους,
3325 4625 3399 4694 μὴ
3444 4622 3709 4694 μερισθεξ·

440 4726 590 4784 rant,
619 4726 674 4775 et
705 4719 825 4774 sine
853 4718 961 4772 ulla
992 4718 1113 4773 labe
1141 4726 1357 4774 servata
1400 4726 1548 4783 sunt,
1582 4734 1707 4773 cum
1739 4720 2023 4790 perfectus

440 4818 590 4867 esset
624 4808 767 4866 Deus
793 4825 859 4864 ex
900 4824 1067 4864 carne
1094 4810 1333 4881 genitus,
1356 4809 1449 4880 qui
1488 4812 1727 4881 perfecte
1774 4812 2024 4883 implevit

439 4902 649 4965 omnia,
684 4901 891 4972 1021
927 4908 1186 4971 tanquam
1226 4899 1450 4972 perfecti
1494 4902 1643 4957 vasis
1688 4902 1888 4957 artifex
1924 4921 1937 4957 :
1967 4902 2019 4957 in

438 5008 550 5064 quo
588 5007 765 5063 neque
809 5005 942 5046 caro
989 4990 1172 5046 minus
1218 4990 1565 5046 convenienti
1616 4992 1802 5063 aliquo
1840 4992 2024 5048 studio

438 5084 615 5140 divisa
653 5084 748 5150 sit,
780 5100 881 5140 nec
903 5085 1019 5153 ipse
1056 5084 1234 5140 alieno
1265 5083 1448 5154 aliquo
1479 5084 1678 5139 mentis
1701 5100 1888 5150 sensu,
1921 5099 2022 5138 cu—

432 5176 677 5247 jusmodi
731 5176 787 5231 in
827 5177 990 5232 nobis
1038 5177 1305 5240 cernitur,
1359 5177 1431 5231 sit
1484 5177 1820 5232 abstractus.
1868 5176 2021 5230 Mens

374 5267 395 5337 ἱ,
434 5270 582 5325 enim
613 5277 802 5325 nostra
826 5285 936 5324 non
963 5268 1030 5323 ad
1064 5276 1350 5339 peccatum
1387 5269 1809 5339 perpetrandum
1851 5269 2016 5322 insita

386 5342 395 5355 ί
435 5358 594 5415 nobis
622 5367 726 5425 est,
752 5358 849 5414 sed
876 5358 943 5413 ad
964 5374 1154 5413 earum
1173 5375 1377 5423 rerum,
1397 5374 1518 5429 qua:
1547 5360 1602 5414 in
1633 5360 1791 5415 nobis
1814 5368 2016 5413 utram-

433 5465 541 5520 que
567 5451 622 5505 in
656 5458 867 5522 partem
906 5452 1346 5517 considerantur,
1381 5452 1857 5523 contemplandam
1890 5468 2017 5522 per-

437 5541 744 5607 fectionem,
794 5559 1006 5598 necnon
1050 5553 1104 5600 et
1156 5544 1333 5599 oﬂicia
1389 5545 1637 5614 justitiae,
1672 5546 1757 5600 vel
1803 5546 1852 5601 ei
1885 5562 2011 5600 con-

433 5635 601 5688 traria
633 5633 1027 5703 dignoseenda.
1079 5636 1291 5706 Quippe
1335 5639 1534 5694 mentis
1583 5646 1667 5694 est
1714 5640 1880 5694 verba
1926 5640 2012 5693 di-

2134 4732 2233 4786 σης
2261 4716 2359 4786 τῆς
2380 4714 2582 4786 σαρκὸς
2606 4714 2963 4785 ἀναρμόστως
2987 4716 3008 4744 ⁵
3028 4712 3393 4784 ἐπιτηδεύσει,
3424 4714 3502 4784 μὴ
3522 4714 3713 4783 παρελ-

2132 4803 2354 4868 κυσθεὶς
2388 4805 2466 4875 τῷ
2520 4802 2613 4858 τοῦ
2662 4804 2752 4857 νοῦ
2786 4804 2984 4874 ἀλλοίῳ
3013 4806 3070 4856 ἐν
3099 4806 3229 4875 ἡμῖν
3259 4806 3589 4876 φρονήματι.
3640 4806 3705 4857 05

2130 4899 2240 4971 γὰρ
2273 4901 2301 4952 ὁ
2327 4898 2449 4962 νοῦς
2479 4897 2635 4971 ἡμῶν
2670 4898 2750 4961 εἰς
2785 4898 2846 4951 τὺ
2875 4898 3208 4969 ἁμαρτάνειν
3237 4899 3370 4968 ἡμῖν
3403 4898 3703 4969 γεγένηται,

2130 4991 2267 5045 ἀλλὰ
2299 4990 2386 5045 διὰ
2426 4992 2487 5044 τὸ
2537 4993 2758 5044 σκοπεῖν
2801 4990 2908 5044 τῶν
2954 4992 3013 5045 ἐν
3050 4992 3179 5061 ἡμῖν
3218 4990 3703 5062 ἀναθεωρονμὲνων

2131 5085 2251 5137 κατ’
2299 5085 2501 5155 ἀμφοῖν
2548 5084 2889 5156 πραγμάτων
2938 5082 3006 5136 τὰ
3040 5083 3239 5147 τέλεια,
3274 5085 3371 5136 καὶ
3410 5084 3511 5155 τὴν
3544 5085 3697 5153 ἐργα-

2130 5176 2250 5228 σίαν
2278 5176 2377 5246 τῆς
2410 5174 2775 5245 δικαιοσύνης,
2812 5176 3203 5244 ἐναντιότητος.
3240 5174 3385 5237 Νοῦς
3416 5176 3438 5205 ⁸
3475 5176 3567 5245 μὲν
3600 5173 3697 5241 γὰρ
3736 5156 3745 5197 Τ

2129 5271 2347 5341 ῥήματα
2398 5260 2699 5339 διακρίνει,
2752 5267 2960 5338 λάρυγξ
3009 5269 3065 5321 δὲ
3122 5270 3243 5320 σῖτα
3303 5268 3555 5336 γεύεται*
3610 5266 3693 5317 καὶ

2123 5359 2398 5430 ὀφθαλμὸς
2450 5363 2721 5424 κατανοεῖ,
2772 5360 2866 5414 καὶ
2907 5359 3031 5423 νοῦς
3078 5361 3199 5431 ὁρᾷ.
3240 5360 3472 5431 Ὀρασις
3526 5358 3689 5411 τοίνυν
3740 5382 3741 5387 η

2124 5454 2218 5506 καὶ
2252 5452 2438 5521 γεῦσις
2471 5453 2563 5505 καὶ
2596 5452 2867 5522 διάκρισις
2908 5453 2935 5505 ὁ
2994 5451 3119 5515 νοῦς
3178 5454 3239 5504 ὲν
3280 5454 3414 5523 ἡμῖν
3456 5452 3669 5519 ὑπάρχει

2118 5546 2182 5598 ἐκ
2224 5543 2359 5597 Θεοῦ
2392 5546 2524 5615 ἡμῖν
2559 5545 2975 5616 κεχαρισμένος.
3012 5543 3182 5598 υῦπω
3227 5545 3284 5599 δὲ
3320 5542 3683 5613 συγκαταθετιο

2116 5640 2210 5701 κὸς
2248 5638 2355 5691 τῶν
2404 5638 2491 5691 ἀεὶ
2539 5638 2861 5708 γινομένων,
2905 5638 3003 5692 ἐὰν
3050 5638 3132 5710 μὴ
3163 5637 3299 5712 θέλῃ
3341 5640 3370 5693 ὁ
3400 5636 3661 5713 ἄνθρωπος

395 5746 410 5825 ί
504 5784 524 5817 ⁸
554 5783 735 5842 Eccle.
761 5786 970 5850 “1,30.
1045 5789 1065 5818 ’
1102 5787 1231 5843 Luc.
1267 5804 1400 5854 χχιι,
1436 5792 1517 5845 i3.
1596 5790 1616 5823 ³
1646 5789 1809 5847 Hebr.
1844 5808 1917 5859 tv,
1950 5793 2031 5847 l5.

2123 5806 2129 5822 *
2158 5791 2217 5848 F.
2248 5793 2593 5864 ἀναρμόστῳ.
2671 5793 2692 5826 ⁸
2728 5794 2900 5867 Vulgo
2930 5790 3062 5865 οὗς.,
