3790 6212
92 262 172 320 681

687 251 1052 309 ΔιΠΕΒδυδ
1091 249 1436 308 HERESES
1471 251 1599 306 LIB.
1634 251 1720 308 III.
1761 252 1918 306 TOM.
1954 251 2099 308 IL—
2121 249 2391 306 HASRES.
2426 250 2678 304 LXXVII.

3061 243 3068 252 ’
3171 248 3280 307 68?.

99 382 149 437 'H
172 377 220 431 δὲ
253 375 386 448 σὰρξ
416 375 503 429 ἀεὶ
541 375 599 428 ὲν
645 375 792 445 πάσῃ
835 374 1022 444 Γραφῇ
1068 372 1500 444 ἀποκηρύττεται
1532 372 1621 426 διὰ

1741 388 1998 439 ιοθηιετθ,
2031 374 2109 428 uti
2133 372 2370 427 faucium
2395 371 2683 440 degustare
2704 369 2927 422 cibos':
2955 368 3036 423 sic
3064 378 3116 424 ct
3145 385 3279 423 ocu--

87 474 167 543 τὴν
205 472 256 523 ἐν
301 470 435 540 αὐτῇ
487 467 778 538 γινομένην
827 465 1140 536 ἐπιθυμίαν.
1192 466 1266 518 Οὐ
1309 465 1521 530 πάντως
1564 465 1622 518 δὲ

88 561 228 632 αὐτὴν
267 558 366 631 τὴν
411 558 589 629 σάρκα
633 554 1018 626 ἀποκηρύττει,
1068 554 1204 608 ἀλλά
1233 556 1303 610 τὰ
1351 553 1411 620 ἐξ
1454 553 1622 625 αὐτῆς

87 650 316 721 γινόμενα
346 646 690 719 ἀπεκήρυξεν
718 648 746 698 ὁ
767 644 942 712 λόγος,
962 643 1037 707 ὡς
1065 643 1168 714 ἔφη
1201 645 1230 696 ὁ
1273 643 1587 707 Ἀπόστολοῖ
1605 659 1620 674 ⁸

88 741 207 798 Οἶδα
242 742 370 811 γὰρ,
398 740 489 794 ὅτι
516 741 625 794 οὐκ
661 736 813 792 οἰκεῖ
834 737 904 791 ἐν
935 735 1086 806 ἐμοὶ,
1111 734 1422 789 τουτέστιν
1449 735 1520 789 ἐν
1547 732 1624 803 τῇ

83 834 241 902 σαρκί
275 849 415 902 μου,
450 829 689 901 ἀγαθὸν,
719 827 808 882 διὰ
837 827 908 881 τά
939 830 1003 881 ὲκ
1028 827 1127 898 τῆς
1161 827 1358 900 σαρκὸς
1399 827 1622 894 ἐπιφυό-

88 945 221 1001 μενα.
260 926 377 980 Ἵνα
403 923 460 976 δὲ
488 921 893 995 ἀποκρούσηται
930 918 1036 972 τῶν
1060 918 1341 988 ἀἱρέσεων
1379 916 1476 987 τὴν
1507 915 1624 969 διά-

82 1037 227 1081 νοιαν,
269 1017 342 1088 μή
383 1031 500 1079 πως
545 1012 804 1082 νομίσωσι
851 1008 950 1080 τὴν
999 1009 1175 1080 σάρκα
1221 1007 1330 1061 ἀπὸ
1372 1009 1470 1078 τῆς
1517 1007 1624 1060 τῶν

83 1109 268 1180 νεκρῶν
319 1105 666 1168 ἀναστάσεως
728 1102 1100 1176 ἀπηλπίσθαι,
1157 1101 1340 1170 λέγει’
1411 1100 1512 1153 Δεῖ
1557 1099 1622 1152 τὸ

81 1197 321 1270 φθαρτὸν
373 1195 548 1250 τοῦτο
600 1193 968 1249 ἐνδύσασθαι
1013 1191 1383 1261 ἀφθαρσίαν,
1423 1187 1625 1243 καὶτὸ

83 1290 286 1359 θνητὸν
335 1286 511 1340 τοῦτο
570 1285 940 1340 ἐνδύσασθαι
987 1283 1324 1339 ἀθανασίαν
1343 1298 1357 1311 θ
1411 1281 1498 1334 ἵνα
1551 1278 1624 1349 μὴ

83 1380 452 1454 παρεκϐάλλων
489 1379 558 1432 τὰ
589 1378 724 1450 ἔργα
767 1378 867 1447 τῆς
900 1376 1120 1448 σαρκὸς,
1150 1375 1185 1428 ἀ
1219 1376 1395 1445 σάρκα
1440 1372 1626 1426 εἴωθεν

79 1480 108 1546 ἡ
137 1473 316 1545 Γραφὴ
354 1471 557 1535 καλεῖν,
593 1469 872 1541 νομισθείη
904 1469 1000 1540 τὴν
1031 1466 1219 1521 ἐλπίδα
1245 1467 1346 1536 τῆς
1392 1464 1627 1519 ἀναστά·

83 1583 201 1628 eam;
227 1565 328 1635 τῆς
365 1563 565 1636 σαρκὸς
603 1560 1017 1634 παρεκδάλλειν.
1057 1560 1138 1613 Τά
1169 1558 1276 1630 γὰρ
1308 1557 1443 1629 ἔργα
1473 1557 1539 1610 τὰ
1570 1557 1627 1608 ὲν

77 1659 196 1726 αὐτῇ
244 1655 506 1725 γινόμενα
552 1653 730 1723 φαῦλα
759 1652 944 1723 σαφῶς
975 1650 1338 1722 ἀπεκήρυξεν,
1369 1647 1535 1720 αὐτὴν
1570 1647 1627 1700 δὲ

1722 465 1809 520 lus
1842 464 2173 528 considerat,
2213 470 2460 519 etmens
2499 462 2763 516 intuetur.
2811 461 3078 525 Quocirca
3122 475 3279 516 mens

1723 558 1837 620 illa,
1880 573 2001 628 quae
2030 557 2084 611 in
2115 556 2273 611 nobis
2315 553 2520 610 residet
2573 561 2630 609 et
2659 566 2689 606 a
2734 551 2842 606 Deo
2879 567 3138 607 concessa
3169 558 3276 617 est,

1721 648 1875 702 visus
1904 656 1986 703 est
2010 646 2256 718 quidam,
2301 659 2356 701 et
2381 653 2595 716 gustus,
2640 658 2706 698 ac
2737 643 3077 699 discernendi
3106 645 3279 700 facul-

1724 745 1827 794 tas.
1873 737 2059 810 Neque
2085 754 2214 794 vero
2249 738 2316 793 iis
2344 753 2465 808 qua:
2505 737 2798 792 identidem
2849 736 3005 800 fiunt,
3046 739 3280 794 assenti-

1684 877 1688 883 .
1723 834 1835 894 tur,
1879 829 1984 884 nisi
2027 828 2235 882 homini
2283 827 2610 883 collibuerit.
2653 825 2725 880 At
2767 840 2894 898 caro
2926 826 2982 881 in
3028 828 3282 884 omnibus

1725 917 1837 974 fere
1869 920 2043 975 sacris
2072 919 2294 974 Litteris
2324 919 2395 974 ob
2425 919 2573 972 illam
2613 933 2734 988 quae
2765 918 2821 972 in
2851 919 2968 989 ipsa
3011 926 3095 974 est
3129 921 3283 990 cupi-

1724 1010 1947 1065 ditatem
1969 1011 2214 1065 danmari
2244 1011 2401 1066 solet.
2426 1009 2744 1080 Quanquam
2773 1025 2884 1065 non
2907 1011 3130 1066 omnino
3152 1027 3285 1066 caro

1726 1103 1845 1172 ipsa
1880 1101 2191 1167 damnatur,
2222 1103 2318 1157 sed
2344 1118 2465 1172 quae
2490 1102 2557 1156 ab
2601 1103 2694 1156 illa
2728 1102 3151 1173 proﬁciscuntur
3195 1119 3279 1159 sa.

1727 1207 1945 1246 crorum
1980 1190 2266 1246 Librorum
2295 1192 2594 1248 auctoritas
2626 1194 2940 1262 proscribit.
2969 1193 3122 1249 Unde
3143 1196 3288 1266 Apo-

1726 1283 1899 1337 stolus
1917 1283 2002 1337 ita
2039 1283 2279 1352 loquitur
2307 1301 2321 1336 :
2352 1282 2473 1337 Scio
2517 1285 2652 1337 enim
2692 1285 2829 1354 quod
2874 1301 2976 1339 non
3005 1287 3206 1340 habitat
3234 1288 3288 1340 in

1727 1390 1828 1433 me.
1877 1372 1974 1427 hoc
2018 1382 2095 1426 est
2134 1373 2187 1425 in
2234 1389 2391 1426 carne
2443 1389 2579 1436 mea,
2619 1373 2806 1428 bonum
2833 1374 2894 1429 ³ε
2928 1375 3072 1445 quod
3119 1375 3187 1430 ad
3223 1391 3290 1431 ea

1726 1464 2072 1519 referendum
2097 1473 2182 1520 est
2201 1480 2319 1534 qua:
2347 1479 2412 1519 ex
2436 1480 2601 1520 carne
2630 1475 3006 1522 succrescunt.
3029 1467 3205 1538 Atque
3230 1472 3293 1522 ut

1729 1557 2108 1612 haereticorum
2148 1557 2432 1626 opiniones
2471 1556 2763 1621 refelleret,
2801 1574 2870 1612 ne
2919 1573 3139 1613 carnem
3184 1559 3292 1614 sibi

1729 1649 2121 1722 persuaderent
2151 1651 2220 1704 ab
2259 1650 2405 1703 omni
2448 1650 2865 1705 resurrectionis
2913 1666 3010 1720 spe
3040 1659 3094 1707 et
3136 1667 3291 1707 com-

77 1748 161 1815 τὴν
196 1746 374 1816 σάρκα
422 1745 574 1814 ἅγιον
641 1745 765 1798 ναὸν
804 1741 1097 1808 ἐπέδειξεν,
1145 1745 1202 1796 ὲν
1243 1740 1320 1811 τῷ
1353 1742 1636 1809 ἀγιάσαντι

1741 1743 1995 1796 munione
2039 1741 2325 1811 dejectam,
2364 1741 2480 1795 hazc
2530 1740 2816 1811 adjunxit:
2850 1741 3067 1810 Oportet
3110 1760 3294 1797 corru-

77 1838 223 1892 αὐτοῦ
266 1838 367 1908 τὴν
410 1838 588 1907 σάρκα
621 1837 760 1892 κατὰ
789 1837 858 1890 τὸ
909 1835 1312 1906 γεγραμμένον,
1359 1835 1440 1887 ὅτι
1486 1836 1632 1899 Θρη-

77 1930 234 1984 σκεία
273 1930 344 1982 δὲ
380 1931 607 1997 καθαρὰ
644 1927 724 1994 τῷ
755 1926 876 1993 Θεῷ
907 1928 1006 1981 καὶ
1042 1926 1224 1995 Πατρὶ
1254 1925 1402 1993 αὕτη
1439 1925 1629 1987 ἐστὶν,

75 2019 525 2075 ἐπισκέπτεσθαι
554 2017 854 2087 ὀρφανοὺς
885 2017 984 2071 καὶ
1009 2015 1198 2084 χήρας
1223 2016 1293 2069 ἐν
1322 2013 1397 2082 τῇ
1430 2014 1633 2081 θλίψει

78 2111 281 2174 αὐτῶν,
310 2110 574 2166 ἄσπιλον
597 2110 812 2165 ἑαυτὸν
852 2109 1052 2177 τηρεῖν
1095 2108 1212 2163 ἀπὸ
1247 2108 1350 2162 τοῦ
1381 2108 1630 2176 κόσμου.

79 2199 382 2273 Καὶ’ἀλλῳ⁶
424 2202 698 2274 Μακάριοι
726 2203 776 2254 οἱ
819 2201 989 2271 ἁγνὴν
1031 2200 1129 2272 τὴν
1159 2201 1337 2270 σάρκα
1364 2199 1634 2270 τηρήσαν-

76 2314 172 2358 τες.
205 2295 472 2357 Πολλάκις
502 2295 559 2347 δὲ
599 2295 718 2348 κατ’
748 2295 917 2364 αὐτῆς
949 2293 1182 2362 λέγουσα
1212 2294 1246 2362 ή
1289 2291 1496 2364 Γραφὴ,
1532 2289 1633 2343 ὲδίο

75 2387 215 2450 δαξεν
270 2387 420 2457 ἡμᾶς
463 2385 562 2449 τάς
605 2384 904 2455 ἐπιθυμίας
953 2385 1048 2438 καὶ¹
1104 2383 1298 2455 ἡδονὰς
1355 2381 1414 2447 ἐξ
1466 2381 1635 2451 αὐτῆς

79 2477 416 2546 βλαστάνειν·
473 2476 614 2530 κατά
670 2477 728 2529 δὲ
779 2476 872 2530 τοῦ
929 2475 1021 2530 νοῦ
1071 2475 1222 2528 οὐδὲν
1281 2474 1553 2544 ἐξηγεῖται
1597 2474 1630 2541 ἡ

75 2569 269 2640 Γραφὴ,
322 2568 458 2622 ἀλλὰ
477 2607 492 2632 ,
543 2566 725 2622 Ψαλῶ
793 2566 872 2633 τῷ
927 2567 1040 2630 νοῒ,
1096 2565 1272 2635 ψαλῶ
1330 2566 1410 2632 τῷ
1451 2565 1633 2618 πνεύο

75 2677 230 2728 patr
271 2660 392 2722 καὶ,
437 2659 560 2712 Ἐὰν
607 2659 761 2730 ψαλῶ
821 2659 980 2712 πάλιν
1044 2657 1120 2729 τῷ
1185 2658 1480 2729 πνεύματι,
1513 2659 1541 2710 ὁ
1578 2657 1634 2710 δὲ

78 2751 188 2814 νοῦς
225 2769 330 2822 μου
391 2751 637 2823 ἄκαρπός
699 2753 833 2805 ἐστι.
883 2752 995 2804 Καὶ
1039 2753 1192 2822 ὁρᾷς.
1254 2751 1338 2804 ὅτι
1382 2751 1438 2802 ὲν
1488 2749 1637 2819 αὐτῷ

78 2842 300 2911 καρπὸς,
333 2841 392 2894 ὲν
421 2841 499 2912 τῷ
527 2841 602 2913 νῷ
621 2859 636 2873 ο
668 2842 769 2895 κάν
799 2857 859 2894 τε
893 2840 965 2912 μή
1063 2839 1292 2910 καρπὸς,
1323 2841 1384 2892 οὐ
1424 2839 1638 2902 πάντως

76 2932 158 2983 τὸν
206 2932 332 2985 νοῦν
388 2932 675 2998 κατέλεξεν
719 2935 777 2986 ὲν
826 2933 1142 3006 ἁμαρτίαις,
1181 2931 1316 2986 άλλά
1361 2931 1426 2985 δι’
1473 2929 1634 2984 αὑτοῦ

80 3023 265 3092 μᾶλλον
300 3025 395 3077 τὸν
421 3025 632 3096 καρπὸν
657 3025 990 3095 ἀπεφήνατο.

1731 1836 1912 1904 ptibile
1961 1836 2056 1889 hoc
2099 1834 2312 1888 induere
2353 1835 2817 1904 incorruptionem,
2864 1845 2912 1890 et
2947 1838 3168 1890 mortale
3197 1836 3294 1890 hoc

1733 1929 1950 1982 induere
1991 1927 2492 1981 immortalitatem‘
2522 1945 2537 1984 :
2562 1943 2631 1982 ne
2679 1943 2843 1997 opera
2888 1929 3070 1983 carnis
3115 1930 3293 1982 exclu-

1732 2019 1889 2080 deus,
1929 2034 2050 2089 qua:
2081 2019 2265 2073 carnis
2302 2019 2520 2072 nomine
2555 2016 2839 2088 Scriptura
2885 2019 3021 2074 solet
3059 2019 3290 2083 allicere,

1735 2126 1839 2163 una
1895 2118 1949 2165 et
2004 2110 2423 2165 resurrectionis
2492 2126 2641 2180 spem
2704 2125 2735 2163 a
2805 2125 2968 2166 carne
3021 2112 3294 2167 videretur

1732 2203 2039 2258 excludere.
2077 2201 2356 2274 Siquidem
2385 2218 2506 2273 qua:
2543 2203 2598 2256 in
2639 2203 2725 2256 illa
2751 2214 3078 2258 exercentur
3105 2206 3295 2274 depra-

1733 2301 1857 2347 vata
1889 2309 2054 2363 opera
2075 2293 2367 2348 manifeste
2390 2293 2699 2359 damnavit;
2721 2307 2943 2348 carnem
2973 2294 3145 2364 ipsam
3168 2311 3296 2349 vero

1734 2397 1984 2440 sanctum
2013 2385 2284 2455 quoddam
2319 2399 2441 2440 esse
2468 2385 2728 2455 templum
2762 2385 2816 2439 in
2845 2401 2929 2446 eo,
2958 2387 3050 2455 qui
3078 2401 3296 2441 carnem

1735 2491 1888 2530 suam
1947 2475 2335 2541 sanctificavit,
2393 2491 2516 2530 esse
2568 2477 2786 2540 docuit,
2843 2477 3297 2545 quemadmodum

1736 2568 2000 2637 scriptum
2036 2575 2120 2622 est
2145 2586 2157 2620 :
2190 2565 2388 2638 Religio
2421 2567 2618 2620 munda
2649 2566 2754 2620 Deo
2797 2576 2845 2620 et
2873 2566 3030 2620 Patri
3061 2568 3170 2622 haec
3198 2579 3299 2630 est,

1733 2659 1947 2712 visitare
1983 2661 2244 2726 orphanos
2271 2668 2319 2712 et
2349 2658 2534 2712 viduas
2561 2660 2611 2711 in
2641 2659 2918 2729 afﬂictione
2949 2675 3048 2712 sua
3067 2698 3082 2724 ,
3107 2669 3157 2713 et
3187 2661 3299 2713 im-

1736 2751 2062 2804 maculatum
2085 2766 2140 2804 se
2165 2765 2470 2803 conservare
2503 2753 2566 2802 ab
2601 2749 2696 2801 ltoc
2729 2755 2928 2802 mundo
2953 2749 2992 2801 ⁵.
3032 2749 3162 2803 Item
3195 2750 3303 2803 alio

1735 2843 1856 2897 loco
1885 2860 1898 2896 :
1928 2843 2074 2897 Beati
2117 2842 2210 2911 qui
2261 2857 2456 2911 puram
2514 2850 2831 2912 castamque
2877 2856 3097 2896 carnem
3147 2857 3302 2896 suam

1736 2935 2095 2990 servaverint.
2125 2934 2298 2988 Porro
2345 2932 2624 3004 Scriptura
2671 2935 2932 2989 adversus
2961 2934 3106 2986 illam
3162 2948 3304 3002 sape

1736 3025 2045 3096 disputans,
2086 3025 2414 3094 cupiditates
2460 3042 2524 3081 ac
2583 3028 2889 3096 voluptates
2934 3028 3002 3082 ab
3049 3029 3147 3079 bac
3190 3028 3304 3095 ipsa

77 3117 336 3183 pullulare
385 3132 486 3172 nos
534 3117 748 3182 docuit;
789 3127 981 3172 contra
1023 3127 1254 3172 mentem
1304 3132 1433 3171 vero
1487 3115 1621 3170 nihil
1655 3117 1879 3175 omnino
1909 3117 2067 3181 dixit,
2129 3117 2226 3172 sed
2260 3119 2392 3172 illud
2433 3119 2695 3173 duntaxat
2742 3118 3031 3173 :Psallam
3096 3128 3304 3178 mente,

74 3209 291 3273 psallam
323 3218 375 3262 et
409 3209 600 3276 spiritu
622 3210 662 3264 °.
684 3210 813 3264 Item
850 3228 872 3263 :~
898 3208 953 3264 Si
979 3211 1201 3278 psallam
1226 3210 1440 3281 spiritu,
1490 3226 1644 3264 mens
1678 3219 1855 3265 autem
1892 3225 2011 3265 mea
2048 3209 2388 3266 infructuosa
2413 3213 2485 3266 sit
2510 3213 2551 3265 ⁷.
2590 3212 2686 3268 Ubi
2744 3212 2894 3268 vides
2932 3228 3092 3268 suum
3141 3213 3309 3264 menti

77 3295 301 3353 fructum
335 3301 656 3354 attributum
685 3319 699 3355 :
728 3315 793 3354 ac
837 3303 1052 3356 tametsi
1085 3301 1296 3356 fructus
1326 3303 1508 3356 nullus
1541 3302 1791 3366 exsistat,
1828 3303 1978 3357 nullo
2031 3312 2212 3357 tamen
2258 3303 2417 3358 modo
2456 3313 2689 3359 mentem
2730 3305 2871 3360 inter
2927 3311 3151 3375 peccata
3203 3318 3308 3356 nu-

79 3390 325 3456 meravit,
363 3393 455 3446 sed
483 3406 549 3445 ex
581 3391 699 3460 ipsa
737 3392 920 3462 potius
946 3391 1078 3446 oriri
1111 3391 1347 3445 fructum
1379 3392 1636 3446 asseruit.

137 3487 271 3538 κη’.
329 3485 398 3538 Τί
435 3484 492 3536 δὲ
531 3483 719 3537 τούτου
767 3485 900 3556 πρὸς
944 3485 1044 3555 τὴν
1089 3483 1182 3537 τοῦ
1235 3483 1439 3556 Κυρίου
1487 3485 1636 3554 ήμῶν

1813 3481 2051 3539 XXVIII.
2092 3482 2300 3553 Ecquid
2333 3498 2459 3536 vero
2486 3499 2551 3538 ex
2587 3483 2708 3538 istis
2760 3483 3014 3539 ornnibus
3045 3485 3310 3541 adversus

73 3581 294 3650 δύναμιν
343 3577 444 3648 τῆς
489 3576 739 3648 θεότητος
786 3576 1080 3648 ὲνσκήψεις
1130 3577 1182 3629 τί
1232 3577 1288 3630 δὲ
1344 3576 1640 3646 ἠμαύρωσε

76 3672 165 3742 τὴν
189 3668 362 3724 αὐτοῦ
400 3666 626 3737 δύναμιν
650 3667 749 3736 τῆς
788 3667 948 3735 ἁγίας
979 3667 1236 3734 γυναικὸς
1259 3669 1502 3738 γαστήρ;
1540 3669 1643 3738 μή-

72 3778 171 3831 τρα,
200 3757 526 3830 Παρθένου;
561 3754 792 3809 τοκετῶν
825 3757 1012 3826 πόροις
1049 3757 1280 3825 ἀγκάλαι
1325 3756 1639 3827 Συμεῶνος;

74 3853 394 3924 ἀνθρωπίνη
435 3850 664 3921 ὑποδοχή
711 3849 856 3918 (95);
901 3850 1117 3922 Μαρίας
1160 3850 1504 3921 βασταγμόςς
1546 3851 1644 3920 τῆς

77 3947 274 4017 πόρνης
319 3944 497 4012 rigat;
550 3944 734 4015 τρίχες
781 3943 1034 4012 γυναικὸς
1079 3942 1255 3996 ποδῶν
1307 3943 1641 4013 ἀπτόμεναι;

76 4039 202 4091 ἀλλά
232 4036 306 4090 τὰ
339 4036 590 4102 δάκρυα;
624 4034 760 4088 ἀλλά
791 4035 1072 4106 μνήματος
1103 4035 1159 4087 αἱ
1204 4034 1412 4098 θέσεις;
1447 4031 1645 4086 Σινδὼν

75 4131 174 4202 γάρ
202 4131 480 4201 είλήσασα
509 4127 570 4180 τὸ
597 4127 755 4197 σῶμα
786 4125 947 4180 αὐτοῦ
980 4127 1040 4180 οὐ
1068 4127 1408 4197 περιεγένετο
1439 4124 1644 4177 ἐκείνου

76 4223 160 4274 τοῦ
191 4217 566 4294 ἀκραιφνοῦς,
598 4220 692 4273 καὶ
721 4218 822 4288 τῆς
854 4217 1018 4271 αὐτοῦ
1054 4217 1312 4288 μεγίστης
1346 4216 1643 4286 δυνάμεως.

77 4312 179 4365 Καὶ
207 4311 321 4385 γάρ
355 4310 440 4364 ἔτι
469 4311 528 4363 ὲν
555 4310 731 4380 κοιλίᾳ
776 4309 1054 4380 τυγχάνων
1108 4309 1356 4379 Ἰωάννης
1399 4309 1645 4377 ἐσκίρτα,

75 4404 408 4477 χαίρωνλὲπὶ
433 4406 502 4475 τῇ
543 4401 639 4456 τοῦ
668 4402 936 4455 Δεσπότου
969 4399 1132 4454 αὐτοῦ
1175 4401 1310 4472 πρὸς
1341 4400 1500 4453 αὐτὸν
1534 4401 1647 4452 εἱσ-

80 4493 173 4565 όδῳ
222 4497 318 4550 διὰ
367 4498 471 4566 τῆς
522 4495 937 4566 ἐγκυμονήσεως
979 4494 1078 4563 τῆς
1126 4491 1288 4560 ἁγίας
1351 4490 1647 4561 Παρθένου.

80 4584 365 4656 Γεννηθεὶς
402 4585 482 4648 δὲ,
513 4583 607 4636 καὶ
633 4585 690 4635 ὲν
718 4583 892 4654 φάτνῃ
919 4579 1190 4651 κείμενος,
1216 4580 1275 4632 οὐ
1307 4577 1525 4647 λέληθεν
1554 4579 1652 4646 ἁγ-

79 4676 243 4744 γέλων
286 4676 480 4748 χορόν.
519 4673 868 4746 Παρεμϐολαὶ
902 4673 960 4726 δὲ
991 4673 1083 4724 ἐπὶ
1130 4674 1195 4742 τῇ
1250 4669 1342 4724 τοῦ
1393 4669 1654 4739 βασιλέως

78 4768 164 4819 τοῦ
213 4767 420 4829 αἰῶνος
467 4765 656 4833 εἰσόδῳ
689 4763 1006 4834 δορυφορεῐν
1053 4759 1458 4820 ἀπεστέλλοντο,
1497 4759 1652 4828 ὕμνοι

1746 3574 2049 3630 divinitatis
2079 3573 2291 3629 Domini
2313 3575 2485 3630 nostri
2518 3575 2726 3644 1022
2756 3577 2862 3629 vim
2895 3591 2960 3632 ac
2989 3585 3311 3647 potestatem

1748 3666 1917 3721 facit?
1948 3673 2042 3720 aut
2067 3681 2176 3736 qua
2221 3666 2276 3720 in
2311 3682 2367 3721 re
2405 3666 2649 3720 eamdem
2698 3667 2846 3719 illam
2885 3667 2992 3722 vim
3025 3669 3308 3724 sanctissi-

1749 3773 1850 3812 mae
1888 3757 2134 3812 mulieris
2168 3766 2356 3812 venter
2391 3757 2744 3812 obscuravit?
2787 3766 2881 3812 aut
2918 3757 3156 3829 Virginis
3192 3770 3311 3816 ute-

1749 3850 1883 3905 rus?
1910 3857 2003 3903 aut
2027 3860 2216 3919 partus
2254 3850 2430 3905 exitus
2493 3864 2556 3903 ac
2597 3851 2845 3904 meatus?
2893 3859 2987 3905 aut
3027 3851 3313 3923 Symeonis

1752 3941 1931 3995 ulnae?
1959 3951 2052 3995 aut
2077 3942 2358 3995 hominum
2378 3942 2664 4011 exceptio?
2694 3941 2878 3996 Mariae
2913 3944 3178 4012 gestatio?
3203 3959 3310 3999 me-

1753 4033 1969 4089 retricis
1991 4033 2334 4088 attrectatio?
2361 4035 2606 4089 mulieris
2627 4034 2830 4103 capilli,
2864 4034 2956 4104 qui
2983 4034 3128 4090 illius
3151 4035 3314 4104 pedes

1753 4124 2131 4194 contigerunt?
2160 4135 2251 4178 aut
2277 4124 2566 4194 lacrymaz?
2593 4133 2685 4177 aut
2709 4125 2800 4177 illa
2832 4123 2887 4177 in
2919 4125 3315 4178 monimentum

1754 4214 2059 4283 depositio?
2086 4215 2297 4283 Quippe
2343 4216 2540 4269 sindon
2579 4216 2691 4278 illa,
2731 4231 2854 4286 quae
2904 4217 3077 4284 ipsius
3115 4230 3318 4285 corpus

1754 4306 2011 4368 obvolvit,
2036 4306 2311 4361 sincerum
2342 4306 2494 4360 illum
2523 4314 2578 4362 et
2615 4309 2906 4377 integrum,
2936 4307 3017 4361 vel
3047 4323 3318 4362 summam

1755 4397 1903 4451 illius
1942 4404 2266 4466 potestatem
2311 4411 2574 4465 superare
2616 4397 2836 4452 minime
2871 4399 3066 4467 potuit.
3103 4397 3317 4452 Etenim

1755 4485 1994 4542 Joannes
2017 4501 2140 4540 cum
2172 4488 2226 4540 in
2254 4487 2446 4541 matris
2474 4495 2626 4543 utero
2656 4497 2986 4555 versaretur,
3023 4489 3092 4542 ob
3116 4490 3323 4559 ingres-

1759 4595 1877 4635 sum
1926 4579 1993 4632 ad
2045 4594 2166 4633 sese
2203 4577 2417 4633 Domini
2457 4579 2564 4646 sui,
2598 4596 2760 4649 quem
2812 4581 2966 4635 beata
3000 4579 3162 4650 Virgo
3199 4597 3324 4650 par-

1760 4670 2012 4734 turiebat,
2033 4685 2141 4738 pra:
2158 4669 2338 4739 gaudii
2363 4670 2736 4738 magnitudine
2759 4673 3088 4726 subsultavit
3105 4672 3147 4725 ⁸.
3173 4671 3318 4727 Idem

1760 4778 1924 4832 porro
1951 4760 2216 4818 Dominus
2248 4762 2428 4817 editus
2458 4763 2514 4816 in
2565 4762 2762 4828 lucem,
2794 4770 2861 4821 et.
2888 4763 2944 4816 in
2975 4764 3202 4832 praascpi
3234 4764 3324 4832 ja«

82 4858 397 4918 ἐτελοῦντο,
457 4857 648 4925 εἰρήνη
713 4856 770 4907 ὲν
829 4855 941 4917 τοῖς
999 4852 1248 4922 ποιμέσιν
1306 4850 1631 4920 ἐκηρύττετο

1759 4870 1888 4910 cens
1926 4854 1995 4908 ab
2027 4855 2341 4924 angelorum
2375 4863 2459 4908 est
2497 4853 2664 4908 choro
2712 4848 2984 4927 cognitus.
3035 4853 3324 4908 Mitt-eban—

91 4951 242 5004 Ἀλλά
291 4950 350 5003 τί
386 4947 681 5019 ἡμαύρωτε
728 4946 827 5018 τὴν
859 4943 1022 4998 αὐτοῦ
1066 4944 1324 5014 δύναμιν;
1377 4945 1494 4994 Ἐτι
1541 4940 1652 5012 γὰρ

80 5041 220 5105 ὄντος
271 5039 447 5095 αὑτοῦ
509 5038 739 5109 βρέφους
792 5036 886 5090 καὶ
935 5035 1372 5106 βασταζομένου,
1427 5033 1653 5104 ἀστέρος

83 5134 172 5200 μὲν
194 5134 417 5201 γίνεται
445 5133 645 5200 σημεῖα
670 5129 780 5182 ἀπὸ
807 5127 1100 5194 ἀνατολῶν,
1151 5127 1334 5194 μάγων
1363 5124 1652 5194 παρουσία,
1683 5162 1688 5166 ι

82 5223 453 5297 προσκύνησίς
499 5239 559 5274 τε
604 5220 701 5274 καὶ
740 5220 1034 5292 δορυφορία
1066 5221 1107 5283 ¹,
1145 5217 1514 5287 γραμματέων
1556 5215 1657 5287 ﬁt”

144 5347 244 5401 ‘F.
305 5342 640 5415 δωροφορία.
721 5339 873 5415 'Job
930 5357 1024 5405 xtl,
1079 5339 1165 5396 12.
1241 5335 1450 5392 ³ῐὶυιιι.
1488 5354 1583 5405 vn,
1629 5338 1714 5395 18.

83 5419 100 5448 '
135 5419 266 5473 ibid.
306 5413 406 5470 16.
489 5417 510 5445 ⁸
544 5413 675 5466 Luc.
717 5427 755 5476 ι,
790 5413 879 5465 44.

1759 4956 1847 5000 tur
1871 4954 1987 5000 tum
2013 4945 2266 5001 caelestes
2287 4944 2360 4998 illi
2378 4945 2671 5009 exercitus,
2695 4945 2790 5014 qui
2821 4945 3135 5013 sempiterni
3158 4942 3326 5014 Regis

1759 5035 2065 5104 ingressum
2112 5035 2479 5104 apparitorum
2535 5049 2599 5088 ac
2628 5034 2920 5089 satellitum
2952 5049 3102 5088 more
3144 5035 3321 5103 stipa-

1760 5133 1898 5190 rent,
1931 5126 2276 5195 triumphalia
2319 5127 2560 5180 carmina
2603 5126 3056 5190 concinebantur,
3105 5140 3212 5195 pax
3247 5126 3326 5179 in-

1763 5232 1927 5287 super
1949 5218 2262 5286 pastoribus
2308 5217 2681 5271 nuntiabatur.
2717 5215 2836 5282 Qua
2873 5217 3039 5288 igitur
3070 5217 3124 5270 in
3169 5233 3228 5272 re
3257 5219 3321 5271 il-

1811 5338 1832 5369 ⁸
1865 5338 2033 5393 ICor.
2060 5355 2146 5404 xv,
2360 5339 2380 5370 ⁵
2406 5337 2522 5394 Jac.
2553 5336 2705 5403 1,27.
2818 5338 2838 5370 ⁶
2873 5337 2892 5390 1
2926 5337 3051 5391 Cor.
3083 5351 3194 5402 xrv,
3237 5337 3328 5397 15.

145 5552 256 5622 (95)
297 5544 985 5628 Ἀνθρωπίνηλύποὸςοχή.
1015 5543 1284 5625 Scriptum
1307 5552 1427 5628 erat.
1447 5540 1541 5628 ἀνθ
1551 5558 1636 5628 put

1761 5543 2014 5598 librarius
2065 5541 2404 5628 ἀνθρωπίνης
2453 5555 2639 5628 vertun
2685 5554 2808 5628 esse
2859 5538 3129 5606 credidit;
3195 5555 3324 5597 nam

85 5613 256 5694 πίνης,
299 5636 410 5690 pro
443 5633 549 5686 quo
604 5616 921 5694 ἀνθρωπίνη
958 5613 1154 5694 nescio
1179 5613 1652 5694 quissulistttutl.

85 5682 331 5764 ιιεεῖἐεί
391 5682 572 5740 autem
604 5682 820 5756 Ἀννης,
854 5682 920 5739 ιη’
960 5697 1046 5741 est
1099 5687 1153 5740 in
1200 5682 1386 5755 Regio.
1431 5682 1508 5737 Ex
1545 5697 1654 5751 quo

459 5785 730 5845 Punor.
774 5784 889 5845 Gn.
943 5783 1125 5846 XLII.

1759 5618 1923 5686 ἁννης
1962 5631 2058 5684 pro
2089 5611 2430 5684 ἀνθρωπίνης
2465 5611 2630 5665 scribi
2667 5613 2890 5665 assolet.

2939 5773 3017 5833 ιιι
