3790 6212
461 231 577 290 683

1897 228 1953 284 S.
1998 227 2340 284 EPIPHANH

3613 217 3704 278 εει

472 347 579 401 lius
607 352 692 400 est
722 343 992 400 infuscata
1015 343 1309 413 maiestas?
1334 342 1468 398 Nam
1501 359 1624 399 cum
1654 343 1831 399 adhuc
1857 345 2037 401 infans

2153 361 2297 414 ιησις
2345 339 2572 412 βασιλεῖ,
2624 343 2657 412 ἡ
2701 340 2828 412 περὶ
2872 337 3034 393 αὐτοῦ
3079 338 3375 409 ἀπόκρισις
3409 336 3503 390 καὶ
3540 338 3706 406 ὁμοιο-

469 447 654 500 esset,
707 447 758 492 et
819 437 1013 492 alienis
1070 437 1309 491 brachiis
1369 445 1714 506 gestaretur,
1772 452 1926 490 nova:
1973 437 2041 492 ab

468 530 693 584 Oriente
727 529 896 584 stella:
956 530 1259 601 prodigium
1296 529 1582 600 apparuit‘
1619 529 1800 598 :qund
1848 530 2041 585 subse-

469 631 632 676 cutus
679 621 938 692 deinceps
985 638 1265 690 magornm
1323 623 1587 677 adventus
1616 663 1630 688 ,
1690 623 1936 678 adoratio
1985 628 2039 677 et

469 714 811 784 obsequium.
843 713 980 767 Tum
1028 715 1096 768 ab
1131 731 1255 785 rege
1301 714 1442 767 facta
1480 730 1510 768 a
1558 712 1765 768 Scribis
1810 715 2039 784 inquisi-

467 808 568 871 tio,
593 807 1016 875 eorumdemqne
1057 821 1379 876 responsum
1423 820 1486 860 ac
1547 807 1790 860 veritatis
1829 805 2040 861 confes—

469 900 574 954 sio.
608 898 836 968 Reliqua
869 897 1082 952 demum
1127 896 1230 950 alia
1267 911 1387 966 qua:
1426 903 1822 965 consequenter
1876 909 2042 964 expo-

468 999 695 1054 nuntur,
741 992 869 1062 quid
919 991 1190 1045 divinitati
1244 990 1388 1043 illius
1432 988 1650 1043 oflicere
1703 987 2042 1058 potuerunt?

470 1081 752 1149 Quodnam
789 1095 915 1135 vero
951 1089 1008 1134 ut
1038 1081 1093 1134 in
1136 1081 1293 1134 nobis
1330 1078 1603 1141 usuvenit,
1639 1078 1822 1132 carnis
1850 1078 2036 1132 deten-
2066 1077 2074 1086 ”

468 1179 566 1237 tio,
635 1177 778 1229 velut
825 1175 1256 1244 integumentum
1321 1172 1396 1225 illi
1442 1178 1497 1225 et
1548 1171 1890 1224 involucrum
1945 1171 2044 1225 ob-

474 1267 669 1321 duxit?
717 1265 850 1320 Nam
895 1276 949 1321 et
993 1273 1368 1336 tempestatem
1405 1278 1528 1316 cum
1560 1263 1756 1325 ventis,
1803 1277 1866 1315 ac
1911 1262 2047 1316 mari

469 1358 758 1427 increpat'
788 1374 800 1410 :
835 1371 933 1410 nec
961 1355 1144 1410 divina
1187 1355 1332 1408 illius
1356 1345 1618 1422 potestas,
1653 1368 1776 1406 eum
1812 1349 1866 1403 id
1899 1350 2046 1420 quod

468 1459 680 1503 natura:
715 1463 827 1503 sua:
858 1456 1284 1502 consentaneum
1315 1453 1397 1499 est
1428 1442 1681 1507 efﬁceret,
1710 1442 1893 1495 carnis
1919 1442 2024 1494 ulla

467 1543 797 1612 contagione
820 1541 1268 1610 pra-pediebatur.
1290 1540 1432 1604 Quin
1451 1538 1612 1592 etiam
1632 1551 1755 1590 cum
1777 1551 1873 1591 sua
1897 1536 2048 1590 carni

469 1636 642 1690 moles
693 1634 1040 1704 gravitasque
1097 1639 1408 1694 constaret,
1471 1643 1815 1699 nequaquam
1865 1637 2046 1683 tamen
2089 1630 2203 1687 haac
2250 1635 2402 1690 illum
2443 1638 2689 1708 gravitas
2766 1637 3083 1692 retardavit.

2145 437 2260 505 γία.
2297 437 2378 490 Τὰ
2423 436 2472 488 δὲ
2519 435 2651 488 ἄλλα
2682 436 2880 499 πάντα,
2917 434 3019 487 ὅσα
3052 434 3294 505 περιέχει
3342 434 3377 501 ἡ
3424 431 3707 492 ἀκολουθία,

2145 532 2198 582 τί
2241 529 2508 599 ἐνέσκηψε
2550 531 2615 600 τῇ
2647 527 2812 582 αὑτοῦ
2865 527 3112 597 θεὼ-ητις
3164 527 3324 578 Ποῖον
3378 525 3712 592 ἐπικάλυμμα

2147 621 2326 692 ἔσχεν⁹
2359 622 2435 686 ὡς
2468 625 2524 675 ἐν
2554 623 2704 693 ἡμῖν’
2735 621 2769 692 ἡ
2810 620 3012 691 σαρκὸς
3040 620 3243 688 κατοχὴ
3272 634 3288 681 ;
3347 617 3604 684 Ἐπιτιμᾷ

2145 713 2399 776 κλύδωνι,
2429 713 2523 767 καὶ
2553 716 2667 776 τοῖς
2709 712 2955 782 ἆνὲμοις,
2989 711 3085 764 καὶ
3114 714 3178 781 τῇ
3212 709 3486 781 θαλάσσῃ,
3524 710 3610 760 καὶ
3631 711 3715 758 οὐκ

2145 806 2395 876 ὲπέχεται
2425 805 2532 859 ἀπὸ
2559 805 2660 876 τῆς
2703 804 2906 876 σαρκὸς
2951 804 2982 874 ἡ
3028 802 3126 872 τῆς
3175 800 3341 854 αὑτοῦ
3370 800 3621 870 θεότητος
3643 800 3717 851 δύο

2143 916 2326 968 ναμις,
2386 898 2711 951 ὲπιτελοῦσα
2763 898 2824 950 τὸ
2880 897 3022 950 κατὰ
3083 897 3243 966 φύσιν
3304 896 3407 965 τῆς
3467 893 3714 963 θεότητος.

2157 989 2317 1044 Ἀλλὰ
2378 991 2475 1044 καὶ
2517 989 2682 1058 ὄγκου
2726 992 2822 1043 καὶ
2855 989 3052 1060 βάρους
3080 989 3178 1060 τῆς
3217 989 3425 1060 σαρκὸς
3463 986 3716 1056 $21,010;-

2150 1099 2269 1151 σης,
2300 1084 2361 1136 οὐ
2392 1083 2548 1154 βάρει
2591 1083 2893 1153 συνέχεται.
2928 1084 3228 1153 Περιπατεῖ
3252 1085 3364 1152 γὰρ
3394 1082 3473 1143 ὡς
3502 1083 3591 1132 ἐπὶ

2148 1173 2356 1239 ὕδασιν,
2392 1175 2467 1239 ὼς
2500 1177 2768 1246 ἄτρεπτος
2815 1175 2966 1238 Θεὸς,
3002 1175 3059 1226 ἐν
3105 1175 3268 1247 σαρκὶ⁸
3310 1174 3411 1244 μὲν
3457 1173 3716 1243 ὑπάρχων,

2147 1267 2247 1319 οὐκ
2289 1267 2397 1320 ἀπὸ
2432 1269 2636 1340 σαρκὸς
2666 1267 2723 1319 δὲ
2769 1266 3171 1337 ἀλλοιούμενος.
3222 1265 3328 1320 Καὶ
3361 1264 3524 1318 καλεί
3555 1266 3716 1332 cur?

2147 1357 2392 1427 Λάζαρε,
2429 1359 2605 1428 δεῦρο
2635 1360 2750 1425 ἔξω
2770 1377 2783 1390 ·
2813 1361 2912 1412 οὐκ
2936 1359 3210 1413 ἀντίθετον
3240 1359 3380 1428 ἔχων
3409 1358 3512 1428 τὴν
3542 1357 3716 1426 σάρκα,

2147 1450 2267 1502 οὐδὲ
2297 1451 2395 1520 τῆς
2427 1451 2680 1524 θεότητος
2713 1454 2770 1504 ὲν
2803 1453 2964 1524 σαρκὶ
3000 1455 3064 1524 τῇ
3107 1452 3290 1524 τελείᾳ
3318 1449 3714 1524 ἑνανθρωπήςει

2149 1540 2570 1614 δεδουλωμένης.

3162 1636 3300 1691 Nam
3347 1653 3412 1692 su
3422 1651 3521 1706 pra
3572 1648 3718 1701 aquas

464 1729 762 1784 ambulavit
780 1729 821 1792 ³,
861 1731 936 1782 uti
978 1725 1366 1779 immutabilem
1416 1724 1580 1778 Deum
1633 1740 1730 1794 par
1773 1731 1908 1787 erat,
1947 1726 2038 1793 qui
2087 1728 2166 1782 sic
2207 1728 2259 1782 in
2286 1746 2451 1786 carne
2487 1733 2828 1795 versabatur,
2862 1732 3008 1786 nulla
3085 1741 3140 1788 ut
3187 1733 3241 1786 in
3306 1732 3490 1800 ipsum
3541 1745 3608 1783 ex
3648 1729 3717 1779 illa

475 1822 706 1876 mutatio
757 1818 1108 1872 redundaret.
1155 1813 1342 1884 Itaque
1392 1823 1445 1867 et
1491 1821 1745 1867 contenta
1789 1829 1920 1866 voce
1968 1814 2050 1868 sic
2089 1819 2357 1874 exclamat
2386 1839 2398 1874 :
2432 1820 2657 1884 Lazare,
2702 1827 2814 1878 veni
2838 1825 2985 1894 [oras
3007 1825 3049 1878 ⁵.
3083 1824 3140 1878 lu
3170 1840 3278 1894 quo
3344 1836 3574 1876 carnem
3634 1820 3718 1872 sibi

470 1919 858 1981 repugnantem
911 1906 1134 1959 minime
1167 1913 1248 1958 est
1289 1914 1578 1972 expertus;
1632 1918 1806 1971 neque
1845 1903 2103 1961 divinitas
2137 1907 2253 1979 ipsa
2303 1910 2357 1965 in
2432 1928 2616 1977 carne,
2688 1915 3038 1988 perfectaque
3083 1915 3324 1970 hominis
3385 1923 3588 1968 natura
3650 1927 3720 1965 re-

471 2002 658 2056 sidens
685 2000 832 2054 velut
865 1998 1126 2052 servitute
1155 1996 1388 2065 quadam
1418 2003 1503 2048 est
1542 2009 1827 2064 oppressa.

541 2091 734 2148 XXIX.
777 2089 1077 2145 Possunzus
1126 2101 1178 2144 et
1235 2089 1340 2142 alia
1381 2088 1660 2157 complura
1709 2088 2044 2142 subtexere:

2213 2056 2352 2144 -K0'.
2383 2093 2492 2144 Καὶ
2536 2093 2704 2147 πολλά
2733 2095 2822 2165 μοί
2863 2097 2976 2148 ἐστι
3006 2095 3099 2148 τοῦ
3133 2095 3312 2163 λέγειν
3336 2112 3348 2124 ·
3381 2095 3522 2149 ἀλλὰ
3556 2097 3646 2150 καὶ
3669 2099 3724 2151 ἑκ

470 2187 618 2241 velut
653 2184 797 2254 quod
848 2199 877 2237 a
925 2183 1160 2237 mortuis
1193 2181 1463 2234 excitatus
1503 2189 1607 2240 est,
1658 2179 1805 2248 quod
1854 2177 2050 2234 infero-

471 2291 593 2329 rum
627 2276 865 2329 claustra
904 2272 1183 2342 perfregit,
1215 2270 1358 2340 quod
1388 2269 1726 2338 captivorum
1767 2285 1960 2340 agmen
1994 2272 2049 2323 in

471 2374 792 2438 potestatem
818 2365 1024 2435 redegit
1046 2374 1099 2418 et
1121 2363 1310 2418 eduxit
1333 2363 1352 2393 ⁵
1387 2401 1400 2424 ,
1427 2361 1571 2430 quod
1623 2363 1782 2415 tertia
1814 2362 1900 2416 die
1925 2377 2048 2416 cum

445 2474 638 2512 «rarae
673 2472 771 2512 sua
819 2457 1184 2520 sanetissima,
1235 2468 1448 2508 necnon
1485 2461 1539 2506 et
1571 2452 1782 2522 1023
1843 2453 2047 2517 anima,

472 2556 673 2612 mente,
715 2561 778 2601 ac
805 2553 920 2600 toto
943 2545 1178 2615 denique
1205 2559 1334 2598 vase
1363 2544 1480 2613 ipso
1531 2544 1796 2607 surrexit;
1828 2551 1883 2598 et
1924 2559 2049 2598 cum

452 2642 758 2696 divinitate
787 2638 1076 2708 copulatus
1097 2637 1259 2690 homo
1291 2635 1567 2706 perfectus
1592 2634 1826 2699 exstitit,
1857 2634 2052 2690 huma-

476 2749 714 2803 namque
747 2741 996 2786 naturam
1031 2728 1098 2783 ad
1128 2728 1432 2784 divinitatis
1458 2727 1798 2783 consortium
1827 2729 2006 2784 evexit
2033 2747 2046 2784 :

470 2827 608 2880 adeo
645 2834 702 2879 ut
745 2839 893 2880 mors
919 2823 1023 2893 ipsi
1065 2837 1172 2876 non
1204 2821 1522 2876 dominetur
1560 2821 1795 2890 amplius
1815 2822 1856 2874 “.
1885 2821 2052 2892 Igitur

471 2936 595 2972 cum
631 2919 916 2973 divinitate
959 2915 1310 2984 conjunctus,
1355 2916 1501 2984 quod
1558 2931 1804 2970 crassum
1849 2923 1966 2969 erat
1999 2923 2052 2969 et

486 3024 841 3074 concretum,
890 3018 1061 3062 tenue
1102 3024 1165 3061 ac
1207 3007 1406 3062 subtile
1463 3007 1718 3070 reddidit,
1761 3016 1872 3060 tum
1926 3021 2049 3060 cum

427 3085 446 3102 ’
474 3106 678 3158 clauSis
720 3102 931 3156 foribus
981 3103 1262 3171 ingressus
1313 3108 1434 3165 est;
1473 3107 1529 3154 et
1602 3116 1725 3153 cum
1767 3100 2048 3164 intrasset,

439 3227 442 3230 -
473 3211 695 3250 carnem
729 3202 782 3250 et
843 3208 969 3248 ossa
1009 3192 1356 3255 monstravit,
1390 3200 1448 3246 ut
1477 3200 1532 3246 et
1567 3192 1860 3246 salutarem
1896 3206 2050 3248 suam

478 3288 772 3359 potentiam
803 3285 1138 3350 ostenderet,
1171 3294 1225 3339 et
1252 3285 1395 3355 quod
1422 3286 1536 3355 spei
1566 3293 1770 3338 nostra:
1800 3277 2052 3356 proposi-

479 3391 591 3434 tum
645 3388 728 3435 est
785 3379 1102 3438 exhiberet,
1149 3380 1478 3448 planumque
1525 3377 1726 3432 faceret
1777 3379 1957 3431 omnia
2019 3391 2049 3430 a

478 3474 658 3528 Verbo
689 3479 812 3543 post
842 3480 1151 3541 susceptam
1199 3486 1417 3525 carnem
1462 3485 1584 3525 esse
1617 3468 1876 3540 perfecta.
1912 3468 2051 3523 Prai-

474 3577 620 3619 terea
651 3564 840 3619 eodem
872 3563 964 3616 illo
991 3578 1220 3632 corpore
1249 3561 1534 3632 magnifice
1566 3562 1816 3618 sublatus
1862 3565 1915 3616 in
1941 3576 2051 3617 ca:-

477 3658 586 3708 Iuin
619 3656 684 3709 ad
729 3654 905 3707 Patris
937 3655 1214 3708 dexteram
1255 3653 1522 3717 consedit,
1575 3670 1684 3707 non
1735 3656 1874 3709 mole
1914 3671 2052 3724 pra:-

476 3756 733 3818 gavatus
779 3747 1048 3814 corporis,
1092 3752 1186 3798 aut
1215 3760 1345 3797 vero
1389 3760 1620 3812 corpore
1671 3745 1791 3815 ipso
1835 3746 2051 3816 penitus

477 3840 800 3902 exsolutus,
863 3838 956 3893 sed
1010 3839 1151 3892 idem
1208 3839 1386 3907 ipsum
1435 3839 1679 3907 spiritale
1742 3840 2047 3894 suscitavit.

477 3935 631 4000 Quod
663 3933 708 3988 si
744 3944 988 3986 nostrum
1029 3933 1157 3984 illud
1191 3947 1389 4000 corpus
1421 3932 1472 3984 in
1504 3934 1857 4002 corruptione
1888 3934 2052 3987 semi-

477 4033 662 4087 natur,
717 4024 889 4094 surgit
931 4024 985 4075 in
1019 4023 1459 4091 incorruptione,
1509 4023 1810 4077 seminatur
1849 4039 2051 4096 corpus

479 4117 736 4179 animale,
763 4115 1007 4187 spiritale
1029 4129 1230 4185 corpus
1253 4114 1583 4168 excitatur”:
1612 4123 1819 4184 quanto
1847 4115 1899 4170 id
1931 4131 2047 4168 ma-

479 4213 562 4281 gis
590 4212 660 4266 de
687 4211 950 4280 unigeniti
982 4207 1102 4262 Filii
1132 4208 1222 4262 Dei
1258 4222 1489 4276 corpore
1527 4224 1624 4277 par
1647 4216 1732 4262 est
1759 4208 2054 4262 arbitrari?

478 4304 770 4375 Propterea
805 4303 949 4357 istud
983 4302 1260 4371 impletum
1304 4308 1426 4354 est:
1452 4297 1574 4354 Non
1617 4299 1767 4353 dabis
1811 4310 2050 4353 sanctum

483 4411 629 4454 tuum
661 4400 832 4454 uidere
875 4403 1281 4465 corruptionem,
1326 4411 1487 4466 neque
1517 4396 1775 4466 relinques
1816 4398 2052 4450 animant

481 4510 646 4548 meam
697 4494 750 4546 in
801 4491 1007 4560 inferno
1029 4490 1072 4542 ⁸.
1113 4490 1290 4558 Atque
1340 4489 1453 4542 haec
1497 4488 1716 4558 quidem
1759 4491 1941 4542 omnia
1986 4489 2054 4542 de

482 4586 722 4656 perfecta
770 4583 1009 4638 hominis
1057 4591 1252 4634 natura
1285 4580 1352 4634 ab
1382 4580 1476 4634 illo
1511 4591 1761 4652 suscepta
1794 4597 1859 4634 eo
1891 4597 1920 4633 a
1969 4597 2054 4636 me

481 4679 757 4747 disputata
797 4683 942 4736 sunt,
986 4691 1056 4729 ne
1099 4675 1186 4728 cui
1217 4675 1425 4729 veniret
1453 4675 1506 4727 in
1552 4682 1806 4734 mentem,
1847 4691 1943 4742 pro
1988 4690 2054 4728 eo

2077 3437 2119 3495 C

2154 2179 2363 2251 νεκρῶν
2411 2183 2730 2250 ἀνίσταται,
2767 2187 2862 2239 καὶ
2912 2186 3270 2257 ἀναμοχλεύει
3309 2187 3380 2240 τὰ
3419 2188 3543 2241 καθ’
3590 2190 3722 2260 ᾅδου,

2153 2272 2246 2325 καὶ
2274 2273 2408 2326 ἐλὼν
2435 2276 2702 2348 ἀνήνεγκε
2731 2278 2829 2349 τὴν
2855 2279 3252 2350 αἰχμαλωσίαν,
3290 2282 3384 2333 καὶ
3416 2282 3654 2345 ἀναστὰς
3675 2285 3724 2335 τὺ

2151 2368 2448 2439 τριήμερον
2478 2371 2534 2421 ὲν
2555 2371 2690 2442 αὐτῇ
2717 2375 2783 2443 τῇ
2813 2372 2946 2443 ἁγίᾳ
2967 2372 3151 2444 σαρκὶ,
3186 2372 3280 2425 καὶ
3310 2372 3461 2444 ψυχῇ
3489 2377 3556 2444 τῇ
3589 2375 3722 2445 ἁγία,

2152 2459 2246 2510 καὶ
2292 2458 2403 2528 νῷ,
2459 2460 2553 2512 καὶ
2586 2461 2749 2513 παντὶ
2793 2460 2870 2530 τῷ
2924 2460 3147 2524 σκεύει,
3184 2460 3280 2513 καὶ
3331 2462 3389 2514 ὲν
3426 2464 3494 2531 τῇ
3529 2461 3724 2530 θεότητι

2154 2548 2429 2619 ἡνωμένος
2458 2589 2472 2613 ,
2525 2549 2730 2614 τέλειος
2767 2553 2987 2620 γέγονεν
3050 2551 3336 2622 ἅνθρωπος
3365 2591 3380 2614 ,
3436 2551 3725 2614 συνενώσας

2152 2640 2250 2711 τὴν
2283 2639 2692 2712 ἐνανθρὼπησιν
2726 2643 2918 2697 ἑαυτοῦ
2941 2646 3002 2713 τῇ
3036 2643 3271 2712 θεότητι,
3305 2643 3544 2696 θανάτου
3574 2645 3725 2696 αὐτοῦ

2158 2733 2355 2804 μηκέτι
2385 2733 2749 2806 κυριεύοντος.
2793 2736 2872 2806 Τῇ
2908 2735 2966 2788 δὲ
2999 2735 3212 2804 θεότητι
3254 2737 3655 2806 συνηνωμένος,
3676 2737 3728 2788 τὸ

2155 2832 2468 2902 παχυμερὲς
2499 2831 2831 2903 λεπτομερὲς
2859 2831 3115 2894 ὲτελείου,
3148 2832 3532 2902 εἰσερχόμενος
3563 2832 3726 2901 θυρῶν

2155 2921 2576 2993 κεκλεισμένων,
2633 2924 2729 2976 καὶ
2766 2922 2904 2994 μετὰ
2951 2923 3049 2992 τὴν
3087 2923 3286 2975 εἴσοδον
3319 2922 3536 2986 δεικνὺς
3565 2925 3727 2994 σάρκα

2155 3014 2248 3068 καὶ
2273 3014 2452 3073 ὀστέα.
2483 3015 2570 3068 ἴνα
2596 3014 2654 3067 τὸ
2689 3016 2955 3086 σωτήριον
2989 3016 3087 3086 τῆς
3140 3015 3428 3086 δυνάμεως
3459 3016 3722 3088 timeba-,-

2155 3107 2240 3159 ἵνα
2265 3107 2363 3178 τὴν
2397 3106 2552 3178 ἡμῶν
2583 3106 2774 3160 ἐλπίδα
2813 3107 3066 3179 ὑποδείξῃ
3092 3149 3106 3172 ,
3145 3108 3224 3160 ὅτι
3275 3108 3344 3160 τὰ
3395 3108 3578 3161 πάντα
3625 3110 3729 3160 ὲτεο

2154 3195 2377 3249 λείωσεν
2430 3197 2600 3250 ἐλθὼν
2633 3200 2661 3251 ό
2695 3198 2883 3266 Λόγος.
2947 3197 3057 3250 Καὶ
3106 3199 3162 3250 ἐν
3216 3197 3366 3267 αὑτῷ
3400 3197 3479 3266 τῷ
3527 3200 3729 3268 σώματι

2155 3288 2486 3358 ἀναληφθεὶς
2550 3290 2773 3356 ἐνδόξως
2821 3289 3072 3344 ἐκάθισεν
3097 3291 3153 3342 ὲν
3182 3289 3332 3360 δεξιᾷ
3365 3290 3462 3342 τοῦ
3503 3291 3726 3361 Πατῷς,

2155 3380 2253 3434 οὐκ
2280 3383 2386 3435 ἀπὸ
2417 3381 2509 3435 τοῦ
2553 3383 2719 3450 ὄγκου
2755 3383 3073 3452 πιεζόμενος
3098 3422 3112 3445 ,
3155 3383 3255 3435 οὐκ
3293 3382 3456 3444 ἐκτὸς
3496 3383 3589 3435 τοῦ
3635 3383 3726 3434 σώ-

2156 3491 2324 3545 ματος
2354 3472 2610 3544 ὑπάρχων
2634 3515 2648 3537 ,
2678 3474 2738 3526 τὸ
2776 3473 2831 3526 δὲ
2872 3473 3033 3544 σῶμα
3076 3474 3451 3545 πνευματικὸν
3500 3475 3726 3546 ἐγείρας.

2154 3569 2216 3620 Εἰ
2249 3569 2311 3620 τὸ
2365 3569 2628 3638 ἡμέτερον
2670 3567 2954 3638 σπείρεται
2994 3569 3050 3620 ὲν
3083 3569 3295 3638 φθορᾷ,
3355 3568 3632 3639 ἐγείρεται
3679 3571 3728 3620 ἐν

2153 3659 2432 3731 ἀφθαρσίᾳ
2453 3677 2466 3689 θ
2499 3660 2780 3730 σπείρεται
2815 3658 2973 3729 σῶμα
2993 3660 3245 3730 ψυχικὸν,
3271 3659 3549 3731 ἐγείρεται
3584 3661 3727 3730 σῶμα

2155 3749 2538 3822 πνευματικόν’
2575 3750 2725 3820 πόσῳ
2757 3767 2820 3818 γε
2877 3751 3076 3820 μᾶλλον
3117 3750 3211 3805 τοῦ
3250 3752 3578 3822 μονογενοῦς
3611 3752 3726 3805 fici

2153 3843 2246 3896 τοῦ
2297 3843 2466 3907 Θεοῦ;
2513 3844 2603 3897 Διὸ
2642 3843 3028 3915 πεπλήρωται’
3075 3847 3156 3898 Οὺ
3179 3845 3396 3912 δώσεις
3431 3847 3540 3900 τὸν
3569 3847 3729 3899 ὅσιόν

2153 3951 2269 3990 σου
2315 3935 2462 3989 ἰδεῖν
2495 3934 2858 4005 διαφθορὰν,
2911 3936 3054 3990 οὐδὲ
3102 3937 3307 4003 ἐάσεις
3364 3939 3484 4006 τὴν
3529 3939 3728 4008 ψυχήν·

2148 4044 2267 4095 μου
2303 4028 2390 4091 εἰς
2422 4025 2594 4092 ᾅδην.
2640 4025 2796 4078 Ἀλλὰ
2827 4025 2998 4080 ταῦτά
3034 4045 3122 4098 μοι
3161 4029 3340 4081 πάντα
3373 4031 3502 4100 περὶ
3534 4031 3632 4100 τῆς
3659 4044 3725 4082 τεο

2154 4119 2301 4182 λείας
2355 4117 2519 4171 αὑτοῦ
2563 4117 3024 4190 ὲνανθρωπήσεως
3072 4120 3323 4192 εἴρηται,
3369 4123 3457 4174 ἵνα
3493 4125 3565 4192 μή
3595 4139 3724 4184 τινες

2155 4211 2450 4282 νομίσωσι,
2483 4209 2571 4262 διὰ
2607 4209 2668 4262 τὸ
2702 4211 2879 4282 σάρκα
2907 4211 3068 4265 αὑτὸν
3122 4213 3474 4284 ἀνειληφέναι
3504 4214 3723 4273 τελείαδ,

2159 4303 2232 4374 μὴ
2281 4302 2390 4372 ἄρα
2443 4301 2537 4354 καὶ
2581 4301 2648 4354 τὰ
2683 4301 2782 4371 τῆς
2816 4302 3016 4373 σαρκὸς
3051 4302 3220 4370 ἄλογα
3253 4303 3515 4376 ἔπραξεν.
3549 4304 3724 4365 Οὐδεὶς

2155 4395 2260 4468 γὰρ
2289 4393 2397 4446 τῶν
2428 4392 2667 4456 εὐσεϐῶς
2702 4393 3066 4446 πιστευόντων
3110 4396 3191 4458 εἰς
3222 4396 3389 4449 αὑτὸν
3421 4397 3580 4450 τοῦτο
3609 4400 3723 4454 νοεῖ,

2155 4488 2189 4556 ἢ
2219 4486 2387 4554 λέγει.
2418 4486 2482 4537 Εἰ
2510 4484 2565 4537 δὲ
2593 4485 2768 4548 οὐδεὶς
2805 4488 2915 4537 νοεῖ
2953 4485 3082 4555 περὶ
3111 4485 3275 4538 αὐτοῦ
3305 4487 3377 4539 τὰ
3409 4489 3510 4558 τῆς
3542 4486 3726 4557 σαρκὸς

2156 4580 2326 4648 ἄλογα
2385 4577 2762 4650 πεπραχέναι.
2813 4577 2935 4632 οὔτε
2984 4581 3050 4633 τὰ
3095 4579 3190 4633 τοῦ
3236 4581 3328 4634 νοῦ
3370 4581 3543 4649 ἄλογα
3579 4582 3727 4635 αὐτὴν

2159 4670 2516 4740 πεποιηκέναι
2547 4669 2808 4738 νοήσειεν.
2847 4670 2957 4722 Καὶ
2986 4671 3069 4723 ὅτι
3099 4671 3196 4740 μὲν
3229 4672 3451 4734 τελείως
3478 4670 3732 4742 ἐνηνθρὼο

482 4770 626 4842 quod
665 4768 962 4839 perlectam
1008 4763 1230 4822 carnem
1266 4767 1524 4832 induerit,
1564 4782 1626 4822 ea
1658 4767 1773 4836 ipsa
1811 4784 2045 4837 quoque,

2163 4779 2334 4833 πησεν
2363 4759 2531 4813 ἐλθὼν
2583 4763 2611 4813 ό
2656 4760 2850 4828 Λόγος,
2881 4760 3037 4814 τοῦτο
3074 4761 3255 4830 δῆλον.
3293 4762 3405 4814 Καὶ
3434 4762 3533 4815 ἐὰν
3571 4765 3732 4814 sittin-

480 4882 600 4937 qine
641 4865 705 4919 ad
738 4878 958 4917 carnem
988 4861 1285 4932 pertinent,
1327 4860 1562 4915 absurda
1595 4862 2052 4931 abhorrentiaque

480 4958 824 5030 prgestitisse.
869 4953 1037 5009 Nemo
1086 4955 1252 5016 enim,
1303 4953 1393 5023 qui
1435 4953 1652 5023 quidem
1708 4953 1956 5025 religiose
1988 4954 2055 5008 de

481 5055 572 5108 illa
608 5052 829 5113 sentiat,
860 5050 927 5104 de
965 5064 1031 5104 eo
1070 5048 1336 5118 ejusmodi
1365 5048 1621 5116 quiddam
1657 5049 1840 5102 animo
1869 5049 2056 5102 conci-

482 5145 614 5217 piat,
665 5153 757 5198 aut
790 5142 972 5198 verbis
1015 5141 1303 5210 exprimat.
1338 5137 1495 5204 Quod
1543 5139 1589 5193 si
1621 5153 1782 5194 nemo
1825 5147 1927 5203 est,
1963 5137 2056 5208 qui

481 5237 679 5295 rationi
709 5236 981 5292 contraria
1011 5245 1064 5290 et
1098 5233 1336 5290 absurda
1371 5233 1460 5284 illa
1489 5231 1673 5287 carnis
1703 5230 1880 5285 ollicia
1913 5245 2054 5302 pra:-

480 5333 688 5389 stitisse
712 5331 861 5385 illum
893 5329 1190 5390 existimet,
1226 5344 1294 5382 ne
1328 5342 1389 5380 ea
1412 5324 1631 5395 quidem
1667 5340 1787 5395 qua:
1813 5339 1841 5376 a
1872 5331 2054 5378 mente

479 5426 934 5495 proficiscuntur,
992 5423 1196 5476 absona
1245 5430 1297 5475 et
1349 5418 1700 5474 abhorrentia
1757 5417 2052 5487 perfecisse

482 5515 757 5585 putandus
784 5520 887 5566 est.
912 5509 1029 5566 1.2m
1068 5527 1192 5565 vero
1215 5509 1306 5563 Dei
1338 5508 1574 5563 Verbum
1607 5506 1848 5578 perfecte
1883 5507 2054 5560 homi-

551 5628 566 5659 ¹
604 5624 791 5678 Matth.
828 5641 887 5688 ιι,
923 5623 946 5676 l
979 5639 1097 5692 sqq.
1175 5625 1193 5653 ¹
1231 5621 1359 5674 Luc.
1399 5637 1515 5686 νιιι,
1550 5621 1640 5674 21.

479 5697 552 5753 τι
588 5698 719 5750 Cor.
781 5711 870 5759 xv,
926 5694 1015 5747 4:2.

1716 5621 1738 5651 ³
1759 5618 1958 5673 .Mattb.
1993 5635 2102 5684 xiv,
2131 5617 2220 5670 ‘26.

1091 5695 1112 5725 ⁸
1148 5692 1293 5747 Psat.
1331 5708 1419 5757 xv,
1453 5693 1694 5759 10;Act.
1726 5706 1789 5758 ιι,
1821 5692 1926 5759 51;
1956 5706 2078 5755 xui,
2109 5690 2194 5743 55.

2163 4874 2259 4930 μεν
2286 4853 2526 4917 τελείως,
2554 4853 2614 4904 οὑ
2637 4852 2730 4906 δύο
2755 4855 3022 4925 Χριστοὺς
3049 4853 3340 4924 ἕχομεν,οὐ
3367 4855 3461 4908 δύο
3485 4855 3732 4923 βασιλέας

2162 4950 2324 5010 Υἰοὺς
2351 4945 2508 5008 Θεοῦ,
2533 4945 2667 4998 ἀλλὰ
2688 4945 2778 4998 τὸν
2811 4947 2974 5000 αὐτὲν
3006 4946 3139 4999 Θεὸν
3159 4987 3174 5009 ,
3210 4947 3302 4999 τὸν
3330 4947 3498 5000 αὑτὸν
3529 4945 3731 5014 ἂνθρωο

2162 5059 2294 5096 πον’
2332 5042 2431 5110 οὐχ
2478 5039 2553 5102 ὡς
2586 5041 2644 5092 ἐν
2701 5038 2971 5110 ἀνθρώπῳ
3031 5040 3312 5109 οἰκήσαντι
3340 5041 3385 5102 ⁸,
3434 5039 3731 5092 ἁλλάὑτὸν

2161 5136 2280 5189 ὅλον
2314 5132 2806 5203 ὲνανθρωπήσαντα
2831 5173 2844 5195 ,
2874 5133 2974 5186 οὐκ
3000 5133 3284 5204 ἄνθρωπον
3317 5134 3449 5186 ὅντα
3471 5174 3486 5196 ,
3519 5131 3726 5184 ἐλθόντα

2162 5229 2243 5290 εἰς
2272 5226 2555 5297 προκοπὴν
2594 5223 2847 5294 θεότητος
2867 5265 2883 5289 ,
2929 5224 3065 5279 ἀλλὰ
3098 5224 3230 5278 Θεὸν
3259 5226 3353 5279 ἀπ’
3383 5223 3624 5295 οὐρανῶν
3650 5222 3725 5272 ἑλ-

2164 5321 2361 5384 θόντα,
2412 5319 2505 5371 καὶ
2571 5317 2650 5380 εἰς
2703 5317 2892 5370 ἑαυτὸν
2946 5319 3400 5389 ἁναπλασάμενον
3448 5317 3543 5386 τὴν
3597 5313 3719 5366 ἰδίαν

2160 5409 2571 5481 ὲνανθρὼττησιν
2600 5407 2745 5461 κατὰ
2775 5408 2873 5478 τὴν
2900 5409 3066 5461 αὐτοῦ
3109 5410 3340 5480 δυνατὴν
3369 5408 3587 5476 θεότητα
3610 5420 3624 5432 ⁸
3650 5403 3714 5463 ὡς

2159 5505 2324 5574 λέγει,
2351 5504 2430 5556 ὅτι
2457 5501 2648 5571 Λόγος
2677 5501 2833 5570 σὰρξ
2866 5502 3123 5570 ἐγένετο.
3151 5503 3225 5555 Τὸ
3253 5502 3332 5567 δὲ,
3364 5502 3542 5569 Λόγος
3569 5493 3710 5560 σὰρξ

2300 5618 2320 5647 ⁸
2347 5614 2504 5669 Joan.
2540 5629 2614 5676 XI,
2639 5614 2727 5669 45.
2805 5617 2824 5646 ’⁵
2857 5615 3054 5676 prcs.
3095 5631 3166 5676 tv,
3199 5614 3252 5670 8.
3331 5615 3351 5646 ‘
3379 5612 3530 5668 Rom.
3555 5626 3625 5674 ﬂ,
3662 5605 3708 5658 9-

2805 5617 2824 5646 "
2857 5615 3054 5686 Ephcs.
3095 5631 3166 5680 tv,
3199 5614 3252 5670 8.

2277 5689 2296 5720 ⁹
2333 5685 2395 5740 F.
2429 5685 2752 5756 οἰκήσαντα.
