  <div class='ocr_page' id='page_1' title='image "/cluster/home/n/w/nwhite01/storage/ocr_20150623/42/hvd.32044011752995/342.png"; bbox 0 0 3790 6212; ppageno 0'>
   <div class='ocr_carea' id='block_1_1' title="bbox 105 273 202 330">
    <p class='ocr_par' dir='ltr' id='par_1_1' title="bbox 105 273 202 330">
     <span class='ocr_line' id='line_1_1' title="bbox 105 273 202 330; baseline 0.021 -2"><span class='ocrx_word' id='word_1_1' title='bbox 105 273 202 330; x_wconf 75' lang='lat'><strong>685</strong></span> 
     </span>
    </p>
   </div>
   <div class='ocr_carea' id='block_1_2' title="bbox 685 269 2692 358">
    <p class='ocr_par' dir='ltr' id='par_1_2' title="bbox 685 269 2692 358">
     <span class='ocr_line' id='line_1_2' title="bbox 685 269 2692 358; baseline 0 -27"><span class='ocrx_word' id='word_1_2' title='bbox 685 275 1051 358; x_wconf 75' lang='lat' dir='ltr'><strong>ADVERSUS</strong></span> <span class='ocrx_word' id='word_1_3' title='bbox 1083 273 1424 334; x_wconf 62' lang='grc' dir='ltr'><strong>ΗΕΒΕὸΕὸ</strong></span> <span class='ocrx_word' id='word_1_4' title='bbox 1457 275 1581 332; x_wconf 86' lang='lat' dir='ltr'><strong>LIB.</strong></span> <span class='ocrx_word' id='word_1_5' title='bbox 1623 273 1709 334; x_wconf 85' lang='lat' dir='ltr'><strong>ill.</strong></span> <span class='ocrx_word' id='word_1_6' title='bbox 1751 269 1912 334; x_wconf 72' lang='lat' dir='ltr'><strong>TOM.</strong></span> <span class='ocrx_word' id='word_1_7' title='bbox 1955 278 2094 334; x_wconf 90' lang='lat' dir='ltr'><strong>ll.-—</strong></span> <span class='ocrx_word' id='word_1_8' title='bbox 2133 275 2400 334; x_wconf 68' lang='lat' dir='ltr'><strong>HASRES.</strong></span> <span class='ocrx_word' id='word_1_9' title='bbox 2439 275 2692 333; x_wconf 75' lang='lat' dir='ltr'><strong>LXXVII.</strong></span> 
     </span>
    </p>
   </div>
   <div class='ocr_carea' id='block_1_3' title="bbox 3212 267 3319 327">
    <p class='ocr_par' dir='ltr' id='par_1_3' title="bbox 3212 267 3319 327">
     <span class='ocr_line' id='line_1_3' title="bbox 3212 267 3319 327; baseline -0.009 0"><span class='ocrx_word' id='word_1_10' title='bbox 3212 267 3319 327; x_wconf 78' lang='lat'><strong>688</strong></span> 
     </span>
    </p>
   </div>
   <div class='ocr_carea' id='block_1_4' title="bbox 105 381 1677 458">
    <p class='ocr_par' dir='ltr' id='par_1_4' title="bbox 105 384 1655 458">
     <span class='ocr_line' id='line_1_4' title="bbox 105 384 1655 458; baseline 0.001 -19"><span class='ocrx_word' id='word_1_11' title='bbox 105 385 355 453; x_wconf 70' lang='grc' dir='ltr'><strong>ἐγένετο,</strong></span> <span class='ocrx_word' id='word_1_12' title='bbox 391 384 476 437; x_wconf 84' lang='grc' dir='ltr'>ἵνα</span> <span class='ocrx_word' id='word_1_13' title='bbox 529 387 602 455; x_wconf 85' lang='grc' dir='ltr'>μή</span> <span class='ocrx_word' id='word_1_14' title='bbox 641 403 784 450; x_wconf 85' lang='grc' dir='ltr'>τινες</span> <span class='ocrx_word' id='word_1_15' title='bbox 829 387 1120 457; x_wconf 78' lang='grc' dir='ltr'><strong>νομίσωσιν</strong></span> <span class='ocrx_word' id='word_1_16' title='bbox 1147 429 1162 451; x_wconf 95' lang='grc'><strong>,</strong></span> <span class='ocrx_word' id='word_1_17' title='bbox 1195 389 1278 441; x_wconf 80' lang='grc' dir='ltr'>ὅτι</span> <span class='ocrx_word' id='word_1_18' title='bbox 1321 389 1532 458; x_wconf 83' lang='grc' dir='ltr'>πρῶτος</span> <span class='ocrx_word' id='word_1_19' title='bbox 1561 391 1655 443; x_wconf 77' lang='grc' dir='ltr'><strong>ἄν-</strong></span> 
     </span>
    </p>
   </div>
   <div class='ocr_carea' id='block_1_5' title="bbox 1788 381 3310 458">
    <p class='ocr_par' dir='ltr' id='par_1_5' title="bbox 1788 381 3310 456">
     <span class='ocr_line' id='line_1_5' title="bbox 1788 381 3310 456; baseline -0.003 -14"><span class='ocrx_word' id='word_1_20' title='bbox 1788 405 1882 443; x_wconf 67' lang='lat' dir='ltr'><strong>lem</strong></span> <span class='ocrx_word' id='word_1_21' title='bbox 1911 405 2030 444; x_wconf 86' lang='lat' dir='ltr'><strong>esse</strong></span> <span class='ocrx_word' id='word_1_22' title='bbox 2068 388 2266 442; x_wconf 82' lang='lat' dir='ltr'><strong>factum</strong></span> <span class='ocrx_word' id='word_1_23' title='bbox 2311 403 2468 442; x_wconf 90' lang='lat' dir='ltr'><strong>nemo</strong></span> <span class='ocrx_word' id='word_1_24' title='bbox 2501 403 2607 442; x_wconf 85' lang='lat' dir='ltr'><strong>non</strong></span> <span class='ocrx_word' id='word_1_25' title='bbox 2653 383 2924 456; x_wconf 81' lang='lat' dir='ltr'><strong>intelligit.</strong></span> <span class='ocrx_word' id='word_1_26' title='bbox 2963 381 3096 438; x_wconf 86' lang='lat' dir='ltr'><strong>Cum</strong></span> <span class='ocrx_word' id='word_1_27' title='bbox 3132 395 3310 439; x_wconf 83' lang='lat' dir='ltr'><strong>autem</strong></span> 
     </span>
    </p>
   </div>
   <div class='ocr_carea' id='block_1_6' title="bbox 107 473 1656 552">
    <p class='ocr_par' dir='ltr' id='par_1_6' title="bbox 107 473 1656 552">
     <span class='ocr_line' id='line_1_6' title="bbox 107 473 1656 552; baseline 0.003 -22"><span class='ocrx_word' id='word_1_28' title='bbox 107 478 310 546; x_wconf 82' lang='grc' dir='ltr'>θρωπος</span> <span class='ocrx_word' id='word_1_29' title='bbox 363 473 459 548; x_wconf 75' lang='grc' dir='ltr'>ἦν,</span> <span class='ocrx_word' id='word_1_30' title='bbox 497 477 591 530; x_wconf 71' lang='grc' dir='ltr'><strong>καὶ</strong></span> <span class='ocrx_word' id='word_1_31' title='bbox 642 473 771 547; x_wconf 81' lang='grc' dir='ltr'>ἦλθε</span> <span class='ocrx_word' id='word_1_32' title='bbox 825 479 1056 549; x_wconf 80' lang='grc' dir='ltr'>Χριστὸς</span> <span class='ocrx_word' id='word_1_33' title='bbox 1101 481 1180 544; x_wconf 80' lang='grc' dir='ltr'>εἰς</span> <span class='ocrx_word' id='word_1_34' title='bbox 1223 480 1524 552; x_wconf 71' lang='grc' dir='ltr'>ἄνθρωπον.</span> <span class='ocrx_word' id='word_1_35' title='bbox 1559 481 1656 534; x_wconf 79' lang='grc' dir='ltr'>Διὰ</span> 
     </span>
    </p>
   </div>
   <div class='ocr_carea' id='block_1_7' title="bbox 107 563 1658 638">
    <p class='ocr_par' dir='ltr' id='par_1_7' title="bbox 107 563 1658 638">
     <span class='ocr_line' id='line_1_7' title="bbox 107 563 1658 638; baseline 0.005 -22"><span class='ocrx_word' id='word_1_36' title='bbox 107 563 252 617; x_wconf 85' lang='grc' dir='ltr'>τοῦτο</span> <span class='ocrx_word' id='word_1_37' title='bbox 277 566 444 632; x_wconf 81' lang='grc' dir='ltr'><strong>Λόγον</strong></span> <span class='ocrx_word' id='word_1_38' title='bbox 474 565 684 636; x_wconf 83' lang='grc' dir='ltr'>πρῶτον</span> <span class='ocrx_word' id='word_1_39' title='bbox 713 567 868 633; x_wconf 77' lang='grc' dir='ltr'>ἔταξε</span> <span class='ocrx_word' id='word_1_40' title='bbox 895 569 955 621; x_wconf 86' lang='grc' dir='ltr'>τὸ</span> <span class='ocrx_word' id='word_1_41' title='bbox 981 567 1121 620; x_wconf 85' lang='grc' dir='ltr'>θεῖον</span> <span class='ocrx_word' id='word_1_42' title='bbox 1148 569 1494 638; x_wconf 81' lang='grc' dir='ltr'>Εὐαγγέλιον.</span> <span class='ocrx_word' id='word_1_43' title='bbox 1521 566 1658 623; x_wconf 84' lang='grc' dir='ltr'>Εἶτα</span> 
     </span>
    </p>
   </div>
   <div class='ocr_carea' id='block_1_8' title="bbox 107 657 1658 731">
    <p class='ocr_par' dir='ltr' id='par_1_8' title="bbox 107 657 1658 731">
     <span class='ocr_line' id='line_1_8' title="bbox 107 657 1658 731; baseline 0.003 -21"><span class='ocrx_word' id='word_1_44' title='bbox 107 659 194 727; x_wconf 79' lang='grc' dir='ltr'>τὴν</span> <span class='ocrx_word' id='word_1_45' title='bbox 227 658 403 728; x_wconf 82' lang='grc' dir='ltr'>σάρκα</span> <span class='ocrx_word' id='word_1_46' title='bbox 437 657 816 727; x_wconf 82' lang='grc' dir='ltr'>ὡμολόγησεν,</span> <span class='ocrx_word' id='word_1_47' title='bbox 851 662 934 713; x_wconf 79' lang='grc' dir='ltr'>ὅτι</span> <span class='ocrx_word' id='word_1_48' title='bbox 989 661 1051 713; x_wconf 83' lang='grc' dir='ltr'><strong>’Θ</strong></span> <span class='ocrx_word' id='word_1_49' title='bbox 1087 662 1275 730; x_wconf 76' lang='grc' dir='ltr'><strong>Λόγος</strong></span> <span class='ocrx_word' id='word_1_50' title='bbox 1325 661 1480 730; x_wconf 81' lang='grc' dir='ltr'>σὰρξ</span> <span class='ocrx_word' id='word_1_51' title='bbox 1533 660 1658 731; x_wconf 79' lang='grc' dir='ltr'><strong>ἐγέ-</strong></span> 
     </span>
    </p>
   </div>
   <div class='ocr_carea' id='block_1_9' title="bbox 105 743 1658 828">
    <p class='ocr_par' dir='ltr' id='par_1_9' title="bbox 105 743 1658 828">
     <span class='ocr_line' id='line_1_9' title="bbox 105 743 1658 828; baseline 0.005 -29"><span class='ocrx_word' id='word_1_52' title='bbox 105 764 254 801; x_wconf 73' lang='grc' dir='ltr'>νετο.</span> <span class='ocrx_word' id='word_1_53' title='bbox 299 748 372 798; x_wconf 81' lang='grc' dir='ltr'><strong>Οὐ</strong></span> <span class='ocrx_word' id='word_1_54' title='bbox 403 747 510 818; x_wconf 86' lang='grc' dir='ltr'><strong>γὰρ</strong></span> <span class='ocrx_word' id='word_1_55' title='bbox 538 743 688 801; x_wconf 77' lang='grc' dir='ltr'>εἶπεν</span> <span class='ocrx_word' id='word_1_56' title='bbox 711 789 726 812; x_wconf 93' lang='grc'><strong>,</strong></span> <span class='ocrx_word' id='word_1_57' title='bbox 775 751 838 828; x_wconf 55' lang='grc' dir='ltr'><strong>ξΗ</strong></span> <span class='ocrx_word' id='word_1_58' title='bbox 873 749 1009 820; x_wconf 76' lang='grc' dir='ltr'>σὰρξ</span> <span class='ocrx_word' id='word_1_59' title='bbox 1059 751 1229 820; x_wconf 85' lang='grc' dir='ltr'><strong>Λόγος</strong></span> <span class='ocrx_word' id='word_1_60' title='bbox 1278 753 1490 822; x_wconf 72' lang='grc' dir='ltr'>ἐγένετο</span> <span class='ocrx_word' id='word_1_61' title='bbox 1511 795 1524 816; x_wconf 89' lang='grc'><strong>,</strong></span> <span class='ocrx_word' id='word_1_62' title='bbox 1573 754 1658 806; x_wconf 86' lang='grc' dir='ltr'>ἵνα</span> 
     </span>
    </p>
   </div>
   <div class='ocr_carea' id='block_1_10' title="bbox 105 837 1658 912">
    <p class='ocr_par' dir='ltr' id='par_1_10' title="bbox 105 837 1658 912">
     <span class='ocr_line' id='line_1_10' title="bbox 105 837 1658 912; baseline 0.007 -24"><span class='ocrx_word' id='word_1_63' title='bbox 105 837 248 908; x_wconf 80' lang='grc' dir='ltr'>δείξῃ</span> <span class='ocrx_word' id='word_1_64' title='bbox 271 839 484 910; x_wconf 83' lang='grc' dir='ltr'>πρῶτον</span> <span class='ocrx_word' id='word_1_65' title='bbox 510 839 679 908; x_wconf 84' lang='grc' dir='ltr'>Λόγον</span> <span class='ocrx_word' id='word_1_66' title='bbox 707 843 800 894; x_wconf 83' lang='grc' dir='ltr'><strong>ἀπ’</strong></span> <span class='ocrx_word' id='word_1_67' title='bbox 822 842 1067 912; x_wconf 81' lang='grc' dir='ltr'>οὐρανῶν</span> <span class='ocrx_word' id='word_1_68' title='bbox 1097 844 1339 905; x_wconf 76' lang='grc' dir='ltr'>ἐλθόντα,</span> <span class='ocrx_word' id='word_1_69' title='bbox 1367 847 1444 908; x_wconf 80' lang='grc' dir='ltr'><strong>είς</strong></span> <span class='ocrx_word' id='word_1_70' title='bbox 1471 845 1658 900; x_wconf 77' lang='grc' dir='ltr'>ἑαυτὸν</span> 
     </span>
    </p>
   </div>
   <div class='ocr_carea' id='block_1_11' title="bbox 105 929 1660 1010">
    <p class='ocr_par' dir='ltr' id='par_1_11' title="bbox 105 929 1660 1010">
     <span class='ocr_line' id='line_1_11' title="bbox 105 929 1660 1010; baseline 0.015 -30"><span class='ocrx_word' id='word_1_71' title='bbox 105 929 159 979; x_wconf 80' lang='grc' dir='ltr'>δὲ</span> <span class='ocrx_word' id='word_1_72' title='bbox 209 930 586 1002; x_wconf 76' lang='grc' dir='ltr'>ὑποστήσαντα</span> <span class='ocrx_word' id='word_1_73' title='bbox 616 933 714 1004; x_wconf 78' lang='grc' dir='ltr'>τὴν</span> <span class='ocrx_word' id='word_1_74' title='bbox 767 935 944 1005; x_wconf 83' lang='grc' dir='ltr'>σάρκα</span> <span class='ocrx_word' id='word_1_75' title='bbox 983 937 1090 989; x_wconf 79' lang='grc' dir='ltr'><strong>ἀπὸ</strong></span> <span class='ocrx_word' id='word_1_76' title='bbox 1147 937 1246 1007; x_wconf 82' lang='grc' dir='ltr'>τῆς</span> <span class='ocrx_word' id='word_1_77' title='bbox 1299 939 1511 1010; x_wconf 80' lang='grc' dir='ltr'><strong>μήτρας</strong></span> <span class='ocrx_word' id='word_1_78' title='bbox 1563 940 1660 1010; x_wconf 75' lang='grc' dir='ltr'><strong>τῆς</strong></span> 
     </span>
    </p>
   </div>
   <div class='ocr_carea' id='block_1_12' title="bbox 107 1020 1664 1099">
    <p class='ocr_par' dir='ltr' id='par_1_12' title="bbox 107 1020 1664 1099">
     <span class='ocr_line' id='line_1_12' title="bbox 107 1020 1664 1099; baseline 0.008 -29"><span class='ocrx_word' id='word_1_79' title='bbox 107 1020 261 1086; x_wconf 78' lang='grc' dir='ltr'>ἁγίας</span> <span class='ocrx_word' id='word_1_80' title='bbox 298 1022 568 1092; x_wconf 82' lang='grc' dir='ltr'><strong>Παρθένου</strong></span> <span class='ocrx_word' id='word_1_81' title='bbox 598 1063 612 1088; x_wconf 95' lang='grc'><strong>,</strong></span> <span class='ocrx_word' id='word_1_82' title='bbox 641 1027 736 1079; x_wconf 77' lang='grc' dir='ltr'><strong>καὶ</strong></span> <span class='ocrx_word' id='word_1_83' title='bbox 773 1028 952 1080; x_wconf 81' lang='grc' dir='ltr'>πᾶσαν</span> <span class='ocrx_word' id='word_1_84' title='bbox 984 1025 1080 1097; x_wconf 82' lang='grc' dir='ltr'>τὴν</span> <span class='ocrx_word' id='word_1_85' title='bbox 1131 1028 1542 1099; x_wconf 84' lang='grc' dir='ltr'>ὲνανθρώπησιν</span> <span class='ocrx_word' id='word_1_86' title='bbox 1573 1046 1664 1082; x_wconf 81' lang='grc' dir='ltr'>τε-</span> 
     </span>
    </p>
   </div>
   <div class='ocr_carea' id='block_1_13' title="bbox 108 1108 1660 1186">
    <p class='ocr_par' dir='ltr' id='par_1_13' title="bbox 108 1108 1660 1186">
     <span class='ocr_line' id='line_1_13' title="bbox 108 1108 1660 1186; baseline 0.006 -26"><span class='ocrx_word' id='word_1_87' title='bbox 108 1108 260 1172; x_wconf 80' lang='grc' dir='ltr'><strong>λείως</strong></span> <span class='ocrx_word' id='word_1_88' title='bbox 293 1111 373 1172; x_wconf 81' lang='grc' dir='ltr'><strong>εἰς</strong></span> <span class='ocrx_word' id='word_1_89' title='bbox 401 1112 590 1164; x_wconf 76' lang='grc' dir='ltr'>ἑαυτὸν</span> <span class='ocrx_word' id='word_1_90' title='bbox 623 1114 1088 1184; x_wconf 81' lang='grc' dir='ltr'>ἀναπλασὰμενον.</span> <span class='ocrx_word' id='word_1_91' title='bbox 1127 1115 1242 1168; x_wconf 78' lang='grc' dir='ltr'>Κᾶν</span> <span class='ocrx_word' id='word_1_92' title='bbox 1280 1133 1339 1168; x_wconf 90' lang='grc' dir='ltr'><strong>τε</strong></span> <span class='ocrx_word' id='word_1_93' title='bbox 1369 1116 1480 1186; x_wconf 80' lang='grc' dir='ltr'><strong>γὰρ</strong></span> <span class='ocrx_word' id='word_1_94' title='bbox 1511 1115 1660 1186; x_wconf 77' lang='grc' dir='ltr'>εἴπῃ,</span> 
     </span>
    </p>
   </div>
   <div class='ocr_carea' id='block_1_14' title="bbox 119 1199 1664 1278">
    <p class='ocr_par' dir='ltr' id='par_1_14' title="bbox 119 1199 1664 1278">
     <span class='ocr_line' id='line_1_14' title="bbox 119 1199 1664 1278; baseline 0.005 -26"><span class='ocrx_word' id='word_1_95' title='bbox 119 1199 180 1252; x_wconf 87' lang='grc'><strong>’0</strong></span> <span class='ocrx_word' id='word_1_96' title='bbox 211 1201 398 1270; x_wconf 82' lang='grc' dir='ltr'><strong>Λόγος</strong></span> <span class='ocrx_word' id='word_1_97' title='bbox 423 1203 576 1271; x_wconf 80' lang='grc' dir='ltr'>σὰρξ</span> <span class='ocrx_word' id='word_1_98' title='bbox 605 1205 840 1274; x_wconf 74' lang='grc' dir='ltr'><strong>ἐγένετο</strong></span> <span class='ocrx_word' id='word_1_99' title='bbox 866 1245 881 1270; x_wconf 93' lang='grc'><strong>,</strong></span> <span class='ocrx_word' id='word_1_100' title='bbox 917 1207 1013 1276; x_wconf 77' lang='grc' dir='ltr'><strong>οὐχ</strong></span> <span class='ocrx_word' id='word_1_101' title='bbox 1064 1207 1144 1259; x_wconf 85' lang='grc' dir='ltr'>ὅτι</span> <span class='ocrx_word' id='word_1_102' title='bbox 1199 1208 1405 1278; x_wconf 81' lang='grc' dir='ltr'><strong>ἐτράπη</strong></span> <span class='ocrx_word' id='word_1_103' title='bbox 1440 1211 1468 1260; x_wconf 87' lang='grc' dir='ltr'>ό</span> <span class='ocrx_word' id='word_1_104' title='bbox 1495 1208 1664 1276; x_wconf 84' lang='grc' dir='ltr'><strong>Λόγος</strong></span> 
     </span>
    </p>
   </div>
   <div class='ocr_carea' id='block_1_15' title="bbox 109 1292 1667 1369">
    <p class='ocr_par' dir='ltr' id='par_1_15' title="bbox 109 1292 1667 1369">
     <span class='ocr_line' id='line_1_15' title="bbox 109 1292 1667 1369; baseline 0.005 -27"><span class='ocrx_word' id='word_1_105' title='bbox 109 1293 182 1352; x_wconf 83' lang='grc' dir='ltr'>εἰς</span> <span class='ocrx_word' id='word_1_106' title='bbox 233 1292 444 1362; x_wconf 78' lang='grc' dir='ltr'>σάρκα,</span> <span class='ocrx_word' id='word_1_107' title='bbox 492 1295 585 1347; x_wconf 69' lang='grc' dir='ltr'><strong>καὶ</strong></span> <span class='ocrx_word' id='word_1_108' title='bbox 625 1295 845 1364; x_wconf 80' lang='grc' dir='ltr'>γέγονεν</span> <span class='ocrx_word' id='word_1_109' title='bbox 900 1298 927 1348; x_wconf 86' lang='grc' dir='ltr'><strong>ό</strong></span> <span class='ocrx_word' id='word_1_110' title='bbox 970 1297 1137 1364; x_wconf 82' lang='grc' dir='ltr'><strong>Λόγος</strong></span> <span class='ocrx_word' id='word_1_111' title='bbox 1179 1297 1344 1369; x_wconf 83' lang='grc' dir='ltr'>σὰρξ,</span> <span class='ocrx_word' id='word_1_112' title='bbox 1405 1297 1501 1369; x_wconf 83' lang='grc' dir='ltr'>ἢὴ</span> <span class='ocrx_word' id='word_1_113' title='bbox 1553 1298 1667 1351; x_wconf 86' lang='grc' dir='ltr'>θεό-</span> 
     </span>
    </p>
   </div>
   <div class='ocr_carea' id='block_1_16' title="bbox 107 1369 1666 1461">
    <p class='ocr_par' dir='ltr' id='par_1_16' title="bbox 107 1369 1666 1461">
     <span class='ocr_line' id='line_1_16' title="bbox 107 1369 1666 1461; baseline 0.006 -28"><span class='ocrx_word' id='word_1_114' title='bbox 107 1396 202 1451; x_wconf 83' lang='grc' dir='ltr'><strong>της</strong></span> <span class='ocrx_word' id='word_1_115' title='bbox 259 1383 556 1455; x_wconf 74' lang='grc' dir='ltr'>μετεϐλήθη</span> <span class='ocrx_word' id='word_1_116' title='bbox 611 1387 692 1450; x_wconf 82' lang='grc' dir='ltr'><strong>είς</strong></span> <span class='ocrx_word' id='word_1_117' title='bbox 741 1369 953 1457; x_wconf 72' lang='grc' dir='ltr'>σάρκα·</span> <span class='ocrx_word' id='word_1_118' title='bbox 1005 1387 1140 1441; x_wconf 83' lang='grc' dir='ltr'>ἀλλὰ</span> <span class='ocrx_word' id='word_1_119' title='bbox 1178 1390 1273 1442; x_wconf 78' lang='grc' dir='ltr'>σὺν</span> <span class='ocrx_word' id='word_1_120' title='bbox 1333 1393 1399 1460; x_wconf 86' lang='grc' dir='ltr'>τῇ</span> <span class='ocrx_word' id='word_1_121' title='bbox 1456 1389 1666 1461; x_wconf 83' lang='grc' dir='ltr'>θεότητι</span> 
     </span>
    </p>
   </div>
   <div class='ocr_carea' id='block_1_17' title="bbox 111 1470 1666 1550">
    <p class='ocr_par' dir='ltr' id='par_1_17' title="bbox 111 1470 1666 1550">
     <span class='ocr_line' id='line_1_17' title="bbox 111 1470 1666 1550; baseline 0.009 -29"><span class='ocrx_word' id='word_1_122' title='bbox 111 1470 266 1524; x_wconf 77' lang='grc' dir='ltr'>ἔλαϐε</span> <span class='ocrx_word' id='word_1_123' title='bbox 299 1473 400 1544; x_wconf 80' lang='grc' dir='ltr'>τὴν</span> <span class='ocrx_word' id='word_1_124' title='bbox 449 1475 582 1528; x_wconf 86' lang='grc' dir='ltr'>ίδίαν</span> <span class='ocrx_word' id='word_1_125' title='bbox 623 1476 786 1531; x_wconf 86' lang='grc' dir='ltr'>αὐτοῦ</span> <span class='ocrx_word' id='word_1_126' title='bbox 824 1478 1230 1550; x_wconf 83' lang='grc' dir='ltr'>ὲνανθρώπησιν</span> <span class='ocrx_word' id='word_1_127' title='bbox 1273 1479 1441 1533; x_wconf 75' lang='grc' dir='ltr'>ἐλθὼν</span> <span class='ocrx_word' id='word_1_128' title='bbox 1473 1483 1501 1534; x_wconf 87' lang='grc' dir='ltr'>ὁ</span> <span class='ocrx_word' id='word_1_129' title='bbox 1537 1482 1666 1546; x_wconf 81' lang='grc' dir='ltr'>Θεὸς</span> 
     </span>
    </p>
   </div>
   <div class='ocr_carea' id='block_1_18' title="bbox 113 1563 304 1628">
    <p class='ocr_par' dir='ltr' id='par_1_18' title="bbox 113 1563 304 1628">
     <span class='ocr_line' id='line_1_18' title="bbox 113 1563 304 1628; baseline 0.005 -14"><span class='ocrx_word' id='word_1_130' title='bbox 113 1563 304 1628; x_wconf 73' lang='grc' dir='ltr'><strong>Λόγος.</strong></span> 
     </span>
    </p>
   </div>
   <div class='ocr_carea' id='block_1_19' title="bbox 1765 476 3324 550">
    <p class='ocr_par' dir='ltr' id='par_1_19' title="bbox 1765 476 3324 550">
     <span class='ocr_line' id='line_1_19' title="bbox 1765 476 3324 550; baseline -0.003 -16"><span class='ocrx_word' id='word_1_131' title='bbox 1765 481 2060 550; x_wconf 87' lang='lat' dir='ltr'><strong>perfectum</strong></span> <span class='ocrx_word' id='word_1_132' title='bbox 2092 481 2343 544; x_wconf 82' lang='lat' dir='ltr'><strong>dicimus,</strong></span> <span class='ocrx_word' id='word_1_133' title='bbox 2380 495 2494 534; x_wconf 84' lang='lat' dir='ltr'><strong>non</strong></span> <span class='ocrx_word' id='word_1_134' title='bbox 2527 480 2666 533; x_wconf 91' lang='lat' dir='ltr'><strong>duos</strong></span> <span class='ocrx_word' id='word_1_135' title='bbox 2714 477 2917 532; x_wconf 80' lang='lat' dir='ltr'><strong>idcirco</strong></span> <span class='ocrx_word' id='word_1_136' title='bbox 2953 476 3202 532; x_wconf 83' lang='lat' dir='ltr'><strong>Christos</strong></span> <span class='ocrx_word' id='word_1_137' title='bbox 3240 490 3324 530; x_wconf 90' lang='lat' dir='ltr'><strong>as-</strong></span> 
     </span>
    </p>
   </div>
   <div class='ocr_carea' id='block_1_20' title="bbox 1755 567 3324 640">
    <p class='ocr_par' dir='ltr' id='par_1_20' title="bbox 1755 567 3324 640">
     <span class='ocr_line' id='line_1_20' title="bbox 1755 567 3324 640; baseline -0.003 -13"><span class='ocrx_word' id='word_1_138' title='bbox 1755 574 2020 636; x_wconf 80' lang='lat' dir='ltr'><strong>scrimus,</strong></span> <span class='ocrx_word' id='word_1_139' title='bbox 2071 575 2154 626; x_wconf 88' lang='lat' dir='ltr'><strong>vel</strong></span> <span class='ocrx_word' id='word_1_140' title='bbox 2184 573 2318 627; x_wconf 85' lang='lat' dir='ltr'><strong>duos</strong></span> <span class='ocrx_word' id='word_1_141' title='bbox 2368 586 2522 640; x_wconf 82' lang='lat' dir='ltr'><strong>reges</strong></span> <span class='ocrx_word' id='word_1_142' title='bbox 2567 569 2658 625; x_wconf 85' lang='lat' dir='ltr'><strong>Dei</strong></span> <span class='ocrx_word' id='word_1_143' title='bbox 2710 569 2892 628; x_wconf 87' lang='lat' dir='ltr'><strong>Filios.</strong></span> <span class='ocrx_word' id='word_1_144' title='bbox 2939 569 3034 624; x_wconf 84' lang='lat' dir='ltr'><strong>sed</strong></span> <span class='ocrx_word' id='word_1_145' title='bbox 3073 567 3324 624; x_wconf 83' lang='lat' dir='ltr'><strong>eumdem</strong></span> 
     </span>
    </p>
   </div>
   <div class='ocr_carea' id='block_1_21' title="bbox 1765 659 3326 730">
    <p class='ocr_par' dir='ltr' id='par_1_21' title="bbox 1765 659 3326 730">
     <span class='ocr_line' id='line_1_21' title="bbox 1765 659 3326 730; baseline -0.001 -17"><span class='ocrx_word' id='word_1_146' title='bbox 1765 659 1956 724; x_wconf 89' lang='lat' dir='ltr'><strong>Deum,</strong></span> <span class='ocrx_word' id='word_1_147' title='bbox 1989 671 2042 716; x_wconf 89' lang='lat' dir='ltr'><strong>et</strong></span> <span class='ocrx_word' id='word_1_148' title='bbox 2078 663 2328 716; x_wconf 88' lang='lat' dir='ltr'><strong>eumdem</strong></span> <span class='ocrx_word' id='word_1_149' title='bbox 2361 661 2669 716; x_wconf 89' lang='lat' dir='ltr'><strong>hominem:</strong></span> <span class='ocrx_word' id='word_1_150' title='bbox 2709 676 2818 716; x_wconf 88' lang='lat' dir='ltr'><strong>non</strong></span> <span class='ocrx_word' id='word_1_151' title='bbox 2847 660 2967 713; x_wconf 89' lang='lat' dir='ltr'><strong>ideo</strong></span> <span class='ocrx_word' id='word_1_152' title='bbox 3003 663 3143 730; x_wconf 89' lang='lat' dir='ltr'><strong>quod</strong></span> <span class='ocrx_word' id='word_1_153' title='bbox 3179 660 3326 714; x_wconf 88' lang='lat' dir='ltr'><strong>habi-</strong></span> 
     </span>
    </p>
   </div>
   <div class='ocr_carea' id='block_1_22' title="bbox 1765 752 3327 826">
    <p class='ocr_par' dir='ltr' id='par_1_22' title="bbox 1765 752 3327 826">
     <span class='ocr_line' id='line_1_22' title="bbox 1765 752 3327 826; baseline 0.001 -21"><span class='ocrx_word' id='word_1_154' title='bbox 1765 752 1893 806; x_wconf 88' lang='lat' dir='ltr'><strong>tarit</strong></span> <span class='ocrx_word' id='word_1_155' title='bbox 1924 753 1977 805; x_wconf 90' lang='lat' dir='ltr'><strong>in</strong></span> <span class='ocrx_word' id='word_1_156' title='bbox 2019 754 2254 816; x_wconf 84' lang='lat' dir='ltr'><strong>homine,</strong></span> <span class='ocrx_word' id='word_1_157' title='bbox 2291 755 2386 810; x_wconf 92' lang='lat' dir='ltr'><strong>sed</strong></span> <span class='ocrx_word' id='word_1_158' title='bbox 2420 756 2564 826; x_wconf 88' lang='lat' dir='ltr'><strong>quod</strong></span> <span class='ocrx_word' id='word_1_159' title='bbox 2611 754 2727 824; x_wconf 89' lang='lat' dir='ltr'><strong>ipse</strong></span> <span class='ocrx_word' id='word_1_160' title='bbox 2766 761 2912 809; x_wconf 91' lang='lat' dir='ltr'><strong>totus</strong></span> <span class='ocrx_word' id='word_1_161' title='bbox 2947 754 3107 808; x_wconf 90' lang='lat' dir='ltr'><strong>homo</strong></span> <span class='ocrx_word' id='word_1_162' title='bbox 3141 754 3213 808; x_wconf 85' lang='lat' dir='ltr'><strong>sit</strong></span> <span class='ocrx_word' id='word_1_163' title='bbox 3249 753 3327 806; x_wconf 85' lang='lat' dir='ltr'><strong>fa-</strong></span> 
     </span>
    </p>
   </div>
   <div class='ocr_carea' id='block_1_23' title="bbox 1767 842 3326 915">
    <p class='ocr_par' dir='ltr' id='par_1_23' title="bbox 1767 842 3326 915">
     <span class='ocr_line' id='line_1_23' title="bbox 1767 842 3326 915; baseline 0.003 -19"><span class='ocrx_word' id='word_1_164' title='bbox 1767 851 1909 898; x_wconf 90' lang='lat' dir='ltr'><strong>ctus.</strong></span> <span class='ocrx_word' id='word_1_165' title='bbox 1943 842 2126 913; x_wconf 86' lang='lat' dir='ltr'><strong>Neque</strong></span> <span class='ocrx_word' id='word_1_166' title='bbox 2155 861 2318 914; x_wconf 90' lang='lat' dir='ltr'><strong>porro</strong></span> <span class='ocrx_word' id='word_1_167' title='bbox 2346 861 2554 901; x_wconf 87' lang='lat' dir='ltr'><strong>merum</strong></span> <span class='ocrx_word' id='word_1_168' title='bbox 2591 847 2740 900; x_wconf 87' lang='lat' dir='ltr'><strong>illum</strong></span> <span class='ocrx_word' id='word_1_169' title='bbox 2769 846 3039 900; x_wconf 86' lang='lat' dir='ltr'><strong>hominem</strong></span> <span class='ocrx_word' id='word_1_170' title='bbox 3070 860 3326 915; x_wconf 81' lang='lat' dir='ltr'><strong>progres-</strong></span> 
     </span>
    </p>
   </div>
   <div class='ocr_carea' id='block_1_24' title="bbox 1769 934 3330 1005">
    <p class='ocr_par' dir='ltr' id='par_1_24' title="bbox 1769 934 3330 1005">
     <span class='ocr_line' id='line_1_24' title="bbox 1769 934 3330 1005; baseline 0.002 -18"><span class='ocrx_word' id='word_1_171' title='bbox 1769 934 1922 988; x_wconf 88' lang='lat' dir='ltr'><strong>sione</strong></span> <span class='ocrx_word' id='word_1_172' title='bbox 1960 935 2192 1004; x_wconf 84' lang='lat' dir='ltr'><strong>quadam</strong></span> <span class='ocrx_word' id='word_1_173' title='bbox 2239 937 2306 990; x_wconf 89' lang='lat' dir='ltr'><strong>ad</strong></span> <span class='ocrx_word' id='word_1_174' title='bbox 2356 937 2656 992; x_wconf 81' lang='lat' dir='ltr'><strong>divinitatis</strong></span> <span class='ocrx_word' id='word_1_175' title='bbox 2697 937 3062 992; x_wconf 85' lang='lat' dir='ltr'><strong>conditionem</strong></span> <span class='ocrx_word' id='word_1_176' title='bbox 3107 952 3330 1005; x_wconf 80' lang='lat' dir='ltr'><strong>proces-</strong></span> 
     </span>
    </p>
   </div>
   <div class='ocr_carea' id='block_1_25' title="bbox 1767 1025 3328 1096">
    <p class='ocr_par' dir='ltr' id='par_1_25' title="bbox 1767 1025 3328 1096">
     <span class='ocr_line' id='line_1_25' title="bbox 1767 1025 3328 1096; baseline -0.001 -17"><span class='ocrx_word' id='word_1_177' title='bbox 1767 1025 1908 1081; x_wconf 83' lang='lat' dir='ltr'><strong>sisse</strong></span> <span class='ocrx_word' id='word_1_178' title='bbox 1948 1027 2379 1082; x_wconf 85' lang='lat' dir='ltr'><strong>credimus:sed</strong></span> <span class='ocrx_word' id='word_1_179' title='bbox 2425 1028 2592 1082; x_wconf 90' lang='lat' dir='ltr'><strong>Deum</strong></span> <span class='ocrx_word' id='word_1_180' title='bbox 2642 1043 2672 1083; x_wconf 91' lang='lat' dir='ltr'><strong>e</strong></span> <span class='ocrx_word' id='word_1_181' title='bbox 2701 1029 2840 1082; x_wconf 74' lang='lat' dir='ltr'><strong>coelo</strong></span> <span class='ocrx_word' id='word_1_182' title='bbox 2879 1026 3180 1095; x_wconf 89' lang='lat' dir='ltr'><strong>delapsum,</strong></span> <span class='ocrx_word' id='word_1_183' title='bbox 3230 1041 3328 1096; x_wconf 87' lang='lat' dir='ltr'><strong>pro</strong></span> 
     </span>
    </p>
   </div>
   <div class='ocr_carea' id='block_1_26' title="bbox 1769 1117 3331 1188">
    <p class='ocr_par' dir='ltr' id='par_1_26' title="bbox 1769 1117 3331 1188">
     <span class='ocr_line' id='line_1_26' title="bbox 1769 1117 3331 1188; baseline 0 -18"><span class='ocrx_word' id='word_1_184' title='bbox 1769 1117 2070 1172; x_wconf 81' lang='lat' dir='ltr'><strong>divinitatis</strong></span> <span class='ocrx_word' id='word_1_185' title='bbox 2113 1133 2222 1172; x_wconf 72' lang='lat' dir='ltr'><strong>sum</strong></span> <span class='ocrx_word' id='word_1_186' title='bbox 2277 1120 2552 1188; x_wconf 87' lang='lat' dir='ltr'><strong>potentia,</strong></span> <span class='ocrx_word' id='word_1_187' title='bbox 2606 1135 2758 1173; x_wconf 88' lang='lat' dir='ltr'><strong>suam</strong></span> <span class='ocrx_word' id='word_1_188' title='bbox 2806 1119 2906 1173; x_wconf 91' lang='lat' dir='ltr'><strong>sibi</strong></span> <span class='ocrx_word' id='word_1_189' title='bbox 2959 1118 3195 1173; x_wconf 86' lang='lat' dir='ltr'><strong>hominis</strong></span> <span class='ocrx_word' id='word_1_190' title='bbox 3249 1117 3331 1172; x_wconf 90' lang='lat' dir='ltr'><strong>af-</strong></span> 
     </span>
    </p>
   </div>
   <div class='ocr_carea' id='block_1_27' title="bbox 1773 1208 3333 1279">
    <p class='ocr_par' dir='ltr' id='par_1_27' title="bbox 1773 1208 3333 1279">
     <span class='ocr_line' id='line_1_27' title="bbox 1773 1208 3333 1279; baseline 0.001 -17"><span class='ocrx_word' id='word_1_191' title='bbox 1773 1208 1994 1264; x_wconf 80' lang='lat' dir='ltr'><strong>finxisse</strong></span> <span class='ocrx_word' id='word_1_192' title='bbox 2023 1219 2290 1263; x_wconf 89' lang='lat' dir='ltr'><strong>naturam.</strong></span> <span class='ocrx_word' id='word_1_193' title='bbox 2323 1209 2376 1263; x_wconf 90' lang='lat' dir='ltr'><strong>ld</strong></span> <span class='ocrx_word' id='word_1_194' title='bbox 2410 1211 2554 1279; x_wconf 87' lang='lat' dir='ltr'><strong>quod</strong></span> <span class='ocrx_word' id='word_1_195' title='bbox 2583 1210 2879 1278; x_wconf 74' lang='lat' dir='ltr'><strong>Scriptura:</strong></span> <span class='ocrx_word' id='word_1_196' title='bbox 2911 1208 3002 1262; x_wconf 89' lang='lat' dir='ltr'><strong>illa</strong></span> <span class='ocrx_word' id='word_1_197' title='bbox 3039 1210 3203 1263; x_wconf 87' lang='lat' dir='ltr'><strong>verba</strong></span> <span class='ocrx_word' id='word_1_198' title='bbox 3237 1208 3333 1264; x_wconf 52' lang='lat' dir='ltr'><strong>de-</strong></span> 
     </span>
    </p>
   </div>
   <div class='ocr_carea' id='block_1_28' title="bbox 1772 1301 3332 1371">
    <p class='ocr_par' dir='ltr' id='par_1_28' title="bbox 1772 1301 3332 1371">
     <span class='ocr_line' id='line_1_28' title="bbox 1772 1301 3332 1371; baseline 0 -17"><span class='ocrx_word' id='word_1_199' title='bbox 1772 1301 2019 1354; x_wconf 89' lang='lat' dir='ltr'><strong>clarant:</strong></span> <span class='ocrx_word' id='word_1_200' title='bbox 2057 1301 2278 1354; x_wconf 83' lang='lat' dir='ltr'><strong>Verbum</strong></span> <span class='ocrx_word' id='word_1_201' title='bbox 2305 1319 2428 1356; x_wconf 88' lang='lat' dir='ltr'><strong>caro</strong></span> <span class='ocrx_word' id='word_1_202' title='bbox 2457 1303 2654 1371; x_wconf 80' lang='lat' dir='ltr'><strong>factum</strong></span> <span class='ocrx_word' id='word_1_203' title='bbox 2694 1313 2769 1356; x_wconf 87' lang='lat' dir='ltr'><strong>est</strong></span> <span class='ocrx_word' id='word_1_204' title='bbox 2792 1303 2831 1355; x_wconf 92' lang='grc'>¹.</span> <span class='ocrx_word' id='word_1_205' title='bbox 2866 1302 2996 1367; x_wconf 61' lang='lat' dir='ltr'><strong>Quae</strong></span> <span class='ocrx_word' id='word_1_206' title='bbox 3025 1302 3227 1356; x_wconf 88' lang='lat' dir='ltr'><strong>idcirco</strong></span> <span class='ocrx_word' id='word_1_207' title='bbox 3259 1302 3332 1355; x_wconf 87' lang='lat' dir='ltr'><strong>ita</strong></span> 
     </span>
    </p>
   </div>
   <div class='ocr_carea' id='block_1_29' title="bbox 1773 1395 3332 1465">
    <p class='ocr_par' dir='ltr' id='par_1_29' title="bbox 1773 1395 3332 1465">
     <span class='ocr_line' id='line_1_29' title="bbox 1773 1395 3332 1465; baseline 0.001 -18"><span class='ocrx_word' id='word_1_208' title='bbox 1773 1403 2034 1462; x_wconf 83' lang='lat' dir='ltr'><strong>concepta</strong></span> <span class='ocrx_word' id='word_1_209' title='bbox 2064 1403 2210 1456; x_wconf 85' lang='lat' dir='ltr'><strong>sunt.</strong></span> <span class='ocrx_word' id='word_1_210' title='bbox 2243 1411 2310 1448; x_wconf 91' lang='lat' dir='ltr'><strong>ne</strong></span> <span class='ocrx_word' id='word_1_211' title='bbox 2343 1396 2614 1465; x_wconf 84' lang='lat' dir='ltr'><strong>quispiam</strong></span> <span class='ocrx_word' id='word_1_212' title='bbox 2645 1395 2745 1450; x_wconf 88' lang='lat' dir='ltr'><strong>sibi</strong></span> <span class='ocrx_word' id='word_1_213' title='bbox 2781 1395 2918 1450; x_wconf 87' lang='lat' dir='ltr'><strong>forte</strong></span> <span class='ocrx_word' id='word_1_214' title='bbox 2949 1396 3297 1465; x_wconf 86' lang='lat' dir='ltr'><strong>persuaderet</strong></span> <span class='ocrx_word' id='word_1_215' title='bbox 3317 1435 3332 1458; x_wconf 85' lang='lat'><strong><em>.</em></strong></span> 
     </span>
    </p>
   </div>
   <div class='ocr_carea' id='block_1_30' title="bbox 1775 1485 3334 1558">
    <p class='ocr_par' dir='ltr' id='par_1_30' title="bbox 1775 1485 3334 1558">
     <span class='ocr_line' id='line_1_30' title="bbox 1775 1485 3334 1558; baseline 0.004 -23"><span class='ocrx_word' id='word_1_216' title='bbox 1775 1485 2008 1551; x_wconf 88' lang='lat' dir='ltr'><strong>primum</strong></span> <span class='ocrx_word' id='word_1_217' title='bbox 2046 1485 2316 1539; x_wconf 80' lang='lat' dir='ltr'><strong>hominem</strong></span> <span class='ocrx_word' id='word_1_218' title='bbox 2349 1486 2647 1550; x_wconf 83' lang='lat' dir='ltr'><strong>exstitisse,</strong></span> <span class='ocrx_word' id='word_1_219' title='bbox 2684 1488 2736 1540; x_wconf 91' lang='lat' dir='ltr'><strong>in</strong></span> <span class='ocrx_word' id='word_1_220' title='bbox 2772 1503 3002 1557; x_wconf 88' lang='lat' dir='ltr'><strong>eumque</strong></span> <span class='ocrx_word' id='word_1_221' title='bbox 3037 1496 3224 1558; x_wconf 89' lang='lat' dir='ltr'><strong>postea</strong></span> <span class='ocrx_word' id='word_1_222' title='bbox 3257 1489 3334 1542; x_wconf 86' lang='lat' dir='ltr'><strong>in-</strong></span> 
     </span>
    </p>
   </div>
   <div class='ocr_carea' id='block_1_31' title="bbox 1775 1575 3334 1650">
    <p class='ocr_par' dir='ltr' id='par_1_31' title="bbox 1775 1575 3334 1650">
     <span class='ocr_line' id='line_1_31' title="bbox 1775 1575 3334 1650; baseline 0.004 -22"><span class='ocrx_word' id='word_1_223' title='bbox 1775 1575 1980 1632; x_wconf 84' lang='lat' dir='ltr'><strong>fudisse</strong></span> <span class='ocrx_word' id='word_1_224' title='bbox 2031 1593 2089 1632; x_wconf 91' lang='lat' dir='ltr'><strong>se</strong></span> <span class='ocrx_word' id='word_1_225' title='bbox 2137 1577 2435 1633; x_wconf 85' lang='lat' dir='ltr'><strong>Christum.</strong></span> <span class='ocrx_word' id='word_1_226' title='bbox 2472 1578 2552 1633; x_wconf 91' lang='lat' dir='ltr'><strong>Ob</strong></span> <span class='ocrx_word' id='word_1_227' title='bbox 2605 1579 2656 1632; x_wconf 90' lang='lat' dir='ltr'><strong>id</strong></span> <span class='ocrx_word' id='word_1_228' title='bbox 2701 1578 2936 1634; x_wconf 85' lang='lat' dir='ltr'><strong>Verbum</strong></span> <span class='ocrx_word' id='word_1_229' title='bbox 2987 1580 3165 1650; x_wconf 89' lang='lat' dir='ltr'><strong>primo</strong></span> <span class='ocrx_word' id='word_1_230' title='bbox 3214 1582 3334 1635; x_wconf 86' lang='lat' dir='ltr'><strong>loco</strong></span> 
     </span>
    </p>
   </div>
   <div class='ocr_carea' id='block_1_32' title="bbox 114 1660 3337 1740">
    <p class='ocr_par' dir='ltr' id='par_1_32' title="bbox 114 1660 3337 1740">
     <span class='ocr_line' id='line_1_32' title="bbox 114 1660 3337 1740; baseline 0.005 -31"><span class='ocrx_word' id='word_1_231' title='bbox 114 1668 520 1711; x_wconf 87' lang='lat' dir='ltr'><strong>sacrosanctum</strong></span> <span class='ocrx_word' id='word_1_232' title='bbox 564 1660 912 1730; x_wconf 78' lang='lat' dir='ltr'><strong>Evangelium</strong></span> <span class='ocrx_word' id='word_1_233' title='bbox 949 1663 1164 1732; x_wconf 89' lang='lat' dir='ltr'><strong>posuit;</strong></span> <span class='ocrx_word' id='word_1_234' title='bbox 1210 1663 1406 1720; x_wconf 87' lang='lat' dir='ltr'><strong>deinde</strong></span> <span class='ocrx_word' id='word_1_235' title='bbox 1440 1666 1570 1736; x_wconf 88' lang='lat' dir='ltr'><strong>quid</strong></span> <span class='ocrx_word' id='word_1_236' title='bbox 1615 1668 1682 1722; x_wconf 91' lang='lat' dir='ltr'><strong>de</strong></span> <span class='ocrx_word' id='word_1_237' title='bbox 1720 1681 1884 1723; x_wconf 88' lang='lat' dir='ltr'><strong>carne</strong></span> <span class='ocrx_word' id='word_1_238' title='bbox 1925 1669 2273 1738; x_wconf 79' lang='lat' dir='ltr'><strong>profiteretur</strong></span> <span class='ocrx_word' id='word_1_239' title='bbox 2324 1669 2556 1739; x_wconf 86' lang='lat' dir='ltr'><strong>subjecit</strong></span> <span class='ocrx_word' id='word_1_240' title='bbox 2599 1693 2609 1726; x_wconf 93' lang='lat'>:</span> <span class='ocrx_word' id='word_1_241' title='bbox 2655 1670 2897 1735; x_wconf 78' lang='lat' dir='ltr'><strong>Verbum,</strong></span> <span class='ocrx_word' id='word_1_242' title='bbox 2956 1672 3152 1740; x_wconf 90' lang='lat' dir='ltr'><strong>inquit,</strong></span> <span class='ocrx_word' id='word_1_243' title='bbox 3213 1685 3337 1724; x_wconf 84' lang='lat' dir='ltr'><strong>caro</strong></span> 
     </span>
    </p>
   </div>
   <div class='ocr_carea' id='block_1_33' title="bbox 113 1746 3336 1832">
    <p class='ocr_par' dir='ltr' id='par_1_33' title="bbox 113 1746 3336 1832">
     <span class='ocr_line' id='line_1_33' title="bbox 113 1746 3336 1832; baseline 0.005 -35"><span class='ocrx_word' id='word_1_244' title='bbox 113 1746 314 1814; x_wconf 82' lang='lat' dir='ltr'><strong>factum</strong></span> <span class='ocrx_word' id='word_1_245' title='bbox 362 1761 471 1803; x_wconf 81' lang='lat' dir='ltr'><strong>est.</strong></span> <span class='ocrx_word' id='word_1_246' title='bbox 530 1751 740 1822; x_wconf 66' lang='grc'><strong>1024</strong></span> <span class='ocrx_word' id='word_1_247' title='bbox 763 1750 879 1807; x_wconf 88' lang='lat' dir='ltr'><strong>Non</strong></span> <span class='ocrx_word' id='word_1_248' title='bbox 927 1754 1083 1816; x_wconf 78' lang='lat' dir='ltr'><strong>dixit,</strong></span> <span class='ocrx_word' id='word_1_249' title='bbox 1135 1755 1274 1810; x_wconf 88' lang='lat' dir='ltr'><strong>Caro</strong></span> <span class='ocrx_word' id='word_1_250' title='bbox 1316 1755 1552 1812; x_wconf 84' lang='lat' dir='ltr'><strong>Verbum</strong></span> <span class='ocrx_word' id='word_1_251' title='bbox 1614 1765 1698 1814; x_wconf 89' lang='lat' dir='ltr'><strong>est</strong></span> <span class='ocrx_word' id='word_1_252' title='bbox 1767 1757 1930 1824; x_wconf 88' lang='lat' dir='ltr'><strong>facta,</strong></span> <span class='ocrx_word' id='word_1_253' title='bbox 1967 1775 2075 1831; x_wconf 90' lang='lat' dir='ltr'><strong>quo</strong></span> <span class='ocrx_word' id='word_1_254' title='bbox 2129 1763 2382 1816; x_wconf 87' lang='lat' dir='ltr'><strong>nimirum</strong></span> <span class='ocrx_word' id='word_1_255' title='bbox 2441 1759 2675 1816; x_wconf 82' lang='lat' dir='ltr'><strong>Verbum</strong></span> <span class='ocrx_word' id='word_1_256' title='bbox 2733 1762 2980 1832; x_wconf 87' lang='lat' dir='ltr'><strong>inprimis</strong></span> <span class='ocrx_word' id='word_1_257' title='bbox 3029 1761 3336 1829; x_wconf 81' lang='lat' dir='ltr'><strong>ostenderet</strong></span> 
     </span>
    </p>
   </div>
   <div class='ocr_carea' id='block_1_34' title="bbox 113 1844 3335 1927">
    <p class='ocr_par' dir='ltr' id='par_1_34' title="bbox 113 1844 3335 1927">
     <span class='ocr_line' id='line_1_34' title="bbox 113 1844 3335 1927; baseline 0.005 -30"><span class='ocrx_word' id='word_1_258' title='bbox 113 1844 468 1900; x_wconf 81' lang='lat' dir='ltr'><strong>descendisse</strong></span> <span class='ocrx_word' id='word_1_259' title='bbox 495 1844 560 1900; x_wconf 89' lang='lat' dir='ltr'><strong>de</strong></span> <span class='ocrx_word' id='word_1_260' title='bbox 596 1848 755 1913; x_wconf 72' lang='lat' dir='ltr'><strong>cmlo,</strong></span> <span class='ocrx_word' id='word_1_261' title='bbox 793 1849 1004 1919; x_wconf 90' lang='lat' dir='ltr'><strong>sibique</strong></span> <span class='ocrx_word' id='word_1_262' title='bbox 1049 1866 1266 1907; x_wconf 90' lang='lat' dir='ltr'><strong>carnem</strong></span> <span class='ocrx_word' id='word_1_263' title='bbox 1298 1868 1328 1908; x_wconf 90' lang='lat' dir='ltr'><strong>e</strong></span> <span class='ocrx_word' id='word_1_264' title='bbox 1370 1868 1527 1908; x_wconf 88' lang='lat' dir='ltr'><strong>sacro</strong></span> <span class='ocrx_word' id='word_1_265' title='bbox 1556 1852 1802 1927; x_wconf 78' lang='lat' dir='ltr'><strong>Virginis</strong></span> <span class='ocrx_word' id='word_1_266' title='bbox 1843 1865 1998 1911; x_wconf 86' lang='lat' dir='ltr'><strong>utero</strong></span> <span class='ocrx_word' id='word_1_267' title='bbox 2039 1856 2338 1924; x_wconf 83' lang='lat' dir='ltr'><strong>formasse,</strong></span> <span class='ocrx_word' id='word_1_268' title='bbox 2398 1865 2560 1919; x_wconf 82' lang='lat' dir='ltr'><strong>atque</strong></span> <span class='ocrx_word' id='word_1_269' title='bbox 2614 1873 2824 1912; x_wconf 88' lang='lat' dir='ltr'><strong>onmem</strong></span> <span class='ocrx_word' id='word_1_270' title='bbox 2869 1859 2924 1912; x_wconf 94' lang='lat' dir='ltr'><strong>in</strong></span> <span class='ocrx_word' id='word_1_271' title='bbox 2993 1873 3114 1914; x_wconf 91' lang='lat' dir='ltr'><strong>sese</strong></span> <span class='ocrx_word' id='word_1_272' title='bbox 3165 1857 3335 1926; x_wconf 73' lang='lat' dir='ltr'><strong>perfe-</strong></span> 
     </span>
    </p>
   </div>
   <div class='ocr_carea' id='block_1_35' title="bbox 114 1939 3333 2018">
    <p class='ocr_par' dir='ltr' id='par_1_35' title="bbox 114 1939 3333 2018">
     <span class='ocr_line' id='line_1_35' title="bbox 114 1939 3333 2018; baseline 0.004 -29"><span class='ocrx_word' id='word_1_273' title='bbox 114 1945 200 1990; x_wconf 87' lang='lat' dir='ltr'><strong>cte</strong></span> <span class='ocrx_word' id='word_1_274' title='bbox 261 1945 510 1992; x_wconf 88' lang='lat' dir='ltr'><strong>naturam</strong></span> <span class='ocrx_word' id='word_1_275' title='bbox 557 1939 792 1996; x_wconf 89' lang='lat' dir='ltr'><strong>hominis</strong></span> <span class='ocrx_word' id='word_1_276' title='bbox 825 1942 1182 2012; x_wconf 83' lang='lat' dir='ltr'><strong>expressisse.</strong></span> <span class='ocrx_word' id='word_1_277' title='bbox 1229 1945 1365 1999; x_wconf 91' lang='lat' dir='ltr'><strong>Cum</strong></span> <span class='ocrx_word' id='word_1_278' title='bbox 1413 1948 1558 2000; x_wconf 90' lang='lat' dir='ltr'><strong>enim</strong></span> <span class='ocrx_word' id='word_1_279' title='bbox 1597 1948 1672 2002; x_wconf 87' lang='lat' dir='ltr'><strong>ita</strong></span> <span class='ocrx_word' id='word_1_280' title='bbox 1713 1948 1972 2018; x_wconf 88' lang='lat' dir='ltr'><strong>loquitur,</strong></span> <span class='ocrx_word' id='word_1_281' title='bbox 2011 1949 2235 2004; x_wconf 82' lang='lat' dir='ltr'><strong>Verbum</strong></span> <span class='ocrx_word' id='word_1_282' title='bbox 2263 1966 2386 2003; x_wconf 84' lang='lat' dir='ltr'><strong>caro</strong></span> <span class='ocrx_word' id='word_1_283' title='bbox 2415 1949 2616 2018; x_wconf 80' lang='lat' dir='ltr'><strong>factum</strong></span> <span class='ocrx_word' id='word_1_284' title='bbox 2637 1959 2736 2014; x_wconf 82' lang='lat' dir='ltr'><strong>est,</strong></span> <span class='ocrx_word' id='word_1_285' title='bbox 2764 1965 2869 2004; x_wconf 93' lang='lat' dir='ltr'><strong>non</strong></span> <span class='ocrx_word' id='word_1_286' title='bbox 2921 1950 3052 2004; x_wconf 92' lang='lat' dir='ltr'><strong>illud</strong></span> <span class='ocrx_word' id='word_1_287' title='bbox 3109 1950 3333 2014; x_wconf 90' lang='lat' dir='ltr'><strong>indicat,</strong></span> 
     </span>
    </p>
   </div>
   <div class='ocr_carea' id='block_1_36' title="bbox 116 2029 3338 2107">
    <p class='ocr_par' dir='ltr' id='par_1_36' title="bbox 116 2029 3338 2107">
     <span class='ocr_line' id='line_1_36' title="bbox 116 2029 3338 2107; baseline 0.006 -25"><span class='ocrx_word' id='word_1_288' title='bbox 116 2029 354 2086; x_wconf 78' lang='lat' dir='ltr'><strong>Verbum</strong></span> <span class='ocrx_word' id='word_1_289' title='bbox 388 2033 440 2085; x_wconf 90' lang='lat' dir='ltr'><strong>in</strong></span> <span class='ocrx_word' id='word_1_290' title='bbox 485 2047 706 2086; x_wconf 91' lang='lat' dir='ltr'><strong>carnem</strong></span> <span class='ocrx_word' id='word_1_291' title='bbox 747 2033 916 2090; x_wconf 86' lang='lat' dir='ltr'><strong>fuisse</strong></span> <span class='ocrx_word' id='word_1_292' title='bbox 945 2051 1291 2100; x_wconf 88' lang='lat' dir='ltr'><strong>conversum,</strong></span> <span class='ocrx_word' id='word_1_293' title='bbox 1334 2048 1427 2092; x_wconf 88' lang='lat' dir='ltr'><strong>aut</strong></span> <span class='ocrx_word' id='word_1_294' title='bbox 1461 2040 1518 2093; x_wconf 88' lang='lat' dir='ltr'><strong>in</strong></span> <span class='ocrx_word' id='word_1_295' title='bbox 1554 2055 1673 2096; x_wconf 87' lang='lat' dir='ltr'><strong>eam</strong></span> <span class='ocrx_word' id='word_1_296' title='bbox 1715 2043 1938 2096; x_wconf 90' lang='lat' dir='ltr'><strong>omnino</strong></span> <span class='ocrx_word' id='word_1_297' title='bbox 1985 2045 2270 2107; x_wconf 87' lang='lat' dir='ltr'><strong>transisse,</strong></span> <span class='ocrx_word' id='word_1_298' title='bbox 2325 2045 2438 2098; x_wconf 85' lang='lat' dir='ltr'><strong>sive</strong></span> <span class='ocrx_word' id='word_1_299' title='bbox 2477 2043 2814 2098; x_wconf 84' lang='lat' dir='ltr'><strong>divinitatem</strong></span> <span class='ocrx_word' id='word_1_300' title='bbox 2852 2044 2906 2097; x_wconf 91' lang='lat' dir='ltr'><strong>in</strong></span> <span class='ocrx_word' id='word_1_301' title='bbox 2944 2057 3164 2098; x_wconf 87' lang='lat' dir='ltr'><strong>carnem</strong></span> <span class='ocrx_word' id='word_1_302' title='bbox 3219 2061 3338 2100; x_wconf 89' lang='lat' dir='ltr'><strong>esse</strong></span> 
     </span>
    </p>
   </div>
   <div class='ocr_carea' id='block_1_37' title="bbox 117 2127 2652 2205">
    <p class='ocr_par' dir='ltr' id='par_1_37' title="bbox 117 2127 2652 2205">
     <span class='ocr_line' id='line_1_37' title="bbox 117 2127 2652 2205; baseline 0.004 -27"><span class='ocrx_word' id='word_1_303' title='bbox 117 2134 403 2188; x_wconf 85' lang='lat' dir='ltr'><strong>mutatam,</strong></span> <span class='ocrx_word' id='word_1_304' title='bbox 433 2140 622 2179; x_wconf 87' lang='lat' dir='ltr'><strong>verum</strong></span> <span class='ocrx_word' id='word_1_305' title='bbox 651 2141 770 2180; x_wconf 90' lang='lat' dir='ltr'><strong>cum</strong></span> <span class='ocrx_word' id='word_1_306' title='bbox 813 2127 1096 2187; x_wconf 86' lang='lat' dir='ltr'><strong>divinitate</strong></span> <span class='ocrx_word' id='word_1_307' title='bbox 1133 2130 1372 2187; x_wconf 83' lang='lat' dir='ltr'><strong>Verbum</strong></span> <span class='ocrx_word' id='word_1_308' title='bbox 1404 2139 1680 2205; x_wconf 82' lang='lat' dir='ltr'><strong>propriam</strong></span> <span class='ocrx_word' id='word_1_309' title='bbox 1721 2135 1962 2190; x_wconf 88' lang='lat' dir='ltr'><strong>hominis</strong></span> <span class='ocrx_word' id='word_1_310' title='bbox 1991 2137 2358 2205; x_wconf 82' lang='lat' dir='ltr'><strong>assumpsisse</strong></span> <span class='ocrx_word' id='word_1_311' title='bbox 2381 2144 2652 2190; x_wconf 84' lang='lat' dir='ltr'><strong>naturam.</strong></span> 
     </span>
    </p>
   </div>
   <div class='ocr_carea' id='block_1_38' title="bbox 183 2215 1677 2296">
    <p class='ocr_par' dir='ltr' id='par_1_38' title="bbox 183 2215 1677 2294">
     <span class='ocr_line' id='line_1_38' title="bbox 183 2215 1677 2294; baseline 0.006 -24"><span class='ocrx_word' id='word_1_312' title='bbox 183 2218 264 2270; x_wconf 78' lang='lat' dir='ltr'><strong>A’.</strong></span> <span class='ocrx_word' id='word_1_313' title='bbox 299 2215 408 2272; x_wconf 79' lang='grc' dir='ltr'><strong>Καὶ</strong></span> <span class='ocrx_word' id='word_1_314' title='bbox 444 2217 768 2286; x_wconf 81' lang='grc' dir='ltr'>προέκοπτε</span> <span class='ocrx_word' id='word_1_315' title='bbox 787 2260 802 2280; x_wconf 85' lang='grc'><strong>,</strong></span> <span class='ocrx_word' id='word_1_316' title='bbox 843 2223 1004 2292; x_wconf 75' lang='grc' dir='ltr'>φησὶν</span> <span class='ocrx_word' id='word_1_317' title='bbox 1027 2264 1042 2288; x_wconf 95' lang='grc'><strong>,</strong></span> <span class='ocrx_word' id='word_1_318' title='bbox 1076 2225 1147 2277; x_wconf 79' lang='grc' dir='ltr'><strong>ἐν</strong></span> <span class='ocrx_word' id='word_1_319' title='bbox 1195 2225 1400 2292; x_wconf 73' lang='grc' dir='ltr'><strong>ἡλικίᾳ</strong></span> <span class='ocrx_word' id='word_1_320' title='bbox 1446 2225 1677 2294; x_wconf 84' lang='grc' dir='ltr'>Ἰησοῦς</span> 
     </span>
    </p>
   </div>
   <div class='ocr_carea' id='block_1_39' title="bbox 1788 2215 3340 2296">
    <p class='ocr_par' dir='ltr' id='par_1_39' title="bbox 1859 2223 3340 2296">
     <span class='ocr_line' id='line_1_39' title="bbox 1859 2223 3340 2296; baseline -0.003 -16"><span class='ocrx_word' id='word_1_321' title='bbox 1859 2226 2025 2282; x_wconf 67' lang='lat' dir='ltr'><strong>XXX.</strong></span> <span class='ocrx_word' id='word_1_322' title='bbox 2061 2227 2200 2294; x_wconf 85' lang='lat' dir='ltr'><strong>Quin</strong></span> <span class='ocrx_word' id='word_1_323' title='bbox 2242 2228 2402 2282; x_wconf 90' lang='lat' dir='ltr'><strong>etiam</strong></span> <span class='ocrx_word' id='word_1_324' title='bbox 2429 2225 2758 2296; x_wconf 79' lang='lat' dir='ltr'><strong>procedebat,</strong></span> <span class='ocrx_word' id='word_1_325' title='bbox 2785 2223 2979 2294; x_wconf 90' lang='lat' dir='ltr'><strong>inquit,</strong></span> <span class='ocrx_word' id='word_1_326' title='bbox 3009 2224 3163 2279; x_wconf 80' lang='lat' dir='ltr'><strong>Jesus</strong></span> <span class='ocrx_word' id='word_1_327' title='bbox 3189 2235 3340 2280; x_wconf 66' lang='lat' dir='ltr'><strong>«etate</strong></span> 
     </span>
    </p>
   </div>
   <div class='ocr_carea' id='block_1_40' title="bbox 121 2309 1684 2386">
    <p class='ocr_par' dir='ltr' id='par_1_40' title="bbox 121 2309 1684 2386">
     <span class='ocr_line' id='line_1_40' title="bbox 121 2309 1684 2386; baseline 0.008 -26"><span class='ocrx_word' id='word_1_328' title='bbox 121 2309 216 2360; x_wconf 77' lang='grc' dir='ltr'><strong>καὶ</strong></span> <span class='ocrx_word' id='word_1_329' title='bbox 246 2309 454 2377; x_wconf 56' lang='grc' dir='ltr'>σοφίᾳ.</span> <span class='ocrx_word' id='word_1_330' title='bbox 516 2311 572 2363; x_wconf 81' lang='grc' dir='ltr'>ὐ</span> <span class='ocrx_word' id='word_1_331' title='bbox 605 2311 662 2364; x_wconf 83' lang='grc' dir='ltr'>δὲ</span> <span class='ocrx_word' id='word_1_332' title='bbox 709 2312 832 2366; x_wconf 88' lang='grc' dir='ltr'>νοῦν</span> <span class='ocrx_word' id='word_1_333' title='bbox 885 2313 957 2384; x_wconf 82' lang='grc' dir='ltr'>μὴ</span> <span class='ocrx_word' id='word_1_334' title='bbox 1003 2314 1138 2386; x_wconf 78' lang='grc' dir='ltr'><strong>ἔχων</strong></span> <span class='ocrx_word' id='word_1_335' title='bbox 1195 2315 1530 2386; x_wconf 83' lang='grc' dir='ltr'>ἀνθρώπινον</span> <span class='ocrx_word' id='word_1_336' title='bbox 1565 2320 1684 2382; x_wconf 84' lang='grc' dir='ltr'><strong>πῶς</strong></span> 
     </span>
    </p>
   </div>
   <div class='ocr_carea' id='block_1_41' title="bbox 123 2398 1683 2478">
    <p class='ocr_par' dir='ltr' id='par_1_41' title="bbox 123 2398 1683 2478">
     <span class='ocr_line' id='line_1_41' title="bbox 123 2398 1683 2478; baseline 0.008 -30"><span class='ocrx_word' id='word_1_337' title='bbox 123 2398 426 2469; x_wconf 64' lang='grc' dir='ltr'>προέκοπτε</span> <span class='ocrx_word' id='word_1_338' title='bbox 453 2417 468 2464; x_wconf 90' lang='grc'><strong>;</strong></span> <span class='ocrx_word' id='word_1_339' title='bbox 505 2399 684 2464; x_wconf 85' lang='grc' dir='ltr'>καθὼς</span> <span class='ocrx_word' id='word_1_340' title='bbox 711 2402 809 2473; x_wconf 68' lang='grc' dir='ltr'>ἤδη</span> <span class='ocrx_word' id='word_1_341' title='bbox 846 2421 934 2473; x_wconf 86' lang='grc' dir='ltr'><strong>μοι</strong></span> <span class='ocrx_word' id='word_1_342' title='bbox 967 2404 1211 2474; x_wconf 77' lang='grc' dir='ltr'>εἴρηται·</span> <span class='ocrx_word' id='word_1_343' title='bbox 1245 2405 1320 2469; x_wconf 83' lang='grc' dir='ltr'>ὡς</span> <span class='ocrx_word' id='word_1_344' title='bbox 1347 2408 1438 2460; x_wconf 80' lang='grc' dir='ltr'><strong>καὶ</strong></span> <span class='ocrx_word' id='word_1_345' title='bbox 1473 2425 1683 2478; x_wconf 87' lang='grc' dir='ltr'>μαρτυ-</span> 
     </span>
    </p>
   </div>
   <div class='ocr_carea' id='block_1_42' title="bbox 125 2488 1684 2572">
    <p class='ocr_par' dir='ltr' id='par_1_42' title="bbox 125 2488 1684 2572">
     <span class='ocr_line' id='line_1_42' title="bbox 125 2488 1684 2572; baseline 0.009 -33"><span class='ocrx_word' id='word_1_346' title='bbox 125 2492 206 2559; x_wconf 82' lang='grc' dir='ltr'>ρεῖ</span> <span class='ocrx_word' id='word_1_347' title='bbox 253 2488 430 2560; x_wconf 85' lang='grc' dir='ltr'>τούτῳ</span> <span class='ocrx_word' id='word_1_348' title='bbox 479 2491 555 2561; x_wconf 81' lang='grc' dir='ltr'>τῷ</span> <span class='ocrx_word' id='word_1_349' title='bbox 601 2490 744 2562; x_wconf 86' lang='grc' dir='ltr'>λόγῳ</span> <span class='ocrx_word' id='word_1_350' title='bbox 785 2495 813 2545; x_wconf 87' lang='grc' dir='ltr'>ὁ</span> <span class='ocrx_word' id='word_1_351' title='bbox 867 2493 1018 2562; x_wconf 76' lang='grc' dir='ltr'>ἅγιος</span> <span class='ocrx_word' id='word_1_352' title='bbox 1071 2495 1164 2548; x_wconf 84' lang='grc' dir='ltr'><strong>τοῦ</strong></span> <span class='ocrx_word' id='word_1_353' title='bbox 1223 2496 1358 2550; x_wconf 88' lang='grc' dir='ltr'>Θεοῦ</span> <span class='ocrx_word' id='word_1_354' title='bbox 1404 2501 1684 2572; x_wconf 84' lang='grc' dir='ltr'><strong>προφήτης</strong></span> 
     </span>
    </p>
   </div>
   <div class='ocr_carea' id='block_1_43' title="bbox 133 2579 1687 2658">
    <p class='ocr_par' dir='ltr' id='par_1_43' title="bbox 133 2579 1687 2658">
     <span class='ocr_line' id='line_1_43' title="bbox 133 2579 1687 2658; baseline 0.006 -25"><span class='ocrx_word' id='word_1_355' title='bbox 133 2579 359 2643; x_wconf 78' lang='grc' dir='ltr'><strong>Ἡσαΐας</strong></span> <span class='ocrx_word' id='word_1_356' title='bbox 377 2583 572 2650; x_wconf 78' lang='grc' dir='ltr'>φήσας·</span> <span class='ocrx_word' id='word_1_357' title='bbox 591 2582 735 2637; x_wconf 79' lang='grc' dir='ltr'>Ἰδοὺ</span> <span class='ocrx_word' id='word_1_358' title='bbox 763 2583 1019 2652; x_wconf 81' lang='grc' dir='ltr'>συνήσει</span> <span class='ocrx_word' id='word_1_359' title='bbox 1050 2589 1082 2640; x_wconf 85' lang='grc' dir='ltr'><strong>ό</strong></span> <span class='ocrx_word' id='word_1_360' title='bbox 1111 2587 1249 2652; x_wconf 80' lang='grc' dir='ltr'>παῖς</span> <span class='ocrx_word' id='word_1_361' title='bbox 1265 2606 1384 2657; x_wconf 74' lang='grc' dir='ltr'>μου</span> <span class='ocrx_word' id='word_1_362' title='bbox 1403 2593 1437 2644; x_wconf 87' lang='grc' dir='ltr'><strong>ό</strong></span> <span class='ocrx_word' id='word_1_363' title='bbox 1466 2591 1687 2658; x_wconf 77' lang='grc' dir='ltr'>ἀγαπη-</span> 
     </span>
    </p>
   </div>
   <div class='ocr_carea' id='block_1_44' title="bbox 124 2666 1686 2752">
    <p class='ocr_par' dir='ltr' id='par_1_44' title="bbox 124 2666 1686 2752">
     <span class='ocr_line' id='line_1_44' title="bbox 124 2666 1686 2752; baseline 0.009 -28"><span class='ocrx_word' id='word_1_364' title='bbox 124 2671 242 2738; x_wconf 80' lang='grc' dir='ltr'>τός,</span> <span class='ocrx_word' id='word_1_365' title='bbox 260 2673 355 2742; x_wconf 65' lang='grc' dir='ltr'><strong>ἐφ’</strong></span> <span class='ocrx_word' id='word_1_366' title='bbox 379 2666 427 2738; x_wconf 81' lang='grc' dir='ltr'>ᾧ</span> <span class='ocrx_word' id='word_1_367' title='bbox 446 2674 767 2743; x_wconf 77' lang='grc' dir='ltr'><strong>εὐδόκησα.</strong></span> <span class='ocrx_word' id='word_1_368' title='bbox 799 2679 906 2731; x_wconf 74' lang='grc' dir='ltr'><strong>Καὶ</strong></span> <span class='ocrx_word' id='word_1_369' title='bbox 933 2681 1082 2752; x_wconf 79' lang='grc' dir='ltr'>ὁρᾷς,</span> <span class='ocrx_word' id='word_1_370' title='bbox 1113 2681 1276 2734; x_wconf 82' lang='grc' dir='ltr'>ὅτιτὸ</span> <span class='ocrx_word' id='word_1_371' title='bbox 1295 2683 1553 2752; x_wconf 80' lang='grc' dir='ltr'>συνήσει</span> <span class='ocrx_word' id='word_1_372' title='bbox 1591 2685 1686 2738; x_wconf 76' lang='grc' dir='ltr'><strong>ἐπὶ</strong></span> 
     </span>
    </p>
   </div>
   <div class='ocr_carea' id='block_1_45' title="bbox 123 2763 1686 2848">
    <p class='ocr_par' dir='ltr' id='par_1_45' title="bbox 123 2763 1686 2848">
     <span class='ocr_line' id='line_1_45' title="bbox 123 2763 1686 2848; baseline 0.01 -33"><span class='ocrx_word' id='word_1_373' title='bbox 123 2763 334 2817; x_wconf 79' lang='grc' dir='ltr'>τελείαν</span> <span class='ocrx_word' id='word_1_374' title='bbox 367 2765 773 2838; x_wconf 80' lang='grc' dir='ltr'>ἐνανθρώπησιν</span> <span class='ocrx_word' id='word_1_375' title='bbox 805 2769 1062 2841; x_wconf 76' lang='grc' dir='ltr'>φέρεταις</span> <span class='ocrx_word' id='word_1_376' title='bbox 1099 2772 1170 2824; x_wconf 80' lang='grc' dir='ltr'><strong>Οὐ</strong></span> <span class='ocrx_word' id='word_1_377' title='bbox 1219 2773 1439 2829; x_wconf 84' lang='grc' dir='ltr'>δύναται</span> <span class='ocrx_word' id='word_1_378' title='bbox 1469 2776 1578 2848; x_wconf 81' lang='grc' dir='ltr'><strong>γάρ</strong></span> <span class='ocrx_word' id='word_1_379' title='bbox 1605 2794 1686 2840; x_wconf 83' lang='grc' dir='ltr'><strong>τις</strong></span> 
     </span>
    </p>
   </div>
   <div class='ocr_carea' id='block_1_46' title="bbox 127 2857 1686 2939">
    <p class='ocr_par' dir='ltr' id='par_1_46' title="bbox 127 2857 1686 2939">
     <span class='ocr_line' id='line_1_46' title="bbox 127 2857 1686 2939; baseline 0.011 -33"><span class='ocrx_word' id='word_1_380' title='bbox 127 2857 364 2909; x_wconf 77' lang='grc' dir='ltr'><strong>συνιέναι</strong></span> <span class='ocrx_word' id='word_1_381' title='bbox 393 2859 515 2912; x_wconf 90' lang='grc' dir='ltr'>νοῦν</span> <span class='ocrx_word' id='word_1_382' title='bbox 557 2859 631 2932; x_wconf 70' lang='grc' dir='ltr'>μὴ</span> <span class='ocrx_word' id='word_1_383' title='bbox 683 2859 850 2930; x_wconf 83' lang='grc' dir='ltr'><strong>ἔχων·</strong></span> <span class='ocrx_word' id='word_1_384' title='bbox 889 2860 1012 2916; x_wconf 66' lang='grc' dir='ltr'>οὔτε</span> <span class='ocrx_word' id='word_1_385' title='bbox 1045 2865 1136 2918; x_wconf 78' lang='grc' dir='ltr'><strong>ἐπὶ</strong></span> <span class='ocrx_word' id='word_1_386' title='bbox 1168 2869 1234 2938; x_wconf 81' lang='grc' dir='ltr'><strong>τῇ</strong></span> <span class='ocrx_word' id='word_1_387' title='bbox 1269 2867 1481 2939; x_wconf 82' lang='grc' dir='ltr'>θεότητι</span> <span class='ocrx_word' id='word_1_388' title='bbox 1527 2870 1686 2922; x_wconf 85' lang='grc' dir='ltr'>τοῦτο</span> 
     </span>
    </p>
   </div>
   <div class='ocr_carea' id='block_1_47' title="bbox 127 2945 1688 3028">
    <p class='ocr_par' dir='ltr' id='par_1_47' title="bbox 127 2945 1688 3028">
     <span class='ocr_line' id='line_1_47' title="bbox 127 2945 1688 3028; baseline 0.011 -31"><span class='ocrx_word' id='word_1_389' title='bbox 127 2945 448 3016; x_wconf 78' lang='grc' dir='ltr'>πληροῦται.</span> <span class='ocrx_word' id='word_1_390' title='bbox 480 2951 592 3003; x_wconf 83' lang='grc' dir='ltr'><strong>Οὐκ</strong></span> <span class='ocrx_word' id='word_1_391' title='bbox 615 2950 830 3021; x_wconf 72' lang='grc' dir='ltr'>ἐπιδεὴς</span> <span class='ocrx_word' id='word_1_392' title='bbox 862 2953 969 3024; x_wconf 87' lang='grc' dir='ltr'>γὰρ</span> <span class='ocrx_word' id='word_1_393' title='bbox 1003 2956 1266 3020; x_wconf 84' lang='grc' dir='ltr'>συνέσεως</span> <span class='ocrx_word' id='word_1_394' title='bbox 1292 2959 1324 3028; x_wconf 86' lang='grc' dir='ltr'><strong>ή</strong></span> <span class='ocrx_word' id='word_1_395' title='bbox 1355 2955 1490 3012; x_wconf 82' lang='grc' dir='ltr'>οῦσα</span> <span class='ocrx_word' id='word_1_396' title='bbox 1532 2961 1688 3013; x_wconf 84' lang='grc' dir='ltr'>αὐτο-</span> 
     </span>
    </p>
   </div>
   <div class='ocr_carea' id='block_1_48' title="bbox 129 3031 1682 3119">
    <p class='ocr_par' dir='ltr' id='par_1_48' title="bbox 129 3031 1682 3119">
     <span class='ocr_line' id='line_1_48' title="bbox 129 3031 1682 3119; baseline 0.011 -32"><span class='ocrx_word' id='word_1_397' title='bbox 129 3031 378 3103; x_wconf 74' lang='grc' dir='ltr'>σύνεσις,</span> <span class='ocrx_word' id='word_1_398' title='bbox 411 3038 531 3091; x_wconf 75' lang='grc' dir='ltr'>οὐδὲ</span> <span class='ocrx_word' id='word_1_399' title='bbox 570 3041 836 3094; x_wconf 74' lang='grc' dir='ltr'><strong>ἐπιδέεται</strong></span> <span class='ocrx_word' id='word_1_400' title='bbox 880 3045 1068 3112; x_wconf 73' lang='grc' dir='ltr'>σοφίας</span> <span class='ocrx_word' id='word_1_401' title='bbox 1111 3049 1143 3116; x_wconf 86' lang='grc' dir='ltr'>ή</span> <span class='ocrx_word' id='word_1_402' title='bbox 1181 3039 1322 3101; x_wconf 71' lang='grc' dir='ltr'><strong>⁸οὖσα</strong></span> <span class='ocrx_word' id='word_1_403' title='bbox 1357 3050 1682 3119; x_wconf 76' lang='grc' dir='ltr'>αὐτοσοφίαο</span> 
     </span>
    </p>
   </div>
   <div class='ocr_carea' id='block_1_49' title="bbox 126 3127 1684 3210">
    <p class='ocr_par' dir='ltr' id='par_1_49' title="bbox 126 3127 1684 3210">
     <span class='ocr_line' id='line_1_49' title="bbox 126 3127 1684 3210; baseline 0.012 -32"><span class='ocrx_word' id='word_1_404' title='bbox 126 3127 260 3182; x_wconf 73' lang='grc' dir='ltr'>ἀλλὰ</span> <span class='ocrx_word' id='word_1_405' title='bbox 279 3130 347 3182; x_wconf 81' lang='grc' dir='ltr'>τὸ</span> <span class='ocrx_word' id='word_1_406' title='bbox 366 3131 626 3198; x_wconf 81' lang='grc' dir='ltr'>συνήσει</span> <span class='ocrx_word' id='word_1_407' title='bbox 655 3134 746 3186; x_wconf 76' lang='grc' dir='ltr'><strong>ἐπὶ</strong></span> <span class='ocrx_word' id='word_1_408' title='bbox 776 3135 852 3204; x_wconf 81' lang='grc' dir='ltr'><strong>τῷ</strong></span> <span class='ocrx_word' id='word_1_409' title='bbox 886 3136 960 3206; x_wconf 81' lang='grc' dir='ltr'>νῷ</span> <span class='ocrx_word' id='word_1_410' title='bbox 997 3138 1317 3210; x_wconf 76' lang='grc' dir='ltr'>ἀνθρωπίνῳ</span> <span class='ocrx_word' id='word_1_411' title='bbox 1331 3140 1684 3210; x_wconf 80' lang='grc' dir='ltr'>λαμϐάνεται.</span> 
     </span>
    </p>
   </div>
   <div class='ocr_carea' id='block_1_50' title="bbox 51 3219 1688 3303">
    <p class='ocr_par' dir='ltr' id='par_1_50' title="bbox 51 3219 1688 3303">
     <span class='ocr_line' id='line_1_50' title="bbox 51 3219 1688 3303; baseline 0.01 -33"><span class='ocrx_word' id='word_1_412' title='bbox 51 3271 54 3278; x_wconf 78' lang='grc'>,</span> <span class='ocrx_word' id='word_1_413' title='bbox 129 3219 300 3272; x_wconf 85' lang='grc' dir='ltr'>Πόθεν</span> <span class='ocrx_word' id='word_1_414' title='bbox 340 3222 396 3274; x_wconf 84' lang='grc' dir='ltr'>δὲ</span> <span class='ocrx_word' id='word_1_415' title='bbox 427 3223 632 3288; x_wconf 78' lang='grc' dir='ltr'>ὲπείνα,</span> <span class='ocrx_word' id='word_1_416' title='bbox 662 3225 784 3293; x_wconf 85' lang='grc' dir='ltr'>λέγε</span> <span class='ocrx_word' id='word_1_417' title='bbox 826 3244 932 3297; x_wconf 85' lang='grc' dir='ltr'>μοι.</span> <span class='ocrx_word' id='word_1_418' title='bbox 972 3229 1034 3280; x_wconf 82' lang='lat' dir='ltr'><strong>Ei</strong></span> <span class='ocrx_word' id='word_1_419' title='bbox 1075 3230 1174 3300; x_wconf 76' lang='grc' dir='ltr'>μὲν</span> <span class='ocrx_word' id='word_1_420' title='bbox 1205 3231 1310 3302; x_wconf 85' lang='grc' dir='ltr'><strong>γὰρ</strong></span> <span class='ocrx_word' id='word_1_421' title='bbox 1350 3232 1485 3303; x_wconf 77' lang='grc' dir='ltr'>σὰρξ</span> <span class='ocrx_word' id='word_1_422' title='bbox 1531 3233 1688 3303; x_wconf 87' lang='grc' dir='ltr'>μόνον</span> 
     </span>
    </p>
   </div>
   <div class='ocr_carea' id='block_1_51' title="bbox 125 3306 1686 3393">
    <p class='ocr_par' dir='ltr' id='par_1_51' title="bbox 125 3306 1686 3393">
     <span class='ocr_line' id='line_1_51' title="bbox 125 3306 1686 3393; baseline 0.011 -32"><span class='ocrx_word' id='word_1_423' title='bbox 125 3306 211 3380; x_wconf 80' lang='grc' dir='ltr'>ἦν,</span> <span class='ocrx_word' id='word_1_424' title='bbox 249 3311 374 3374; x_wconf 80' lang='grc' dir='ltr'>πῶς</span> <span class='ocrx_word' id='word_1_425' title='bbox 405 3312 633 3381; x_wconf 72' lang='grc' dir='ltr'>ἠδύνατο</span> <span class='ocrx_word' id='word_1_426' title='bbox 666 3316 964 3388; x_wconf 84' lang='grc' dir='ltr'>μνησθῆναι</span> <span class='ocrx_word' id='word_1_427' title='bbox 997 3321 1223 3390; x_wconf 86' lang='grc' dir='ltr'>πείνης;</span> <span class='ocrx_word' id='word_1_428' title='bbox 1268 3323 1360 3376; x_wconf 85' lang='grc' dir='ltr'><strong>καὶ</strong></span> <span class='ocrx_word' id='word_1_429' title='bbox 1391 3325 1438 3376; x_wconf 84' lang='grc' dir='ltr'><strong>εί</strong></span> <span class='ocrx_word' id='word_1_430' title='bbox 1472 3326 1535 3376; x_wconf 86' lang='grc' dir='ltr'><strong>ὲκ</strong></span> <span class='ocrx_word' id='word_1_431' title='bbox 1583 3325 1686 3393; x_wconf 76' lang='grc' dir='ltr'>ψυ-</span> 
     </span>
    </p>
   </div>
   <div class='ocr_carea' id='block_1_52' title="bbox 127 3401 1689 3485">
    <p class='ocr_par' dir='ltr' id='par_1_52' title="bbox 127 3401 1689 3485">
     <span class='ocr_line' id='line_1_52' title="bbox 127 3401 1689 3485; baseline 0.01 -33"><span class='ocrx_word' id='word_1_432' title='bbox 127 3401 226 3470; x_wconf 80' lang='grc' dir='ltr'><strong>χῆς</strong></span> <span class='ocrx_word' id='word_1_433' title='bbox 273 3403 370 3455; x_wconf 81' lang='grc' dir='ltr'>καὶ</span> <span class='ocrx_word' id='word_1_434' title='bbox 424 3403 668 3474; x_wconf 84' lang='grc' dir='ltr'>σώματος</span> <span class='ocrx_word' id='word_1_435' title='bbox 692 3403 760 3477; x_wconf 85' lang='grc' dir='ltr'>ἦν</span> <span class='ocrx_word' id='word_1_436' title='bbox 796 3409 994 3480; x_wconf 75' lang='grc' dir='ltr'>μόνης,</span> <span class='ocrx_word' id='word_1_437' title='bbox 1035 3412 1211 3482; x_wconf 79' lang='grc' dir='ltr'>ψυχῆς</span> <span class='ocrx_word' id='word_1_438' title='bbox 1253 3415 1326 3485; x_wconf 83' lang='grc' dir='ltr'>μὴ</span> <span class='ocrx_word' id='word_1_439' title='bbox 1360 3415 1588 3485; x_wconf 77' lang='grc' dir='ltr'>ἐχούσης</span> <span class='ocrx_word' id='word_1_440' title='bbox 1629 3416 1689 3468; x_wconf 86' lang='grc' dir='ltr'>τὸ</span> 
     </span>
    </p>
   </div>
   <div class='ocr_carea' id='block_1_53' title="bbox 127 3491 1683 3578">
    <p class='ocr_par' dir='ltr' id='par_1_53' title="bbox 127 3491 1683 3578">
     <span class='ocr_line' id='line_1_53' title="bbox 127 3491 1683 3578; baseline 0.013 -37"><span class='ocrx_word' id='word_1_441' title='bbox 127 3491 351 3559; x_wconf 75' lang='grc' dir='ltr'>λογικὸν</span> <span class='ocrx_word' id='word_1_442' title='bbox 371 3494 464 3546; x_wconf 85' lang='grc' dir='ltr'><strong>τοῦ</strong></span> <span class='ocrx_word' id='word_1_443' title='bbox 501 3495 610 3560; x_wconf 89' lang='grc' dir='ltr'>νοῦ,</span> <span class='ocrx_word' id='word_1_444' title='bbox 643 3498 732 3551; x_wconf 74' lang='grc' dir='ltr'>τὸν</span> <span class='ocrx_word' id='word_1_445' title='bbox 767 3499 1023 3572; x_wconf 86' lang='grc' dir='ltr'>λογισμὸν</span> <span class='ocrx_word' id='word_1_446' title='bbox 1058 3506 1157 3575; x_wconf 85' lang='grc' dir='ltr'>τῆς</span> <span class='ocrx_word' id='word_1_447' title='bbox 1189 3505 1646 3578; x_wconf 82' lang='grc' dir='ltr'>ὲνανθρωπήσεως</span> <span class='ocrx_word' id='word_1_448' title='bbox 1671 3525 1683 3536; x_wconf 93' lang='grc'><strong>·</strong></span> 
     </span>
    </p>
   </div>
   <div class='ocr_carea' id='block_1_54' title="bbox 129 3569 1760 3670">
    <p class='ocr_par' dir='ltr' id='par_1_54' title="bbox 129 3569 1760 3670">
     <span class='ocr_line' id='line_1_54' title="bbox 129 3569 1760 3670; baseline 0.012 -37"><span class='ocrx_word' id='word_1_449' title='bbox 129 3583 186 3634; x_wconf 73' lang='grc' dir='ltr'><strong>οὐ</strong></span> <span class='ocrx_word' id='word_1_450' title='bbox 225 3584 323 3636; x_wconf 88' lang='grc' dir='ltr'>τὸν</span> <span class='ocrx_word' id='word_1_451' title='bbox 355 3585 555 3652; x_wconf 82' lang='grc' dir='ltr'>φαῦλον</span> <span class='ocrx_word' id='word_1_452' title='bbox 586 3587 758 3656; x_wconf 82' lang='grc' dir='ltr'>λέγω,</span> <span class='ocrx_word' id='word_1_453' title='bbox 789 3569 1039 3646; x_wconf 61' lang='grc' dir='ltr'>ἀλλάτδν</span> <span class='ocrx_word' id='word_1_454' title='bbox 1069 3569 1161 3648; x_wconf 53' lang='lat' dir='ltr'><strong>iis</strong></span> <span class='ocrx_word' id='word_1_455' title='bbox 1193 3599 1258 3666; x_wconf 83' lang='grc' dir='ltr'><strong>τῇ</strong></span> <span class='ocrx_word' id='word_1_456' title='bbox 1293 3569 1504 3668; x_wconf 43' lang='grc' dir='ltr'>εὐλόγῳ.</span> <span class='ocrx_word' id='word_1_457' title='bbox 1529 3599 1688 3670; x_wconf 72' lang='grc' dir='ltr'>χρείᾳ</span> <span class='ocrx_word' id='word_1_458' title='bbox 1719 3569 1760 3624; x_wconf 68' lang='grc'><strong>(³</strong></span> 
     </span>
    </p>
   </div>
   <div class='ocr_carea' id='block_1_55' title="bbox 127 3675 1689 3760">
    <p class='ocr_par' dir='ltr' id='par_1_55' title="bbox 127 3675 1689 3760">
     <span class='ocr_line' id='line_1_55' title="bbox 127 3675 1689 3760; baseline 0.012 -34"><span class='ocrx_word' id='word_1_459' title='bbox 127 3675 464 3746; x_wconf 82' lang='grc' dir='ltr'>τεταγμένον</span> <span class='ocrx_word' id='word_1_460' title='bbox 492 3684 918 3753; x_wconf 87' lang='grc' dir='ltr'>συμπρεπόντως</span> <span class='ocrx_word' id='word_1_461' title='bbox 945 3689 1010 3757; x_wconf 81' lang='grc' dir='ltr'><strong>τῇ</strong></span> <span class='ocrx_word' id='word_1_462' title='bbox 1043 3685 1250 3758; x_wconf 79' lang='grc' dir='ltr'>θεότητι</span> <span class='ocrx_word' id='word_1_463' title='bbox 1279 3705 1293 3718; x_wconf 88' lang='grc'><strong>·</strong></span> <span class='ocrx_word' id='word_1_464' title='bbox 1321 3690 1435 3754; x_wconf 83' lang='grc' dir='ltr'>πῶς</span> <span class='ocrx_word' id='word_1_465' title='bbox 1463 3691 1689 3760; x_wconf 76' lang='grc' dir='ltr'>ἠδύνατο</span> 
     </span>
    </p>
   </div>
   <div class='ocr_carea' id='block_1_56' title="bbox 125 3768 1688 3854">
    <p class='ocr_par' dir='ltr' id='par_1_56' title="bbox 125 3768 1688 3854">
     <span class='ocr_line' id='line_1_56' title="bbox 125 3768 1688 3854; baseline 0.013 -37"><span class='ocrx_word' id='word_1_466' title='bbox 125 3768 410 3833; x_wconf 54' lang='lat' dir='ltr'><strong>«emicat,</strong></span> <span class='ocrx_word' id='word_1_467' title='bbox 439 3769 471 3839; x_wconf 83' lang='grc' dir='ltr'>ἢ</span> <span class='ocrx_word' id='word_1_468' title='bbox 501 3771 838 3843; x_wconf 75' lang='grc' dir='ltr'>διανοηθῆναι</span> <span class='ocrx_word' id='word_1_469' title='bbox 860 3781 1078 3843; x_wconf 83' lang='grc' dir='ltr'>πεῖναν;</span> <span class='ocrx_word' id='word_1_470' title='bbox 1103 3779 1271 3832; x_wconf 86' lang='grc' dir='ltr'>Πόθεν</span> <span class='ocrx_word' id='word_1_471' title='bbox 1294 3781 1350 3834; x_wconf 84' lang='grc' dir='ltr'>δὲ</span> <span class='ocrx_word' id='word_1_472' title='bbox 1375 3781 1688 3854; x_wconf 78' lang='grc' dir='ltr'>λελύπηται,</span> 
     </span>
    </p>
   </div>
   <div class='ocr_carea' id='block_1_57' title="bbox 127 3859 1689 3942">
    <p class='ocr_par' dir='ltr' id='par_1_57' title="bbox 127 3859 1689 3942">
     <span class='ocr_line' id='line_1_57' title="bbox 127 3859 1689 3942; baseline 0.011 -33"><span class='ocrx_word' id='word_1_473' title='bbox 127 3859 251 3928; x_wconf 76' lang='grc' dir='ltr'>λέγε</span> <span class='ocrx_word' id='word_1_474' title='bbox 275 3877 390 3930; x_wconf 81' lang='grc' dir='ltr'>μοι,</span> <span class='ocrx_word' id='word_1_475' title='bbox 423 3862 596 3933; x_wconf 81' lang='grc' dir='ltr'>ψυχῆς</span> <span class='ocrx_word' id='word_1_476' title='bbox 627 3863 700 3935; x_wconf 82' lang='grc' dir='ltr'>μὴ</span> <span class='ocrx_word' id='word_1_477' title='bbox 733 3867 961 3938; x_wconf 79' lang='grc' dir='ltr'>ἐχούσης</span> <span class='ocrx_word' id='word_1_478' title='bbox 991 3869 1133 3934; x_wconf 80' lang='grc' dir='ltr'>νοῦν,</span> <span class='ocrx_word' id='word_1_479' title='bbox 1165 3873 1342 3925; x_wconf 76' lang='grc' dir='ltr'>καὶτὸ</span> <span class='ocrx_word' id='word_1_480' title='bbox 1365 3873 1689 3942; x_wconf 77' lang='grc' dir='ltr'>λογίζεσθαι,</span> 
     </span>
    </p>
   </div>
   <div class='ocr_carea' id='block_1_58' title="bbox 125 3950 1693 4035">
    <p class='ocr_par' dir='ltr' id='par_1_58' title="bbox 125 3950 1693 4035">
     <span class='ocr_line' id='line_1_58' title="bbox 125 3950 1693 4035; baseline 0.011 -33"><span class='ocrx_word' id='word_1_481' title='bbox 125 3950 328 4018; x_wconf 73' lang='grc' dir='ltr'>ἀλόγου</span> <span class='ocrx_word' id='word_1_482' title='bbox 357 3951 530 4023; x_wconf 68' lang='grc' dir='ltr'>ψυχῆς</span> <span class='ocrx_word' id='word_1_483' title='bbox 558 3953 749 4026; x_wconf 79' lang='grc' dir='ltr'>οῦσης,</span> <span class='ocrx_word' id='word_1_484' title='bbox 782 3957 814 4028; x_wconf 81' lang='grc' dir='ltr'>ἢ</span> <span class='ocrx_word' id='word_1_485' title='bbox 851 3961 1048 4032; x_wconf 80' lang='grc' dir='ltr'>σαρκὸς</span> <span class='ocrx_word' id='word_1_486' title='bbox 1081 3962 1287 4033; x_wconf 72' lang='grc' dir='ltr'><strong>ἀψύχου</strong></span> <span class='ocrx_word' id='word_1_487' title='bbox 1322 3964 1522 4035; x_wconf 79' lang='grc' dir='ltr'>οῦσης;</span> <span class='ocrx_word' id='word_1_488' title='bbox 1557 3966 1693 4018; x_wconf 79' lang='grc' dir='ltr'>Οὔτε</span> 
     </span>
    </p>
   </div>
   <div class='ocr_carea' id='block_1_59' title="bbox 127 4040 1692 4121">
    <p class='ocr_par' dir='ltr' id='par_1_59' title="bbox 127 4040 1692 4121">
     <span class='ocr_line' id='line_1_59' title="bbox 127 4040 1692 4121; baseline 0.012 -31"><span class='ocrx_word' id='word_1_489' title='bbox 127 4040 232 4091; x_wconf 71' lang='grc' dir='ltr'><strong>ὑπὸ</strong></span> <span class='ocrx_word' id='word_1_490' title='bbox 271 4040 452 4110; x_wconf 77' lang='grc' dir='ltr'>λύπην</span> <span class='ocrx_word' id='word_1_491' title='bbox 479 4043 800 4110; x_wconf 79' lang='grc' dir='ltr'>ὑπέπιπτεν,</span> <span class='ocrx_word' id='word_1_492' title='bbox 826 4046 948 4100; x_wconf 76' lang='grc' dir='ltr'>οὔτε</span> <span class='ocrx_word' id='word_1_493' title='bbox 990 4052 1066 4112; x_wconf 83' lang='grc' dir='ltr'><strong>εἰς</strong></span> <span class='ocrx_word' id='word_1_494' title='bbox 1091 4051 1346 4121; x_wconf 82' lang='grc' dir='ltr'>ἀθυμίαν.</span> <span class='ocrx_word' id='word_1_495' title='bbox 1379 4055 1489 4106; x_wconf 74' lang='grc' dir='ltr'><strong>Καὶ</strong></span> <span class='ocrx_word' id='word_1_496' title='bbox 1521 4055 1692 4108; x_wconf 85' lang='grc' dir='ltr'>πολλά</span> 
     </span>
    </p>
   </div>
   <div class='ocr_carea' id='block_1_60' title="bbox 127 4130 1692 4208">
    <p class='ocr_par' dir='ltr' id='par_1_60' title="bbox 127 4130 1692 4208">
     <span class='ocr_line' id='line_1_60' title="bbox 127 4130 1692 4208; baseline 0.012 -27"><span class='ocrx_word' id='word_1_497' title='bbox 127 4131 276 4182; x_wconf 78' lang='grc' dir='ltr'>ἐστιν</span> <span class='ocrx_word' id='word_1_498' title='bbox 307 4130 346 4184; x_wconf 80' lang='grc' dir='ltr'>ἃ.</span> <span class='ocrx_word' id='word_1_499' title='bbox 379 4131 482 4202; x_wconf 83' lang='grc' dir='ltr'><strong>χρὴ</strong></span> <span class='ocrx_word' id='word_1_500' title='bbox 507 4135 654 4206; x_wconf 77' lang='grc' dir='ltr'>ἡμᾶς</span> <span class='ocrx_word' id='word_1_501' title='bbox 688 4134 1096 4208; x_wconf 74' lang='grc' dir='ltr'>διανοουμένους</span> <span class='ocrx_word' id='word_1_502' title='bbox 1133 4141 1346 4203; x_wconf 81' lang='grc' dir='ltr'>εἰδέναι,</span> <span class='ocrx_word' id='word_1_503' title='bbox 1382 4144 1461 4196; x_wconf 83' lang='grc' dir='ltr'>ὅτι</span> <span class='ocrx_word' id='word_1_504' title='bbox 1486 4144 1555 4197; x_wconf 86' lang='grc' dir='ltr'>τὰ</span> <span class='ocrx_word' id='word_1_505' title='bbox 1601 4163 1692 4198; x_wconf 91' lang='grc' dir='ltr'><strong>σο-</strong></span> 
     </span>
    </p>
   </div>
   <div class='ocr_carea' id='block_1_61' title="bbox 129 4224 1694 4304">
    <p class='ocr_par' dir='ltr' id='par_1_61' title="bbox 129 4224 1694 4304">
     <span class='ocr_line' id='line_1_61' title="bbox 129 4224 1694 4304; baseline 0.01 -30"><span class='ocrx_word' id='word_1_506' title='bbox 129 4224 367 4288; x_wconf 74' lang='grc' dir='ltr'>φιστικὰ</span> <span class='ocrx_word' id='word_1_507' title='bbox 401 4225 627 4296; x_wconf 85' lang='grc' dir='ltr'>περιττὰ</span> <span class='ocrx_word' id='word_1_508' title='bbox 656 4229 927 4300; x_wconf 81' lang='grc' dir='ltr'>τυγχάνει,</span> <span class='ocrx_word' id='word_1_509' title='bbox 965 4233 1058 4285; x_wconf 81' lang='grc' dir='ltr'><strong>καὶ</strong></span> <span class='ocrx_word' id='word_1_510' title='bbox 1102 4233 1321 4303; x_wconf 80' lang='grc' dir='ltr'>πλήττει</span> <span class='ocrx_word' id='word_1_511' title='bbox 1353 4235 1548 4304; x_wconf 82' lang='grc' dir='ltr'>μᾶλλον</span> <span class='ocrx_word' id='word_1_512' title='bbox 1571 4239 1694 4300; x_wconf 77' lang='grc' dir='ltr'>τοὺς</span> 
     </span>
    </p>
   </div>
   <div class='ocr_carea' id='block_1_62' title="bbox 129 4313 1694 4396">
    <p class='ocr_par' dir='ltr' id='par_1_62' title="bbox 129 4313 1694 4396">
     <span class='ocr_line' id='line_1_62' title="bbox 129 4313 1694 4396; baseline 0.011 -32"><span class='ocrx_word' id='word_1_513' title='bbox 129 4313 272 4384; x_wconf 80' lang='grc' dir='ltr'>ὑπὲρ</span> <span class='ocrx_word' id='word_1_514' title='bbox 304 4313 372 4367; x_wconf 80' lang='grc' dir='ltr'><strong>τό</strong></span> <span class='ocrx_word' id='word_1_515' title='bbox 408 4315 524 4368; x_wconf 77' lang='grc' dir='ltr'>δέον</span> <span class='ocrx_word' id='word_1_516' title='bbox 572 4318 922 4390; x_wconf 76' lang='grc' dir='ltr'>βουλομένους</span> <span class='ocrx_word' id='word_1_517' title='bbox 952 4323 1274 4378; x_wconf 84' lang='grc' dir='ltr'>διανοεῖσθαι</span> <span class='ocrx_word' id='word_1_518' title='bbox 1302 4367 1315 4390; x_wconf 83' lang='grc'><strong>,</strong></span> <span class='ocrx_word' id='word_1_519' title='bbox 1348 4327 1437 4378; x_wconf 75' lang='grc' dir='ltr'><strong>καὶ</strong></span> <span class='ocrx_word' id='word_1_520' title='bbox 1471 4327 1544 4396; x_wconf 85' lang='grc' dir='ltr'>μὴ</span> <span class='ocrx_word' id='word_1_521' title='bbox 1597 4346 1694 4395; x_wconf 87' lang='grc' dir='ltr'>με·-</span> 
     </span>
    </p>
   </div>
   <div class='ocr_carea' id='block_1_63' title="bbox 127 4407 1697 4487">
    <p class='ocr_par' dir='ltr' id='par_1_63' title="bbox 127 4407 1697 4487">
     <span class='ocr_line' id='line_1_63' title="bbox 127 4407 1697 4487; baseline 0.008 -32"><span class='ocrx_word' id='word_1_522' title='bbox 127 4407 278 4474; x_wconf 82' lang='grc' dir='ltr'>τρεῑν</span> <span class='ocrx_word' id='word_1_523' title='bbox 315 4408 541 4470; x_wconf 74' lang='grc' dir='ltr'>ἑαυτοὺς</span> <span class='ocrx_word' id='word_1_524' title='bbox 577 4412 633 4462; x_wconf 84' lang='grc' dir='ltr'>ὲν</span> <span class='ocrx_word' id='word_1_525' title='bbox 664 4410 742 4481; x_wconf 83' lang='grc' dir='ltr'>τῷ</span> <span class='ocrx_word' id='word_1_526' title='bbox 777 4410 956 4483; x_wconf 81' lang='grc' dir='ltr'>μέτρῳ</span> <span class='ocrx_word' id='word_1_527' title='bbox 992 4413 1070 4482; x_wconf 81' lang='grc' dir='ltr'><strong>τῷ</strong></span> <span class='ocrx_word' id='word_1_528' title='bbox 1111 4417 1238 4486; x_wconf 79' lang='grc' dir='ltr'>ἡμῖν</span> <span class='ocrx_word' id='word_1_529' title='bbox 1276 4415 1418 4468; x_wconf 77' lang='grc' dir='ltr'>κατὰ</span> <span class='ocrx_word' id='word_1_530' title='bbox 1444 4418 1697 4487; x_wconf 67' lang='grc' dir='ltr'>παραίνει</span> 
     </span>
    </p>
   </div>
   <div class='ocr_carea' id='block_1_64' title="bbox 129 4497 1694 4572">
    <p class='ocr_par' dir='ltr' id='par_1_64' title="bbox 129 4497 1694 4572">
     <span class='ocr_line' id='line_1_64' title="bbox 129 4497 1694 4572; baseline 0.008 -25"><span class='ocrx_word' id='word_1_531' title='bbox 129 4513 210 4548; x_wconf 86' lang='grc' dir='ltr'><strong>σιν</strong></span> <span class='ocrx_word' id='word_1_532' title='bbox 260 4497 542 4569; x_wconf 75' lang='grc' dir='ltr'>εἰρημένῳ</span> <span class='ocrx_word' id='word_1_533' title='bbox 568 4501 677 4553; x_wconf 84' lang='grc' dir='ltr'><strong>ἀπὸ</strong></span> <span class='ocrx_word' id='word_1_534' title='bbox 723 4499 816 4555; x_wconf 86' lang='grc' dir='ltr'><strong>τοῦ</strong></span> <span class='ocrx_word' id='word_1_535' title='bbox 864 4503 1164 4572; x_wconf 84' lang='grc' dir='ltr'>ἁγιωτάτου</span> <span class='ocrx_word' id='word_1_536' title='bbox 1209 4507 1526 4560; x_wconf 80' lang='grc' dir='ltr'>’Λποστόλου</span> <span class='ocrx_word' id='word_1_537' title='bbox 1552 4547 1568 4570; x_wconf 96' lang='grc'><strong>,</strong></span> <span class='ocrx_word' id='word_1_538' title='bbox 1602 4507 1694 4560; x_wconf 88' lang='grc' dir='ltr'><strong>τοῦ</strong></span> 
     </span>
    </p>
   </div>
   <div class='ocr_carea' id='block_1_65' title="bbox 125 4589 1559 4666">
    <p class='ocr_par' dir='ltr' id='par_1_65' title="bbox 125 4589 1559 4666">
     <span class='ocr_line' id='line_1_65' title="bbox 125 4589 1559 4666; baseline 0.008 -26"><span class='ocrx_word' id='word_1_539' title='bbox 125 4589 406 4656; x_wconf 75' lang='grc' dir='ltr'>φήσαντος</span> <span class='ocrx_word' id='word_1_540' title='bbox 424 4631 438 4654; x_wconf 91' lang='grc'><strong>,</strong></span> <span class='ocrx_word' id='word_1_541' title='bbox 469 4590 562 4660; x_wconf 82' lang='grc' dir='ltr'><strong>Μὴ</strong></span> <span class='ocrx_word' id='word_1_542' title='bbox 591 4591 986 4662; x_wconf 70' lang='grc' dir='ltr'>ὑπερφρονεῖν</span> <span class='ocrx_word' id='word_1_543' title='bbox 1001 4599 1154 4664; x_wconf 69' lang='grc' dir='ltr'>εταρὸ</span> <span class='ocrx_word' id='word_1_544' title='bbox 1183 4595 1280 4650; x_wconf 81' lang='grc' dir='ltr'>δεῖ</span> <span class='ocrx_word' id='word_1_545' title='bbox 1299 4599 1559 4666; x_wconf 70' lang='grc' dir='ltr'>φρονεῖν.</span> 
     </span>
    </p>
   </div>
   <div class='ocr_carea' id='block_1_66' title="bbox 127 4685 2367 4762">
    <p class='ocr_par' dir='ltr' id='par_1_66' title="bbox 127 4685 2367 4762">
     <span class='ocr_line' id='line_1_66' title="bbox 127 4685 2367 4762; baseline 0.004 -29"><span class='ocrx_word' id='word_1_546' title='bbox 127 4693 374 4735; x_wconf 72' lang='lat' dir='ltr'><strong>mmmre</strong></span> <span class='ocrx_word' id='word_1_547' title='bbox 399 4685 642 4737; x_wconf 80' lang='lat' dir='ltr'><strong>contrahi</strong></span> <span class='ocrx_word' id='word_1_548' title='bbox 685 4686 876 4754; x_wconf 91' lang='lat' dir='ltr'><strong>potuit.</strong></span> <span class='ocrx_word' id='word_1_549' title='bbox 917 4685 1054 4741; x_wconf 90' lang='lat' dir='ltr'><strong>Sunt</strong></span> <span class='ocrx_word' id='word_1_550' title='bbox 1082 4697 1134 4742; x_wconf 92' lang='lat' dir='ltr'><strong>et</strong></span> <span class='ocrx_word' id='word_1_551' title='bbox 1183 4690 1288 4743; x_wconf 89' lang='lat' dir='ltr'><strong>alia</strong></span> <span class='ocrx_word' id='word_1_552' title='bbox 1336 4692 1552 4760; x_wconf 77' lang='lat' dir='ltr'><strong>generis</strong></span> <span class='ocrx_word' id='word_1_553' title='bbox 1607 4692 1849 4760; x_wconf 83' lang='lat' dir='ltr'><strong>ejusdem</strong></span> <span class='ocrx_word' id='word_1_554' title='bbox 1907 4692 2304 4762; x_wconf 80' lang='lat' dir='ltr'><strong>quamplurima</strong></span> <span class='ocrx_word' id='word_1_555' title='bbox 2356 4709 2367 4743; x_wconf 95' lang='lat'>:</span> 
     </span>
    </p>
   </div>
   <div class='ocr_carea' id='block_1_67' title="bbox 1791 2313 3340 2382">
    <p class='ocr_par' dir='ltr' id='par_1_67' title="bbox 1791 2313 3340 2382">
     <span class='ocr_line' id='line_1_67' title="bbox 1791 2313 3340 2382; baseline -0.001 -18"><span class='ocrx_word' id='word_1_556' title='bbox 1791 2327 1850 2364; x_wconf 88' lang='lat' dir='ltr'><strong>ac</strong></span> <span class='ocrx_word' id='word_1_557' title='bbox 1875 2313 2136 2380; x_wconf 76' lang='lat' dir='ltr'><strong>sapientia</strong></span> <span class='ocrx_word' id='word_1_558' title='bbox 2157 2313 2199 2365; x_wconf 82' lang='lat'><strong>&#39;.</strong></span> <span class='ocrx_word' id='word_1_559' title='bbox 2227 2314 2384 2382; x_wconf 82' lang='lat' dir='ltr'><strong>Atqui</strong></span> <span class='ocrx_word' id='word_1_560' title='bbox 2415 2313 2458 2364; x_wconf 87' lang='lat' dir='ltr'><strong>si</strong></span> <span class='ocrx_word' id='word_1_561' title='bbox 2493 2314 2724 2366; x_wconf 88' lang='lat' dir='ltr'><strong>humana</strong></span> <span class='ocrx_word' id='word_1_562' title='bbox 2751 2321 2928 2364; x_wconf 88' lang='lat' dir='ltr'><strong>mente</strong></span> <span class='ocrx_word' id='word_1_563' title='bbox 2958 2319 3187 2374; x_wconf 85' lang='lat' dir='ltr'><strong>careret,</strong></span> <span class='ocrx_word' id='word_1_564' title='bbox 3219 2327 3340 2380; x_wconf 81' lang='lat' dir='ltr'><strong>pro-</strong></span> 
     </span>
    </p>
   </div>
   <div class='ocr_carea' id='block_1_68' title="bbox 1785 2401 3341 2473">
    <p class='ocr_par' dir='ltr' id='par_1_68' title="bbox 1785 2401 3341 2473">
     <span class='ocr_line' id='line_1_68' title="bbox 1785 2401 3341 2473; baseline 0 -17"><span class='ocrx_word' id='word_1_565' title='bbox 1785 2404 1973 2458; x_wconf 90' lang='lat' dir='ltr'><strong>cedere</strong></span> <span class='ocrx_word' id='word_1_566' title='bbox 1994 2405 2084 2473; x_wconf 88' lang='lat' dir='ltr'><strong>qui</strong></span> <span class='ocrx_word' id='word_1_567' title='bbox 2121 2405 2294 2473; x_wconf 89' lang='lat' dir='ltr'><strong>potuit</strong></span> <span class='ocrx_word' id='word_1_568' title='bbox 2317 2404 2339 2454; x_wconf 87' lang='lat'><strong>?</strong></span> <span class='ocrx_word' id='word_1_569' title='bbox 2361 2411 2418 2456; x_wconf 92' lang='lat' dir='ltr'><strong>ut</strong></span> <span class='ocrx_word' id='word_1_570' title='bbox 2450 2419 2479 2456; x_wconf 93' lang='lat' dir='ltr'><strong>a</strong></span> <span class='ocrx_word' id='word_1_571' title='bbox 2509 2402 2665 2458; x_wconf 89' lang='lat' dir='ltr'><strong>nobis</strong></span> <span class='ocrx_word' id='word_1_572' title='bbox 2717 2413 2840 2457; x_wconf 87' lang='lat' dir='ltr'><strong>ante</strong></span> <span class='ocrx_word' id='word_1_573' title='bbox 2872 2401 3204 2468; x_wconf 87' lang='lat' dir='ltr'><strong>disputatum</strong></span> <span class='ocrx_word' id='word_1_574' title='bbox 3237 2411 3341 2457; x_wconf 91' lang='lat' dir='ltr'><strong>est.</strong></span> 
     </span>
    </p>
   </div>
   <div class='ocr_carea' id='block_1_69' title="bbox 1787 2491 3340 2562">
    <p class='ocr_par' dir='ltr' id='par_1_69' title="bbox 1787 2491 3340 2562">
     <span class='ocr_line' id='line_1_69' title="bbox 1787 2491 3340 2562; baseline 0.001 -17"><span class='ocrx_word' id='word_1_575' title='bbox 1787 2491 1888 2546; x_wconf 89' lang='lat' dir='ltr'><strong>Cui</strong></span> <span class='ocrx_word' id='word_1_576' title='bbox 1916 2500 1970 2546; x_wconf 92' lang='lat' dir='ltr'><strong>et</strong></span> <span class='ocrx_word' id='word_1_577' title='bbox 2023 2505 2248 2548; x_wconf 72' lang='lat' dir='ltr'><strong>samrtus</strong></span> <span class='ocrx_word' id='word_1_578' title='bbox 2279 2491 2372 2546; x_wconf 91' lang='lat' dir='ltr'><strong>Dei</strong></span> <span class='ocrx_word' id='word_1_579' title='bbox 2403 2493 2666 2562; x_wconf 78' lang='lat' dir='ltr'><strong>prepbcta</strong></span> <span class='ocrx_word' id='word_1_580' title='bbox 2701 2491 2868 2545; x_wconf 85' lang='lat' dir='ltr'><strong>Isaias</strong></span> <span class='ocrx_word' id='word_1_581' title='bbox 2897 2492 3223 2561; x_wconf 88' lang='lat' dir='ltr'><strong>astipulatur</strong></span> <span class='ocrx_word' id='word_1_582' title='bbox 3255 2492 3340 2546; x_wconf 90' lang='lat' dir='ltr'><strong>his</strong></span> 
     </span>
    </p>
   </div>
   <div class='ocr_carea' id='block_1_70' title="bbox 1787 2580 3344 2652">
    <p class='ocr_par' dir='ltr' id='par_1_70' title="bbox 1787 2580 3344 2652">
     <span class='ocr_line' id='line_1_70' title="bbox 1787 2580 3344 2652; baseline 0.001 -18"><span class='ocrx_word' id='word_1_583' title='bbox 1787 2583 1966 2636; x_wconf 78' lang='lat' dir='ltr'><strong>verbis</strong></span> <span class='ocrx_word' id='word_1_584' title='bbox 2001 2601 2014 2637; x_wconf 96' lang='lat'>:</span> <span class='ocrx_word' id='word_1_585' title='bbox 2054 2580 2185 2636; x_wconf 82' lang='lat' dir='ltr'><strong>Ecce</strong></span> <span class='ocrx_word' id='word_1_586' title='bbox 2221 2583 2472 2652; x_wconf 78' lang='lat' dir='ltr'><strong>intelliget</strong></span> <span class='ocrx_word' id='word_1_587' title='bbox 2501 2599 2675 2636; x_wconf 85' lang='lat' dir='ltr'><strong>servus</strong></span> <span class='ocrx_word' id='word_1_588' title='bbox 2712 2597 2854 2636; x_wconf 83' lang='lat' dir='ltr'><strong>meus</strong></span> <span class='ocrx_word' id='word_1_589' title='bbox 2883 2580 3122 2648; x_wconf 81' lang='lat' dir='ltr'><strong>dilectus,</strong></span> <span class='ocrx_word' id='word_1_590' title='bbox 3165 2584 3217 2636; x_wconf 86' lang='lat' dir='ltr'><strong>in</strong></span> <span class='ocrx_word' id='word_1_591' title='bbox 3245 2599 3344 2652; x_wconf 82' lang='lat' dir='ltr'><strong>quo</strong></span> 
     </span>
    </p>
   </div>
   <div class='ocr_carea' id='block_1_71' title="bbox 1791 2675 3342 2746">
    <p class='ocr_par' dir='ltr' id='par_1_71' title="bbox 1791 2675 3342 2746">
     <span class='ocr_line' id='line_1_71' title="bbox 1791 2675 3342 2746; baseline -0.001 -16"><span class='ocrx_word' id='word_1_592' title='bbox 1791 2675 1921 2730; x_wconf 84' lang='lat' dir='ltr'><strong>mihi</strong></span> <span class='ocrx_word' id='word_1_593' title='bbox 1971 2676 2148 2744; x_wconf 79' lang='lat' dir='ltr'><strong>placui</strong></span> <span class='ocrx_word' id='word_1_594' title='bbox 2176 2677 2218 2731; x_wconf 88' lang='grc'><strong>³.</strong></span> <span class='ocrx_word' id='word_1_595' title='bbox 2271 2675 2371 2731; x_wconf 87' lang='lat' dir='ltr'><strong>Ubi</strong></span> <span class='ocrx_word' id='word_1_596' title='bbox 2413 2692 2514 2730; x_wconf 85' lang='lat' dir='ltr'><strong>vox</strong></span> <span class='ocrx_word' id='word_1_597' title='bbox 2585 2678 2698 2740; x_wconf 89' lang='lat' dir='ltr'><strong>illa,</strong></span> <span class='ocrx_word' id='word_1_598' title='bbox 2737 2676 3010 2746; x_wconf 76' lang='lat' dir='ltr'><strong>intelliget,</strong></span> <span class='ocrx_word' id='word_1_599' title='bbox 3057 2677 3122 2730; x_wconf 89' lang='lat' dir='ltr'><strong>ad</strong></span> <span class='ocrx_word' id='word_1_600' title='bbox 3171 2675 3342 2746; x_wconf 80' lang='lat' dir='ltr'><strong>perie-</strong></span> 
     </span>
    </p>
   </div>
   <div class='ocr_carea' id='block_1_72' title="bbox 1791 2767 3344 2822">
    <p class='ocr_par' dir='ltr' id='par_1_72' title="bbox 1791 2767 3344 2822">
     <span class='ocr_line' id='line_1_72' title="bbox 1791 2767 3344 2822; baseline -0.002 0"><span class='ocrx_word' id='word_1_601' title='bbox 1791 2777 1934 2822; x_wconf 88' lang='lat' dir='ltr'><strong>ctam</strong></span> <span class='ocrx_word' id='word_1_602' title='bbox 1971 2769 2206 2822; x_wconf 88' lang='lat' dir='ltr'><strong>hominis</strong></span> <span class='ocrx_word' id='word_1_603' title='bbox 2227 2777 2476 2821; x_wconf 87' lang='lat' dir='ltr'><strong>naturam</strong></span> <span class='ocrx_word' id='word_1_604' title='bbox 2519 2767 2771 2822; x_wconf 82' lang='lat' dir='ltr'><strong>refertur.</strong></span> <span class='ocrx_word' id='word_1_605' title='bbox 2796 2767 2913 2821; x_wconf 81' lang='lat' dir='ltr'><strong>Non</strong></span> <span class='ocrx_word' id='word_1_606' title='bbox 2953 2768 3096 2822; x_wconf 89' lang='lat' dir='ltr'><strong>enim</strong></span> <span class='ocrx_word' id='word_1_607' title='bbox 3143 2767 3344 2822; x_wconf 91' lang='lat' dir='ltr'><strong>intelli-</strong></span> 
     </span>
    </p>
   </div>
   <div class='ocr_carea' id='block_1_73' title="bbox 1789 2859 3346 2931">
    <p class='ocr_par' dir='ltr' id='par_1_73' title="bbox 1789 2859 3346 2931">
     <span class='ocr_line' id='line_1_73' title="bbox 1789 2859 3346 2931; baseline 0 -17"><span class='ocrx_word' id='word_1_608' title='bbox 1789 2876 1916 2931; x_wconf 78' lang='lat' dir='ltr'><strong>gere</strong></span> <span class='ocrx_word' id='word_1_609' title='bbox 1976 2860 2262 2929; x_wconf 83' lang='lat' dir='ltr'><strong>quisquam</strong></span> <span class='ocrx_word' id='word_1_610' title='bbox 2313 2867 2510 2928; x_wconf 86' lang='lat' dir='ltr'><strong>potest,</strong></span> <span class='ocrx_word' id='word_1_611' title='bbox 2565 2860 2670 2914; x_wconf 86' lang='lat' dir='ltr'><strong>nisi</strong></span> <span class='ocrx_word' id='word_1_612' title='bbox 2721 2871 2899 2914; x_wconf 87' lang='lat' dir='ltr'><strong>meute</strong></span> <span class='ocrx_word' id='word_1_613' title='bbox 2955 2861 3026 2914; x_wconf 90' lang='lat' dir='ltr'><strong>sit</strong></span> <span class='ocrx_word' id='word_1_614' title='bbox 3067 2859 3346 2930; x_wconf 60' lang='lat' dir='ltr'><strong>praeditus,</strong></span> 
     </span>
    </p>
   </div>
   <div class='ocr_carea' id='block_1_74' title="bbox 1791 2950 3344 3021">
    <p class='ocr_par' dir='ltr' id='par_1_74' title="bbox 1791 2950 3344 3021">
     <span class='ocr_line' id='line_1_74' title="bbox 1791 2950 3344 3021; baseline -0.001 -15"><span class='ocrx_word' id='word_1_615' title='bbox 1791 2969 1891 3009; x_wconf 89' lang='lat' dir='ltr'><strong>nec</strong></span> <span class='ocrx_word' id='word_1_616' title='bbox 1938 2953 1992 3006; x_wconf 90' lang='lat' dir='ltr'><strong>in</strong></span> <span class='ocrx_word' id='word_1_617' title='bbox 2045 2952 2330 3007; x_wconf 86' lang='lat' dir='ltr'><strong>divinitate</strong></span> <span class='ocrx_word' id='word_1_618' title='bbox 2373 2959 2552 3021; x_wconf 85' lang='lat' dir='ltr'><strong>potest</strong></span> <span class='ocrx_word' id='word_1_619' title='bbox 2612 2951 2756 3006; x_wconf 86' lang='lat' dir='ltr'><strong>istud</strong></span> <span class='ocrx_word' id='word_1_620' title='bbox 2801 2951 3036 3021; x_wconf 87' lang='lat' dir='ltr'><strong>impleri.</strong></span> <span class='ocrx_word' id='word_1_621' title='bbox 3079 2950 3344 3016; x_wconf 87' lang='lat' dir='ltr'><strong>Quoniam</strong></span> 
     </span>
    </p>
   </div>
   <div class='ocr_carea' id='block_1_75' title="bbox 1791 3043 3349 3114">
    <p class='ocr_par' dir='ltr' id='par_1_75' title="bbox 1791 3043 3349 3114">
     <span class='ocr_line' id='line_1_75' title="bbox 1791 3043 3349 3114; baseline -0.002 -15"><span class='ocrx_word' id='word_1_622' title='bbox 1791 3060 1892 3100; x_wconf 87' lang='lat' dir='ltr'><strong>nec</strong></span> <span class='ocrx_word' id='word_1_623' title='bbox 1949 3045 2299 3114; x_wconf 82' lang='lat' dir='ltr'><strong>intelligentia</strong></span> <span class='ocrx_word' id='word_1_624' title='bbox 2345 3043 2588 3112; x_wconf 84' lang='lat' dir='ltr'><strong>indiget,</strong></span> <span class='ocrx_word' id='word_1_625' title='bbox 2642 3059 2761 3112; x_wconf 80' lang='lat' dir='ltr'><strong>qua:</strong></span> <span class='ocrx_word' id='word_1_626' title='bbox 2797 3043 2910 3112; x_wconf 84' lang='lat' dir='ltr'><strong>ipsa</strong></span> <span class='ocrx_word' id='word_1_627' title='bbox 2967 3058 3063 3112; x_wconf 89' lang='lat' dir='ltr'><strong>per</strong></span> <span class='ocrx_word' id='word_1_628' title='bbox 3101 3058 3222 3098; x_wconf 87' lang='lat' dir='ltr'><strong>sese</strong></span> <span class='ocrx_word' id='word_1_629' title='bbox 3276 3044 3349 3098; x_wconf 86' lang='lat' dir='ltr'><strong>sit</strong></span> 
     </span>
    </p>
   </div>
   <div class='ocr_carea' id='block_1_76' title="bbox 1793 3134 3349 3206">
    <p class='ocr_par' dir='ltr' id='par_1_76' title="bbox 1793 3134 3349 3206">
     <span class='ocr_line' id='line_1_76' title="bbox 1793 3134 3349 3206; baseline -0.001 -17"><span class='ocrx_word' id='word_1_630' title='bbox 1793 3136 2187 3206; x_wconf 79' lang='lat' dir='ltr'><strong>intelligentia;</strong></span> <span class='ocrx_word' id='word_1_631' title='bbox 2231 3151 2404 3204; x_wconf 87' lang='lat' dir='ltr'><strong>neque</strong></span> <span class='ocrx_word' id='word_1_632' title='bbox 2438 3135 2704 3204; x_wconf 87' lang='lat' dir='ltr'><strong>sapientia</strong></span> <span class='ocrx_word' id='word_1_633' title='bbox 2735 3149 2875 3204; x_wconf 90' lang='lat' dir='ltr'><strong>opus</strong></span> <span class='ocrx_word' id='word_1_634' title='bbox 2906 3134 3090 3198; x_wconf 85' lang='lat' dir='ltr'><strong>habet,</strong></span> <span class='ocrx_word' id='word_1_635' title='bbox 3124 3147 3243 3204; x_wconf 77' lang='lat' dir='ltr'><strong>qua:</strong></span> <span class='ocrx_word' id='word_1_636' title='bbox 3264 3143 3349 3187; x_wconf 87' lang='lat' dir='ltr'><strong>est</strong></span> 
     </span>
    </p>
   </div>
   <div class='ocr_carea' id='block_1_77' title="bbox 1792 3225 3347 3298">
    <p class='ocr_par' dir='ltr' id='par_1_77' title="bbox 1792 3225 3347 3298">
     <span class='ocr_line' id='line_1_77' title="bbox 1792 3225 3347 3298; baseline -0.002 -17"><span class='ocrx_word' id='word_1_637' title='bbox 1792 3229 1910 3298; x_wconf 87' lang='lat' dir='ltr'><strong>ipsa</strong></span> <span class='ocrx_word' id='word_1_638' title='bbox 1949 3229 2212 3298; x_wconf 86' lang='lat' dir='ltr'><strong>sapientia</strong></span> <span class='ocrx_word' id='word_1_639' title='bbox 2259 3247 2272 3280; x_wconf 92' lang='lat'>:</span> <span class='ocrx_word' id='word_1_640' title='bbox 2322 3227 2463 3281; x_wconf 88' lang='lat' dir='ltr'><strong>unde</strong></span> <span class='ocrx_word' id='word_1_641' title='bbox 2533 3225 2866 3296; x_wconf 84' lang='lat' dir='ltr'><strong>intelligendi</strong></span> <span class='ocrx_word' id='word_1_642' title='bbox 2911 3226 3232 3280; x_wconf 80' lang='lat' dir='ltr'><strong>vocabulum</strong></span> <span class='ocrx_word' id='word_1_643' title='bbox 3283 3227 3347 3278; x_wconf 88' lang='lat' dir='ltr'><strong>ad</strong></span> 
     </span>
    </p>
   </div>
   <div class='ocr_carea' id='block_1_78' title="bbox 1797 3319 3352 3388">
    <p class='ocr_par' dir='ltr' id='par_1_78' title="bbox 1797 3319 3352 3388">
     <span class='ocr_line' id='line_1_78' title="bbox 1797 3319 3352 3388; baseline -0.002 -14"><span class='ocrx_word' id='word_1_644' title='bbox 1797 3321 2086 3375; x_wconf 87' lang='lat' dir='ltr'><strong>humanam</strong></span> <span class='ocrx_word' id='word_1_645' title='bbox 2141 3327 2372 3374; x_wconf 87' lang='lat' dir='ltr'><strong>mentem</strong></span> <span class='ocrx_word' id='word_1_646' title='bbox 2421 3320 2728 3376; x_wconf 85' lang='lat' dir='ltr'><strong>necessario</strong></span> <span class='ocrx_word' id='word_1_647' title='bbox 2773 3319 3020 3388; x_wconf 87' lang='lat' dir='ltr'><strong>pertinet.</strong></span> <span class='ocrx_word' id='word_1_648' title='bbox 3085 3319 3352 3374; x_wconf 82' lang='lat' dir='ltr'><strong>Praeterea</strong></span> 
     </span>
    </p>
   </div>
   <div class='ocr_carea' id='block_1_79' title="bbox 1796 3407 3352 3478">
    <p class='ocr_par' dir='ltr' id='par_1_79' title="bbox 1796 3407 3352 3478">
     <span class='ocr_line' id='line_1_79' title="bbox 1796 3407 3352 3478; baseline -0.005 -12"><span class='ocrx_word' id='word_1_649' title='bbox 1796 3411 1918 3466; x_wconf 87' lang='lat' dir='ltr'><strong>volo</strong></span> <span class='ocrx_word' id='word_1_650' title='bbox 1947 3411 2076 3465; x_wconf 88' lang='lat' dir='ltr'><strong>illud</strong></span> <span class='ocrx_word' id='word_1_651' title='bbox 2127 3411 2258 3464; x_wconf 89' lang='lat' dir='ltr'><strong>mihi</strong></span> <span class='ocrx_word' id='word_1_652' title='bbox 2299 3409 2470 3468; x_wconf 87' lang='lat' dir='ltr'><strong>dicas.</strong></span> <span class='ocrx_word' id='word_1_653' title='bbox 2515 3407 2966 3478; x_wconf 83' lang='lat' dir='ltr'><strong>quemadmodum</strong></span> <span class='ocrx_word' id='word_1_654' title='bbox 3005 3407 3215 3461; x_wconf 85' lang='lat' dir='ltr'><strong>esurire</strong></span> <span class='ocrx_word' id='word_1_655' title='bbox 3255 3421 3352 3476; x_wconf 85' lang='lat' dir='ltr'><strong>po-</strong></span> 
     </span>
    </p>
   </div>
   <div class='ocr_carea' id='block_1_80' title="bbox 1795 3499 3353 3569">
    <p class='ocr_par' dir='ltr' id='par_1_80' title="bbox 1795 3499 3353 3569">
     <span class='ocr_line' id='line_1_80' title="bbox 1795 3499 3353 3569; baseline -0.003 -13"><span class='ocrx_word' id='word_1_656' title='bbox 1795 3503 1983 3557; x_wconf 88' lang='lat' dir='ltr'><strong>tuerit.</strong></span> <span class='ocrx_word' id='word_1_657' title='bbox 2039 3499 2172 3554; x_wconf 83' lang='lat' dir='ltr'><strong>Nam</strong></span> <span class='ocrx_word' id='word_1_658' title='bbox 2221 3501 2268 3556; x_wconf 89' lang='lat' dir='ltr'><strong>si</strong></span> <span class='ocrx_word' id='word_1_659' title='bbox 2323 3499 2458 3553; x_wconf 90' lang='lat' dir='ltr'><strong>nihil</strong></span> <span class='ocrx_word' id='word_1_660' title='bbox 2501 3507 2698 3569; x_wconf 61' lang='lat' dir='ltr'><strong>praeter</strong></span> <span class='ocrx_word' id='word_1_661' title='bbox 2725 3515 2938 3552; x_wconf 89' lang='lat' dir='ltr'><strong>carnem</strong></span> <span class='ocrx_word' id='word_1_662' title='bbox 2977 3499 3183 3560; x_wconf 87' lang='lat' dir='ltr'><strong>habuit.</strong></span> <span class='ocrx_word' id='word_1_663' title='bbox 3223 3513 3353 3568; x_wconf 85' lang='lat' dir='ltr'><strong>quo-</strong></span> 
     </span>
    </p>
   </div>
   <div class='ocr_carea' id='block_1_81' title="bbox 1795 3590 3354 3662">
    <p class='ocr_par' dir='ltr' id='par_1_81' title="bbox 1795 3590 3354 3662">
     <span class='ocr_line' id='line_1_81' title="bbox 1795 3590 3354 3662; baseline -0.004 -14"><span class='ocrx_word' id='word_1_664' title='bbox 1795 3595 1958 3649; x_wconf 83' lang='lat' dir='ltr'><strong>modo</strong></span> <span class='ocrx_word' id='word_1_665' title='bbox 2001 3593 2160 3648; x_wconf 91' lang='lat' dir='ltr'><strong>famis</strong></span> <span class='ocrx_word' id='word_1_666' title='bbox 2219 3590 2494 3647; x_wconf 86' lang='lat' dir='ltr'><strong>recordari</strong></span> <span class='ocrx_word' id='word_1_667' title='bbox 2553 3592 2770 3662; x_wconf 87' lang='lat' dir='ltr'><strong>potuit?</strong></span> <span class='ocrx_word' id='word_1_668' title='bbox 2825 3597 2919 3644; x_wconf 89' lang='lat' dir='ltr'><strong>aut</strong></span> <span class='ocrx_word' id='word_1_669' title='bbox 2972 3590 3016 3644; x_wconf 93' lang='lat' dir='ltr'><strong>si</strong></span> <span class='ocrx_word' id='word_1_670' title='bbox 3062 3606 3128 3643; x_wconf 78' lang='lat' dir='ltr'><strong>ex</strong></span> <span class='ocrx_word' id='word_1_671' title='bbox 3173 3591 3354 3643; x_wconf 86' lang='lat' dir='ltr'><strong>anima</strong></span> 
     </span>
    </p>
   </div>
   <div class='ocr_carea' id='block_1_82' title="bbox 1796 3681 3354 3752">
    <p class='ocr_par' dir='ltr' id='par_1_82' title="bbox 1796 3681 3354 3752">
     <span class='ocr_line' id='line_1_82' title="bbox 1796 3681 3354 3752; baseline -0.004 -12"><span class='ocrx_word' id='word_1_672' title='bbox 1796 3685 1910 3740; x_wconf 84' lang='lat' dir='ltr'><strong>sola</strong></span> <span class='ocrx_word' id='word_1_673' title='bbox 1938 3691 2218 3739; x_wconf 88' lang='lat' dir='ltr'><strong>constaret</strong></span> <span class='ocrx_word' id='word_1_674' title='bbox 2277 3689 2332 3737; x_wconf 91' lang='lat' dir='ltr'><strong>et</strong></span> <span class='ocrx_word' id='word_1_675' title='bbox 2373 3697 2620 3752; x_wconf 89' lang='lat' dir='ltr'><strong>corpore,</strong></span> <span class='ocrx_word' id='word_1_676' title='bbox 2659 3684 2732 3736; x_wconf 90' lang='lat' dir='ltr'><strong>ita</strong></span> <span class='ocrx_word' id='word_1_677' title='bbox 2764 3689 2824 3736; x_wconf 91' lang='lat' dir='ltr'><strong>ut</strong></span> <span class='ocrx_word' id='word_1_678' title='bbox 2855 3681 3113 3736; x_wconf 80' lang='lat' dir='ltr'><strong>facultate</strong></span> <span class='ocrx_word' id='word_1_679' title='bbox 3149 3681 3238 3734; x_wconf 90' lang='lat' dir='ltr'><strong>illa</strong></span> <span class='ocrx_word' id='word_1_680' title='bbox 3265 3696 3354 3736; x_wconf 87' lang='lat' dir='ltr'><strong>ca-</strong></span> 
     </span>
    </p>
   </div>
   <div class='ocr_carea' id='block_1_83' title="bbox 1797 3774 3353 3844">
    <p class='ocr_par' dir='ltr' id='par_1_83' title="bbox 1797 3774 3353 3844">
     <span class='ocr_line' id='line_1_83' title="bbox 1797 3774 3353 3844; baseline -0.003 -13"><span class='ocrx_word' id='word_1_681' title='bbox 1797 3784 1941 3832; x_wconf 90' lang='lat' dir='ltr'><strong>reret</strong></span> <span class='ocrx_word' id='word_1_682' title='bbox 1969 3775 2170 3838; x_wconf 88' lang='lat' dir='ltr'><strong>anima,</strong></span> <span class='ocrx_word' id='word_1_683' title='bbox 2201 3790 2322 3844; x_wconf 61' lang='lat' dir='ltr'><strong>qum</strong></span> <span class='ocrx_word' id='word_1_684' title='bbox 2353 3775 2563 3830; x_wconf 89' lang='lat' dir='ltr'><strong>ratione</strong></span> <span class='ocrx_word' id='word_1_685' title='bbox 2601 3774 2824 3842; x_wconf 65' lang='lat' dir='ltr'><strong>praedita</strong></span> <span class='ocrx_word' id='word_1_686' title='bbox 2856 3782 2958 3838; x_wconf 87' lang='lat' dir='ltr'><strong>est,</strong></span> <span class='ocrx_word' id='word_1_687' title='bbox 2982 3774 3084 3826; x_wconf 91' lang='lat' dir='ltr'><strong>hoc</strong></span> <span class='ocrx_word' id='word_1_688' title='bbox 3115 3780 3198 3827; x_wconf 88' lang='lat' dir='ltr'><strong>est</strong></span> <span class='ocrx_word' id='word_1_689' title='bbox 3229 3787 3353 3842; x_wconf 89' lang='lat' dir='ltr'><strong>pro-</strong></span> 
     </span>
    </p>
   </div>
   <div class='ocr_carea' id='block_1_84' title="bbox 1799 3864 3358 3935">
    <p class='ocr_par' dir='ltr' id='par_1_84' title="bbox 1799 3864 3358 3935">
     <span class='ocr_line' id='line_1_84' title="bbox 1799 3864 3358 3935; baseline -0.002 -16"><span class='ocrx_word' id='word_1_690' title='bbox 1799 3867 1916 3935; x_wconf 90' lang='lat' dir='ltr'><strong>pria</strong></span> <span class='ocrx_word' id='word_1_691' title='bbox 1959 3875 2140 3920; x_wconf 88' lang='lat' dir='ltr'><strong>mente</strong></span> <span class='ocrx_word' id='word_1_692' title='bbox 2190 3864 2426 3919; x_wconf 88' lang='lat' dir='ltr'><strong>hominis</strong></span> <span class='ocrx_word' id='word_1_693' title='bbox 2465 3875 2520 3920; x_wconf 91' lang='lat' dir='ltr'><strong>ct</strong></span> <span class='ocrx_word' id='word_1_694' title='bbox 2562 3865 2910 3935; x_wconf 82' lang='lat' dir='ltr'><strong>intelligentia</strong></span> <span class='ocrx_word' id='word_1_695' title='bbox 2958 3866 3087 3934; x_wconf 88' lang='lat' dir='ltr'><strong>(quo</strong></span> <span class='ocrx_word' id='word_1_696' title='bbox 3141 3865 3358 3919; x_wconf 88' lang='lat' dir='ltr'><strong>nomine</strong></span> 
     </span>
    </p>
   </div>
   <div class='ocr_carea' id='block_1_85' title="bbox 1801 3955 3357 4026">
    <p class='ocr_par' dir='ltr' id='par_1_85' title="bbox 1801 3955 3357 4026">
     <span class='ocr_line' id='line_1_85' title="bbox 1801 3955 3357 4026; baseline -0.003 -14"><span class='ocrx_word' id='word_1_697' title='bbox 1801 3973 1908 4012; x_wconf 86' lang='lat' dir='ltr'><strong>non</strong></span> <span class='ocrx_word' id='word_1_698' title='bbox 1957 3958 2302 4026; x_wconf 86' lang='lat' dir='ltr'><strong>depravatam</strong></span> <span class='ocrx_word' id='word_1_699' title='bbox 2365 3957 2508 4010; x_wconf 89' lang='lat' dir='ltr'><strong>illam</strong></span> <span class='ocrx_word' id='word_1_700' title='bbox 2564 3957 2859 4026; x_wconf 81' lang='lat' dir='ltr'><strong>signiﬁcari</strong></span> <span class='ocrx_word' id='word_1_701' title='bbox 2903 3956 3046 4023; x_wconf 88' lang='lat' dir='ltr'><strong>volo,</strong></span> <span class='ocrx_word' id='word_1_702' title='bbox 3098 3955 3190 4010; x_wconf 89' lang='lat' dir='ltr'><strong>sed</strong></span> <span class='ocrx_word' id='word_1_703' title='bbox 3235 3969 3357 4008; x_wconf 89' lang='lat' dir='ltr'><strong>eam</strong></span> 
     </span>
    </p>
   </div>
   <div class='ocr_carea' id='block_1_86' title="bbox 1799 4046 3354 4120">
    <p class='ocr_par' dir='ltr' id='par_1_86' title="bbox 1799 4046 3354 4120">
     <span class='ocr_line' id='line_1_86' title="bbox 1799 4046 3354 4120; baseline -0.001 -18"><span class='ocrx_word' id='word_1_704' title='bbox 1799 4065 1919 4120; x_wconf 68' lang='lat' dir='ltr'><strong>quae</strong></span> <span class='ocrx_word' id='word_1_705' title='bbox 1956 4049 2022 4102; x_wconf 87' lang='lat' dir='ltr'><strong>ad</strong></span> <span class='ocrx_word' id='word_1_706' title='bbox 2073 4049 2330 4102; x_wconf 75' lang='lat' dir='ltr'><strong>honestos</strong></span> <span class='ocrx_word' id='word_1_707' title='bbox 2381 4050 2502 4102; x_wconf 70' lang='lat' dir='ltr'><strong>vita:</strong></span> <span class='ocrx_word' id='word_1_708' title='bbox 2547 4063 2681 4103; x_wconf 89' lang='lat' dir='ltr'><strong>usus</strong></span> <span class='ocrx_word' id='word_1_709' title='bbox 2712 4047 2993 4116; x_wconf 85' lang='lat' dir='ltr'><strong>olliciaque</strong></span> <span class='ocrx_word' id='word_1_710' title='bbox 3035 4046 3354 4116; x_wconf 83' lang='lat' dir='ltr'><strong>requiritur,</strong></span> 
     </span>
    </p>
   </div>
   <div class='ocr_carea' id='block_1_87' title="bbox 1801 4138 3353 4210">
    <p class='ocr_par' dir='ltr' id='par_1_87' title="bbox 1801 4138 3353 4210">
     <span class='ocr_line' id='line_1_87' title="bbox 1801 4138 3353 4210; baseline -0.003 -16"><span class='ocrx_word' id='word_1_711' title='bbox 1801 4157 2025 4210; x_wconf 68' lang='lat' dir='ltr'><strong>quaeque</strong></span> <span class='ocrx_word' id='word_1_712' title='bbox 2050 4142 2184 4195; x_wconf 92' lang='lat' dir='ltr'><strong>nihil</strong></span> <span class='ocrx_word' id='word_1_713' title='bbox 2222 4142 2406 4205; x_wconf 87' lang='lat' dir='ltr'><strong>habet,</strong></span> <span class='ocrx_word' id='word_1_714' title='bbox 2431 4140 2576 4210; x_wconf 88' lang='lat' dir='ltr'><strong>quod</strong></span> <span class='ocrx_word' id='word_1_715' title='bbox 2605 4140 2949 4194; x_wconf 88' lang='lat' dir='ltr'><strong>Divinitatem</strong></span> <span class='ocrx_word' id='word_1_716' title='bbox 2982 4153 3086 4192; x_wconf 88' lang='lat' dir='ltr'><strong>non</strong></span> <span class='ocrx_word' id='word_1_717' title='bbox 3117 4138 3353 4204; x_wconf 90' lang='lat' dir='ltr'><strong>deceat),</strong></span> 
     </span>
    </p>
   </div>
   <div class='ocr_carea' id='block_1_88' title="bbox 1803 4228 3356 4302">
    <p class='ocr_par' dir='ltr' id='par_1_88' title="bbox 1803 4228 3356 4302">
     <span class='ocr_line' id='line_1_88' title="bbox 1803 4228 3356 4302; baseline -0.003 -17"><span class='ocrx_word' id='word_1_718' title='bbox 1803 4235 1893 4302; x_wconf 82' lang='lat' dir='ltr'><strong>qui</strong></span> <span class='ocrx_word' id='word_1_719' title='bbox 1951 4235 2166 4288; x_wconf 89' lang='lat' dir='ltr'><strong>tandem</strong></span> <span class='ocrx_word' id='word_1_720' title='bbox 2217 4235 2446 4296; x_wconf 86' lang='lat' dir='ltr'><strong>esurire,</strong></span> <span class='ocrx_word' id='word_1_721' title='bbox 2490 4234 2572 4288; x_wconf 86' lang='lat' dir='ltr'><strong>vel</strong></span> <span class='ocrx_word' id='word_1_722' title='bbox 2599 4231 2834 4288; x_wconf 87' lang='lat' dir='ltr'><strong>esuriem</strong></span> <span class='ocrx_word' id='word_1_723' title='bbox 2867 4231 3106 4302; x_wconf 77' lang='lat' dir='ltr'><strong>cogitare</strong></span> <span class='ocrx_word' id='word_1_724' title='bbox 3140 4228 3356 4298; x_wconf 85' lang='lat' dir='ltr'><strong>potuit?</strong></span> 
     </span>
    </p>
   </div>
   <div class='ocr_carea' id='block_1_89' title="bbox 1801 4323 3356 4395">
    <p class='ocr_par' dir='ltr' id='par_1_89' title="bbox 1801 4323 3356 4395">
     <span class='ocr_line' id='line_1_89' title="bbox 1801 4323 3356 4395; baseline -0.001 -19"><span class='ocrx_word' id='word_1_725' title='bbox 1801 4325 1997 4380; x_wconf 88' lang='lat' dir='ltr'><strong>Dolore</strong></span> <span class='ocrx_word' id='word_1_726' title='bbox 2035 4341 2157 4380; x_wconf 89' lang='lat' dir='ltr'><strong>vero</strong></span> <span class='ocrx_word' id='word_1_727' title='bbox 2183 4325 2454 4395; x_wconf 88' lang='lat' dir='ltr'><strong>quomodo</strong></span> <span class='ocrx_word' id='word_1_728' title='bbox 2483 4324 2658 4395; x_wconf 90' lang='lat' dir='ltr'><strong>potuit</strong></span> <span class='ocrx_word' id='word_1_729' title='bbox 2683 4323 2842 4386; x_wconf 83' lang='lat' dir='ltr'><strong>allici,</strong></span> <span class='ocrx_word' id='word_1_730' title='bbox 2875 4323 2921 4378; x_wconf 90' lang='lat' dir='ltr'><strong>si</strong></span> <span class='ocrx_word' id='word_1_731' title='bbox 2946 4323 3124 4378; x_wconf 89' lang='lat' dir='ltr'><strong>anima</strong></span> <span class='ocrx_word' id='word_1_732' title='bbox 3177 4330 3356 4376; x_wconf 83' lang='lat' dir='ltr'><strong>mente</strong></span> 
     </span>
    </p>
   </div>
   <div class='ocr_carea' id='block_1_90' title="bbox 1804 4413 3356 4476">
    <p class='ocr_par' dir='ltr' id='par_1_90' title="bbox 1804 4413 3356 4476">
     <span class='ocr_line' id='line_1_90' title="bbox 1804 4413 3356 4476; baseline -0.004 -6"><span class='ocrx_word' id='word_1_733' title='bbox 1804 4433 1868 4471; x_wconf 90' lang='lat' dir='ltr'><strong>ac</strong></span> <span class='ocrx_word' id='word_1_734' title='bbox 1921 4418 2278 4470; x_wconf 85' lang='lat' dir='ltr'><strong>ratiocinandi</strong></span> <span class='ocrx_word' id='word_1_735' title='bbox 2340 4417 2594 4472; x_wconf 79' lang='lat' dir='ltr'><strong>facultate</strong></span> <span class='ocrx_word' id='word_1_736' title='bbox 2625 4415 2883 4471; x_wconf 90' lang='lat' dir='ltr'><strong>destituta</strong></span> <span class='ocrx_word' id='word_1_737' title='bbox 2925 4413 3108 4476; x_wconf 87' lang='lat' dir='ltr'><strong>fuerit,</strong></span> <span class='ocrx_word' id='word_1_738' title='bbox 3161 4420 3218 4466; x_wconf 91' lang='lat' dir='ltr'><strong>ut</strong></span> <span class='ocrx_word' id='word_1_739' title='bbox 3263 4421 3356 4465; x_wconf 89' lang='lat' dir='ltr'><strong>aut</strong></span> 
     </span>
    </p>
   </div>
   <div class='ocr_carea' id='block_1_91' title="bbox 1803 4502 3357 4577">
    <p class='ocr_par' dir='ltr' id='par_1_91' title="bbox 1803 4502 3357 4577">
     <span class='ocr_line' id='line_1_91' title="bbox 1803 4502 3357 4577; baseline -0.006 -18"><span class='ocrx_word' id='word_1_740' title='bbox 1803 4509 2030 4562; x_wconf 87' lang='lat' dir='ltr'><strong>rationis</strong></span> <span class='ocrx_word' id='word_1_741' title='bbox 2073 4524 2266 4577; x_wconf 80' lang='lat' dir='ltr'><strong>expers</strong></span> <span class='ocrx_word' id='word_1_742' title='bbox 2312 4518 2476 4568; x_wconf 89' lang='lat' dir='ltr'><strong>esset,</strong></span> <span class='ocrx_word' id='word_1_743' title='bbox 2535 4514 2628 4560; x_wconf 90' lang='lat' dir='ltr'><strong>aut</strong></span> <span class='ocrx_word' id='word_1_744' title='bbox 2677 4509 2911 4568; x_wconf 84' lang='lat' dir='ltr'><strong>animam</strong></span> <span class='ocrx_word' id='word_1_745' title='bbox 2957 4519 3085 4558; x_wconf 89' lang='lat' dir='ltr'><strong>caro</strong></span> <span class='ocrx_word' id='word_1_746' title='bbox 3139 4502 3357 4556; x_wconf 90' lang='lat' dir='ltr'><strong>nullam.</strong></span> 
     </span>
    </p>
   </div>
   <div class='ocr_carea' id='block_1_92' title="bbox 1802 4592 3338 4667">
    <p class='ocr_par' dir='ltr' id='par_1_92' title="bbox 1802 4592 3338 4667">
     <span class='ocr_line' id='line_1_92' title="bbox 1802 4592 3338 4667; baseline -0.005 -14"><span class='ocrx_word' id='word_1_747' title='bbox 1802 4599 2060 4654; x_wconf 85' lang='lat' dir='ltr'><strong>haberet?</strong></span> <span class='ocrx_word' id='word_1_748' title='bbox 2105 4599 2259 4652; x_wconf 84' lang='lat' dir='ltr'><strong>Certe</strong></span> <span class='ocrx_word' id='word_1_749' title='bbox 2288 4600 2334 4652; x_wconf 90' lang='lat' dir='ltr'><strong>si</strong></span> <span class='ocrx_word' id='word_1_750' title='bbox 2358 4597 2624 4667; x_wconf 85' lang='lat' dir='ltr'><strong>ejusmodi</strong></span> <span class='ocrx_word' id='word_1_751' title='bbox 2673 4597 2790 4659; x_wconf 87' lang='lat' dir='ltr'><strong>fuit,</strong></span> <span class='ocrx_word' id='word_1_752' title='bbox 2842 4596 3028 4650; x_wconf 85' lang='lat' dir='ltr'><strong>dolore</strong></span> <span class='ocrx_word' id='word_1_753' title='bbox 3071 4595 3220 4648; x_wconf 89' lang='lat' dir='ltr'><strong>nullo</strong></span> <span class='ocrx_word' id='word_1_754' title='bbox 3253 4592 3338 4646; x_wconf 85' lang='lat' dir='ltr'><strong>vel</strong></span> 
     </span>
    </p>
   </div>
   <div class='ocr_carea' id='block_1_93' title="bbox 2430 4687 3354 4760">
    <p class='ocr_par' dir='ltr' id='par_1_93' title="bbox 2430 4687 3354 4760">
     <span class='ocr_line' id='line_1_93' title="bbox 2430 4687 3354 4760; baseline -0.002 -16"><span class='ocrx_word' id='word_1_755' title='bbox 2430 4691 2628 4760; x_wconf 90' lang='lat' dir='ltr'><strong>quibus</strong></span> <span class='ocrx_word' id='word_1_756' title='bbox 2675 4691 2856 4743; x_wconf 91' lang='lat' dir='ltr'><strong>animo</strong></span> <span class='ocrx_word' id='word_1_757' title='bbox 2922 4687 3354 4758; x_wconf 84' lang='lat' dir='ltr'><strong>comprehensis,</strong></span> 
     </span>
    </p>
   </div>
   <div class='ocr_carea' id='block_1_94' title="bbox 125 4774 3343 4854">
    <p class='ocr_par' dir='ltr' id='par_1_94' title="bbox 125 4774 3343 4854">
     <span class='ocr_line' id='line_1_94' title="bbox 125 4774 3343 4854; baseline 0 -24"><span class='ocrx_word' id='word_1_758' title='bbox 125 4774 542 4843; x_wconf 81' lang='lat' dir='ltr'><strong>intelligendum</strong></span> <span class='ocrx_word' id='word_1_759' title='bbox 573 4775 703 4829; x_wconf 90' lang='lat' dir='ltr'><strong>illud</strong></span> <span class='ocrx_word' id='word_1_760' title='bbox 737 4777 890 4833; x_wconf 88' lang='lat' dir='ltr'><strong>nobis</strong></span> <span class='ocrx_word' id='word_1_761' title='bbox 919 4789 1038 4844; x_wconf 85' lang='lat' dir='ltr'><strong>est;</strong></span> <span class='ocrx_word' id='word_1_762' title='bbox 1082 4781 1348 4849; x_wconf 85' lang='lat' dir='ltr'><strong>ejusmodi</strong></span> <span class='ocrx_word' id='word_1_763' title='bbox 1384 4783 1754 4839; x_wconf 84' lang='lat' dir='ltr'><strong>cavillationes</strong></span> <span class='ocrx_word' id='word_1_764' title='bbox 1818 4793 1872 4837; x_wconf 81' lang='lat' dir='ltr'><strong>et</strong></span> <span class='ocrx_word' id='word_1_765' title='bbox 1905 4784 2168 4854; x_wconf 79' lang='lat' dir='ltr'><strong>argutias.</strong></span> <span class='ocrx_word' id='word_1_766' title='bbox 2213 4783 2402 4836; x_wconf 82' lang='lat' dir='ltr'><strong>inanes</strong></span> <span class='ocrx_word' id='word_1_767' title='bbox 2462 4799 2523 4836; x_wconf 86' lang='lat' dir='ltr'><strong>ac</strong></span> <span class='ocrx_word' id='word_1_768' title='bbox 2586 4796 3020 4850; x_wconf 86' lang='lat' dir='ltr'><strong>supervacaneas</strong></span> <span class='ocrx_word' id='word_1_769' title='bbox 3084 4794 3228 4840; x_wconf 88' lang='lat' dir='ltr'><strong>esse.</strong></span> <span class='ocrx_word' id='word_1_770' title='bbox 3287 4785 3343 4832; x_wconf 91' lang='lat' dir='ltr'><strong>et</strong></span> 
     </span>
    </p>
   </div>
   <div class='ocr_carea' id='block_1_95' title="bbox 127 4864 3358 4942">
    <p class='ocr_par' dir='ltr' id='par_1_95' title="bbox 127 4864 3358 4942">
     <span class='ocr_line' id='line_1_95' title="bbox 127 4864 3358 4942; baseline -0 -24"><span class='ocrx_word' id='word_1_771' title='bbox 127 4867 194 4919; x_wconf 85' lang='lat' dir='ltr'><strong>ad</strong></span> <span class='ocrx_word' id='word_1_772' title='bbox 233 4867 458 4920; x_wconf 84' lang='lat' dir='ltr'><strong>illorum</strong></span> <span class='ocrx_word' id='word_1_773' title='bbox 510 4864 780 4921; x_wconf 87' lang='lat' dir='ltr'><strong>feriendos</strong></span> <span class='ocrx_word' id='word_1_774' title='bbox 823 4869 1031 4930; x_wconf 82' lang='lat' dir='ltr'><strong>animos</strong></span> <span class='ocrx_word' id='word_1_775' title='bbox 1078 4878 1320 4938; x_wconf 90' lang='lat' dir='ltr'><strong>spectare</strong></span> <span class='ocrx_word' id='word_1_776' title='bbox 1355 4873 1557 4939; x_wconf 85' lang='lat' dir='ltr'><strong>potius,</strong></span> <span class='ocrx_word' id='word_1_777' title='bbox 1612 4873 1704 4941; x_wconf 85' lang='lat' dir='ltr'><strong>qui</strong></span> <span class='ocrx_word' id='word_1_778' title='bbox 1745 4873 1881 4924; x_wconf 85' lang='lat' dir='ltr'><strong>ultra</strong></span> <span class='ocrx_word' id='word_1_779' title='bbox 1928 4888 2086 4942; x_wconf 90' lang='lat' dir='ltr'><strong>quam</strong></span> <span class='ocrx_word' id='word_1_780' title='bbox 2125 4887 2220 4940; x_wconf 90' lang='lat' dir='ltr'><strong>par</strong></span> <span class='ocrx_word' id='word_1_781' title='bbox 2269 4877 2352 4924; x_wconf 87' lang='lat' dir='ltr'><strong>est</strong></span> <span class='ocrx_word' id='word_1_782' title='bbox 2401 4871 2592 4924; x_wconf 80' lang='lat' dir='ltr'><strong>efferre</strong></span> <span class='ocrx_word' id='word_1_783' title='bbox 2640 4886 2698 4924; x_wconf 93' lang='lat' dir='ltr'><strong>se</strong></span> <span class='ocrx_word' id='word_1_784' title='bbox 2741 4867 3094 4938; x_wconf 84' lang='lat' dir='ltr'><strong>intelligendo</strong></span> <span class='ocrx_word' id='word_1_785' title='bbox 3145 4868 3358 4930; x_wconf 80' lang='lat' dir='ltr'><strong>volunt,</strong></span> 
     </span>
    </p>
   </div>
   <div class='ocr_carea' id='block_1_96' title="bbox 127 4955 3362 5030">
    <p class='ocr_par' dir='ltr' id='par_1_96' title="bbox 127 4955 3362 5030">
     <span class='ocr_line' id='line_1_96' title="bbox 127 4955 3362 5030; baseline -0.001 -18"><span class='ocrx_word' id='word_1_786' title='bbox 127 4974 306 5027; x_wconf 89' lang='lat' dir='ltr'><strong>neque</strong></span> <span class='ocrx_word' id='word_1_787' title='bbox 351 4973 409 5011; x_wconf 92' lang='lat' dir='ltr'><strong>se</strong></span> <span class='ocrx_word' id='word_1_788' title='bbox 451 4971 514 5010; x_wconf 90' lang='lat' dir='ltr'><strong>eo</strong></span> <span class='ocrx_word' id='word_1_789' title='bbox 557 4959 731 5012; x_wconf 90' lang='lat' dir='ltr'><strong>metiri</strong></span> <span class='ocrx_word' id='word_1_790' title='bbox 767 4957 986 5012; x_wconf 89' lang='lat' dir='ltr'><strong>modulo</strong></span> <span class='ocrx_word' id='word_1_791' title='bbox 1041 4973 1103 5012; x_wconf 92' lang='lat' dir='ltr'><strong>ac</strong></span> <span class='ocrx_word' id='word_1_792' title='bbox 1131 4974 1402 5022; x_wconf 88' lang='lat' dir='ltr'><strong>mensura,</strong></span> <span class='ocrx_word' id='word_1_793' title='bbox 1435 4959 1497 5012; x_wconf 88' lang='lat' dir='ltr'><strong>ad</strong></span> <span class='ocrx_word' id='word_1_794' title='bbox 1528 4977 1688 5030; x_wconf 87' lang='lat' dir='ltr'><strong>quam</strong></span> <span class='ocrx_word' id='word_1_795' title='bbox 1733 4978 1832 5016; x_wconf 88' lang='lat' dir='ltr'><strong>nos</strong></span> <span class='ocrx_word' id='word_1_796' title='bbox 1865 4961 2242 5015; x_wconf 86' lang='lat' dir='ltr'><strong>sanctissimus</strong></span> <span class='ocrx_word' id='word_1_797' title='bbox 2305 4959 2553 5012; x_wconf 82' lang='lat' dir='ltr'><strong>hortatur</strong></span> <span class='ocrx_word' id='word_1_798' title='bbox 2608 4959 2922 5028; x_wconf 81' lang='lat' dir='ltr'><strong>Apostolus,</strong></span> <span class='ocrx_word' id='word_1_799' title='bbox 2973 4972 3094 5010; x_wconf 89' lang='lat' dir='ltr'><strong>cum</strong></span> <span class='ocrx_word' id='word_1_800' title='bbox 3128 4959 3207 5009; x_wconf 86' lang='lat' dir='ltr'><strong>sic</strong></span> <span class='ocrx_word' id='word_1_801' title='bbox 3252 4955 3362 5010; x_wconf 87' lang='lat' dir='ltr'><strong>ad-</strong></span> 
     </span>
    </p>
   </div>
   <div class='ocr_carea' id='block_1_97' title="bbox 127 5047 1856 5120">
    <p class='ocr_par' dir='ltr' id='par_1_97' title="bbox 127 5047 1856 5120">
     <span class='ocr_line' id='line_1_97' title="bbox 127 5047 1856 5120; baseline 0.001 -16"><span class='ocrx_word' id='word_1_802' title='bbox 127 5057 316 5104; x_wconf 87' lang='lat' dir='ltr'><strong>monet</strong></span> <span class='ocrx_word' id='word_1_803' title='bbox 347 5063 362 5098; x_wconf 91' lang='lat'>:</span> <span class='ocrx_word' id='word_1_804' title='bbox 399 5047 476 5100; x_wconf 80' lang='lat' dir='ltr'><strong>Ne</strong></span> <span class='ocrx_word' id='word_1_805' title='bbox 511 5048 778 5115; x_wconf 81' lang='lat' dir='ltr'><strong>sapiamus</strong></span> <span class='ocrx_word' id='word_1_806' title='bbox 818 5057 1162 5117; x_wconf 81' lang='lat' dir='ltr'><strong>prwterquam</strong></span> <span class='ocrx_word' id='word_1_807' title='bbox 1199 5047 1335 5117; x_wconf 81' lang='lat' dir='ltr'><strong>quod</strong></span> <span class='ocrx_word' id='word_1_808' title='bbox 1367 5060 1566 5116; x_wconf 78' lang='lat' dir='ltr'><strong>oportet</strong></span> <span class='ocrx_word' id='word_1_809' title='bbox 1612 5066 1792 5120; x_wconf 80' lang='lat' dir='ltr'><strong>sapere</strong></span> <span class='ocrx_word' id='word_1_810' title='bbox 1817 5047 1856 5106; x_wconf 63' lang='grc'>⁵.</span> 
     </span>
    </p>
   </div>
   <div class='ocr_carea' id='block_1_98' title="bbox 197 5135 1677 5211">
    <p class='ocr_par' dir='ltr' id='par_1_98' title="bbox 197 5135 1674 5211">
     <span class='ocr_line' id='line_1_98' title="bbox 197 5135 1674 5211; baseline -0.002 -16"><span class='ocrx_word' id='word_1_811' title='bbox 197 5141 332 5195; x_wconf 78' lang='lat' dir='ltr'><strong>AA&#39;.</strong></span> <span class='ocrx_word' id='word_1_812' title='bbox 365 5141 591 5211; x_wconf 82' lang='grc' dir='ltr'>Φέρουσι</span> <span class='ocrx_word' id='word_1_813' title='bbox 621 5138 678 5190; x_wconf 82' lang='grc' dir='ltr'>δὲ</span> <span class='ocrx_word' id='word_1_814' title='bbox 702 5141 832 5210; x_wconf 83' lang='grc' dir='ltr'>ἡμῖν</span> <span class='ocrx_word' id='word_1_815' title='bbox 881 5139 974 5191; x_wconf 74' lang='grc' dir='ltr'>καὶ</span> <span class='ocrx_word' id='word_1_816' title='bbox 997 5135 1165 5202; x_wconf 76' lang='grc' dir='ltr'>λέξεις</span> <span class='ocrx_word' id='word_1_817' title='bbox 1207 5139 1375 5203; x_wconf 83' lang='grc' dir='ltr'>τινὰς,</span> <span class='ocrx_word' id='word_1_818' title='bbox 1406 5139 1509 5202; x_wconf 80' lang='grc' dir='ltr'>ὅτι,</span> <span class='ocrx_word' id='word_1_819' title='bbox 1542 5139 1674 5211; x_wconf 75' lang='grc' dir='ltr'>φησὶ</span> 
     </span>
    </p>
   </div>
   <div class='ocr_carea' id='block_1_99' title="bbox 1788 5135 3361 5211">
    <p class='ocr_par' dir='ltr' id='par_1_99' title="bbox 1881 5135 3361 5210">
     <span class='ocr_line' id='line_1_99' title="bbox 1881 5135 3361 5210; baseline -0.007 -9"><span class='ocrx_word' id='word_1_820' title='bbox 1881 5139 2090 5210; x_wconf 80' lang='grc'><strong>1025</strong></span> <span class='ocrx_word' id='word_1_821' title='bbox 2137 5137 2327 5194; x_wconf 80' lang='lat' dir='ltr'><strong>XXXI.</strong></span> <span class='ocrx_word' id='word_1_822' title='bbox 2370 5142 2578 5196; x_wconf 82' lang='lat' dir='ltr'><strong>Atenim</strong></span> <span class='ocrx_word' id='word_1_823' title='bbox 2609 5139 2897 5194; x_wconf 88' lang='lat' dir='ltr'><strong>nonnullas</strong></span> <span class='ocrx_word' id='word_1_824' title='bbox 2929 5135 3225 5207; x_wconf 63' lang='lat' dir='ltr'><strong>Scriptura!</strong></span> <span class='ocrx_word' id='word_1_825' title='bbox 3257 5149 3361 5191; x_wconf 89' lang='lat' dir='ltr'><strong>no-</strong></span> 
     </span>
    </p>
   </div>
   <div class='ocr_carea' id='block_1_100' title="bbox 135 5229 1698 5302">
    <p class='ocr_par' dir='ltr' id='par_1_100' title="bbox 135 5229 1698 5302">
     <span class='ocr_line' id='line_1_100' title="bbox 135 5229 1698 5302; baseline -0.001 -16"><span class='ocrx_word' id='word_1_826' title='bbox 135 5233 333 5302; x_wconf 80' lang='grc' dir='ltr'>Ἠμεῒς</span> <span class='ocrx_word' id='word_1_827' title='bbox 358 5231 424 5284; x_wconf 79' lang='grc' dir='ltr'>δὲ</span> <span class='ocrx_word' id='word_1_828' title='bbox 447 5229 598 5284; x_wconf 75' lang='grc' dir='ltr'>γοῦν</span> <span class='ocrx_word' id='word_1_829' title='bbox 622 5229 874 5297; x_wconf 84' lang='grc' dir='ltr'>Χριστοῦ</span> <span class='ocrx_word' id='word_1_830' title='bbox 894 5231 1128 5300; x_wconf 76' lang='grc' dir='ltr'>ἔχομεν.</span> <span class='ocrx_word' id='word_1_831' title='bbox 1159 5231 1262 5282; x_wconf 74' lang='grc' dir='ltr'>Καί</span> <span class='ocrx_word' id='word_1_832' title='bbox 1287 5249 1465 5300; x_wconf 82' lang='grc' dir='ltr'>φασιν·</span> <span class='ocrx_word' id='word_1_833' title='bbox 1518 5233 1698 5301; x_wconf 80' lang='grc' dir='ltr'>Ὁρᾷς,</span> 
     </span>
    </p>
   </div>
   <div class='ocr_carea' id='block_1_101' title="bbox 127 5321 1697 5394">
    <p class='ocr_par' dir='ltr' id='par_1_101' title="bbox 127 5321 1697 5394">
     <span class='ocr_line' id='line_1_101' title="bbox 127 5321 1697 5394; baseline 0 -18"><span class='ocrx_word' id='word_1_834' title='bbox 127 5327 206 5378; x_wconf 82' lang='grc' dir='ltr'>ὃτι</span> <span class='ocrx_word' id='word_1_835' title='bbox 235 5324 338 5378; x_wconf 82' lang='grc' dir='ltr'><strong>τοῦ</strong></span> <span class='ocrx_word' id='word_1_836' title='bbox 365 5323 598 5394; x_wconf 77' lang='grc' dir='ltr'>Χριστοῦ</span> <span class='ocrx_word' id='word_1_837' title='bbox 629 5324 656 5374; x_wconf 89' lang='grc' dir='ltr'>ὁ</span> <span class='ocrx_word' id='word_1_838' title='bbox 689 5321 812 5385; x_wconf 87' lang='grc' dir='ltr'>νοῦς</span> <span class='ocrx_word' id='word_1_839' title='bbox 841 5323 1022 5392; x_wconf 75' lang='grc' dir='ltr'>ἕτερος</span> <span class='ocrx_word' id='word_1_840' title='bbox 1074 5323 1224 5393; x_wconf 76' lang='grc' dir='ltr'>παρὰ</span> <span class='ocrx_word' id='word_1_841' title='bbox 1259 5324 1348 5375; x_wconf 82' lang='grc' dir='ltr'>τὸν</span> <span class='ocrx_word' id='word_1_842' title='bbox 1385 5323 1652 5394; x_wconf 78' lang='grc' dir='ltr'>ἡμέτερον</span> <span class='ocrx_word' id='word_1_843' title='bbox 1683 5341 1697 5390; x_wconf 91' lang='grc'><strong>;</strong></span> 
     </span>
    </p>
   </div>
   <div class='ocr_carea' id='block_1_102' title="bbox 127 5411 1700 5486">
    <p class='ocr_par' dir='ltr' id='par_1_102' title="bbox 127 5411 1700 5486">
     <span class='ocr_line' id='line_1_102' title="bbox 127 5411 1700 5486; baseline 0 -18"><span class='ocrx_word' id='word_1_844' title='bbox 127 5417 238 5468; x_wconf 80' lang='grc' dir='ltr'><strong>Κιὶ</strong></span> <span class='ocrx_word' id='word_1_845' title='bbox 285 5415 336 5468; x_wconf 83' lang='grc' dir='ltr'><strong>ὣ</strong></span> <span class='ocrx_word' id='word_1_846' title='bbox 365 5415 530 5486; x_wconf 81' lang='grc' dir='ltr'>πολλὴ</span> <span class='ocrx_word' id='word_1_847' title='bbox 568 5415 675 5467; x_wconf 84' lang='grc' dir='ltr'>τῶν</span> <span class='ocrx_word' id='word_1_848' title='bbox 709 5413 1006 5484; x_wconf 77' lang='grc' dir='ltr'>ἀνθρώπιον</span> <span class='ocrx_word' id='word_1_849' title='bbox 1053 5413 1344 5485; x_wconf 75' lang='grc' dir='ltr'>ἀφελότηςῐ</span> <span class='ocrx_word' id='word_1_850' title='bbox 1405 5415 1526 5468; x_wconf 80' lang='grc' dir='ltr'>Ὅτι</span> <span class='ocrx_word' id='word_1_851' title='bbox 1562 5418 1640 5479; x_wconf 83' lang='grc' dir='ltr'><strong>εἰς</strong></span> <span class='ocrx_word' id='word_1_852' title='bbox 1672 5411 1700 5468; x_wconf 80' lang='grc' dir='ltr'><strong>ὃ</strong></span> 
     </span>
    </p>
   </div>
   <div class='ocr_carea' id='block_1_103' title="bbox 127 5499 1698 5580">
    <p class='ocr_par' dir='ltr' id='par_1_103' title="bbox 127 5499 1698 5580">
     <span class='ocr_line' id='line_1_103' title="bbox 127 5499 1698 5580; baseline 0 -20"><span class='ocrx_word' id='word_1_853' title='bbox 127 5507 398 5580; x_wconf 78' lang='grc' dir='ltr'>ἑκάτερος</span> <span class='ocrx_word' id='word_1_854' title='bbox 423 5507 669 5578; x_wconf 76' lang='grc' dir='ltr'>βούλεται</span> <span class='ocrx_word' id='word_1_855' title='bbox 699 5507 866 5559; x_wconf 85' lang='grc' dir='ltr'>κλίνει</span> <span class='ocrx_word' id='word_1_856' title='bbox 887 5523 899 5536; x_wconf 73' lang='grc' dir='ltr'><strong>ο</strong></span> <span class='ocrx_word' id='word_1_857' title='bbox 929 5507 1022 5560; x_wconf 70' lang='grc' dir='ltr'><strong>καὶ</strong></span> <span class='ocrx_word' id='word_1_858' title='bbox 1047 5509 1103 5560; x_wconf 80' lang='grc' dir='ltr'>ὲν</span> <span class='ocrx_word' id='word_1_859' title='bbox 1131 5499 1174 5573; x_wconf 83' lang='grc' dir='ltr'>ᾧ</span> <span class='ocrx_word' id='word_1_860' title='bbox 1197 5505 1343 5559; x_wconf 81' lang='grc' dir='ltr'>δοκεῖ</span> <span class='ocrx_word' id='word_1_861' title='bbox 1366 5506 1698 5577; x_wconf 74' lang='grc' dir='ltr'>σοφίζεσθαι,</span> 
     </span>
    </p>
   </div>
   <div class='ocr_carea' id='block_1_104' title="bbox 1807 5229 3360 5302">
    <p class='ocr_par' dir='ltr' id='par_1_104' title="bbox 1807 5229 3360 5302">
     <span class='ocr_line' id='line_1_104' title="bbox 1807 5229 3360 5302; baseline -0.002 -15"><span class='ocrx_word' id='word_1_862' title='bbox 1807 5233 1889 5288; x_wconf 78' lang='lat' dir='ltr'><strong>bis</strong></span> <span class='ocrx_word' id='word_1_863' title='bbox 1940 5235 2290 5288; x_wconf 86' lang='lat' dir='ltr'><strong>auctoritates</strong></span> <span class='ocrx_word' id='word_1_864' title='bbox 2339 5233 2620 5302; x_wconf 88' lang='lat' dir='ltr'><strong>objiciunt.</strong></span> <span class='ocrx_word' id='word_1_865' title='bbox 2670 5231 2986 5300; x_wconf 88' lang='lat' dir='ltr'><strong>Cujusmodi</strong></span> <span class='ocrx_word' id='word_1_866' title='bbox 3037 5229 3184 5285; x_wconf 90' lang='lat' dir='ltr'><strong>istud</strong></span> <span class='ocrx_word' id='word_1_867' title='bbox 3233 5239 3360 5284; x_wconf 86' lang='lat' dir='ltr'><strong>est:</strong></span> 
     </span>
    </p>
   </div>
   <div class='ocr_carea' id='block_1_105' title="bbox 1809 5319 3362 5388">
    <p class='ocr_par' dir='ltr' id='par_1_105' title="bbox 1809 5319 3362 5388">
     <span class='ocr_line' id='line_1_105' title="bbox 1809 5319 3362 5388; baseline 0 -12"><span class='ocrx_word' id='word_1_868' title='bbox 1809 5323 1921 5377; x_wconf 82' lang='lat' dir='ltr'><strong>Nos</strong></span> <span class='ocrx_word' id='word_1_869' title='bbox 1957 5331 2128 5377; x_wconf 86' lang='lat' dir='ltr'><strong>autem</strong></span> <span class='ocrx_word' id='word_1_870' title='bbox 2155 5335 2372 5378; x_wconf 85' lang='lat' dir='ltr'><strong>mentem</strong></span> <span class='ocrx_word' id='word_1_871' title='bbox 2400 5324 2594 5378; x_wconf 81' lang='lat' dir='ltr'><strong>Christi</strong></span> <span class='ocrx_word' id='word_1_872' title='bbox 2621 5323 2867 5376; x_wconf 82' lang='lat' dir='ltr'><strong>habemus</strong></span> <span class='ocrx_word' id='word_1_873' title='bbox 2885 5325 2907 5355; x_wconf 83' lang='grc'>⁸</span> <span class='ocrx_word' id='word_1_874' title='bbox 2925 5361 2938 5376; x_wconf 87' lang='grc'><strong>.</strong></span> <span class='ocrx_word' id='word_1_875' title='bbox 2973 5321 3038 5375; x_wconf 82' lang='lat' dir='ltr'><strong>Et</strong></span> <span class='ocrx_word' id='word_1_876' title='bbox 3064 5340 3077 5376; x_wconf 92' lang='lat'><strong>:</strong></span> <span class='ocrx_word' id='word_1_877' title='bbox 3106 5319 3362 5388; x_wconf 84' lang='lat' dir='ltr'><strong>Videsne,</strong></span> 
     </span>
    </p>
   </div>
   <div class='ocr_carea' id='block_1_106' title="bbox 1806 5411 3362 5486">
    <p class='ocr_par' dir='ltr' id='par_1_106' title="bbox 1806 5411 3362 5486">
     <span class='ocr_line' id='line_1_106' title="bbox 1806 5411 3362 5486; baseline -0.004 -16"><span class='ocrx_word' id='word_1_878' title='bbox 1806 5415 2080 5486; x_wconf 86' lang='lat' dir='ltr'><strong>inquiunt,</strong></span> <span class='ocrx_word' id='word_1_879' title='bbox 2112 5415 2313 5470; x_wconf 89' lang='lat' dir='ltr'><strong>Christi</strong></span> <span class='ocrx_word' id='word_1_880' title='bbox 2354 5424 2586 5469; x_wconf 90' lang='lat' dir='ltr'><strong>mentem</strong></span> <span class='ocrx_word' id='word_1_881' title='bbox 2619 5430 2649 5468; x_wconf 93' lang='lat' dir='ltr'><strong>a</strong></span> <span class='ocrx_word' id='word_1_882' title='bbox 2680 5422 2867 5468; x_wconf 87' lang='lat' dir='ltr'><strong>nostra</strong></span> <span class='ocrx_word' id='word_1_883' title='bbox 2900 5427 3022 5468; x_wconf 90' lang='lat' dir='ltr'><strong>esse</strong></span> <span class='ocrx_word' id='word_1_884' title='bbox 3050 5411 3362 5467; x_wconf 81' lang='lat' dir='ltr'><strong>diversam?</strong></span> 
     </span>
    </p>
   </div>
   <div class='ocr_carea' id='block_1_107' title="bbox 1808 5501 3362 5576">
    <p class='ocr_par' dir='ltr' id='par_1_107' title="bbox 1808 5501 3362 5576">
     <span class='ocr_line' id='line_1_107' title="bbox 1808 5501 3362 5576; baseline -0.004 -14"><span class='ocrx_word' id='word_1_885' title='bbox 1808 5505 1851 5562; x_wconf 88' lang='grc' dir='ltr'>Ο</span> <span class='ocrx_word' id='word_1_886' title='bbox 1877 5508 2158 5562; x_wconf 83' lang='lat' dir='ltr'><strong>mirificam</strong></span> <span class='ocrx_word' id='word_1_887' title='bbox 2209 5505 2485 5559; x_wconf 89' lang='lat' dir='ltr'><strong>hominum</strong></span> <span class='ocrx_word' id='word_1_888' title='bbox 2536 5506 2902 5576; x_wconf 82' lang='lat' dir='ltr'><strong>imperitiam!</strong></span> <span class='ocrx_word' id='word_1_889' title='bbox 2945 5503 3080 5559; x_wconf 81' lang='lat' dir='ltr'><strong>Nam</strong></span> <span class='ocrx_word' id='word_1_890' title='bbox 3111 5504 3178 5560; x_wconf 82' lang='lat' dir='ltr'><strong>ad</strong></span> <span class='ocrx_word' id='word_1_891' title='bbox 3215 5501 3362 5574; x_wconf 71' lang='lat' dir='ltr'><strong>quod</strong></span> 
     </span>
    </p>
   </div>
   <div class='ocr_carea' id='block_1_108' title="bbox 205 5654 1677 5726">
    <p class='ocr_par' dir='ltr' id='par_1_108' title="bbox 205 5654 1668 5725">
     <span class='ocr_line' id='line_1_108' title="bbox 205 5654 1668 5725; baseline 0 -13"><span class='ocrx_word' id='word_1_892' title='bbox 205 5659 224 5690; x_wconf 79' lang='grc'><strong>⁸</strong></span> <span class='ocrx_word' id='word_1_893' title='bbox 255 5658 423 5712; x_wconf 79' lang='lat' dir='ltr'><strong>Joan.</strong></span> <span class='ocrx_word' id='word_1_894' title='bbox 455 5673 494 5722; x_wconf 87' lang='grc' dir='ltr'><strong>ι,</strong></span> <span class='ocrx_word' id='word_1_895' title='bbox 533 5657 617 5711; x_wconf 67' lang='grc'><strong>14.</strong></span> <span class='ocrx_word' id='word_1_896' title='bbox 694 5659 712 5688; x_wconf 84' lang='lat'>&#39;</span> <span class='ocrx_word' id='word_1_897' title='bbox 747 5655 877 5712; x_wconf 88' lang='lat' dir='ltr'><strong>Luc.</strong></span> <span class='ocrx_word' id='word_1_898' title='bbox 905 5671 964 5725; x_wconf 88' lang='grc' dir='ltr'><strong>ιι,</strong></span> <span class='ocrx_word' id='word_1_899' title='bbox 999 5657 1086 5712; x_wconf 75' lang='lat'><strong>5-2.</strong></span> <span class='ocrx_word' id='word_1_900' title='bbox 1166 5657 1184 5690; x_wconf 89' lang='grc'>³</span> <span class='ocrx_word' id='word_1_901' title='bbox 1215 5654 1318 5713; x_wconf 86' lang='lat' dir='ltr'><strong>isa.</strong></span> <span class='ocrx_word' id='word_1_902' title='bbox 1353 5672 1484 5725; x_wconf 74' lang='lat' dir='ltr'><strong>XLII,</strong></span> <span class='ocrx_word' id='word_1_903' title='bbox 1518 5660 1568 5712; x_wconf 81' lang='grc'>1.</span> <span class='ocrx_word' id='word_1_904' title='bbox 1648 5662 1668 5689; x_wconf 72' lang='grc'><strong>⁸</strong></span> 
     </span>
    </p>
   </div>
   <div class='ocr_carea' id='block_1_109' title="bbox 1788 5654 2578 5726">
    <p class='ocr_par' dir='ltr' id='par_1_109' title="bbox 1793 5655 2578 5726">
     <span class='ocr_line' id='line_1_109' title="bbox 1793 5655 2578 5726; baseline 0 -16"><span class='ocrx_word' id='word_1_905' title='bbox 1793 5673 1848 5712; x_wconf 87' lang='grc' dir='ltr'><strong>ιι.</strong></span> <span class='ocrx_word' id='word_1_906' title='bbox 1885 5675 1979 5726; x_wconf 74' lang='lat' dir='ltr'><strong>xu,</strong></span> <span class='ocrx_word' id='word_1_907' title='bbox 2021 5657 2072 5714; x_wconf 83' lang='lat'><strong>5.</strong></span> <span class='ocrx_word' id='word_1_908' title='bbox 2148 5656 2352 5711; x_wconf 60' lang='grc' dir='ltr'>διευς.</span> <span class='ocrx_word' id='word_1_909' title='bbox 2392 5671 2451 5722; x_wconf 85' lang='grc' dir='ltr'><strong>ιι,</strong></span> <span class='ocrx_word' id='word_1_910' title='bbox 2493 5655 2578 5710; x_wconf 77' lang='lat' dir='ltr'><strong>l6.</strong></span> 
     </span>
    </p>
   </div>
  </div>
