3838 6312
477 285 595 338 ’687

1900 278 1939 332 S
1999 269 2339 328 EPIPHANII

3611 273 3717 326 6.98

491 403 690 468 cuique
721 400 931 454 libitum
962 408 1045 456 est
1093 399 1386 470 Scriptura:
1434 412 1716 455 sermones
1749 407 2055 450 accommo-

2167 388 2364 458 μᾶλλον
2399 386 2612 459 ἰδιώτης
2642 388 2976 460 εὑρίσκεται.
3021 389 3084 442 Ἥ
3094 387 3210 459 μῶν
3238 388 3347 461 γὰρ
3380 389 3543 442 ὄντων
3582 391 3722 442 ἰδιω-

493 494 586 545 dat
613 510 625 546 :
655 498 709 546 et
737 491 790 544 in
817 506 927 560 quo
951 489 1187 544 callidus
1211 498 1266 544 et
1299 497 1524 560 argutus
1566 503 1689 543 esse
1728 482 1964 548 videtur,
2005 483 2062 536 in

493 598 561 638 eo
597 584 718 653 ipso
769 580 922 636 rudis
979 589 1143 651 atque
1191 582 1476 651 imperitus
1526 579 1791 634 cernitur.
1852 575 2061 630 Etenim

470 676 640 748 quod
676 677 744 730 ad
788 691 888 730 nos
926 675 1142 741 attinet,
1169 675 1263 744 qui
1295 671 1532 743 imperiti
1563 683 1816 726 sermone
1847 681 2060 729 sumus,

494 787 605 826 non
644 766 898 831 Scientia,
932 765 1012 819 uti
1050 767 1316 834 scriptum
1347 771 1430 817 est
1462 763 1501 826 ⁸,
1541 760 1745 831 quique
1768 769 1823 814 et
1851 757 2060 813 medio-

495 881 619 920 cres
673 861 963 917 admodum
1019 874 1232 921 sumus,
1285 865 1338 912 ct
1386 854 1697 911 istiusmodi
1752 851 2059 915 hominum,

495 957 589 1028 qui
620 956 687 1010 ab
713 954 1020 1009 eruditione
1054 949 1385 1021 paratissimi
1423 955 1571 1010 sunt,
1605 945 1939 1000 admiramur
1978 944 2062 1004 in-

493 1049 674 1121 genia,
709 1047 891 1101 animo
931 1033 1773 1110 vehementer'obstupescimus,
1814 1035 1960 1108 qUod
1993 1035 2062 1090 ad

495 1142 712 1196 inanem
787 1153 849 1193 ac
890 1136 1222 1207 pertinacem
1253 1149 1410 1188 suum
1441 1133 1604 1187 istum
1636 1145 1880 1188 errorem
1910 1142 2062 1187 asse-

491 1230 813 1294 verandum,
861 1229 1013 1283 illum
1057 1226 1280 1283 omnino
1311 1225 1622 1295 Scriptum
1657 1223 1836 1278 locum
1867 1218 2062 1275 aﬂ‘erre

493 1342 604 1381 non
646 1323 1035 1384 dubitaverint,
1081 1336 1206 1376 cum
1235 1336 1304 1374 ne
1336 1319 1614 1373 minimam
1646 1316 1864 1386 quidem
1903 1315 2061 1369 istius

497 1415 766 1487 dogmatis
826 1413 1274 1483 signiﬁcationem
1302 1408 1518 1464 habeat.
1557 1405 1668 1461 Nos
1695 1408 1854 1471 enim,
1889 1405 2063 1476 inquit

492 1512 806 1580 Apostolus,
854 1505 1051 1562 Christi
1099 1513 1320 1559 mentem
1376 1502 1645 1556 habemus.
1687 1500 1852 1571 Igitur
1879 1501 1900 1531 '
1927 1499 2059 1570 quid

493 1601 714 1654 tandem
754 1599 1007 1654 Christus
1042 1599 1134 1662 sit,
1177 1597 1494 1666 Christique
1523 1611 1676 1650 mens
1709 1595 1775 1649 de
1805 1593 1911 1649 illis
1937 1608 2061 1664 per-

493 1693 702 1748 contari
741 1708 841 1748 nos
866 1699 1098 1762 Oportet.
1132 1690 1245 1744 lloc
1268 1688 1485 1760 quidem
1517 1689 1573 1743 in
1613 1689 1731 1744 loco
1762 1688 1906 1742 aliud
1932 1700 2057 1741 esse

489 1787 790 1849 Christum,
847 1785 991 1839 aliud
1047 1782 1251 1839 Christi
1298 1783 1660 1847 divinitatem,
1697 1778 1950 1834 arbitrari
1999 1793 2060 1833 se

491 1864 888 1934 demonstrant.
947 1878 1024 1931 Ac
1074 1876 1120 1933 si
1178 1877 1376 1933 mentis
1419 1876 1540 1930 loco
1576 1875 1856 1930 Christum
1913 1873 2062 1928 acci-

490 1970 664 2040 piant,
692 1968 973 2024 Christum
1025 1982 1153 2022 vero
1197 1969 1366 2023 solam
1407 1983 1436 2022 a
1475 1967 1694 2023 Christo
1742 1973 2054 2036 susceptam

492 2062 731 2117 hominis
757 2071 1005 2115 naturam
1035 2061 1325 2130 appellent,
1371 2060 1425 2113 in
1463 2060 1626 2113 aliam
1660 2074 1761 2114 nos
1794 2058 2058 2128 quastio-

490 2169 613 2208 nem
646 2151 964 2220 conjiciunt.
1017 2149 1174 2215 Quod
1231 2149 1398 2219 igitur
1454 2157 1575 2219 post
1629 2150 2055 2204 incarnationem

490 2245 586 2299 Dei
619 2243 856 2300 Verbum
889 2258 953 2297 ac
1009 2241 1100 2296 Dei
1137 2240 1176 2294 F
1183 2242 1307 2298 ilius
1339 2242 1664 2305 declaretur,
1697 2241 2048 2312 perspicuum

458 2346 612 2404 est;
657 2351 721 2391 ac
766 2335 979 2389 tametsi
1015 2335 1277 2389 nonnulla
1322 2334 1389 2390 de
1434 2350 1492 2390 ea
1538 2334 1850 2391 testimonia
1903 2342 2058 2390 ante-

493 2431 783 2491 cesserint,
819 2428 1020 2498 quibus
1054 2428 1136 2482 vel
1177 2437 1303 2481 ante
1334 2427 1763 2483 incarnationem
1800 2427 2054 2484 Christus

490 2520 750 2592 appellari
783 2520 1017 2583 videtur,
1054 2519 1110 2572 in
1140 2519 1256 2588 ipsa
1287 2518 1642 2575 nihilominus
1672 2520 2052 2577 incarnatione

491 2617 860 2684 complentur.
931 2610 1200 2666 Caeterum
1265 2627 1439 2681 neque
1499 2611 1757 2668 divinitas
1814 2612 1882 2668 ab
1938 2614 2056 2684 ipsa

485 2707 693 2765 Christi
727 2707 1086 2780 appellatione
1121 2705 1443 2767 secluditur,
1479 2723 1654 2776 neque
1699 2707 1845 2763 illius
1877 2707 2058 2762 incar-

488 2811 639 2858 natio
667 2813 719 2858 et
769 2801 1004 2855 humana
1050 2810 1303 2870 suscepta
1347 2809 1542 2854 natura
1596 2801 1715 2854 sine
1755 2801 1848 2854 tali
1903 2816 2058 2855 voca-

488 2895 619 2950 bulo
674 2894 1032 2950 nominatur:
1067 2894 1211 2948 velut
1264 2892 1320 2946 in
1371 2893 1463 2947 illo
1517 2893 1635 2948 loco
1679 2901 1936 2948 constat:
1976 2891 2058 2947 Ne

483 2990 685 3044 dixeris
718 2989 772 3042 in
805 2986 958 3043 corde
991 2996 1079 3040 tuo
1113 3003 1131 3040 :
1175 2986 1306 3052 Quis
1344 2987 1578 3041 ascendit
1618 2988 1671 3040 in
1702 2987 1932 3040 cretum?
1960 2985 2056 3042 hoc

2162 478 2270 533 τῶν
2297 478 2374 550 τῷ
2399 479 2542 550 λόγῳ
2561 519 2576 544 ,
2616 480 2732 534 ἀλλ’
2761 481 2823 534 οὑ
2856 483 2923 552 τῇ
2962 479 3192 548 γνώσει,
3246 480 3390 534 κατὰ
3424 480 3483 533 τὸ
3510 483 3726 552 εἰρημέ-

2163 588 2272 635 νον,
2302 571 2544 642 βραχέων
2569 572 2625 626 δὲ
2665 573 2868 644 σφόδρα
2899 573 3085 637 ὄντων,
3123 573 3508 644 θαυμαζόντων
3534 574 3586 627 δὲ
3613 574 3725 627 τῶν

2161 665 2416 719 τοιούτων
2463 665 2764 738 ἀνθρώπων
2783 705 2798 731 ,
2830 666 2923 720 καὶ
2946 665 3052 718 ἀπὸ
3081 665 3254 734 λόγων
3282 665 3608 736 ὁρμωμένων
3632 665 3728 718 τὸν

2163 756 2287 810 νοῦν
2311 798 2326 822 ,
2371 758 2604 829 ἀπορίας
2644 759 2776 828 ἡμῖν
2828 757 3160 820 κατάστασις
3195 758 3321 828 περὶ
3371 757 3470 826 τὴν
3499 756 3727 809 διάνοιαν

2165 849 2447 920 συμϐαίνει
2471 891 2488 915 ,
2516 851 2597 904 ὅτι
2648 850 2708 903 τὺ
2743 850 2902 920 ῥητὸν
2950 850 3110 905 τοῦτο
3147 853 3226 914 εἰς
3262 850 3594 920 παράστασιν
3623 849 3727 916 τῆς

2164 941 2417 1014 τοιαύτης
2449 941 2628 997 αὐτῶν
2686 942 2872 1006 ἁπλῶς
2926 944 3104 1015 ἀργῆς
3159 942 3490 1013 φιλονεικίας
3522 940 3727 1011 λαμεάο

2164 1053 2339 1090 νουσιν
2387 1036 2554 1101 ὅλως,
2588 1035 2682 1090 τοῦ
2733 1036 3056 1109 πράγματος
3111 1037 3185 1108 μὴ
3236 1037 3452 1108 ἔχοντος
3500 1037 3727 1105 ἔμφασιν

2163 1129 2616 1184 ὲπικοινωνοῦσαν
2673 1134 2738 1203 τῇ
2794 1131 3018 1204 τοιαύτῃ
3079 1131 3280 1202 σχέσει.
3346 1129 3548 1198 Ἡμεῖς
3596 1131 3726 1210 γὰρ,

2164 1222 2326 1292 φησὶ,
2372 1222 2524 1277 νοῦν
2549 1223 2809 1292 Χριστοῦ
2835 1226 3074 1296 ἔχομεν.
3107 1218 3177 1277 Τί
3196 1225 3252 1278 δὲ
3277 1225 3384 1294 ἄρα
3412 1223 3497 1295 εἴη
3528 1223 3556 1274 6
3594 1224 3728 1293 Χρι-

2165 1314 2288 1376 στὸς
2310 1354 2324 1378 ,
2356 1315 2485 1387 παρ’
2516 1317 2699 1379 αὐτοῖς
2727 1319 3066 1394 ἐρωτητέονδ
3117 1317 3150 1388 ἢ
3197 1319 3226 1370 6
3254 1316 3378 1380 νοῦς
3410 1316 3642 1388 Χριστοῦ
3673 1316 3728 1370 τί

2164 1409 2270 1481 ἄρα
2305 1407 2412 1480 εἴη.
2455 1409 2718 1465 Ἐνταῦθα
2759 1411 2814 1465 δὲ
2845 1411 3230 1480 ὑποφαίνοντι-ιν
3258 1411 3446 1482 ἓτερον
3471 1411 3560 1463 τὸν
3596 1411 3730 1481 Χρι-

2165 1503 2287 1556 στὸν
2317 1499 2455 1556 εἶναι
2481 1505 2795 1574 νενοηκότες
2820 1544 2834 1567 ,
2865 1505 2958 1558 καὶ
3002 1504 3191 1576 ἑτέραν
3224 1505 3322 1575 τὴν
3348 1502 3514 1557 αὑτοῦ
3548 1503 3732 1575 θεότη-

2163 1613 2249 1649 τα.
2281 1597 2343 1649 Εί
2382 1595 2490 1668 γὰρ
2512 1597 2630 1650 ἀντὶ
2663 1597 2757 1650 τοῦ
2781 1596 2872 1650 νοῦ
2895 1597 2986 1651 τὸν
3015 1597 3245 1668 Χριστὸν
3271 1596 3727 1667 ὑπολαμϐάνουσι,

2163 1689 2396 1759 Χριστὸν
2427 1689 2484 1742 δὲ
2519 1687 2616 1760 τὴν
2648 1689 2908 1761 ἔνσαρκόν
2961 1690 3126 1762 μόνην
3165 1689 3401 1760 Χριστοῦ
3430 1690 3729 1761 παρουσίαν

2161 1780 2550 1851 ὀνομάζουσιν
2603 1783 2711 1856 ἄρα
2743 1782 2904 1836 πάλιν
2950 1785 3031 1845 εἰς
3083 1782 3276 1854 ἑτέραν
3320 1782 3547 1852 ζήτησιν
3586 1784 3729 1852 ἡμᾶς

2161 1874 2313 1941 ἄγειν
2348 1873 2663 1945 πειρῶνται.
2695 1875 2804 1928 Καὶ
2832 1876 2912 1929 ὅτι
2947 1876 3044 1946 μὲν
3069 1870 3160 1928 οῦν
3199 1874 3305 1929 ἀπὸ
3335 1875 3436 1945 τῆς
3463 1875 3726 1946 ἐνσάρκου

2161 1965 2463 2036 παρουσίας
2512 1966 2643 2031 Θεὸς
2679 1967 2850 2037 Λόγος
2904 1971 2996 2023 καὶ
3045 1969 3174 2033 Υἱὸς
3240 1969 3333 2022 τοῦ
3377 1969 3512 2022 Θεοῦ
3562 1970 3728 2040 ἑρμηο

2161 2057 2372 2112 νεύεται
2397 2099 2410 2123 ,
2453 2059 2611 2130 δῆλον
2631 2077 2644 2090 '
2681 2062 2728 2113 εἰ
2776 2062 2868 2114 καὶ
2898 2061 3134 2133 προῆγον
3166 2062 3292 2132 περὶ
3325 2062 3492 2116 αὑτοῦ
3524 2077 3729 2134 μαρτν-

2162 2150 2298 2223 ρίαι,
2333 2149 2424 2203 τὸν
2472 2151 2706 2222 Χριστὸν
2737 2153 2902 2204 αὑτὸν
2927 2151 3206 2206 καλεῖσθαι
3233 2152 3326 2206 καὶ
3365 2154 3474 2224 πρὸ
3499 2154 3600 2224 τῆς
3646 2156 3730 2206 ἐν-

2162 2243 2361 2314 σάρκου
2396 2243 2694 2314 παρουσίας
2719 2283 2734 2308 ,
2770 2246 2826 2298 ὲν
2867 2247 2930 2315 τῇ
2982 2245 3251 2316 παρουσίᾳ
3301 2246 3688 2316 πεπλήρωνται
3711 2261 3728 2275 ·

2161 2338 2297 2407 μήτε
2347 2337 2446 2407 τῆς
2499 2336 2750 2407 θεότητος
2779 2337 2935 2401 ἐκτὸς
2961 2337 3194 2410 Χριστοῦ
3234 2339 3590 2409 ὑπαρχούσης
3615 2340 3728 2392 6V6-

2162 2447 2360 2500 ματος,
2400 2431 2536 2500 μήτε
2572 2431 2836 2502 ένσάρκου
2867 2432 3196 2503 παρουσίας,
3246 2433 3339 2485 καὶ
3373 2432 3540 2485 αὑτοῦ
3578 2436 3730 2487 ἐνανο

2159 2522 2525 2594 θρωπήσεως,
2557 2523 2685 2576 ἄνευ
2727 2523 2828 2593 τῆς
2863 2523 3115 2595 τοιαύτης
3148 2524 3441 2595 ὀνομασίας
3471 2525 3730 2595 ὀνομαζο-

2161 2615 2358 2686 μένηςο
2409 2616 2482 2679 ὡς
2535 2615 2675 2669 κατὰ
2723 2615 2785 2668 τὸ
2831 2615 3150 2686 εἰρημένον·
3203 2616 3299 2686 Μὴ
3333 2618 3516 2686 alar-nc
3552 2619 3624 2671 ἐν
3660 2616 3730 2686 τῇ

2158 2706 2371 2775 καρδίᾳ
2404 2721 2519 2760 σου
2545 2723 2558 2737 ο
2619 2708 2713 2773 Τίς
2739 2707 3101 2774 ἀναϐήσεται
3149 2711 3235 2774 εἰς
3285 2708 3393 2762 τὸν
3429 2709 3729 2776 οὐρανόν;

2157 2798 2430 2852 τουτέστι
2469 2799 2730 2867 Χριστὸν
2757 2799 3140 2870 καταγαγεῖν·
3178 2799 3218 2869 ἣ
3255 2801 3347 2867 τίς
3391 2803 3729 2870 καταϐήσε-

2157 2907 2251 2945 ται
2286 2894 2374 2958 εἱς
2409 2891 2524 2959 τὴν
2568 2892 2875 2958 ἇϐυσσον;
2907 2891 3177 2947 τουτέστι
3225 2893 3483 2964 Χριστὸν
3511 2895 3731 2964 ἀνατα-

2159 2985 2285 3055 σγεῖν
2326 2987 2393 3039 ἐκ
2433 2986 2679 3074 νεκρῶν.
2708 2987 2817 3039 Καὶ
2865 2986 3026 3040 πάλιν
3071 2990 3100 3041 6
3148 2987 3310 3050 αὑτὸς
3363 2987 3556 3056 λέγει’
3598 2990 3731 3044 ’1ιά

485 3093 563 3133 est
596 3080 867 3134 Christum
901 3077 1200 3142 deducere;
1237 3088 1325 3132 aut
1361 3080 1475 3147 quis
1518 3077 1790 3133 descendet
1823 3081 1875 3133 in
1907 3080 2054 3150 abys-

2160 3077 2500 3147 γινώσκωσί
2527 3093 2602 3132 σε
2631 3080 2736 3132 τὸν
2764 3080 2957 3149 μόνον
2994 3081 3283 3148 ἀληθινὸν
3308 3081 3458 3134 Θεὸν
3481 3123 3497 3145 ,
3527 3083 3630 3135 καὶ
3661 3083 3732 3135 ὃν

485 3171 643 3222 sum?
673 3168 766 3221 hoc
801 3177 878 3222 est
904 3166 1171 3221 Christum
1203 3184 1230 3221 e
1272 3168 1491 3221 mortuis
1527 3168 1777 3224 deducere
1798 3170 1840 3224 ³.
1909 3171 2055 3226 Prae-

488 3269 637 3315 terea
672 3260 811 3316 idem
839 3260 954 3329 ipse
994 3259 1076 3315 sic
1112 3260 1352 3330 loquitur
1381 3279 1395 3315 :
1426 3259 1494 3313 Ut
1546 3271 1860 3332 cognoscant
1891 3272 1938 3316 te
1966 3280 2054 3317 so-

487 3354 599 3407 lum
627 3352 814 3416 Deum,
842 3362 891 3408 et
921 3369 1070 3423 quem
1112 3354 1306 3407 misisti
1343 3352 1527 3408 Iesum
1555 3354 1825 3410 Christum
1848 3361 1889 3408 ‘.
1926 3355 2056 3422 Qua:

487 3445 704 3514 quidem
743 3460 867 3510 vox,
914 3443 1131 3506 misisti,
1165 3458 1287 3498 cum
1326 3443 1394 3499 de
1426 3445 1633 3498 cmlesti
1671 3445 1760 3498 illa
1797 3445 2056 3498 missione

488 3536 805 3606 accipienda
841 3535 936 3600 sit,
966 3535 1036 3591 ab
1063 3551 1129 3592 eo
1163 3544 1340 3591 tamen
1368 3536 1510 3606 quod
1546 3535 1742 3592 Petrus
1771 3536 1929 3603 dixit,
1965 3553 2054 3592 se-

461 3630 666 3698 .parari
701 3644 807 3682 non
845 3628 1005 3683 debet
1035 3646 1048 3682 :
1081 3625 1268 3682 Jesum
1315 3626 1677 3682 Nazam’num
1719 3631 1888 3683 virum
1934 3645 2056 3700 pro-

489 3721 667 3772 batum
727 3718 781 3773 in
842 3720 984 3776 vobis
1034 3722 1284 3794 prodigiis
1324 3738 1386 3775 ac
1431 3723 1591 3791 signis
1613 3723 1655 3787 ⁸,
1705 3739 1857 3792 quem
1905 3725 2055 3778 unxit

494 3810 628 3862 Deus
665 3809 869 3878 Spiritu
894 3823 1076 3867 sancto
1101 3813 1122 3843 °
1149 3830 1161 3868 :
1189 3829 1253 3868 ac
1277 3813 1484 3884 reliqua
1522 3814 1575 3868 id
1609 3830 1804 3885 genus.

559 3909 773 3966 XXXII.
817 3910 921 3965 Sed
950 3926 1048 3966 nec
1084 3911 1170 3966 his
1198 3911 1415 3983 quidem
1461 3917 1697 3970 contenti
1740 3915 2054 3972 suavissimi

487 4005 568 4059 illi
606 4003 802 4059 fratres
828 4003 1024 4069 nostri,
1055 4020 1178 4059 cum
1230 4007 1362 4061 illud
1403 4007 1507 4062 sibi
1551 4009 1715 4063 semel
1764 4023 2056 4079 proposue-

483 4098 619 4160 rint,
675 4105 734 4150 ut
777 4098 832 4151 in
878 4097 1130 4152 omnibus
1173 4100 1633 4168 opiniosissimam
1697 4116 1852 4155 suam
1897 4101 2055 4155 nobis

485 4190 848 4249 pervicaciam
906 4199 1203 4260 opponant,
1253 4191 1419 4246 etiam
1467 4191 1808 4248 divinitatem
1844 4194 2057 4265 1026

485 4277 692 4336 Christi
740 4295 960 4350 passam
1002 4296 1124 4337 esse
1161 4297 1372 4337 summa
1419 4298 1542 4339 cum
1585 4285 1810 4340 audacia
1858 4288 2056 4356 praedi-

485 4381 632 4427 cant.
693 4371 772 4426 Ad
825 4372 967 4442 quod
1017 4373 1124 4443 illis
1175 4374 1421 4444 Apostoli
1479 4377 1656 4432 verbis
1707 4378 2048 4433 abutuntur:

2158 3170 2520 3238 ἀπέστειλας
2564 3172 2809 3241 Ἰησοῦν
2828 3170 3101 3241 Χριστόν.
3136 3175 3207 3228 Τὸ
3252 3175 3307 3228 δὲ
3338 3175 3726 3242 ἀπέστειλας.

2157 3261 2362 3316 ἄνωθεν
2413 3264 2534 3333 ἕχον
2585 3264 2681 3336 τὴν
2730 3265 2999 3337 Θεωρίαν,
3051 3267 3165 3321 ἀλλ’
3195 3269 3292 3321 οὐκ
3339 3268 3499 3330 ἐκτὸς
3531 3269 3594 3321 ὃν
3627 3271 3728 3320 τῶν

2156 3354 2260 3406 ὑπὸ
2300 3355 2506 3426 Πέτρου
2555 3357 2857 3428 εἰρημένων
2890 3399 2904 3422 ,
2950 3360 3033 3412 ὅτι
3085 3358 3326 3427 Ἰησοῦν
3379 3360 3490 3413 τὸν
3541 3360 3732 3421 Natu-

2148 3445 2350 3514 ραῖον,
2408 3447 2597 3516 ἄνδρα
2651 3448 3148 3520 ἀποδεδειγμένον
3199 3454 3286 3518 εΙς
3325 3451 3481 3521 ὑμᾶς
3526 3452 3727 3522 τέρασι

2156 3541 2253 3594 καὶ
2311 3544 2619 3612 σημείοις,
2683 3532 2757 3598 ὃν
2810 3545 3054 3614 ἔχρισεν
3133 3550 3166 3600 0'
3227 3547 3372 3613 Θεὸς
3427 3551 3727 3615 Ili-stillari

2156 3633 2301 3704 ἁγίῳ
2325 3651 2337 3662 ·
2370 3637 2462 3689 καὶ
2499 3636 2567 3690 τὰ
2595 3636 2802 3702 τούτοις
2831 3639 3012 3709 ὃμοια.

2225 3905 2348 3962 AB'.
2383 3902 2516 3960 Εἶτα
2551 3906 2608 3960 δὲ
2636 3907 2798 3962 πάλιν
2839 3908 2887 3960 οί
2919 3907 3243 3977 γλυκύτατοι
3287 3911 3444 3982 ἡμῶν
3482 3913 3723 3984 ἀδελφοὶ,

2158 3999 2470 4070 βουλόμενοι
2522 4001 2661 4055 κατὰ
2697 4001 2872 4056 πάντα
2921 4002 3256 4072 φιλονείκους
3289 4005 3418 4075 ἡμῖν
3450 4008 3726 4080 εἰσφέρειν

2151 4093 2423 4158 διανοίας,
2471 4095 2560 4148 καὶ
2611 4096 2709 4165 τὴν
2743 4095 2903 4149 αὑτοῦ
2957 4095 3183 4167 θεότητα
3221 4098 3552 4152 πεπονθυῖαν
3577 4141 3593 4165 ,
3630 4103 3725 4154 οὑκ

2153 4188 2474 4260 ἀτολμήτως
2497 4189 2852 4261 κηρύττουσιν
2880 4193 2943 4244 ἐκ
2972 4189 3064 4243 τοῦ
3095 4189 3256 4262 ῥητοῦ
3282 4191 3376 4245 τοῦ
3408 4195 3722 4265 εἰρημένου·

2159 4284 2226 4335 El
2259 4281 2366 4351 γὰρ
2398 4281 2705 4351 ἔγνωσαν,
2757 4285 2866 4337 οὐκ
2897 4283 2973 4337 ἂν
3005 4284 3112 4337 τὸν
3143 4286 3359 4352 Κύριον
3397 4285 3506 4354 τῆς
3541 4287 3726 4356 δόξης

2157 4373 2560 4442 ἐσταύρωσαν.
2597 4375 2752 4438 Τινὲς
2780 4374 2835 4428 δὲ
2867 4375 2973 4428 τῶν
3005 4377 3168 4430 αὑτοῦ
3197 4378 3400 4431 παίδων
3439 4381 3516 4450 μὴ
3545 4381 3726 4435 νοοῦν-

487 4463 547 4517 Si
608 4463 748 4516 enim
795 4463 1176 4532 cognovissent,
1218 4481 1486 4535 nunquam
1529 4466 1811 4522 Dominum
1867 4468 2051 4539 gloria:

2160 4483 2248 4528 τες
2273 4465 2448 4528 τοῦτο,
2475 4464 2550 4528 ὡς
2573 4461 2744 4535 οἶμαι,
2781 4466 2916 4537 μετὰ
2944 4467 3052 4520 τῶν
3082 4469 3251 4522 ἄλλων
3277 4471 3722 4544 προϐαλλόμενοι,

485 4555 942 4620 cruciﬁxissent’.
989 4556 1065 4611 Ac
1115 4572 1232 4610 mea
1283 4558 1502 4626 quidem
1564 4561 1832 4614 sententia
1885 4562 2053 4632 aliqui

485 4646 815 4715 Apollinaris
843 4647 1118 4718 discipuli,
1152 4651 1242 4720 qui
1272 4650 1453 4704 minus
1479 4651 1624 4706 istud
1663 4650 2053 4723 intelligerent,

470 4751 610 4790 cum
651 4737 774 4792 aliis
815 4741 1098 4796 erroribus
1145 4741 1290 4795 hunc
1331 4742 1509 4810 ipsum
1542 4753 1926 4814 proponentes,
1966 4764 2052 4799 ar-

485 4830 660 4900 gutuli
693 4832 880 4887 volunt
910 4833 1102 4888 videri.
1138 4832 1304 4889 Miror
1336 4836 1480 4890 enim
1513 4838 1558 4890 si
1586 4838 1856 4906 ejusmodi
1891 4842 2048 4911 quid-

483 4920 630 4990 piam
662 4922 729 4977 ab
754 4939 819 4979 eo
859 4924 1022 4981 fuerit
1065 4935 1358 4980 assertum.
1395 4925 1583 4999 Neque
1613 4945 1740 4984 vero
1771 4931 2049 4986 admiran-

483 5011 614 5068 dum
644 5025 749 5082 est,
795 5017 942 5087 quod
999 5015 1280 5088 Scriptura
1332 5036 1487 5076 sacra
1535 5021 1822 5080 Dominum
1870 5027 2053 5097 gloria:

483 5105 805 5162 cruciﬁxum
848 5123 970 5164 esse
1010 5108 1226 5164 dixerit.
1288 5111 1564 5183 Siquidem
1617 5123 1671 5171 et
1716 5129 2050 5188 assumptam

484 5197 723 5252 hominis
778 5203 1030 5252 naturam
1075 5201 1261 5272 gloria
1313 5203 1600 5261 Dominum
1665 5209 2047 5278 appellamus:

482 5291 682 5361 quippe
708 5308 829 5362 quae
853 5292 921 5347 ab
950 5291 1232 5351 divinitate
1261 5298 1483 5355 minime
1518 5312 1768 5370 separata
1810 5302 1898 5356 sit.
1941 5300 2053 5358 Nec

484 5385 653 5440 ullum
700 5386 753 5439 in
793 5402 857 5441 eo
885 5402 1082 5458 genere
1131 5404 1290 5459 opus,
1347 5408 1441 5444 aut
1501 5403 1879 5464 argumentum
1947 5403 2052 5460 est,

481 5480 627 5550 quod
657 5495 762 5534 non
791 5482 1075 5538 commode
1105 5487 1278 5554 possit
1319 5487 1543 5559 intelligi
1570 5506 1583 5555 ;
1609 5489 1851 5560 adeoque
1879 5499 2050 5546 totum

482 5571 876 5630 incarnationis
905 5577 1180 5648 negotium
1210 5580 1277 5634 ad
1344 5597 1507 5636 unam
1555 5583 1912 5656 eamdemque
1951 5587 2048 5641 ad-

2155 4555 2435 4626 βούλονται
2493 4555 2922 4625 ὲπισοφίζεσθαι.
2971 4556 3245 4628 Θαυμάζω
3301 4560 3410 4632 γὰρ
3461 4562 3511 4614 εἰ
3563 4564 3724 4626 αὐτὸς

2155 4647 2328 4713 οὕτως
2360 4649 2578 4718 φάσκει.
2631 4649 2705 4701 Οὐ
2733 4649 3042 4721 θαυμαστὸν
3070 4651 3178 4722 γὰρ
3205 4692 3220 4717 ,
3258 4652 3354 4705 ἐὰν
3381 4655 3510 4727 εἴπῃ
3542 4658 3575 4726 ἡ
3610 4655 3724 4708 Θεία

2156 4742 2345 4813 Γραφὴ
2388 4743 2478 4795 τὸν
2506 4741 2705 4814 Κύριον
2736 4745 2833 4814 τῆς
2859 4743 3016 4815 δόξης
3050 4743 3442 4814 ἐσταυρῶσθαι.
3477 4747 3590 4800 Καὶ
3621 4748 3722 4817 γὰρ

2157 4835 2252 4888 καὶ
2277 4834 2476 4906 Κύριον
2515 4835 2671 4907 δόξης
2690 4838 3057 4909 ὁμολογοῦμεν
3089 4841 3182 4891 καὶ
3215 4840 3382 4909 αὑτὴν
3404 4841 3502 4910 τὴν
3527 4842 3720 4913 ἔνσαρ-

2163 4944 2256 4980 κον
2283 4928 2618 4999 παρουσίαν·
2646 4931 2706 4982 οὑ
2741 4931 2847 5004 γὰρ
2899 4932 3149 5003 διῄρηται
3188 4931 3296 4985 ἀπὸ
3328 4933 3424 5003 τῆς
3472 4934 3723 5006 θεότητος

2155 5024 2188 5093 ἡ
2227 5022 2489 5095 ένσαρκος
2538 5024 2811 5096 παρουσία
2833 5041 2847 5055 ’
2883 5026 2976 5096 τῆς
3025 5026 3259 5097 ἑκάστης
3293 5027 3604 5091 ὑποθέσεως
3640 5031 3721 5081 εὑ-

2155 5114 2327 5183 λόγως
2389 5116 2685 5189 νοουμένης
2718 5157 2734 5179 ,
2792 5119 2885 5170 καὶ
2935 5121 3027 5173 ἐπὶ
3083 5120 3141 5172 τὸ
3195 5120 3326 5173 αὐτὸ
3384 5119 3486 5189 τῆς
3546 5122 3718 5192 πάσης

2155 5211 2536 5281 πραγματείας
2561 5212 2639 5275 εἰς
2665 5212 2794 5283 μίαν
2827 5213 3134 5284 οἰκονομίαν
3164 5215 3256 5266 καὶ
3289 5215 3416 5284 μίαν
3448 5214 3719 5285 τελειότη-

2156 5319 2225 5356 τα
2261 5306 2392 5374 ἡμῖν
2419 5305 2821 5377 συνηνωμένης.
2851 5306 3098 5377 Παθητὸς
3149 5307 3254 5378 γὰρ
3297 5308 3424 5376 ἡμῖν
3459 5307 3718 5378 κηρύττε-

2156 5413 2245 5450 ται
2274 5399 2505 5469 Χριστὸς
2550 5401 2645 5452 καὶ⁹
2671 5400 3002 5462 πιστεύεται,
3052 5401 3112 5453 οὑ
3137 5399 3255 5454 καθ’
3291 5400 3482 5454 ἑαυτὸν
3513 5399 3714 5459 παθὼν.

2155 5489 2274 5543 οὐδὲ
2323 5491 2402 5543 ὅτι
2447 5491 2600 5555 ἄλλος
2628 5493 2774 5545 ἐστὶν
2800 5495 2828 5546 ό
2867 5492 3145 5556 πεπονθὼς
3172 5535 3186 5556 ,
3231 5492 3320 5545 καὶ
3356 5492 3513 5556 ἄλλος
3550 5495 3579 5545 ὁ
3615 5494 3716 5544 Κύ-

2158 5599 2305 5652 ριος,
2353 5583 2471 5636 οὑδὲ
2523 5585 2605 5636 ὅτι
2663 5586 2695 5655 ἡ
2731 5585 2920 5655 θεότης
2969 5583 3233 5637 πέπονθεν
3259 5599 3272 5612 °
3315 5582 3449 5634 ἀλλὰ
3487 5581 3714 5634 ﬁscos]:

549 5733 570 5761 ί
603 5726 644 5782 ιι
664 5729 783 5784 Cor.
813 5749 886 5794 xu,
919 5733 970 5786 G.
1049 5737 1066 5765 ²
1100 5734 1266 5790 lCor.
1299 5753 1356 5801 ιι,
1381 5740 1465 5794 ιιι.
1532 5737 1866 5810 'Rom.x,6.
1933 5745 1954 5777 ⁸
1991 5745 2054 5802 Jo

2173 5761 2302 5814 xvll,
2328 5748 2381 5804 5.
2459 5750 2615 5804 IIAct.
2654 5766 2709 5814 ιι,
2736 5748 2826 5804 20.
2903 5749 3060 5805 Ἀρι.
3095 5766 3146 5813 x,
3177 5747 3266 5804 38.
3339 5746 3362 5780 ν
3392 5744 3558 5802 lCor.
3582 5762 3641 5810 ιι,
3662 5763 3711 5802 υ.
