3790 6212
135 377 224 434 689
745 372 1109 430 ADVEhSUS
1147 368 1494 428 lleliESEﬁ
1522 375 1653 427 ΜΒ.

1775 405 1784 418 .
1825 369 1985 425 TUM.
2029 368 2070 422 II
2171 365 2440 422 HERES.
2483 363 2736 419 LXXVII.

3235 363 3356 420 690‘
3367 388 3378 394 ·-

136 497 218 567 μὲν
244 492 270 545 ό
295 487 502 561 Κύριος·
523 489 680 558 ἡμῶν
719 490 926 560 Ἰησοῦς
962 491 1198 562 Χριστὸς
1224 530 1238 555 ,
1291 491 1392 561 τῆς
1421 490 1661 561 θεότητος

1785 487 2238 544 ministrationem
2273 483 2771 554 perfectionemque
2821 469 3118 550 ccnSpirat.
3151 479 3346 550 Itaque

132 585 368 657 ἀτρέπτου
405 580 672 652 μενούσης
709 599 790 645 τε,
827 584 919 636 καὶ
961 583 1206 648 ἀπαθοῦς
1230 625 1244 648 ,
1275 583 1590 654 πασχούσης
1617 583 1674 636 δὲ

131 684 180 733 ὲν
201 679 256 748 τῇ
295 673 469 746 σαρκὶ,
499 673 594 728 καὶ
625 673 872 738 ἀπαθοῦς
904 677 1190 747 μενούσης.
1219 678 1282 730 El
1307 677 1416 748 γὰρ
1437 677 1674 731 ἀπέθανε

131 765 498 840 Χριστὸςὺπὲρ
527 765 706 836 ἡμῶν,
741 767 836 820 καὶ
855 766 1024 831 ὄντως
1054 768 1344 834 ἀπέθανεν,
1369 769 1466 840 οὐχ
1499 770 1534 840 ἡ
1563 768 1673 822 θεό-

129 876 211 931 της
251 855 510 913 ἀπέθανεν
536 897 564 920 ,.
593 855 730 910 ἀλλά
780 857 1050 912 ἀπέθανεν
1087 860 1146 914 ὲν
1195 860 1389 931 σαρκὶ,
1427 857 1568 912 κατὰ
1610 857 1672 911 τὸ

131 948 387 1021 εἰρημένον
407 965 422 980 °
457 947 826 1014 Θανατωθεὶς
848 948 1028 1017 σαρκί
1052 989 1066 1012 ,
1101 949 1474 1016 ζωοποιηθεὶς
1500 948 1568 1002 δὲ
1591 947 1671 1014 τῷ

128 1043 384 1110 πνεύματι
407 1056 421 1070 ·
471 1041 566 1094 κα)⁵
607 1039 776 1094 ’πάλιν
803 1055 819 1072 ·
869 1041 1128 1110 Χριστοῦ
1173 1041 1470 1108 παθόντος
1519 1042 1669 1110 ὑπὲρ

125 1132 268 1200 ’ἡμῶν
294 1131 488 1199 σαρκί.

1779 579 2051 649 patibilem
2079 593 2180 634 nos
2217 577 2494 632 Christum
2528 575 2904 644 praedicaturus,
2933 589 2996 627 ac
3022 573 3334 628 credimus:

1777 687 1884 727 non
1917 673 2058 743 quod
2091 687 2186 742 per
2211 683 2333 727 sese
2361 671 2434 726 sit
2459 682 2683 740 passus,
2719 677 2899 736 neque
2929 666 3073 736 quod
3103 667 3244 722 alius
3267 668 3348 721 sit

1777 780 1806 818 a
1841 766 2077 835 patiente
2128 765 2412 828 Dominus.
2473 777 2647 832 neque
2698 761 2844 832 quod
2904 759 3086 815 divina
3141 771 3370 815 natura

1775 872 1936 927 passa
1968 858 2038 913 sit
2073 876 2086 912 :
2141 873 2324 912 verum
2357 857 2432 910 ita
2459 855 2721 910 Dominus
2760 861 2948 908 noster
2989 851 3147 907 Jesus
3181 853 3341 906 Chri-

1774 959 1892 1004 stus
1933 963 2128 1020 passus
2155 958 2262 1012 est,
2297 957 2355 1002 ut
2387 949 2558 1018 ipsius
2589 947 2845 1001 divinitas
2877 945 3194 1000 mutationis
3225 961 3341 998 om-

1773 1041 1862 1096 nis
1888 1051 1941 1095 et
1979 1040 2247 1110 passionis
2279 1055 2474 1109 expers
2511 1038 2866 1092 nihilominus
2899 1038 2952 1091 in
2983 1051 3146 1092 cruce
3188 1045 3343 1108 pate-

1775 1145 1945 1198 retur,
1979 1143 2032 1187 et
2065 1133 2180 1202 ipsa
2227 1133 2430 1185 nullam
2480 1131 2534 1185 in
2577 1146 2695 1185 sese
2729 1132 3038 1200 passionem
3067 1131 3344 1201 experire-

126 1233 217 1278 tur.
247 1223 392 1289 Quod
417 1223 559 1278 enim
588 1222 842 1280 Christus
900 1231 1088 1280 nostra
1118 1239 1282 1280 causa
1317 1233 1567 1279 mortuus
1612 1231 1718 1290 est,
1775 1239 2010 1295 vereque
2065 1231 2340 1286 mortuus,
2392 1217 2606 1276 nonin
2661 1221 2999 1278 divinitatem
3049 1238 3200 1279 mors
3248 1223 3340 1277 illa

125 1319 326 1384 cecidit;
365 1321 458 1372 sed
491 1319 546 1372 in
579 1333 744 1375 carne
783 1327 1032 1374 mortuus
1061 1327 1144 1374 est
1173 1361 1186 1382 ,
1238 1317 1692 1389 quemadmodum
1760 1320 2020 1386 scriptum
2063 1325 2192 1372 est:
2243 1315 2600 1385 Mortiﬁcatus
2644 1331 2800 1369 came
2825 1354 2840 1381 ,
2893 1315 3184 1384 viviﬁcatus
3236 1333 3332 1370 au-

125 1421 218 1464 tent
277 1409 520 1478 spiritu’.
575 1407 746 1464 Item:
799 1407 1009 1464 Christo
1057 1425 1214 1478 passa
1268 1426 1364 1478 pro
1419 1409 1566 1463 nobis
1615 1409 1672 1462 in
1708 1408 1932 1462 carne’.

181 1501 500 1572 Θαυμαστῶς
532 1505 666 1572 ἡμῖν
705 1503 1057 1576 ’ὡμολόγηται
1097 1501 1381 1566 πεπονθὼς
1429 1504 1488 1556 ὲν
1529 1503 1661 1572 6:111"-

1837 1500 2199 1568 Quamobrem
2246 1497 2508 1570 singulari
2540 1499 2772 1569 quadam
2832 1507 2886 1555 et
2915 1498 3217 1555 admirabili
3246 1515 3334 1554 ra-

124 1592 256 1662 θείᾳ,
279 1593 366 1644 καὶ
389 1589 608 1662 ἀπαθὴς
641 1592 697 1645 ἐν
729 1593 958 1664 ἀληθείᾳ
982 1611 998 1624 ο
1036 1593 1134 1664 τῆς
1159 1592 1410 1664 θεότητος
1444 1592 1518 1663 μὴ
1555 1609 1661 1646 πα-

1775 1593 1920 1648 tione
1945 1608 2072 1648 vere
2101 1605 2326 1664 passum
2358 1591 2507 1645 illum
2539 1605 2662 1645 esse
2703 1590 3043 1658 conﬁtemur,
3085 1601 3141 1648 et
3182 1609 3336 1648 eum—

124 1686 298 1756 θούσης
317 1684 402 1738 διὰ
426 1685 486 1738 τὸ
513 1686 779 1756 ἄτρεπτον
799 1728 814 1752 ,
863 1689 955 1742 xa‘t
981 1688 1188 1752 ἀπαθὲς
1206 1729 1220 1752 ,
1253 1687 1348 1742 xal.
1383 1687 1661 1759 ὁμοούσιον

1775 1684 1893 1740 dem
1949 1693 2132 1740 tamen
2176 1699 2302 1739 vere
2351 1683 2624 1754 passionis
2671 1691 2987 1753 expertem:
3016 1685 3162 1754 quod
3203 1685 3336 1740 nihil

121 1779 188 1848 τῷ
230 1777 427 1848 Πατρί·
475 1777 757 1852 παθούσης
802 1779 858 1832 δὲ
893 1779 992 1850 τῆς
1027 1780 1260 1851 σαρκὸς,
1301 1779 1486 1834 καὶού
1514 1797 1661 1852 μερι-

1775 1777 2034 1834 divinitas
2073 1777 2192 1848 ipsa
2237 1765 2476 1848 patiatur
2503 1818 2518 1844 ,
2558 1779 2816 1846 quoniam
2851 1779 2919 1832 ab
2943 1779 3090 1833 omni
3130 1780 3340 1836 vicissi-

125 1869 318 1941 σθείσης
347 1869 448 1939 τῆς
493 1870 742 1942 θεότητος
774 1872 882 1926 ἀπὸ
935 1872 1034 1943 τῆς
1063 1871 1329 1944 ὲνσάρκου
1363 1873 1661 1941 παρουσίας

1775 1872 1960 1925 tudine
2010 1879 2064 1925 et
2093 1871 2352 1940 passione
2393 1869 2653 1923 immunis
2691 1879 2793 1935 est,
2835 1869 3190 1942 ejusdemque
3213 1886 3340 1926 cum

122 1963 174 2016 ἐν
193 1961 262 2032 τῷ
300 1961 479 2017 πάθει.
511 1963 687 2034 Συνῆν
715 1963 826 2035 γὰρ
864 1962 960 2017 καὶ
991 1965 1024 2034 ή
1056 1963 1278 2034 θεότης,
1314 1964 1408 2016 καὶ
1441 1965 1474 2031 ἡ
1507 1965 1661 2016 ἐναν-

1775 1961 1928 2017 Patre
1961 1962 2295 2018 substantiae.
2349 1960 2427 2015 ita
2473 1965 2656 2031 porro
2693 1977 2909 2030 passam
2951 1978 3074 2019 esse
3119 1979 3337 2019 carnem

1771 2055 2088 2121 asserimus,
2123 2063 2183 2108 ut
2207 2055 2260 2108 in
2294 2056 2411 2124 ipsa
2440 2053 2794 2124 perpessione
2829 2055 3089 2112 divinitas
3129 2073 3340 2128 nequa-

1771 2161 1932 2216 quam
1983 2147 2051 2202 ab
2097 2153 2376 2217 assumpta
2420 2146 2660 2201 hominis
2705 2155 2902 2200 natura
2953 2147 3201 2219 sejuncta
3244 2150 3336 2206 sit.

1773 2238 1910 2292 Tum
1939 2238 2084 2292 enim
2113 2239 2372 2294 divinitas
2397 2252 2522 2292 cum
2551 2237 2790 2292 humana
2818 2245 3013 2294 natura
3048 2241 3341 2311 conjuncta

1775 2330 1899 2391 fuit,
1928 2329 2146 2400 quando
2175 2329 2428 2385 Christus
2465 2329 2522 2384 in
2551 2345 2714 2385 cruce
2764 2329 2990 2387 suilixus
3013 2345 3177 2388 carne
3217 2349 3341 2400 pas-

1773 2435 1869 2475 sus
1897 2427 2008 2485 est,
2059 2419 2193 2473 nihil
2215 2421 2332 2489 ipsa
2369 2419 2654 2474 divinitate
2693 2420 2962 2488 patiente,
3011 2437 3120 2489 quo
3145 2421 3344 2490 justiti-

1770 2512 1912 2567 catio
1943 2519 2130 2570 nostra
2159 2525 2270 2566 non
2301 2511 2536 2581 amplius
2561 2511 2616 2565 in
2649 2512 2764 2566 sola
2787 2525 2972 2578 carne,
3039 2511 3134 2566 sed
3176 2513 3338 2567 etiam

1771 2605 1826 2658 in
1878 2604 2164 2659 divinitate
2205 2603 2554 2666 consisteret,
2607 2611 2768 2672 atque
2800 2609 2860 2656 ut
2889 2617 2919 2656 a
2950 2603 3236 2658 divinitate
3263 2605 3342 2657 si-

1771 2696 1886 2750 lnul
1931 2704 1986 2750 et
2014 2711 2178 2750 carne
2221 2697 2370 2750 salus
2415 2704 2605 2750 nostra
2633 2694 3088 2764 proficisceretur.
3125 2694 3338 2750 Etenim

1769 2787 2025 2843 Christus
2087 2803 2197 2842 non
2250 2788 2479 2858 simplex
2519 2801 2582 2841 ac
2625 2786 2806 2842 nudus
2839 2787 3002 2840 homo
3057 2785 3176 2853 fuit,
3245 2787 3340 2842 sed

1771 2877 2012 2935 Verbum
2062 2881 2405 2943 subsistens,
2447 2880 2810 2947 incarnatum,
2870 2895 2933 2934 ac
2985 2877 3126 2935 Deus
3179 2881 3340 2936 homo

1772 2989 1963 3028 revera
2009 2971 2208 3040 factus,
2259 2983 2317 3028 ut
2356 2989 2506 3044 spem
2553 2982 2797 3029 nostram
2845 2987 2952 3027 nan
3003 2974 3235 3044 amplius
3283 2975 3340 3029 in

1772 3066 2008 3132 homine,
2058 3067 2152 3122 sed
2199 3067 2252 3121 in
2293 3065 2576 3120 divinitate
2621 3066 2987 3139 collocemus,
3033 3084 3206 3138 neque
3245 3083 3340 3138 pa-

1773 3159 1996 3213 tientem
2029 3158 2220 3221 Deum,
2256 3160 2350 3214 sed
2391 3175 2417 3213 a
2445 3159 2800 3229 perpessione
2846 3162 2991 3215 omni
3043 3161 3340 3216 immunem

1782 3249 2100 3306 habeamus.
2139 3252 2350 3321 1027
2384 3250 2486 3318 Qui
2535 3251 2752 3321 quidem
2801 3267 2910 3307 non
2951 3252 3070 3308 sine
3115 3269 3342 3324 perpes-

1778 3344 1933 3397 sione
1964 3343 2191 3398 salutem
2227 3344 2386 3397 nobis
2421 3342 2685 3407 attulerit,
2719 3343 2812 3400 sed
2845 3345 2899 3399 in
2933 3345 3214 3402 moriendo
3239 3361 3342 3417 pro

1781 3436 1964 3500 nobis,
2001 3451 2168 3506 seque
2193 3435 2302 3491 Deo
2331 3436 2476 3491 Patri
2509 3453 2608 3508 pro
2633 3438 2836 3494 nostris
2862 3439 3146 3495 animabus
3176 3441 3340 3496 sacri-

125 2051 400 2124 θρὼπησις,
443 2054 530 2108 ὅτε
567 2055 658 2108 ἐπὶ
707 2053 784 2126 τῷ
823 2053 1039 2126 σταυρῷ
1070 2053 1272 2124 ἔπασχε
1309 2053 1407 2125 μὲν
1433 2053 1664 2125 Χριστὸς

125 2146 281 2216 σαρκὶ,
311 2145 526 2217 ἀπαθὴς
553 2146 608 2200 δὲ
641 2147 822 2217 ἔμεινε
845 2147 1059 2218 θεότητι
1089 2165 1101 2177 ·
1137 2149 1225 2202 ἵνα
1261 2148 1362 2218 τὴν
1386 2148 1664 2201 δικαίωσιν

125 2237 298 2308 μηκέτι
319 2238 378 2291 ὲν
409 2238 574 2306 σαρκὶ
607 2238 764 2307 μόνον
791 2238 1034 2310 ἔχωμεν,
1061 2238 1198 2292 ἀλλὰ
1221 2241 1278 2294 ὲν
1315 2241 1379 2310 τῇ
1408 2225 1620 2310 θεότητι
1645 2253 1660 2268 '

125 2328 204 2380 καὶ
231 2328 312 2381 ἵνα
336 2327 392 2382 ὲν
420 2330 488 2398 τῇ
544 2328 756 2400 θεότητι
787 2330 979 2384 καὶέν
1014 2333 1080 2402 τῇ
1123 2332 1288 2402 σαρκὶ
1321 2332 1438 2383 κατ’
1464 2331 1664 2400 ἀμφοῖν

121 2421 233 2488 ἡμῖν
269 2419 512 2490 σωτηρία
537 2419 782 2490 γένηται.
836 2420 910 2474 Οὐ
953 2420 1062 2493 γὰρ
1090 2421 1247 2491 ψιλὸς
1293 2423 1424 2492 ἡμῖν
1452 2421 1663 2492 ἄνθρω-

123 2525 206 2571 πος
245 2510 272 2562 ό
295 2509 528 2580 Χριστὸς
552 2550 566 2572 ,
596 2510 708 2563 ἀλλ’
740 2512 768 2562 ὁ
806 2512 978 2580 Λόγος
1027 2512 1389 2574 ὲνυπόστατος
1415 2552 1430 2572 ,
1474 2511 1666 2583 Eva-ap-

122 2617 226 2664 κος,
251 2601 339 2654 καὶ
371 2601 506 2665 Θεὸς
543 2601 826 2673 ἄνθρωπος
855 2601 1094 2670 γεγονὼς
1127 2604 1184 2654 ὲν
1220 2601 1466 2673 ἀληθείᾳ,
1508 2600 1664 2672 ἡμῶν

125 2691 188 2761 μὴ
233 2691 458 2761 ἑχόντων
504 2692 604 2762 τὴν
655 2691 842 2745 ἐλπίδα
876 2694 962 2746 ἐπ’
1002 2691 1286 2764 ἄνθρωπον
1314 2732 1328 2755 ,
1364 2691 1476 2745 ἀλλ’
1509 2695 1566 2745 ὲν
1595 2694 1662 2762 τῇ

121 2780 308 2852 θεότητι
327 2799 342 2813 ·
371 2783 466 2836 καὶ
489 2783 644 2854 ἡμῶν
681 2784 756 2854 μὴ
789 2785 1022 2854 ἑχόντων
1062 2783 1194 2838 Θεὸν
1229 2785 1523 2854 πάσχοντα,
1549 2783 1662 2836 ἀλλ’

122 2873 310 2944 ἀπαθῆ·
348 2875 505 2938 ἐκτὸς
529 2875 585 2930 δὲ
617 2875 822 2940 πάθους
851 2877 952 2947 τὴν
983 2878 1256 2949 σωτηρίαν
1282 2877 1438 2948 ήμῶν
1463 2877 1537 2948 μὴ
1567 2889 1665 2929 πε-

121 2964 358 3036 ποιηκότα
381 3007 398 3031 ,
433 2967 551 3020 ἀλλ’
600 2969 658 3020 ὲν
701 2967 778 3038 τῷ
833 2969 971 3040 ὑπὲρ
1002 2969 1158 3040 ἡμῶν
1187 2969 1478 3024 ἀποθανεῖν
1503 3011 1518 3036 ,
1569 2971 1664 3025 καὶ

121 3058 288 3113 ἑαυτὸν
314 3059 676 3130 προσενέγκαι
697 3059 776 3131 τῷ
799 3060 974 3132 Harp!
1001 3059 1192 3116 θυσίαν
1221 3061 1361 3132 ὑπὲρ
1394 3063 1502 3116 τῶν
1529 3064 1562 3134 ἡ
1571 3081 1664 3133 με-

118 3151 266 3220 τέρων
290 3151 478 3222 ψυχῶν
498 3193 513 3216 ,
533 3153 604 3206 ’ὲν
636 3152 715 3223 τῷ
745 3153 934 3224 αἵματι
968 3154 1131 3208 αὑτοῦ
1169 3155 1468 3225 καθαρίσας
1495 3157 1660 3226 ἡμᾶς,

123 3241 290 3310 σχίσας
320 3243 382 3294 τὸ
412 3241 536 3296 καθ’
572 3241 730 3313 ἡμῶν
758 3244 1119 3314 χειρόγραφον
1171 3244 1264 3298 καὶ
1311 3243 1668 3316 προσηλώσας

119 3331 230 3384 αὐτὸ
273 3333 346 3405 τῷ
379 3333 635 3407 σταυρῷ,
686 3334 869 3399 καθὼς
921 3335 1098 3406 πάντη
1136 3338 1170 3406 ἡ
1207 3336 1394 3408 Γραφὴ
1425 3335 1664 3390 διδάσκει

119 3427 262 3496 ἡμᾶς·

121 3519 210 3572 licii
233 3520 402 3576 instar
431 3521 711 3578 offerendo
743 3521 1084 3592 praestiterit,
1109 3537 1234 3578 cum
1273 3531 1374 3578 nos
1423 3523 1690 3593 sanguine
1725 3539 1824 3580 suo
1855 3528 2181 3597 repurgarit,
2247 3542 2310 3580 ac
2362 3527 2624 3596 scriptum
2671 3538 2860 3584 contra
2909 3545 3010 3583 nos
3058 3529 3338 3603 chirogra-

121 3616 265 3682 phum
305 3617 612 3684 disciderit,
648 3628 702 3674 et
733 3619 884 3674 cruci
929 3633 1041 3674 suae
1072 3618 1220 3674 istud
1260 3617 1487 3674 alliserit
1512 3619 1534 3650 δ
1557 3659 1573 3684 ,

175 3709 284 3762 AI".
316 3709 597 3762 Καὶέσται
633 3727 724 3780 μοι
751 3710 880 3780 περὶ
911 3708 1140 3770 τούτων,
1171 3709 1220 3760 εί
1251 3707 1411 3778 χρεία
1429 3711 1661 3775 γένοιτο,

120 3799 188 3860 είς
215 3799 560 3869 παράστασιν
588 3801 764 3852 εἰπεῖν
797 3797 988 3852 πολλά.
1023 3797 1135 3852 Καὶ
1165 3797 1274 3867 γὰρ
1301 3798 1359 3849 ὲν
1383 3796 1564 3862 ἄλλοις
1589 3799 1666 3850 εί-

119 3891 362 3961 ρήκαμεν,
404 3892 506 3962 τὴν
553 3891 786 3962 θεωρίαν
831 3889 1036 3960 ταύτην
1085 3889 1492 3959 σαφηνίζοντες,
1535 3889 1664 3960 περὶ

119 3983 202 4050 τῆς
226 3983 372 4053 inqu
404 3982 628 4053 βεϐαίας
665 3983 958 4053 σωτηρίας,
1001 3983 1084 4036 ὅτι
1185 3981 1271 4046 Ὡς
1295 3980 1360 4034 ἂν
1391 3983 1456 4034 ὲκ
1485 3982 1664 4051 ῥαντι-

1617 3619 1672 3674 id
1699 3621 1842 3692 quod
1877 3621 2080 3690 ubique
2101 3619 2380 3690 Scriptura
2413 3628 2662 3675 testatur.

1843 3707 2085 3766 XXXI“.
2125 3707 2380 3769 Possem.
2429 3709 2477 3764 si
2525 3723 2752 3765 necesse
2783 3711 3080 3777 videretur,
3126 3713 3192 3768 ad
3223 3713 3344 3783 ejus

1769 3802 2044 3874 dogmatis
2104 3805 2388 3856 veritatem
2447 3800 2878 3857 confirmandam
2934 3805 3041 3859 alia
3099 3807 3342 3876 proferre

1771 3909 1934 3965 quam
1963 3893 2216 3963 plurima.
2250 3891 2342 3947 Sic
2383 3892 2528 3946 enim
2580 3893 2688 3946 alio
2723 3893 2878 3956 loco,
2922 3909 3044 3950 cum
3074 3896 3217 3950 idem
3251 3912 3342 3950 ar-

1769 3996 2086 4059 gumentum
2137 3993 2626 4056 pertractaremus,
2681 3984 2749 4038 de
2804 3993 2952 4041 certa
3013 3988 3342 4058 minimeque

119 4075 238 4144 σμοῦ
269 4077 498 4147 αἵματος
523 4078 778 4146 τυγχάνει
806 4074 952 4146 βαφὴ
973 4078 1030 4128 ὲν
1049 4075 1272 4145 ίματίῳ,
1295 4074 1356 4126 τὸ
1383 4074 1480 4144 μὲν
1505 4073 1661 4142 σῶμα

1775 4079 1934 4134 dubia
1961 4085 2148 4134 nostra
2179 4077 2354 4132 salute
2395 4076 2787 4131 constituimus
2819 4095 2831 4129 :
2869 4075 3340 4142 Quemadmodum

116 4168 202 4220 οὐκ
226 4169 386 4239 ἔϐαψε
420 4170 516 4224 τοῦ
545 4169 858 4240 φοροῦντος,
882 4171 916 4240 ἡ
943 4169 1001 4222 δὲ
1027 4168 1174 4240 βαφὴ
1197 4167 1290 4222 τοῦ
1327 4169 1341 4220 ί
1352 4167 1544 4238 ματίου
1569 4168 1661 4219 οὐκ

1775 4170 2050 4241 sanguinis
2078 4169 2368 4239 aspergine
2393 4168 2561 4222 vestis
2591 4168 2854 4230 inﬁcitur,
2883 4169 3012 4224 licet
3047 4171 3168 4239 ejus
3193 4212 3208 4236 ,
3247 4175 3338 4242 qui

117 4263 184 4324 είς
210 4263 270 4314 τὸ
303 4264 516 4334 ἱμάτιον
550 4262 878 4330 λελόγισται,
903 4261 1017 4315 ἀλλ’
1039 4263 1119 4324 εἰς
1150 4260 1240 4314 τὸν
1273 4260 1560 4331 ἄνθρωπον
1577 4259 1661 4311 τὸν

1775 4270 1964 4314 vestem
1982 4258 2356 4328 gerit,corpus
2374 4272 2716 4327 nequaquam
2743 4257 3005 4313 infectum
3023 4259 3115 4324 sit,
3143 4261 3338 4315 nihilo-

118 4353 380 4422 φοροῦνταο
413 4355 558 4408 οὕτω
590 4355 684 4408 καὶ
714 4354 776 4407 τὸ
801 4353 971 4417 πάθος
999 4355 1066 4424 τῇ
1093 4352 1308 4420 θεότητι
1341 4353 1437 4423 μὲν
1455 4352 1555 4404 οὐκ
1581 4352 1666 4403 ὲν-

1771 4351 1954 4406 minus
1987 4350 2078 4403 illa
2121 4350 2290 4404 vestis
2323 4363 2546 4419 aspersa
2597 4349 2810 4403 macula
2839 4367 2946 4404 non
2975 4353 3133 4414 vesti,
3169 4354 3262 4408 sed
3292 4355 3339 4408 ci

117 4443 349 4514 ἑτκηψεν,
385 4445 502 4506 ἀλλ’
529 4448 588 4500 ἐν
620 4449 686 4518 τῇ
716 4445 1130 4518 ὲνανθρωπήσει
1157 4445 1394 4512 ἐγένετο’
1422 4443 1522 4496 οὐκ
1545 4442 1661 4512 ὲλο-

1775 4443 1860 4514 qui
1901 4449 2104 4496 vestem
2135 4443 2296 4512 gerit,
2324 4442 2620 4506 tribuitur;
2655 4441 2844 4496 eodem
2877 4443 3040 4497 modo
3072 4445 3194 4499 licet
3223 4461 3340 4514 per-

117 4537 256 4609 γίσθη
293 4540 348 4592 δὲ
381 4542 448 4610 τῇ
489 4539 901 4610 ὲνανθρωπήσει
954 4539 1112 4609 μόνη·
1163 4537 1275 4591 ἀλλ’
1309 4537 1395 4590 ἵνα
1425 4535 1498 4606 μὴ
1529 4533 1661 4604 πλη-

1775 4531 1950 4602 pessio
1974 4531 2028 4586 in
2071 4531 2406 4586 divinitatem
2460 4547 2568 4585 non
2609 4531 2938 4593 incubuerit.
2970 4535 3062 4588 sed
3093 4536 3344 4591 humana:

119 4629 244 4701 ρωθῇ
275 4632 330 4683 ἐν
359 4633 428 4702 τῇ
464 4630 708 4701 σωτηρίᾳ
745 4630 846 4697 τῆς
881 4629 1191 4700 οἰκονομίας
1240 4628 1322 4693 τὸ,
1386 4629 1656 4680 Ἐπικατ-

117 4721 307 4789 άρατος
347 4723 488 4790 πᾶς,
518 4723 586 4790 ὂς
624 4723 750 4792 ἔχει
789 4722 904 4789 τὴν
937 4721 1158 4777 ἐλπίδα
1186 4721 1278 4774 ἐπ’
1328 4720 1660 4788 ἄνθρωπον.

127 4815 246 4868 Ἀλλ’
275 4815 529 4887 ἐλογίσθη
563 4816 658 4870 καὶ
684 4818 764 4880 εἰς
782 4816 882 4886 τὴν
903 4815 1155 4885 θεότητα,
1180 4811 1280 4882 τῆς
1308 4812 1560 4882 θεότητος
1585 4809 1659 4882 μὴ

1771 4625 2038 4680 duntaxat
2085 4635 2292 4679 naturae
2338 4625 2651 4695 contigerit,
2696 4639 2804 4678 non
2853 4624 2978 4680 huic
3026 4634 3208 4683 tamen
3238 4628 3341 4684 soli

1771 4716 2137 4782 tribuendam,
2173 4731 2360 4771 verum
2387 4732 2454 4770 ne
2489 4715 2542 4769 in
2577 4718 2918 4787 procuranda
2954 4733 3050 4788 per
3087 4719 3344 4774 incarna-

1772 4809 1974 4864 tionem
2013 4807 2174 4863 Verbi
2227 4808 2404 4862 salute
2449 4817 2664 4874 nostra,
2715 4809 2768 4861 in
2801 4809 2948 4862 illam
2993 4808 3348 4865 incurramus.

117 4907 428 4977 πασχούσης,
459 4908 546 4960 ἵνα
582 4909 639 4959 ὲν
669 4909 736 4978 τῇ
779 4905 990 4977 θεότητι
1029 4903 1250 4975 λογισθῇ
1293 4905 1358 4974 τῇ
1399 4901 1534 4974 ἁγία
1563 4901 1658 4954 τοῦ

1775 4901 2064 4970 Scriptura
2089 4901 2420 4956 sententiam
2461 4919 2474 4954 :
2511 4899 2825 4954 Maledicta:
2855 4899 3045 4963 omnis,
3078 4901 3169 4970 qui
3196 4915 3344 4970 spem

115 4995 228 5051 Θεοῦ
261 5001 557 5072 Ἐκκλησία
597 4999 698 5054 τοῦ
749 4999 956 5062 πάθους
985 5001 1018 5069 ἠ
1056 4997 1318 5070 σωτηρία.
1378 4996 1539 5050 Ἀλλά
1561 4995 1660 5049 πά·

114 5089 181 5142 λιν
214 5093 282 5164 μὴ
311 5093 534 5165 λεξίθηρ
567 5091 642 5146 ὢν
668 5111 752 5156 τις
777 5092 968 5146 ἑαυτὸν
998 5089 1202 5163 θελήσῃ
1233 5088 1431 5159 μᾶλλον
1463 5088 1654 5142 συλλο-

1762 4991 1912 5046 habet
1931 4993 1984 5046 in
2001 4992 2263 5045 homine".
2291 4989 2592 5060 Propterea
2625 4989 3069 5044 divinitatietiam
3099 4991 3336 5060 imputa-

1769 5096 1896 5150 tur,
1941 5099 2066 5138 cum
2105 5083 2240 5138 nihil
2281 5083 2396 5153 ipsa
2437 5097 2532 5151 per
2561 5096 2682 5136 sese
2705 5083 2964 5151 patiatur,
3017 5088 3076 5134 ut
3115 5081 3336 5136 humani

117 5176 366 5245 τίσασθαι,
411 5182 446 5252 ἣ
467 5184 483 5214 ι
532 5183 660 5253 περὶ
693 5181 754 5236 τὸ
787 5183 1017 5250 αἴνιγμα
1045 5180 1140 5233 τοῦ
1175 5179 1539 5250 ὁμοιώματος.
1579 5179 1654 5232 Οὐ

1775 5175 1974 5244 generis
2000 5174 2148 5228 salus
2183 5189 2278 5243 per
2307 5171 2510 5226 Christi
2543 5171 2856 5241 passionem
2896 5171 3168 5242 acquisita
3197 5185 3228 5224 a
3259 5185 3346 5226 sa-

117 5263 206 5336 Tip
234 5269 380 5322 πᾶσα
408 5270 692 5342 παραϐολὴ
731 5273 789 5324 ὲν
819 5273 884 5342 τῇ
923 5271 1114 5340 Γραφῇ
1149 5269 1244 5340 ὅλῃ
1285 5269 1620 5339 λαμϐάνεται
1641 5308 1656 5330 ,

117 5355 179 5417 ὡς
199 5358 272 5422 τὸ,
303 5361 578 5430 Σκύμνος
603 5362 850 5428 λέοντος
884 5361 1090 5424 Ἰούδα,
1113 5359 1200 5414 διὰ
1226 5361 1286 5414 τὸ
1315 5362 1662 5432 ἰσχυρότερον

115 5445 192 5499 τοῦ
223 5447 357 5514 ζώου
389 5453 486 5505 καὶ
509 5453 954 5523 βασιλικώτατον,
980 5452 1095 5505 ἀλλ’
1119 5453 1237 5522 οὐχὶ
1258 5453 1344 5506 διὰ
1373 5452 1433 5505 τὸ
1458 5451 1655 5520 ἄλογον

118 5540 196 5592 καὶ
217 5543 567 5614 ἀρπακτικόν.
595 5547 750 5601 Οὕτω
785 5547 877 5601 καὶ
908 5547 1002 5599 ἐπὶ
1029 5546 1122 5600 τοῦ
1163 5547 1402 5616 ίματίου,
1440 5545 1540 5599 οὐκ
1567 5547 1658 5598 ὲν-

115 5625 374 5702 ευομὲνου,
397 5637 492 5690 καὶ
523 5637 868 5709 ἑκὸυομένου’
903 5638 1016 5692 ἀλλ’
1049 5636 1194 5703 ἅπαξ
1231 5637 1374 5691 κατὰ
1409 5636 1469 5690 τὸ
1503 5639 1658 5708 εἰρη-

1763 5277 2050 5322 crosancta
2079 5267 2168 5321 Dei
2209 5265 2452 5321 Ecclesia
2486 5264 2758 5318 divinitati
2793 5279 3012 5336 quoque
3043 5265 3334 5318 tribuatur.

1763 5355 1969 5414 Vereor
1997 5375 2063 5412 ne
2093 5358 2217 5428 quis
2261 5373 2328 5412 et
2361 5357 2472 5411 illis
2503 5371 2700 5410 vocum
2737 5357 3118 5426 captatoribus
3161 5355 3340 5410 subti-

1763 5454 1884 5507 liori
1936 5452 2354 5507 ratiocinatione
2399 5449 2756 5519 semetipsum
2820 5450 3102 5520 implicare
3163 5449 3336 5510 malit,

1764 5559 1925 5614 quam
1953 5544 2169 5597 allatam
2195 5559 2226 5596 a
2265 5542 2428 5597 nobis
2467 5541 2882 5598 similitudinem
2926 5548 3086 5596 caute
3115 5555 3182 5595 ac
3209 5555 3340 5610 prn-

1765 5637 1954 5691 dentcr
1983 5636 2252 5705 accipere.
2287 5631 2470 5704 Neque
2503 5632 2648 5687 enim
2692 5633 2802 5688 ulla
2834 5632 3010 5690 sacris
3034 5633 3087 5687 in
3113 5631 3342 5688 Litteris

174 5793 190 5822 ί
220 5791 438 5852 Mutilus
465 5797 632 5854 locus.
709 5801 727 5830 ²
759 5797 776 5852 l
809 5797 948 5855 [‘ctr.
996 5815 1071 5864 nt,
1108 5799 1190 5852 -l8.
1268 5797 1286 5830 ³
1316 5793 1335 5849 ι
1371 5795 1509 5852 Pctr.
1549 5812 1621 5862 tv,

1789 5795 1810 5826 δ
1841 5793 2052 5852 Coloss.
2078 5811 2138 5861 ιι,
2175 5793 2258 5850 Η.
2341 5795 2361 5827 ³
2397 5789 2507 5847 Jer.
2551 5808 2682 5861 xvn,
2717 5793 2769 5848 5.
