3838 6308
459 406 561 466 691

1871 407 1927 461 S.
1972 403 2305 459 EPIPHANII

3604 394 3712 449 69?.

464 524 773 580 similitudo
826 530 949 595 tota
981 538 1043 578 ac
1105 524 1322 594 penitus
1364 534 1680 595 usurpatur,
1721 526 1867 579 velut
1909 540 2033 579 cum

2162 524 2319 577 ιένονο
2353 523 2727 590 Εὑπρέπειαν
2757 522 3108 576 ἐνεδύσατο*
3152 520 3211 573 τὸ
3247 519 3303 572 δὲ
3334 516 3585 588 δεύτερον
3621 516 3715 567 ἑγ-

462 619 669 673 dicitur
706 636 720 672 :
763 591 984 673 Catulus
1018 591 1345 671 leonisJuda
1377 618 1414 674 ί.
1448 591 1641 688 ln‘quo
1707 619 2036 673 fortitudinis

465 727 532 767 ac
574 713 736 783 regite
753 711 1037 781 cujusdam
1061 713 1414 775 excellentia,
1438 728 1559 782 qua:
1587 713 1640 766 in
1670 713 1758 766 illa
1784 712 1896 767 fera
1921 728 2038 767 cer-

468 806 641 867 nitur,
694 804 881 858 habita
929 805 1070 858 ratio
1102 812 1223 865 est;
1274 819 1375 859 nec
1414 803 1546 857 illud
1585 811 1885 873 spectatum
1930 814 2035 865 est,

470 896 616 965 quod
652 894 883 951 rationis
928 911 1124 966 expers
1161 897 1232 951 sit
1277 911 1341 949 ac
1378 910 1567 965 rapax.
1600 895 1690 950 Sic
1719 905 1773 950 et
1808 896 1863 950 in
1890 905 2039 951 veste

472 987 610 1041 nihil
640 987 770 1040 illud
801 987 868 1041 ad
906 988 1172 1042 rationem
1222 997 1466 1041 nostram
1512 989 1766 1057 pertinet,
1805 987 1949 1057 quod
1985 986 2038 1041 id

468 1080 619 1134 indui
674 1078 910 1148 exuique
961 1078 1153 1132 soleat.
1205 1076 1384 1131 Semel
1434 1078 1599 1141 enim,
1666 1086 1726 1131 ut
1773 1081 2039 1148 scriptum

465 1180 570 1236 est,
616 1169 853 1224 decorem
902 1168 1112 1231 induit;
1152 1168 1347 1224 deinde
1388 1183 1517 1222 vero
1551 1169 1796 1221 virtutem
1830 1169 2037 1231 induit,

467 1277 531 1315 ac
559 1261 834 1330 prwcinxit
866 1277 918 1313 se
946 1261 986 1311 ³.
1018 1258 1076 1313 ln
1101 1275 1207 1329 quo
1230 1259 1475 1329 Apostoli
1508 1260 1600 1312 illa
1622 1274 1723 1313 vox
1744 1260 1998 1328 impletur
2024 1277 2036 1311 :

470 1351 593 1409 Non
625 1354 733 1416 iam
762 1353 986 1405 moritur
1008 1366 1026 1403 :
1062 1368 1202 1406 mors
1232 1352 1312 1405 illi
1348 1351 1494 1404 ultra
1536 1368 1639 1405 non
1668 1350 1972 1404 dominatur
1997 1351 2037 1405 ³.

468 1447 599 1514 Quae
629 1462 752 1500 cum
794 1447 870 1499 ita
918 1460 1041 1501 sese
1093 1445 1363 1511 habeant,
1398 1445 1501 1498 hoc
1554 1443 1620 1497 ad
1654 1444 1735 1498 sui
1777 1442 2043 1512 dogmatis

467 1540 833 1611 patrocinium
878 1538 1077 1593 fratres
1116 1538 1292 1592 nostri
1336 1536 1622 1607 proferunt
1659 1555 1672 1591 :
1710 1533 1823 1589 Nos
1869 1544 2044 1588 autem

467 1644 688 1688 mentem
743 1630 943 1688 Christi
1001 1632 1247 1687 habemus
1280 1635 1320 1686 ⁸.
1366 1631 1483 1696 Quo
1536 1644 1602 1684 ex
1662 1628 1875 1682 illorum
1929 1641 2043 1679 ser-

468 1739 650 1787 mone,
692 1738 853 1793 quem
890 1724 942 1777 in
978 1739 1043 1780 eo
1078 1731 1403 1793 argumento
1436 1729 1737 1789 usurpant,
1776 1717 2045 1786 suspicari

466 1816 613 1879 licet.
632 1816 857 1871 alteram
888 1815 1011 1870 illos
1039 1814 1245 1870 Christi
1264 1820 1497 1867 mentem
1516 1824 1761 1866 asserere
1784 1807 2039 1862 voluisse.

2140 616 2396 670 εδύσατο
2426 616 2701 684 δύναμιν,
2730 616 2829 668 καὶ
2853 614 3181 674 διεζώσατο·
3209 611 3594 683 πληρουμένης
3622 609 3715 659 ἐπὶ

2144 708 2319 779 τούτῳ
2370 709 2463 761 τοῦ
2516 710 2819 777 ἀγιωτὰτου
2878 707 3197 760 Ἀποστόλου
3241 706 3340 775 τῆς
3383 703 3591 773 φωνῆς,
3633 701 3711 753 τό⁴

2145 801 2356 855 οὐκέτι
2393 799 2784 866 ἀποθνήσκει,
2834 800 3088 865 θάνατος
3137 796 3325 852 αὐτοῦ
3369 795 3568 848 οὐκέτι
3610 811 3711 846 κυ-

2135 893 2342 959 ριεύει.
2376 891 2568 943 Τοίνυν
2605 890 2809 943 τούτων
2843 890 3012 954 οὑτως
3052 889 3307 959 ἐχόντων,
3354 886 3637 956 βούλονται
3668 884 3716 935 οἱ

2146 981 2365 1050 ἀδελφοὶ
2389 984 2419 1052 ἡ
2430 981 2546 1052 μῶν
2570 984 2649 1044 εἰς
2670 983 3013 1052 παράστασιν
3036 982 3165 1050 ἡμῖν
3186 978 3393 1049 φέρειν,
3417 976 3496 1027 ὅτι
3528 974 3716 1041 Ἡμεῖς

2146 1070 2215 1123 δὲ
2240 1071 2391 1124 γοῦν
2414 1069 2671 1138 Χριστοῦ
2698 1071 2935 1140 ἔχομεν.
2966 1068 3122 1122 Κατὰ
3148 1069 3203 1122 δὲ
3226 1068 3314 1120 τὸν
3337 1066 3491 1133 λόγον
3512 1064 3715 1125 αὐτῶν,

2140 1164 2232 1216 τὸν
2260 1165 2353 1217 ἐπὶ
2381 1166 2447 1234 τῇ
2483 1163 2685 1236 θεωρίᾳ
2722 1165 2894 1237 ταύτῃ
2935 1161 3294 1235 φραζόμενον,
3346 1162 3427 1222 εἰς
3464 1159 3717 1210 ὑπόνοιαν

2145 1256 2295 1325 ἡμᾶς
2322 1254 2567 1325 φέρουσι,
2607 1255 2679 1326 μὴ
2706 1256 2845 1325 τάχα
2880 1256 3197 1325 νενοήκασιν
3225 1253 3299 1316 ὡς
3335 1251 3431 1304 τοῦ
3464 1250 3558 1303 νοῦ
3602 1249 3717 1301 ὲτέ-

2150 1364 2241 1416 ρου
2266 1347 2417 1410 ὄντος
2441 1346 2534 1400 τοῦ
2569 1348 2824 1416 Χριστοῦ.
2860 1348 2921 1399 El
2951 1346 3008 1400 δὲ
3030 1347 3088 1398 οὑ
3123 1345 3427 1413 λογίζονται
3459 1342 3621 1405 ἐκτὸς
3647 1335 3721 1393 εῖ-

2151 1459 2238 1494 ναι
2278 1440 2373 1511 τὴν
2414 1439 2644 1511 θεότητα
2670 1441 2766 1510 τῆς
2802 1439 3282 1509 ὲνανθρωπήσεως,
3320 1436 3457 1490 ἀλλὰ
3493 1437 3622 1506 μίαν
3648 1430 3721 1486 εἷ-

2140 1550 2233 1585 ναι
2261 1532 2358 1603 τὴν
2392 1532 2721 1603 οἰκονομίαν,
2752 1533 2805 1585 τί
2844 1534 2949 1604 ἄρα
2988 1532 3140 1586 ἔσται
3174 1530 3569 1603 περισσότερον
3598 1527 3719 1589 νοῦς

2147 1621 2383 1693 Χριστοῦ
2416 1625 2443 1676 6
2472 1623 2789 1694 λεγόμενος;
2839 1624 2931 1695 Μὴ
2964 1623 3073 1694 ἄρα
3115 1622 3237 1676 καθ’
3285 1622 3476 1674 ἑαυτὸν
3516 1622 3547 1672 6
3593 1619 3723 1680 Θεὸς

2155 1715 2328 1783 Λόγος
2358 1716 2497 1779 ἐστὶ,
2537 1716 2610 1788 μὴ
2635 1717 2771 1787 ἔχων
2797 1717 2919 1770 νοῦν
2952 1716 3306 1787 ἀνθρώπινον,
3346 1715 3420 1777 ὥς
3452 1730 3640 1781 φασιν,
3666 1712 3721 1762 ἐν

2152 1811 2217 1878 τῇ
2254 1809 2501 1881 ὲνσάρκῳ
2544 1811 2852 1882 impacata;
2896 1808 3038 1861 Νοῦν
3071 1810 3126 1862 δὲ
3164 1808 3349 1877 ἓτερον
3380 1806 3495 1876 ἔχει
3524 1806 3556 1856 6
3587 1802 3720 1874 Χρι-

470 1909 576 1966 Sed
610 1909 655 1965 si
690 1909 1032 1964 divinitatem
1068 1907 1136 1962 ab
1181 1905 1559 1961 incarnatione
1601 1918 1709 1957 non
1762 1908 2037 1969 separant,

2162 1900 2271 1963 ῑτὸς
2316 1900 2465 1971 παρὰ
2510 1901 2609 1971 τὴν
2662 1901 2823 1954 αὑτοῦ
2879 1902 3176 1955 ὑπόστασιν
3211 1899 3311 1962 τῆς
3347 1898 3640 1966 θεότητος,
3689 1894 3720 1964 ἢ

469 2002 566 2059 sed
627 2003 853 2057 unicum
903 2017 967 2055 ac
1021 1999 1248 2069 simplex
1318 1995 1711 2052 incarnationis
1763 1992 2038 2062 negotium

468 2096 603 2154 illud
632 2110 756 2151 esse
804 2101 1019 2164 putant,
1065 2091 1195 2162 quid
1226 2089 1445 2144 tandem
1474 2086 1734 2143 eximium
1764 2084 1854 2137 illa
1879 2122 1893 2143 ,
1923 2097 2043 2151 qua:

2147 1991 2599 2061 καταχρηστικῶς
2625 1992 2781 2045 εἴωθε
2819 1994 2924 2045 πᾶν
2958 1992 3108 2063 ῥῆμα
3132 1991 3435 2061 ὑπέρογκον
3466 1985 3723 2054 λέγεσθαι

2150 2083 2283 2152 ⁴ἡμῖν
2315 2084 2396 2144 εἰς
2428 2084 2770 2155 παράστασιν
2798 2085 2906 2138 τῶν
2939 2088 2995 2138 ὲν
3028 2087 3160 2156 ἡμῖν
3188 2081 3623 2155 πληρουμένων;

470 2189 694 2252 dicitur,
728 2186 932 2242 Christi
976 2199 1130 2239 mens
1176 2180 1438 2237 habebit?
1486 2179 1568 2231 An
1620 2192 1715 2246 per
1762 2190 1821 2229 se
1865 2173 2043 2243 ipsum
2078 2170 2169 2225 Dei
2203 2169 2443 2228 Verbum
2473 2174 2724 2239 exsistit,
2758 2191 2858 2230 nec
2924 2176 3161 2229 humana
3205 2181 3385 2229 mente
3441 2175 3497 2225 in
3543 2173 3724 2225 incar-

471 2282 691 2338 natione
751 2277 1035 2350 prteditum
1089 2276 1206 2331 est?
1258 2288 1378 2344 quae
1429 2279 1514 2327 est
1569 2270 1785 2324 illorum
1843 2264 2044 2335 opinio.
2115 2264 2328 2334 1028
2399 2266 2481 2320 An
2535 2267 2640 2320 alia
2692 2278 2888 2337 praeter
2939 2267 3240 2322 divinitatis
3286 2266 3617 2338 hypostasin
3670 2265 3722 2316 in

474 2375 701 2431 Christo
756 2388 912 2428 mens
966 2367 1211 2426 residet?
1255 2367 1338 2419 An
1398 2364 1579 2434 potius
1627 2359 1923 2429 Scriptura:
1963 2355 2053 2409 ille
2084 2370 2203 2409 mos
2230 2366 2334 2421 est,
2368 2363 2428 2409 ut
2449 2355 2516 2411 ad
2546 2372 2611 2410 ea
2642 2371 2763 2426 qua:
2795 2357 2851 2411 in
2884 2357 3041 2414 nobis
3085 2366 3369 2428 geruntur,
3421 2357 3496 2410 ob
3539 2355 3725 2409 oculos

476 2468 732 2539 ponenda
764 2463 1152 2537 grandioribus
1182 2458 1362 2512 verbis
1392 2454 1612 2509 utatur?

550 2558 792 2615 XXXIV.
823 2557 957 2612 Nam
992 2558 1038 2611 si
1072 2570 1194 2610 vere
1226 2551 1372 2621 loqui
1414 2552 1666 2603 volumus
1691 2585 1705 2607 ,
1735 2547 1856 2615 pius
1894 2542 2053 2613 quili-

477 2658 568 2712 bet
596 2655 761 2707 vitam
800 2666 956 2706 suam
1006 2663 1113 2702 non
1145 2662 1209 2701 es
1250 2645 1489 2701 humana
1529 2647 1709 2694 mente
1764 2642 2050 2702 temperat,

476 2749 574 2806 sed
603 2764 669 2803 ex
696 2761 759 2801 ea
799 2759 922 2813 quae
949 2738 1153 2796 Christi
1190 2738 1408 2808 propria
1441 2742 1546 2799 est,
1593 2744 1820 2801 qumque
1853 2728 1919 2782 ab
1957 2741 2051 2781 eo-

476 2843 599 2897 dem
632 2836 899 2909 sapientia
922 2834 1198 2903 rcpletur,
1223 2844 1345 2899 qua:
1376 2827 1599 2882 Christo
1630 2830 1853 2894 propter
1883 2818 2047 2888 justi-

480 2935 614 2987 tiam
664 2928 1019 2991 attribuitur,
1078 2938 1198 2994 quae
1250 2937 1343 2992 per
1380 2919 1499 2974 lidei
1550 2915 1943 2987 professionem
1999 2911 2053 2963 in

478 3025 702 3079 Christo
739 3019 912 3082 vivit,
957 3031 1079 3088 quae
1112 3016 1464 3070 honestorum
1503 3024 1728 3079 operum
1777 3005 2054 3058 iunctione

479 3134 579 3187 per
628 3115 909 3171 Christum
971 3111 1203 3166 salutem
1264 3104 1593 3174 assequitur.
1646 3099 1769 3152 llaec
1821 3106 1905 3151 est
1963 3096 2051 3148 illa

479 3208 687 3263 Christi
723 3220 899 3266 mens,
942 3216 1063 3272 qua:
1097 3200 1176 3254 sic
1226 3198 1280 3252 in
1334 3195 1490 3250 nobis
1529 3193 1710 3246 inesse
1761 3196 1959 3259 potest,
1994 3195 2052 3240 ut

2226 2535 2343 2588 AA'.
2389 2536 2497 2589 Καὶ
2529 2535 2636 2607 γὰρ
2676 2535 2754 2605 τῷ
2796 2535 2895 2606 μὲν
2925 2535 3037 2588 δντι
3066 2537 3173 2598 πᾶς
3205 2535 3464 2604 θεοσεϐὴς
3495 2538 3558 2590 οὐ
3592 2539 3727 2591 κατὰ

2153 2628 2244 2681 τὸν
2288 2626 2412 2680 νοῦν
2456 2629 2548 2680 τὸν
2598 2625 2938 2699 ἀνθρώπινον
2993 2627 3352 2691 πολιτεύεται,
3399 2628 3540 2681 ἀλλὰ
3596 2630 3729 2681 κατὰ

2153 2720 2243 2771 τὸν
2276 2719 2367 2773 τοῦ
2395 2718 2651 2790 Χριστοῦ,
2695 2719 2785 2772 τὸν
2820 2719 2925 2771 ὑπὸ
2984 2718 3216 2789 Χριστοῦ
3255 2720 3636 2791 πληρούμενον
3666 2724 3726 2790 τῇ

2157 2812 2390 2873 συνέσει,
2427 2811 2519 2864 τὸν
2568 2809 2713 2863 κατὰ
2746 2811 2837 2864 τὸν
2868 2811 3101 2882 Χριστὸν
3150 2810 3498 2881 λογιζόμενον
3549 2815 3610 2865 ὲν
3657 2813 3730 2865 δι-

2160 2906 2441 2979 καιοσύνῃ,
2472 2907 2563 2959 τὸν
2597 2908 2655 2959 ὲν
2689 2906 2914 2977 Χριστῷ
2946 2905 3402 2975 πεπολιτευμένον
3438 2909 3508 2976 τῇ
3545 2906 3726 2976 ὁμαλο-

2160 2999 2275 3070 γίᾳ,
2316 2998 2406 3052 τὸν
2432 2999 2522 3052 διὰ
2550 3000 2784 3071 Χριστὸν
2813 2999 3117 3069 σωζόμενον
3143 2998 3200 3050 ὲν
3222 3001 3287 3067 τῇ
3313 2996 3726 3067 δικαιοπραγίᾳ.

2162 3090 2331 3156 Οὗτος
2363 3092 2473 3164 γάρ
2503 3094 2651 3147 ἐστιν
2684 3094 2713 3145 6
2740 3092 2865 3156 νοῦς
2902 3090 3162 3163 Χριστοῦ,
3196 3094 3223 3143 6
3256 3093 3311 3142 ὲν
3335 3092 3469 3160 ἡμῖν
3496 3090 3727 3159 δυνάμει

2158 3207 2245 3252 νος
2272 3185 2430 3254 εἶναι,
2475 3189 2569 3242 καὶ
2597 3190 2656 3241 ὲν
2690 3187 2839 3257 τόπῳ
2865 3184 3195 3257 περιεκτικῴ
3234 3184 3324 3237 τὸν
3366 3184 3609 3257 Χριστὸν
3661 3185 3727 3253 μὴ

478 3300 760 3355 Christum
792 3295 929 3352 certi
955 3295 1190 3362 alicujus
1209 3290 1311 3343 loci
1335 3287 1557 3358 regione
1582 3283 1802 3337 minime
1826 3283 2053 3333 circum-

2162 3284 2427 3352 κατέχειν.
2454 3282 2634 3353 Πάντη
2662 3281 2771 3352 γάρ
2806 3282 2949 3333 ἐστιν
2981 3280 3008 3331 6
3037 3280 3247 3349 Πατὴρ,
3279 3279 3371 3331 καὶ
3398 3281 3425 3331 6
3460 3278 3616 3341 Υἱὸς,
3646 3277 3730 3329 καὶ

480 3393 708 3452 scribat.
732 3390 866 3444 Nam
896 3388 1100 3457 ubique
1132 3392 1260 3440 sunt
1290 3382 1468 3444 Pater,
1494 3387 1547 3433 et
1572 3377 1762 3437 Filius,
1797 3382 1850 3428 et
1878 3373 2053 3442 Spiri-

479 3500 573 3545 tus
595 3492 841 3547 sanctus,
870 3490 923 3539 et
959 3480 1192 3552 spiritali
1226 3475 1463 3548 quodam
1504 3471 1667 3526 modo
1708 3471 1760 3523 in
1786 3468 1941 3522 nobis
1960 3481 2057 3520 ex—

482 3584 709 3646 sistunt,
754 3579 800 3634 si
823 3578 930 3633 illis
954 3591 1076 3632 esse
1100 3573 1250 3645 digni
1280 3572 1529 3625 velimus.
1573 3566 1755 3636 Neque
1781 3579 1906 3618 vero
1937 3563 2056 3615 loco

481 3674 596 3727 ullo
642 3671 726 3726 vel
768 3670 888 3738 ipse
938 3665 1305 3723 concluditur,
1369 3660 1451 3713 vel
1510 3658 1683 3727 ipsius
1733 3655 1913 3717 Pater,
1965 3660 2058 3705 aut

486 3764 726 3834 Spiritus
754 3771 1002 3822 sanctus,
1040 3757 1132 3811 sed
1168 3763 1385 3825 propter
1415 3750 1716 3806 divinitatis
1759 3748 1931 3817 ipsius
1962 3761 2059 3815 po-

482 3856 711 3910 tentiam
755 3853 810 3905 in
865 3848 1122 3904 omnibus
1170 3844 1427 3907 exsistit;
1481 3853 1656 3909 neque
1698 3845 1879 3890 tamen
1933 3847 2055 3887 cum

485 3945 596 4001 ulla
646 3944 908 3998 miscetur
934 3982 949 4005 ,
984 3940 1131 4009 quod
1176 3945 1231 3991 et
1271 3935 1417 3989 illius
1457 3930 1761 3987 substantia
1813 3941 2057 3981 commu-

484 4037 704 4091 nionem
731 4048 947 4087 omnem
990 4046 1053 4085 ac
1112 4028 1574 4098 comparationem
1601 4031 1839 4091 superet,
1868 4028 1921 4074 et
1948 4019 2059 4072 sin-

490 4144 619 4184 cera
669 4128 741 4183 sit
787 4134 951 4194 atque
997 4123 1145 4177 omni
1197 4121 1371 4189 major
1406 4115 1896 4187 comprehensione
1925 4112 2061 4167 divi-

485 4220 792 4277 nitas.Cum
811 4226 991 4272 autem
1008 4216 1141 4270 dicit
1156 4213 1449 4284 Apostolus
1466 4229 1479 4264 :
1499 4209 1611 4263 Nos
1628 4207 1826 4263 Christi
1842 4212 2060 4259 mentem

493 4314 778 4373 habemus,
831 4310 961 4379 quid
1028 4306 1243 4362 tandem
1280 4300 1747 4360 existimabimus?
1784 4297 1921 4351 Num
1973 4297 2062 4349 ille

486 4404 801 4476 propriam,
834 4403 938 4455 hoc
983 4408 1066 4455 est
1113 4400 1403 4453 humanam
1454 4404 1687 4449 mentem
1731 4389 1953 4445 habuit?
1981 4390 2060 4441 An

488 4498 694 4552 Christi
743 4504 979 4555 mentem
1040 4494 1092 4546 in
1149 4508 1269 4547 sese
1311 4490 1529 4550 ferens,
1571 4486 1772 4541 amissa
1821 4484 2058 4553 propria.

488 4591 610 4660 ejus
643 4589 790 4642 illam
831 4589 950 4641 loco
988 4586 1295 4640 obtinuisse
1330 4581 1605 4651 putandus
1640 4578 1763 4633 est?
1798 4576 1917 4630 Non
1949 4576 2058 4645 opi-

490 4696 633 4743 nor;
682 4693 781 4731 nec
806 4688 889 4731 est
928 4679 1246 4745 quisquam,
1279 4673 1372 4742 qui
1416 4672 1527 4724 hinc
1569 4669 1788 4731 audiat,
1830 4667 1923 4736 qui
1956 4682 2063 4719 non

490 4772 824 4844 peculiarem
871 4771 945 4823 illi
1001 4769 1170 4822 fuisse
1224 4773 1456 4819 mentem
1513 4762 1828 4822 arbitretur,
1872 4767 2067 4829 praiter

491 4880 655 4934 quam
688 4863 893 4917 Christi
926 4875 1144 4929 quoque
1187 4867 1368 4911 mente
1406 4856 1727 4923 repleretur,
1763 4852 1855 4921 qui
1889 4866 1948 4903 se
1986 4866 2069 4903 re-

491 4950 730 5025 ligionis,
769 4954 1011 5009 scienti-te
1066 4967 1127 5005 ac
1158 4950 1354 5003 divina:
1424 4946 1708 5015 cujusdam
1748 4955 1801 4998 ct
1831 4943 2070 4999 cmlestis

490 5051 618 5103 vitae
648 5046 988 5103 ornamentis
1030 5045 1284 5096 alliceret.
1320 5040 1665 5109 Quapropter
1691 5037 1757 5099 si,
1797 5052 1918 5089 cum
1948 5050 2071 5102 pro-

490 5143 667 5211 priam
715 5141 961 5199 haberet,
993 5136 1196 5191 Christi
1246 5135 1468 5203 insuper
1515 5132 1603 5185 ille
1637 5137 1877 5184 mentem
1918 5143 2069 5181 com-

495 5238 688 5305 plexus
731 5243 836 5293 est,
876 5245 1224 5301 consequens
1257 5239 1359 5286 est.
1395 5226 1673 5279 Christum
1720 5226 1897 5293 ipsum
1936 5220 2069 5276 Ver-

495 5330 624 5383 bum
652 5336 888 5379 mentem
913 5336 1035 5378 esse
1060 5364 1074 5385 .
1107 5322 1151 5376 si
1182 5320 1400 5391 quidem
1439 5319 1512 5372 ita
1536 5318 1681 5387 loqui
1709 5318 1855 5370 licet.
1889 5315 2071 5381 Quan-

496 5419 790 5491 doquidem
838 5418 1115 5472 nonnullis
1162 5417 1339 5470 visum
1386 5421 1469 5469 est
1517 5421 1749 5466 mentem
1798 5410 2069 5479 appellare

500 5513 687 5569 Deum.
729 5510 842 5579 Ego
884 5526 1015 5565 vero
1048 5516 1283 5562 mentem
1313 5515 1554 5559 nostram
1604 5504 1920 5573 hypostasin
1950 5517 2072 5556 esse

500 5624 605 5671 non
627 5607 885 5668 arbitror,
902 5620 1077 5672 neque
1097 5619 1160 5654 ex
1185 5599 1441 5653 Ecclesiae
1461 5598 1582 5651 ﬁliis
1604 5599 1742 5651 alius
1759 5598 2069 5665 quisquam,

501 5697 596 5759 sed
659 5695 1005 5749 ellicicntiam
1056 5692 1371 5762 quamdam,
1425 5706 1543 5758 quae
1580 5689 1631 5741 in
1684 5687 1843 5741 nobis
1889 5700 1916 5737 a
1964 5684 2074 5736 Deo

581 5858 593 5893 ³
636 5850 763 5909 (ἶνιι
813 5866 955 5916 uix,
986 5850 1037 5904 9.
1115 5850 1132 5879 ²
1162 5846 1305 5901 Psal.
1340 5860 1464 5911 xcu,
1506 5848 1551 5899 1.
1632 5846 1649 5879 ³
1678 5843 1833 5900 Rom.
1862 5860 1932 5909 vr,
1960 5841 2011 5895 9.

2093 5844 2107 5873 "
2142 5841 2160 5895 l
2190 5842 2312 5897 Cor.
2348 5858 2405 5905 ll,
2446 5839 2526 5896 lii.

2164 3376 2318 3444 ἆγιον
2352 3374 2596 3445 Πνεῦμα,
2633 3376 2727 3427 καὶ
2768 3377 2824 3427 ὲν
2868 3375 2996 3443 ἡμῖν
3037 3372 3269 3442 ὑπάρχει
3319 3370 3728 3441 πνευματικῶς,

2165 3469 2259 3521 ἐὰν
2283 3466 2448 3520 αὑτοῦ
2474 3466 2610 3531 ἄξιοι
2643 3466 2944 3537 γενώμεθα’
2987 3464 3046 3518 οῦ
3079 3482 3224 3528 τινος
3260 3466 3427 3518 τόπου
3459 3464 3730 3536 περικλεί-

2165 3576 2319 3622 οντος
2348 3559 2527 3621 αὑτὸν,
2552 3559 2645 3612 καὶ
2675 3559 2765 3611 τὸν
2791 3558 2954 3613 αὑτοῦ
2981 3558 3221 3627 Πατέρα,
3256 3559 3349 3610 καὶ
3376 3557 3437 3610 τὸ
3461 3557 3619 3626 ἅγιον
3644 3557 3730 3610 αὑ-

2164 3650 2259 3705 τοῦ
2304 3650 2549 3721 Πνεῦμαο
2585 3653 2651 3722 τῇ
2695 3651 2751 3704 δὲ
2793 3651 3017 3721 δυνάμει
3055 3651 3157 3720 τῆς
3187 3649 3349 3703 αὑτοῦ
3390 3649 3647 3720 θεότητος
3680 3652 3729 3700 ἐν

2167 3742 2336 3796 ἆπασι
2370 3741 2652 3809 τυγχάνων
2695 3742 2831 3805 ἐστὶ,
2874 3741 2968 3793 καὶ
2997 3740 3204 3812 ἀμιγὴς
3232 3740 3451 3793 πάντων
3480 3742 3623 3801 ἐστὶ,
3649 3740 3730 3793 διὰ

2166 3832 2266 3902 τὴν
2283 3832 2443 3885 αὑτοῦ
2468 3832 2940 3902 ἁσυγκοινὼνητόν
2964 3850 3021 3885 τε
3050 3833 3143 3885 καὶ
3169 3832 3501 3903 ἀσύγκριτον
3530 3832 3726 3894 οὐσίαν,

2174 3925 2265 3978 καὶ
2309 3926 2581 3997 ἀκραιφνῆ
2629 3926 2721 3978 καὶ
2764 3925 3142 3995 ἀκατάληπτον
3180 3924 3424 3993 θεότητα.
3494 3925 3661 3978 ’Ὀταν
3691 3924 3727 3975 δ’

2167 4022 2295 4094 εἴπῃ
2342 4023 2369 4073 6
2413 4019 2749 4081 ’Λπόστολος·
2793 4018 2980 4086 Ἡμεῖς
3020 4016 3088 4070 δὲ
3116 4016 3264 4069 νοῦν
3301 4015 3563 4084 Χριστοῦ
3604 4016 3728 4083 ἐχορ

2162 4130 2295 4183 μεν·
2327 4109 2437 4185 ἆρὰ
2468 4129 2531 4180 γε
2566 4112 2618 4164 τί
2665 4110 3021 4181 λογισόμεθα;
3058 4106 3185 4178 Εἶχε
3214 4109 3304 4161 τὸν
3348 4109 3481 4161 ἴδιον
3528 4107 3726 4177 ἀνθρὼο
3770 4126 3777 4135 ·

2171 4222 2353 4268 πινον;
2388 4205 2458 4257 ’Ἡ
2487 4203 2579 4255 τοῦ
2616 4202 2848 4273 Χριστοῦ
2893 4200 3296 4271 ἐμφορούμενος
3328 4198 3475 4263 νοῦν,
3518 4198 3607 4251 τὸν
3642 4197 3728 4267 μὲν

2171 4297 2302 4349 ἴδιον
2354 4294 2709 4357 ἀπεϐάλλετο,
2756 4293 2880 4347 νοῦν
2924 4293 2979 4345 δὲ
3026 4291 3261 4362 Χριστοῦ
3299 4287 3444 4360 εἶχεν
3480 4292 3602 4345 ἀντὶ
3644 4288 3726 4340 τοῦ

2175 4390 2338 4451 ίδὶου;
2370 4389 2445 4440 Οὐ
2473 4388 2705 4449 πάντως.
2744 4384 3198 4455 Συνομολογήσειε
3228 4382 3335 4453 γὰρ
3368 4384 3598 4444 Exacto;
3634 4381 3729 4433 τῶν

2175 4480 2500 4541 ἀκουόντων,
2537 4480 2619 4531 ὅτι
2660 4478 2750 4531 τὸν
2794 4477 2891 4547 μὲν
2928 4474 3054 4528 ἴδιον
3092 4471 3225 4544 εἶχε,
3270 4474 3360 4526 τοῦ
3403 4492 3461 4526 τε
3506 4471 3727 4545 Χριστοῦ

2175 4574 2503 4643 ἐνεφορεῖτο,
2539 4570 2630 4623 τοῦ
2664 4570 3035 4639 κοσμήσαντος
3064 4567 3222 4619 αὑτὸν
3253 4567 3392 4619 κατὰ
3428 4566 3528 4637 τὴν
3562 4566 3729 4619 θεοσέ-

2180 4668 2335 4720 ϐειαν
2357 4666 2450 4717 καὶ
2473 4663 2693 4731 γνῶσιν,
2721 4664 2813 4715 καὶ
2841 4661 2975 4714 Θεοῦ
3012 4661 3286 4713 πολιτείαν
3315 4661 3652 4730 ἐπουράνιον.
3677 4659 3731 4709 Ei

2178 4756 2376 4817 τοίνυν,
2404 4756 2493 4808 τὸν
2518 4755 2646 4808 ίδιον
2671 4755 2808 4824 ἔχων
2839 4753 2982 4814 νοῦν,
3008 4752 3242 4823 Χριστοῦ
3273 4752 3579 4821 ἐνεφορεῖτο
3599 4748 3729 4811 νοῦν,

2173 4853 2281 4922 ἄρα
2320 4867 2384 4918 γε
2432 4851 2526 4903 καὶ
2568 4848 2804 4918 Χριστὸς
2844 4848 3003 4909 αὐτὸς
3040 4850 3067 4899 ὀ
3115 4845 3285 4913 Λόγος
3330 4844 3451 4906 νοῦς
3487 4840 3573 4914 ἦν’
3605 4844 3725 4908 εἴγε

2174 4947 2346 5009 οὕτως
2369 4946 2432 5015 δὴ
2454 4945 2650 5012 λέγειν·
2677 4944 2861 5013 ἐπειδή
2884 4958 2993 4994 τισι
3017 4940 3171 4993 τοῦτο
3198 4938 3363 5002 ἔδειξε
3382 4940 3401 4968 ⁸
3419 4938 3543 4991 νοῦν
3562 4937 3728 4990 καλεῖν

2180 5038 2333 5091 Θεόν.
2380 5035 2524 5105 Ἐγὼ
2553 5037 2609 5089 δὲ
2639 5036 2729 5087 τὸν
2758 5034 2882 5087 νοῦν
2911 5033 2998 5085 τὸν
3028 5032 3290 5102 ἡμέτερον
3322 5031 3418 5099 οὑχ
3449 5031 3729 5083 ὑπόστασιν

2176 5131 2436 5200 ἠγοῦμαι,
2491 5128 2610 5181 οῦδέ
2664 5144 2745 5189 τις
2792 5125 2899 5178 τῶν
2943 5124 3071 5176 υἱῶν
3111 5124 3212 5192 τῆς
3248 5122 3591 5192 Ἐκκλησίας,
3627 5116 3725 5170 ἀλλ’

2176 5223 2455 5293 ἐνέργειάν
2483 5238 2601 5272 τινα
2629 5221 2692 5271 ὲκ
2711 5217 2843 5270 Θεοῦ
2867 5218 2925 5268 ἐν
2946 5219 3077 5286 ἡμῖν
3101 5214 3387 5283 δεδομένην
3442 5214 3532 5266 καὶ
3557 5207 3722 5263 οὖσαν.

2178 5314 2281 5366 Τὸν
2316 5313 2373 5365 δὲ
2402 5311 2635 5379 Χριστὸν
2670 5308 2966 5361 ὑπόστασιν
2998 5305 3160 5374 λέγω,
3195 5303 3270 5366 ὡς
3302 5304 3395 5355 καὶ
3423 5302 3615 5362 πάντες
3644 5315 3723 5348 πι-

2182 5408 2297 5458 στοὶ
2320 5403 2660 5475 ὁμολογοῦσι,
2694 5401 2789 5454 καὶ
2810 5400 2941 5452 Θεὸν
2973 5396 3238 5468 ὁμολογῶ,
3270 5398 3362 5449 καὶ
3394 5397 3520 5448 ὅντα
3542 5392 3725 5462 Κύριον

2178 5504 2241 5552 ἐκ
2262 5499 2475 5569 Πατρδς
2497 5497 2915 5566 γεγεννημένον,
2943 5493 3147 5545 τέλειον
3173 5491 3239 5542 ἐκ
3269 5487 3494 5548 τελείου,
3518 5486 3605 5539 καὶ
3626 5480 3723 5551 φῶς

2174 5593 2237 5644 ὲκ
2281 5590 2476 5658 φωτὸς,
2524 5590 2617 5641 καὶ
2651 5588 2782 5640 Θεὸν
2814 5588 2877 5639 ἐκ
2910 5584 3067 5638 Θεοῦ.
3114 5581 3250 5635 Ἀλλ’
3298 5582 3446 5649 ὅμως
3486 5579 3617 5631 κατά
3646 5573 3724 5625 τὸν

2174 5681 2353 5736 αὑτῶν
2383 5680 2560 5747 λόγον,
2604 5682 2632 5731 6
2683 5678 2758 5729 ῶν
2803 5679 2861 5730 ὲν
2906 5676 3083 5746 ἑαυτῷ
3131 5674 3272 5736 νοῦς,
3321 5671 3504 5743 ῶσπερ
3537 5671 3563 5722 6
3589 5667 3721 5736 ἅγιος

2604 5841 2622 5871 ⁵
2657 5837 2715 5892 F.
2747 5837 2909 5908 ἔδοξε.
