3790 6212
87 395 194 450 693
265 363 272 368 '
775 397 1148 456 ADVERSUS
1185 400 1525 460 IIIERESES
1561 404 1688 461 LIB.
1719 406 1807 465 Ill.
1839 408 2000 465 ΤΟΜ.
2045 409 2109 464 II.
2132 409 2490 466 —-IIAERES.
2527 410 2780 466 LXXVII.
3248 415 3372 470 σοι

97 510 426 575 Ἀπόστολος
447 509 837 587 διδάσκει-περὶ
857 515 1049 579 αὐτοῦ,
1081 519 1162 571 ὅτι
1196 519 1387 588 Ἡμεῖς
1413 519 1481 574 δὲ
1510 521 1660 576 νοῦν

1804 541 2029 581 oncessa
2077 529 2331 582 resideat.
2387 527 2660 583 Christum
2698 541 2828 580 vero
2875 525 3190 598 hypostasin
3227 541 3358 582 esse

83 603 346 669 Χριστοῦ
376 603 614 673 ἔχομεν,
645 599 808 676 εἶχεν.
825 607 987 671 αὐτὸς
1013 611 1108 662 καὶ
1135 612 1183 663 oi
1209 611 1300 664 ὑπ’
1327 611 1492 666 αὐτοῦ
1527 630 1664 685 μαρ-

1804 616 1920 678 ico,
1952 625 2086 673 utet
2116 617 2298 674 ﬁdeles
2328 633 2518 674 omnes
2547 617 2874 674 confitentur
2908 634 2922 672 :
2953 626 3008 672 et
3033 617 3200 673 Deum
3229 633 3358 674 esse

82 695 412 765 τυρούμενοι
438 697 528 750 τὸν
559 699 689 752 ίδιον
726 700 939 754 ἑαυτῶν
969 702 1111 757 νοῦν.
1155 705 1277 759 Καὶ⁸
1291 705 1454 759 πάλιν
1481 706 1667 775 ἐνεφο-

1804 709 2054 770 ινοίὶιεοτ,
2077 726 2140 764 ac
2177 709 2462 766 Dominum
2491 725 2520 764 a
2557 708 2720 765 Patre
2753 709 3016 780 genitum,
3051 709 3351 778 perfectum

88 785 290 858 ροῦντο
313 788 406 842 τοῦ
443 790 680 862 Χριστοῦ
715 791 829 854 νοῦ,
871 792 1043 858 οὕτως
1079 795 1384 870 δυναμένης
1437 798 1538 870 τῆς
1569 799 1667 871 χά-

1829 799 2096 869 perfecto,
2133 802 2314 857 lumen
2350 802 2416 858 de
2441 803 2668 867 lumine,
2699 799 2866 856 Deum
2889 801 2956 854 de
2978 799 3105 854 Deo.
3129 799 3354 854 Verum-

85 893 242 948 ριτος
261 879 426 932 αὑτοῦ
455 882 514 933 ὲν
543 882 757 946 ἑαυτοῖς
782 883 1138 940 τελειοῦσθαι.

1804 907 1956 946 amen
1992 909 2059 947 ex
2087 894 2276 948 eadem
2310 897 2522 950 ratione
2557 895 2648 950 ille
2679 895 2812 964 ipse,
2845 892 2937 964 qui
2965 893 3020 948 in
3048 908 3167 948 sese
3195 907 3354 950 mem

81 979 226 1034 erat,
273 979 332 1026 ut
352 973 419 1028 de
456 973 548 1028 illo
582 983 810 1030 sanctus
841 976 1138 1046 Apostolus
1166 979 1361 1043 docet,
1401 998 1526 1036 cum
1560 985 1677 1037 ait:
1721 981 1836 1037 Nos
1894 994 2070 1039 autem
2117 985 2316 1040 Christi
2377 995 2596 1042 utentem
2643 986 2923 1050 habemus,
2967 984 3198 1038 habebat
3243 994 3352 1038 tam

83 1063 212 1132 ipse
245 1079 410 1134 quam
447 1065 508 1128 ii,
541 1065 608 1121 de
631 1068 832 1137 quibus
873 1069 1217 1133 testificatur,
1272 1074 1549 1144 propriam
1589 1075 1697 1130 sibi
1759 1085 2020 1132 mentem.
2083 1078 2297 1150 1029
2349 1079 2426 1133 Ac
2479 1094 2696 1136 rursum
2737 1077 2942 1132 Christi
3007 1093 3164 1133 meus
3225 1078 3352 1132 illos

83 1154 372 1226 implebat,
441 1173 563 1211 cum
591 1158 692 1212 hoc
728 1159 889 1214 modo
922 1161 1070 1216 illius
1101 1163 1156 1216 in
1193 1163 1328 1233 ipsis
1359 1167 1534 1234 gratia
1560 1167 1748 1238 perlici
1771 1177 1972 1240 posset.

155 1247 284 1302 AE’.
331 1249 470 1322 'Apa
500 1245 593 1303 οὖν
622 1251 772 1305 οὐδὲν
806 1252 992 1307 διοίσει
1019 1255 1126 1308 ἀπὸ
1165 1255 1260 1310 τοῦ
1302 1258 1670 1331 κατάντικρυς

83 1339 440 1410 όμοιώματος
459 1341 522 1394 τὸ
548 1341 642 1394 καὶ
669 1343 761 1394 ἐπὶ
789 1343 1025 1415 Χριστοῦ
1053 1344 1212 1399 τοῦτο
1241 1345 1563 1418 λαμϐάνειν,
1587 1349 1670 1402 ὅτι

83 1431 330 1501 Χριστὸς
357 1431 432 1486 ὢν
474 1434 532 1486 ἐν
565 1433 744 1504 ἐαυτῷ
775 1433 928 1498 Θεὸς,
976 1437 1026 1490 εἰ
1065 1437 1160 1490 καὶ
1199 1442 1413 1510 μετεῖχε
1445 1439 1534 1493 νοῦ
1578 1441 1673 1494 ἀν-

84 1521 393 1592 θρωπίνου,
432 1521 506 1586 ὠς
540 1523 636 1576 καὶ
667 1524 869 1595 σαρκὸς
905 1525 1138 1596 μετέσχε
1163 1527 1258 1581 καὶ
1296 1529 1548 1601 αἵματος,
1577 1530 1672 1584 καὶ

81 1613 270 1686 ψυχὴν
296 1611 408 1686 εἶχε
433 1613 531 1686 τὴν
561 1615 931 1688 ἀνθρωπείαν,
959 1618 1020 1671 οὐ
1052 1617 1267 1684 πάντως
1295 1621 1403 1673 ἀπὸ
1428 1619 1522 1674 τοῦ
1553 1622 1671 1685 νοὸς

83 1707 536 1778 ᾐχμαλωτεύετο.
589 1711 652 1763 Εἰ
681 1710 789 1781 γὰρ
817 1713 846 1765 ό
879 1713 1018 1766 κατά
1050 1713 1210 1782 φύσιν
1248 1713 1378 1767 ἴδιον
1419 1713 1542 1768 νοῦν
1576 1729 1669 1768 κε-

1843 1258 2063 1316 Χχχν.
2105 1259 2248 1315 Nihil
2297 1262 2458 1330 igitur
2519 1277 2547 1314 a
2603 1261 2880 1331 proposita
2931 1262 3350 1318 similitudinum

1772 1351 2052 1417 abhorret,
2085 1353 2225 1407 idem
2263 1362 2321 1408 ut
2353 1354 2419 1408 ad
2455 1353 2733 1408 Christum
2767 1353 3166 1409 transferamus
3195 1369 3354 1409 eum-

1773 1458 1878 1513 que
1900 1449 2228 1505 Statuamus,
2278 1457 2400 1496 cum
2455 1441 2508 1495 in
2566 1456 2687 1496 sese
2725 1439 2868 1494 Deus
2904 1449 3084 1506 esset,
3133 1441 3354 1495 tametsi

1773 1533 1976 1588 mentis
2035 1540 2182 1588 esset
2237 1533 2488 1587 humanae
2540 1531 2841 1602 particeps,
2892 1531 3352 1600 quemadmodum

1774 1627 1954 1682 carnis
2007 1641 2071 1680 ac
2128 1627 2410 1696 sanguinis
2471 1625 2592 1684 fuit.
2643 1633 2698 1680 et
2773 1625 3066 1678 humanam
3125 1624 3346 1680 haberet

1777 1717 2040 1781 animam,
2079 1719 2230 1772 nullo
2268 1727 2448 1772 tamen
2477 1718 2640 1772 modo
2680 1717 2748 1772 ab
2777 1732 2840 1772 ea
2871 1728 3050 1772 mente
3081 1715 3134 1770 in
3175 1717 3353 1786 capti-

84 1799 366 1871 κτημένος
410 1801 731 1866 Ἀπόστολος
776 1803 867 1856 τὸν
915 1803 1278 1876 ἀνθρώπινον,
1331 1807 1426 1859 καὶ
1469 1806 1562 1860 τὸν
1607 1809 1671 1860 ὲκ

1804 1810 2022 1874 νίιοιοιιι,
2084 1819 2145 1864 ιιι
2195 1810 2270 1863 ita
2324 1811 2525 1870 dicam,
2570 1824 2634 1864 ac
2687 1809 3008 1866 servitutem
3047 1809 3350 1864 redactum.

87 1893 448 1964 συμμετοχῆς
495 1893 722 1967 δωρεᾶς,
771 1896 866 1948 καὶ
910 1897 1272 1969 χαρίσματος,
1322 1900 1416 1952 καὶ
1454 1899 1673 1970 χάριτος

83 1985 280 2040 οὐκέτι
305 1989 448 2040 κατά
468 1988 557 2040 τὸν
579 1987 703 2042 νοῦν
723 1989 812 2042 τὸν
831 1989 960 2044 ἴδιον
986 1991 1344 2058 ἐπολιτεύετο,
1374 1993 1485 2046 ἀλλ’
1513 1995 1676 2064 ὑπερ-

85 2079 358 2152 ϐαινούσῃ
383 2081 490 2134 τινὶ
517 2079 734 2150 φύσεως
762 2083 953 2154 ἀγωγῇ
985 2083 1062 2154 τῷ
1083 2083 1320 2158 Χριστοῦ
1352 2085 1426 2156 νῷ
1456 2103 1674 2140 κατεκο-

87 2175 308 2242 σμεῖτο·
342 2173 493 2242 πόσῳ
521 2190 584 2242 γε
620 2173 819 2244 μᾶλλον
843 2175 871 2226 ό
899 2173 1031 2237 Θεὸς
1052 2175 1225 2244 Λόγος
1255 2177 1313 2228 ὲν
1341 2175 1518 2247 ἐαυτῷ
1537 2176 1675 2247 ἔχων

85 2265 192 2336 τὴν
219 2267 404 2319 πᾶσαν
433 2263 745 2336 τελειότητα
778 2266 1117 2330 αύτοτέλειος
1156 2265 1253 2332 ὢν,
1298 2267 1554 2333 αὑτόθεος
1577 2269 1673 2335 ὢν,

85 2357 478 2428 αύτοδύναμις,
522 2355 800 2420 αύτονοῦς,
842 2357 1116 2427 αύτόφως,
1161 2358 1258 2411 καὶ
1296 2358 1390 2412 τοῦ
1426 2360 1540 2426 νοῦ,
1582 2361 1677 2414 καὶ

86 2447 300 2512 παντὸς
347 2447 596 2519 σώματος
634 2448 924 2521 πληρωτὴς
968 2449 1202 2518 ἐγένετο,
1247 2450 1446 2522 μᾶλλον
1491 2451 1546 2505 δὲ
1585 2469 1677 2505 τε·

87 2539 348 2610 λειωτὴς,
383 2541 479 2592 καὶ
505 2542 564 2594 ὲν
592 2539 763 2594 ἀπασι
805 2539 894 2594 διὰ
932 2541 1032 2612 τῆς
1075 2541 1238 2594 αὐτοῦ
1272 2543 1538 2614 ὲνσάρκου
1574 2562 1679 2598 πα-

89 2633 324 2704 ρουσίας
349 2635 482 2704 ἡμῖν
509 2631 572 2685 τὺ
592 2635 860 2704 σωτήριον
889 2633 1272 2704 ὲξειργάσατο;
1305 2637 1678 2705 Παρενεκτέον

87 2725 276 2778 τοίνυν
315 2724 406 2777 τὸν
436 2722 678 2778 τοιοῦτον
707 2724 886 2794 λόγον,
933 2725 1008 2797 μὴ
1055 2725 1246 2796 ἔχοντα
1279 2727 1514 2798 ἔμφασιν
1552 2729 1681 2801 περὶ

89 2817 190 2887 τῆς
217 2815 484 2886 τοιαύτης
513 2816 843 2880 ὑποθέσεως,
870 2819 964 2871 καὶ
989 2819 1352 2890 παρενεκτὲον
1379 2821 1440 2873 τὸ
1465 2820 1540 2892 μὴ
1561 2823 1683 2892 όμο-

87 2909 276 2978 λογείν
305 2909 486 2963 πάντα
505 2908 690 2963 τέλεια
722 2911 780 2963 ὲν
813 2910 1034 2982 Χριστῷ
1063 2913 1190 2965 ἀνευ
1222 2913 1513 2984 ἁμαρτίας.
1541 2914 1683 2967 Πάν-

89 3019 159 3056 τα
189 3001 310 3074 γὰρ
333 3001 606 3072 ἀληθινῶς
633 3003 892 3074 ἐποίησεν
923 3003 1091 3058 ἐλθὼν
1121 3007 1149 3058 ό
1180 3005 1373 3074 Λόγος,
1405 3005 1472 3060 τά
1494 3023 1686 3078 προγε-

89 3109 202 3164 γρα
209 3110 252 3162 μ
259 3092 402 3164 μένα
427 3094 555 3165 περὶ
573 3093 740 3148 αὑτοῦ
761 3093 1006 3159 τελειῶν,
1038 3096 1181 3150 κατά
1200 3097 1262 3151 τὸ
1281 3097 1681 3170 γεγραμμένον⁸

1777 1897 1913 1954 Nam
1963 1901 2008 1954 si
2042 1899 2336 1972 Apostolus
2363 1939 2378 1966 ,
2429 1901 2516 1956 cui
2555 1900 2773 1971 pr0pria
2827 1899 3076 1971 quaedam
3124 1914 3280 1954 mens
3321 1913 3354 1952 a

1777 2000 1976 2046 natura
2032 2000 2152 2046 erat
2193 1992 2382 2058 insita,
2424 1991 2660 2046 humana
2721 1991 2973 2046 videlicet
3027 2005 3090 2045 ac
3159 1999 3356 2060 praeter

1775 2084 1948 2154 ipsam
1990 2084 2116 2148 alia,
2148 2099 2310 2155 quam
2341 2100 2409 2138 ex
2439 2084 2681 2138 caelestis
2714 2083 2840 2137 doni
2875 2098 2936 2136 ac
2965 2083 3152 2152 gratia.-
3184 2083 3356 2138 bene-

1778 2176 2000 2246 ficiique
2025 2176 2451 2246 participatione
2478 2184 2752 2240 traxerat;
2789 2190 2896 2228 non
2922 2175 3034 2243 jam
3063 2173 3130 2228 ad
3145 2173 3356 2242 _mentis

1776 2283 1889 2324 suae
1934 2267 2312 2338 praescriptum
2342 2267 2511 2320 vitam
2543 2265 2815 2336 dirigebat
2838 2281 3017 2332 suam,
3051 2264 3147 2321 sed
3175 2265 3358 2320 excel-

1777 2362 1911 2418 lenti
1955 2360 2190 2431 quodam
2245 2366 2456 2415 naturae
2501 2361 2756 2414 instituto
2805 2357 3104 2428 ductuque,
3151 2355 3358 2412 Christi

1777 2461 1958 2508 mente
1989 2452 2284 2523 insignitus
2313 2459 2368 2507 et
2401 2465 2630 2506 ornatus
2655 2457 2794 2514 erat,
2818 2459 3024 2520 quanto
3055 2449 3230 2518 magis
3259 2447 3356 2502 Dei

1779 2544 2043 2610 Verbum,
2080 2545 2228 2614 quod
2261 2544 2320 2598 in-
2348 2560 2470 2599 sese
2500 2543 2890 2614 perfectionem
2933 2557 3149 2597 omnem
3177 2540 3360 2596 conti-

1779 2645 1894 2700 net,
1927 2637 2035 2691 imo
2087 2637 2203 2708 ipsa
2251 2635 2516 2706 perfectio
2563 2645 2668 2698 est,
2719 2635 2834 2705 ipse
2883 2650 2979 2705 per
3027 2648 3149 2689 sese
3191 2631 3358 2696 Deus,

1780 2731 1955 2786 virtus
2000 2731 2118 2802 ipsa
2141 2773 2157 2796 ,
2187 2745 2342 2784 mens
2389 2730 2505 2799 ipsa
2528 2769 2542 2792 ,
2575 2729 2756 2806 lume'n
2794 2728 2996 2797 ipsum,
3025 2735 3260 2780 mentem
3297 2741 3362 2778 ac

1789 2830 1962 2877 totum
1993 2837 2194 2892 corpus
2224 2822 2535 2892 complevit,
2569 2822 2650 2876 vel
2679 2819 2906 2891 perfecit
2947 2819 3150 2890 potius,
3177 2825 3231 2873 et
3261 2831 3362 2872 sua

1783 2916 1945 2970 nobis
1984 2916 2364 2972 incarnatione
2398 2914 2730 2970 cumulatam
2774 2913 2924 2968 omni
2966 2927 3032 2966 ex
3079 2918 3236 2981 parte
3272 2923 3364 2964 sa-

1785 3005 1950 3061 lutem
1989 3007 2220 3061 attulit?
2255 3005 2352 3061 Est
2385 3005 2551 3078 igitur
2582 3004 2799 3058 illorum
2836 3003 2942 3057 iste
2978 3016 3155 3057 sermo
3194 3014 3363 3070 repu-

1785 3095 2042 3158 diandus,
2077 3096 2170 3165 qui
2197 3095 2404 3150 nullam
2436 3093 2712 3164 dogmatis
2735 3091 2884 3146 illius
2911 3089 3363 3162 significationem

103 3184 256 3238 Ἰδοὺ
289 3184 332 3252 ἢ
359 3185 656 3253 παρθένος
679 3185 750 3240 ἐν
777 3188 988 3256 raa'tpl
1021 3187 1164 3254 ἔξει,
1201 3191 1295 3245 καὶ
1324 3191 1392 3245 τὰ
1438 3191 1586 3263 ἑξῆς·
1620 3194 1675 3247 ἐν

1804 3191 1953 3244 iubet
1973 3229 1987 3252 ,
2023 3188 2440 3259 cavendumque
2469 3201 2538 3242 ne
2565 3200 2676 3240 non
2703 3185 2885 3239 omnia
2915 3185 2970 3238 in
2996 3182 3215 3239 Christo
3243 3195 3365 3252 per-

91 3275 333 3347 ἀληθείᾳ
365 3276 782 3349 ὲγκυμονηθεὶς,
819 3280 914 3334 καὶ
941 3281 1040 3334 οὐκ
1075 3283 1133 3334 ὲν
1161 3283 1400 3354 δοκήσει,
1439 3285 1678 3356 συλλαμ-

93 3371 404 3442 ϐανόμενος
433 3373 490 3424 ὲν
520 3372 719 3445 γαστρὶ
753 3375 812 3428 ὲν
845 3373 1104 3447 ἀληθείᾳ,
1138 3377 1389 3449 ἐνδημῶν
1421 3379 1584 3450 σαρκὶ
1619 3381 1676 3434 ὲν

95 3464 354 3544 ἀληθείᾳ,
384 3465 562 3538 σάρκα
596 3465 736 3537 ἔχων
765 3467 859 3520 καὶ
878 3467 1056 3540 ψυχὴν
1085 3471 1142 3522 ὲν
1170 3471 1416 3543 ἀληθείᾳ,
1445 3473 1536 3525 καὶ
1555 3471 1680 3526 νοῦν

93 3559 152 3610 ἐν
177 3557 439 3630 ἀληθείᾳ,
475 3558 571 3611 καὶ
599 3559 776 3612 πάντα
811 3559 866 3613 εἴ
893 3562 945 3614 τί
973 3563 1120 3616 ἐστιν
1149 3563 1434 3636 ἄνθρωπος
1466 3567 1522 3619 ὲν
1547 3566 1680 3638 ἀλη-

95 3649 246 3723 θείᾳ,
273 3651 446 3722 χωρὶς
469 3651 763 3723 ἁμαρτίας·
793 3654 887 3706 καὶ
913 3657 1308 3727 γεγεννημένος
1333 3657 1398 3711 ὲκ
1425 3658 1684 3731 παρθενι-

95 3741 204 3812 κῆς
239 3743 484 3814 μήτρας,
520 3744 614 3796 καὶ
648 3743 807 3813 ἁγίας
836 3745 1112 3816 Παρθένου
1137 3749 1194 3800 ἐν
1220 3747 1467 3820 ἀληθείᾳ,
1501 3750 1600 3804 οὐκ
1620 3751 1683 3804 ὲκ

97 3833 426 3906 σπέρματος
465 3834 678 3906 ἀνδρὸς,
718 3837 776 3890 ὲν
812 3836 1040 3908 ἀληθείᾳ
1080 3838 1136 3891 δὲ
1179 3839 1356 3912 σάρκα
1395 3840 1554 3911 ἔχων,
1593 3843 1685 3895 καὶ

93 3927 306 3998 ψυχὴν,
339 3927 436 3980 καὶ
473 3927 618 3992 νοῦν,
653 3929 729 3993 ὡς
771 3929 931 4002 ἔφην,
983 3934 1077 3988 καὶ
1114 3932 1200 3986 διὰ
1245 3933 1354 3986 τῶν
1387 3935 1686 3988 τοκετικῷν

95 4019 294 4091 πόρων
327 4020 386 4074 ὲν
417 4019 642 4091 ἀληθείᾳ
685 4021 1072 4095 εὑρισκόμενος
1093 4025 1137 4089 ί,
1190 4025 1284 4078 καὶ
1327 4027 1386 4080 ὲν
1425 4026 1602 4098 φάτνῃ
1629 4028 1686 4079 ὲν

93 4108 344 4180 ἀληθείᾳ
369 4111 872 4182 σπαργανούμενος,
898 4114 1002 4168 ὑπὸ
1021 4115 1236 4190 Μαρίας
1266 4115 1684 4188 βασταζόμενος,

101 4203 200 4256 ’καὶ
231 4203 298 4256 ἐν
323 4201 584 4275 Αἰγύπτῳ
610 4205 1031 4276 κατερχόμενος,
1055 4209 1147 4260 καὶ
1169 4209 1264 4262 ἀπ’
1293 4207 1568 4278 Αἰγύπτου
1598 4225 1692 4280 με·

95 4295 508 4367 ⁸τιιφερόμενος,
535 4298 630 4350 καὶ
669 4299 748 4362 είς
779 4297 1033 4370 Ναζαρὲτ
1066 4301 1563 4371 ἀναστρεφόμενος,
1594 4304 1689 4356 καὶ

97 4391 158 4442 ὲν
195 4389 448 4462 Ἰορδάνῃ
474 4392 937 4463 παραγενόμενος,
965 4394 1060 4448 καὶ
1083 4395 1188 4448 ὑπὸ
1223 4395 1468 4449 Ἰωάννου
1499 4395 1691 4466 βαπτι-

99 4480 364 4550 ζόμενος,
406 4481 502 4533 καὶ
535 4481 640 4535 ὑπὸ
668 4482 914 4536 διαϐόλου
943 4485 1356 4558 πειραζόμενος,
1392 4486 1486 4540 καὶ
1519 4487 1692 4558 μαθητ

99 4573 204 4637 τὰς
225 4572 594 4644 ἐκλεγόμενος
619 4576 676 4628 ἐν
713 4575 966 4647 ἀληθείᾳ,
1013 4579 1108 4631 καὶ
1142 4577 1416 4648 βασιλείαν
1447 4578 1690 4649 οὐρανῶν

101 4660 382 4734 κηρύξας·
403 4662 478 4726 ὡς
503 4662 572 4716 τά
593 4663 774 4719 πάντα
799 4667 856 4718 ὲν
884 4666 1112 4738 ἀληθείᾳ
1139 4667 1474 4740 εὑρίσκεται·
1502 4669 1608 4723 ὑπό
1631 4686 1690 4723 τε

113 4756 300 4810 Ἰούδα
327 4755 775 4828 παραδιδόμενος,
807 4760 900 4812 καὶ
929 4759 1036 4813 ὑπὸ
1077 4759 1348 4814 Ἰουδαίων
1382 4761 1693 4832 συλλαμϐα-

102 4849 362 4919 νόμενος,
396 4849 605 4920 Ποντίῳ
629 4850 847 4922 Πιλάτῳ
873 4855 1338 4924 προσφερόμενος,
1367 4855 1462 4908 καὶ
1484 4855 1575 4908 ὑπ’
1599 4856 1698 4909 αύ-

101 4939 200 4993 τοῦ
232 4939 456 5010 θανάτῳ
485 4942 968 5013 κατακρινόμενος,
999 4943 1218 5016 σταυρῷ
1249 4945 1694 5016 παραδιδόμενος,

103 5031 296 5101 Arta-(3,
325 5032 520 5100 λέγων,
551 5034 670 5088 δότε
705 5051 796 5104 μοι
829 5038 996 5098 πιεῖν,
1031 5039 1088 5090 ὲν
1115 5037 1346 5109 ἀληθείᾳ
1376 5037 1694 5109 λαμϐάνων,

101 5123 228 5189 ὅξος
263 5124 408 5195 μετά
439 5125 600 5196 χολῆς
634 5127 948 5198 γευόμενος,
977 5129 1072 5182 καὶ
1107 5129 1305 5200 μηκέτι
1334 5132 1494 5184 ποτὸν
1528 5149 1700 5204 προσ-

108 5216 352 5285 ιέμενος,
427 5217 646 5287 σταυρῷ
681 5217 1192 5290 προσπηγνύμενος,
1224 5222 1280 5273 ὲν
1315 5221 1544 5294 ἀληθείᾳ
1570 5223 1701 5294 κρά-

105 5307 240 5372 ζων,
299 5308 460 5374 Ἦλιν
496 5310 640 5374 Ἠλὶ,
671 5309 835 5380 λημίῖ
865 5312 1218 5379 σαϐαχθανὶ,
1241 5314 1300 5367 ὲν
1328 5313 1552 5388 ἀληθείᾳ
1579 5317 1703 5370 κλί-

105 5419 232 5456 νων
257 5401 380 5469 τὴν
401 5402 700 5471 κεφαλὴν,
731 5403 830 5456 καὶ
856 5403 1146 5470 ἐκπνέων,
1169 5407 1226 5459 ὲν
1251 5406 1478 5478 ἀληθείᾳ
1509 5407 1569 5460 τὸ
1595 5408 1700 5462 σῶ-

111 5513 194 5564 μα
233 5495 672 5567 καθαιρούμενος
688 5497 732 5558 ³,
763 5496 858 5550 καὶ
903 5495 1310 5568 λαμϐανόμενον
1351 5499 1410 5551 ὲν
1447 5497 1694 5571 ἀληθείᾳ,

105 5589 204 5640 καὶ
237 5587 590 5658 ἑλισσόμενον
621 5589 726 5642 ὑπὸ
751 5588 845 5642 τοῦ
881 5589 1099 5660 Ἰωσὴφ,
1127 5590 1218 5643 καὶ
1249 5593 1306 5643 ἐν
1337 5592 1578 5662 μνήματι
1615 5607 1698 5643 τιη

109 5677 351 5752 θέμενον
379 5681 438 5734 ὲν
461 5679 708 5754 ἀληθείᾳ,
739 5681 870 5754 λίθῳ
898 5683 1318 5754 ὴσφαλισμένοψ
1359 5685 1696 5756 κατερχόμε-

113 5789 200 5836 νος
228 5773 292 5824 ὲν
312 5769 526 5843 θεότητι
557 5773 654 5828 σὺν
681 5773 828 5845 ψυχῇ
872 5777 952 5838 είς
967 5775 1116 5846 ᾅδου,
1149 5778 1242 5831 καὶ
1269 5776 1410 5832 λύων
1444 5776 1681 5848 πεπεδη-

1787 3281 1952 3346 fecta,
1991 3287 2188 3352 praeter
2225 3289 2548 3351 peccatum,
2584 3289 2920 3332 asseramus.
2959 3273 3239 3344 Siquidem
3282 3272 3366 3328 di-

1785 3374 1971 3428 vinum
2006 3372 2138 3428 illud
2203 3371 2442 3428 Verbum
2495 3367 2678 3426 omnia
2742 3367 2922 3438 reipsa
2977 3366 3264 3436 praestitit,
3308 3371 3366 3422 et

1787 3481 1906 3536 qua:
1935 3465 2002 3521 de
2042 3481 2102 3521 se
2142 3465 2262 3534 ipso
2295 3463 2388 3518 diu
2421 3469 2546 3518 ante
2583 3460 2787 3531 scripta
2837 3458 3052 3514 fuerant
3077 3455 3319 3526 implevit
3348 3495 3364 3519 ,

1787 3561 1866 3614 uti
1899 3574 2116 3614 sacrum
2141 3558 2274 3612 illud
2301 3557 2622 3612 vaticinium
2657 3555 3030 3610 demonstrat:
3065 3549 3368 3618 Ecce~eirgo

1788 3653 2040 3722 concipiet
2066 3652 2108 3715 ³,
2141 3659 2246 3706 etc.
2276 3651 2412 3704 Tum
2441 3663 2568 3704 vero
2599 3647 2800 3718 reipsa,
2831 3660 2942 3699 non
2975 3641 3158 3712 specie
3203 3649 3368 3696 tenus

1791 3753 2038 3816 gestatus
2075 3745 2131 3798 in
2172 3754 2358 3805 utero,
2389 3743 2445 3796 in
2495 3757 2604 3812 quo
2635 3750 2688 3796 et
2739 3753 2930 3795 revera
2965 3737 3183 3807 genitus
3211 3743 3366 3798 erat,

1792 3837 2090 3894 secundum
2121 3851 2242 3907 ultae
2271 3850 2397 3890 vere
2436 3835 2580 3888 inter
2616 3833 2866 3888 homines
2891 3845 3014 3884 cum
3051 3843 3217 3882 carne
3247 3842 3372 3881 ver-

1793 3939 1946 3987 satus
1979 3940 2062 3987 est
2093 3945 2370 3994 :carnem,
2400 3928 2636 3982 animam
2687 3940 2750 3980 ac
2815 3933 3084 3986 mentem,
3117 3929 3171 3974 et
3209 3919 3372 3989 quid-

1794 4025 1924 4096 quid
1970 4023 2120 4078 aliud
2170 4023 2332 4076 homo
2385 4027 2508 4084 est,
2561 4025 2758 4090 praeter
2792 4023 3093 4087 peccatum,
3141 4013 3199 4066 in
3249 4023 3372 4066 sese

1795 4115 2136 4185 complexus.
2168 4113 2316 4168 Idem
2341 4127 2408 4166 ex
2443 4109 2689 4180 Virginis
2721 4113 2898 4170 utero,
2926 4119 2958 4160 e
2995 4107 3367 4163 sacrosancta,

1797 4207 2046 4277 inquam,
2075 4205 2320 4275 Virgine,
2353 4217 2462 4257 non
2487 4217 2554 4256 ex
2574 4200 2719 4254 virili
2749 4205 2892 4262 satu,
2917 4209 3102 4251 revera
3131 4193 3367 4260 genitus.

1796 4299 1920 4367 Qui,
1965 4307 2023 4354 ut
2051 4299 2185 4361 dixi,
2235 4311 2422 4358 carne.
2453 4295 2632 4349 anima
2686 4301 2741 4348 et
2807 4300 2986 4345 mente
3022 4289 3202 4359 reipsa
3239 4303 3371 4342 con-

1796 4399 1970 4456 stans,
2023 4405 2118 4461 per
2162 4387 2447 4443 naturales
2476 4383 2896 4456 parturientium
2945 4387 3156 4435 meatus
3185 4393 3373 4434 revera

1797 4482 2021 4554 prodiit,
2070 4488 2124 4536 et
2157 4481 2212 4533 in
2273 4477 2499 4547 pracsepi
2551 4475 2736 4531 fasciis
2781 4473 3092 4538 obvolutus,
3127 4487 3155 4524 a
3203 4471 3374 4525 Maria

1795 4581 2062 4645 gestatus,
2097 4579 2222 4642 post
2253 4569 2370 4624 haec
2425 4569 2482 4623 in
2513 4566 2806 4638 Egyptum
2855 4562 3192 4618 descendens
3231 4560 3376 4615 indi-

1797 4668 1920 4722 dem
1953 4671 2266 4735 reportatus
2299 4668 2418 4726 est;
2451 4660 2648 4715 deinde
2675 4655 2926 4710 Nazareti
2953 4653 3177 4722 degens,
3211 4660 3377 4721 atque

1800 4759 1930 4814 hinc
1969 4758 2036 4812 ad
2071 4755 2364 4812 Jordanem
2398 4751 2668 4808 accedens
2689 4789 2704 4814 ,
2737 4764 2767 4802 a
2800 4746 3010 4802 Joanne
3047 4747 3373 4814 baptizatus,

1799 4863 1856 4910 et
1889 4861 2132 4908 tentatus
2168 4865 2198 4905 a
2230 4848 2634 4912 diabolo,_vcre
2664 4843 2772 4898 sibi
2824 4839 3124 4910 discipulos
3156 4838 3372 4898 ascivit,

1801 4963 1864 5002 ac
1892 4948 2156 5002 canorum
2193 4958 2422 5014 regnum
2454 4941 2779 4996 denuntiare
2807 4937 2994 5006 cmpit.
3023 4934 3376 5004 quemadmo-

1801 5040 1930 5094 dum
1959 5047 2014 5094 et
2038 5039 2142 5092 alia
2179 5036 2362 5091 omnia
2384 5036 2586 5104 reipsa,
2616 5047 2724 5086 non
2755 5029 2874 5085 ﬁcte
2927 5027 3190 5095 suscepit.
3215 5023 3376 5079 Velut

1801 5149 1924 5189 cum
1970 5141 2023 5188 et
2059 5147 2088 5186 a
2125 5130 2264 5185 Iuda
2295 5129 2560 5200 proditus,
2611 5123 2822 5194 1030
2858 5133 2908 5178 et
2930 5139 2958 5176 a
2985 5121 3188 5176 Judazis
3226 5134 3376 5174 com-

1803 5223 2141 5296 prehensus,
2184 5222 2400 5276 oblatus
2435 5209 2630 5272 Pontio
2660 5215 2871 5278 Pilato,
2912 5223 2964 5269 et
2999 5213 3068 5268 ab
3099 5225 3166 5267 eo
3203 5221 3376 5264 morte

1808 5317 2122 5373 damnatus,
2181 5320 2344 5380 atque
2391 5312 2447 5364 in
2489 5323 2654 5362 cruce
2705 5304 2930 5362 sufﬁxus
2979 5313 3084 5360 est.
3146 5302 3401 5357 Perinde

1805 5409 1948 5462 bona
1979 5418 2041 5462 et.
2069 5407 2200 5460 illud
2233 5405 2333 5461 title
2362 5403 2500 5458 dixit
2543 5419 2555 5455 :
2597 5399 2736 5456 Sitio
2767 5399 2812 5464 ⁸,
2848 5399 2975 5453 date
3009 5398 3139 5452 mihi
3169 5396 3373 5458 bibere,

1805 5511 1859 5554 et
1906 5499 2050 5569 quod
2104 5499 2345 5554 oblatum
2378 5505 2495 5553 erat
2525 5504 2740 5552 acetum
2770 5509 2897 5551 cum
2939 5493 3060 5549 felle
3093 5495 3271 5564 cepit,
3312 5507 3378 5546 ac

1805 5593 2132 5663 degustavit,
2157 5608 2334 5662 neque
2360 5591 2657 5662 quidquam
2687 5598 2851 5661 potus
2875 5587 3109 5658 amplius
3133 5586 3375 5656 admisit.

1809 5681 1916 5737 Sed
1938 5689 1992 5736 et
2025 5679 2216 5736 afﬁxus
2245 5682 2394 5736 cruci
2427 5695 2614 5736 revera
2644 5679 2726 5735 sic
2750 5677 3073 5734 exclamavit
3101 5697 3114 5730 ;
3145 5674 3232 5728 Eli
3266 5673 3375 5736 Eli,

1795 5775 1992 5830 lamma
2017 5773 2372 5829 subacthani’.
2389 5771 2538 5834 Inde,
2561 5779 2716 5837 caput
2741 5769 3003 5824 inclinans
3029 5767 3371 5837 exspiravit“.

185 5868 206 5901 ⁵
241 5866 312 5924 F.
354 5867 684 5941 τικτόμενος.
761 5871 781 5902 ⁸
813 5869 874 5923 F.
913 5870 1355 5945 καθαιρούμενον.
1429 5874 1574 5930 aIsa.
1609 5889 1675 5929 γι]

1806 5917 1818 5930 .
1886 5873 1908 5906 δ
1935 5871 2092 5928 Joan.
2123 5887 2234 5937 xIx,
2263 5872 2354 5926 ‘28.
2431 5869 2660 5926 5Matth.
2699 5883 2870 5935 xxvu,
2911 5867 3000 5922 46.
3075 5863 3244 5920 ‘ibid.
3284 5863 3398 5922 50..
