3790 6212
457 351 565 436 ses

1859 356 1916 414 S.
1959 357 2293 448 ΕΡΙΡΗᾼΝΙΙ

3597 359 3694 417 696

458 461 600 521 Tum
656 465 896 535 ejusdem
938 481 1137 537 corpus
1188 484 1314 524 vere
1357 469 1425 525 de
1472 485 1637 526 cruce
1684 469 2021 539 detractum,

2139 443 2329 544 μένους
2357 472 2415 524 ὲν
2443 470 2663 542 ἀνδρείᾳ
2695 471 2789 524 καὶ
2821 471 2878 523 ὲν
2907 469 3154 540 δυνάμει,
3183 471 3556 543 ἀνερχόμενος
3575 471 3694 536 Θεὸς

377 627 385 634 ⁹
422 565 424 568 ’
459 558 712 612 manibus
739 567 1155 622 contrectatum,
1181 577 1208 614 ιι
1233 560 1469 632 Josepho
1493 563 1673 620 linteis
1700 565 2024 632 involutum,

418 654 423 664 '
459 649 596 703 etin
651 643 1064 705 monumentum
1123 669 1308 709 revera
1362 654 1671 726 depositum
1709 677 1722 712 :
1762 658 1848 712 cui
1889 657 2027 728 lapis

462 739 529 793 ad
581 740 998 797 custodiendum
1053 743 1322 800 obductus
1352 755 1455 800 est.
1482 741 1634 811 'Quin
1676 747 1838 802 etiam
1878 755 1932 803 et
1962 748 2029 802 ad

458 829 675 886 inferos
697 831 868 901 ipsius
894 832 1148 889 divinitas
1181 829 1304 888 enm
1340 835 1520 889 anima
1561 835 1874 903 descendit,
1907 854 2029 894 eos-

457 937 586 991 que,
623 923 715 991 qui
747 923 912 976 vincti
939 923 1048 978 illic
1088 925 1488 992 attinebantur,
1529 943 1579 979 Vl
1609 944 1707 981 sua
1733 943 1795 981 ac
1836 936 2030 998 poten-

457 1013 534 1067 tia
565 1014 850 1068 liberavit:
885 1017 1004 1068 tum"
1025 1015 1165 1071 idem
1191 1016 1282 1072 Dei
1304 1017 1538 1074 Verbum
1574 1035 1697 1073 cum
1726 1021 1903 1074 anima
1931 1037 2030 1076 sna

431 1125 434 1128 ·
460 1106 803 1160 sanctissima
838 1108 1058 1161 sursum
1087 1123 1400 1179 emergens,
1440 1118 1494 1164 et
1519 1111 1860 1180 captivorum
1891 1128 2029 1182 quos

458 1198 754 1268 eripuerat,
804 1199 1068 1254 comitatu
1129 1211 1318 1271 septus
1374 1209 1498 1272 post
1537 1202 1778 1257 triduum
1838 1220 2028 1260 revera

430 1302 584 1343 'cum
622 1303 884 1359 corpore,
928 1292 1109 1346 anima
1135 1332 1150 1356 ,
1185 1292 1430 1364 adeoque
1462 1301 1576 1347 toto
1607 1295 1727 1364 ipso
1766 1296 1910 1351 velut
1941 1298 2027 1351 in-

459 1386 766 1434 strumento
788 1382 1026 1436 surrexit
1067 1397 1097 1435 a
1138 1385 1403 1451 mortuis;
1437 1384 1634 1441 deinde
1668 1386 2029 1458 quadraginta

457 1469 653 1524 diebus
681 1486 804 1524 cum
835 1469 1120 1542 discipulis
1149 1484 1400 1530 versatus
1425 1486 1509 1531 est
1544 1496 1557 1531 :
1593 1479 1794 1547 quibus
1820 1495 1944 1532 cum
1975 1480 2027 1534 in

457 1558 737 1615 Olivarum
798 1573 984 1619 monte
1027 1580 1212 1620 revera
1260 1567 1664 1632 benedixisset,
1715 1569 1771 1624 in
1827 1572 2028 1626 cmlnm

457 1651 752 1708 subvectus
798 1661 917 1718 est,
972 1670 1206 1727 eumque
1237 1658 1491 1728 discipuli
1546 1660 1614 1714 ad
1649 1661 1832 1717 nubes
1858 1678 2029 1733 usque

455 1743 782 1800 subeuntem
809 1746 1085 1813 viderunt,
1117 1757 1171 1804 et
1217 1750 1284 1804 ad
1316 1750 1496 1808 Patris
1533 1752 1810 1810 dexteram
1841 1770 2026 1810 revera

2128 564 2299 631 Λόγος
2328 562 2424 615 σὺν
2451 561 2596 633 ψυχῇ
2620 565 2687 634 τῇ
2713 561 2866 633 ἁγίᾳ,
2894 561 3011 654 μεθ’
3036 558 3103 635 ἧς
3125 562 3400 634 ἐρρύσατο
3433 563 3699 632 αἰχμαλω-

2130 655 2272 718 σίας,
2301 653 2363 706 τὸ
2388 654 2686 726 τριήμερον
2725 656 2780 708 tv
2825 653 3051 724 ἀληθεία
3091 654 3448 725 ἐγειρόμενος
3484 655 3580 706 σὺν
3609 654 3700 707 σὼ-

2133 763 2286 818 ματι,
2319 747 2414 800 καὶ
2443 744 2609 818 ψυχῇ,
2646 746 2741 799 καὶ
2784 747 2946 799 παντὶ
2974 745 3050 816 τῷ
3093 745 3311 817 ὀργάνῳ
3350 747 3413 797 ὲν
3465 744 3698 816 ἀληθείᾳ,

2071 824 2082 837 ’
2111 829 2514 908 εὑρισκόμενος
2559 837 2696 908 μετὰ
2728 837 2835 890 τῶν
2867 837 3122 909 μαθητῶν
3166 839 3267 909 τὴν
3301 836 3699 907 τεσσαρακαῶ-

2130 930 2355 1002 ήμερον,
2400 929 2635 998 εὐλογῶν
2667 947 2726 982 τε
2763 931 2959 993 αὐτοὺς
2987 931 3045 982 ὲν
3073 929 3149 1002 τῷ
3174 930 3292 1001 ὄρει
3327 929 3443 983 τῶν
3490 928 3698 982 Ἐλαιῶν

2131 1024 2188 1076 ἐν
2222 1023 2470 1096 ἀληθεία,
2499 1024 2858 1095 ἀνερχόμενος
2885 1024 2965 1086 εἰς
2984 1023 3210 1094 οὐρανὸν
3237 1025 3294 1075 tv
3320 1021 3584 1093 ἀληθείᾳ,
3613 1022 3700 1074 τῶν

2134 1115 2390 1187 μαθητῶν
2420 1116 2583 1170 αὑτὸν
2624 1116 2970 1188 θεωρούντων
3005 1116 3106 1180 ἕως
3147 1115 3256 1168 τῶν
3297 1113 3554 1184 νεφελῶν
3591 1115 3704 1167 ἀνα-

2129 1206 2534 1280 λαμϐανόμενον
2576 1211 2633 1263 tv
2672 1208 2920 1281 ἀληθεία.
2948 1208 3308 1272 καθεσθέντα,
3351 1207 3456 1262 καὶ
3490 1205 3704 1269 1:105:6-

2133 1316 2291 1369 μενον
2328 1301 2386 1352 tv
2415 1299 2562 1370 δεξιᾷ
2595 1299 2688 1353 τοῦ
2717 1300 2929 1370 Πατρὸς
2971 1301 3028 1352 ὲν
3069 1300 3318 1371 ἀληθείᾳ,
3369 1301 3434 1352 ὲν
3466 1296 3706 1367 αύτῷτῷ

2133 1390 2364 1459 σώματι,
2397 1393 2491 1444 καὶ
2517 1395 2582 1463 τῇ
2608 1392 2840 1462 θεότητι,
2872 1394 2930 1444 tv
2961 1392 3094 1464 αὐτῇ
3123 1395 3188 1463 τῇ
3225 1391 3416 1462 τελείᾳ
3443 1390 3703 1460 ὲνανθρω-

2130 1483 2314 1553 πήσει,
2418 1485 2690 1555 συνήνωσε
2717 1483 2786 1536 τὰ
2814 1482 2910 1536 ὅλα
2935 1485 3015 1546 εἰς
3042 1483 3118 1546 ἓν,
3159 1484 3250 1536 καὶ
3301 1481 3437 1552 μίαν
3472 1497 3706 1549 πνευμα-

2129 1577 2284 1648 τικὴν
2299 1576 2594 1643 τελείωσιν,
2625 1576 2754 1640 Θεὸς
2783 1575 2858 1629 ὣν
2881 1578 2938 1630 ὲν
2967 1577 3094 1648 δόξῃ
3118 1575 3512 1646 καθεζόμενος,
3538 1575 3704 1642 κρῖναι

2130 1667 2335 1733 ζῶντας
2386 1669 2480 1723 καὶ
2529 1671 2789 1740 νεκροὺς,
2841 1669 3133 1740 ἐρχόμενος
3181 1670 3239 1720 ἐν
3287 1666 3550 1738 ἀληθείᾳ.
3609 1666 3706 1719 Καὶ

2127 1760 2278 1816 οὐδέν
2323 1763 2438 1815 ἐστι
2484 1761 2956 1834 παρηλλαγμένον,
3004 1762 3137 1816 ἀλλὰ
3176 1762 3356 1815 πάντα
3409 1759 3603 1813 τέλεια
3628 1774 3702 1810 τε·

454 1838 860 1904 considentem,~
886 1855 1117 1912 corpore
1169 1842 1309 1914 ipso,
1359 1844 1663 1910 divinitate,
1698 1861 1762 1900 ac
1802 1855 1916 1901 tota
1945 1849 2021 1904 de.

2133 1852 2291 1918 λείως
2318 1855 2374 1907 tv
2404 1855 2554 1927 αὐτῷ
2585 1858 2642 1909 tv
2663 1856 2957 1926 τελειότητι
2978 1855 3330 1926 εἰργασμένα.

455 1931 624 1998 nique
652 1945 816 1999 quam
853 1942 1229 2002 assumpserat
1265 1933 1501 1989 hominis
1538 1943 1734 1990 natura
1763 1951 1776 1988 :
1831 1952 1941 2005 quo
1975 1937 2030 1990 in
2064 1935 2462 1996 lncarnationis
2493 1943 2753 2014 mysterio
2783 1943 2839 1996 in
2869 1959 3036 1997 untun
3098 1943 3304 2004 omnia,
3336 1949 3392 1995 et
3439 1940 3498 1994 in
3556 1952 3695 1992 eam-

453 2022 576 2075 dem
627 2022 926 2091 spiritalem
967 2024 1354 2093 perfectionem
1390 2027 1707 2096 conjunxit,
1769 2027 1910 2083 Deus
1964 2030 2150 2100 utique
2201 2030 2256 2086 in
2309 2034 2483 2106 gloria
2545 2035 2841 2090 considens
2885 2041 2940 2090 et
2991 2033 3058 2088 ad
3123 2035 3274 2089 vivos
3333 2043 3696 2097 mortuosque

449 2106 777 2177 iudicandos
810 2132 936 2172 vere
965 2119 1259 2187 aliquando
1281 2129 1563 2177 venturus.
1597 2119 1741 2175 Nihil
1767 2121 1934 2192 igitur
1959 2123 2015 2178 in
2051 2125 2144 2181 illo
2165 2125 2440 2183 diverSum
2485 2142 2549 2182 ac
2579 2128 2898 2199 discrepans
2953 2137 3058 2192 est,
3119 2124 3216 2183 sed
3251 2128 3435 2180 omnia
3497 2123 3558 2175 in
3598 2122 3708 2189 ipso

453 2205 690 2275 perfecta
758 2211 1100 2282 perfectaque
1130 2228 1356 2282 prorsus
1381 2215 1673 2270 elaborata.

523 2325 764 2415 XXXVI.
809 2326 914 2384 Sed
946 2344 1069 2384 cum
1099 2331 1166 2387 de
1198 2332 1286 2388 his
1309 2333 1526 2390 abunde
1560 2334 1828 2391 hactenus
1853 2335 2035 2407 egisse

453 2417 759 2484 videamur,
802 2436 922 2488 qua:
965 2422 1109 2477 dicta
1168 2433 1297 2478 sunt
1337 2441 1460 2482 esse
1509 2428 1648 2482 satis
1677 2428 2029 2483 arbitramur.

457 2511 589 2579 Quae
617 2528 746 2568 vero
780 2513 848 2568 de
869 2516 1081 2570 caeteris
1106 2517 1421 2574 vanissimis
1456 2520 1670 2575 illorum
1687 2521 2032 2592 dogmatibus

452 2618 520 2656 ex
543 2602 775 2656 aliorum
802 2604 1119 2659 narratione
1149 2605 1463 2674 didicimus,
1495 2609 1816 2678 explicanda
1840 2625 2033 2666 neces-

454 2695 601 2748 sario
644 2705 792 2750 sunt.
831 2696 1152 2767 Quanquam
1208 2699 1280 2754 ita
1312 2701 1428 2755 haec
1469 2702 1538 2756 ab
1599 2702 1709 2758 illis
1743 2701 2029 2772 praedicari

451 2788 696 2842 nondum
738 2790 961 2844 omnino
1013 2800 1337 2862 persuasum
1393 2794 1678 2851 habemus.
1735 2795 2028 2867 Utcunque

451 2897 582 2936 vero
616 2897 674 2937 se
701 2897 791 2937 res
825 2883 1040 2947 habeat,
1075 2899 1196 2956 quae
1216 2886 1284 2940 ab
1302 2886 1425 2941 aliis
1457 2888 1759 2957 accipimus
1785 2904 1894 2942 non
1923 2887 2029 2945 dis-

452 2974 759 3046 simulanda
795 2977 1127 3047 putavimus.
1161 2976 1274 3032 lloc
1304 2980 1448 3034 enim
1481 2979 1750 3036 aﬂirmare
1780 2981 2027 3052 plerique

2202 2337 2342 2403 Λςι.
2371 2334 2568 2400 Καλῶς
2597 2334 2653 2388 δὲ
2685 2334 2828 2405 ἔχειν
2856 2333 2983 2404 περὶ
3010 2335 3214 2386 τούτων
3233 2331 3591 2401 νομίσαντες,
3616 2329 3708 2392 ἕως

2129 2427 2320 2480 τούτου
2359 2428 2488 2499 περὶ
2525 2426 2730 2480 τούτων
2755 2425 3007 2498 εἰρῆσθαι
3031 2423 3452 2494 ὲδικαιώσαμεν.
3488 2421 3634 2493 Περὶ
3657 2421 3706 2473 δὲ

2127 2511 2202 2573 ῶν
2233 2518 2576 2591 ἐνηχήθημεν
2609 2519 2772 2572 πάλιν
2802 2515 3219 2588 περιπολογιῶν
3247 2515 3354 2569 τῶν
3389 2517 3457 2568 τὰ
3485 2514 3706 2567 τοιαῦτα

2128 2613 2414 2683 λεγόντων,
2442 2613 2735 2680 ἀναγκαῖον
2765 2611 2859 2664 καὶ
2885 2609 3024 2664 αὐτὰ
3057 2607 3354 2672 ὑποδεῖξαι,
3383 2608 3458 2659 Οὐ
3493 2608 3642 2659 πάνυ
3659 2605 3706 2658 ὢ

2127 2701 2595 2773 πεπιστεύκαμεν,
2617 2702 2698 2755 ὅτι
2719 2700 2891 2764 οὕτως
2911 2699 3040 2772 παρ’
3067 2701 3249 2762 αὐτοῖς
3276 2697 3483 2769 ᾄδεται.
3521 2697 3707 2764 Ὅμως

2133 2791 2202 2844 τὰ
2235 2789 2566 2864 ἐνηχηοέντα
2594 2790 2654 2843 οὐ
2692 2790 3062 2861 σιωπήσομεν.
3107 2788 3265 2850 Τινὲς
3296 2787 3403 2858 γὰρ
3435 2787 3542 2839 καὶ
3569 2786 3707 2838 ἐτέλ-

2130 2902 2308 2956 μησαν
2337 2883 2533 2952 λέγειν,
2569 2883 2650 2936 ὅτι
2676 2883 2838 2936 πάλιν
2869 2882 3011 2945 τινὲς
3038 2881 3098 2946 ἐξ
3126 2881 3303 2933 αὐτῶν
3331 2881 3564 2947 λέγουσι
3591 2879 3708 2947 περὶ

2126 2975 2364 3050 Μαρίας²
2401 2975 2539 3045 μετὰ
2573 2975 2634 3028 τὸ
2665 2973 3048 3044 γεγεννηκέναι
3079 2973 3184 3045 τὸν,
3203 2973 3455 3043 Χριστὸν,
3486 2973 3707 3024 ἐπισυν-

449 3077 563 3118 non
594 3065 882 3133 dubitant,
913 3069 1178 3138 quosdam
1219 3085 1282 3124 ex
1333 3055 1447 3126 illis
1477 3071 1531 3124 in
1561 3086 1625 3125 ea
1657 3086 1780 3126 esse
1807 3079 2021 3126 senten-

2133 3069 2296 3140 ἧφθαι
2323 3068 2475 3140 ἀνδρὶ
2502 3067 2578 3138 τῷ
2621 3067 2838 3136 Ἰωσήφ.
2886 3065 3159 3136 Θαυμάζω
3203 3065 3259 3118 δὲ
3305 3066 3354 3116 εἰ
3406 3064 3508 3116 καὶ
3564 3061 3707 3114 αὐτοὶ

451 3155 548 3222 tia,
583 3154 801 3211 Mariam
843 3157 1182 3226 posteditum
1204 3157 1478 3214 Christum
1502 3175 1623 3214 cum
1646 3159 1883 3229 Josepho
1911 3159 2024 3214 viro

453 3261 556 3300 suo
585 3249 1035 3303 consuetudinem
1074 3248 1357 3306 habuisse.
1387 3249 1542 3316 Quod
1575 3251 1642 3304 ab
1677 3251 1786 3305 illis
1811 3265 2023 3306 asseve-

454 3338 563 3391 rari
586 3339 883 3408 permirum
916 3340 1045 3394 tnihi
1075 3341 1305 3396 videtur.
1339 3341 1449 3398 Nec
1471 3343 1671 3398 desunt
1700 3343 1814 3403 alii,
1846 3344 1936 3413 qui
1969 3343 2026 3400 in

449 3429 642 3484 eodem
681 3446 869 3488 errore
917 3440 1227 3500 versantur,
1281 3450 1421 3505 quos
1469 3436 1613 3490 inter
1643 3434 2026 3490 schismaticns

456 3522 664 3593 1031
705 3526 1110 3581 numeravimus
1144 3529 1198 3581 in
1236 3542 1300 3583 ea
1331 3527 1592 3597 epistola,
1626 3543 1789 3597 quam
1818 3528 2027 3583 amico-

450 3628 575 3667 rum
615 3615 837 3670 hortatu
873 3616 1138 3674 adversus
1181 3620 1329 3675 illius
1360 3620 1630 3691 dogmatis
1669 3632 1930 3692 patronos
1958 3619 2025 3676 ad

451 3710 750 3766 nonnullos
796 3711 852 3764 in
890 3713 1088 3767 Arabia
1118 3715 1441 3782 scripsimus
1484 3735 1498 3768 ε

2131 3159 2287 3214 τοῦτο
2307 3160 2569 3228 λέγουσιν.
2601 3159 2716 3212 Εἰσὶ
2740 3158 2796 3210 δὲ
2823 3159 2872 3211 οί
2894 3155 3050 3211 τοῦτο
3071 3157 3337 3226 λέγοντες,
3366 3154 3463 3218 οὓς
3486 3157 3594 3208 καὶ
3621 3157 3708 3207 αύ-

2131 3254 2255 3315 τοὺς
2281 3253 2337 3304 ὲν
2360 3255 2470 3315 τοῖς
2499 3251 2790 3322 σχίσμασιν
2816 3249 3222 3320 ἠριθμήσαμεν,
3251 3247 3602 3318 αἰτηθέντες,
3622 3247 3706 3299 καὶ

2132 3343 2442 3414 γράψαντες
2463 3340 2749 3412 ἐπιστολὴν
2776 3342 2832 3393 tv
2862 3342 2928 3411 τῇ
2966 3339 3197 3410 Ἀραϐία
3225 3338 3359 3409 πρός
3382 3353 3546 3400 τινας
3572 3339 3705 3389 κατὰ

2131 3435 2238 3488 τῶν
2267 3435 2422 3488 τοῦτο
2448 3433 2730 3503 λεγόντων.
2764 3431 2942 3486 Πολλὰ
2969 3432 3026 3485 δὲ
3049 3432 3228 3484 ἐκεῖσε
3256 3430 3383 3499 περὶ
3410 3429 3614 3481 τούτου
3637 3430 3704 3480 εξ-

2135 3529 2380 3599 ρήκαμεν
2402 3527 2459 3579 ὲν
2483 3529 2548 3597 τῇ
2584 3527 2702 3579 κατ’
2729 3525 2926 3588 αὐτοὺς
2959 3523 3232 3578 ὑποθέσει.
3274 3521 3527 3593 Καθεξῆς
3561 3522 3621 3576 δὲ
3651 3523 3704 3573 ὲν

2133 3618 2251 3689 Θεῷ
2280 3619 2374 3672 καὶ
2406 3617 2573 3688 αὐτὴν
2603 3615 2906 3682 ἰδιάζουσαν
2937 3613 3315 3680 καθυποτάξω.

1541 3715 1594 3769 in
1632 3731 1739 3784 qua
1775 3714 2021 3784 pluribus
2051 3727 2241 3768 contra
2272 3712 2396 3766 illos
2448 3710 2517 3764 de
2572 3710 2675 3763 hoc
2741 3716 3064 3779 argumento
3107 3705 3534 3777 disputavimus.
3574 3703 3697 3760 Eam

452 3815 556 3858 nos
588 3814 717 3855 vero
766 3801 1027 3868 heresin,
1061 3803 1363 3873 Opitulante
1403 3803 1516 3859 Deo
1540 3846 1556 3871 ,
1589 3807 1882 3875 separatim
1925 3821 1988 3859 ac
2020 3819 2121 3860 suo
2147 3804 2270 3858 loco
2302 3809 2488 3872 postea
2533 3815 2926 3870 pr0ponemus.

522 3915 642 3970 1am
670 3933 798 3972 vero
845 3919 1008 3973 etiam
1048 3920 1152 3974 hoc
1197 3920 1529 3989 Apollinaris
1574 3937 1699 3977 esse
1746 3921 2025 3976 decretum

453 4008 702 4063 nonnulli
745 4009 1060 4077 praedicant,
1109 4009 1168 4063 in
1212 4010 1384 4079 priori
1432 4009 1834 4065 resurrectione
1881 4010 2027 4064 mille

452 4117 558 4157 nos
605 4117 872 4156 annorum
919 4103 1154 4171 spatium
1213 4102 1406 4158 iisdem
1450 4103 1506 4156 in
1559 4103 1680 4156 vitae
1733 4103 2022 4167 institdtis,

453 4195 654 4263 quibus
708 4210 852 4250 nunc
888 4195 1114 4259 utimur,
1166 4211 1289 4250 esse
1322 4195 1705 4261 confecturos,
1759 4205 1818 4250 ut
1862 4203 1916 4251 et
1957 4198 2025 4251 le-

453 4302 573 4357 gem
611 4303 737 4342 cum
773 4287 897 4342 aliis
939 4287 1292 4344 observemus
1332 4288 1610 4350 omnibus,
1656 4295 1711 4343 et
1752 4287 2017 4358 quidquid

451 4389 537 4434 est
579 4379 635 4434 in
673 4379 893 4445 mundo,
931 4379 1081 4450 quod
1117 4380 1189 4434 ad
1231 4395 1393 4435 usum
1425 4380 1809 4450 quotidianum
1847 4378 2017 4448 perti-

450 4479 565 4535 net,
596 4473 744 4526 velut
776 4474 1014 4540 nuptias,
1042 4473 1540 4535 circumcisionem,
1573 4486 1638 4526 ac
1671 4480 1869 4526 caetera
1901 4485 2018 4526 om-

2169 3944 2176 3956 ·
2198 3919 2379 3974 ’Ἄλλοι
2411 3919 2468 3976 δὲ
2493 3918 2700 3988 ἔφασαν
2722 3917 2812 3970 τὸν
2839 3917 3068 3989 γέροντα
3100 3915 3399 3987 εἰρηκέναι,
3427 3916 3514 3968 ὅτι
3555 3916 3617 3967 ὲν
3635 3917 3695 3986 τῇ

2124 4015 2314 4086 πρώτῃ
2339 4013 2631 4068 ἀναστάσει
2663 4012 3128 4083 χιλιονταετηρίδα
3159 4009 3283 4064 τινὰ
3321 4009 3694 4081 ἐπιτελοῦμεν,

2122 4107 2233 4168 τοῖς
2260 4105 2442 4167 αὐτοῖς
2465 4103 2962 4175 ὲμπολιτευόμενοι,
2991 4103 3194 4165 ὁποίοις
3220 4102 3314 4154 καὶ
3349 4101 3464 4165 νύν,
3505 4102 3587 4164 ὡς
3610 4102 3694 4153 καὶ

2123 4198 2283 4269 νόμον
2336 4199 2426 4250 καὶ
2455 4197 2587 4251 ἄλλα
2608 4196 2983 4263 φυλάττοντες,
3014 4195 3106 4250 καὶ
3127 4196 3304 4248 πάντα
3329 4195 3428 4265 τῆς
3450 4196 3692 4267 χρήσεις

2121 4289 2219 4358 τῆς
2250 4291 2308 4342 tv
2337 4289 2415 4359 τῷ
2453 4290 2662 4360 κόσμῳ,
2698 4289 2879 4358 γάμου
2901 4305 2961 4341 τε
2985 4289 3077 4341 καὶ⁵
3111 4289 3432 4361 περιτομῆς,
3462 4289 3564 4340 καὶ
3592 4286 3693 4340 τῶν

2121 4381 2298 4436 ἄλλων
2347 4382 2692 4452 μετέχοντες·
2722 4382 2858 4452 ὅπερ
2889 4383 2947 4434 ού
2982 4382 3123 4438 πάνυ
3155 4383 3286 4454 περὶ
3330 4378 3495 4434 αὑτοῦ
3539 4397 3691 4432 τεττι-

2127 4471 2449 4541 στεύκαμεν.
2494 4473 2582 4536 Ὠς
2607 4472 2665 4526 δέ
2695 4489 2840 4537 τινες
2875 4472 3343 4537 διεϐεϐαιώσαντο,
3375 4471 3535 4525 τοῦτο
3565 4471 3690 4540 ἔφη·

450 4567 566 4627 nia,
619 4564 1009 4634 participemus
1037 4583 1048 4618 :
1080 4565 1388 4634 cujnsmodi
1442 4565 1511 4619 ab
1549 4564 1644 4619 illo
1690 4563 1886 4634 dogma
1931 4563 2021 4619 de-

2133 4581 2219 4618 :av
2246 4565 2408 4620 αὐτὸν
2437 4565 2740 4637 εἰρηκέναι.

449 4657 598 4714 fendi
629 4660 952 4730 persuadere
1002 4662 1160 4716 nobis
1191 4662 1414 4716 omnino
1446 4676 1554 4716 non
1579 4676 1873 4731 possumus
1894 4701 1909 4722 .
1945 4675 2256 4731 quanquam
2285 4661 2436 4715 illum
2463 4667 2795 4716 assertorem
2833 4674 2956 4715 esse
2980 4673 3010 4712 a
3042 4657 3321 4713 nonnullis
3354 4671 3683 4727 accepimus.

519 4774 786 4830 Caeterum
819 4775 888 4832 de
916 4775 1019 4830 hoc
1047 4776 1351 4831 millenario
1380 4786 1622 4846 tempore
1656 4775 1879 4836 alicubi,
1916 4774 2021 4831 hoc

447 4875 536 4922 est
563 4867 618 4921 in
637 4865 866 4922 Joannis
899 4867 1246 4938 Apocalypsi,
1282 4869 1614 4922 mentionem
1647 4866 1785 4930 lieri,
1817 4875 1872 4922 et
1893 4882 2016 4921 eum

446 4962 647 5017 librum
678 4975 708 5014 a
734 4961 1012 5031 plerisque
1055 4960 1198 5016 inter
1235 4961 1531 5016 canonicos
1559 4960 1752 5029 recipi,
1778 4957 2018 5029 religiosi

447 5054 697 5109 homines
757 5069 866 5108 non
931 5053 1202 5124 ignorant.
1262 5051 1464 5108 Verum
1529 5054 1604 5106 ita
1668 5053 2014 5122 complures,

445 5146 720 5216 iidemque
752 5146 850 5215 pii,
883 5159 948 5199 ac
988 5143 1318 5214 spiritalium
1351 5159 1536 5198 rerum
1569 5143 1732 5213 periti
1770 5143 1824 5196 in
1868 5142 2016 5197 illius

443 5239 680 5295 lectione
702 5247 1018 5306 versantur,
1039 5246 1097 5292 ut
1115 5253 1234 5308 quae
1255 5239 1308 5291 in
1327 5237 1446 5306 ipso
1466 5237 1770 5307 spiritalem
1788 5251 2013 5292 sensum

443 5329 731 5384 continent
754 5329 1109 5398 accipientes,
1141 5344 1268 5384 vera
1299 5329 1393 5382 illa
1424 5329 1667 5396 quidem,
1705 5328 1800 5382 sed
1832 5327 2015 5381 altiori

442 5422 678 5489 quadam
713 5422 1069 5490 intelligentia
1100 5422 1368 5490 explicata
1415 5420 1708 5475 fateantur.
1735 5418 1870 5474 Nam
1904 5434 2011 5472 non

444 5513 576 5566 illud
623 5514 800 5570 solum
832 5519 940 5584 quo
989 5514 1057 5568 de
1101 5515 1303 5583 agitur,
1360 5515 1454 5568 sed
1497 5523 1551 5568 et
1587 5515 1694 5568 alia
1741 5515 2012 5582 permulta

444 5605 890 5672 profundioribus
918 5606 1203 5660 sententiis
1224 5614 1570 5660 enarrantur.

517 5712 779 5768 XXXVII.
819 5713 976 5769 Nunc
1008 5724 1185 5769 autem
1228 5715 1294 5768 ad
1335 5714 1440 5768 alia
1490 5721 1849 5782 properantes
1893 5711 2011 5767 bre-

444 5807 583 5869 vitcr
610 5805 933 5862 admonendi
970 5821 1131 5860 causa
1176 5806 1321 5860 istud
1356 5806 1716 5875 aspersimus,
1769 5819 1876 5874 quo
1918 5819 2009 5860 rc-

2188 4775 2298 4828 Καὶ
2330 4776 2412 4828 ὅτι
2452 4775 2552 4846 μὲν
2576 4775 2884 4846 γέγραπται
2921 4774 3049 4844 περὶ
3075 4773 3173 4843 τῆς
3205 4771 3686 4843 χιλιονταετηρίδος

2117 4868 2338 4939 ταύτης,
2385 4870 2469 4922 ὅτι
2513 4871 2572 4923 tv
2627 4872 2693 4939 τῇ
2745 4865 3110 4936 Ἀποκαλύψει
3161 4867 3429 4930 Ἰωάννου,
3470 4871 3564 4920 καὶ
3608 4868 3683 4919 ὅτι

2117 4962 2268 5033 παρὰ
2317 4961 2590 5023 πλείστοις
2631 4961 2664 5031 ή
2715 4958 2895 5029 βίϐλος
2931 4958 3361 5029 πεπιστευμένη,
3407 4961 3495 5013 καὶ
3539 4960 3684 5030 παρὰ

2113 5056 2226 5117 τοῖς
2258 5052 2552 5120 θεοσεϐέσι,
2577 5052 2763 5124 δῆλον·
2793 5053 2891 5124 τὴν
2918 5051 2974 5105 δὲ
3005 5050 3188 5121 βίϐλον
3226 5051 3682 5118 ἀναγινώσκοντες

2113 5148 2162 5200 οἱ
2205 5145 2468 5210 πλεῖστοι,
2509 5145 2604 5198 καὶ
2653 5145 2922 5209 εὐλαϐεῖς,
2973 5142 3248 5215 περὶτῶν
3303 5140 3679 5213 πνευματικῶν

2116 5237 2336 5301 εἰδότες,
2377 5238 2471 5290 καὶ
2515 5239 2574 5289 tv
2619 5237 2753 5307 αὐτῇ
2807 5235 3192 5306 πνευματικῶς
3237 5234 3428 5305 ἔχοντα
3478 5231 3679 5302 λαμϐά-

2115 5347 2318 5394 νοντες,
2357 5329 2530 5400 ἀληθῆ
2583 5330 2680 5400 μὲν
2723 5329 2872 5394 ὄντα,
2919 5329 2975 5380 tv
3007 5327 3266 5397 βαθύτητι
3314 5327 3371 5380 δὲ
3403 5323 3675 5394 σαφηνιζὸ-

2119 5441 2255 5494 μενα
2283 5423 2726 5476 πεπιστεύκασιν.
2753 5421 2826 5474 Ού
2857 5421 3014 5491 μόνον
3035 5419 3143 5491 γὰρ
3161 5421 3280 5472 ἐκεῖ
3299 5417 3449 5471 τοῦτο
3477 5416 3673 5487 βαθέως

2114 5517 2349 5588 εἴρηται,
2379 5515 2513 5570 ἀλλὰ
2544 5515 2638 5569 καὶ⁹
2674 5513 2808 5569 ἄλλα
2834 5512 3023 5568 πολλά.

2188 5711 2306 5764 ΛΖ⁹.
2353 5708 2440 5763 Ἐν
2465 5711 2522 5763 δὲ
2548 5707 2624 5779 τῷ
2656 5707 2881 5779 παρόντι
2917 5703 3096 5775 καιρῴ
3124 5698 3215 5757 διὰ
3258 5705 3357 5773 τὴν
3399 5697 3670 5767 συντομίαν

2121 5803 2278 5873 μόνον
2303 5805 2359 5856 tv
2389 5803 2686 5877 ὑπομνήσει
2711 5800 3010 5871 γεγένημαι
3034 5797 3110 5868 τῷ
3127 5797 3288 5868 λόγῳ,
3319 5798 3459 5860 ὅπως
3479 5792 3666 5865 γνῶσίν
