3790 6212
131 323 245 380 697

731 324 1094 381 ADVERSUS
1128 326 1464 383 [IERESES
1492 327 1618 382 LIB.
1659 328 1746 382 Ill.
1787 329 1948 385 T0“.
1989 331 2139 386 lI.-—
2187 330 2453 389 ILERES.
2496 333 2753 390 LXXVII.

3240 333 3351 396 693

128 443 180 494 oi
213 440 500 505 θεοσεϐεῖς,
533 441 614 495 ὅτι
657 443 819 496 παντί
850 443 1151 514 βουλομένῳ
1193 444 1536 514 ὑπερόαίνειν
1567 446 1691 508 τοὺς

1795 448 2023 516 ligiosus
2048 449 2282 520 quilibet
2317 450 2801 518 animadverteret,
2835 453 3146 522 quicunque
3177 454 3349 508 semel

127 533 295 601 ὅρους
334 533 428 601 τῆς
455 533 613 601 ἁγίας
659 533 793 586 Θεοῦ
836 535 1176 606 Ἐκκλησίας,
1221 537 1316 589 καί⁹
1344 535 1692 606 παραδόσεως

128 625 230 694 τῆς
282 625 619 695 προφητικῑκ
663 626 756 677 καὶ
803 626 1184 696 ἀποστολικῆς,
1237 627 1469 690 πίστεώς
1511 645 1568 679 τε
1600 627 1692 680 καὶ

125 715 475 778 διδασκαλίας
503 714 598 786 τὴν
619 715 826 781 ἐλπίδα,
855 717 962 770 ἀπὸ
984 718 1080 788 τῆς
1113 719 1238 788 μιᾶς
1269 719 1572 782 ὑποθέσεως
1599 717 1690 770 τοῦ

129 807 353 877 μικροῦ,
382 806 477 860 καὶ
507 806 732 878 βραχέος
765 807 922 876 λόγου
947 850 962 875 ,
1000 809 1138 862 κατὰ
1177 809 1238 862 τὸ
1267 811 1567 880 ἀκαριαῖον,
1600 810 1691 864 καὶ

127 901 295 970 τυχὸν
354 901 411 953 ὲν
468 899 798 972 παρεκϐάσει
855 900 1134 970 γινόμενος
1186 901 1546 971 φρονήματος,
1617 903 1692 962 εἰς

127 991 334 1054 πολλὰς
356 991 538 1044 λοιπὸν
581 991 911 1060 κενοφωνίας
955 991 1048 1045 καὶ
1091 992 1360 1062 σφαλερὰς
1389 993 1637 1056 ὑπονοίας
1663 991 1690 1042 6

127 1083 406 1154 λογισμὸς,
438 1083 530 1135 καὶ
561 1083 640 1146 είς
671 1083 1060 1152 ἀναρμόστους,
1093 1083 1185 1135 καὶ
1223 1082 1380 1149 ξένας
1414 1082 1687 1155 ζητήσεις,

126 1176 220 1228 καὶ
255 1175 592 1243 ἀπεράντους
614 1173 979 1243 γενεαλογίας,
1005 1174 1144 1228 κατὰ
1169 1175 1234 1229 τὰ
1259 1175 1362 1227 ὑπὸ
1392 1175 1485 1228 τοῦ
1526 1177 1690 1228 Ἀπο-

127 1267 320 1320 στὸλου
341 1267 619 1340 εἰρημένα,
640 1267 997 1338 τραπήσεται.
1024 1264 1174 1320 Εἶναι
1194 1266 1300 1337 γὰρ
1321 1266 1477 1320 τοῦτο
1499 1266 1691 1338 εὔηθες

125 1359 288 1423 πολὺ,
313 1361 408 1412 καὶ
445 1360 580 1430 μήτε
610 1358 796 1429 χρείαν
832 1357 953 1428 ἔχον
985 1358 1297 1430 ἑρμηνείας,
1335 1358 1494 1411 παντὶ
1523 1357 1690 1426 σαφές

124 1452 241 1503 ἐστι
269 1448 346 1520 τῷ
370 1451 580 1503 σύνεσιν
608 1449 946 1520 κεκτημένῳ,
977 1450 1058 1502 ὅτι
1085 1449 1202 1501 οὐδὲ
1235 1448 1503 1502 ἐπιδέεται
1529 1449 1691 1519 ζητή-

127 1559 264 1606 σεως
309 1541 588 1614 ἡτοιαύτη
635 1542 793 1610 σοφία
835 1543 928 1596 καὶ
979 1540 1231 1604 ὑπόθεσις
1279 1539 1370 1592 τοῦ
1415 1538 1589 1607 λόγου.
1626 1538 1689 1589 Εἰ

125 1633 230 1704 γὰρ
273 1631 598 1702 ὲγειρὸμεθα
647 1631 803 1683 πάλιν
832 1630 1270 1702 περιτέμνεσθαι,
1298 1629 1402 1682 τίνι
1430 1628 1508 1699 τῷ
1549 1628 1690 1699 λόγῳ

123 1727 182 1780 οὐ
221 1726 632 1797 προειλήφαμεν
670 1723 731 1778 τὸ
769 1722 1221 1794 περιτέμνεσθαι;
1251 1722 1392 1792 Ἀρα
1423 1715 1514 1772 οὖν
1550 1719 1690 1772 κατὰ

124 1816 282 1870 τοῦτο
307 1816 724 1888 ἀναγκαιότερος
748 1817 764 1846 ¹
791 1817 823 1886 ἡ
833 1813 946 1885 μῶν
972 1812 1326 1883 τυγχάνουσιν
1351 1811 1400 1863 ol
1427 1808 1688 1863 ἀπεντεῦ-

126 1910 214 1962 θεν
237 1909 300 1961 τὸ
331 1908 533 1962 τέλειον
571 1907 901 1976 ἐπιγνόντες,
928 1905 1018 1959 καὶ
1050 1903 1436 1976 προειληφότες
1458 1899 1684 1957 τελειοῦ-

129 2001 268 2066 σθαι,
299 2002 358 2054 ὲν
397 2005 463 2072 τῇ
507 2001 626 2054 τότε
679 1998 946 2072 μελλούσῃ
996 1997 1310 2068 τελειότητι.
1354 1995 1462 2050 Ποῦ
1493 1991 1584 2048 οὖν
1630 1993 1693 2047 τὸ

126 2093 273 2164 παρὰ
303 2091 383 2163 τῷ
436 2091 742 2161 Ἀποστόλῳ
787 2091 1109 2162 εἰρημένον,
1151 2090 1232 2142 ὅτι
1291 2087 1431 2142 Ἐὰν
1462 2087 1690 2156 περιτέ-

123 2189 374 2256 μνησθε,
393 2185 646 2255 Χριστὸς
679 2184 833 2255 ὑμᾶς
852 2183 1029 2237 οὐδὲν
1055 2182 1350 2253 ὠφελήσει
1369 2183 1514 2247 ptui,
1542 2183 1691 2234 Οἵτι-

126 2295 224 2342 νες
254 2278 326 2330 ἐν
351 2279 512 2347 νόμῳ
544 2275 904 2336 δικαιοῦσθε,
935 2273 1044 2344 τῆς
1069 2275 1308 2344 χάριτος
1331 2273 1687 2338 ἐξεπέσατεο

128 2370 217 2420 καὶ
262 2367 380 2430 πῶς
420 2369 481 2420 τὸ
523 2367 673 2438 παρὰ
718 2365 796 2437 τῷ
838 2365 1028 2436 Κυρίῳ
1072 2366 1384 2436 εἰρημένον·
1439 2365 1535 2417 Ἐν
1583 2365 1692 2434 γὰρ

129 2459 200 2527 τῇ
228 2459 558 2513 ἀναστάσει
589 2459 726 2513 οὔτε
754 2458 1071 2528 γαμοῦσιν,
1105 2459 1242 2512 οὔτε
1267 2459 1653 2528 γαμίσκονται
1671 2471 1685 2484 ’

130 2551 283 2603 ἀλλὰ
329 2549 638 2620 ἰσάγγελοι
674 2554 812 2605 εισι.
861 2549 934 2602 Τὸ
963 2548 1039 2614 δὲ,
1083 2548 1428 2615 Καθήσεσθε
1458 2549 1554 2600 ἐπὶ
1586 2545 1692 2614 τῆς

131 2642 410 2710 τραπέζης
431 2643 536 2698 τοῦ
565 2643 791 2710 Πατρός
799 2659 916 2712 μου
941 2641 1248 2706 ἐσθίοντες
1272 2641 1370 2694 καὶ
1391 2641 1686 2705 πίνοντεςο

133 2733 239 2796 καὶ,
274 2733 451 2785 Ὅταν
481 2733 624 2786 αὐτὸ
648 2732 759 2785 πίω
792 2733 1000 2785 καινὸν
1029 2729 1158 2799 μεθ’
1185 2729 1352 2798 ὑμῶν
1381 2728 1450 2781 ἐν
1476 2727 1549 2796 τῇ
1571 2729 1689 2792 ,βα-

134 2828 321 2893 σιλείᾳ
354 2825 472 2878 τῶν
494 2823 782 2893 οὐρανῶν,
829 2823 965 2895 μετὰ
993 2823 1307 2893 προσθήκης
1337 2821 1428 2874 τοῦ
1447 2823 1687 2874 καινόν’

133 2921 221 2972 καὶ
247 2920 326 2980 τὸ,
375 2917 502 2972 Ἑπί
530 2918 639 2984 τῆς
670 2915 955 2985 τραπέῶις
977 2915 1086 2982 τῆς
1114 2916 1436 2980 βασιλείας
1454 2954 1468 2976 ,
1507 2915 1690 2984 ἕτερον

134 3013 217 3063 τὸν
248 3011 374 3063 νοῦν
410 3010 677 3080 σημαίνει.
707 3009 816 3062 Καὶ
846 3008 954 3078 γὰρ
991 3009 1084 3062 καὶ
1111 3006 1261 3060 αὐτοί
1291 3024 1489 3076 φαμεν,
1523 3024 1690 3077 μεμα-

1791 544 2121 598 constitutos
2156 545 2210 597 in
2244 541 2488 598 Ecclesia
2521 545 2808 608 terminos,
2838 560 2901 600 ac
2944 546 3270 616 prophetica:
3297 557 3352 602 et.

1791 635 2106 704 apostolica:
2159 634 2304 697 lidei,
2355 649 2520 704 quam
2561 635 2815 689 traditam
2873 639 3208 706 accepi-mus,
3251 639 3352 693 do-

1790 727 2090 797 ctrinmque
2135 743 2285 796 spem
2332 727 2513 798 egredi
2554 729 2805 793 voluerit,
2846 729 2968 796 ejus
3007 731 3248 784 animum
3281 746 3353 786 ex

1791 821 2053 875 levissimi
2083 819 2319 889 alicujus
2365 821 2659 876 occasione
2689 819 2840 884 dicti,
2875 821 2928 872 iu
2957 837 3015 875 re
3045 823 3256 876 modica
3286 835 3354 875 ac

1790 914 1996 978 nullius
2018 929 2156 984 pene
2180 914 2444 968 momenti
2475 930 2505 966 a
2538 914 2810 976 communi
2837 913 2923 967 via
2951 912 3350 976 dellectentem,

1791 1003 1860 1058 ad
1896 1003 2232 1076 vanissimas
2277 1003 2510 1059 subinde
2551 1004 2910 1067 assertiones,
2944 1003 3352 1072 periculosissi-

1788 1109 2014 1164 masque
2053 1095 2377 1158 sententias,
2421 1103 2476 1150 et
2519 1095 2587 1148 ad
2629 1094 2898 1150 absurdas
2942 1109 3008 1149 ac
3036 1095 3355 1164 peregrinas

1788 1182 2140 1253 quaestiones,
2172 1192 2356 1254 atque,
2385 1191 2445 1237 ut
2469 1183 2764 1254 Apostolus
2791 1183 3034 1254 loquitur
3055 1185 3100 1248 ¹,
3126 1184 3354 1238 inextri-

1785 1276 1992 1330 cabiles
2026 1276 2390 1346 genealogias,
2432 1290 2557 1330 esse
2600 1276 2898 1345 lapsurum.
2931 1275 3085 1341 Quod
3134 1274 3353 1344 quidem

1791 1367 1856 1421 ad
1891 1366 1942 1420 id
1971 1365 2036 1420 de
2061 1381 2171 1437 quo
2199 1366 2252 1419 in
2296 1368 2588 1437 praesentia
2618 1382 2800 1421 sermo
2832 1375 2936 1429 est,
2969 1366 3182 1427 attinet,
3213 1365 3356 1420 stul-

1791 1459 2071 1514 tissimum
2139 1459 2282 1514 istud
2343 1475 2500 1525 esse,
2565 1475 2742 1530 neque
2799 1459 3158 1528 explicatione
3214 1472 3354 1527 opus

1789 1549 2014 1614 habere,
2055 1548 2307 1619 quisquis
2334 1549 2618 1619 paululum
2667 1549 3104 1618 sapitil‘acillime
3147 1563 3357 1618 cogno-

1787 1640 1911 1704 scit,
1941 1655 2043 1695 nec
2080 1640 2136 1716 in
2167 1640 2439 1710 ejusmodi
2489 1640 2757 1710 sapientia
2787 1640 3150 1709 opinioneque
3187 1640 3352 1710 quid-

1791 1747 1954 1801 quam
1993 1747 2136 1798 esse,
2181 1731 2325 1802 quod
2359 1731 2765 1803 inquisitibnem
2795 1731 3083 1786 desideret.
3127 1727 3263 1783 Nam
3303 1728 3354 1785 si

1792 1823 1971 1878 denuo
2000 1831 2059 1877 ut
2091 1822 2548 1878 circumcidamur
2579 1823 2933 1892 resurgimus,
2971 1836 3070 1875 cur
3101 1836 3207 1874 non
3246 1821 3353 1874 cir-

1791 1914 2179 1970 cumcisionem
2221 1913 2644 1970 antevertimus?
2677 1911 2819 1966 Sane
2862 1912 2953 1982 qui
3003 1911 3058 1964 in
3107 1911 3208 1965 hac
3241 1911 3351 1964 vita

1791 2005 2046 2074 idipsum,
2089 2005 2235 2076 quod
2272 2004 2579 2075 perfectum
2619 2003 2870 2066 habetur,
2905 2003 3112 2072 1032
3145 2016 3351 2072 cogno-

1790 2099 1990 2162 verint,
2023 2106 2077 2153 et
2118 2105 2270 2152 tanto
2302 2105 2428 2152 ante
2467 2110 2735 2166 usurpare
2769 2096 3053 2164 cmperiut,
3101 2095 3352 2148 luculen-

1790 2189 1903 2244 tius
1928 2189 1995 2242 ad
2030 2188 2266 2243 futuram
2297 2188 2440 2244 illam
2470 2186 2855 2258 perfectionem
2881 2183 3232 2239 obtinendam
3260 2185 3356 2253 jus

1790 2283 1935 2338 nacti
1979 2288 2127 2336 sunt.
2189 2279 2461 2346 Quorsum
2514 2279 2679 2348 igitur
2728 2277 2795 2330 ab
2848 2276 3103 2344 Apostolo
3146 2275 3351 2330 dictum

1789 2381 1903 2430 est:
1951 2373 2010 2427 Si
2041 2370 2514 2434 circumcidamini,
2553 2368 2797 2424 Christus
2840 2367 2970 2421 nihil
3019 2366 3162 2422 vobis
3193 2365 3359 2435 prod-

1789 2468 1888 2519 erit
1911 2465 1968 2518 ’?
1997 2463 2127 2518 Item
2155 2481 2168 2517 :
2198 2462 2302 2528 Qui
2333 2463 2386 2516 in
2413 2463 2519 2532 lege
2537 2461 2935 2530 justiﬁcamiui,
2960 2477 2991 2512 a
3012 2460 3188 2530 gratia
3215 2459 3358 2512 exci-

1790 2557 1944 2611 distis
1966 2556 2009 2608 δ.
2062 2555 2200 2608 Τυπι
2253 2554 2384 2608 illud
2441 2555 2604 2607 etiam
2659 2552 2959 2606 Salvatoris
3006 2550 3256 2604 dictum:
3293 2547 3359 2601 In

1790 2648 2177 2703 resurrectione
2210 2648 2348 2700 enim
2389 2663 2550 2715 neque
2581 2645 2780 2698 ducunt
2810 2651 3021 2705 uxores",
3065 2657 3224 2711 neque
3260 2656 3358 2693 nu—

1793 2740 1918 2794 bunt
1937 2756 1956 2804 ;
1991 2739 2080 2794 sed
2112 2739 2338 2808 wquales
2369 2747 2493 2791 sunt
2518 2737 2717 2806 angelis
2740 2736 2781 2788 ⁸.
2817 2733 2973 2800 Quod
3005 2743 3184 2786 autem
3219 2731 3360 2787 scri-

1789 2839 1942 2903 ptum
1975 2840 2058 2886 est
2091 2849 2103 2884 :
2139 2829 2396 2884 Sedebitis
2432 2827 2499 2882 ad
2530 2842 2762 2881 mensam
2823 2824 3006 2878 Patris
3053 2823 3176 2886 mei,
3215 2838 3360 2875 com-

1789 2925 1996 2980 edentes
2035 2933 2088 2977 et
2129 2922 2353 2976 bibentes
2371 2923 2415 2983 ⁸,
2468 2927 2521 2974 et
2568 2918 2742 2974 :Cum
2779 2917 2911 2970 illud
2951 2914 3126 2969 bibam
3171 2931 3358 2968 novum

1791 3020 2054 3073 uobiscum
2082 3016 2137 3068 in
2183 3030 2339 3083 regno
2371 3011 2617 3066 calorum
2639 3013 2683 3075 ⁷,
2711 3027 2774 3067 ex
2809 3026 2874 3066 eo
2910 3010 3057 3080 quod
3101 3009 3354 3072 additur,

137 3103 351 3173 θηκότες
396 3103 501 3155 ἀπὸ
533 3102 640 3155 τῶν
673 3101 830 3154 θείων
874 3101 1064 3168 λόγων,
1115 3099 1408 3170 μετάληψίν
1446 3117 1564 3152 τινα
1593 3099 1687 3152 πόα

1794 3125 1994 3170 novum,
2051 3115 2126 3173 et,
2162 3107 2229 3160 ad
2264 3121 2498 3160 mensam
2529 3104 2704 3173 regni,
2742 3103 2850 3157 alio
2881 3117 3044 3158 sensu
3081 3100 3357 3169 accipien-

140 3209 294 3261 ματος
333 3192 431 3245 καὶ
462 3189 746 3262 βρώματος
790 3189 1090 3261 ἀμϐροσίου
1115 3205 1128 3218 ο
1180 3191 1306 3260 περὶ
1336 3183 1409 3241 ὧν
1453 3188 1685 3260 εἴρηται,

135 3285 208 3336 ὅτι
241 3285 311 3337 ⁶⁹Α
345 3281 651 3352 ὀφθαλμὸς
693 3284 803 3335 οὐκ
841 3278 984 3345 οἵδε,
1019 3281 1116 3333 καὶ
1156 3277 1265 3346 οὖς
1294 3284 1404 3334 οὐκ
1443 3279 1686 3348 ἤκουσε,

138 3375 224 3429 καὶ
255 3375 352 3428 ἐπὶ
389 3373 636 3442 καρδίαν
660 3373 970 3440 ἀνθρώπου
1005 3376 1113 3426 οὐκ
1147 3373 1328 3441 ἀνέϐη
1348 3388 1360 3400 '
1393 3371 1431 3426 (2
1453 3373 1692 3443 ἡτοιμα-

138 3485 240 3521 σεν
266 3471 298 3521 ὀ
329 3466 477 3532 Θεὸς
505 3465 627 3532 τοῖς
657 3463 969 3534 ἀγαπῶσιν
999 3467 1201 3520 αὐτόν.

207 3741 328 3794 ΑΠ’.
374 3739 535 3795 Ἀλλά
577 3757 757 3810 φησιν,
788 3740 870 3793 ὅτι
953 3738 1174 3810 Πρῶτον
1202 3740 1301 3810 μὲν
1328 3742 1384 3794 ὲν
1407 3741 1470 3811 τῇ
1501 3739 1696 3810 χιλιον-

141 3830 408 3902 ταετηρίδι
437 3830 544 3882 τῶν
576 3829 819 3898 φυσικῶν
853 3829 1336 3900 μεταλαμϐάνομεν
1375 3830 1543 3901 ἡδέων
1566 3831 1692 3884 ἄνευ

144 3923 379 3992 καμάτου
430 3923 521 3975 καὶ
555 3922 762 3991 λύπηςο
800 3919 938 3990 μετὰ
982 3920 1038 3974 δὲ
1071 3920 1167 3992 τὴν
1215 3920 1691 3992 χιλιονταετηρίδα,

143 4015 252 4068 τότε
295 4015 780 4086 μεταλαμϐάνομεν
810 4007 884 4067 ὧν
918 4013 1152 4084 εἴρηται,
1204 4016 1340 4068 κατὰ
1372 4014 1432 4066 τὸ
1473 4013 1696 4084 εἰρημέο

144 4123 223 4161 νον
237 4124 250 4140 ο
275 4109 340 4164 Ἀ
363 4108 670 4178 ὀφθαλμὸς
690 4109 802 4162 οὐκ
823 4106 967 4170 οἶδε,
986 4108 1083 4161 καί
1108 4103 1217 4173 οὖς
1237 4109 1345 4162 οὐκ
1366 4105 1648 4174 ἤκουσεν.
1674 4180 1682 4189 1

218 4285 511 4348 Ἀντίθετος
554 4283 610 4337 δέ
643 4286 790 4337 ἐστιν
819 4285 848 4336 6
895 4284 1052 4353 λόγος
1092 4283 1227 4354 πρὸς
1251 4283 1347 4354 τὴν
1377 4285 1555 4336 πᾶσαν
1595 4281 1696 4353 τῆς

149 4376 352 4446 Γραφῆς
386 4377 637 4449 θεωρίαν.
669 4377 732 4429 Εἰ
775 4376 881 4446 γὰρ
911 4378 938 4429 6
969 4377 1132 4446 νόμος
1161 4375 1346 4428 οὐδένα
1394 4373 1690 4435 ἐτελείωσε,

1791 3203 1921 3257 dum
1958 3200 2093 3253 illud
2129 3198 2395 3253 videtur;
2422 3195 2636 3265 Quippe
2684 3203 2738 3248 et
2791 3208 2910 3256 uos,
2940 3192 2994 3246 id
3023 3191 3169 3262 quod
3200 3207 3230 3246 e
3271 3206 3359 3244 sa-

1791 3293 1902 3347 cris
1927 3289 2108 3345 Libris
2151 3287 2467 3351 didicimus,
2509 3294 2698 3356 potum
2751 3299 2815 3338 ac
2853 3284 3035 3338 cibum
3069 3283 3358 3352 quemdam

1792 3385 1904 3438 illic
1934 3381 2268 3437 ambrosium
2316 3393 2440 3434 esse
2472 3377 2837 3442 defendimus,
2870 3377 2937 3432 de
2982 3377 3180 3446 quibus
3221 3377 3361 3429 scri-

1791 3479 1943 3542 ptum
1969 3478 2052 3526 est
2084 3469 2253 3535 :Quae
2307 3468 2491 3522 oculus
2513 3484 2617 3522 non
2653 3466 2809 3532 vidit,
2849 3483 2943 3521 nec
2983 3467 3129 3522 auris
3164 3465 3359 3528 audiit,

1791 3579 1951 3633 neque
1994 3564 2049 3616 in
2096 3578 2186 3615 cor
2233 3560 2456 3616 hominis
2495 3558 2872 3624 ascenderant;
2901 3575 3017 3628 quae
3042 3559 3366 3626 pra’paravit.

1791 3654 1932 3709 Deus
1961 3651 2296 3722 diligentibus
2321 3667 2376 3706 se
2397 3652 2439 3715 ἓ.
2473 3670 2475 3672 ·

1865 3745 2146 3800 XXXVIII.
2191 3744 2295 3798 Sed
2345 3744 2420 3797 ita
2455 3743 2545 3798 ille
2584 3742 2774 3798 statuit
2807 3737 3090 3795 :Primum
3142 3739 3200 3794 in
3240 3745 3356 3792 toto

1793 3840 1887 3894 illo
1913 3835 2222 3890 milleuario
2248 3833 2531 3888 curriculo
2565 3830 2908 3886 naturalibus
2936 3846 3038 3885 nos
3066 3829 3360 3899 voluptati-

1792 3932 1896 3986 bus
1925 3944 2045 3984 esse
2084 3927 2368 3987 fruituros,
2398 3925 2584 3979 labore
2631 3923 2779 3978 omni
2811 3939 2876 3978 ac
2905 3923 3090 3978 dolore
3113 3924 3349 3982 sublato.

1791 4036 1902 4092 quo
1958 4017 2176 4090 quidem
2239 4018 2455 4072 evoluto
2507 4024 2776 4083 tempore,
2818 4029 3006 4068 eorum
3051 4027 3172 4082 ilum
3211 4013 3357 4066 dicta

1793 4121 1940 4179 sum,
1996 4108 2289 4181 participes
2338 4108 2576 4160 futuros.
2617 4106 2770 4172 Quod
2808 4105 2920 4160 hinc
2967 4106 3129 4159 verba
3174 4103 3356 4158 decla-

1793 4210 1918 4257 rant
1946 4221 1959 4256 :
1992 4203 2124 4268 Qua:
2156 4217 2246 4256 nec
2265 4199 2449 4254 oculus
2471 4197 2621 4260 vidit,
2655 4213 2746 4250 nec
2774 4197 2918 4249 auris
2958 4194 3181 4248 audivit.

1866 4293 2065 4349 Verum
2115 4293 2200 4348 hic
2246 4293 2462 4346 illorum
2522 4305 2705 4345 sermo
2755 4287 3010 4341 omnibus
3060 4284 3357 4354 Scriptura:

1798 4386 2084 4442 sententiis
2123 4393 2405 4456 repugnat.
2446 4382 2582 4436 Cum
2613 4382 2759 4435 enim
2793 4380 2878 4435 lex
2921 4378 3190 4443 neminem
3231 4392 3356 4446 per-

150 4469 294 4539 νόμον
313 4470 370 4523 δὲ
405 4469 544 4541 μετὰ
585 4469 878 4523 ἀνάστασιν
913 4467 1199 4538 φυλάττειν
1229 4466 1690 4538 προσταττόμεθα,

1798 4478 1998 4533 fectum
2050 4476 2364 4541 reddiderit,
2421 4482 2475 4529 et
2513 4474 2758 4529 eamdem
2812 4480 2991 4526 tamen
3032 4469 3205 4538 legem
3236 4477 3358 4538 post

151 4563 234 4614 iui
254 4563 333 4616 ὅτι
365 4560 518 4629 ἅγιος
558 4561 720 4630 νόμος
750 4562 778 4613 6
808 4559 896 4612 διὰ
934 4558 1210 4621 Μωῦσέως
1249 4557 1352 4609 ὑπὸ
1381 4556 1583 4628 Κυρίου
1615 4555 1697 4608 δο-

153 4655 255 4720 θεὶς
282 4655 627 4725 παιδαγωγὸς
664 4656 743 4719 εἰς
774 4653 1006 4725 Χριστὸν
1033 4655 1162 4724 ἡμῖν
1193 4651 1433 4720 γέγονεν,
1456 4651 1531 4714 ὡς
1567 4651 1698 4704 ὑπο-

153 4747 411 4822 δεέστερος
446 4747 555 4801 τῶν
591 4746 980 4817 τελειουμένων
1001 4745 1080 4815 τῷ
1111 4742 1336 4814 μείζονι,
1372 4744 1466 4797 καὶ
1497 4743 1696 4796 τελειο-

154 4840 281 4912 τάτῳ
340 4841 638 4911 προσάγειν
695 4837 1142 4908 πεπιστευμένος.
1202 4835 1437 4908 Χριστοῦ
1495 4837 1551 4890 δὲ
1601 4836 1694 4890 τοῦ

156 4932 337 4986 τελείου
367 4933 634 4996 ἐλθόντος,
653 4932 748 4985 καὶ
775 4930 1063 4991 Δεσπότου,
1095 4929 1189 4982 καὶ
1214 4925 1604 4999 παρεδιληῳότος
1634 4929 1696 4980 ὲκ

158 5025 316 5096 χειρὸς
343 5026 435 5079 τοῦ
471 5026 986 5096 παιδαγωγήσαντος
1025 5021 1118 5074 τὸν
1139 5020 1508 5090 εἰσαγόμενον,
1537 5037 1694 5072 τουτ-

161 5117 258 5169 έστι
282 5119 385 5172 τῶν
416 5118 625 5170 πιστῶν
665 5117 763 5187 τὴν
816 5115 978 5185 ἁγίαν
1008 5113 1302 5185 Παρθένον,
1342 5113 1435 5166 καὶ
1471 5111 1697 5182 Ἐκκλη-

164 5207 286 5270 σίαν.
315 5209 572 5281 ωὶὴμῶν
589 5209 936 5277 ὲπιγνὸντων,
970 5206 1059 5260 διὰ
1088 5207 1186 5277 μὲν
1223 5205 1388 5276 νόμου
1418 5205 1511 5258 τοῦ
1541 5204 1696 5258 παιδ-

164 5301 356 5366 αγωγοῦ
397 5301 489 5352 τὸν
549 5297 772 5370 μείζονα
820 5298 915 5351 καὶ
963 5296 1250 5368 τελειωτὴν
1301 5295 1526 5367 Ἰησοῦν,
1580 5295 1697 5360 πῶς

165 5389 267 5459 οὐχ).
307 5392 498 5460 μᾶλλον
539 5390 796 5464 βραχείας
834 5390 1041 5452 ὲννοίας
1087 5390 1182 5442 καὶ
1214 5390 1465 5459 εὐηθείας
1500 5389 1699 5459 μᾶλλον

167 5477 476 5552 δειχθήσεται
497 5485 535 5555 ,ὁ
574 5483 729 5550 λόγος
765 5480 872 5534 τῶν
912 5481 980 5534 τὰ
1021 5480 1244 5534 τοιαῦτα
1293 5479 1576 5549 λεγόντων,
1614 5481 1698 5534 ὄτι

873 5665 894 5694 ³
924 5660 1104 5716 lTim.
1140 5677 1175 5726 ι,
1212 5662 1264 5716 4.

229 5660 245 5736 ξ
275 5659 780 5736 [ἀναγκαιότερονε
873 5665 894 5694 ³
924 5660 1175 5736 ΙΤίῐηηῐ,
1334 5661 1386 5736 ,⁸
1415 5660 1530 5717 Gal.
1563 5679 1621 5724 ll,
1653 5664 1705 5718 5.

173 5725 192 5763 ⁶
218 5727 336 5789 Luc.
367 5725 494 5796 uti.
519 5735 606 5790 30.

1791 4569 2242 4625 resurrectionem
2290 4568 2582 4622 observare
2631 4581 2730 4620 uos
2787 4563 3019 4632 jubeant
3061 4580 3075 4615 :
3122 4574 3358 4630 cumque

1793 4672 1979 4719 sancta
2012 4662 2102 4714 illa
2133 4661 2240 4725 lex,
2275 4674 2440 4730 quam
2480 4675 2576 4729 per
2607 4656 2842 4721 Moysem
2889 4654 3152 4709 Dominus
3194 4651 3357 4707 nobis

1792 4757 1979 4822 edidit,
2037 4755 2312 4826 paedagogi
2363 4771 2464 4810 nos
2517 4753 2731 4809 instar’
2772 4749 2840 4804 ad
2896 4748 3174 4804 Christum
3217 4761 3358 4816 .per-

1793 4850 2031 4913 duxerit,
2069 4848 2181 4910 cui,
2223 4848 2369 4917 quod
2409 4847 2571 4916 longe
2621 4842 2888 4899 absolutis
2938 4841 3047 4894 illis
3089 4853 3154 4893 ac
3187 4837 3357 4908 perle-

1792 4942 1898 4999 ctis
1930 4951 2075 4998 esset
2100 4939 2350 5002 inferior,
2386 4937 2572 4992 datum
2617 4936 2892 5006 negotium
2925 4942 3028 4994 est,
3064 4941 3123 4985 ut
3156 4944 3256 4984 nos
3285 4927 3353 4981 ad

1791 5031 2154 5090 excellentius
2211 5029 2343 5084 illud
2373 5067 2388 5092 ,
2437 5042 2502 5081 ac
2561 5027 2710 5080 velut
2761 5031 2926 5094 caput
2977 5034 3354 5088 summumque

1793 5123 2111 5186 deduceret,
2167 5135 2289 5173 cum
2322 5127 2444 5190 post
2495 5118 2609 5171 hinc
2657 5115 2910 5170 Christus
2942 5112 3213 5184 perfectus
3262 5111 3353 5165 ille

1793 5229 1857 5269 ac
1891 5213 2154 5268 Dominus
2189 5209 2485 5270 advenerit,
2508 5221 2571 5261 ac
2589 5207 2654 5259 de
2672 5205 2945 5275 paedagogi
2981 5218 3141 5256 manu
3180 5201 3351 5254 alum-

1794 5320 1924 5360 num
1984 5319 2047 5359 ac
2106 5303 2360 5366 tironem,
2423 5299 2526 5353 hoc
2568 5305 2654 5352 est
2709 5297 2989 5350 collectam
3027 5311 3058 5349 e
3105 5292 3350 5347 ﬁdelibus

1795 5396 2127 5457 Ecclesium,
2184 5392 2329 5446 velut
2374 5391 2666 5460 quamdam
2718 5387 2985 5456 virginem
3041 5383 3350 5452 acceperit;

1797 5489 1932 5542 adeo
1980 5494 2037 5540 ut
2082 5482 2511 5554 praestantiorem
2566 5478 2756 5539 alium,
2793 5475 3046 5528 nimirum
3097 5486 3347 5526 consum-

2272 5654 2293 5686 ⁸
2330 5652 2515 5708 Matth.
2545 5665 2680 5716 xxu,
2744 5646 2844 5714 50;
2931 5642 3062 5701 Luc.
3121 5661 3214 5712 ιι,
3265 5639 3340 5700 55

1814 5660 1836 5691 ⁸
1867 5659 1983 5714 Gal.
2025 5674 2077 5714 ν.
2111 5657 2166 5712 4.

681 5737 700 5767 ⁷
732 5733 895 5789 Marc.
927 5749 1034 5795 xiv,
1059 5732 1146 5786 24.
1223 5733 1244 5764 ⁸
1281 5730 1449 5786 ICor.
1487 5750 1543 5796 ιι,
1574 5735 1627 5790 9.
1706 5734 1726 5766 ⁹
1750 5731 1866 5786 Gal.
1901 5745 1982 5795 su,
2023 5727 2110 5782 24.
