  <div class='ocr_page' id='page_1' title='image "/cluster/home/n/w/nwhite01/storage/ocr_20150623/42/hvd.32044011752995/349.png"; bbox 0 0 3838 6334; ppageno 0'>
   <div class='ocr_carea' id='block_1_1' title="bbox 396 384 1912 447">
    <p class='ocr_par' dir='ltr' id='par_1_1' title="bbox 396 384 1912 443">
     <span class='ocr_line' id='line_1_1' title="bbox 396 384 1912 443; baseline 0 0"><span class='ocrx_word' id='word_1_1' title='bbox 396 384 505 443; x_wconf 70' lang='grc'><strong>699</strong></span> <span class='ocrx_word' id='word_1_2' title='bbox 1796 387 1853 443; x_wconf 87' lang='lat' dir='ltr'><strong>S.</strong></span> <span class='ocrx_word' id='word_1_3' title='bbox 1885 387 1912 443; x_wconf 73' lang='grc' dir='ltr'>Ε</span> 
     </span>
    </p>
   </div>
   <div class='ocr_carea' id='block_1_2' title="bbox 2189 384 3705 447">
    <p class='ocr_par' dir='ltr' id='par_1_2' title="bbox 2189 387 3705 446">
     <span class='ocr_line' id='line_1_2' title="bbox 2189 387 3705 446; baseline 0 0"><span class='ocrx_word' id='word_1_4' title='bbox 2189 391 2226 446; x_wconf 88' lang='lat' dir='ltr'><strong>ll</strong></span> <span class='ocrx_word' id='word_1_5' title='bbox 3594 387 3705 446; x_wconf 79' lang='lat'><strong>700</strong></span> 
     </span>
    </p>
   </div>
   <div class='ocr_carea' id='block_1_3' title="bbox 399 499 1915 578">
    <p class='ocr_par' dir='ltr' id='par_1_3' title="bbox 399 499 1915 573">
     <span class='ocr_line' id='line_1_3' title="bbox 399 499 1915 573; baseline 0.002 -19"><span class='ocrx_word' id='word_1_6' title='bbox 399 507 666 555; x_wconf 74' lang='lat' dir='ltr'><strong>maiorem</strong></span> <span class='ocrx_word' id='word_1_7' title='bbox 694 499 907 565; x_wconf 79' lang='lat' dir='ltr'><strong>.lesum,</strong></span> <span class='ocrx_word' id='word_1_8' title='bbox 943 499 1099 566; x_wconf 73' lang='lat' dir='ltr'><strong>legis,</strong></span> <span class='ocrx_word' id='word_1_9' title='bbox 1140 501 1219 555; x_wconf 89' lang='lat' dir='ltr'><strong>sic</strong></span> <span class='ocrx_word' id='word_1_10' title='bbox 1251 509 1509 571; x_wconf 98' lang='lat' dir='ltr'><strong>tanquam</strong></span> <span class='ocrx_word' id='word_1_11' title='bbox 1540 500 1842 573; x_wconf 71' lang='lat' dir='ltr'><strong>pmdagogi,</strong></span> <span class='ocrx_word' id='word_1_12' title='bbox 1887 502 1915 557; x_wconf 89' lang='lat' dir='ltr'><strong>b</strong></span> 
     </span>
    </p>
   </div>
   <div class='ocr_carea' id='block_1_4' title="bbox 2190 499 3706 578">
    <p class='ocr_par' dir='ltr' id='par_1_4' title="bbox 2190 504 3706 578">
     <span class='ocr_line' id='line_1_4' title="bbox 2190 504 3706 578; baseline 0.001 -21"><span class='ocrx_word' id='word_1_13' title='bbox 2190 506 2230 557; x_wconf 74' lang='grc' dir='ltr'>’ἀ</span> <span class='ocrx_word' id='word_1_14' title='bbox 2274 504 2371 576; x_wconf 78' lang='grc' dir='ltr'>τὴν</span> <span class='ocrx_word' id='word_1_15' title='bbox 2398 504 2491 559; x_wconf 81' lang='grc' dir='ltr'>τοῦ</span> <span class='ocrx_word' id='word_1_16' title='bbox 2522 505 2761 578; x_wconf 82' lang='grc' dir='ltr'><strong>Χριστοῦ</strong></span> <span class='ocrx_word' id='word_1_17' title='bbox 2810 505 3087 561; x_wconf 71' lang='grc' dir='ltr'><strong>τελείωσιν</strong></span> <span class='ocrx_word' id='word_1_18' title='bbox 3120 505 3276 561; x_wconf 75' lang='grc' dir='ltr'>πάλιν</span> <span class='ocrx_word' id='word_1_19' title='bbox 3304 504 3706 573; x_wconf 75' lang='grc' dir='ltr'>παιδαγωγοῦ</span> 
     </span>
    </p>
   </div>
   <div class='ocr_carea' id='block_1_5' title="bbox 402 594 1918 671">
    <p class='ocr_par' dir='ltr' id='par_1_5' title="bbox 402 594 1918 666">
     <span class='ocr_line' id='line_1_5' title="bbox 402 594 1918 666; baseline 0.001 -19"><span class='ocrx_word' id='word_1_20' title='bbox 402 594 598 647; x_wconf 82' lang='lat' dir='ltr'><strong>netich</strong></span> <span class='ocrx_word' id='word_1_21' title='bbox 651 594 1105 663; x_wconf 80' lang='lat' dir='ltr'><strong>cognoverimus;</strong></span> <span class='ocrx_word' id='word_1_22' title='bbox 1151 609 1333 649; x_wconf 83' lang='lat' dir='ltr'><strong>nonne</strong></span> <span class='ocrx_word' id='word_1_23' title='bbox 1385 610 1596 649; x_wconf 89' lang='lat' dir='ltr'><strong>summa</strong></span> <span class='ocrx_word' id='word_1_24' title='bbox 1647 611 1715 650; x_wconf 82' lang='lat' dir='ltr'><strong>ex</strong></span> <span class='ocrx_word' id='word_1_25' title='bbox 1767 596 1918 666; x_wconf 69' lang='lat' dir='ltr'><strong>ingeri</strong></span> 
     </span>
    </p>
   </div>
   <div class='ocr_carea' id='block_1_6' title="bbox 2193 594 3709 671">
    <p class='ocr_par' dir='ltr' id='par_1_6' title="bbox 2193 596 3709 671">
     <span class='ocr_line' id='line_1_6' title="bbox 2193 596 3709 671; baseline 0.001 -23"><span class='ocrx_word' id='word_1_26' title='bbox 2193 596 2254 660; x_wconf 73' lang='grc' dir='ltr'>ἴα,</span> <span class='ocrx_word' id='word_1_27' title='bbox 2285 598 2433 662; x_wconf 83' lang='grc' dir='ltr'>ὅπως</span> <span class='ocrx_word' id='word_1_28' title='bbox 2476 599 2894 671; x_wconf 67' lang='grc' dir='ltr'><strong>ἐπιστρέψωμεν</strong></span> <span class='ocrx_word' id='word_1_29' title='bbox 2919 600 3012 651; x_wconf 75' lang='grc' dir='ltr'>ἐπὶ</span> <span class='ocrx_word' id='word_1_30' title='bbox 3048 598 3146 669; x_wconf 71' lang='grc' dir='ltr'>τὴν</span> <span class='ocrx_word' id='word_1_31' title='bbox 3186 598 3367 668; x_wconf 81' lang='grc' dir='ltr'>ἀρχὴν</span> <span class='ocrx_word' id='word_1_32' title='bbox 3392 598 3522 650; x_wconf 80' lang='grc' dir='ltr'><strong>τῶν</strong></span> <span class='ocrx_word' id='word_1_33' title='bbox 3560 614 3709 649; x_wconf 72' lang='grc' dir='ltr'>στοι-</span> 
     </span>
    </p>
   </div>
   <div class='ocr_carea' id='block_1_7' title="bbox 404 684 1920 761">
    <p class='ocr_par' dir='ltr' id='par_1_7' title="bbox 404 684 1920 755">
     <span class='ocr_line' id='line_1_7' title="bbox 404 684 1920 755; baseline 0.002 -18"><span class='ocrx_word' id='word_1_34' title='bbox 404 684 587 754; x_wconf 88' lang='lat' dir='ltr'><strong>inopia</strong></span> <span class='ocrx_word' id='word_1_35' title='bbox 638 700 702 738; x_wconf 87' lang='lat' dir='ltr'><strong>ac</strong></span> <span class='ocrx_word' id='word_1_36' title='bbox 758 685 991 738; x_wconf 71' lang='lat' dir='ltr'><strong>stultitia</strong></span> <span class='ocrx_word' id='word_1_37' title='bbox 1035 684 1339 754; x_wconf 88' lang='lat' dir='ltr'><strong>profectum</strong></span> <span class='ocrx_word' id='word_1_38' title='bbox 1382 694 1489 750; x_wconf 87' lang='lat' dir='ltr'><strong>est,</strong></span> <span class='ocrx_word' id='word_1_39' title='bbox 1525 685 1670 755; x_wconf 88' lang='lat' dir='ltr'><strong>quod</strong></span> <span class='ocrx_word' id='word_1_40' title='bbox 1721 686 1791 741; x_wconf 75' lang='lat' dir='ltr'><strong>ab</strong></span> <span class='ocrx_word' id='word_1_41' title='bbox 1826 686 1920 740; x_wconf 70' lang='lat' dir='ltr'><strong>illi:</strong></span> 
     </span>
    </p>
   </div>
   <div class='ocr_carea' id='block_1_8' title="bbox 2194 684 3710 761">
    <p class='ocr_par' dir='ltr' id='par_1_8' title="bbox 2194 686 3710 761">
     <span class='ocr_line' id='line_1_8' title="bbox 2194 686 3710 761; baseline -0.001 -20"><span class='ocrx_word' id='word_1_42' title='bbox 2194 705 2260 753; x_wconf 89' lang='grc' dir='ltr'><strong>›ν,</strong></span> <span class='ocrx_word' id='word_1_43' title='bbox 2296 693 2389 743; x_wconf 78' lang='grc' dir='ltr'>καὶ</span> <span class='ocrx_word' id='word_1_44' title='bbox 2437 689 2677 760; x_wconf 83' lang='grc' dir='ltr'><strong>διδαχῆς,</strong></span> <span class='ocrx_word' id='word_1_45' title='bbox 2710 690 2805 743; x_wconf 68' lang='grc' dir='ltr'><strong>καὶ</strong></span> <span class='ocrx_word' id='word_1_46' title='bbox 2847 689 3145 752; x_wconf 75' lang='grc' dir='ltr'>ἐπιθέσεως</span> <span class='ocrx_word' id='word_1_47' title='bbox 3169 689 3373 761; x_wconf 85' lang='grc' dir='ltr'>χειρῶν</span> <span class='ocrx_word' id='word_1_48' title='bbox 3398 732 3417 756; x_wconf 89' lang='grc'><strong>,</strong></span> <span class='ocrx_word' id='word_1_49' title='bbox 3458 687 3622 741; x_wconf 78' lang='grc' dir='ltr'>κατὰ</span> <span class='ocrx_word' id='word_1_50' title='bbox 3646 686 3710 740; x_wconf 84' lang='grc' dir='ltr'><strong>τδ</strong></span> 
     </span>
    </p>
   </div>
   <div class='ocr_carea' id='block_1_9' title="bbox 404 776 1920 854">
    <p class='ocr_par' dir='ltr' id='par_1_9' title="bbox 404 776 1909 847">
     <span class='ocr_line' id='line_1_9' title="bbox 404 776 1909 847; baseline 0.001 -17"><span class='ocrx_word' id='word_1_51' title='bbox 404 776 675 847; x_wconf 76' lang='lat' dir='ltr'><strong>dogmatis</strong></span> <span class='ocrx_word' id='word_1_52' title='bbox 703 780 949 846; x_wconf 81' lang='lat' dir='ltr'><strong>patronis</strong></span> <span class='ocrx_word' id='word_1_53' title='bbox 989 778 1295 833; x_wconf 85' lang='lat' dir='ltr'><strong>asseritur:</strong></span> <span class='ocrx_word' id='word_1_54' title='bbox 1327 788 1449 847; x_wconf 88' lang='lat' dir='ltr'><strong>post</strong></span> <span class='ocrx_word' id='word_1_55' title='bbox 1479 779 1733 833; x_wconf 85' lang='lat' dir='ltr'><strong>collatam</strong></span> <span class='ocrx_word' id='word_1_56' title='bbox 1762 779 1909 834; x_wconf 86' lang='lat' dir='ltr'><strong>illam</strong></span> 
     </span>
    </p>
   </div>
   <div class='ocr_carea' id='block_1_10' title="bbox 2194 776 3710 854">
    <p class='ocr_par' dir='ltr' id='par_1_10' title="bbox 2194 781 3710 854">
     <span class='ocr_line' id='line_1_10' title="bbox 2194 781 3710 854; baseline 0.003 -22"><span class='ocrx_word' id='word_1_57' title='bbox 2194 782 2504 851; x_wconf 81' lang='grc' dir='ltr'>ραμμένον;</span> <span class='ocrx_word' id='word_1_58' title='bbox 2565 783 2750 852; x_wconf 76' lang='grc' dir='ltr'>σαφῶς</span> <span class='ocrx_word' id='word_1_59' title='bbox 2800 784 2928 854; x_wconf 81' lang='grc' dir='ltr'>ἡμῖν</span> <span class='ocrx_word' id='word_1_60' title='bbox 2977 783 3071 836; x_wconf 80' lang='grc' dir='ltr'>τοῦ</span> <span class='ocrx_word' id='word_1_61' title='bbox 3118 783 3460 836; x_wconf 77' lang='grc' dir='ltr'>’Δποστὸλου</span> <span class='ocrx_word' id='word_1_62' title='bbox 3508 781 3710 849; x_wconf 71' lang='grc' dir='ltr'>λέγον-</span> 
     </span>
    </p>
   </div>
   <div class='ocr_carea' id='block_1_11' title="bbox 414 868 1930 943">
    <p class='ocr_par' dir='ltr' id='par_1_11' title="bbox 414 868 1930 941">
     <span class='ocr_line' id='line_1_11' title="bbox 414 868 1930 941; baseline 0.001 -19"><span class='ocrx_word' id='word_1_63' title='bbox 414 868 636 922; x_wconf 82' lang='lat' dir='ltr'><strong>Christo</strong></span> <span class='ocrx_word' id='word_1_64' title='bbox 667 868 1078 936; x_wconf 75' lang='lat' dir='ltr'><strong>perfectionem,</strong></span> <span class='ocrx_word' id='word_1_65' title='bbox 1116 868 1406 941; x_wconf 69' lang='lat' dir='ltr'><strong>paedagogo</strong></span> <span class='ocrx_word' id='word_1_66' title='bbox 1435 871 1628 924; x_wconf 88' lang='lat' dir='ltr'><strong>iterum</strong></span> <span class='ocrx_word' id='word_1_67' title='bbox 1661 885 1800 939; x_wconf 90' lang='lat' dir='ltr'><strong>opus</strong></span> <span class='ocrx_word' id='word_1_68' title='bbox 1836 884 1930 924; x_wconf 83' lang='lat' dir='ltr'><strong>ess</strong></span> 
     </span>
    </p>
   </div>
   <div class='ocr_carea' id='block_1_12' title="bbox 2196 868 3712 943">
    <p class='ocr_par' dir='ltr' id='par_1_12' title="bbox 2242 868 3712 943">
     <span class='ocr_line' id='line_1_12' title="bbox 2242 868 3712 943; baseline 0.001 -22"><span class='ocrx_word' id='word_1_69' title='bbox 2242 870 2324 921; x_wconf 80' lang='grc' dir='ltr'>ὃτι</span> <span class='ocrx_word' id='word_1_70' title='bbox 2388 868 2515 924; x_wconf 83' lang='grc' dir='ltr'><strong>Πᾶν</strong></span> <span class='ocrx_word' id='word_1_71' title='bbox 2568 872 2634 924; x_wconf 86' lang='grc' dir='ltr'>τὸ</span> <span class='ocrx_word' id='word_1_72' title='bbox 2687 875 3130 943; x_wconf 73' lang='grc' dir='ltr'><strong>παλαιούμενον</strong></span> <span class='ocrx_word' id='word_1_73' title='bbox 3200 872 3299 926; x_wconf 79' lang='grc' dir='ltr'>καὶ</span> <span class='ocrx_word' id='word_1_74' title='bbox 3358 871 3712 942; x_wconf 64' lang='grc' dir='ltr'>γηράσκον</span> 
     </span>
    </p>
   </div>
   <div class='ocr_carea' id='block_1_13' title="bbox 410 961 1926 1039">
    <p class='ocr_par' dir='ltr' id='par_1_13' title="bbox 410 961 1926 1028">
     <span class='ocr_line' id='line_1_13' title="bbox 410 961 1926 1028; baseline 0.001 -14"><span class='ocrx_word' id='word_1_75' title='bbox 410 971 469 1014; x_wconf 82' lang='lat' dir='ltr'><strong>ut</strong></span> <span class='ocrx_word' id='word_1_76' title='bbox 506 961 573 1015; x_wconf 91' lang='lat' dir='ltr'><strong>ad</strong></span> <span class='ocrx_word' id='word_1_77' title='bbox 617 961 798 1028; x_wconf 89' lang='lat' dir='ltr'><strong>priora</strong></span> <span class='ocrx_word' id='word_1_78' title='bbox 840 961 927 1014; x_wconf 91' lang='lat' dir='ltr'><strong>illa</strong></span> <span class='ocrx_word' id='word_1_79' title='bbox 979 962 1154 1026; x_wconf 89' lang='lat' dir='ltr'><strong>initia,</strong></span> <span class='ocrx_word' id='word_1_80' title='bbox 1186 971 1241 1017; x_wconf 91' lang='lat' dir='ltr'><strong>et</strong></span> <span class='ocrx_word' id='word_1_81' title='bbox 1284 966 1549 1019; x_wconf 88' lang='lat' dir='ltr'><strong>elementa</strong></span> <span class='ocrx_word' id='word_1_82' title='bbox 1578 1005 1590 1028; x_wconf 89' lang='lat'><strong>,</strong></span> <span class='ocrx_word' id='word_1_83' title='bbox 1647 964 1926 1018; x_wconf 85' lang='lat' dir='ltr'><strong>doctrinan</strong></span> 
     </span>
    </p>
   </div>
   <div class='ocr_carea' id='block_1_14' title="bbox 2198 961 3714 1039">
    <p class='ocr_par' dir='ltr' id='par_1_14' title="bbox 2198 962 3714 1039">
     <span class='ocr_line' id='line_1_14' title="bbox 2198 962 3714 1039; baseline -0.009 -11"><span class='ocrx_word' id='word_1_84' title='bbox 2198 962 2262 1028; x_wconf 79' lang='grc' dir='ltr'>ὺς</span> <span class='ocrx_word' id='word_1_85' title='bbox 2286 964 2631 1033; x_wconf 60' lang='grc' dir='ltr'>ἀφανισμοῦ</span> <span class='ocrx_word' id='word_1_86' title='bbox 2660 967 2881 1036; x_wconf 73' lang='grc' dir='ltr'>γίνεται</span> <span class='ocrx_word' id='word_1_87' title='bbox 2899 985 2911 997; x_wconf 92' lang='grc'><strong>·</strong></span> <span class='ocrx_word' id='word_1_88' title='bbox 2941 967 3017 1031; x_wconf 84' lang='grc' dir='ltr'>ὡς</span> <span class='ocrx_word' id='word_1_89' title='bbox 3047 968 3175 1039; x_wconf 75' lang='grc' dir='ltr'>περὶ</span> <span class='ocrx_word' id='word_1_90' title='bbox 3200 967 3467 1030; x_wconf 78' lang='grc' dir='ltr'>Παλαιᾶς</span> <span class='ocrx_word' id='word_1_91' title='bbox 3502 964 3714 1033; x_wconf 57' lang='lat' dir='ltr'><strong>Aufiﬁ-</strong></span> 
     </span>
    </p>
   </div>
   <div class='ocr_carea' id='block_1_15' title="bbox 410 1050 1926 1129">
    <p class='ocr_par' dir='ltr' id='par_1_15' title="bbox 410 1050 1926 1120">
     <span class='ocr_line' id='line_1_15' title="bbox 410 1050 1926 1120; baseline 0.003 -20"><span class='ocrx_word' id='word_1_92' title='bbox 410 1064 537 1117; x_wconf 86' lang='lat' dir='ltr'><strong>qne,</strong></span> <span class='ocrx_word' id='word_1_93' title='bbox 571 1064 634 1102; x_wconf 85' lang='lat' dir='ltr'><strong>ac</strong></span> <span class='ocrx_word' id='word_1_94' title='bbox 662 1065 915 1103; x_wconf 90' lang='lat' dir='ltr'><strong>manuum</strong></span> <span class='ocrx_word' id='word_1_95' title='bbox 939 1050 1341 1120; x_wconf 89' lang='lat' dir='ltr'><strong>impositionem</strong></span> <span class='ocrx_word' id='word_1_96' title='bbox 1378 1060 1817 1117; x_wconf 88' lang='lat' dir='ltr'><strong>revertamur,ut</strong></span> <span class='ocrx_word' id='word_1_97' title='bbox 1849 1051 1926 1105; x_wconf 35' lang='lat' dir='ltr'><strong>alii</strong></span> 
     </span>
    </p>
   </div>
   <div class='ocr_carea' id='block_1_16' title="bbox 2200 1050 3716 1129">
    <p class='ocr_par' dir='ltr' id='par_1_16' title="bbox 2222 1054 3716 1129">
     <span class='ocr_line' id='line_1_16' title="bbox 2222 1054 3716 1129; baseline 0.006 -23"><span class='ocrx_word' id='word_1_98' title='bbox 2222 1054 2316 1107; x_wconf 75' lang='grc' dir='ltr'><strong>καὶ</strong></span> <span class='ocrx_word' id='word_1_99' title='bbox 2352 1055 2691 1124; x_wconf 80' lang='grc' dir='ltr'>νομοθεσίας.</span> <span class='ocrx_word' id='word_1_100' title='bbox 2726 1057 3175 1129; x_wconf 86' lang='grc' dir='ltr'>Μετατιθεμένης</span> <span class='ocrx_word' id='word_1_101' title='bbox 3216 1058 3344 1129; x_wconf 79' lang='grc' dir='ltr'>γὰρ,</span> <span class='ocrx_word' id='word_1_102' title='bbox 3388 1056 3575 1126; x_wconf 71' lang='grc' dir='ltr'>φησὶ,</span> <span class='ocrx_word' id='word_1_103' title='bbox 3614 1054 3716 1122; x_wconf 76' lang='grc' dir='ltr'><strong>τῆς</strong></span> 
     </span>
    </p>
   </div>
   <div class='ocr_carea' id='block_1_17' title="bbox 321 1141 1837 1219">
    <p class='ocr_par' dir='ltr' id='par_1_17' title="bbox 321 1141 1833 1214">
     <span class='ocr_line' id='line_1_17' title="bbox 321 1141 1833 1214; baseline 0 -17"><span class='ocrx_word' id='word_1_104' title='bbox 321 1192 325 1197; x_wconf 92' lang='grc'><strong><em>,</em></strong></span> <span class='ocrx_word' id='word_1_105' title='bbox 411 1141 505 1196; x_wconf 83' lang='lat' dir='ltr'><strong>ubi</strong></span> <span class='ocrx_word' id='word_1_106' title='bbox 554 1142 815 1212; x_wconf 86' lang='lat' dir='ltr'><strong>scriptum</strong></span> <span class='ocrx_word' id='word_1_107' title='bbox 876 1144 1039 1198; x_wconf 67' lang='lat' dir='ltr'><strong>est“?</strong></span> <span class='ocrx_word' id='word_1_108' title='bbox 1075 1159 1199 1199; x_wconf 90' lang='lat' dir='ltr'><strong>cum</strong></span> <span class='ocrx_word' id='word_1_109' title='bbox 1240 1153 1423 1201; x_wconf 90' lang='lat' dir='ltr'><strong>tamen</strong></span> <span class='ocrx_word' id='word_1_110' title='bbox 1458 1144 1756 1214; x_wconf 82' lang='lat' dir='ltr'><strong>Apostolus</strong></span> <span class='ocrx_word' id='word_1_111' title='bbox 1780 1142 1833 1197; x_wconf 91' lang='lat' dir='ltr'><strong>di</strong></span> 
     </span>
    </p>
   </div>
   <div class='ocr_carea' id='block_1_18' title="bbox 2195 1141 3711 1219">
    <p class='ocr_par' dir='ltr' id='par_1_18' title="bbox 2195 1143 3711 1219">
     <span class='ocr_line' id='line_1_18' title="bbox 2195 1143 3711 1219; baseline 0 -24"><span class='ocrx_word' id='word_1_112' title='bbox 2195 1143 2388 1213; x_wconf 83' lang='grc' dir='ltr'>υσύνης</span> <span class='ocrx_word' id='word_1_113' title='bbox 2421 1145 2480 1210; x_wconf 82' lang='grc' dir='ltr'>ὲξ</span> <span class='ocrx_word' id='word_1_114' title='bbox 2515 1146 2760 1217; x_wconf 84' lang='grc' dir='ltr'><strong>ἀνάγκης</strong></span> <span class='ocrx_word' id='word_1_115' title='bbox 2792 1149 2884 1201; x_wconf 72' lang='grc' dir='ltr'><strong>καὶ</strong></span> <span class='ocrx_word' id='word_1_116' title='bbox 2911 1148 3076 1219; x_wconf 82' lang='grc' dir='ltr'>νόμου</span> <span class='ocrx_word' id='word_1_117' title='bbox 3117 1148 3416 1219; x_wconf 78' lang='grc' dir='ltr'>μετάθεσις</span> <span class='ocrx_word' id='word_1_118' title='bbox 3458 1148 3711 1214; x_wconf 81' lang='grc' dir='ltr'>γίνεται.</span> 
     </span>
    </p>
   </div>
   <div class='ocr_carea' id='block_1_19' title="bbox 409 1232 1925 1309">
    <p class='ocr_par' dir='ltr' id='par_1_19' title="bbox 409 1232 1925 1305">
     <span class='ocr_line' id='line_1_19' title="bbox 409 1232 1925 1305; baseline -0.001 -16"><span class='ocrx_word' id='word_1_119' title='bbox 409 1248 513 1290; x_wconf 89' lang='lat' dir='ltr'><strong>nos</strong></span> <span class='ocrx_word' id='word_1_120' title='bbox 557 1234 753 1289; x_wconf 82' lang='lat' dir='ltr'><strong>doceat</strong></span> <span class='ocrx_word' id='word_1_121' title='bbox 800 1252 812 1287; x_wconf 92' lang='lat'><strong>:</strong></span> <span class='ocrx_word' id='word_1_122' title='bbox 869 1234 1138 1305; x_wconf 77' lang='lat' dir='ltr'><strong>Quidquid</strong></span> <span class='ocrx_word' id='word_1_123' title='bbox 1185 1237 1533 1291; x_wconf 75' lang='lat' dir='ltr'><strong>inveteratum</strong></span> <span class='ocrx_word' id='word_1_124' title='bbox 1587 1245 1705 1297; x_wconf 78' lang='lat' dir='ltr'><strong>est,</strong></span> <span class='ocrx_word' id='word_1_125' title='bbox 1777 1232 1925 1303; x_wconf 78' lang='lat'><strong>103</strong></span> 
     </span>
    </p>
   </div>
   <div class='ocr_carea' id='block_1_20' title="bbox 2200 1232 3716 1309">
    <p class='ocr_par' dir='ltr' id='par_1_20' title="bbox 2200 1235 3716 1309">
     <span class='ocr_line' id='line_1_20' title="bbox 2200 1235 3716 1309; baseline 0.006 -22"><span class='ocrx_word' id='word_1_126' title='bbox 2200 1235 2297 1287; x_wconf 55' lang='grc' dir='ltr'>δδὲ</span> <span class='ocrx_word' id='word_1_127' title='bbox 2333 1237 2650 1309; x_wconf 73' lang='grc' dir='ltr'>μετετέθη-ὴ</span> <span class='ocrx_word' id='word_1_128' title='bbox 2688 1238 2920 1307; x_wconf 81' lang='grc' dir='ltr'><strong>Παλαιὰ,</strong></span> <span class='ocrx_word' id='word_1_129' title='bbox 2949 1242 3042 1294; x_wconf 74' lang='grc' dir='ltr'><strong>καὶ</strong></span> <span class='ocrx_word' id='word_1_130' title='bbox 3084 1237 3453 1307; x_wconf 78' lang='grc' dir='ltr'>ἀνεκαινὶσθη</span> <span class='ocrx_word' id='word_1_131' title='bbox 3498 1237 3537 1305; x_wconf 83' lang='grc' dir='ltr'>ἡ</span> <span class='ocrx_word' id='word_1_132' title='bbox 3570 1235 3716 1296; x_wconf 70' lang='grc' dir='ltr'>Νέαν</span> 
     </span>
    </p>
   </div>
   <div class='ocr_carea' id='block_1_21' title="bbox 412 1324 1928 1404">
    <p class='ocr_par' dir='ltr' id='par_1_21' title="bbox 412 1327 1898 1397">
     <span class='ocr_line' id='line_1_21' title="bbox 412 1327 1898 1397; baseline -0.001 -17"><span class='ocrx_word' id='word_1_133' title='bbox 412 1344 477 1380; x_wconf 85' lang='lat' dir='ltr'><strong>ac</strong></span> <span class='ocrx_word' id='word_1_134' title='bbox 512 1328 655 1380; x_wconf 75' lang='lat' dir='ltr'><strong>senio</strong></span> <span class='ocrx_word' id='word_1_135' title='bbox 676 1327 987 1396; x_wconf 79' lang='lat' dir='ltr'><strong>confectum,</strong></span> <span class='ocrx_word' id='word_1_136' title='bbox 1013 1330 1248 1397; x_wconf 76' lang='lat' dir='ltr'><strong>proxime</strong></span> <span class='ocrx_word' id='word_1_137' title='bbox 1274 1328 1343 1381; x_wconf 86' lang='lat' dir='ltr'><strong>ad</strong></span> <span class='ocrx_word' id='word_1_138' title='bbox 1367 1328 1636 1382; x_wconf 78' lang='lat' dir='ltr'><strong>interitum</strong></span> <span class='ocrx_word' id='word_1_139' title='bbox 1665 1335 1898 1395; x_wconf 77' lang='lat' dir='ltr'><strong>spectare</strong></span> 
     </span>
    </p>
   </div>
   <div class='ocr_carea' id='block_1_22' title="bbox 2203 1324 3719 1404">
    <p class='ocr_par' dir='ltr' id='par_1_22' title="bbox 2210 1327 3719 1404">
     <span class='ocr_line' id='line_1_22' title="bbox 2210 1327 3719 1404; baseline -0.002 -24"><span class='ocrx_word' id='word_1_140' title='bbox 2210 1327 2341 1397; x_wconf 80' lang='grc' dir='ltr'>ἡμῖν</span> <span class='ocrx_word' id='word_1_141' title='bbox 2386 1328 2548 1382; x_wconf 82' lang='grc' dir='ltr'>πάλιν</span> <span class='ocrx_word' id='word_1_142' title='bbox 2592 1330 2881 1402; x_wconf 79' lang='grc' dir='ltr'><strong>τολμηρῶς</strong></span> <span class='ocrx_word' id='word_1_143' title='bbox 2931 1333 3256 1404; x_wconf 81' lang='grc' dir='ltr'>παρεισάγοι</span> <span class='ocrx_word' id='word_1_144' title='bbox 3304 1329 3585 1383; x_wconf 74' lang='grc' dir='ltr'>Παλαιὰν</span> <span class='ocrx_word' id='word_1_145' title='bbox 3636 1328 3719 1388; x_wconf 78' lang='grc' dir='ltr'><strong>εις</strong></span> 
     </span>
    </p>
   </div>
   <div class='ocr_carea' id='block_1_23' title="bbox 413 1414 1929 1493">
    <p class='ocr_par' dir='ltr' id='par_1_23' title="bbox 413 1414 1929 1489">
     <span class='ocr_line' id='line_1_23' title="bbox 413 1414 1929 1489; baseline -0.003 -17"><span class='ocrx_word' id='word_1_146' title='bbox 413 1418 560 1489; x_wconf 89' lang='lat' dir='ltr'><strong>quod</strong></span> <span class='ocrx_word' id='word_1_147' title='bbox 598 1421 665 1473; x_wconf 90' lang='lat' dir='ltr'><strong>de</strong></span> <span class='ocrx_word' id='word_1_148' title='bbox 694 1418 887 1473; x_wconf 78' lang='lat' dir='ltr'><strong>Vetere</strong></span> <span class='ocrx_word' id='word_1_149' title='bbox 918 1419 1272 1474; x_wconf 88' lang='lat' dir='ltr'><strong>Testamento</strong></span> <span class='ocrx_word' id='word_1_150' title='bbox 1309 1434 1373 1473; x_wconf 87' lang='lat' dir='ltr'><strong>ac</strong></span> <span class='ocrx_word' id='word_1_151' title='bbox 1404 1420 1518 1489; x_wconf 91' lang='lat' dir='ltr'><strong>lege</strong></span> <span class='ocrx_word' id='word_1_152' title='bbox 1564 1414 1929 1487; x_wconf 89' lang='lat' dir='ltr'><strong>pronuntiavit</strong></span> 
     </span>
    </p>
   </div>
   <div class='ocr_carea' id='block_1_24' title="bbox 2203 1414 3719 1493">
    <p class='ocr_par' dir='ltr' id='par_1_24' title="bbox 2207 1420 3719 1493">
     <span class='ocr_line' id='line_1_24' title="bbox 2207 1420 3719 1493; baseline -0.001 -22"><span class='ocrx_word' id='word_1_153' title='bbox 2207 1436 2309 1485; x_wconf 91' lang='grc' dir='ltr'>σιν,</span> <span class='ocrx_word' id='word_1_154' title='bbox 2363 1420 2461 1492; x_wconf 84' lang='grc' dir='ltr'>τὴν</span> <span class='ocrx_word' id='word_1_155' title='bbox 2502 1424 2709 1493; x_wconf 78' lang='grc' dir='ltr'>Καινὴν</span> <span class='ocrx_word' id='word_1_156' title='bbox 2756 1426 2835 1487; x_wconf 75' lang='grc' dir='ltr'>εἰς</span> <span class='ocrx_word' id='word_1_157' title='bbox 2885 1424 3189 1478; x_wconf 82' lang='grc' dir='ltr'>παλαίωσιν</span> <span class='ocrx_word' id='word_1_158' title='bbox 3229 1422 3719 1493; x_wconf 75' lang='grc' dir='ltr'>μετατιθέμενος,</span> 
     </span>
    </p>
   </div>
   <div class='ocr_carea' id='block_1_25' title="bbox 417 1507 1933 1587">
    <p class='ocr_par' dir='ltr' id='par_1_25' title="bbox 417 1507 1912 1582">
     <span class='ocr_line' id='line_1_25' title="bbox 417 1507 1912 1582; baseline -0.005 -16"><span class='ocrx_word' id='word_1_159' title='bbox 417 1512 891 1582; x_wconf 48' lang='grc' dir='ltr'>Τναηδιαιοηεηὶιη,</span> <span class='ocrx_word' id='word_1_160' title='bbox 927 1512 1124 1581; x_wconf 86' lang='lat' dir='ltr'><strong>inquit,</strong></span> <span class='ocrx_word' id='word_1_161' title='bbox 1165 1511 1481 1577; x_wconf 82' lang='lat' dir='ltr'><strong>sacerdotio,</strong></span> <span class='ocrx_word' id='word_1_162' title='bbox 1528 1509 1821 1564; x_wconf 80' lang='lat' dir='ltr'><strong>necessario</strong></span> <span class='ocrx_word' id='word_1_163' title='bbox 1852 1507 1912 1575; x_wconf 83' lang='lat' dir='ltr'><strong>ﬁt</strong></span> 
     </span>
    </p>
   </div>
   <div class='ocr_carea' id='block_1_26' title="bbox 2206 1507 3722 1587">
    <p class='ocr_par' dir='ltr' id='par_1_26' title="bbox 2238 1510 3722 1587">
     <span class='ocr_line' id='line_1_26' title="bbox 2238 1510 3722 1587; baseline -0.006 -17"><span class='ocrx_word' id='word_1_164' title='bbox 2238 1510 2336 1579; x_wconf 86' lang='grc' dir='ltr'><strong>μὲν</strong></span> <span class='ocrx_word' id='word_1_165' title='bbox 2365 1513 2586 1583; x_wconf 82' lang='grc' dir='ltr'>χάριτος</span> <span class='ocrx_word' id='word_1_166' title='bbox 2618 1517 2913 1569; x_wconf 86' lang='grc' dir='ltr'>ἀποπεσεῖν</span> <span class='ocrx_word' id='word_1_167' title='bbox 2944 1514 3408 1587; x_wconf 79' lang='grc' dir='ltr'>παρασκευάζων,</span> <span class='ocrx_word' id='word_1_168' title='bbox 3458 1513 3566 1565; x_wconf 77' lang='grc' dir='ltr'><strong>καὶ</strong></span> <span class='ocrx_word' id='word_1_169' title='bbox 3610 1510 3722 1563; x_wconf 75' lang='grc' dir='ltr'><strong>ἀπὸ</strong></span> 
     </span>
    </p>
   </div>
   <div class='ocr_carea' id='block_1_27' title="bbox 414 1599 1930 1679">
    <p class='ocr_par' dir='ltr' id='par_1_27' title="bbox 414 1599 1930 1671">
     <span class='ocr_line' id='line_1_27' title="bbox 414 1599 1930 1671; baseline -0.003 -16"><span class='ocrx_word' id='word_1_170' title='bbox 414 1601 542 1671; x_wconf 75' lang='lat' dir='ltr'><strong>tegis</strong></span> <span class='ocrx_word' id='word_1_171' title='bbox 594 1603 942 1657; x_wconf 74' lang='lat' dir='ltr'><strong>translatio&#39;.</strong></span> <span class='ocrx_word' id='word_1_172' title='bbox 1005 1602 1189 1669; x_wconf 83' lang='lat' dir='ltr'><strong>Quare</strong></span> <span class='ocrx_word' id='word_1_173' title='bbox 1228 1619 1351 1659; x_wconf 92' lang='lat' dir='ltr'><strong>cum</strong></span> <span class='ocrx_word' id='word_1_174' title='bbox 1407 1601 1594 1657; x_wconf 81' lang='lat' dir='ltr'><strong>Vetere</strong></span> <span class='ocrx_word' id='word_1_175' title='bbox 1643 1599 1930 1656; x_wconf 89' lang='lat' dir='ltr'><strong>Testamen</strong></span> 
     </span>
    </p>
   </div>
   <div class='ocr_carea' id='block_1_28' title="bbox 2201 1599 3717 1679">
    <p class='ocr_par' dir='ltr' id='par_1_28' title="bbox 2230 1601 3717 1679">
     <span class='ocr_line' id='line_1_28' title="bbox 2230 1601 3717 1679; baseline 0.007 -26"><span class='ocrx_word' id='word_1_176' title='bbox 2230 1601 2494 1671; x_wconf 80' lang='grc' dir='ltr'>ὠφελείας</span> <span class='ocrx_word' id='word_1_177' title='bbox 2529 1608 2764 1678; x_wconf 78' lang='grc' dir='ltr'>Χριστοῦ</span> <span class='ocrx_word' id='word_1_178' title='bbox 2794 1610 2943 1679; x_wconf 78' lang='grc' dir='ltr'>ἡμᾶς</span> <span class='ocrx_word' id='word_1_179' title='bbox 2983 1608 3267 1679; x_wconf 77' lang='grc' dir='ltr'>ἐκτρέπειν</span> <span class='ocrx_word' id='word_1_180' title='bbox 3297 1604 3717 1676; x_wconf 73' lang='grc' dir='ltr'>πειρώμενοςς</span> 
     </span>
    </p>
   </div>
   <div class='ocr_carea' id='block_1_29' title="bbox 414 1690 3722 1772">
    <p class='ocr_par' dir='ltr' id='par_1_29' title="bbox 414 1690 3722 1772">
     <span class='ocr_line' id='line_1_29' title="bbox 414 1690 3722 1772; baseline -0.001 -23"><span class='ocrx_word' id='word_1_181' title='bbox 414 1698 704 1762; x_wconf 84' lang='lat' dir='ltr'><strong>translato,</strong></span> <span class='ocrx_word' id='word_1_182' title='bbox 764 1697 972 1751; x_wconf 87' lang='lat' dir='ltr'><strong>Novum</strong></span> <span class='ocrx_word' id='word_1_183' title='bbox 1029 1698 1394 1753; x_wconf 85' lang='lat' dir='ltr'><strong>instauratum</strong></span> <span class='ocrx_word' id='word_1_184' title='bbox 1446 1695 1645 1759; x_wconf 91' lang='lat' dir='ltr'><strong>fuerit,</strong></span> <span class='ocrx_word' id='word_1_185' title='bbox 1701 1691 1827 1763; x_wconf 89' lang='lat' dir='ltr'><strong>quis</strong></span> <span class='ocrx_word' id='word_1_186' title='bbox 1882 1698 1967 1745; x_wconf 86' lang='lat' dir='ltr'><strong>est</strong></span> <span class='ocrx_word' id='word_1_187' title='bbox 2013 1690 2239 1745; x_wconf 82' lang='lat' dir='ltr'><strong>audacia</strong></span> <span class='ocrx_word' id='word_1_188' title='bbox 2292 1703 2445 1750; x_wconf 88' lang='lat' dir='ltr'><strong>tanta</strong></span> <span class='ocrx_word' id='word_1_189' title='bbox 2494 1700 2775 1768; x_wconf 69' lang='lat' dir='ltr'><strong>prreditus,</strong></span> <span class='ocrx_word' id='word_1_190' title='bbox 2810 1702 2903 1772; x_wconf 91' lang='lat' dir='ltr'><strong>qui</strong></span> <span class='ocrx_word' id='word_1_191' title='bbox 2944 1700 3115 1757; x_wconf 83' lang='lat' dir='ltr'><strong>Vetus</strong></span> <span class='ocrx_word' id='word_1_192' title='bbox 3180 1700 3243 1753; x_wconf 89' lang='lat' dir='ltr'><strong>ad</strong></span> <span class='ocrx_word' id='word_1_193' title='bbox 3285 1714 3466 1755; x_wconf 84' lang='lat' dir='ltr'><strong>usum</strong></span> <span class='ocrx_word' id='word_1_194' title='bbox 3530 1696 3722 1751; x_wconf 83' lang='lat' dir='ltr'><strong>denuo</strong></span> 
     </span>
    </p>
   </div>
   <div class='ocr_carea' id='block_1_30' title="bbox 416 1788 3721 1861">
    <p class='ocr_par' dir='ltr' id='par_1_30' title="bbox 416 1788 3721 1861">
     <span class='ocr_line' id='line_1_30' title="bbox 416 1788 3721 1861; baseline 0.001 -17"><span class='ocrx_word' id='word_1_195' title='bbox 416 1805 674 1847; x_wconf 85' lang='lat' dir='ltr'><strong>revocare</strong></span> <span class='ocrx_word' id='word_1_196' title='bbox 730 1791 1059 1856; x_wconf 87' lang='lat' dir='ltr'><strong>contendat,</strong></span> <span class='ocrx_word' id='word_1_197' title='bbox 1116 1791 1325 1845; x_wconf 73' lang='lat' dir='ltr'><strong>Novum</strong></span> <span class='ocrx_word' id='word_1_198' title='bbox 1380 1799 1558 1843; x_wconf 88' lang='lat' dir='ltr'><strong>autem</strong></span> <span class='ocrx_word' id='word_1_199' title='bbox 1620 1788 1688 1842; x_wconf 82' lang='lat' dir='ltr'><strong>ad</strong></span> <span class='ocrx_word' id='word_1_200' title='bbox 1746 1788 1911 1842; x_wconf 90' lang='lat' dir='ltr'><strong>situm</strong></span> <span class='ocrx_word' id='word_1_201' title='bbox 1977 1790 2416 1860; x_wconf 89' lang='lat' dir='ltr'><strong>vetustatemque</strong></span> <span class='ocrx_word' id='word_1_202' title='bbox 2463 1794 2784 1861; x_wconf 81' lang='lat' dir='ltr'><strong>transferre,</strong></span> <span class='ocrx_word' id='word_1_203' title='bbox 2826 1806 2886 1850; x_wconf 90' lang='lat' dir='ltr'><strong>ut</strong></span> <span class='ocrx_word' id='word_1_204' title='bbox 2947 1805 3002 1853; x_wconf 91' lang='lat' dir='ltr'><strong>et</strong></span> <span class='ocrx_word' id='word_1_205' title='bbox 3037 1811 3261 1853; x_wconf 85' lang='lat' dir='ltr'><strong>causam</strong></span> <span class='ocrx_word' id='word_1_206' title='bbox 3336 1793 3529 1850; x_wconf 89' lang='lat' dir='ltr'><strong>nobis</strong></span> <span class='ocrx_word' id='word_1_207' title='bbox 3577 1804 3721 1861; x_wconf 61' lang='lat' dir='ltr'><strong>prm-</strong></span> 
     </span>
    </p>
   </div>
   <div class='ocr_carea' id='block_1_31' title="bbox 421 1878 3706 1964">
    <p class='ocr_par' dir='ltr' id='par_1_31' title="bbox 421 1878 3706 1964">
     <span class='ocr_line' id='line_1_31' title="bbox 421 1878 3706 1964; baseline 0.001 -25"><span class='ocrx_word' id='word_1_208' title='bbox 421 1886 563 1949; x_wconf 90' lang='lat' dir='ltr'><strong>beat,</strong></span> <span class='ocrx_word' id='word_1_209' title='bbox 609 1901 707 1943; x_wconf 92' lang='lat' dir='ltr'><strong>cur</strong></span> <span class='ocrx_word' id='word_1_210' title='bbox 756 1886 1072 1943; x_wconf 76' lang='lat' dir='ltr'><strong>excidamus</strong></span> <span class='ocrx_word' id='word_1_211' title='bbox 1100 1902 1129 1939; x_wconf 91' lang='lat' dir='ltr'><strong>a</strong></span> <span class='ocrx_word' id='word_1_212' title='bbox 1162 1886 1355 1957; x_wconf 85' lang='lat' dir='ltr'><strong>gratia,</strong></span> <span class='ocrx_word' id='word_1_213' title='bbox 1386 1893 1443 1940; x_wconf 92' lang='lat' dir='ltr'><strong>et</strong></span> <span class='ocrx_word' id='word_1_214' title='bbox 1474 1885 1542 1939; x_wconf 90' lang='lat' dir='ltr'><strong>ab</strong></span> <span class='ocrx_word' id='word_1_215' title='bbox 1572 1898 1638 1938; x_wconf 90' lang='lat' dir='ltr'><strong>eo</strong></span> <span class='ocrx_word' id='word_1_216' title='bbox 1672 1882 1878 1943; x_wconf 88' lang='lat' dir='ltr'><strong>fructu,</strong></span> <span class='ocrx_word' id='word_1_217' title='bbox 1909 1878 1999 1949; x_wconf 89' lang='lat' dir='ltr'><strong>qni</strong></span> <span class='ocrx_word' id='word_1_218' title='bbox 2032 1895 2127 1949; x_wconf 88' lang='lat' dir='ltr'><strong>per</strong></span> <span class='ocrx_word' id='word_1_219' title='bbox 2181 1882 2458 1941; x_wconf 89' lang='lat' dir='ltr'><strong>Christum</strong></span> <span class='ocrx_word' id='word_1_220' title='bbox 2504 1892 2661 1946; x_wconf 90' lang='lat' dir='ltr'><strong>nobis</strong></span> <span class='ocrx_word' id='word_1_221' title='bbox 2722 1901 3070 1964; x_wconf 88' lang='lat' dir='ltr'><strong>comparatus</strong></span> <span class='ocrx_word' id='word_1_222' title='bbox 3116 1902 3201 1951; x_wconf 88' lang='lat' dir='ltr'><strong>est</strong></span> <span class='ocrx_word' id='word_1_223' title='bbox 3224 1934 3238 1959; x_wconf 93' lang='lat'><strong>,</strong></span> <span class='ocrx_word' id='word_1_224' title='bbox 3282 1900 3563 1948; x_wconf 81' lang='lat' dir='ltr'><strong>avertere</strong></span> <span class='ocrx_word' id='word_1_225' title='bbox 3607 1902 3706 1942; x_wconf 88' lang='lat' dir='ltr'><strong>co-</strong></span> 
     </span>
    </p>
   </div>
   <div class='ocr_carea' id='block_1_32' title="bbox 420 1980 618 2038">
    <p class='ocr_par' dir='ltr' id='par_1_32' title="bbox 420 1980 618 2038">
     <span class='ocr_line' id='line_1_32' title="bbox 420 1980 618 2038; baseline -0.015 -2"><span class='ocrx_word' id='word_1_226' title='bbox 420 1980 618 2038; x_wconf 75' lang='lat' dir='ltr'><strong>netnr?</strong></span> 
     </span>
    </p>
   </div>
   <div class='ocr_carea' id='block_1_33' title="bbox 492 2062 2008 2143">
    <p class='ocr_par' dir='ltr' id='par_1_33' title="bbox 492 2069 2000 2140">
     <span class='ocr_line' id='line_1_33' title="bbox 492 2069 2000 2140; baseline -0.005 -13"><span class='ocrx_word' id='word_1_227' title='bbox 492 2074 586 2129; x_wconf 88' lang='lat' dir='ltr'><strong>llis</strong></span> <span class='ocrx_word' id='word_1_228' title='bbox 612 2074 849 2129; x_wconf 84' lang='lat' dir='ltr'><strong>breviter</strong></span> <span class='ocrx_word' id='word_1_229' title='bbox 874 2073 939 2128; x_wconf 90' lang='lat' dir='ltr'><strong>ad</strong></span> <span class='ocrx_word' id='word_1_230' title='bbox 982 2089 1106 2128; x_wconf 90' lang='lat' dir='ltr'><strong>eum</strong></span> <span class='ocrx_word' id='word_1_231' title='bbox 1138 2071 1358 2127; x_wconf 88' lang='lat' dir='ltr'><strong>modum</strong></span> <span class='ocrx_word' id='word_1_232' title='bbox 1400 2069 1708 2140; x_wconf 78' lang='lat' dir='ltr'><strong>explicatis,</strong></span> <span class='ocrx_word' id='word_1_233' title='bbox 1750 2082 1870 2137; x_wconf 69' lang='lat' dir='ltr'><strong>qua:</strong></span> <span class='ocrx_word' id='word_1_234' title='bbox 1899 2080 2000 2120; x_wconf 91' lang='lat' dir='ltr'><strong>nos</strong></span> 
     </span>
    </p>
   </div>
   <div class='ocr_carea' id='block_1_34' title="bbox 2201 2062 3717 2143">
    <p class='ocr_par' dir='ltr' id='par_1_34' title="bbox 2201 2062 3717 2143">
     <span class='ocr_line' id='line_1_34' title="bbox 2201 2062 3717 2143; baseline 0.013 -30"><span class='ocrx_word' id='word_1_235' title='bbox 2201 2062 2464 2133; x_wconf 77' lang='grc' dir='ltr'>ἒυντόμως</span> <span class='ocrx_word' id='word_1_236' title='bbox 2504 2065 2562 2119; x_wconf 81' lang='grc' dir='ltr'>δὲ</span> <span class='ocrx_word' id='word_1_237' title='bbox 2610 2066 2780 2122; x_wconf 84' lang='grc' dir='ltr'>ταῦτα</span> <span class='ocrx_word' id='word_1_238' title='bbox 2831 2069 2909 2141; x_wconf 83' lang='grc' dir='ltr'>τῷ</span> <span class='ocrx_word' id='word_1_239' title='bbox 2946 2071 3088 2143; x_wconf 83' lang='grc' dir='ltr'>λόγῳ</span> <span class='ocrx_word' id='word_1_240' title='bbox 3136 2073 3431 2142; x_wconf 72' lang='grc' dir='ltr'>διελόντες,</span> <span class='ocrx_word' id='word_1_241' title='bbox 3497 2079 3600 2131; x_wconf 87' lang='grc' dir='ltr'><strong>καὶ</strong></span> <span class='ocrx_word' id='word_1_242' title='bbox 3657 2080 3717 2133; x_wconf 82' lang='grc' dir='ltr'><strong>τὸ</strong></span> 
     </span>
    </p>
   </div>
   <div class='ocr_carea' id='block_1_35' title="bbox 421 2153 1937 2237">
    <p class='ocr_par' dir='ltr' id='par_1_35' title="bbox 421 2159 1937 2237">
     <span class='ocr_line' id='line_1_35' title="bbox 421 2159 1937 2237; baseline -0.006 -20"><span class='ocrx_word' id='word_1_243' title='bbox 421 2182 521 2237; x_wconf 85' lang='lat' dir='ltr'><strong>pro</strong></span> <span class='ocrx_word' id='word_1_244' title='bbox 553 2164 796 2219; x_wconf 88' lang='lat' dir='ltr'><strong>instituti</strong></span> <span class='ocrx_word' id='word_1_245' title='bbox 832 2165 1017 2234; x_wconf 86' lang='lat' dir='ltr'><strong>operis</strong></span> <span class='ocrx_word' id='word_1_246' title='bbox 1046 2164 1259 2217; x_wconf 88' lang='lat' dir='ltr'><strong>ratione</strong></span> <span class='ocrx_word' id='word_1_247' title='bbox 1286 2162 1423 2217; x_wconf 84' lang='lat' dir='ltr'><strong>satis</strong></span> <span class='ocrx_word' id='word_1_248' title='bbox 1445 2177 1569 2217; x_wconf 77' lang='lat' dir='ltr'><strong>esse</strong></span> <span class='ocrx_word' id='word_1_249' title='bbox 1597 2159 1901 2221; x_wconf 85' lang='lat' dir='ltr'><strong>credimus,</strong></span> <span class='ocrx_word' id='word_1_250' title='bbox 1933 2177 1937 2208; x_wconf 85' lang='lat'><strong>:</strong></span> 
     </span>
    </p>
   </div>
   <div class='ocr_carea' id='block_1_36' title="bbox 2197 2153 3713 2237">
    <p class='ocr_par' dir='ltr' id='par_1_36' title="bbox 2199 2153 3713 2236">
     <span class='ocr_line' id='line_1_36' title="bbox 2199 2153 3713 2236; baseline 0.013 -31"><span class='ocrx_word' id='word_1_251' title='bbox 2199 2153 2288 2208; x_wconf 86' lang='grc' dir='ltr'><strong>νὺν</strong></span> <span class='ocrx_word' id='word_1_252' title='bbox 2321 2154 2689 2227; x_wconf 78' lang='grc' dir='ltr'>λογισάμενοι,</span> <span class='ocrx_word' id='word_1_253' title='bbox 2736 2160 2823 2214; x_wconf 75' lang='grc' dir='ltr'><strong>διὰ</strong></span> <span class='ocrx_word' id='word_1_254' title='bbox 2858 2163 2919 2215; x_wconf 84' lang='grc' dir='ltr'><strong>τὸ</strong></span> <span class='ocrx_word' id='word_1_255' title='bbox 2966 2164 3169 2229; x_wconf 80' lang='grc' dir='ltr'>πλάτος</span> <span class='ocrx_word' id='word_1_256' title='bbox 3218 2166 3316 2236; x_wconf 81' lang='grc' dir='ltr'>τῆς</span> <span class='ocrx_word' id='word_1_257' title='bbox 3354 2169 3713 2235; x_wconf 72' lang='grc' dir='ltr'>συντάξεως.</span> 
     </span>
    </p>
   </div>
   <div class='ocr_carea' id='block_1_37' title="bbox 421 2243 1937 2329">
    <p class='ocr_par' dir='ltr' id='par_1_37' title="bbox 421 2251 1937 2326">
     <span class='ocr_line' id='line_1_37' title="bbox 421 2251 1937 2326; baseline -0.006 -15"><span class='ocrx_word' id='word_1_258' title='bbox 421 2259 634 2326; x_wconf 84' lang='lat' dir='ltr'><strong>reliqua</strong></span> <span class='ocrx_word' id='word_1_259' title='bbox 672 2267 1053 2321; x_wconf 87' lang='lat' dir='ltr'><strong>transeamus;</strong></span> <span class='ocrx_word' id='word_1_260' title='bbox 1089 2270 1151 2309; x_wconf 92' lang='lat' dir='ltr'><strong>ac</strong></span> <span class='ocrx_word' id='word_1_261' title='bbox 1182 2256 1277 2309; x_wconf 85' lang='lat' dir='ltr'><strong>Dei</strong></span> <span class='ocrx_word' id='word_1_262' title='bbox 1308 2254 1561 2323; x_wconf 81' lang='lat' dir='ltr'><strong>inprimis</strong></span> <span class='ocrx_word' id='word_1_263' title='bbox 1619 2267 1774 2322; x_wconf 82' lang='lat' dir='ltr'><strong>opem</strong></span> <span class='ocrx_word' id='word_1_264' title='bbox 1814 2251 1937 2321; x_wconf 75' lang='lat' dir='ltr'><strong>imp]</strong></span> 
     </span>
    </p>
   </div>
   <div class='ocr_carea' id='block_1_38' title="bbox 2200 2243 3716 2329">
    <p class='ocr_par' dir='ltr' id='par_1_38' title="bbox 2230 2243 3716 2329">
     <span class='ocr_line' id='line_1_38' title="bbox 2230 2243 3716 2329; baseline 0.009 -32"><span class='ocrx_word' id='word_1_265' title='bbox 2230 2243 2299 2297; x_wconf 88' lang='grc' dir='ltr'><strong>τά</strong></span> <span class='ocrx_word' id='word_1_266' title='bbox 2330 2246 2454 2317; x_wconf 75' lang='grc' dir='ltr'>ἑξῆς</span> <span class='ocrx_word' id='word_1_267' title='bbox 2486 2249 2674 2319; x_wconf 73' lang='grc' dir='ltr'>ἴωμεν,</span> <span class='ocrx_word' id='word_1_268' title='bbox 2704 2252 2997 2321; x_wconf 76' lang='grc' dir='ltr'>ἀγαπητοὶ,</span> <span class='ocrx_word' id='word_1_269' title='bbox 3027 2253 3158 2306; x_wconf 80' lang='grc' dir='ltr'>Θεὸν</span> <span class='ocrx_word' id='word_1_270' title='bbox 3203 2254 3396 2325; x_wconf 84' lang='grc' dir='ltr'>βοηθὸν</span> <span class='ocrx_word' id='word_1_271' title='bbox 3452 2258 3716 2329; x_wconf 74' lang='grc' dir='ltr'>συνήθως</span> 
     </span>
    </p>
   </div>
   <div class='ocr_carea' id='block_1_39' title="bbox 422 2337 1938 2416">
    <p class='ocr_par' dir='ltr' id='par_1_39' title="bbox 422 2344 1938 2416">
     <span class='ocr_line' id='line_1_39' title="bbox 422 2344 1938 2416; baseline 0 -16"><span class='ocrx_word' id='word_1_272' title='bbox 422 2364 630 2412; x_wconf 88' lang='lat' dir='ltr'><strong>remus,</strong></span> <span class='ocrx_word' id='word_1_273' title='bbox 671 2357 730 2401; x_wconf 93' lang='lat' dir='ltr'><strong>ut</strong></span> <span class='ocrx_word' id='word_1_274' title='bbox 779 2348 845 2401; x_wconf 89' lang='lat' dir='ltr'><strong>ad</strong></span> <span class='ocrx_word' id='word_1_275' title='bbox 894 2359 1090 2403; x_wconf 70' lang='lat' dir='ltr'><strong>cmtera</strong></span> <span class='ocrx_word' id='word_1_276' title='bbox 1130 2347 1451 2416; x_wconf 73' lang='lat' dir='ltr'><strong>tractanda,</strong></span> <span class='ocrx_word' id='word_1_277' title='bbox 1501 2344 1810 2401; x_wconf 88' lang='lat' dir='ltr'><strong>enarranda</strong></span> <span class='ocrx_word' id='word_1_278' title='bbox 1856 2361 1938 2401; x_wconf 79' lang='lat' dir='ltr'><strong>evt</strong></span> 
     </span>
    </p>
   </div>
   <div class='ocr_carea' id='block_1_40' title="bbox 2200 2337 3716 2416">
    <p class='ocr_par' dir='ltr' id='par_1_40' title="bbox 2202 2337 3716 2414">
     <span class='ocr_line' id='line_1_40' title="bbox 2202 2337 3716 2414; baseline 0.008 -25"><span class='ocrx_word' id='word_1_279' title='bbox 2202 2337 2545 2409; x_wconf 87' lang='grc' dir='ltr'>καλούμενοι,</span> <span class='ocrx_word' id='word_1_280' title='bbox 2595 2343 2673 2404; x_wconf 78' lang='grc' dir='ltr'>εἰς</span> <span class='ocrx_word' id='word_1_281' title='bbox 2712 2342 2808 2414; x_wconf 85' lang='grc' dir='ltr'>τὴν</span> <span class='ocrx_word' id='word_1_282' title='bbox 2832 2343 2942 2397; x_wconf 88' lang='grc' dir='ltr'><strong>τῶν</strong></span> <span class='ocrx_word' id='word_1_283' title='bbox 2982 2344 3183 2399; x_wconf 85' lang='grc' dir='ltr'>λοιπῶν</span> <span class='ocrx_word' id='word_1_284' title='bbox 3219 2347 3493 2402; x_wconf 78' lang='grc' dir='ltr'>ὑπόθεσίν</span> <span class='ocrx_word' id='word_1_285' title='bbox 3522 2366 3589 2401; x_wconf 90' lang='grc' dir='ltr'><strong>τε</strong></span> <span class='ocrx_word' id='word_1_286' title='bbox 3624 2348 3716 2401; x_wconf 71' lang='grc' dir='ltr'><strong>καὶ</strong></span> 
     </span>
    </p>
   </div>
   <div class='ocr_carea' id='block_1_41' title="bbox 424 2426 1940 2510">
    <p class='ocr_par' dir='ltr' id='par_1_41' title="bbox 424 2437 1341 2510">
     <span class='ocr_line' id='line_1_41' title="bbox 424 2437 1341 2510; baseline 0.002 -19"><span class='ocrx_word' id='word_1_287' title='bbox 424 2439 700 2510; x_wconf 84' lang='lat' dir='ltr'><strong>tendaque</strong></span> <span class='ocrx_word' id='word_1_288' title='bbox 728 2437 956 2493; x_wconf 82' lang='lat' dir='ltr'><strong>feliciter</strong></span> <span class='ocrx_word' id='word_1_289' title='bbox 987 2439 1341 2493; x_wconf 88' lang='lat' dir='ltr'><strong>accedamus.</strong></span> 
     </span>
    </p>
   </div>
   <div class='ocr_carea' id='block_1_42' title="bbox 1596 2426 3112 2510">
    <p class='ocr_par' dir='ltr' id='par_1_42' title="bbox 2108 2426 3112 2508">
     <span class='ocr_line' id='line_1_42' title="bbox 2108 2426 3112 2508; baseline 0.012 -30"><span class='ocrx_word' id='word_1_290' title='bbox 2108 2426 2398 2494; x_wconf 81' lang='grc' dir='ltr'>ὑπόδειξιν,</span> <span class='ocrx_word' id='word_1_291' title='bbox 2434 2432 2528 2483; x_wconf 76' lang='grc' dir='ltr'><strong>καὶ</strong></span> <span class='ocrx_word' id='word_1_292' title='bbox 2556 2431 2760 2487; x_wconf 77' lang='grc' dir='ltr'>τούτων</span> <span class='ocrx_word' id='word_1_293' title='bbox 2783 2434 3112 2508; x_wconf 71' lang='grc' dir='ltr'>ἀνατροπὴν.</span> 
     </span>
    </p>
   </div>
   <div class='ocr_carea' id='block_1_43' title="bbox 625 2550 2141 2628">
    <p class='ocr_par' dir='ltr' id='par_1_43' title="bbox 625 2550 1812 2613">
     <span class='ocr_line' id='line_1_43' title="bbox 625 2550 1812 2613; baseline -0.002 -6"><span class='ocrx_word' id='word_1_294' title='bbox 625 2550 993 2607; x_wconf 81' lang='lat' dir='ltr'><strong>ADVERSUS</strong></span> <span class='ocrx_word' id='word_1_295' title='bbox 1032 2550 1812 2613; x_wconf 77' lang='lat' dir='ltr'><strong>ANTIDICOMARIANITAS,</strong></span> 
     </span>
    </p>
   </div>
   <div class='ocr_carea' id='block_1_44' title="bbox 1971 2550 3487 2628">
    <p class='ocr_par' dir='ltr' id='par_1_44' title="bbox 2320 2550 3487 2628">
     <span class='ocr_line' id='line_1_44' title="bbox 2320 2550 3487 2628; baseline 0.012 -28"><span class='ocrx_word' id='word_1_296' title='bbox 2320 2550 2507 2602; x_wconf 79' lang='grc' dir='ltr'><strong>ΚΑΤΑ</strong></span> <span class='ocrx_word' id='word_1_297' title='bbox 2546 2550 3305 2610; x_wconf 77' lang='grc' dir='ltr'><strong>ΑΝΤΙΔΙΚΟΜΑΡΙΑΝΙΤΩΝ</strong></span> <span class='ocrx_word' id='word_1_298' title='bbox 3340 2558 3487 2628; x_wconf 83' lang='grc'><strong>(96),</strong></span> 
     </span>
    </p>
   </div>
   <div class='ocr_carea' id='block_1_45' title="bbox 587 2662 2103 2742">
    <p class='ocr_par' dir='ltr' id='par_1_45' title="bbox 587 2662 1848 2734">
     <span class='ocr_line' id='line_1_45' title="bbox 587 2662 1848 2734; baseline -0.001 -14"><span class='ocrx_word' id='word_1_299' title='bbox 587 2668 719 2734; x_wconf 76' lang='lat' dir='ltr'><strong>Qua:</strong></span> <span class='ocrx_word' id='word_1_300' title='bbox 756 2675 835 2721; x_wconf 75' lang='lat' dir='ltr'><strong>est</strong></span> <span class='ocrx_word' id='word_1_301' title='bbox 868 2666 1081 2720; x_wconf 80' lang='lat' dir='ltr'><strong>hwresis</strong></span> <span class='ocrx_word' id='word_1_302' title='bbox 1123 2664 1348 2728; x_wconf 84' lang='lat' dir='ltr'><strong>LVIII,</strong></span> <span class='ocrx_word' id='word_1_303' title='bbox 1379 2666 1483 2719; x_wconf 80' lang='lat' dir='ltr'><strong>sive</strong></span> <span class='ocrx_word' id='word_1_304' title='bbox 1515 2662 1848 2720; x_wconf 84' lang='lat' dir='ltr'><strong><em>LXXVIII.</em></strong></span> 
     </span>
    </p>
   </div>
   <div class='ocr_carea' id='block_1_46' title="bbox 2120 2662 3636 2742">
    <p class='ocr_par' dir='ltr' id='par_1_46' title="bbox 2180 2662 3636 2742">
     <span class='ocr_line' id='line_1_46' title="bbox 2180 2662 3636 2742; baseline 0.01 -29"><span class='ocrx_word' id='word_1_305' title='bbox 2180 2662 2572 2729; x_wconf 76' lang='grc' dir='ltr'>Πεντηκοστὴ</span> <span class='ocrx_word' id='word_1_306' title='bbox 2605 2663 2808 2733; x_wconf 77' lang='grc' dir='ltr'>ὀγδόη,</span> <span class='ocrx_word' id='word_1_307' title='bbox 2844 2666 2882 2731; x_wconf 73' lang='grc' dir='ltr'>ἡ</span> <span class='ocrx_word' id='word_1_308' title='bbox 2906 2667 2999 2719; x_wconf 77' lang='grc' dir='ltr'>καὶ</span> <span class='ocrx_word' id='word_1_309' title='bbox 3032 2667 3372 2738; x_wconf 75' lang='grc' dir='ltr'>ἐπτακοστὴ</span> <span class='ocrx_word' id='word_1_310' title='bbox 3412 2672 3636 2742; x_wconf 74' lang='grc' dir='ltr'>ὀγδόη.</span> 
     </span>
    </p>
   </div>
   <div class='ocr_carea' id='block_1_47' title="bbox 502 2773 2018 2854">
    <p class='ocr_par' dir='ltr' id='par_1_47' title="bbox 502 2776 2007 2849">
     <span class='ocr_line' id='line_1_47' title="bbox 502 2776 2007 2849; baseline -0.003 -15"><span class='ocrx_word' id='word_1_311' title='bbox 502 2779 543 2834; x_wconf 90' lang='lat' dir='ltr'><strong>l.</strong></span> <span class='ocrx_word' id='word_1_312' title='bbox 585 2776 728 2833; x_wconf 84' lang='lat' dir='ltr'><strong>Idem</strong></span> <span class='ocrx_word' id='word_1_313' title='bbox 759 2777 889 2832; x_wconf 89' lang='lat' dir='ltr'><strong>illud</strong></span> <span class='ocrx_word' id='word_1_314' title='bbox 921 2777 1116 2849; x_wconf 81' lang='lat' dir='ltr'><strong>dogma</strong></span> <span class='ocrx_word' id='word_1_315' title='bbox 1143 2778 1328 2848; x_wconf 80' lang='lat' dir='ltr'><strong>(cujus</strong></span> <span class='ocrx_word' id='word_1_316' title='bbox 1367 2788 1671 2833; x_wconf 87' lang='lat' dir='ltr'><strong>assertores</strong></span> <span class='ocrx_word' id='word_1_317' title='bbox 1712 2778 1879 2833; x_wconf 87' lang='lat' dir='ltr'><strong>etiam</strong></span> <span class='ocrx_word' id='word_1_318' title='bbox 1918 2776 2007 2830; x_wconf 88' lang='lat' dir='ltr'><strong>Di-</strong></span> 
     </span>
    </p>
   </div>
   <div class='ocr_carea' id='block_1_48' title="bbox 2196 2773 3712 2854">
    <p class='ocr_par' dir='ltr' id='par_1_48' title="bbox 2196 2773 3712 2854">
     <span class='ocr_line' id='line_1_48' title="bbox 2196 2773 3712 2854; baseline 0.007 -30"><span class='ocrx_word' id='word_1_319' title='bbox 2196 2773 2260 2826; x_wconf 57' lang='lat' dir='ltr'><strong>A&#39;.</strong></span> <span class='ocrx_word' id='word_1_320' title='bbox 2309 2773 2439 2826; x_wconf 82' lang='grc' dir='ltr'>Ἀπὸ</span> <span class='ocrx_word' id='word_1_321' title='bbox 2462 2773 2658 2844; x_wconf 79' lang='grc' dir='ltr'>ταύτης</span> <span class='ocrx_word' id='word_1_322' title='bbox 2689 2776 2789 2846; x_wconf 76' lang='grc' dir='ltr'><strong>τῆς</strong></span> <span class='ocrx_word' id='word_1_323' title='bbox 2824 2778 2974 2849; x_wconf 88' lang='grc' dir='ltr'><strong>παρά</strong></span> <span class='ocrx_word' id='word_1_324' title='bbox 3003 2796 3108 2831; x_wconf 88' lang='grc' dir='ltr'>τισι</span> <span class='ocrx_word' id='word_1_325' title='bbox 3138 2782 3471 2852; x_wconf 81' lang='grc' dir='ltr'>Διμοιριτῶν</span> <span class='ocrx_word' id='word_1_326' title='bbox 3504 2782 3712 2854; x_wconf 80' lang='grc' dir='ltr'>κεκλη-</span> 
     </span>
    </p>
   </div>
   <div class='ocr_carea' id='block_1_49' title="bbox 433 2865 1949 2944">
    <p class='ocr_par' dir='ltr' id='par_1_49' title="bbox 433 2871 1949 2943">
     <span class='ocr_line' id='line_1_49' title="bbox 433 2871 1949 2943; baseline -0.004 -14"><span class='ocrx_word' id='word_1_327' title='bbox 433 2872 668 2929; x_wconf 69' lang='lat' dir='ltr'><strong>mmritte</strong></span> <span class='ocrx_word' id='word_1_328' title='bbox 700 2872 861 2941; x_wconf 85' lang='lat' dir='ltr'><strong>vulgo</strong></span> <span class='ocrx_word' id='word_1_329' title='bbox 892 2872 1327 2943; x_wconf 89' lang='lat' dir='ltr'><strong>nuncupantur),</strong></span> <span class='ocrx_word' id='word_1_330' title='bbox 1361 2871 1508 2941; x_wconf 90' lang='lat' dir='ltr'><strong>quod</strong></span> <span class='ocrx_word' id='word_1_331' title='bbox 1536 2883 1807 2942; x_wconf 75' lang='lat' dir='ltr'><strong>suscepta:</strong></span> <span class='ocrx_word' id='word_1_332' title='bbox 1836 2871 1949 2925; x_wconf 82' lang='lat' dir='ltr'><strong>lion</strong></span> 
     </span>
    </p>
   </div>
   <div class='ocr_carea' id='block_1_50' title="bbox 2192 2865 3708 2944">
    <p class='ocr_par' dir='ltr' id='par_1_50' title="bbox 2192 2865 3708 2944">
     <span class='ocr_line' id='line_1_50' title="bbox 2192 2865 3708 2944; baseline 0.007 -29"><span class='ocrx_word' id='word_1_333' title='bbox 2192 2880 2305 2936; x_wconf 83' lang='grc' dir='ltr'>νης,</span> <span class='ocrx_word' id='word_1_334' title='bbox 2351 2865 2383 2935; x_wconf 80' lang='grc' dir='ltr'>ἢ</span> <span class='ocrx_word' id='word_1_335' title='bbox 2435 2866 2602 2936; x_wconf 77' lang='grc' dir='ltr'>χωρὶς</span> <span class='ocrx_word' id='word_1_336' title='bbox 2648 2866 2738 2920; x_wconf 82' lang='grc' dir='ltr'><strong>νοῦ</strong></span> <span class='ocrx_word' id='word_1_337' title='bbox 2778 2870 3043 2941; x_wconf 83' lang='grc' dir='ltr'>ὲνσάρκου</span> <span class='ocrx_word' id='word_1_338' title='bbox 3094 2873 3331 2942; x_wconf 80' lang='grc' dir='ltr'>Χριστοῦ</span> <span class='ocrx_word' id='word_1_339' title='bbox 3391 2875 3708 2944; x_wconf 74' lang='grc' dir='ltr'>παρουσξας</span> 
     </span>
    </p>
   </div>
   <div class='ocr_carea' id='block_1_51' title="bbox 432 2956 1948 3035">
    <p class='ocr_par' dir='ltr' id='par_1_51' title="bbox 432 2965 1948 3029">
     <span class='ocr_line' id='line_1_51' title="bbox 432 2965 1948 3029; baseline -0.001 -8"><span class='ocrx_word' id='word_1_340' title='bbox 432 2968 522 3022; x_wconf 93' lang='lat' dir='ltr'><strong>nis</strong></span> <span class='ocrx_word' id='word_1_341' title='bbox 550 2981 580 3019; x_wconf 91' lang='lat' dir='ltr'><strong>a</strong></span> <span class='ocrx_word' id='word_1_342' title='bbox 618 2965 837 3020; x_wconf 87' lang='lat' dir='ltr'><strong>Christo</strong></span> <span class='ocrx_word' id='word_1_343' title='bbox 873 2972 1082 3019; x_wconf 63' lang='lat' dir='ltr'><strong>naturae</strong></span> <span class='ocrx_word' id='word_1_344' title='bbox 1124 2972 1359 3020; x_wconf 87' lang='lat' dir='ltr'><strong>mentem</strong></span> <span class='ocrx_word' id='word_1_345' title='bbox 1395 2966 1660 3029; x_wconf 85' lang='lat' dir='ltr'><strong>detrahit,</strong></span> <span class='ocrx_word' id='word_1_346' title='bbox 1692 2965 1831 3020; x_wconf 88' lang='lat' dir='ltr'><strong>alias</strong></span> <span class='ocrx_word' id='word_1_347' title='bbox 1861 2966 1948 3019; x_wconf 87' lang='lat' dir='ltr'><strong>ins</strong></span> 
     </span>
    </p>
   </div>
   <div class='ocr_carea' id='block_1_52' title="bbox 2192 2956 3708 3035">
    <p class='ocr_par' dir='ltr' id='par_1_52' title="bbox 2192 2956 3708 3035">
     <span class='ocr_line' id='line_1_52' title="bbox 2192 2956 3708 3035; baseline 0.007 -28"><span class='ocrx_word' id='word_1_348' title='bbox 2192 2956 2539 3027; x_wconf 77' lang='grc' dir='ltr'>›μαζομένης.</span> <span class='ocrx_word' id='word_1_349' title='bbox 2579 2957 2718 3029; x_wconf 79' lang='grc' dir='ltr'>ἐφύη</span> <span class='ocrx_word' id='word_1_350' title='bbox 2748 2960 2869 3013; x_wconf 74' lang='grc' dir='ltr'>τινὰ</span> <span class='ocrx_word' id='word_1_351' title='bbox 2896 2961 3059 3030; x_wconf 72' lang='grc' dir='ltr'>ἕτερα</span> <span class='ocrx_word' id='word_1_352' title='bbox 3094 2963 3416 3033; x_wconf 82' lang='grc' dir='ltr'>πράγματα,</span> <span class='ocrx_word' id='word_1_353' title='bbox 3463 2965 3708 3035; x_wconf 77' lang='grc' dir='ltr'>μάλιστα</span> 
     </span>
    </p>
   </div>
   <div class='ocr_carea' id='block_1_53' title="bbox 433 3046 1949 3126">
    <p class='ocr_par' dir='ltr' id='par_1_53' title="bbox 433 3054 1949 3126">
     <span class='ocr_line' id='line_1_53' title="bbox 433 3054 1949 3126; baseline -0.002 -15"><span class='ocrx_word' id='word_1_354' title='bbox 433 3070 531 3126; x_wconf 75' lang='lat' dir='ltr'><strong>per</strong></span> <span class='ocrx_word' id='word_1_355' title='bbox 558 3057 843 3111; x_wconf 87' lang='lat' dir='ltr'><strong>molestias</strong></span> <span class='ocrx_word' id='word_1_356' title='bbox 900 3070 965 3108; x_wconf 89' lang='lat' dir='ltr'><strong>ac</strong></span> <span class='ocrx_word' id='word_1_357' title='bbox 1000 3054 1216 3125; x_wconf 82' lang='lat' dir='ltr'><strong>negotia</strong></span> <span class='ocrx_word' id='word_1_358' title='bbox 1251 3059 1480 3125; x_wconf 87' lang='lat' dir='ltr'><strong>peperit,</strong></span> <span class='ocrx_word' id='word_1_359' title='bbox 1522 3066 1685 3123; x_wconf 85' lang='lat' dir='ltr'><strong>atque</strong></span> <span class='ocrx_word' id='word_1_360' title='bbox 1720 3057 1773 3108; x_wconf 91' lang='lat' dir='ltr'><strong>in</strong></span> <span class='ocrx_word' id='word_1_361' title='bbox 1812 3056 1949 3108; x_wconf 77' lang='lat' dir='ltr'><strong>Arat</strong></span> 
     </span>
    </p>
   </div>
   <div class='ocr_carea' id='block_1_54' title="bbox 2188 3046 3704 3126">
    <p class='ocr_par' dir='ltr' id='par_1_54' title="bbox 2200 3046 3704 3126">
     <span class='ocr_line' id='line_1_54' title="bbox 2200 3046 3704 3126; baseline 0.009 -30"><span class='ocrx_word' id='word_1_362' title='bbox 2200 3047 2265 3116; x_wconf 84' lang='grc' dir='ltr'>τῇ</span> <span class='ocrx_word' id='word_1_363' title='bbox 2314 3046 2577 3117; x_wconf 74' lang='grc' dir='ltr'>Ἀραὸία’</span> <span class='ocrx_word' id='word_1_364' title='bbox 2620 3049 2888 3121; x_wconf 77' lang='grc' dir='ltr'><strong>ἀνηνέχθη</strong></span> <span class='ocrx_word' id='word_1_365' title='bbox 2930 3051 3004 3104; x_wconf 76' lang='grc' dir='ltr'>δὲ.</span> <span class='ocrx_word' id='word_1_366' title='bbox 3030 3055 3095 3122; x_wconf 84' lang='grc' dir='ltr'>τῇ</span> <span class='ocrx_word' id='word_1_367' title='bbox 3142 3052 3297 3123; x_wconf 81' lang='grc' dir='ltr'>ἡμῶν</span> <span class='ocrx_word' id='word_1_368' title='bbox 3343 3056 3704 3126; x_wconf 75' lang='grc' dir='ltr'>ταπεινότητι</span> 
     </span>
    </p>
   </div>
   <div class='ocr_carea' id='block_1_55' title="bbox 432 3137 1948 3221">
    <p class='ocr_par' dir='ltr' id='par_1_55' title="bbox 432 3146 1948 3221">
     <span class='ocr_line' id='line_1_55' title="bbox 432 3146 1948 3221; baseline -0.001 -20"><span class='ocrx_word' id='word_1_369' title='bbox 432 3147 738 3221; x_wconf 66' lang='lat' dir='ltr'><strong>prtesertim</strong></span> <span class='ocrx_word' id='word_1_370' title='bbox 770 3165 784 3201; x_wconf 77' lang='grc' dir='ltr'><strong>ι</strong></span> <span class='ocrx_word' id='word_1_371' title='bbox 816 3147 886 3201; x_wconf 91' lang='lat' dir='ltr'><strong>de</strong></span> <span class='ocrx_word' id='word_1_372' title='bbox 933 3147 1135 3217; x_wconf 88' lang='lat' dir='ltr'><strong>quibus</strong></span> <span class='ocrx_word' id='word_1_373' title='bbox 1187 3146 1460 3215; x_wconf 82' lang='lat' dir='ltr'><strong>religiosis</strong></span> <span class='ocrx_word' id='word_1_374' title='bbox 1506 3146 1836 3215; x_wconf 87' lang='lat' dir='ltr'><strong>quibusdam</strong></span> <span class='ocrx_word' id='word_1_375' title='bbox 1883 3147 1948 3199; x_wconf 83' lang='lat' dir='ltr'><strong>vii</strong></span> 
     </span>
    </p>
   </div>
   <div class='ocr_carea' id='block_1_56' title="bbox 2186 3137 3702 3221">
    <p class='ocr_par' dir='ltr' id='par_1_56' title="bbox 2193 3137 3702 3218">
     <span class='ocr_line' id='line_1_56' title="bbox 2193 3137 3702 3218; baseline 0.007 -29"><span class='ocrx_word' id='word_1_376' title='bbox 2193 3138 2247 3208; x_wconf 72' lang='grc' dir='ltr'>ρὶ</span> <span class='ocrx_word' id='word_1_377' title='bbox 2292 3137 2495 3191; x_wconf 88' lang='grc' dir='ltr'>τούτων</span> <span class='ocrx_word' id='word_1_378' title='bbox 2541 3140 2646 3193; x_wconf 82' lang='grc' dir='ltr'>ὑπό</span> <span class='ocrx_word' id='word_1_379' title='bbox 2687 3159 2848 3194; x_wconf 88' lang='grc' dir='ltr'>τινων</span> <span class='ocrx_word' id='word_1_380' title='bbox 2874 3142 3136 3199; x_wconf 81' lang='grc' dir='ltr'>εὐλαϐὦν.</span> <span class='ocrx_word' id='word_1_381' title='bbox 3171 3146 3280 3197; x_wconf 75' lang='grc' dir='ltr'>Καὶ</span> <span class='ocrx_word' id='word_1_382' title='bbox 3331 3148 3560 3218; x_wconf 82' lang='grc' dir='ltr'>πρῶτον</span> <span class='ocrx_word' id='word_1_383' title='bbox 3607 3150 3702 3218; x_wconf 85' lang='grc' dir='ltr'>μὲν</span> 
     </span>
    </p>
   </div>
   <div class='ocr_carea' id='block_1_57' title="bbox 436 3227 1952 3310">
    <p class='ocr_par' dir='ltr' id='par_1_57' title="bbox 436 3236 1952 3308">
     <span class='ocr_line' id='line_1_57' title="bbox 436 3236 1952 3308; baseline -0.003 -13"><span class='ocrx_word' id='word_1_384' title='bbox 436 3255 630 3296; x_wconf 85' lang='lat' dir='ltr'><strong>sumus</strong></span> <span class='ocrx_word' id='word_1_385' title='bbox 682 3237 970 3291; x_wconf 88' lang='lat' dir='ltr'><strong>admoniti.</strong></span> <span class='ocrx_word' id='word_1_386' title='bbox 1025 3237 1101 3290; x_wconf 88' lang='lat' dir='ltr'><strong>Ac</strong></span> <span class='ocrx_word' id='word_1_387' title='bbox 1132 3236 1259 3289; x_wconf 86' lang='lat' dir='ltr'><strong>licet</strong></span> <span class='ocrx_word' id='word_1_388' title='bbox 1305 3243 1464 3291; x_wconf 90' lang='lat' dir='ltr'><strong>antea</strong></span> <span class='ocrx_word' id='word_1_389' title='bbox 1516 3237 1583 3290; x_wconf 92' lang='lat' dir='ltr'><strong>de</strong></span> <span class='ocrx_word' id='word_1_390' title='bbox 1628 3236 1815 3292; x_wconf 88' lang='lat' dir='ltr'><strong>eodem</strong></span> <span class='ocrx_word' id='word_1_391' title='bbox 1863 3251 1952 3308; x_wconf 79' lang='lat' dir='ltr'><strong>arg</strong></span> 
     </span>
    </p>
   </div>
   <div class='ocr_carea' id='block_1_58' title="bbox 2186 3227 3702 3310">
    <p class='ocr_par' dir='ltr' id='par_1_58' title="bbox 2186 3228 3702 3310">
     <span class='ocr_line' id='line_1_58' title="bbox 2186 3228 3702 3310; baseline 0.006 -30"><span class='ocrx_word' id='word_1_392' title='bbox 2186 3228 2404 3300; x_wconf 75' lang='grc' dir='ltr'>τιστολὴν</span> <span class='ocrx_word' id='word_1_393' title='bbox 2426 3231 2671 3301; x_wconf 78' lang='grc' dir='ltr'>περὶτῆς</span> <span class='ocrx_word' id='word_1_394' title='bbox 2693 3232 2996 3295; x_wconf 80' lang='grc' dir='ltr'>ὑποθέσεως</span> <span class='ocrx_word' id='word_1_395' title='bbox 3012 3235 3213 3307; x_wconf 85' lang='grc' dir='ltr'>ταύτης</span> <span class='ocrx_word' id='word_1_396' title='bbox 3236 3245 3702 3310; x_wconf 71' lang='grc' dir='ltr'>γεγραφὴκαμεν·</span> 
     </span>
    </p>
   </div>
   <div class='ocr_carea' id='block_1_59' title="bbox 440 3321 1956 3399">
    <p class='ocr_par' dir='ltr' id='par_1_59' title="bbox 440 3328 1956 3399">
     <span class='ocr_line' id='line_1_59' title="bbox 440 3328 1956 3399; baseline -0.001 -14"><span class='ocrx_word' id='word_1_397' title='bbox 440 3338 628 3385; x_wconf 90' lang='lat' dir='ltr'><strong>mento</strong></span> <span class='ocrx_word' id='word_1_398' title='bbox 678 3328 964 3399; x_wconf 84' lang='lat' dir='ltr'><strong>epistolam</strong></span> <span class='ocrx_word' id='word_1_399' title='bbox 1008 3328 1418 3398; x_wconf 84' lang='lat' dir='ltr'><strong>scripserimus,</strong></span> <span class='ocrx_word' id='word_1_400' title='bbox 1472 3336 1654 3383; x_wconf 87' lang='lat' dir='ltr'><strong>tamen</strong></span> <span class='ocrx_word' id='word_1_401' title='bbox 1704 3328 1846 3399; x_wconf 91' lang='lat' dir='ltr'><strong>quod</strong></span> <span class='ocrx_word' id='word_1_402' title='bbox 1901 3330 1956 3383; x_wconf 69' lang='grc' dir='ltr'><strong>ιιι</strong></span> 
     </span>
    </p>
   </div>
   <div class='ocr_carea' id='block_1_60' title="bbox 2186 3321 3702 3399">
    <p class='ocr_par' dir='ltr' id='par_1_60' title="bbox 2186 3322 3702 3397">
     <span class='ocr_line' id='line_1_60' title="bbox 2186 3322 3702 3397; baseline 0.005 -23"><span class='ocrx_word' id='word_1_403' title='bbox 2186 3339 2267 3385; x_wconf 78' lang='grc' dir='ltr'><strong>ως</strong></span> <span class='ocrx_word' id='word_1_404' title='bbox 2296 3322 2352 3375; x_wconf 84' lang='grc' dir='ltr'>δὲ</span> <span class='ocrx_word' id='word_1_405' title='bbox 2377 3322 2463 3376; x_wconf 81' lang='grc' dir='ltr'><strong>διὰ</strong></span> <span class='ocrx_word' id='word_1_406' title='bbox 2488 3323 2586 3393; x_wconf 85' lang='grc' dir='ltr'>τῆς</span> <span class='ocrx_word' id='word_1_407' title='bbox 2610 3323 2927 3387; x_wconf 81' lang='grc' dir='ltr'>ἀκολουθίας</span> <span class='ocrx_word' id='word_1_408' title='bbox 2956 3324 3049 3376; x_wconf 77' lang='grc' dir='ltr'>τοῦ</span> <span class='ocrx_word' id='word_1_409' title='bbox 3073 3326 3306 3397; x_wconf 78' lang='grc' dir='ltr'>ἀριθμοῦ</span> <span class='ocrx_word' id='word_1_410' title='bbox 3335 3330 3429 3381; x_wconf 76' lang='grc' dir='ltr'>καὶ</span> <span class='ocrx_word' id='word_1_411' title='bbox 3465 3328 3702 3382; x_wconf 76' lang='grc' dir='ltr'>ἐνταῦθα</span> 
     </span>
    </p>
   </div>
   <div class='ocr_carea' id='block_1_61' title="bbox 442 3410 1958 3491">
    <p class='ocr_par' dir='ltr' id='par_1_61' title="bbox 442 3420 1958 3491">
     <span class='ocr_line' id='line_1_61' title="bbox 442 3420 1958 3491; baseline -0.002 -13"><span class='ocrx_word' id='word_1_412' title='bbox 442 3423 670 3478; x_wconf 63' lang='lat' dir='ltr'><strong>haeresis</strong></span> <span class='ocrx_word' id='word_1_413' title='bbox 721 3420 914 3476; x_wconf 88' lang='lat' dir='ltr'><strong>ordine</strong></span> <span class='ocrx_word' id='word_1_414' title='bbox 987 3436 1085 3475; x_wconf 90' lang='lat' dir='ltr'><strong>suo</strong></span> <span class='ocrx_word' id='word_1_415' title='bbox 1139 3435 1481 3491; x_wconf 90' lang='lat' dir='ltr'><strong>numeroque</strong></span> <span class='ocrx_word' id='word_1_416' title='bbox 1541 3422 1837 3486; x_wconf 87' lang='lat' dir='ltr'><strong>succedat,</strong></span> <span class='ocrx_word' id='word_1_417' title='bbox 1872 3422 1958 3476; x_wconf 87' lang='lat' dir='ltr'><strong>hai</strong></span> 
     </span>
    </p>
   </div>
   <div class='ocr_carea' id='block_1_62' title="bbox 2184 3410 3700 3491">
    <p class='ocr_par' dir='ltr' id='par_1_62' title="bbox 2184 3416 3700 3489">
     <span class='ocr_line' id='line_1_62' title="bbox 2184 3416 3700 3489; baseline 0.005 -21"><span class='ocrx_word' id='word_1_418' title='bbox 2184 3416 2288 3487; x_wconf 61' lang='grc' dir='ltr'>ιτὴν</span> <span class='ocrx_word' id='word_1_419' title='bbox 2328 3416 2500 3469; x_wconf 85' lang='grc' dir='ltr'>διόλου</span> <span class='ocrx_word' id='word_1_420' title='bbox 2544 3416 2641 3487; x_wconf 80' lang='grc' dir='ltr'><strong>τὴν</strong></span> <span class='ocrx_word' id='word_1_421' title='bbox 2681 3416 2968 3489; x_wconf 75' lang='grc' dir='ltr'>επιστολὴν</span> <span class='ocrx_word' id='word_1_422' title='bbox 3006 3419 3143 3488; x_wconf 81' lang='grc' dir='ltr'>μετὰ</span> <span class='ocrx_word' id='word_1_423' title='bbox 3190 3419 3284 3473; x_wconf 71' lang='grc' dir='ltr'><strong>καὶ</strong></span> <span class='ocrx_word' id='word_1_424' title='bbox 3320 3421 3429 3475; x_wconf 89' lang='grc' dir='ltr'><strong>τῶν</strong></span> <span class='ocrx_word' id='word_1_425' title='bbox 3463 3422 3700 3489; x_wconf 76' lang='grc' dir='ltr'>εὐλόγως</span> 
     </span>
    </p>
   </div>
   <div class='ocr_carea' id='block_1_63' title="bbox 441 3506 1957 3584">
    <p class='ocr_par' dir='ltr' id='par_1_63' title="bbox 441 3512 1957 3584">
     <span class='ocr_line' id='line_1_63' title="bbox 441 3512 1957 3584; baseline -0.003 -13"><span class='ocrx_word' id='word_1_426' title='bbox 441 3516 615 3584; x_wconf 86' lang='lat' dir='ltr'><strong>ipsam</strong></span> <span class='ocrx_word' id='word_1_427' title='bbox 657 3530 757 3570; x_wconf 92' lang='lat' dir='ltr'><strong>nos</strong></span> <span class='ocrx_word' id='word_1_428' title='bbox 789 3514 1100 3584; x_wconf 86' lang='lat' dir='ltr'><strong>epistolam,</strong></span> <span class='ocrx_word' id='word_1_429' title='bbox 1136 3512 1467 3583; x_wconf 87' lang='lat' dir='ltr'><strong>quibusdam</strong></span> <span class='ocrx_word' id='word_1_430' title='bbox 1517 3513 1712 3567; x_wconf 88' lang='lat' dir='ltr'><strong>merito</strong></span> <span class='ocrx_word' id='word_1_431' title='bbox 1746 3514 1832 3568; x_wconf 89' lang='lat' dir='ltr'><strong>vel</strong></span> <span class='ocrx_word' id='word_1_432' title='bbox 1864 3513 1957 3567; x_wconf 79' lang='lat' dir='ltr'><strong>add</strong></span> 
     </span>
    </p>
   </div>
   <div class='ocr_carea' id='block_1_64' title="bbox 2182 3506 3698 3584">
    <p class='ocr_par' dir='ltr' id='par_1_64' title="bbox 2182 3506 3698 3583">
     <span class='ocr_line' id='line_1_64' title="bbox 2182 3506 3698 3583; baseline 0.003 -25"><span class='ocrx_word' id='word_1_433' title='bbox 2182 3506 2326 3578; x_wconf 85' lang='grc' dir='ltr'>ιύτην</span> <span class='ocrx_word' id='word_1_434' title='bbox 2351 3507 2371 3538; x_wconf 88' lang='grc'><strong><em>⁵</em></strong></span> <span class='ocrx_word' id='word_1_435' title='bbox 2396 3507 2878 3579; x_wconf 79' lang='grc' dir='ltr'>προστεθειμένων,</span> <span class='ocrx_word' id='word_1_436' title='bbox 2900 3509 2933 3580; x_wconf 85' lang='grc' dir='ltr'>ἢ</span> <span class='ocrx_word' id='word_1_437' title='bbox 2958 3509 3067 3562; x_wconf 78' lang='grc' dir='ltr'>ἀπὸ</span> <span class='ocrx_word' id='word_1_438' title='bbox 3086 3510 3253 3582; x_wconf 76' lang='grc' dir='ltr'>αὐτῆς</span> <span class='ocrx_word' id='word_1_439' title='bbox 3276 3511 3698 3583; x_wconf 66' lang='grc' dir='ltr'>ἐξαιρουμένοιν,</span> 
     </span>
    </p>
   </div>
   <div class='ocr_carea' id='block_1_65' title="bbox 442 3602 1958 3675">
    <p class='ocr_par' dir='ltr' id='par_1_65' title="bbox 442 3605 1846 3674">
     <span class='ocr_line' id='line_1_65' title="bbox 442 3605 1846 3674; baseline -0.002 -12"><span class='ocrx_word' id='word_1_440' title='bbox 442 3610 536 3670; x_wconf 89' lang='lat' dir='ltr'><strong>tis,</strong></span> <span class='ocrx_word' id='word_1_441' title='bbox 569 3608 650 3662; x_wconf 87' lang='lat' dir='ltr'><strong>vel</strong></span> <span class='ocrx_word' id='word_1_442' title='bbox 682 3608 966 3669; x_wconf 85' lang='lat' dir='ltr'><strong>detractis,</strong></span> <span class='ocrx_word' id='word_1_443' title='bbox 998 3606 1263 3660; x_wconf 88' lang='lat' dir='ltr'><strong>adversus</strong></span> <span class='ocrx_word' id='word_1_444' title='bbox 1290 3606 1437 3659; x_wconf 92' lang='lat' dir='ltr'><strong>illam</strong></span> <span class='ocrx_word' id='word_1_445' title='bbox 1470 3605 1846 3674; x_wconf 83' lang='lat' dir='ltr'><strong>subjicicmus.</strong></span> 
     </span>
    </p>
   </div>
   <div class='ocr_carea' id='block_1_66' title="bbox 1342 3602 2858 3675">
    <p class='ocr_par' dir='ltr' id='par_1_66' title="bbox 1342 3602 2858 3675">
     <span class='ocr_line' id='line_1_66' title="bbox 1342 3602 2858 3675; baseline 0 -17"><span class='ocrx_word' id='word_1_446' title='bbox 1342 3610 1437 3659; x_wconf 78' lang='lat' dir='ltr'><strong>lam</strong></span> <span class='ocrx_word' id='word_1_447' title='bbox 1470 3605 1846 3674; x_wconf 82' lang='lat' dir='ltr'><strong>subjicicmus.</strong></span> <span class='ocrx_word' id='word_1_448' title='bbox 2125 3605 2203 3667; x_wconf 81' lang='grc' dir='ltr'><strong>εἰς</strong></span> <span class='ocrx_word' id='word_1_449' title='bbox 2239 3602 2334 3674; x_wconf 84' lang='grc' dir='ltr'><strong>τὴν</strong></span> <span class='ocrx_word' id='word_1_450' title='bbox 2367 3604 2577 3675; x_wconf 81' lang='grc' dir='ltr'>αἵρεσιν</span> <span class='ocrx_word' id='word_1_451' title='bbox 2607 3603 2858 3675; x_wconf 79' lang='grc' dir='ltr'>ἐροῦμεν.</span> 
     </span>
    </p>
   </div>
   <div class='ocr_carea' id='block_1_67' title="bbox 516 3695 2032 3771">
    <p class='ocr_par' dir='ltr' id='par_1_67' title="bbox 516 3698 2021 3768">
     <span class='ocr_line' id='line_1_67' title="bbox 516 3698 2021 3768; baseline -0.001 -15"><span class='ocrx_word' id='word_1_452' title='bbox 516 3701 730 3755; x_wconf 86' lang='lat' dir='ltr'><strong>Etenim</strong></span> <span class='ocrx_word' id='word_1_453' title='bbox 789 3716 855 3754; x_wconf 79' lang='lat' dir='ltr'><strong>ex</strong></span> <span class='ocrx_word' id='word_1_454' title='bbox 919 3698 1597 3753; x_wconf 87' lang='lat' dir='ltr'><strong>Antidicomarianitarum</strong></span> <span class='ocrx_word' id='word_1_455' title='bbox 1662 3714 1823 3768; x_wconf 79' lang='lat' dir='ltr'><strong>grege</strong></span> <span class='ocrx_word' id='word_1_456' title='bbox 1882 3714 2021 3752; x_wconf 83' lang='lat' dir='ltr'><strong>non-</strong></span> 
     </span>
    </p>
   </div>
   <div class='ocr_carea' id='block_1_68' title="bbox 2178 3695 3694 3771">
    <p class='ocr_par' dir='ltr' id='par_1_68' title="bbox 2200 3695 3694 3771">
     <span class='ocr_line' id='line_1_68' title="bbox 2200 3695 3694 3771; baseline 0.001 -24"><span class='ocrx_word' id='word_1_457' title='bbox 2200 3695 2797 3766; x_wconf 83' lang='grc' dir='ltr'>Ἀντιόικομαριανιτῶν</span> <span class='ocrx_word' id='word_1_458' title='bbox 2852 3697 2959 3769; x_wconf 82' lang='grc' dir='ltr'><strong>γάρ</strong></span> <span class='ocrx_word' id='word_1_459' title='bbox 3013 3715 3180 3762; x_wconf 85' lang='grc' dir='ltr'>τινες,</span> <span class='ocrx_word' id='word_1_460' title='bbox 3227 3698 3417 3771; x_wconf 83' lang='grc' dir='ltr'>ῶσπερ</span> <span class='ocrx_word' id='word_1_461' title='bbox 3476 3697 3694 3769; x_wconf 79' lang='grc' dir='ltr'>ὲχθρίαν</span> 
     </span>
    </p>
   </div>
   <div class='ocr_carea' id='block_1_69' title="bbox 448 3788 1964 3862">
    <p class='ocr_par' dir='ltr' id='par_1_69' title="bbox 448 3788 1961 3862">
     <span class='ocr_line' id='line_1_69' title="bbox 448 3788 1961 3862; baseline -0.002 -14"><span class='ocrx_word' id='word_1_462' title='bbox 448 3793 607 3856; x_wconf 91' lang='lat' dir='ltr'><strong>nulli,</strong></span> <span class='ocrx_word' id='word_1_463' title='bbox 657 3792 814 3862; x_wconf 91' lang='lat' dir='ltr'><strong>quasi</strong></span> <span class='ocrx_word' id='word_1_464' title='bbox 867 3792 1143 3860; x_wconf 61' lang='lat' dir='ltr'><strong>praecipuo</strong></span> <span class='ocrx_word' id='word_1_465' title='bbox 1181 3791 1419 3862; x_wconf 84' lang='lat' dir='ltr'><strong>quodam</strong></span> <span class='ocrx_word' id='word_1_466' title='bbox 1471 3791 1525 3844; x_wconf 94' lang='lat' dir='ltr'><strong>in</strong></span> <span class='ocrx_word' id='word_1_467' title='bbox 1570 3788 1845 3861; x_wconf 81' lang='lat' dir='ltr'><strong>Virginem</strong></span> <span class='ocrx_word' id='word_1_468' title='bbox 1895 3792 1961 3845; x_wconf 91' lang='lat' dir='ltr'><strong>od</strong></span> 
     </span>
    </p>
   </div>
   <div class='ocr_carea' id='block_1_70' title="bbox 2183 3788 3699 3862">
    <p class='ocr_par' dir='ltr' id='par_1_70' title="bbox 2183 3789 3699 3861">
     <span class='ocr_line' id='line_1_70' title="bbox 2183 3789 3699 3861; baseline -0.002 -20"><span class='ocrx_word' id='word_1_469' title='bbox 2183 3789 2264 3858; x_wconf 72' lang='grc' dir='ltr'><strong>οὺς</strong></span> <span class='ocrx_word' id='word_1_470' title='bbox 2293 3789 2388 3860; x_wconf 84' lang='grc' dir='ltr'>τὴν</span> <span class='ocrx_word' id='word_1_471' title='bbox 2415 3790 2687 3861; x_wconf 77' lang='grc' dir='ltr'>Παρθένον</span> <span class='ocrx_word' id='word_1_472' title='bbox 2718 3789 2951 3860; x_wconf 79' lang='grc' dir='ltr'>ἔχοντες,</span> <span class='ocrx_word' id='word_1_473' title='bbox 2983 3791 3075 3843; x_wconf 75' lang='grc' dir='ltr'><strong>καὶ</strong></span> <span class='ocrx_word' id='word_1_474' title='bbox 3106 3790 3415 3860; x_wconf 80' lang='grc' dir='ltr'>βουλόμενοι</span> <span class='ocrx_word' id='word_1_475' title='bbox 3444 3805 3699 3844; x_wconf 79' lang='grc' dir='ltr'>κατευτεο</span> 
     </span>
    </p>
   </div>
   <div class='ocr_carea' id='block_1_71' title="bbox 448 3877 1964 3952">
    <p class='ocr_par' dir='ltr' id='par_1_71' title="bbox 448 3881 1964 3952">
     <span class='ocr_line' id='line_1_71' title="bbox 448 3881 1964 3952; baseline -0.001 -14"><span class='ocrx_word' id='word_1_476' title='bbox 448 3891 722 3952; x_wconf 83' lang='lat' dir='ltr'><strong>suscepto,</strong></span> <span class='ocrx_word' id='word_1_477' title='bbox 758 3890 817 3935; x_wconf 86' lang='lat' dir='ltr'><strong>ut</strong></span> <span class='ocrx_word' id='word_1_478' title='bbox 858 3883 976 3950; x_wconf 85' lang='lat' dir='ltr'><strong>ejus</strong></span> <span class='ocrx_word' id='word_1_479' title='bbox 1006 3883 1234 3952; x_wconf 85' lang='lat' dir='ltr'><strong>gloriam</strong></span> <span class='ocrx_word' id='word_1_480' title='bbox 1283 3881 1678 3947; x_wconf 86' lang='lat' dir='ltr'><strong>obscurarent,</strong></span> <span class='ocrx_word' id='word_1_481' title='bbox 1712 3884 1827 3936; x_wconf 87' lang='lat' dir='ltr'><strong>sive</strong></span> <span class='ocrx_word' id='word_1_482' title='bbox 1876 3884 1964 3936; x_wconf 85' lang='lat' dir='ltr'><strong>inv</strong></span> 
     </span>
    </p>
   </div>
   <div class='ocr_carea' id='block_1_72' title="bbox 2178 3877 3694 3952">
    <p class='ocr_par' dir='ltr' id='par_1_72' title="bbox 2178 3877 3694 3951">
     <span class='ocr_line' id='line_1_72' title="bbox 2178 3877 3694 3951; baseline -0.003 -18"><span class='ocrx_word' id='word_1_483' title='bbox 2178 3881 2299 3943; x_wconf 75' lang='grc' dir='ltr'>ζειν</span> <span class='ocrx_word' id='word_1_484' title='bbox 2330 3881 2542 3951; x_wconf 80' lang='grc' dir='ltr'>ἐκείνης</span> <span class='ocrx_word' id='word_1_485' title='bbox 2572 3880 2629 3933; x_wconf 88' lang='grc' dir='ltr'><strong>τὸ</strong></span> <span class='ocrx_word' id='word_1_486' title='bbox 2653 3880 2827 3943; x_wconf 81' lang='grc' dir='ltr'>κλέος,</span> <span class='ocrx_word' id='word_1_487' title='bbox 2858 3879 3036 3950; x_wconf 78' lang='grc' dir='ltr'>φθόνῳ</span> <span class='ocrx_word' id='word_1_488' title='bbox 3056 3882 3163 3932; x_wconf 77' lang='grc' dir='ltr'>τινὶ</span> <span class='ocrx_word' id='word_1_489' title='bbox 3190 3880 3448 3951; x_wconf 79' lang='grc' dir='ltr'>ἀρθέντες</span> <span class='ocrx_word' id='word_1_490' title='bbox 3475 3881 3508 3951; x_wconf 76' lang='grc' dir='ltr'>ἦ</span> <span class='ocrx_word' id='word_1_491' title='bbox 3546 3877 3694 3945; x_wconf 69' lang='grc' dir='ltr'>σφάλ-</span> 
     </span>
    </p>
   </div>
   <div class='ocr_carea' id='block_1_73' title="bbox 448 3973 1964 4045">
    <p class='ocr_par' dir='ltr' id='par_1_73' title="bbox 448 3974 1961 4045">
     <span class='ocr_line' id='line_1_73' title="bbox 448 3974 1961 4045; baseline -0.001 -17"><span class='ocrx_word' id='word_1_492' title='bbox 448 3976 561 4039; x_wconf 91' lang='lat' dir='ltr'><strong>dia,</strong></span> <span class='ocrx_word' id='word_1_493' title='bbox 593 3975 707 4029; x_wconf 87' lang='lat' dir='ltr'><strong>sive</strong></span> <span class='ocrx_word' id='word_1_494' title='bbox 729 3976 937 4029; x_wconf 81' lang='lat' dir='ltr'><strong>erroris</strong></span> <span class='ocrx_word' id='word_1_495' title='bbox 965 3974 1211 4029; x_wconf 86' lang='lat' dir='ltr'><strong>tenebris</strong></span> <span class='ocrx_word' id='word_1_496' title='bbox 1250 3974 1539 4044; x_wconf 65' lang='lat' dir='ltr'><strong>obcwcati,</strong></span> <span class='ocrx_word' id='word_1_497' title='bbox 1571 3990 1681 4045; x_wconf 93' lang='lat' dir='ltr'><strong>qno</strong></span> <span class='ocrx_word' id='word_1_498' title='bbox 1709 3976 1961 4029; x_wconf 90' lang='lat' dir='ltr'><strong>mortalin</strong></span> 
     </span>
    </p>
   </div>
   <div class='ocr_carea' id='block_1_74' title="bbox 2176 3973 3692 4045">
    <p class='ocr_par' dir='ltr' id='par_1_74' title="bbox 2176 3973 3692 4045">
     <span class='ocr_line' id='line_1_74' title="bbox 2176 3973 3692 4045; baseline 0.001 -19"><span class='ocrx_word' id='word_1_499' title='bbox 2176 3991 2284 4036; x_wconf 89' lang='grc' dir='ltr'>ατι,</span> <span class='ocrx_word' id='word_1_500' title='bbox 2342 3978 2435 4027; x_wconf 74' lang='grc' dir='ltr'><strong>καὶ</strong></span> <span class='ocrx_word' id='word_1_501' title='bbox 2489 3976 2684 4043; x_wconf 80' lang='grc' dir='ltr'>χρᾶναι</span> <span class='ocrx_word' id='word_1_502' title='bbox 2743 3974 3055 4045; x_wconf 81' lang='grc' dir='ltr'>βουλόμενοι</span> <span class='ocrx_word' id='word_1_503' title='bbox 3100 3974 3333 4036; x_wconf 75' lang='grc' dir='ltr'>διανοίας</span> <span class='ocrx_word' id='word_1_504' title='bbox 3376 3973 3692 4045; x_wconf 79' lang='grc' dir='ltr'>ἀνθρώπων.</span> 
     </span>
    </p>
   </div>
   <div class='ocr_carea' id='block_1_75' title="bbox 450 4060 1966 4139">
    <p class='ocr_par' dir='ltr' id='par_1_75' title="bbox 450 4068 1966 4139">
     <span class='ocr_line' id='line_1_75' title="bbox 450 4068 1966 4139; baseline -0.001 -16"><span class='ocrx_word' id='word_1_505' title='bbox 450 4069 665 4123; x_wconf 82' lang='lat' dir='ltr'><strong>animos</strong></span> <span class='ocrx_word' id='word_1_506' title='bbox 701 4068 1077 4138; x_wconf 89' lang='lat' dir='ltr'><strong>inquinarent,</strong></span> <span class='ocrx_word' id='word_1_507' title='bbox 1108 4084 1174 4122; x_wconf 92' lang='lat' dir='ltr'><strong>eo</strong></span> <span class='ocrx_word' id='word_1_508' title='bbox 1205 4068 1535 4123; x_wconf 85' lang='lat' dir='ltr'><strong>temeritatis</strong></span> <span class='ocrx_word' id='word_1_509' title='bbox 1568 4068 1845 4139; x_wconf 81' lang='lat' dir='ltr'><strong>progressi</strong></span> <span class='ocrx_word' id='word_1_510' title='bbox 1872 4084 1966 4131; x_wconf 88' lang='lat' dir='ltr'><strong>sun</strong></span> 
     </span>
    </p>
   </div>
   <div class='ocr_carea' id='block_1_76' title="bbox 2174 4060 3690 4139">
    <p class='ocr_par' dir='ltr' id='par_1_76' title="bbox 2174 4060 3690 4138">
     <span class='ocr_line' id='line_1_76' title="bbox 2174 4060 3690 4138; baseline -0.003 -20"><span class='ocrx_word' id='word_1_511' title='bbox 2174 4066 2433 4136; x_wconf 73' lang='grc' dir='ltr'>τόλμησαν</span> <span class='ocrx_word' id='word_1_512' title='bbox 2478 4066 2657 4135; x_wconf 77' lang='grc' dir='ltr'>λέγειν</span> <span class='ocrx_word' id='word_1_513' title='bbox 2700 4068 2796 4137; x_wconf 74' lang='grc' dir='ltr'><strong>τὴν</strong></span> <span class='ocrx_word' id='word_1_514' title='bbox 2844 4068 3004 4135; x_wconf 79' lang='grc' dir='ltr'>ἀγίαν</span> <span class='ocrx_word' id='word_1_515' title='bbox 3037 4068 3252 4138; x_wconf 78' lang='grc' dir='ltr'>Μαρίαν</span> <span class='ocrx_word' id='word_1_516' title='bbox 3296 4066 3431 4136; x_wconf 81' lang='grc' dir='ltr'><strong>μετά</strong></span> <span class='ocrx_word' id='word_1_517' title='bbox 3476 4066 3576 4136; x_wconf 78' lang='grc' dir='ltr'><strong>τὴν</strong></span> <span class='ocrx_word' id='word_1_518' title='bbox 3608 4060 3690 4114; x_wconf 75' lang='grc' dir='ltr'>τοῦ</span> 
     </span>
    </p>
   </div>
   <div class='ocr_carea' id='block_1_77' title="bbox 450 4152 1966 4231">
    <p class='ocr_par' dir='ltr' id='par_1_77' title="bbox 450 4161 1966 4231">
     <span class='ocr_line' id='line_1_77' title="bbox 450 4161 1966 4231; baseline -0.001 -14"><span class='ocrx_word' id='word_1_519' title='bbox 450 4171 513 4217; x_wconf 86' lang='lat' dir='ltr'><strong>ut</strong></span> <span class='ocrx_word' id='word_1_520' title='bbox 559 4162 967 4217; x_wconf 87' lang='lat' dir='ltr'><strong>sanctissimam</strong></span> <span class='ocrx_word' id='word_1_521' title='bbox 1014 4162 1235 4214; x_wconf 83' lang='lat' dir='ltr'><strong>Mariam</strong></span> <span class='ocrx_word' id='word_1_522' title='bbox 1269 4168 1391 4231; x_wconf 88' lang='lat' dir='ltr'><strong>post</strong></span> <span class='ocrx_word' id='word_1_523' title='bbox 1428 4161 1707 4216; x_wconf 86' lang='lat' dir='ltr'><strong>Christum</strong></span> <span class='ocrx_word' id='word_1_524' title='bbox 1745 4162 1798 4215; x_wconf 93' lang='lat' dir='ltr'><strong>in</strong></span> <span class='ocrx_word' id='word_1_525' title='bbox 1846 4161 1966 4215; x_wconf 86' lang='lat' dir='ltr'><strong>luce</strong></span> 
     </span>
    </p>
   </div>
   <div class='ocr_carea' id='block_1_78' title="bbox 2177 4152 3693 4231">
    <p class='ocr_par' dir='ltr' id='par_1_78' title="bbox 2184 4152 3693 4229">
     <span class='ocr_line' id='line_1_78' title="bbox 2184 4152 3693 4229; baseline -0.003 -20"><span class='ocrx_word' id='word_1_526' title='bbox 2184 4157 2365 4227; x_wconf 82' lang='grc' dir='ltr'>ριστοῦ</span> <span class='ocrx_word' id='word_1_527' title='bbox 2393 4158 2644 4227; x_wconf 80' lang='grc' dir='ltr'>γέννησιν</span> <span class='ocrx_word' id='word_1_528' title='bbox 2688 4158 2837 4229; x_wconf 82' lang='grc' dir='ltr'>ἀνδρὶ</span> <span class='ocrx_word' id='word_1_529' title='bbox 2869 4157 3154 4228; x_wconf 77' lang='grc' dir='ltr'>συνῆφθαι,</span> <span class='ocrx_word' id='word_1_530' title='bbox 3185 4159 3327 4228; x_wconf 73' lang='grc' dir='ltr'>φημὶ</span> <span class='ocrx_word' id='word_1_531' title='bbox 3353 4157 3408 4209; x_wconf 77' lang='grc' dir='ltr'>δὲ</span> <span class='ocrx_word' id='word_1_532' title='bbox 3446 4156 3596 4225; x_wconf 75' lang='grc' dir='ltr'>αὐτῴ</span> <span class='ocrx_word' id='word_1_533' title='bbox 3626 4152 3693 4221; x_wconf 78' lang='grc' dir='ltr'>τῷ</span> 
     </span>
    </p>
   </div>
   <div class='ocr_carea' id='block_1_79' title="bbox 449 4241 1965 4322">
    <p class='ocr_par' dir='ltr' id='par_1_79' title="bbox 449 4253 1960 4322">
     <span class='ocr_line' id='line_1_79' title="bbox 449 4253 1960 4322; baseline 0.001 -16"><span class='ocrx_word' id='word_1_534' title='bbox 449 4254 655 4308; x_wconf 89' lang='lat' dir='ltr'><strong>editum</strong></span> <span class='ocrx_word' id='word_1_535' title='bbox 692 4270 816 4307; x_wconf 90' lang='lat' dir='ltr'><strong>cum</strong></span> <span class='ocrx_word' id='word_1_536' title='bbox 864 4254 984 4308; x_wconf 90' lang='lat' dir='ltr'><strong>viro</strong></span> <span class='ocrx_word' id='word_1_537' title='bbox 1027 4270 1128 4308; x_wconf 91' lang='lat' dir='ltr'><strong>suo</strong></span> <span class='ocrx_word' id='word_1_538' title='bbox 1162 4253 1400 4322; x_wconf 89' lang='lat' dir='ltr'><strong>.losepho</strong></span> <span class='ocrx_word' id='word_1_539' title='bbox 1436 4253 1886 4309; x_wconf 88' lang='lat' dir='ltr'><strong>consuetudinem</strong></span> <span class='ocrx_word' id='word_1_540' title='bbox 1928 4255 1960 4308; x_wconf 88' lang='lat' dir='ltr'><strong>b</strong></span> 
     </span>
    </p>
   </div>
   <div class='ocr_carea' id='block_1_80' title="bbox 2172 4241 3688 4322">
    <p class='ocr_par' dir='ltr' id='par_1_80' title="bbox 2176 4241 3688 4319">
     <span class='ocr_line' id='line_1_80' title="bbox 2176 4241 3688 4319; baseline -0.006 -18"><span class='ocrx_word' id='word_1_541' title='bbox 2176 4250 2352 4319; x_wconf 79' lang='grc' dir='ltr'>ωσήφ.</span> <span class='ocrx_word' id='word_1_542' title='bbox 2383 4250 2517 4301; x_wconf 77' lang='grc' dir='ltr'>Φασὶ</span> <span class='ocrx_word' id='word_1_543' title='bbox 2548 4248 2624 4312; x_wconf 84' lang='grc' dir='ltr'><strong>δὲ,</strong></span> <span class='ocrx_word' id='word_1_544' title='bbox 2660 4250 2736 4311; x_wconf 84' lang='grc' dir='ltr'>ὡς</span> <span class='ocrx_word' id='word_1_545' title='bbox 2768 4249 2879 4301; x_wconf 82' lang='grc' dir='ltr'><strong>ἀνω</strong></span> <span class='ocrx_word' id='word_1_546' title='bbox 2914 4266 3002 4317; x_wconf 86' lang='grc' dir='ltr'><strong>μοι</strong></span> <span class='ocrx_word' id='word_1_547' title='bbox 3028 4246 3262 4317; x_wconf 78' lang='grc' dir='ltr'>εἴρηται.</span> <span class='ocrx_word' id='word_1_548' title='bbox 3300 4248 3381 4299; x_wconf 81' lang='grc' dir='ltr'>ὅτι</span> <span class='ocrx_word' id='word_1_549' title='bbox 3408 4248 3505 4299; x_wconf 76' lang='grc' dir='ltr'>ἀπ’</span> <span class='ocrx_word' id='word_1_550' title='bbox 3540 4241 3688 4297; x_wconf 74' lang='grc' dir='ltr'><strong>αὖτοῦ</strong></span> 
     </span>
    </p>
   </div>
   <div class='ocr_carea' id='block_1_81' title="bbox 450 4333 1966 4416">
    <p class='ocr_par' dir='ltr' id='par_1_81' title="bbox 450 4345 1966 4416">
     <span class='ocr_line' id='line_1_81' title="bbox 450 4345 1966 4416; baseline -0.003 -15"><span class='ocrx_word' id='word_1_551' title='bbox 450 4347 639 4401; x_wconf 87' lang='lat' dir='ltr'><strong>bnisse</strong></span> <span class='ocrx_word' id='word_1_552' title='bbox 670 4347 936 4401; x_wconf 89' lang='lat' dir='ltr'><strong>dicerent.</strong></span> <span class='ocrx_word' id='word_1_553' title='bbox 976 4345 1151 4410; x_wconf 83' lang='lat' dir='ltr'><strong>Quam</strong></span> <span class='ocrx_word' id='word_1_554' title='bbox 1184 4347 1404 4415; x_wconf 88' lang='lat' dir='ltr'><strong>quidem</strong></span> <span class='ocrx_word' id='word_1_555' title='bbox 1439 4348 1777 4416; x_wconf 84' lang='lat' dir='ltr'><strong>Opinionem,</strong></span> <span class='ocrx_word' id='word_1_556' title='bbox 1829 4358 1888 4401; x_wconf 89' lang='lat' dir='ltr'><strong>ut</strong></span> <span class='ocrx_word' id='word_1_557' title='bbox 1930 4364 1966 4402; x_wconf 79' lang='grc' dir='ltr'><strong>ει</strong></span> 
     </span>
    </p>
   </div>
   <div class='ocr_carea' id='block_1_82' title="bbox 2172 4333 3688 4416">
    <p class='ocr_par' dir='ltr' id='par_1_82' title="bbox 2172 4333 3688 4414">
     <span class='ocr_line' id='line_1_82' title="bbox 2172 4333 3688 4414; baseline -0.003 -18"><span class='ocrx_word' id='word_1_558' title='bbox 2172 4343 2227 4396; x_wconf 85' lang='grc' dir='ltr'><strong>οὖ</strong></span> <span class='ocrx_word' id='word_1_559' title='bbox 2282 4342 2585 4414; x_wconf 74' lang='grc' dir='ltr'>πρεσϐύτου</span> <span class='ocrx_word' id='word_1_560' title='bbox 2625 4340 3031 4411; x_wconf 79' lang='grc' dir='ltr'>Ἀπολλιναρίου</span> <span class='ocrx_word' id='word_1_561' title='bbox 3078 4340 3333 4410; x_wconf 76' lang='grc' dir='ltr'>ἐξήχηται</span> <span class='ocrx_word' id='word_1_562' title='bbox 3376 4340 3403 4390; x_wconf 89' lang='grc' dir='ltr'>ὁ</span> <span class='ocrx_word' id='word_1_563' title='bbox 3448 4338 3622 4407; x_wconf 75' lang='grc' dir='ltr'>λόγος,</span> <span class='ocrx_word' id='word_1_564' title='bbox 3661 4333 3688 4400; x_wconf 83' lang='grc' dir='ltr'>ἦ</span> 
     </span>
    </p>
   </div>
   <div class='ocr_carea' id='block_1_83' title="bbox 450 4431 1966 4507">
    <p class='ocr_par' dir='ltr' id='par_1_83' title="bbox 450 4436 1966 4507">
     <span class='ocr_line' id='line_1_83' title="bbox 450 4436 1966 4507; baseline 0.001 -17"><span class='ocrx_word' id='word_1_565' title='bbox 450 4451 549 4506; x_wconf 84' lang='lat' dir='ltr'><strong>pra</strong></span> <span class='ocrx_word' id='word_1_566' title='bbox 584 4436 717 4500; x_wconf 78' lang='lat' dir='ltr'><strong>dixi,</strong></span> <span class='ocrx_word' id='word_1_567' title='bbox 770 4436 838 4489; x_wconf 92' lang='lat' dir='ltr'><strong>ab</strong></span> <span class='ocrx_word' id='word_1_568' title='bbox 875 4452 1005 4491; x_wconf 88' lang='lat' dir='ltr'><strong>sene</strong></span> <span class='ocrx_word' id='word_1_569' title='bbox 1036 4438 1129 4490; x_wconf 89' lang='lat' dir='ltr'><strong>illo</strong></span> <span class='ocrx_word' id='word_1_570' title='bbox 1165 4437 1488 4507; x_wconf 83' lang='lat' dir='ltr'><strong>Apollinari,</strong></span> <span class='ocrx_word' id='word_1_571' title='bbox 1549 4448 1642 4491; x_wconf 88' lang='lat' dir='ltr'><strong>aut</strong></span> <span class='ocrx_word' id='word_1_572' title='bbox 1682 4438 1750 4492; x_wconf 88' lang='lat' dir='ltr'><strong>ab</strong></span> <span class='ocrx_word' id='word_1_573' title='bbox 1797 4438 1966 4506; x_wconf 72' lang='lat' dir='ltr'><strong>ejuscl</strong></span> 
     </span>
    </p>
   </div>
   <div class='ocr_carea' id='block_1_84' title="bbox 2174 4431 3690 4507">
    <p class='ocr_par' dir='ltr' id='par_1_84' title="bbox 2176 4431 3690 4505">
     <span class='ocr_line' id='line_1_84' title="bbox 2176 4431 3690 4505; baseline -0.008 -16"><span class='ocrx_word' id='word_1_574' title='bbox 2176 4437 2243 4489; x_wconf 81' lang='grc' dir='ltr'>πό</span> <span class='ocrx_word' id='word_1_575' title='bbox 2285 4454 2443 4488; x_wconf 85' lang='grc' dir='ltr'>τινων</span> <span class='ocrx_word' id='word_1_576' title='bbox 2488 4435 2595 4488; x_wconf 87' lang='grc' dir='ltr'><strong>τῶν</strong></span> <span class='ocrx_word' id='word_1_577' title='bbox 2640 4433 2787 4505; x_wconf 82' lang='grc' dir='ltr'><strong>αὑτῷ</strong></span> <span class='ocrx_word' id='word_1_578' title='bbox 2820 4432 3345 4504; x_wconf 85' lang='grc' dir='ltr'>μεμαθητευμένων·</span> <span class='ocrx_word' id='word_1_579' title='bbox 3399 4431 3493 4483; x_wconf 71' lang='grc' dir='ltr'><strong>καὶ</strong></span> <span class='ocrx_word' id='word_1_580' title='bbox 3539 4431 3690 4499; x_wconf 68' lang='grc' dir='ltr'>ἀμφι-</span> 
     </span>
    </p>
   </div>
   <div class='ocr_carea' id='block_1_85' title="bbox 454 4521 1970 4603">
    <p class='ocr_par' dir='ltr' id='par_1_85' title="bbox 454 4528 1966 4598">
     <span class='ocr_line' id='line_1_85' title="bbox 454 4528 1966 4598; baseline -0.001 -14"><span class='ocrx_word' id='word_1_581' title='bbox 454 4528 680 4597; x_wconf 89' lang='lat' dir='ltr'><strong>scipulis</strong></span> <span class='ocrx_word' id='word_1_582' title='bbox 714 4544 971 4583; x_wconf 84' lang='lat' dir='ltr'><strong>manasse</strong></span> <span class='ocrx_word' id='word_1_583' title='bbox 999 4530 1319 4595; x_wconf 61' lang='lat' dir='ltr'><strong>praedicant,</strong></span> <span class='ocrx_word' id='word_1_584' title='bbox 1356 4529 1422 4582; x_wconf 90' lang='lat' dir='ltr'><strong>de</strong></span> <span class='ocrx_word' id='word_1_585' title='bbox 1457 4544 1567 4598; x_wconf 91' lang='lat' dir='ltr'><strong>quo</strong></span> <span class='ocrx_word' id='word_1_586' title='bbox 1614 4529 1855 4583; x_wconf 88' lang='lat' dir='ltr'><strong>nondum</strong></span> <span class='ocrx_word' id='word_1_587' title='bbox 1897 4530 1966 4582; x_wconf 89' lang='lat' dir='ltr'><strong>mi</strong></span> 
     </span>
    </p>
   </div>
   <div class='ocr_carea' id='block_1_86' title="bbox 2172 4521 3688 4603">
    <p class='ocr_par' dir='ltr' id='par_1_86' title="bbox 2174 4521 3688 4603">
     <span class='ocr_line' id='line_1_86' title="bbox 2174 4521 3688 4603; baseline -0.009 -18"><span class='ocrx_word' id='word_1_588' title='bbox 2174 4530 2334 4585; x_wconf 83' lang='grc' dir='ltr'>ἀλλω.</span> <span class='ocrx_word' id='word_1_589' title='bbox 2368 4531 2504 4603; x_wconf 73' lang='grc' dir='ltr'>Περὶ</span> <span class='ocrx_word' id='word_1_590' title='bbox 2536 4530 2593 4582; x_wconf 82' lang='grc' dir='ltr'>δὲ</span> <span class='ocrx_word' id='word_1_591' title='bbox 2637 4529 2744 4581; x_wconf 85' lang='grc' dir='ltr'><strong>τῶν</strong></span> <span class='ocrx_word' id='word_1_592' title='bbox 2789 4527 2960 4581; x_wconf 76' lang='grc' dir='ltr'>ταῦτα</span> <span class='ocrx_word' id='word_1_593' title='bbox 3006 4527 3269 4595; x_wconf 82' lang='grc' dir='ltr'>λεγόντων</span> <span class='ocrx_word' id='word_1_594' title='bbox 3314 4525 3558 4594; x_wconf 77' lang='grc' dir='ltr'>ἀνάγκην</span> <span class='ocrx_word' id='word_1_595' title='bbox 3598 4521 3688 4590; x_wconf 80' lang='grc' dir='ltr'><strong>ἔχω</strong></span> 
     </span>
    </p>
   </div>
   <div class='ocr_carea' id='block_1_87' title="bbox 451 4615 1967 4691">
    <p class='ocr_par' dir='ltr' id='par_1_87' title="bbox 451 4617 1967 4688">
     <span class='ocr_line' id='line_1_87' title="bbox 451 4617 1967 4688; baseline -0.001 -15"><span class='ocrx_word' id='word_1_596' title='bbox 451 4619 663 4688; x_wconf 88' lang='lat' dir='ltr'><strong>liquido</strong></span> <span class='ocrx_word' id='word_1_597' title='bbox 711 4627 946 4673; x_wconf 84' lang='lat' dir='ltr'><strong>constat.</strong></span> <span class='ocrx_word' id='word_1_598' title='bbox 1003 4617 1289 4687; x_wconf 88' lang='lat' dir='ltr'><strong>Utcunque</strong></span> <span class='ocrx_word' id='word_1_599' title='bbox 1345 4635 1465 4674; x_wconf 84' lang='lat' dir='ltr'><strong>sese</strong></span> <span class='ocrx_word' id='word_1_600' title='bbox 1507 4635 1594 4674; x_wconf 91' lang='lat' dir='ltr'><strong>res</strong></span> <span class='ocrx_word' id='word_1_601' title='bbox 1640 4620 1855 4683; x_wconf 87' lang='lat' dir='ltr'><strong>habeat,</strong></span> <span class='ocrx_word' id='word_1_602' title='bbox 1905 4636 1967 4673; x_wconf 88' lang='lat' dir='ltr'><strong>cn</strong></span> 
     </span>
    </p>
   </div>
   <div class='ocr_carea' id='block_1_88' title="bbox 2174 4615 3690 4691">
    <p class='ocr_par' dir='ltr' id='par_1_88' title="bbox 2174 4615 3690 4691">
     <span class='ocr_line' id='line_1_88' title="bbox 2174 4615 3690 4691; baseline -0.009 -16"><span class='ocrx_word' id='word_1_603' title='bbox 2174 4626 2336 4691; x_wconf 78' lang='grc' dir='ltr'>ἐγειν.</span> <span class='ocrx_word' id='word_1_604' title='bbox 2380 4622 2496 4675; x_wconf 81' lang='grc' dir='ltr'>Ἵνα</span> <span class='ocrx_word' id='word_1_605' title='bbox 2529 4621 2584 4674; x_wconf 74' lang='grc' dir='ltr'>δὲ</span> <span class='ocrx_word' id='word_1_606' title='bbox 2622 4620 2694 4691; x_wconf 83' lang='grc' dir='ltr'>μὴ</span> <span class='ocrx_word' id='word_1_607' title='bbox 2723 4621 2800 4683; x_wconf 79' lang='grc' dir='ltr'><strong>εἰς</strong></span> <span class='ocrx_word' id='word_1_608' title='bbox 2839 4618 3085 4689; x_wconf 87' lang='grc' dir='ltr'>δεύτερον</span> <span class='ocrx_word' id='word_1_609' title='bbox 3126 4618 3367 4687; x_wconf 80' lang='grc' dir='ltr'>κάματον</span> <span class='ocrx_word' id='word_1_610' title='bbox 3394 4615 3581 4668; x_wconf 76' lang='grc' dir='ltr'>ἑαυτὸν</span> <span class='ocrx_word' id='word_1_611' title='bbox 3606 4626 3690 4661; x_wconf 78' lang='grc' dir='ltr'>πε·</span> 
     </span>
    </p>
   </div>
   <div class='ocr_carea' id='block_1_89' title="bbox 455 4710 1971 4789">
    <p class='ocr_par' dir='ltr' id='par_1_89' title="bbox 455 4710 1971 4773">
     <span class='ocr_line' id='line_1_89' title="bbox 455 4710 1971 4773; baseline 0.001 -9"><span class='ocrx_word' id='word_1_612' title='bbox 455 4712 767 4764; x_wconf 87' lang='lat' dir='ltr'><strong>necessario</strong></span> <span class='ocrx_word' id='word_1_613' title='bbox 795 4725 823 4762; x_wconf 93' lang='lat' dir='ltr'><strong>a</strong></span> <span class='ocrx_word' id='word_1_614' title='bbox 866 4711 1024 4763; x_wconf 91' lang='lat' dir='ltr'><strong>nobis</strong></span> <span class='ocrx_word' id='word_1_615' title='bbox 1060 4710 1136 4763; x_wconf 78' lang='lat' dir='ltr'><strong>illi</strong></span> <span class='ocrx_word' id='word_1_616' title='bbox 1182 4710 1457 4765; x_wconf 86' lang='lat' dir='ltr'><strong>refutandi</strong></span> <span class='ocrx_word' id='word_1_617' title='bbox 1488 4713 1617 4773; x_wconf 90' lang='lat' dir='ltr'><strong>sint,</strong></span> <span class='ocrx_word' id='word_1_618' title='bbox 1670 4728 1735 4766; x_wconf 90' lang='lat' dir='ltr'><strong>ne</strong></span> <span class='ocrx_word' id='word_1_619' title='bbox 1779 4713 1971 4766; x_wconf 89' lang='lat' dir='ltr'><strong>eumde</strong></span> 
     </span>
    </p>
   </div>
   <div class='ocr_carea' id='block_1_90' title="bbox 2170 4710 3686 4789">
    <p class='ocr_par' dir='ltr' id='par_1_90' title="bbox 2170 4710 3686 4788">
     <span class='ocr_line' id='line_1_90' title="bbox 2170 4710 3686 4788; baseline -0.01 -17"><span class='ocrx_word' id='word_1_620' title='bbox 2170 4718 2481 4788; x_wconf 61' lang='grc' dir='ltr'>ιιϐάλλοιμι,</span> <span class='ocrx_word' id='word_1_621' title='bbox 2514 4716 2747 4784; x_wconf 78' lang='grc' dir='ltr'>καθεξῆς</span> <span class='ocrx_word' id='word_1_622' title='bbox 2779 4716 2844 4784; x_wconf 84' lang='grc' dir='ltr'>ἣν</span> <span class='ocrx_word' id='word_1_623' title='bbox 2875 4715 3132 4783; x_wconf 83' lang='grc' dir='ltr'>προεῖπον</span> <span class='ocrx_word' id='word_1_624' title='bbox 3165 4712 3465 4781; x_wconf 66' lang='grc' dir='ltr'>γραφεῖσαν</span> <span class='ocrx_word' id='word_1_625' title='bbox 3491 4710 3686 4761; x_wconf 76' lang='grc' dir='ltr'>ἐπιστο-</span> 
     </span>
    </p>
   </div>
   <div class='ocr_carea' id='block_1_91' title="bbox 454 4775 1970 4880">
    <p class='ocr_par' dir='ltr' id='par_1_91' title="bbox 454 4801 1970 4873">
     <span class='ocr_line' id='line_1_91' title="bbox 454 4801 1970 4873; baseline 0.001 -18"><span class='ocrx_word' id='word_1_626' title='bbox 454 4801 697 4855; x_wconf 86' lang='lat' dir='ltr'><strong>laborcm</strong></span> <span class='ocrx_word' id='word_1_627' title='bbox 731 4802 942 4873; x_wconf 70' lang='grc'><strong>1034</strong></span> <span class='ocrx_word' id='word_1_628' title='bbox 967 4802 1147 4855; x_wconf 90' lang='lat' dir='ltr'><strong>denuo</strong></span> <span class='ocrx_word' id='word_1_629' title='bbox 1196 4813 1525 4872; x_wconf 87' lang='lat' dir='ltr'><strong>repetamus.</strong></span> <span class='ocrx_word' id='word_1_630' title='bbox 1558 4804 1842 4873; x_wconf 84' lang='lat' dir='ltr'><strong>subjiciam</strong></span> <span class='ocrx_word' id='word_1_631' title='bbox 1886 4805 1970 4856; x_wconf 87' lang='lat' dir='ltr'><strong>illa</strong></span> 
     </span>
    </p>
   </div>
   <div class='ocr_carea' id='block_1_92' title="bbox 2170 4775 3686 4880">
    <p class='ocr_par' dir='ltr' id='par_1_92' title="bbox 2172 4775 3686 4880">
     <span class='ocr_line' id='line_1_92' title="bbox 2172 4775 3686 4880; baseline -0.01 -16"><span class='ocrx_word' id='word_1_632' title='bbox 2172 4811 2235 4880; x_wconf 77' lang='grc' dir='ltr'>ὴν</span> <span class='ocrx_word' id='word_1_633' title='bbox 2286 4775 2505 4880; x_wconf 39' lang='grc' dir='ltr'>εἱςιτὴν</span> <span class='ocrx_word' id='word_1_634' title='bbox 2564 4808 2808 4879; x_wconf 69' lang='grc' dir='ltr'>Ἀράϐων</span> <span class='ocrx_word' id='word_1_635' title='bbox 2854 4804 3035 4877; x_wconf 84' lang='grc' dir='ltr'>χώραν</span> <span class='ocrx_word' id='word_1_636' title='bbox 3084 4802 3353 4869; x_wconf 81' lang='grc' dir='ltr'>ὑποτάξω.</span> <span class='ocrx_word' id='word_1_637' title='bbox 3400 4801 3509 4854; x_wconf 71' lang='grc' dir='ltr'><strong>Καὶ</strong></span> <span class='ocrx_word' id='word_1_638' title='bbox 3562 4799 3686 4850; x_wconf 77' lang='grc' dir='ltr'>ἐστιν</span> 
     </span>
    </p>
   </div>
   <div class='ocr_carea' id='block_1_93' title="bbox 458 4892 2251 4977">
    <p class='ocr_par' dir='ltr' id='par_1_93' title="bbox 458 4892 2251 4977">
     <span class='ocr_line' id='line_1_93' title="bbox 458 4892 2251 4977; baseline 0.002 -31"><span class='ocrx_word' id='word_1_639' title='bbox 458 4892 746 4960; x_wconf 85' lang='lat' dir='ltr'><strong>ipsammet</strong></span> <span class='ocrx_word' id='word_1_640' title='bbox 778 4894 1087 4962; x_wconf 87' lang='lat' dir='ltr'><strong>epistolam,</strong></span> <span class='ocrx_word' id='word_1_641' title='bbox 1125 4909 1287 4963; x_wconf 86' lang='lat' dir='ltr'><strong>qnam</strong></span> <span class='ocrx_word' id='word_1_642' title='bbox 1316 4895 1371 4947; x_wconf 92' lang='lat' dir='ltr'><strong>in</strong></span> <span class='ocrx_word' id='word_1_643' title='bbox 1404 4894 1663 4948; x_wconf 80' lang='lat' dir='ltr'><strong>Arabiam</strong></span> <span class='ocrx_word' id='word_1_644' title='bbox 1693 4912 1721 4949; x_wconf 91' lang='lat' dir='ltr'><strong>a</strong></span> <span class='ocrx_word' id='word_1_645' title='bbox 1754 4911 1838 4949; x_wconf 90' lang='lat' dir='ltr'><strong>me</strong></span> <span class='ocrx_word' id='word_1_646' title='bbox 1871 4905 2031 4950; x_wconf 85' lang='lat' dir='ltr'><strong>antea</strong></span> <span class='ocrx_word' id='word_1_647' title='bbox 2136 4906 2251 4977; x_wconf 71' lang='grc' dir='ltr'>ἤδει</span> 
     </span>
    </p>
   </div>
   <div class='ocr_carea' id='block_1_94' title="bbox 459 4984 1854 5057">
    <p class='ocr_par' dir='ltr' id='par_1_94' title="bbox 459 4984 1854 5057">
     <span class='ocr_line' id='line_1_94' title="bbox 459 4984 1854 5057; baseline 0.003 -18"><span class='ocrx_word' id='word_1_648' title='bbox 459 4984 716 5053; x_wconf 87' lang='lat' dir='ltr'><strong>scriptam</strong></span> <span class='ocrx_word' id='word_1_649' title='bbox 752 5001 875 5039; x_wconf 90' lang='lat' dir='ltr'><strong>esse</strong></span> <span class='ocrx_word' id='word_1_650' title='bbox 906 4986 1223 5039; x_wconf 87' lang='lat' dir='ltr'><strong>memoravi.</strong></span> <span class='ocrx_word' id='word_1_651' title='bbox 1253 4985 1384 5052; x_wconf 74' lang='lat' dir='ltr'><strong>Qua:</strong></span> <span class='ocrx_word' id='word_1_652' title='bbox 1417 4996 1502 5043; x_wconf 89' lang='lat' dir='ltr'><strong>est</strong></span> <span class='ocrx_word' id='word_1_653' title='bbox 1530 4988 1800 5057; x_wconf 90' lang='lat' dir='ltr'><strong>ejusmodi</strong></span> <span class='ocrx_word' id='word_1_654' title='bbox 1841 5007 1854 5043; x_wconf 87' lang='lat'><strong>:</strong></span> 
     </span>
    </p>
   </div>
   <div class='ocr_carea' id='block_1_95' title="bbox 521 5088 2037 5173">
    <p class='ocr_par' dir='ltr' id='par_1_95' title="bbox 521 5095 1966 5168">
     <span class='ocr_line' id='line_1_95' title="bbox 521 5095 1966 5168; baseline 0.005 -18"><span class='ocrx_word' id='word_1_655' title='bbox 521 5095 808 5167; x_wconf 83' lang='lat' dir='ltr'><strong>Epiphanii</strong></span> <span class='ocrx_word' id='word_1_656' title='bbox 836 5100 1058 5168; x_wconf 82' lang='lat' dir='ltr'><strong>epistola</strong></span> <span class='ocrx_word' id='word_1_657' title='bbox 1085 5101 1336 5156; x_wconf 81' lang='lat' dir='ltr'><strong>adversus</strong></span> <span class='ocrx_word' id='word_1_658' title='bbox 1372 5102 1966 5157; x_wconf 81' lang='lat' dir='ltr'><strong>Antidicomarianitas.</strong></span> 
     </span>
    </p>
   </div>
   <div class='ocr_carea' id='block_1_96' title="bbox 2163 5088 3679 5173">
    <p class='ocr_par' dir='ltr' id='par_1_96' title="bbox 2163 5088 3679 5173">
     <span class='ocr_line' id='line_1_96' title="bbox 2163 5088 3679 5173; baseline -0.009 -15"><span class='ocrx_word' id='word_1_659' title='bbox 2163 5105 2499 5173; x_wconf 62' lang='grc' dir='ltr'>Επιφανίου</span> <span class='ocrx_word' id='word_1_660' title='bbox 2526 5098 2819 5167; x_wconf 78' lang='grc' dir='ltr'>ἐπιστολὴ</span> <span class='ocrx_word' id='word_1_661' title='bbox 2855 5099 3004 5151; x_wconf 81' lang='grc' dir='ltr'>κατὰ</span> <span class='ocrx_word' id='word_1_662' title='bbox 3040 5088 3679 5164; x_wconf 73' lang='grc' dir='ltr'>Ἀντιδικομαριανιτῶνα</span> 
     </span>
    </p>
   </div>
   <div class='ocr_carea' id='block_1_97' title="bbox 534 5201 2050 5285">
    <p class='ocr_par' dir='ltr' id='par_1_97' title="bbox 534 5213 2035 5285">
     <span class='ocr_line' id='line_1_97' title="bbox 534 5213 2035 5285; baseline 0.003 -18"><span class='ocrx_word' id='word_1_663' title='bbox 534 5215 599 5268; x_wconf 90' lang='lat' dir='ltr'><strong>ll.</strong></span> <span class='ocrx_word' id='word_1_664' title='bbox 644 5213 885 5269; x_wconf 89' lang='lat' dir='ltr'><strong>Dominis</strong></span> <span class='ocrx_word' id='word_1_665' title='bbox 914 5216 1048 5270; x_wconf 90' lang='lat' dir='ltr'><strong>meis</strong></span> <span class='ocrx_word' id='word_1_666' title='bbox 1078 5217 1369 5285; x_wconf 89' lang='lat' dir='ltr'><strong>plurimum</strong></span> <span class='ocrx_word' id='word_1_667' title='bbox 1395 5216 1772 5279; x_wconf 87' lang='lat' dir='ltr'><strong>observandis,</strong></span> <span class='ocrx_word' id='word_1_668' title='bbox 1809 5233 1873 5272; x_wconf 90' lang='lat' dir='ltr'><strong>ac</strong></span> <span class='ocrx_word' id='word_1_669' title='bbox 1908 5218 2035 5271; x_wconf 89' lang='lat' dir='ltr'><strong>cha-</strong></span> 
     </span>
    </p>
   </div>
   <div class='ocr_carea' id='block_1_98' title="bbox 2170 5201 3686 5285">
    <p class='ocr_par' dir='ltr' id='par_1_98' title="bbox 2206 5201 3686 5285">
     <span class='ocr_line' id='line_1_98' title="bbox 2206 5201 3686 5285; baseline -0.006 -18"><span class='ocrx_word' id='word_1_670' title='bbox 2206 5216 2279 5268; x_wconf 89' lang='lat' dir='ltr'><strong>B&#39;.</strong></span> <span class='ocrx_word' id='word_1_671' title='bbox 2305 5214 2526 5285; x_wconf 83' lang='grc' dir='ltr'>Κυρίοις</span> <span class='ocrx_word' id='word_1_672' title='bbox 2558 5231 2659 5285; x_wconf 84' lang='grc' dir='ltr'><strong>μου</strong></span> <span class='ocrx_word' id='word_1_673' title='bbox 2697 5211 3046 5283; x_wconf 82' lang='grc' dir='ltr'>τιμιωτάτοις</span> <span class='ocrx_word' id='word_1_674' title='bbox 3096 5212 3190 5263; x_wconf 71' lang='grc' dir='ltr'><strong>καὶ</strong></span> <span class='ocrx_word' id='word_1_675' title='bbox 3220 5208 3595 5279; x_wconf 83' lang='grc' dir='ltr'>ποθηνοτάτοις</span> <span class='ocrx_word' id='word_1_676' title='bbox 3618 5201 3686 5253; x_wconf 83' lang='grc' dir='ltr'><strong>τέ-</strong></span> 
     </span>
    </p>
   </div>
   <div class='ocr_carea' id='block_1_99' title="bbox 463 5293 1979 5377">
    <p class='ocr_par' dir='ltr' id='par_1_99' title="bbox 463 5308 1979 5377">
     <span class='ocr_line' id='line_1_99' title="bbox 463 5308 1979 5377; baseline 0.002 -15"><span class='ocrx_word' id='word_1_677' title='bbox 463 5308 700 5363; x_wconf 89' lang='lat' dir='ltr'><strong>rissimis</strong></span> <span class='ocrx_word' id='word_1_678' title='bbox 734 5309 878 5373; x_wconf 83' lang='lat' dir='ltr'><strong>filiis,</strong></span> <span class='ocrx_word' id='word_1_679' title='bbox 909 5318 963 5361; x_wconf 89' lang='lat' dir='ltr'><strong>et</strong></span> <span class='ocrx_word' id='word_1_680' title='bbox 994 5309 1224 5365; x_wconf 85' lang='lat' dir='ltr'><strong>sinceris</strong></span> <span class='ocrx_word' id='word_1_681' title='bbox 1254 5310 1535 5375; x_wconf 87' lang='lat' dir='ltr'><strong>fratribus,</strong></span> <span class='ocrx_word' id='word_1_682' title='bbox 1564 5311 1809 5377; x_wconf 87' lang='lat' dir='ltr'><strong>ejusdem</strong></span> <span class='ocrx_word' id='word_1_683' title='bbox 1841 5313 1979 5367; x_wconf 81' lang='lat' dir='ltr'><strong>ortln</strong></span> 
     </span>
    </p>
   </div>
   <div class='ocr_carea' id='block_1_100' title="bbox 2164 5293 3680 5377">
    <p class='ocr_par' dir='ltr' id='par_1_100' title="bbox 2164 5293 3680 5376">
     <span class='ocr_line' id='line_1_100' title="bbox 2164 5293 3680 5376; baseline -0.011 -13"><span class='ocrx_word' id='word_1_684' title='bbox 2164 5327 2303 5372; x_wconf 78' lang='grc' dir='ltr'>ινοις,</span> <span class='ocrx_word' id='word_1_685' title='bbox 2338 5311 2430 5363; x_wconf 70' lang='grc' dir='ltr'><strong>καὶ</strong></span> <span class='ocrx_word' id='word_1_686' title='bbox 2460 5308 2705 5376; x_wconf 80' lang='grc' dir='ltr'>ἀδελφοῖς</span> <span class='ocrx_word' id='word_1_687' title='bbox 2728 5305 2992 5375; x_wconf 85' lang='grc' dir='ltr'>γνησίοις,</span> <span class='ocrx_word' id='word_1_688' title='bbox 3024 5303 3117 5355; x_wconf 66' lang='grc' dir='ltr'><strong>κα)⁸</strong></span> <span class='ocrx_word' id='word_1_689' title='bbox 3144 5301 3459 5371; x_wconf 77' lang='grc' dir='ltr'>ὁμοπίστοις</span> <span class='ocrx_word' id='word_1_690' title='bbox 3499 5293 3680 5369; x_wconf 66' lang='lat'><strong>690066-</strong></span> 
     </span>
    </p>
   </div>
   <div class='ocr_carea' id='block_1_101' title="bbox 464 5387 1980 5474">
    <p class='ocr_par' dir='ltr' id='par_1_101' title="bbox 464 5400 1972 5474">
     <span class='ocr_line' id='line_1_101' title="bbox 464 5400 1972 5474; baseline 0.003 -19"><span class='ocrx_word' id='word_1_691' title='bbox 464 5401 619 5456; x_wconf 70' lang='lat' dir='ltr'><strong>doxae</strong></span> <span class='ocrx_word' id='word_1_692' title='bbox 650 5400 771 5456; x_wconf 84' lang='lat' dir='ltr'><strong>fidei</strong></span> <span class='ocrx_word' id='word_1_693' title='bbox 807 5400 1230 5471; x_wconf 86' lang='lat' dir='ltr'><strong>professoribus,</strong></span> <span class='ocrx_word' id='word_1_694' title='bbox 1272 5412 1379 5457; x_wconf 88' lang='lat' dir='ltr'><strong>tam</strong></span> <span class='ocrx_word' id='word_1_695' title='bbox 1424 5404 1824 5470; x_wconf 88' lang='lat' dir='ltr'><strong>sacerdotibus,</strong></span> <span class='ocrx_word' id='word_1_696' title='bbox 1866 5422 1972 5474; x_wconf 87' lang='lat' dir='ltr'><strong>qua</strong></span> 
     </span>
    </p>
   </div>
   <div class='ocr_carea' id='block_1_102' title="bbox 2166 5387 3682 5474">
    <p class='ocr_par' dir='ltr' id='par_1_102' title="bbox 2166 5387 3682 5472">
     <span class='ocr_line' id='line_1_102' title="bbox 2166 5387 3682 5472; baseline -0.009 -14"><span class='ocrx_word' id='word_1_697' title='bbox 2166 5422 2251 5468; x_wconf 39' lang='grc' dir='ltr'>,οις</span> <span class='ocrx_word' id='word_1_698' title='bbox 2281 5403 2389 5457; x_wconf 69' lang='grc' dir='ltr'>ἀπὸ</span> <span class='ocrx_word' id='word_1_699' title='bbox 2420 5401 2607 5471; x_wconf 79' lang='grc' dir='ltr'>ἱερέως</span> <span class='ocrx_word' id='word_1_700' title='bbox 2636 5402 2765 5472; x_wconf 88' lang='grc' dir='ltr'>ἄχρι</span> <span class='ocrx_word' id='word_1_701' title='bbox 2792 5397 3007 5462; x_wconf 80' lang='grc' dir='ltr'>λαῖκοῦ,</span> <span class='ocrx_word' id='word_1_702' title='bbox 3038 5395 3130 5449; x_wconf 74' lang='grc' dir='ltr'><strong>καὶ</strong></span> <span class='ocrx_word' id='word_1_703' title='bbox 3154 5394 3575 5464; x_wconf 76' lang='grc' dir='ltr'>κατηχουμένοις</span> <span class='ocrx_word' id='word_1_704' title='bbox 3594 5387 3682 5444; x_wconf 80' lang='grc' dir='ltr'>τοῖς</span> 
     </span>
    </p>
   </div>
   <div class='ocr_carea' id='block_1_103' title="bbox 561 5574 2077 5649">
    <p class='ocr_par' dir='ltr' id='par_1_103' title="bbox 561 5581 2071 5647">
     <span class='ocr_line' id='line_1_103' title="bbox 561 5581 2071 5647; baseline 0.002 -10"><span class='ocrx_word' id='word_1_705' title='bbox 561 5584 579 5616; x_wconf 87' lang='grc'>¹</span> <span class='ocrx_word' id='word_1_706' title='bbox 616 5582 775 5638; x_wconf 82' lang='lat' dir='ltr'><strong>Hebr.</strong></span> <span class='ocrx_word' id='word_1_707' title='bbox 812 5598 863 5647; x_wconf 86' lang='lat' dir='ltr'><strong>v,</strong></span> <span class='ocrx_word' id='word_1_708' title='bbox 896 5584 1000 5647; x_wconf 78' lang='lat'><strong>12;</strong></span> <span class='ocrx_word' id='word_1_709' title='bbox 1033 5599 1105 5647; x_wconf 82' lang='lat' dir='ltr'><strong>vr,</strong></span> <span class='ocrx_word' id='word_1_710' title='bbox 1133 5583 1188 5635; x_wconf 74' lang='lat'><strong>2.</strong></span> <span class='ocrx_word' id='word_1_711' title='bbox 1286 5584 1305 5613; x_wconf 82' lang='grc'><strong><em>²</em></strong></span> <span class='ocrx_word' id='word_1_712' title='bbox 1343 5581 1505 5639; x_wconf 90' lang='lat' dir='ltr'><strong>llebr.</strong></span> <span class='ocrx_word' id='word_1_713' title='bbox 1532 5600 1653 5647; x_wconf 87' lang='lat' dir='ltr'><strong>vm,</strong></span> <span class='ocrx_word' id='word_1_714' title='bbox 1690 5584 1775 5639; x_wconf 78' lang='grc'><strong>15.</strong></span> <span class='ocrx_word' id='word_1_715' title='bbox 1853 5583 1873 5614; x_wconf 82' lang='grc'>³</span> <span class='ocrx_word' id='word_1_716' title='bbox 1908 5583 2071 5640; x_wconf 87' lang='lat' dir='ltr'><strong>Hebr.</strong></span> 
     </span>
    </p>
   </div>
   <div class='ocr_carea' id='block_1_104' title="bbox 1993 5574 3509 5649">
    <p class='ocr_par' dir='ltr' id='par_1_104' title="bbox 1993 5574 3509 5649">
     <span class='ocr_line' id='line_1_104' title="bbox 1993 5574 3509 5649; baseline -0.007 -13"><span class='ocrx_word' id='word_1_717' title='bbox 1993 5584 2071 5640; x_wconf 90' lang='lat' dir='ltr'><strong>br.</strong></span> <span class='ocrx_word' id='word_1_718' title='bbox 2096 5598 2195 5647; x_wconf 84' lang='lat' dir='ltr'><strong>vn,</strong></span> <span class='ocrx_word' id='word_1_719' title='bbox 2226 5582 2315 5637; x_wconf 71' lang='grc'><strong>12.</strong></span> <span class='ocrx_word' id='word_1_720' title='bbox 2392 5582 2414 5613; x_wconf 71' lang='grc'><strong>⁸</strong></span> <span class='ocrx_word' id='word_1_721' title='bbox 2444 5579 2505 5637; x_wconf 87' lang='lat' dir='ltr'><strong>F.</strong></span> <span class='ocrx_word' id='word_1_722' title='bbox 2540 5583 2608 5634; x_wconf 80' lang='grc' dir='ltr'>εἰ.</span> <span class='ocrx_word' id='word_1_723' title='bbox 2687 5580 2709 5611; x_wconf 85' lang='grc'><strong><em>⁵</em></strong></span> <span class='ocrx_word' id='word_1_724' title='bbox 2743 5578 2875 5649; x_wconf 83' lang='lat' dir='ltr'><strong>Reg.</strong></span> <span class='ocrx_word' id='word_1_725' title='bbox 2904 5576 3096 5630; x_wconf 81' lang='grc' dir='ltr'>ταῦτα.</span> <span class='ocrx_word' id='word_1_726' title='bbox 3135 5574 3293 5631; x_wconf 84' lang='lat' dir='ltr'><strong>Forte</strong></span> <span class='ocrx_word' id='word_1_727' title='bbox 3319 5574 3509 5646; x_wconf 83' lang='grc' dir='ltr'>ταύτῃ.</span> 
     </span>
    </p>
   </div>
   <div class='ocr_carea' id='block_1_105' title="bbox 540 5730 3679 5807">
    <p class='ocr_par' dir='ltr' id='par_1_105' title="bbox 540 5730 3679 5807">
     <span class='ocr_line' id='line_1_105' title="bbox 540 5730 3679 5807; baseline -0.002 -17"><span class='ocrx_word' id='word_1_728' title='bbox 540 5736 653 5805; x_wconf 82' lang='lat'><strong>(96)</strong></span> <span class='ocrx_word' id='word_1_729' title='bbox 690 5734 1351 5805; x_wconf 74' lang='grc' dir='ltr'>Ἀγτιδικομαριανιτῶν.</span> <span class='ocrx_word' id='word_1_730' title='bbox 1407 5737 1483 5793; x_wconf 85' lang='lat' dir='ltr'><strong>De</strong></span> <span class='ocrx_word' id='word_1_731' title='bbox 1530 5738 2042 5793; x_wconf 79' lang='lat' dir='ltr'><strong>Antidicomariani-</strong></span> <span class='ocrx_word' id='word_1_732' title='bbox 2150 5749 2337 5793; x_wconf 82' lang='lat' dir='ltr'><strong>curate</strong></span> <span class='ocrx_word' id='word_1_733' title='bbox 2385 5738 2623 5807; x_wconf 83' lang='lat' dir='ltr'><strong>disputat</strong></span> <span class='ocrx_word' id='word_1_734' title='bbox 2672 5736 3055 5807; x_wconf 63' lang='lat' dir='ltr'><strong>Hieronymus.</strong></span> <span class='ocrx_word' id='word_1_735' title='bbox 3112 5730 3679 5807; x_wconf 8' lang='lat' dir='ltr'><strong>Vide_et_q_AmbrosiItm</strong></span> 
     </span>
    </p>
   </div>
   <div class='ocr_carea' id='block_1_106' title="bbox 470 5804 3480 5881">
    <p class='ocr_par' dir='ltr' id='par_1_106' title="bbox 470 5804 3480 5881">
     <span class='ocr_line' id='line_1_106' title="bbox 470 5804 3480 5881; baseline 0 -20"><span class='ocrx_word' id='word_1_736' title='bbox 470 5804 646 5861; x_wconf 58' lang='lat' dir='ltr'><strong>torum</strong></span> <span class='ocrx_word' id='word_1_737' title='bbox 681 5807 949 5878; x_wconf 83' lang='lat' dir='ltr'><strong>dogmate,</strong></span> <span class='ocrx_word' id='word_1_738' title='bbox 978 5804 1125 5878; x_wconf 85' lang='lat' dir='ltr'><strong>quod</strong></span> <span class='ocrx_word' id='word_1_739' title='bbox 1156 5807 1478 5865; x_wconf 84' lang='lat' dir='ltr'><strong>Jovinianus</strong></span> <span class='ocrx_word' id='word_1_740' title='bbox 1518 5809 1915 5881; x_wconf 79' lang='lat' dir='ltr'><strong>propngnabat,</strong></span> <span class='ocrx_word' id='word_1_741' title='bbox 1954 5825 2043 5863; x_wconf 87' lang='lat' dir='ltr'><strong>ac-</strong></span> <span class='ocrx_word' id='word_1_742' title='bbox 2151 5827 2274 5864; x_wconf 90' lang='lat' dir='ltr'><strong>cum</strong></span> <span class='ocrx_word' id='word_1_743' title='bbox 2305 5810 2427 5866; x_wconf 87' lang='lat' dir='ltr'><strong>aliis</strong></span> <span class='ocrx_word' id='word_1_744' title='bbox 2461 5804 2513 5864; x_wconf 82' lang='lat' dir='ltr'><strong>in</strong></span> <span class='ocrx_word' id='word_1_745' title='bbox 2547 5808 2706 5873; x_wconf 82' lang='lat' dir='ltr'><strong>locis,</strong></span> <span class='ocrx_word' id='word_1_746' title='bbox 2739 5816 2851 5862; x_wconf 83' lang='lat' dir='ltr'><strong>tum</strong></span> <span class='ocrx_word' id='word_1_747' title='bbox 2882 5804 3056 5876; x_wconf 75' lang='lat' dir='ltr'><strong>Epist.</strong></span> <span class='ocrx_word' id='word_1_748' title='bbox 3090 5808 3121 5863; x_wconf 85' lang='lat'><strong>5</strong></span> <span class='ocrx_word' id='word_1_749' title='bbox 3154 5815 3206 5861; x_wconf 87' lang='lat' dir='ltr'><strong>et</strong></span> <span class='ocrx_word' id='word_1_750' title='bbox 3240 5804 3292 5870; x_wconf 86' lang='lat'><strong>7,</strong></span> <span class='ocrx_word' id='word_1_751' title='bbox 3318 5805 3405 5860; x_wconf 93' lang='lat' dir='ltr'><strong>lib.</strong></span> <span class='ocrx_word' id='word_1_752' title='bbox 3442 5819 3480 5862; x_wconf 84' lang='lat' dir='ltr'><strong>i.</strong></span> 
     </span>
    </p>
   </div>
  </div>
